4018 6136
403 242 520 318 427

1698 245 1973 309 MENSIS
2029 244 2479 311 JANUABIUS.

3652 246 3778 312 428

404 389 694 470 decipere
716 385 1052 468 praestigiis,
1088 393 1147 447 et
1176 403 1282 465 pro
1315 382 1537 445 viribus
1559 382 1885 446 dissolvere
1916 381 2043 459 ejus

2130 388 2219 454 τᾷν
2266 387 2421 442 αὐτοῦ
2464 384 2560 451 τὴν
2603 384 2808 462 ψυχὴν,
2860 386 2969 458 καὶ,
3017 384 3119 451 ὅση
3163 383 3404 461 δύναμις,
3465 388 3556 442 τὸν
3612 386 3771 441 τόνον

403 479 588 541 robur
619 486 683 541 et
706 473 1183 539 constantiam.ls
1203 485 1402 535 autem
1426 492 1544 534 non
1568 472 1846 553 ignorans
1871 470 2043 531 mali-

402 572 501 646 gni
521 571 1190 641 insidios.cumseipsum
1210 568 1369 625 valde
1385 565 1602 625 utiliter
1616 565 2043 627 eouturbasset,

402 657 738 737 animaeque
769 652 1181 716 fortitudinem
1211 660 1268 714 et
1297 650 1443 713 iram
1471 649 1808 724 excitasset,
1829 656 1886 710 et
1914 665 2045 728 qua:

403 765 476 810 ex
499 746 771 826 lacrymis
793 741 1003 817 oritur,
1026 741 1383 803 effeminata
1400 740 1666 802 mollitiei
1692 758 1819 800 eam
1855 757 2044 818 oppo-

401 833 908 913 suisset,graviter
924 831 1245 894 admodum
1274 838 1331 893 et
1363 829 1596 892 fortiter
1621 830 1706 892 :0
1729 828 2041 902 scelerate,

398 924 621 1006 inquit,
658 932 717 984 et
777 920 1157 1003 profanorum
1191 929 1529 1000 mystagoge
1561 918 2042 1006 simulacrorum,

400 1005 506 1076 cur
537 1031 636 1074 me
667 1010 974 1073 insidiosis
1031 1014 1142 1071 tuis
1171 1018 1229 1071 et
1276 1009 1473 1071 uxoris
1506 1007 1782 1088 lacrymis
1840 1005 2044 1069 studes

397 1102 694 1166 abducere
728 1121 762 1163 a
793 1098 1173 1163 confessione
1206 1099 1265 1159 in
1317 1096 1613 1160 Christum
1635 1095 1666 1156 ?
1694 1097 1817 1158 Cur
1847 1103 2041 1157 autem

398 1190 587 1255 deﬂes
619 1190 1021 1271 Polyeuctum,
1058 1208 1190 1250 cum
1221 1193 1470 1268 teipsum
1507 1186 1691 1249 multo
1726 1184 2044 1265 magis-de-

397 1282 547 1343 ﬂere
578 1289 636 1342 et
665 1279 869 1359 lugere
899 1284 1516 1359 oporteat,propterea
1545 1275 1701 1356 quod
1726 1293 1859 1337 cum
1889 1274 2044 1354 prin-

398 1369 661 1452 cipibus,
698 1370 796 1449 qui
830 1375 969 1430 sunt
1015 1366 1086 1429 ad
1148 1374 1405 1447 tempus,
1438 1364 1739 1437 servieris,
1793 1364 1909 1442 igni
1963 1362 2044 1424 sis

403 1469 625 1523 aeterno
657 1457 1009 1519 tradendus?
1029 1454 1102 1518 Et
1120 1456 1246 1518 haec
1269 1455 1514 1533 quidem
1539 1453 1685 1516 dixit
1707 1470 1916 1515 socero
1937 1452 2046 1515 Fe-

402 1549 526 1614 lici.
562 1551 873 1627 Postquam
905 1555 1101 1608 autem
1133 1544 1282 1607 vidit
1330 1562 1573 1607 uxorem
1608 1562 1846 1625 quoque
1876 1561 2042 1603 suam

400 1638 708 1702 Paulinam
742 1635 1164 1698 miserabiliter
1186 1634 1701 1714 lacrymantem,et
1723 1633 2044 1694 dicentem:

2129 471 2356 527 ἐκλύειν.
2398 463 2455 529 Ὀ
2513 470 2567 526 δὲ
2613 473 2689 546 μὴ
2735 473 3005 549 ἀγνοήσας
3050 475 3110 530 τὸ
3155 482 3246 531 τοῦ
3274 482 3505 551 πονηροῦ
3532 473 3769 549 ἔνεδρον,

2128 557 2438 637 διαταράξας
2486 560 2668 617 ἑαυτὸν
2739 562 2873 617 πάνυ
2930 564 3238 641 χρησίμως,
3286 568 3348 620 τὸ
3405 564 3649 641 γενναῖόν
3712 584 3773 619 τε

2129 650 2222 706 καὶ
2262 649 2532 724 θυμοειδὲς
2577 656 2675 716 τῆς
2722 656 2907 730 ψυχῆς
2948 653 3243 732 ἀνεγείρας,
3291 655 3381 709 καὶ
3422 653 3600 729 ὥσπερ
3641 665 3770 714 ταῖς

2128 738 2232 795 ἀπὸ
2286 745 2388 795 τῶν
2434 738 2669 816 δακρύων
2732 741 3037 817 γινομέναις
3112 744 3378 808 θηλύτησε
3434 744 3522 798 καὶ
3580 740 3771 815 μαλα-

2127 829 2271 891 κίαις
2317 829 2607 898 ἀνιστήσας
2668 831 2808 903 αὒτῷ
2851 829 2967 886 λίαν
3028 829 3286 909 ἐμϐριθῶς
3344 830 3441 888 καὶ
3484 833 3762 907 γενναίως,

2128 919 2260 995 πρὸς
2306 919 2403 992 μὲν
2432 919 2522 974 τὸν
2580 917 2838 986 κηδεστήν
2869 941 2879 952 ·
2919 914 2982 974 Ὦ
3015 920 3194 997 μιαρὲ,
3229 918 3355 1000 ἔφη,
3390 922 3478 976 καὶ
3519 917 3763 995 βεϐήλων

2130 1005 2358 1084 εἰδφλων
2421 1008 2763 1084 μυσταγωγὲ,
2820 1008 2869 1063 τί
2937 1030 3003 1080 με
3049 1007 3296 1086 δάκρυσιν
3353 1008 3601 1073 ὑπούλοις
3646 1022 3763 1075 τοῖς

2129 1110 2249 1160 σοῖς
2294 1118 2351 1153 τε
2409 1097 2622 1164 καὶτῆς
2654 1099 2901 1172 γυναικὸς
2949 1098 3249 1165 ἀποστῆσαι
3280 1104 3377 1166 τῆς
3408 1100 3481 1162 εἰς
3543 1101 3770 1178 Χριστὸν

2128 1186 2418 1264 ὁμολογίας
2472 1185 2833 1266 σποιδδιὶζειςς
2899 1188 2957 1244 Τί
3016 1186 3069 1243 δὲ
3139 1191 3227 1246 καὶ
3286 1188 3526 1266 δακρύεις
3587 1188 3769 1245 Πολύ-

2127 1296 2331 1351 ευκτον,
2379 1273 2496 1331 δέον
2566 1274 2751 1349 πολλῷ
2807 1275 3010 1350 μᾶλλον
3086 1279 3307 1333 σεαυτὸν
3352 1276 3623 1356 ὀδύρεσθαι
3677 1278 3771 1333 καὶ

2127 1368 2366 1442 θρηνεῖν,
2429 1364 2539 1420 ἀνθ’
2586 1363 2658 1420 ὧι
2690 1363 2774 1421 διὰ
2844 1365 3179 1446 προσκαίρων
3237 1366 3516 1446 ἀρχόντων
3571 1365 3770 1439 αἰωνίῳ

2128 1456 2248 1532 πυρὶ
2292 1452 2683 1533 παραδίδονται,
2756 1455 2853 1511 Καὶ
2909 1457 3072 1511 ταῦτα
3153 1454 3252 1529 μὲν
3311 1458 3440 1534 πρὸς
3509 1456 3602 1511 τὸν
3661 1477 3776 1521 κη-

2128 1541 2319 1611 δεστὴν
2375 1543 2610 1613 Φήλικα.
2657 1542 2811 1600 Ἐπεὶ
2852 1541 2907 1599 δὲ
2951 1546 3036 1601 καὶ
3086 1543 3348 1601 Παυλίναν
3403 1546 3499 1612 τὴν
3547 1557 3783 1623 γυναῖκα

2132 1632 2267 1709 ἐώρα
2326 1636 2630 1709 περιπαθῶς
2684 1631 3027 1711 δακρύουσαν,
3098 1634 3186 1688 καὶ
3241 1631 3499 1711 λέγουσαν
3530 1652 3544 1668 ·
3603 1623 3667 1688 ἰὶ
3724 1634 3779 1688 τί

399 1725 554 1800 Quid
587 1726 693 1788 tibi
723 1726 960 1803 accidit,
1015 1744 1050 1786 ο
1094 1723 1463 1804 Polyeucte‘?
1504 1721 1815 1795 Quomodo
1849 1731 2041 1783 autem

2131 1722 2417 1792 πέπονθας,
2478 1720 2770 1779 Πολύευκτε
2805 1741 2822 1798 ;
2882 1725 2997 1786 πῶς
3053 1721 3108 1777 δὲ
3151 1726 3240 1779 καὶ
3270 1723 3451 1799 ἀπάτῃ
3493 1724 3782 1802 προήχθης

400 1816 610 1879 fraude
631 1835 696 1877 es
716 1815 1019 1891 inductus,
1042 1822 1105 1875 ut
1127 1812 1442 1876 duodecim
1471 1813 1617 1875 deos
1640 1821 1874 1874 nostros
1900 1830 2042 1872 con-

402 1906 727 1986 fringeres?
750 1903 896 1966 Eam
919 1910 1176 1966 suaviter
1208 1903 1466 1966 irridens
1484 1911 1747 1964 sanctus:
1768 1900 1831 1964 Si
1859 1900 2043 1976 solus,

402 1995 623 2075 inquit,
659 2012 770 2075 ego
800 1993 1115 2056 duodecim
1172 1993 1316 2056 deos
1345 2000 1480 2054 tuos
1507 1992 1619 2054 vici
1651 2000 1709 2053 et
1740 1990 1991 2054 contrivi
2027 2006 2041 2049 :

402 2102 547 2146 ecce
577 2084 827 2146 deorum
860 2101 922 2144 es
979 2082 1223 2144 omnino
1276 2099 1484 2159 egena.
1535 2081 1841 2144 Adesdum
1875 2098 2037 2158 ergo,

394 2172 614 2255 inquit,
644 2172 912 2248 Paulina,
937 2180 993 2234 et
1022 2172 1332 2246 faciam,ut
1363 2188 1566 2232 verum
1598 2169 1786 2231 Deum
1822 2188 2041 2249 cogno-

397 2270 553 2340 scas,
588 2281 765 2344 quem
819 2261 950 2342 ipsa
980 2260 1156 2323 stude
1186 2260 1504 2338 diligenter
1531 2259 1809 2333 adorare,
1843 2268 1900 2320 et
1932 2259 2043 2320 hac

399 2352 569 2415 brevi
585 2353 703 2414 vita
721 2359 1003 2414 aeternam
1040 2348 1587 2413 commutare.Cum
1610 2349 1737 2410 haec
1761 2348 1848 2411 sic
1869 2348 2040 2411 dice-

399 2449 632 2513 rentur,
668 2448 726 2503 et
755 2440 924 2504 multi
976 2439 1248 2502 infideles
1300 2458 1404 2520 per
1433 2439 1627 2519 ipsum
1662 2436 1740 2499 ad
1773 2436 1949 2498 fidem
1981 2437 2042 2497 in

402 2531 695 2609 phristum
729 2536 1244 2603 converterentur,
1281 2536 1341 2589 et
1375 2545 1588 2589 omnes
1620 2535 2043 2605 persecutores

400 2621 576 2681 simul
605 2628 1131 2698 congregarentur,
1167 2625 1229 2680 et
1258 2617 1472 2698 partim
1509 2615 1755 2696 quidem
1781 2615 2043 2696 promis-

401 2709 506 2786 sis,
543 2708 757 2789 partim
790 2727 926 2769 vero
974 2707 1151 2769 etiam
1212 2706 1391 2767 minis
1420 2715 1693 2768 sanctum
1728 2706 2044 2766 studerent

402 2799 465 2858 in
489 2796 851 2860 contrariam
883 2797 1197 2858 traducere
1217 2794 1890 2875 sententiam,quoniam
1916 2793 2041 2855 nul-

405 2887 460 2948 la
493 2887 583 2949 via
612 2894 669 2947 et
700 2887 926 2947 ratione
947 2885 1006 2947 id
1047 2884 1202 2947 effici
1236 2892 1489 2965 poterat,
1521 2903 1633 2946 nec
1653 2886 1781 2963 ejus
1807 2887 1896 2944 rei
1927 2883 2043 2944 ulla

402 2986 529 3040 erat
557 2995 695 3057 spes
722 2977 972 3057 reliqua,
1008 2976 1196 3038 fertur
1225 2976 1287 3037 in
1310 2994 1444 3037 eum
1478 2976 1870 3051 sententia,ut
1900 2992 2044 3036 ense

403 3067 597 3129 statim
632 3074 882 3128 mortem
910 3064 1141 3127 subeat.
1852 3087 1863 3097 -

481 3153 616 3218 ΧΠ.
642 3155 789 3217 Cum
822 3163 1019 3216 autem
1054 3154 1108 3216 ei
1134 3155 1258 3232 jam
1293 3171 1390 3216 res
1420 3152 1628 3216 fuisset
1648 3160 1875 3233 aperta,
1913 3161 2045 3214 erat

2133 1813 2256 1876 τοὺς
2315 1810 2515 1868 δώδεκα
2572 1812 2729 1886 ἡμῶν
2774 1813 3057 1889 συντρίψας
3105 1813 3250 1875 θεούς
3285 1832 3301 1892 ς
3339 1805 3462 1869 Ἠδὺ
3519 1815 3637 1869 λίαν
3679 1813 3782 1889 ἐγ-

2130 1901 2359 1980 γελάτας
2409 1904 2543 1979 αὖτῇ
2597 1905 2623 1957 ὁ
2684 1903 2887 1979 ἅγιος·
2953 1904 3010 1959 Εἰ
3065 1905 3251 1983 μόνος,
3300 1905 3430 1981 ἐγὼ,
3491 1904 3618 1984 ἔφη,
3651 1905 3779 1968 τοὺς

2129 1988 2331 2046 δώδεκά
2400 2014 2493 2048 σου
2563 1992 2712 2053 θεοὺς
2785 1993 3079 2065 νενίκηκα,
3142 1994 3229 2048 καὶ
3290 1993 3596 2070 συνέτριψα,
3663 1992 3775 2048 ἰδοὺ

2128 2082 2261 2137 θεῶν
2309 2082 2515 2146 πάντως
2558 2081 2781 2160 γέγονας
2825 2080 3007 2152 ἐνδεής
3042 2104 3055 2119 υ
3105 2079 3255 2160 δεῦρο
3313 2081 3402 2137 οὗν
3446 2104 3561 2157 μοι,
3627 2088 3779 2142 [Iau-

2125 2169 2264 2250 λίνα,
2295 2175 2391 2227 καί
2436 2171 2678 2249 γνωρίσω
2710 2192 2792 2227 σοι
2824 2172 2953 2228 Θεὸν
2984 2170 3183 2241 ἀληθῆ,
3217 2171 3274 2226 ὃν
3328 2170 3462 2237 αὕτη
3518 2192 3759 2249 προσκυ-

2123 2262 2306 2331 νῆσαι,
2358 2261 2445 2316 καὶ
2496 2264 2592 2325 τῆς
2645 2260 2900 2339 βραχείας
2943 2260 3138 2326 ταύτης
3196 2261 3340 2330 ζωῆς
3396 2260 3494 2326 τὴν
3546 2259 3762 2316 αἰωνίαν

2125 2348 2442 2414 ἀλλάξασθαι
2498 2348 2813 2409 σπούδασον.
2849 2349 3055 2406 Τούτων
3110 2346 3246 2405 οὕτω
3304 2346 3611 2426 λεγομένων
3666 2350 3765 2404 καί

2124 2436 2338 2494 πολλῶν
2395 2436 2627 2495 ἀπίστων
2687 2437 2753 2494 δι’
2826 2438 2984 2497 αὒτοῦ
3060 2440 3188 2516 πρὸς
3258 2437 3357 2503 τὴν
3410 2440 3484 2502 εἰς
3540 2439 3766 2516 Χριστὸν

2125 2528 2297 2584 πίστιν
2343 2525 2811 2602 μεταϐαλλόντων,
2858 2528 3070 2585 πάντων
3117 2548 3175 2582 τε
3228 2529 3359 2602 ὁμου
3401 2532 3506 2583 τῶν
3537 2525 3761 2584 διωκόν-

2125 2639 2229 2673 των
2261 2617 2666 2695 ἀθροιζομένων,
2721 2619 3004 2674 καὶτοῦτο
3055 2617 3153 2692 μὲν
3209 2617 3559 2696 ὑποσχέσεσι,
3607 2624 3766 2673 τοῦτο

2125 2703 2179 2760 δὲ
2211 2707 2295 2762 καὶ
2322 2705 2579 2767 ἀπειλαῖς
2623 2719 2947 2781 μεταπεῖσαι
3005 2709 3096 2762 τὸν
3155 2705 3308 2785 ἅγιον
3339 2704 3763 2785 σπουδαζόντων,

2124 2793 2245 2851 ἐπεὶ
2291 2795 2487 2871 ἄπορον
2539 2794 2628 2873 ἦν,
2707 2796 2797 2851 καί
2868 2796 3180 2874 ἀμήχανον,
3225 2797 3313 2851 καὶ
3356 2793 3572 2870 οὐδεμία
3633 2797 3765 2873 πρὸς

2125 2883 2279 2941 τοῦτο
2351 2883 2494 2946 ἐλπὶς
2575 2883 2913 2957 ὁπολείπετο,
2996 2882 3189 2939 δίδοται
3245 2887 3370 2960 γοῦν
3429 2882 3547 2939 κατ’
3604 2888 3761 2942 αὐτοῦ

2125 2976 2159 3041 ἡ
2221 2973 2508 3052 ἀπόφασις,
2571 2976 2662 3029 τὸν
2734 2972 2815 3029 διὰ
2892 2975 3064 3053 ξίφους
3124 2972 3269 3038 εὒθὺς
3332 2974 3551 3029 θάνατον
3614 2975 3751 3029 ὐπο-

2127 3084 2313 3129 στηναι
2324 3110 2338 3124 .

2208 3141 2316 3214 ω’.
2353 3149 2528 3221 Δήλου
2553 3149 2609 3206 δὲ
2641 3156 2782 3220 αὐτῷ
2823 3150 2925 3219 ἤδη
2967 3158 3061 3208 τοῦ
3105 3154 3415 3232 πράγματος
3447 3152 3757 3231 γενομένου,

400 3243 605 3306 videre
622 3243 1002 3324 Polyeuctum
1027 3243 1171 3306 nihil
1202 3252 1502 3319 maestum,
1529 3243 1672 3305 nihil
1701 3241 2043 3317 triste,nihil

2130 3244 2251 3319 δρᾷν
2308 3244 2375 3309 ἧν
2438 3239 2764 3297 Πολύευκτον
2810 3239 2956 3299 οὐδὲν
3001 3246 3243 3320 στυγνὸν,
3304 3242 3450 3300 οὐδὲν
3501 3242 3766 3323 κατηφὲς,

400 3333 835 3414 omnino,quod
868 3342 1027 3395 esset
1058 3332 1381 3395 effeminati
1413 3340 1472 3393 et
1503 3332 1700 3414 pusilli
1733 3332 2043 3407 animi,aut

2130 3329 2273 3390 οὐδὲν
2316 3328 2455 3395 ὅλως
2498 3329 2631 3398 θῆλυ
2671 3331 2762 3386 καὶ
2804 3329 3020 3408 ἀγεννὲς
3077 3330 3113 3398 ἢ
3158 3330 3404 3409 λέγοντα,
3452 3331 3487 3400 ἢ
3533 3331 3768 3411 πάσχειν

402 3426 835 3506 dicentem,aut
867 3424 985 3504 pati
1019 3443 1137 3505 pro;
1162 3443 1227 3486 se
1255 3424 1545 3486 ferentem
1575 3447 1587 3483 :
1615 3424 1774 3504 quod
1802 3422 2042 3505 quidem

2130 3421 2574 3500 ὑποφαινόμενον,
2647 3417 2775 3497 ὅπερ
2833 3416 2895 3475 ἄν
2964 3443 3045 3485 τις
3122 3422 3324 3490 ὑπέστη
3408 3419 3615 3501 ἕτερος,
3674 3424 3771 3477 του

402 3514 903 3577 accidissetalicui
922 3513 1152 3595 alii,qui
1172 3514 1243 3575 ab
1278 3515 1387 3576 hac
1403 3514 1672 3594 jucunda
1694 3513 1829 3575 luce
1850 3520 1907 3575 et
1932 3519 2043 3575 vita

2130 3508 2282 3578 ἡδέος
2339 3509 2526 3567 τούτου
2611 3510 2785 3588 φωτὸς
2861 3512 2948 3567 καὶ
3007 3515 3103 3579 τῆς
3167 3516 3310 3582 ζωῆς
3366 3513 3764 3591 χωριζόμενος.

404 3606 939 3685 separaretur.lmo
955 3622 1093 3666 vero
1126 3614 1406 3684 tanquam
1431 3622 1499 3666 ex
1527 3602 1791 3666 tenebris
1815 3612 1872 3663 et
1899 3603 2043 3666 afﬂi-

2130 3597 2278 3656 Ἀλλ’
2340 3598 2518 3678 ὥσπερ
2562 3598 2623 3654 ἐκ
2665 3599 2885 3660 σκότους
2944 3598 3146 3673 μᾶλλον
3205 3601 3292 3656 καὶ
3333 3601 3564 3676 θλίψεως
3633 3602 3771 3679 πρὸς

405 3694 600 3756 ctione
622 3693 695 3755 ad
753 3693 1000 3771 gloriam
1063 3694 1342 3756 transiret
1372 3702 1432 3755 et
1460 3693 1731 3774 delicias,
1770 3711 2041 3770 magnam

2130 3687 2279 3754 δόξαν
2351 3690 2438 3744 καὶ
2523 3688 2720 3766 τρυφὴν
2777 3686 3128 3763 μεταϐαίνων,
3203 3690 3338 3745 πολὺ
3428 3691 3482 3745 τὸ
3552 3687 3774 3769 φαιδρὸν

404 3780 755 3843 ostendebat
776 3780 1036 3842 laetitiam
1053 3783 1307 3843 etanimi
1331 3782 1789 3857 alacritatem,ut
1811 3781 1910 3863 qui
1915 3781 2039 3860 jam

2130 3776 2324 3834 ἐδείκνυ
2368 3779 2455 3834 καὶ
2501 3775 2743 3852 εὔθυμον,
2790 3777 2886 3834 οἶα
2946 3782 3042 3843 τῆς
3106 3777 3310 3835 ἐκεῖθεν
3368 3778 3771 3857 μακαριότητος

404 3870 520 3933 frui
552 3869 846 3950 inciperet
878 3889 968 3945 ea,
1005 3890 1137 3951 qum
1166 3880 1256 3932 est
1286 3870 1433 3945 illic,
1469 3871 1860 3933 beatitudine.
1892 3872 2042 3933 Nam

406 3961 478 4021 iis
504 3977 763 4041 quoque,
811 3959 911 4041 qui
941 3959 1210 4036 aderant,
1242 3959 1575 4022 afﬁrmabat
1630 3978 1696 4021 se
1727 3960 2042 4040 quemdam

403 4053 768 4131 accedentem
796 4052 985 4109 videre
1006 4053 1458 4122 adolescentem,
1484 4061 1537 4109 et
1560 4067 1752 4109 secum
1772 4053 2044 4124 cloquen-

406 4145 550 4212 tem,
582 4146 640 4197 et
660 4134 939 4198 omnibus
974 4136 1168 4198 modis
1213 4136 1598 4210 efficientem,
1636 4148 1700 4197 ut
1731 4136 2046 4198 oblivisce-

404 4239 571 4288 retur
590 4227 854 4287 omniunt
880 4226 1404 4288 terrenorum.Sed
1430 4226 1625 4306 quis,o
1661 4225 1862 4288 divine
1883 4224 2048 4305 Poly-

405 4323 602 4394 eucte,
634 4313 747 4375 hoc
780 4314 863 4375 vel
900 4314 981 4376 tui
1005 4314 1199 4376 solum
1229 4313 1588 4376 laudandum
1624 4331 1960 4393 assumens,
1990 4322 2048 4376 te

408 4403 646 4483 dignam
683 4404 869 4482 possit
900 4403 1137 4465 laudem
1172 4401 1538 4466 contexere?
1579 4404 1726 4466 Nam
1760 4421 1892 4464 cum
1923 4402 2045 4481 jam

406 4510 571 4554 esses
602 4492 1200 4573 consumtnandus,et
1225 4510 1331 4574 per
1353 4510 1585 4554 sacrum
1605 4501 1766 4553 tuum
1793 4494 2043 4571 sangui-

411 4599 546 4643 nem
574 4579 839 4643 divinum
865 4580 1318 4660 baptismum,et
1342 4582 1400 4642 in
1421 4579 1657 4644 Christo
1674 4581 2043 4660 signaculum

406 4681 812 4746 accepturuszo
836 4688 1172 4746 generosam
1194 4675 1466 4733 animaml
1486 4690 1519 4732 ο
1542 4685 1790 4731 mentem
1817 4674 2041 4732 ﬁrmam

406 4767 465 4821 et
487 4757 762 4820 stabilem
797 4766 856 4819 et
887 4777 919 4819 a
954 4758 1262 4821 mendacio
1298 4757 1593 4820 alienam!
1630 4777 1742 4820 nec
1773 4757 1859 4819 sic
1887 4760 2044 4820 ami-

405 4848 559 4911 citiae
588 4846 850 4912 Nearchi
877 4866 941 4910 es
973 4846 1327 4925 oblitus,sed
1355 4867 1489 4910 eum
1524 4847 1847 4928 aspiciens,
1878 4846 2046 4930 Vale,

403 4938 618 5020 inquit,
654 4939 1018 5015 Nearche,et
1043 4948 1345 5019 pactorum
1380 4948 1806 5000 conventorum
1842 4956 2045 4999 recor-

404 5028 743 5093 dare.Hauc
773 5047 909 5090 cum
934 5028 1114 5105 tu,vir
1145 5029 1568 5104 fortis,vocem,
1591 5035 1876 5105 tanquam
1908 5027 2046 5090 ulti-

404 5137 566 5181 mum
599 5119 839 5199 aliquod
864 5119 1314 5195 donum,amico
1334 5118 1705 5199 reliquisses,
1726 5118 1798 5179 ad
1833 5137 2043 5180 ensem

404 5207 772 5289 processisti,
805 5216 866 5271 et
898 5227 1004 5290 per
1062 5226 1193 5270 eum
1228 5208 1450 5271 illatam
1488 5218 1739 5271 mortem
1773 5215 2044 5290 prompto

405 5304 463 5358 et
491 5296 673 5358 alacri
700 5297 902 5360 animo
934 5298 1194 5361 subiisti.

482 5384 638 5449 Xlll.
674 5385 821 5448 Cum
852 5386 941 5449 sic
969 5396 1166 5449 autem
1211 5386 1420 5449 fuisset
1445 5397 1890 5449 consummatus
1922 5388 2042 5450 Po-

404 5473 702 5555 lyeuctus,
735 5475 1060 5555 pretiosum
1112 5476 1349 5557 quidem
1407 5477 1539 5556 ejus
1568 5494 1806 5557 corpus,
1840 5481 1941 5558 qui
1973 5498 2042 5541 ex

404 5562 686 5625 fratribus
716 5574 891 5625 erant
919 5564 1337 5641 studiosiores,
1369 5565 1781 5647 deposuerunt
1802 5566 1861 5628 in
1882 5567 2041 5630 Meli~

2127 3865 2531 3946 παραπολαύειν
2622 3865 2722 3933 ἤδη
2808 3866 3135 3946 ἀρχόμενος,
3227 3864 3593 3926 Διεϐεϐαιοῦτο
3673 3869 3775 3948 γὰρ

2126 3970 2242 4020 τοῖς
2295 3962 2544 4035 παροῦσι,
2605 3956 2877 4012 νεανίσκον
2934 3957 3052 4016 τινὰ
3108 3956 3166 4014 λέ
3184 3979 3280 4036 (cev
3324 3960 3448 4036 ὁρᾷν
3484 3958 3775 4037 προσιόντα

2128 4070 2220 4122 μοι
2278 4047 2373 4102 ναί
2429 4045 2739 4122 ὁμιλοῦντα,
2786 4047 2873 4102 καὶ
2952 4054 3078 4103 πᾶσι
3152 4049 3368 4126 τρόποις
3430 4048 3773 4127 παρασκευά-

2130 4137 2287 4208 ζοντα
2347 4157 2412 4210 με
2458 4135 2671 4192 πάντων
2730 4134 3073 4192 ἐπιλαθέσθαι
3125 4138 3229 4193 τῶν
3278 4136 3556 4216 ἐπιγείων.
3603 4135 3772 4193 Ἀλλά

2131 4227 2206 4289 τίς
2268 4225 2327 4281 ἄν
2375 4245 2489 4299 σου,
2551 4228 2663 4280 θεῖε
2738 4224 3053 4304 Πολύευκτε,
3115 4237 3270 4284 τοῦτο
3343 4225 3397 4282 δὲ
3457 4229 3544 4283 καὶ
3608 4224 3770 4301 μόνον

2130 4315 2398 4373 ἐπαινέσαι
2478 4311 2820 4393 παραλαϐὼν,
2914 4314 3055 4379 ἄξιον
3144 4316 3302 4371 αὒτοῠ
3383 4317 3473 4372 τὸν
3548 4315 3765 4372 ἔπαινον

2128 4405 2352 4475 ἠδύνατο
2395 4401 2607 4460 πλέκειν
2644 4426 2658 4477 ;
2708 4402 2929 4459 Μέλλων
2972 4412 3072 4483 γὰρ
3114 4403 3218 4471 ἤδη
3266 4403 3616 4479 τελειοῦσθαι,
3676 4406 3767 4459 καὶ

2104 4493 2213 4553 ⁹διὰ
2269 4503 2362 4552 τοῦ
2410 4493 2640 4567 αἵματος
2686 4514 2778 4549 σου
2832 4504 2926 4552 τοῦ
2982 4497 3122 4572 ἱεροῦ
3166 4497 3228 4551 τὸ
3287 4498 3433 4552 θεῖον
3478 4495 3764 4571 βάπτισμα

2127 4584 2222 4642 καῖ
2281 4589 2379 4649 τὴν
2437 4582 2489 4639 ἐν
2536 4588 2743 4660 Χριστῷ
2803 4582 3067 4662 σφραγῖδα
3127 4581 3419 4660 λαμϐάνειν
3466 4584 3529 4660 (ὢ
3574 4584 3761 4662 ψυχῆς

2126 4672 2414 4753 γενναίαςι
2472 4670 2517 4728 ὣ
2576 4673 2795 4749 γνώμης
2853 4671 3064 4749 βεϐαίας
3109 4676 3195 4730 καὶ
3243 4673 3494 4750 ἀψευδοῦς
3527 4671 3598 4753 ί),
3642 4669 3762 4731 οὐδὲ

2130 4762 2267 4821 οὕτω
2325 4766 2422 4828 τῆς
2471 4760 2717 4841 Νέαρχου
2778 4762 2954 4842 φιλίας
3010 4762 3065 4818 ἐν
3121 4762 3261 4840 λήθῃ
3310 4764 3557 4844 γέγονας,
3628 4760 3768 4819 ἀλλὰ

2134 4850 2473 4929 προσϐλέψας
2529 4856 2710 4924 ato-etp“
2749 4846 2812 4906 Ὦ
2858 4851 3093 4932 Νέαρχε,
3143 4855 3366 4932 ὑγίαινε,
3423 4853 3625 4933 λέγεις,
3678 4854 3775 4909 καὶ

2132 4942 2376 5017 μέμνησό
2435 4962 2535 5016 μου
2598 4947 2704 4996 τῶν
2773 4945 3070 5010 συνθηκῶν,
3133 4944 3341 5013 Ταύτην
3401 4944 3652 5022 γενναίως
3713 4953 3777 4999 σὺ

2131 5033 2228 5098 τὴν
2274 5031 2477 5110 φωνην,
2527 5031 2649 5087 οἷόν
2705 5052 2753 5086 τι
2780 5030 3087 5089 τελευταῖον
3131 5030 3353 5113 δώρημα
3398 5038 3476 5106 τῷ
3503 5033 3642 5112 φίλῳ
3671 5054 3779 5090 κα·-

2130 5120 2394 5199 ταλιπὼν,
2428 5122 2559 5197 πςὸς
2610 5121 2673 5176 τὸ
2723 5118 2866 5200 ξίφος
2925 5122 3175 5202 ἒχώρεις,
3227 5124 3436 5181 καὶτὸν
3491 5121 3557 5178 δι’
3621 5125 3780 5180 αὑτοῦ

2128 5213 2348 5270 θάνατον
2382 5211 2660 5289 προθύμως
2692 5212 2928 5291 ὑπερχῃ,

2213 5301 2295 5358 ll"
2351 5299 2502 5358 Οὕτω
2753 5311 2775 5321 ⁸
2930 5308 2952 5318 ”
3002 5306 3030 5359 θ
3069 5305 3080 5324 ⁷
3367 5303 3398 5336 "
3485 5326 3494 5344 ι

2301 5348 2315 5362 .
2529 5322 2808 5379 τοιγαρουν
2864 5323 2957 5358 του
3035 5325 3139 5360 ειου
3185 5302 3515 5361 Πολυευκτο.)
3546 5312 3773 5359 τελειω-

2129 5393 2333 5466 θέντος,
2391 5392 2452 5446 τὸ
2485 5391 2583 5465 μὲν
2628 5403 2803 5466 τίμιον
2861 5395 3018 5450 αὐτοῦ
3065 5399 3222 5469 σῶμα
3264 5396 3311 5450 οἱ
3372 5394 3773 5474 σπουδαιότεροι

2130 5486 2233 5539 τῶν
2289 5480 2528 5561 ἀδελφῶν
2587 5482 2642 5537 ἐν
2700 5481 2974 5560 Μελητινῇ
3022 5486 3411 5561 κατατίθενται,
3473 5483 3625 5540 πολει
3670 5486 3772 5551 τῆς

2124 5571 2432 5652 Ἀρμενίας,
2485 5573 2698 5629 αἰωνίαν
2748 5572 2886 5630 οὕτω
2927 5572 3285 5656 κληρονομίαν
3329 5575 3545 5640 ἑαυτοῖς
3617 5596 3777 5661 περι-

2473 5869 2515 5895 ’Ἴ
