2009 3068
150 149 212 184 429

683 149 775 183 VITA
798 151 827 183 S.
854 152 1041 183 MARCIANI
1072 146 1324 182 PRESBYTERI.

1786 152 1846 186 430

147 220 348 258 ποιησάμενοι.
373 220 471 259 Tarpa:
498 218 524 247 δὲ
555 220 606 247 τῶν
637 219 744 258 ἦμερινν
770 219 815 253 ἧι,
840 218 900 252 ἣτις
930 218 1036 258 ἄριιΑιε

1029 227 1089 250 .ene
1109 219 1226 250 civitate
1241 218 1404 253 Armeniae,
1420 222 1559 249 aeternam
1577 219 1783 250 haereditate".
1800 221 1843 252 sic

145 266 191 293 κιὶ
207 266 240 292 τὸ
257 265 338 297 τέλος
353 264 408 293 εἶδε
440 264 613 300 Πολυεύκτου,
638 265 681 292 ιιὶ
704 267 749 292 τοῦ
777 264 900 300 σώματος
930 265 978 296 τὴν

145 310 308 339 κατάθες-ιν.
345 304 529 348 Ὺπηρέτησεν
557 308 666 336 ἐκιταῦοι
698 310 740 336 καὶ
772 308 903 347 Νέαρχος,
935 311 979 335 τοῦ

143 353 225 393 φίλου
262 354 312 382 καί
342 353 472 393 μάρτυρος
494 352 565 390 αἷμι
587 351 687 389 λαϐὼν,
712 353 755 380 καὶ
777 352 886 390 λαμπρᾲ
902 352 980 390 ὀθόνῃ

143 399 244 434 τιθεὶς,
280 399 327 426 καὶ
352 399 387 430 εὶς
410 398 459 431 τὴν
487 401 668 424 Χανινεωῑών
683 396 761 424 πόλιν
783 397 977 434 μετακομίσας,

144 442 232 470 ὅπλον
261 443 410 482 σωτηρίας,
441 442 481 469 ιαὶ
503 441 602 480 κλῆρον
631 441 713 474 ὅντως
737 441 864 480 μικέριον
888 441 979 473 αὐτοῖς

1022 263 1077 294 sibi
1092 264 1291 304 acquirentes.
1311 263 1376 294 Fuil
1390 267 1487 294 autem
1504 263 1568 293 dies
1582 268 1713 303 quartus,
1732 265 1783 304 qui
1797 265 1842 295 vi-

1021 308 1064 338 dit
1077 309 1164 339 ﬁnem
1178 307 1843 348 Polyeuctietcorporisdepositionem.lnser-

1023 353 1061 382 vit
1075 358 1173 384 autem
1189 353 1239 383 hic
1253 362 1370 392 quoque
1382 353 1547 389 Nearchus,
1566 353 1616 392 qui
1634 358 1756 393 accepto
1772 363 1842 385 san-

1021 397 1110 437 guine
1120 397 1337 436 martyris,cum
1350 406 1417 427 eum
1432 397 1461 427 in
1475 397 1570 427 nitido
1582 397 1773 437 imposuisset
1783 398 1842 429 lin-

1023 442 1211 482 teo,porlavit
1226 442 1255 471 in
1272 442 1420 472 civitatem
1439 442 1716 479 Cliananwotarum,
1729 443 1842 474 donans

144 485 359 525 δωρησάμενος.
1024 495 1036 517 ε

1029 486 1051 517 ei
1067 495 1148 517 arma
1161 486 1275 523 salutis,
1293 491 1322 516 et
1337 495 1403 517 vere
1420 486 1537 517 beatam
1555 487 1770 519 ha'reditatem.

185 530 270 562 XIV.
289 532 331 571 (ξι)
351 530 419 562 Haec
436 536 517 570 gesta
533 536 600 561 sunt
617 535 751 570 tempore
767 530 849 561 Decii
872 535 900 560 et
916 530 1064 561 Valeriani
1081 531 1111 561 in
1127 530 1222 570 prima
1237 531 1366 561 Urientis
1381 531 1600 571 persecutione.
1618 531 1690 562 Nam
1708 532 1762 563 fuit
1777 534 1843 574 qui-

146 575 218 605 dem
238 575 341 615 primo
360 581 469 616 martyr
484 575 698 615 Hierosolymis
714 574 933 606 sacratiSsimus
949 574 1131 616 Stephanus,
1148 576 1278 606 secundo
1301 580 1398 606 autem
1416 576 1604 607 Philoromus
1621 576 1650 607 in
1666 577 1846 609 Alexandria

145 619 275 650 civitate
302 620 430 660 Egypti,
447 625 476 651 et
503 620 590 651 tertio
606 620 692 650 divus
718 619 893 660 Polyeuctus
910 620 939 649 in
956 620 1094 651 Melitene
1123 621 1274 651 Armeniae
1290 628 1394 660 quarto
1412 621 1479 651 Idus
1495 620 1637 651 Januarii.
1667 623 1693 653 ls
1710 632 1789 662 saepe
1814 633 1846 654 se

147 673 294 703 magnam
312 674 412 695 curam
430 674 518 704 agere
534 664 784 701 Christianorum,
802 664 891 695 etiam
909 672 974 704 post
992 673 1131 702 mortem,
1151 675 1208 696 non
1226 665 1331 695 leviter
1345 670 1373 695 et
1393 665 1532 705 obscure,
1550 665 1601 695 sed
1618 671 1719 705 aperte
1735 672 1765 698 et
1780 669 1843 698 evi-

146 708 265 739 denter
291 710 434 740 ostendit.
452 709 561 745 Quidni
579 710 659 740 enim
677 709 800 745 faceret,
821 709 869 749 qui
886 709 952 740 talis
969 716 1043 747 erat,
1062 718 1090 741 et
1111 719 1205 750 genus
1221 710 1304 740 illinc
1320 709 1459 746 ducebat,
1476 715 1505 740 et
1521 710 1655 749 ejusdem
1683 711 1778 742 fuerat
1794 722 1845 743 so-

145 753 288 784 (talitatis
300 754 315 783 ?
332 754 489 791 nobilium,
507 754 642 794 inquam.
660 758 689 784 et
704 754 863 784 illustrium
881 763 915 784 ex
932 755 988 785 fido
1007 755 1036 785 in
1054 755 1216 786 Christum:
1234 755 1284 794 qui
1301 753 1506 794 sequebantur
1521 754 1639 793 quidem
1655 755 1786 787 Marcum
1801 757 1841 797 (5)

146 796 383 836 impiratorem,
402 799 514 830 bellum
544 802 698 837 gerentem
726 798 868 828 adversus
896 798 1051 836 Barbaros,
1070 809 1154 839 aqum
1184 803 1282 829 autem
1315 798 1441 838 penuria
1458 798 1612 829 laborabat
1640 800 1843 831 Romanorum

146 843 319 881 exercitus,
335 844 470 884 tristique
486 848 549 874 erat
575 844 746 881 imperator,
764 852 830 873 cum
848 843 946 873 hostes
962 844 1085 882 quidem
1109 844 1193 874 valde
1208 844 1435 877 incalescerent.
1453 843 1516 873 sitis
1531 847 1627 874 autem
1646 844 1724 875 inter
1739 850 1847 876 cmtera

145 892 276 918 nostros
307 894 434 919 vexaret.
454 889 475 920 li
490 893 589 918 autem
608 886 715 918 Christi
742 887 833 917 fortes
850 888 971 926 mililes,
990 890 1041 927 qui
1055 889 1190 919 eamdem
1214 887 1381 928 implebant
1398 888 1557 926 legionem.
1577 897 1663 928 quam
1680 889 1728 920 hic
1754 899 1845 921 vene-

146 933 268 962 randus
284 938 404 972 martyr,
419 942 486 963 cum
503 942 535 963 se
551 936 750 971 separassent,
769 936 798 963 et
817 932 919 972 procul
937 933 973 963 ab
985 933 1116 964 exercitu
1132 933 1345 968 removissent.
1364 942 1468 963 manus
1484 932 1604 972 quidem
1622 934 1683 973 pias
1699 934 1736 964 ad
1750 935 1843 966 Deum

148 975 276 1008 tollunt.
296 977 387 1017 piam,
404 987 469 1017 quae
482 977 519 1007 ab
532 977 575 1007 eis
588 976 801 1014 honorabatur,
817 976 905 1007 fidem
922 978 1087 1008 accerrime
1100 978 1297 1017 proferenles.
1312 979 1426 1017 Rogant
1440 982 1537 1008 autem
1555 977 1607 1008 Dei
1625 978 1844 1018 miserationes,

148 1024 182 1051 ut
198 1030 258 1051 eos
282 1021 418 1061 benignis
433 1022 529 1052 oculis
551 1021 731 1061 aspicerent,
748 1025 777 1051 et
808 1021 884 1051 hanc
900 1022 1051 1052 solverent
1077 1022 1296 1061 necessitatem,
1315 1031 1380 1062 qua:
1405 1022 1594 1062 opprimebat
1611 1023 1845 1056 multitudinem.

149 1064 228 1095 Cum
248 1065 290 1096 illi
314 1066 357 1098 sic
372 1070 517 1105 orassent,
534 1066 597 1097 suis
612 1075 669 1095 non
688 1069 758 1095 sunt
783 1065 908 1096 fraudati
926 1066 1076 1105 precibus.
1094 1067 1232 1097 Nondum
1250 1066 1328 1097 enim
1347 1066 1570 1106 precationibus
1586 1067 1675 1097 ﬁnem
1692 1069 1847 1108 imposue-

149 1115 231 1146 rant,
253 1114 280 1141 et
294 1112 385 1141 densa
401 1110 496 1142 nubes
511 1111 621 1141 malum
639 1110 772 1146 subiens,
788 1119 887 1141 aerem
901 1111 1023 1149 quidem
1041 1111 1176 1151 implevit
1192 1114 1301 1141 tonitru
1319 1122 1325 1140 :
1353 1111 1469 1150 fulgura
1483 1116 1580 1142 autem
1596 1112 1668 1143 elisa
1685 1114 1844 1153 micabant,

151 1160 181 1185 et
197 1155 293 1185 multa
306 1156 403 1195 erupit
417 1156 526 1195 pluvia,
540 1155 613 1185 adeo
627 1159 668 1191 ut,
688 1156 757 1185 dum
770 1155 814 1185 sic
833 1154 984 1185 ferrentur
999 1155 1121 1186 fulmina
1142 1160 1171 1186 et
1186 1156 1311 1193 imbres,
1329 1156 1456 1186 recreati
1468 1155 1588 1195 quidem
1600 1157 1658 1186 sint
1673 1158 1845 1196 Christiani,

153 1200 281 1240 plurimi
296 1205 393 1231 autem
411 1200 533 1231 Barbari
555 1199 734 1237 interierint,
753 1204 779 1229 et
807 1209 841 1230 ex
859 1209 894 1230 eo
909 1200 948 1230 sit
964 1200 1040 1240 legio
1058 1205 1225 1240 nuncupata
1239 1200 1439 1240 κεραυνοϐόλος,
1458 1200 1486 1230 id
1504 1205 1560 1237 est,
1575 1201 1743 1232 Fulminum
1754 1203 1845 1242 jacu-

153 1245 247 1275 latrix
267 1245 306 1285 (ti)
324 1245 478 1285 hucusque
494 1245 609 1284 cognita
626 1253 659 1274 ex
678 1244 730 1275 hac
750 1245 847 1284 magni
876 1244 1013 1275 miraculi
1030 1244 1197 1280 effectione.
1214 1245 1249 1276 ad
1265 1245 1389 1285 gloriam
1411 1245 1514 1282 Patris,
1532 1249 1560 1275 et
1575 1245 1652 1282 Filii,
1673 1251 1701 1277 et
1716 1246 1844 1287 Spiritus

153 1289 267 1326 sancti,
285 1289 372 1319 unius
389 1294 416 1319 et
442 1288 702 1320 consubstantialis
718 1288 890 1320 divinitatis.
909 1288 963 1320 Cui
984 1289 1123 1320 convenit
1144 1290 1242 1320 omnis
1258 1290 1360 1329 gloria,
1380 1290 1476 1320 honor
1492 1295 1520 1320 et
1546 1290 1691 1331 adoratio,
1710 1301 1788 1322 nunc
1817 1297 1847 1323 et

155 1334 186 1364 in
204 1335 314 1365 sa'cula
329 1335 518 1365 saeculorum.
531 1334 637 1364 Amen.

202 1416 242 1454 (5)
259 1414 333 1445 Vide
349 1415 462 1445 Tertul.
480 1415 607 1453 Apolog.
624 1417 652 1443 et
669 1413 777 1443 Euseb.
795 1414 867 1445 Cius.
890 1414 1000 1445 Hister.
1023 1415 1105 1445 Eccl.
1125 1415 1176 1446 lib.
1195 1424 1223 1453 ν,
1242 1425 1267 1445 c.
1287 1416 1315 1444 5.

201 1456 245 1494 (6)
262 1455 320 1485 Alii
337 1459 452 1485 vertunt
468 1455 635 1485 Fulmineo.

196 1508 236 1543 (α)
251 1508 315 1542 Quae
329 1511 468 1543 sequuntur
484 1507 574 1534 desunt
589 1507 613 1533 in
631 1507 715 1533 codice
731 1515 778 1534 ms.
797 1507 892 1535 Graeco.
912 1507 987 1535 EDIT.
1006 1508 1087 1535 ΡΑτιι.

724 1671 849 1712 ΒΙοΣ
889 1670 979 1711 ΚΑΙ
1017 1670 1283 1711 ΠΟᾸΙΤΕΙΛ

177 1758 339 1824 ΤΟΥ
368 1760 633 1823 ΟΣΙΟΥ
661 1758 1013 1823 HATPOE
1042 1758 1293 1820 ΗΜΩΝ
1318 1757 1844 1825 ΜΔΡΚΙΑΝΟΥ

677 1928 802 1969 VITA
842 1927 908 1967 ET
944 1924 1333 1967 CONVERSATIO

449 2025 501 2082 S.
550 2025 605 2078 P.
642 2024 706 2078 Ν.
742 2022 1084 2077 MARCIANI
1132 2021 1562 2075 PRESBY'I‘ERI

626 2141 672 2167 ou:
702 2140 765 2162 FUIT
788 2139 948 2161 (ECONOMUS
971 2138 1078 2161 manu:
1101 2137 1248 2160 ccccasna
1274 2137 1321 2159 cr.
1352 2129 1392 2168 (7)

911 2198 1010 2236 (Anno
1029 2197 1113 2235 450.)

167 2268 199 2304 (Ε
222 2267 323 2296 duobus
336 2275 397 2295 mss.
414 2267 496 2296 Graeci
522 2267 582 2296 bibl.
600 2267 664 2303 lmp.
681 2266 765 2295 Paris.
781 2275 811 2294 n.
836 2265 1056 2329 152%635186EDXPIE.
1067 2268 1147 2327 Eg.“
1161 2263 1241 2333 )ltB'l,
1258 2271 1316 2291 saec.
1333 2269 1379 2291 xiv
1396 2271 1405 2298 ;
1430 2263 1516 2291 Latine
1530 2264 1594 2299 apud
1617 2263 1718 2294 Surium
1735 2266 1800 2295 diem
1824 2266 1855 2295 ad

213 2415 256 2452 A'.
275 2420 364 2449 Πολλὰ
389 2421 438 2458 μὲν
462 2421 506 2448 καὶ
529 2419 597 2448 ἄλλα
618 2420 650 2447 τὰ
673 2419 720 2454 μὲν
743 2417 864 2456 βκπιλὶδχ
894 2419 1022 2451 ταύτηνο

1075 2418 1097 2448 l.
1118 2416 1192 2448 Sunt
1220 2416 1340 2457 quidem
1368 2415 1460 2446 multa
1480 2425 1597 2456 quoque
1612 2416 1681 2453 alia,
1699 2426 1765 2458 quae
1781 2418 1857 2449 hanc

172 2466 337 2503 σεμνύνειντι
366 2464 444 2494 πόλιν
462 2472 468 2480 ·
498 2465 585 2503 θρόνοι
614 2474 642 2491 τε
674 2462 819 2502 βισιλέων,
843 2464 886 2490 καὶ
908 2462 993 2492 πλοῦ-

1036 2462 1148 2500 regiam
1166 2465 1310 2491 exornant
1325 2461 1482 2492 civitatem.
1497 2461 1707 2500 imperatorem
1724 2462 1811 2493 sedes
1827 2467 1858 2494 et

172 2519 231 2546 τος,
247 2514 291 2538 καὶ
307 2509 394 2543 κὶλλτ,
409 2508 577 2548 παντοδαπὰ,
598 2508 666 2539 Θέτις
683 2518 711 2535 τε
739 2508 783 2535 κιὶ
809 2508 932 2546 μέγεθος,
952 2508 995 2535 καὶ

172 2554 266 2594 τείχη,
289 2554 419 2592 πολεμίας
442 2555 533 2594 χειρὸς
559 2553 694 2592 κρείττονα
710 2561 717 2568 '
752 2551 824 2580 οὖδὲιι
847 2553 930 2584 οὕτως
959 2553 995 2584 ὡς

172 2597 275 2639 ἀνδρῶν
290 2599 438 2640 φιλιρίτων
454 2599 612 2636 σεμνύνουσι
634 2598 697 2635 βίοι.
716 2599 791 2625 Οὗτιιι
822 2597 871 2635 γὰρ
901 2596 996 2625 πλεῗον

174 2644 224 2682 iis:
253 2643 392 2681 ἐμποιοῦσι
419 2645 450 2673 τὸ
465 2643 573 2682 τέρπον,
591 2641 684 2670 πλεῖον
700 2641 726 2669 δὲ
743 2642 773 2670 τὸ
788 2643 885 2679 θχῦμα,
910 2641 993 2669 πλείω

174 2687 202 2717 δὲ
241 2688 324 2728 τιύτῃ
370 2691 539 2728 περιποιοῦσι
570 2688 613 2715 καὶ
639 2686 688 2719 τὴν
717 2686 858 2726 ὠφέλειαν.
885 2687 933 2714 Διὰ
963 2685 994 2720 δὴ

1036 2512 1147 2543 opes,et
1159 2515 1245 2537 omne
1257 2515 1347 2543 genus
1359 2507 1553 2542 pulchritudo.
1567 2508 1697 2543 situsque
1706 2514 1732 2537 et
1746 2511 1859 2545 magni-

1038 2551 1153 2583 tudo.et
1169 2550 1358 2589 moenia,qua:
1374 2554 1441 2580 sunt
1453 2549 1553 2580 hostili
1566 2559 1653 2580 manu
1667 2551 1833 2590 potentiora
1850 2562 1857 2582 :

1039 2596 1113 2626 nihil
1129 2599 1228 2625 autem
1245 2595 1270 2625 ei
1287 2594 1372 2624 aﬁ‘ert
1388 2603 1470 2634 alque
1483 2603 1621 2633 magnum
1635 2595 1727 2626 decus
1735 2600 1764 2626 et
1775 2606 1861 2627 orna-

1038 2644 1181 2677 ment-Im,
1199 2644 1287 2679 atque
1303 2638 1357 2669 vita
1389 2638 1519 2669 virorum
1538 2639 1683 2669 honorum
1701 2644 1730 2670 et
1744 2640 1862 2672 virtutis

1037 2683 1240 2715 amantium.Ii
1257 2684 1337 2715 enim
1356 2683 1497 2722 majorem
1512 2683 1633 2722 quidem
1647 2685 1863 2717 afferuntdele-

211 2768 270 2815 .t'l)’
286 2767 625 2815 Sanctum-Marcianum
651 2766 823 2815 Novatianis
846 2766 1006 2813 aliquando
1023 2765 1141 2806 faVisse,
1159 2768 1223 2805 post
1248 2764 1353 2804 pedem
1378 2763 1529 2802 retulisse,
1544 2764 1715 2803 factumque
1738 2774 1860 2798 oecono-

179 2805 270 2841 mihm
289 2808 404 2841 Eccles.
422 2806 679 2848 Constantinopol.
695 2805 787 2837 refert
804 2805 948 2838 Baron’ius
