4018 6136
319 251 428 330 431

1594 269 1875 336 MENSIS
1936 266 1968 335 J
1974 266 2074 336 AN
2086 270 2388 336 UARIUS.

3562 257 3683 332 432

310 403 723 479 ctationem,et
756 405 1040 485 majorem
1073 405 1249 468 etiam
1281 407 1762 469 admirationem:
1788 406 1927 487 quin

2037 419 2199 468 ταῦτα
2245 407 2336 465 καῖ
2385 413 2568 484 μεῖζον
2615 413 2681 481 τῇ
2731 405 2878 462 πόλει
2942 398 3119 474 κλέος,
3175 402 3386 482 ἀνδράσι
3416 403 3683 484 φιλοθέοις

312 494 490 556 etiam
517 494 804 574 majorem
829 494 1743 578 pariuntutilitatem.Propterea
1768 497 1957 576 major

310 593 402 646 est
429 583 618 662 gloria
647 583 934 658 civitatis,
957 583 1158 646 ornari
1193 585 1390 665 potius
1419 586 1560 647 viris
1591 586 1703 666 piis
1727 595 1787 647 et
1807 585 1954 648 reli-

307 670 515 747 giosis,
550 691 730 749 quam
787 689 1094 734 murorum
1143 675 1626 753 propugnaculis.
1658 677 1853 754 Atque
1885 693 1956 735 ea

309 760 554 840 quidem
577 760 795 822 multos
821 761 975 823 viros
999 759 1126 822 tulit
1155 761 1602 843 przeclaros,qui
1625 781 1754 824 eam
1777 765 1953 824 deco-

305 858 444 912 rant
472 849 647 912 variis
675 851 914 912 virtutis
943 851 1314 914 ornamentis
1349 872 1364 912 :
1400 871 1470 914 ex
1503 853 1722 927 quibus
1745 853 1794 914 si
1819 852 1954 932 quis

310 940 533 1017 primos
546 949 824 1001 accurate
848 939 1183 1018 elegerit,et
1207 941 1279 1001 lis
1304 940 1479 1004 vitam
1511 941 1789 1003 Marciani
1812 961 1956 1002 cou-

305 1027 488 1098 ferre,
526 1028 613 1090 vel
649 1027 830 1091 etiam
867 1028 1147 1110 praeferre
1177 1029 1508 1104 voluerit,is
1539 1031 1685 1092 mihi
1721 1049 1838 1092 non
1866 1031 1950 1092 vi-

301 1117 512 1180 deatur
533 1138 566 1179 a
589 1127 750 1180 recte
771 1118 1052 1180 excidere
1067 1117 1500 1198 judicio.Quod
1515 1129 1712 1180 autem
1734 1139 1850 1181 non
1871 1123 1951 1181 sit

299 1205 456 1268 mala
481 1207 556 1268 de
581 1225 653 1268 eo
707 1216 932 1281 nostra,
985 1207 1092 1269 sed
1122 1219 1288 1270 recta
1316 1207 1633 1283 sententia,
1667 1209 1817 1289 ipse,
1882 1220 1950 1270 ut

300 1294 1040 1377 aiunt,ostendet,eritque
1054 1295 1388 1376 procedens
1407 1295 1524 1358 ﬁde
1544 1297 1722 1376 digna
1737 1298 1942 1358 oratio.

377 1385 438 1448 2.
476 1385 584 1448 Hic
615 1402 755 1464 ergo
787 1385 1120 1448 Marcianus
1171 1385 1374 1448 ﬂoruit
1403 1384 1646 1466 quidem
1679 1395 1948 1466 tempore

298 1475 448 1548 ejus,
465 1479 556 1534 cui
579 1477 689 1536 fuit
709 1479 858 1536 idem
884 1491 1121 1548 nomen,
1146 1493 1355 1550 nempe
1379 1477 1780 1551 ltlarciani,qui
1809 1494 1948 1538 tunc

296 1571 426 1625 erat
448 1561 728 1625 dominus
749 1563 1003 1626 Romani
1026 1563 1106 1624 im
1115 1561 1548 1644 perii.Patriam
1562 1573 1758 1625 autem
1778 1582 1944 1626 suam

295 1661 556 1714 veterem
581 1653 836 1716 Romam
861 1653 934 1714 ab
958 1653 1076 1716 alto
1094 1661 1376 1734 repetens
1395 1671 1428 1714 a
1453 1653 1801 1734 parentibus
1839 1655 1946 1717 :illi

299 1740 458 1804 enim
485 1760 556 1804 ex
578 1761 648 1806 ea
670 1742 1014 1825 profecti,in
1049 1743 1202 1804 hanc
1228 1741 1602 1806 Constantini
1621 1741 1914 1805 civitatem

2028 1747 2136 1820 μὴν
2179 1749 2362 1826 αὐλῶν
2415 1746 2504 1822 (ἐκ
2565 1745 2760 1811 ταύτης
2820 1741 2874 1798 δὲ

2037 497 2243 572 μαλλον
2303 499 2337 565 ἢ
2385 503 2584 576 τειχῶν
2627 496 2918 574 ὀχυρότητι
2961 493 3403 564 καλλωπίζεσθαι.
3443 493 3681 557 Πολλοὺς

2037 589 2136 660 μὲν
2193 591 2278 644 οῦν
2341 586 2564 664 ἤνεγκεν
2627 585 2758 650 αὕτη
2803 585 2944 660 βίους
2989 582 3210 661 ἀνδρῶν,
3259 583 3314 640 οἲ
3359 585 3444 639 καὶ
3497 583 3680 640 ποικί-

3472 667 3569 726 τιεν
3626 672 3678 727 εῗ

2038 677 2150 742 λοις
2213 678 2376 744 αὐτὴν
2420 679 2640 748 κόσμοις
2687 679 2786 740 τῆς
2831 674 3023 752 ἀρετῆς
3076 673 3415 749 ὠραὶζουτιν,

2036 788 2114 828 τις
2161 767 2280 830 τοὺς
2313 765 2553 842 πρώτους
2607 765 2742 820 κατὰ
2773 759 2983 833 ἀκριϐὲς
3036 759 3402 840 ἐκδεξάμενος,
3458 764 3544 818 καὶ
3589 763 3678 818 τὸν

2036 857 2342 934 Μαρκιανοῦ
2396 855 2510 930 βίον
2571 853 2852 908 συνάπτειν
2914 851 3122 918 αὖτοτς,
3249 853 3336 906 καὶ
3381 851 3678 928 προτιθέναι

2032 943 2331 1016 θελήσειεν,
2364 947 2456 1001 οὒκ
2488 942 2548 996 ἄν
2610 964 2702 1016 μοι
2762 941 2982 1016 κρίσεως
3027 941 3183 1017 ὀρθῆς
3220 940 3373 1002 οὗτος
3400 941 3677 996 ἐκπίπτειν

2033 1033 2166 1102 δοκῇ
2202 1055 2215 1071 ⁸
2265 1035 2351 1090 καὶ
2392 1031 2476 1090 ὅτι
2520 1033 2599 1106 μὴ
2649 1031 2854 1110 φαύλην
2899 1032 3069 1104 ἡμεῖς
3113 1029 3315 1110 ἔχομεν
3374 1027 3494 1084 ἀλλ-³
3556 1030 3675 1106 ’ὃγιᾶ

2033 1122 2128 1190 τήν
2189 1125 2305 1200 περὶ
2363 1125 2547 1179 τουτου
2605 1120 2848 1198 γνώμην,
2913 1121 3094 1194 αὐτὸς,
3145 1121 3293 1199 φατὶ,
3345 1117 3496 1185 δείξει
3529 1119 3616 1174 καὶ
3646 1119 3676 1174 ὁ

2031 1209 2190 1290 λόγος
2221 1211 2480 1292 ἐχέγγυος
2513 1211 2717 1288 προϊὼν
2751 1208 2922 1271 ἔσται,

2113 1389 2198 1448 Β¹.
2264 1391 2563 1466 Μαρκιανὸς
2645 1395 2924 1466 τοιγαροῦν
3008 1391 3156 1450 οὗτος
3219 1385 3410 1454 ἤνθησε
3469 1387 3566 1456 μὲν
3617 1390 3674 1444 ἓν

2029 1492 2148 1542 τοῖς
2207 1479 2423 1558 χρόνοις
2457 1485 2548 1536 τοῦ
2591 1479 2690 1546 τὴν
2734 1477 2898 1544 αὸτὴν
2945 1477 3166 1556 ἔχοντος
3211 1477 3402 1542 κλῆσιν
3436 1483 3676 1554 Μαρκια-

2029 1576 2141 1641 νοῦ,
2175 1569 2230 1632 ὃς
2292 1573 2585 1634 τηνικαῦτα
2643 1572 2741 1633 τῆς
2813 1557 3088 1640 Ῥωμαίων
3131 1565 3306 1644 ἀρχῆς
3365 1567 3538 1642 κύριος
3580 1566 3669 1634 ἧν,

2029 1655 2258 1733 Πατρίδα
2326 1655 2521 1714 ἄνωθεν
2580 1656 2641 1712 ἐκ
2698 1661 2912 1733 πατρῶν
2980 1656 3078 1723 τὴν
3133 1652 3488 1733 πρεσϐυτέραν
3533 1645 3670 1714 Ῥώσ-

2939 1742 3285 1821 προελθόντες
3316 1743 3514 1800 ἐκεῖνοι
3545 1745 3672 1800 εἶτα

297 1849 434 1911 qua:
463 1841 591 1894 erat
621 1833 1782 1913 recentior,migrarunt),consequenter
1815 1845 1927 1894 eral

2025 1836 2122 1903 τὴν
2181 1837 2572 1893 Κωνσταντίνου
2613 1835 2813 1900 ταύτην
2863 1835 2952 1890 καὶ
2999 1834 3257 1910 νεωτέραν
3301 1831 3454 1890 πόλιν
3485 1835 3668 1907 μετῴ-

297 1927 356 1983 et
386 1921 604 1984 illustri
635 1931 806 1985 natus
863 1940 1110 2001 genere,
1144 1921 1484 2002 insignique
1512 1921 1726 2002 opibus
1757 1930 1818 1984 et
1842 1921 1940 1985 di-

293 2012 537 2092 gnitate,
574 2021 632 2074 et
679 2012 836 2090 quod
895 2009 1270 2073 nobilitatem
1303 2009 1602 2074 referebat
1629 2009 1701 2072 ad
1734 2011 1940 2092 splen-

293 2101 502 2162 dorem
534 2099 1206 2181 imperatorium.Tauta
1236 2113 1432 2162 autem
1459 2099 1648 2179 gloria
1673 2099 1941 2180 insignes

290 2199 501 2252 nactus
532 2199 832 2271 parentes,
865 2191 1084 2270 pietate
1113 2197 1310 2254 autem
1346 2197 1408 2253 et
1436 2189 1730 2268 religione
1763 2189 1939 2270 longe

291 2277 670 2357 insigniores,
705 2278 833 2358 ipse
861 2299 1103 2362 quoque
1160 2279 1450 2342 educatur
1493 2279 1842 2353 liberaliter,
1881 2287 1940 2341 et

291 2367 696 2431 eruditionem
753 2369 1002 2450 pulchre
1040 2370 1310 2446 docetur,
1347 2379 1632 2445 nostram,
1669 2369 1932 2450 inquam,

289 2467 348 2520 et
377 2465 710 2522 externam.
736 2457 964 2521 Deinde
994 2459 1148 2522 sicut
1173 2459 1363 2521 Moses
1396 2477 1635 2540 quoque
1664 2458 1737 2519 ad
1769 2457 1931 2538 Egy-

290 2547 462 2627 ptios,
493 2549 575 2611 ita
609 2549 784 2612 etiam
817 2549 1153 2612 Marcianus
1181 2549 1404 2628 optime
1435 2549 1678 2610 ventilat
1704 2547 1776 2610 ad
1810 2549 1933 2626 By—

2022 1924 2246 2004 κησαν),
2333 1923 2633 1987 ἀκολούθως
2715 1925 2800 1980 καὶ
2861 1923 3044 2001 γένους
3121 1923 3332 2002 ῦπῆρχε
3390 1921 3662 1997 λαμπροῦ,

2025 2013 2272 2094 χρήμασί
2324 2037 2382 2070 τε
2440 2016 2526 2070 καὶ
2576 2013 2842 2086 ἀξιώμασι
2892 2011 3274 2090 περιϐλέπτου,
3307 2015 3394 2068 καὶ
3423 2016 3522 2077 τὴν
3565 2018 3666 2078 τῆς

2023 2105 2288 2182 εὐγενείας
2345 2106 2527 2181 πηγὴν
2585 2105 2654 2168 εἷς
2713 2101 2998 2178 βατιλικὴν
3057 2103 3400 2180 περιφάνειαν
3461 2101 3661 2180 ἀναφέ-

2022 2215 2226 2270 ροντος.
2283 2194 2473 2272 Τυχὼν
2505 2190 2560 2248 δὲ
2618 2192 2818 2270 γονέων
2873 2189 3040 2255 οὕτως
3081 2192 3364 2266 ὶπισήμων
3409 2192 3508 2266 μὲν
3566 2193 3664 2258 τὴν

2021 2279 2194 2356 δόξαν,
2231 2281 2634 2358 ἐπισημοτέρων
2695 2279 2750 2337 δὲ
2811 2279 2996 2354 πολλῷ
3026 2279 3229 2355 μᾶλλον
3258 2283 3341 2336 κατ
3382 2281 3480 2346 τὴν
3510 2280 3663 2338 εῦσέ-

2021 2368 2190 2444 ϐειαν,
2251 2369 2554 2448 ἐλευθερίως
2601 2373 2687 2426 καὶ
2733 2372 2887 2434 αὖτὸς
2944 2370 3214 2450 τρέφεται,
3278 2371 3365 2424 καὶ
3423 2367 3662 2426 παιδείαν

2015 2459 2193 2524 καλῶς
2255 2459 2638 2532 ἐκδιδάσκεται,
2701 2461 2862 2529 αὑτήν
2931 2482 2988 2515 τε
3046 2462 3144 2526 τὴν
3202 2458 3466 2536 ¹ἷπιμετέριαν
3523 2461 3662 2540 φημὶ

2015 2552 2100 2606 καὶ
2160 2550 2259 2615 τὴν
2302 2549 2540 2624 θύραθεν.
2605 2547 2834 2604 ’Ἔπειτα
2893 2551 2980 2604 καὶ
3045 2549 3244 2614 Μωσῆς
3303 2547 3482 2625 ὥσπερ
3539 2560 3659 2611 τοῖς

2017 2638 2340 2716 Αἰγυπτίοις,
2402 2637 2541 2693 οἛτω
2625 2635 2678 2691 δὲ
2763 2639 2849 2692 καὶ
2939 2639 3236 2715 Μαρκιανὸς
3297 2635 3483 2714 ἄριστα
3541 2651 3659 2701 τοῖς

283 2638 574 2714 ιειιιῐίηοε,
610 2647 668 2700 et
696 2638 768 2700 ad
805 2639 1089 2718 majorem
1125 2646 1182 2700 et
1235 2637 1657 2717 perfectiorem
1689 2637 1932 2717 sapien-

288 2724 457 2801 tiam,
490 2745 646 2800 eam,
682 2727 946 2807 inquam,
976 2747 1109 2805 quae
1140 2737 1228 2789 est
1265 2745 1333 2787 ex
1363 2727 1601 2806 spiritu,
1637 2727 1934 2788 converti-

286 2823 404 2878 tur.
438 2814 566 2889 Qua
622 2815 863 2896 quidem
920 2835 989 2876 ex
1022 2834 1088 2877 re
1121 2825 1180 2876 et
1211 2815 1338 2876 vitae
1368 2815 1680 2895 splendor,
1712 2825 1768 2876 et
1796 2834 1927 2876 ser-

2012 2816 2275 2893 λεωτέραν
2335 2817 2542 2895 σοφίαν,
2589 2817 2688 2882 τὴν
2746 2816 2882 2872 κατὰ
2928 2817 3134 2874 πνεῦμά
3167 2839 3331 2894 φημι,
3380 2815 3654 2893 τρέπεται.

285 2904 483 2967 monis
531 2905 722 2983 gratia
753 2905 840 2965 illi
869 2905 1189 2981 accedens,
1225 2924 1443 2966 nomen
1478 2906 1532 2966 ei
1588 2907 1840 2986 peperit,
1873 2915 1927 2966 et

2013 2905 2100 2970 ἘΞ
2131 2905 2191 2962 οὗ
2221 2903 2284 2973 δὴ
2316 2907 2429 2981 βίου
2475 2929 2529 2961 τε
2561 2905 2880 2982 λαμπρότης
2935 2906 3022 2961 καὶ
3076 2903 3238 2982 λόγου
3286 2907 3440 2985 χάρις
3473 2906 3654 2980 ἐκείνῳ

282 2994 580 3072 insignem
614 2995 754 3056 fecit
784 2994 939 3058 inter
971 3013 1180 3057 omnes
1211 2994 1416 3058 laicos.
1453 2995 1634 3057 Paulo
1661 3003 1796 3074 post
1826 3014 1927 3056 au-

2011 2995 2438 3074 προσγενομένη,
2479 2996 2742 3070 ὀνόματος
2773 2993 2919 3062 ἠξίου
2979 2996 3070 3050 τὸν
3129 2993 3312 3070 ἄνδρα,
3357 2998 3446 3051 καὶ
3501 2997 3646 3074 περίι-

284 3095 404 3147 te'n
437 3083 614 3146 etiam
646 3091 884 3166 cooptat
932 3083 993 3146 in
1052 3084 1277 3146 clerum
1329 3083 1654 3145 Ecclesiae:
1700 3093 1921 3148 etcum

2011 3082 2234 3141 ϐλεπτον
2293 3085 2346 3141 ἐν
2409 3092 2536 3142 πᾶσι
2596 3085 2814 3152 καθίστη
2885 3097 3000 3148 τοῖς
3065 3083 3283 3149 λα’ἰκοῖς
3318 3103 3332 3119 ⁸
3387 3087 3572 3164 μικρὸν
3595 3084 3649 3141 δὲ.

278 3173 466 3236 sacris
498 3181 659 3236 esset
717 3173 953 3253 dignus.
988 3173 1231 3235 deducit
1261 3172 1334 3234 ad
1366 3173 1614 3252 gradum
1645 3174 1926 3238 sacerdo-

2011 3174 2224 3254 ὕστερον
2268 3179 2461 3248 καὶτῷ
2506 3175 2604 3242 τῆς
2664 3173 2988 3240 Ἐκκληπίας
3039 3172 3224 3252 κλήρῳ
3267 3172 3642 3254 ἐγκαταλέγει,

281 3271 426 3324 tum.
460 3262 573 3336 Qui
607 3271 804 3325 autem
839 3272 896 3324 et
925 3263 1000 3324 ad
1034 3264 1146 3324 hoc
1177 3263 1294 3324 vim
1347 3261 1564 3338 attulit,
1600 3264 1709 3324 fuit
1749 3265 1926 3344 hujus

2011 3266 2097 3320 καὶ
2151 3266 2224 3327 εἷς
2283 3265 2376 3320 τὸν
2434 3265 2616 3342 ἱερέων
2660 3262 2777 3341 ἅγει
2805 3265 3011 3340 βαθμὶν
3043 3265 3134 3319 τὸν
3165 3269 3270 3318 τῶν
3299 3264 3451 3340 ἱερῶν
3483 3263 3650 3330 Ξὶξιον.

2019 2728 2312 2798 Βυζαντίοις
2372 2726 2651 2798 ἐπιφοιτᾷ,
2707 2728 2794 2782 καὶ
2842 2728 2972 2802 πρὸς
3027 2727 3124 2780 τὶν
3184 2727 3398 2800 μείζονα
3443 2730 3530 2781 καὶ
3563 2749 3654 2782 τε-

277 3353 529 3415 civitatis
563 3353 1076 3434 pat:iarcha.Nam
1101 3353 1273 3416 illum
1307 3373 1544 3434 quoque
1577 3354 1732 3434 cepit
1762 3357 1923 3418 siren

275 3441 441 3506 illius
472 3443 726 3518 virtutis,
759 3455 822 3506 et
854 3445 1046 3524 plenae
1077 3451 1246 3506 erant
1276 3463 1452 3505 aures
1477 3444 1681 3524 iis,qui
1712 3446 1789 3508 de
1820 3445 1922 3509 illo

276 3532 732 3612 spargebantur,
767 3533 1147 3596 sermonibus
1179 3541 1236 3595 et
1268 3532 1570 3598 laudibus.
1605 3531 1747 3596 Cum
1781 3553 1922 3615 ergo

273 3621 518 3698 gradus,
552 3621 656 3702 qui
688 3621 844 3682 inter
877 3623 1276 3684 sacerdotium
1333 3622 1739 3698 intercedunt,
1775 3625 1923 3686 nihil

272 3719 432 3771 esset
476 3711 634 3790 quod
697 3711 1060 3790 prohiberet,
1123 3713 1225 3774 sed
1290 3712 1479 3774 multo
1518 3713 1724 3792 magis,
1754 3723 1817 3774 ut
1847 3715 1922 3776 ad

275 3799 500 3878 majora
531 3803 909 3880 procederet,
968 3801 1249 3863 invitaret
1283 3823 1296 3864 :
1347 3820 1480 3862 cum
1515 3820 1728 3865 omnes
1758 3802 1922 3866 brevi

272 3895 545 3968 tempore
601 3892 979 3970 pervasisset,
1030 3899 1274 3952 vocante
1326 3902 1619 3971 tempore,
1657 3891 1920 3955 refertur

269 3977 448 4038 etiam
480 3977 541 4040 in
577 3997 894 4054 numerum
931 3979 1337 4042 sacerdotum.
1379 3979 1608 4043 Deinde
1643 3981 1818 4042 etiam
1853 3984 1920 4044 fit

269 4084 625 4130 (nconomus
656 4069 928 4130 maxima“:
974 4068 1247 4131 ecclesia:
1275 4069 1577 4130 communi
1609 4071 1910 4151 suﬂ‘ragio,

265 4174 386 4218 non
421 4157 532 4219 vim
561 4156 844 4231 atterens,
881 4159 988 4220 sed
1043 4158 1288 4234 invitus,
1325 4170 1384 4221 et
1414 4179 1532 4220 non
1567 4171 1682 4222 tam
1717 4161 1912 4223 hono-

263 4255 446 4321 ratus,
483 4267 656 4330 quam
694 4266 796 4309 eos
831 4248 1150 4320 honoraris,
1198 4249 1299 4330 qui
1333 4267 1466 4311 eum
1503 4251 1908 4330 praetulerunt.

261 4332 378 4396 Sed
414 4337 540 4398 hinc
569 4336 810 4418 quidem
848 4347 1077 4418 postea.

342 4427 442 4488 Ill.
469 4425 640 4488 Modo
662 4434 860 4488 autem
887 4446 1021 4490 cum
1048 4429 1102 4490 ei
1125 4427 1445 4492 admodum
1468 4429 1678 4508 juveni
1705 4431 1906 4492 credi-
1935 4429 1974 4478 ι)

263 4521 386 4576 tum
410 4519 1012 4597 essetsacertlotium,
1033 4521 1240 4598 etejus
1274 4528 1552 4598 parentes
1582 4537 1616 4582 e
1649 4519 1760 4582 vita
1786 4521 1907 4599 jam

261 4605 756 4682 excessissent,et
790 4611 1102 4690 utriusque
1129 4609 1605 4690 facultates,quae
1634 4609 1911 4672 erantlu-

257 4694 1022 4778 culentaa.accepisset.eum
1039 4699 1420 4778 juventutem
1447 4699 1686 4778 quidem
1706 4699 1906 4761 mode-

251 4791 732 4856 rate,sacerdotiu
745 4807 796 4848 ω
820 4801 1008 4849 autem
1025 4791 1427 4864 honeste,0pes
1442 4806 1576 4849 vero
1599 4793 1690 4862 pie
1706 4807 1904 4864 regere

252 4873 671 4937 administrare
693 4875 802 4936 fuit
824 4875 1151 4956 cognitum:
1179 4886 1242 4939 ut
1263 4876 1364 4957 qui
1397 4893 1618 4954 egenos
1642 4894 1764 4938 suae
1787 4877 1904 4938 lue-

252 4964 528 5026 reditatis
555 4971 890 5027 assumeret
910 4965 1278 5038 coheredes,
1305 4974 1362 5027 et
1384 4967 1470 5027 eis
1495 4965 1705 5044 majori
1737 4975 1903 5044 parte

251 5055 517 5117 cederet:
551 5055 639 5116 vel
661 5063 723 5114 ut
747 5053 858 5116 hoc
883 5055 1080 5134 potius
1103 5055 1464 5127 dicam,cum
1494 5053 1580 5114 eis
1610 5063 1902 5133 quaestuo-

250 5162 374 5206 sam
402 5155 708 5207 exerceret
731 5145 1287 5223 negotiationem,et
1311 5144 1372 5204 in
1397 5142 1589 5223 parvis
1620 5143 1900 5224 suppedi-

249 5234 444 5295 tandis
479 5237 736 5297 maxima
786 5233 1044 5296 vicissim
1101 5233 1470 5314 acquireret.
1521 5232 1714 5312 Atque
1744 5233 1896 5295 altas

247 5322 488 5402 quidem
513 5324 842 5403 voluptates
867 5342 1075 5401 magno
1091 5323 1346 5403 quodam
1363 5329 1423 5384 et
1443 5321 1676 5384 excelso
1695 5321 1895 5384 animo

245 5413 519 5492 apparuit
545 5431 682 5473 eum
708 5413 1106 5492 despicere,et
1129 5413 1218 5474 eis
1243 5411 1488 5473 minime
1511 5411 1632 5473 uti:
1667 5412 1739 5472 ab
1773 5432 1892 5474 uno

245 5510 444 5563 autem
473 5500 601 5561 solo
659 5500 842 5562 victus
892 5501 1002 5561 fuit
1033 5519 1266 5574 amore,
1303 5519 1334 5562 a
1365 5499 1581 5582 Verbis,
1618 5501 1886 5582 inquam,

244 5589 462 5654 divinae
488 5587 810 5671 Scriptura:
836 5606 849 5652 :
897 5601 954 5649 et
974 5591 1044 5652 ad
1073 5590 1172 5655 illa
1191 5590 1399 5652 oculos
1419 5598 1707 5672 perpetuo
1736 5611 1884 5653 con-

2013 3345 2069 3412 εΟ
2123 3353 2175 3410 δὲ
2244 3355 2374 3432 πρὸς
2433 3361 2588 3412 τοῦτο
2647 3355 2802 3410 αὑτὸν
2861 3351 3318 3430 ἀποδασάμενος,
3349 3355 3377 3409 ὀ
3430 3354 3654 3421 ταυτησὶ

2006 3448 2102 3510 τῆς
2150 3443 2356 3508 πόλεως
2402 3443 2740 3522 πατριάρχης
2799 3443 2890 3511 ἦν,
2959 3443 3090 3500 EH:
3135 3443 3236 3521 γὰρ
3281 3443 3438 3502 πῦτὸν
3491 3443 3524 3510 ἡ
3554 3447 3652 3511 τῆς

2008 3533 2200 3610 ἀρετῆς
2254 3533 2452 3589 ἐκείνου
2484 3535 2688 3612 σειρὴν,
2737 3534 2823 3590 καὶ
2881 3533 3092 3610 πλήρης
3146 3535 3213 3602 ἧν
3269 3533 3334 3588 τα
3382 3535 3496 3588 ὦτα
3541 3539 3648 3589 τῶν

2005 3623 2134 3700 ὑπὲρ
2195 3625 2351 3680 αὐτοῦ
2407 3621 2580 3699 λόγων
2643 3624 2731 3678 καὶ
2794 3622 3084 3700 ἐγκομίων.
3132 3622 3262 3686 Τοίρς
3323 3624 3411 3677 οῦν
3454 3622 3651 3697 μεταξὺ

2046 3717 2070 3726 -
2134 3713 2146 3732 .
2214 3712 2234 3742 λ
2545 3712 2602 3744 κ,
2683 3709 2696 3732 ,
2751 3713 2788 3744 _.
2935 3709 2982 3741 η
3050 3711 3077 3732 τ
3179 3713 3192 3728 ς
3354 3717 3375 3726 -
3522 3711 3534 3728 ι
3622 3713 3636 3731 η

2005 3733 2110 3766 των
2137 3733 2312 3788 ιερςων
2369 3712 2599 3786 βαθμους
2660 3716 2794 3783 (enat
2847 3731 3016 3784 μησεν
3048 3735 3111 3779 ην
3144 3732 3204 3767 το
3235 3709 3463 3781 κωλυον,
3512 3710 3651 3768 αλλα

2003 3799 2140 3856 πολὺ
2195 3799 2402 3876 μᾶλλον
2460 3802 2522 3856 τὸ
2580 3803 2708 3879 πρὸς
2765 3801 2831 3856 τὰ
2862 3801 3028 3874 μείζω
3071 3814 3280 3880 χωρεῖν
3310 3799 3646 3874 ἐκκαλούμε-

2001 3889 2134 3970 νον),
2197 3892 2400 3954 πάντας
2458 3889 2510 3945 ἐν
2557 3889 2760 3969 βραχεῖ
2809 3887 3050 3962 διελθὼν,
3111 3897 3296 3964 καιροῦ
3352 3887 3646 3952 καλοῦντος

1997 3980 2085 4036 καὶ
2165 3985 2242 4052 τῷ
2324 3976 2610 4056 καταλόγῳ
2695 3980 2799 4034 τῶν
2871 3975 3232 4056 πρεσϐυτέρων
3303 3976 3632 4040 ἐντάττεται,

2000 4072 2133 4126 Εἶτα
2189 4069 2276 4123 καὶ
2304 4067 2581 4142 οἰκονόμος
2627 4069 2732 4123 τῶν
2787 4067 3088 4134 ἐκκλησιῶν
3131 4072 3230 4133 τῆς
3263 4068 3520 4146 μεγίστης
3579 4068 3638 4124 ἐκ

1998 4159 2180 4237 ψήφου
2230 4159 2438 4230 κοινῆς,
2499 4161 2592 4215 οὒκ
2670 4157 3002 4234 ἆ-ιαγκιίτας,
3080 4155 3217 4215 ἀλλὰ
3289 4159 3634 4234 ἀναγκασθεὶς

1995 4248 2240 4326 γίνεται·
2303 4249 2392 4303 καὶ
2437 4249 2664 4318 τιμήσας
2711 4247 2917 4320 μᾶλλον
2976 4246 3010 4314 ἢ
3069 4247 3312 4320 τιμηθεὶς
3344 4247 3465 4310 τοὺς
3498 4246 3633 4304 οὕτω

1995 4339 2112 4414 περὶ
2144 4337 2298 4393 αὺτοῦ
2327 4339 2626 4416 κρίναντας,
2664 4335 2828 4393 Ἀλλὰ
2855 4338 3008 4392 τοῦτο
3039 4336 3136 4410 μὲν
3169 4335 3405 4414 ὕστερον,

2075 4425 2150 4484 Γ’.
2185 4425 2340 4503 ’Ἄρτι
2384 4425 2438 4481 δὲ
2487 4426 2603 4486 νέος
2655 4425 2728 4482 ὢν
2793 4427 2879 4482 καὶ
2932 4426 3026 4493 τὴν
3069 4425 3328 4503 ἱερατείαν
3386 4426 3628 4505 ἐγχειρι-

1993 4519 2150 4594 σθεὶς,
2184 4515 2290 4571 τῶν
2319 4537 2372 4570 τε
2403 4515 2603 4592 γονέων
2649 4517 2791 4588 αὒτῷ
2835 4519 2924 4570 τὸν
2955 4513 3066 4590 βίον
3095 4512 3198 4582 ἤδη
3231 4513 3626 4593 ἀπολιπόντων,

1991 4607 2056 4662 τὰ
2099 4606 2198 4678 μὲν
2251 4609 2348 4670 τῆς
2395 4605 2646 4672 νεότητος
2704 4604 3012 4682 σωφρόνως,
3048 4603 3112 4660 τὸν
3142 4603 3194 4659 δὲ
3229 4608 3327 4672 τῆς
3359 4605 3622 4682 tepor-5m;

1988 4695 2249 4772 κοσμίως,
2282 4694 2346 4750 τὰ
2377 4695 2430 4750 δὲ
2464 4700 2556 4751 τοῦ
2587 4693 2814 4754 πλούτου
2871 4694 3008 4750 πάνυ
3053 4693 3310 4772 φιλοθέως
3339 4693 3622 4767 οἰκονομῶν

1987 4785 2298 4862 ἐγνωρίζετο
2335 4804 2350 4818 '
2404 4783 2874 4862 συγκληρονόμους
2925 4784 3066 4859 αὖτῷ
3116 4790 3208 4840 τοῦ
3263 4783 3465 4860 κλήρου
3508 4783 3624 4848 τοὺς

1987 4872 2264 4947 δεομένους
2319 4871 2774 4948 παραλαμϐάνων,
2817 4876 2902 4930 καὶ
2947 4874 3083 4929 κατὰ
3137 4873 3271 4928 πολὺ
3315 4880 3408 4928 τοῦ
3440 4871 3627 4928 πλείο-

1987 4985 2072 5025 νος
2133 4962 2313 5024 αὖτοῖς
2397 4960 2760 5042 ἐξιστάμενος,
2838 4964 2871 5030 ἢ
2952 4969 3106 5018 τοῦτο
3163 4961 3368 5036 μᾶλλον
3425 4964 3625 5035 εἰπεῖν,

1985 5054 2348 5130 πραγματείαν
2422 5051 2861 5128 κερδαλεωτάτην
2912 5055 3044 5130 πρὸς
3118 5053 3300 5114 αὖτοὺς
3364 5053 3627 5126 ποιούμε-

1981 5163 2088 5214 νος,
2139 5144 2225 5198 καὶ
2273 5148 2494 5220 παροχῇ
2545 5149 2750 5220 μικρῶν
2807 5141 2872 5198 τὰ
2930 5143 3156 5220 μέγιστα
3205 5141 3622 5216 ἀντικτώμενος.

1981 5241 2112 5296 Ταῖς
2146 5231 2240 5304 μὲν
2273 5231 2358 5287 οῦν
2413 5229 2601 5295 ἄλλαις
2651 5237 2758 5286 τῶν
2801 5229 3006 5299 ἡδονῶν
3051 5229 3190 5309 μέγα
3250 5233 3334 5287 καὶ
3394 5231 3626 5310 ἀρχικὸν

1979 5321 2134 5400 ἔφανε
2181 5329 2409 5400 φρονῶν,
2465 5322 2550 5377 καὶ
2609 5318 2849 5394 οὖδαμῶς
2906 5324 3091 5378 αὖταϊς
3155 5319 3567 5398 συγκλινὸμενος
3605 5341 3620 5356 ·

1975 5413 2106 5488 πρὸς
2138 5408 2230 5466 ἕνα
2259 5407 2314 5464 δὲ
2349 5410 2513 5484 μόνον
2573 5409 2741 5487 ἔρωτα
2800 5411 3038 5490 φανερῶς
3075 5408 3278 5475 ἥττητο
3309 5410 3414 5465 τῶν
3446 5407 3622 5486 λόγων

1973 5503 2070 5566 τῆς
2100 5499 2238 5558 θείας
2289 5501 2526 5577 Γροφῆς,
2562 5499 2649 5554 καὶ
2693 5500 2824 5576 πρὸς
2873 5500 3104 5562 ἐκείνους
3154 5497 3392 5576 στρέφων
3431 5520 3489 5555 τε
3535 5503 3620 5556 καὶ

1971 5589 2176 5673 τρέφων
2227 5586 2350 5652 τοῦς
2405 5586 2709 5668 ὀφθαλμοὺς
2753 5587 2840 5671 ἦν,
2887 5588 2976 5646 καὶ
3031 5586 3116 5645 διὰ
3173 5589 3370 5653 παντὸς
3431 5589 3619 5656 αὐτοῖς
