4018 6136
362 297 480 365 439

1653 303 1934 369 MENSIS
1986 305 2122 367 IAN
2138 306 2437 368 UARIUS.
3642 301 3762 367 440

368 441 636 521 exceptis
667 440 758 505 his
811 440 1176 504 indumentis
1228 439 1700 503 sacerdotalibus
1737 459 1751 504 :
1784 439 2003 510 nudus,

2108 440 2216 522 Ξίχα
2289 449 2394 498 τῶν
2461 445 2740 520 ἱερατικῶν
2812 443 3011 499 τούτων
3070 439 3499 516 ἑπιὸληματσοιν“
3563 443 3762 517 γυμνὸς

360 530 632 612 inquam,
665 534 763 612 qui
799 550 935 594 vere
967 535 1160 592 aureis
1191 527 1423 591 virtutis
1459 529 1698 603 tunicis,
1733 547 1864 609 quae
1892 527 2003 590 sub

363 629 666 699 aspectum
703 641 819 682 non
854 621 1096 692 cadunt,
1136 618 1467 698 tegebatur.
1503 621 1629 682 Hoc
1661 618 2000 699 pontiﬁcem

362 710 601 790 quidem
621 710 864 773 adducit
880 711 936 770 in
954 708 1445 770 admirationem:
1471 709 1528 768 in
1543 708 1999 771 admirationem

363 809 559 860 autem
594 800 832 861 adducit
865 799 1039 860 etiam
1099 798 1489 876 imperatores
1523 798 1670 876 (l0),
1717 816 1849 858 cum
1875 798 1997 876 jam

365 889 518 950 fama
540 888 610 948 ad
636 906 737 948 eos
767 890 1170 966 pervenisset:
1199 885 1421 946 clarum
1449 895 1646 948 autem
1673 885 1844 962 erigit
1875 895 1998 946 tro-

367 995 555 1055 paeum
611 976 787 1037 simul
815 986 871 1037 et
904 976 1186 1037 adversus
1214 975 1529 1052 malignam
1563 983 1622 1036 et
1652 976 1999 1036 sceleratam

363 1065 486 1126 Arii
521 1065 622 1142 [aL
675 1064 1043 1145 Eutychetis]
1080 1063 1396 1142 insaniam,
1423 1083 1577 1142 quae,
1609 1065 1753 1142 proh
1789 1064 1996 1124 dolor!

363 1173 550 1234 usque
597 1155 667 1214 ad
701 1155 757 1215 id
789 1165 1024 1233 tempus
1074 1151 1504 1215 defendebatur
1555 1153 1627 1214 ab
1680 1153 1998 1234 aliquibus.

361 1243 656 1304 Fidelium
687 1244 845 1305 enim
883 1243 1222 1314 multitudo,
1259 1261 1390 1303 cum
1447 1243 1734 1304 miraculo
1760 1244 1812 1304 ei
1847 1252 2004 1306 esset

361 1333 543 1395 veluti
575 1333 813 1394 additus
845 1335 1099 1402 animus,
1129 1331 1263 1394 etin
1287 1339 1448 1393 recta
1473 1339 1630 1394 esset
1657 1333 2003 1394 conﬁrmata

361 1422 812 1498 sententia,Arii
837 1423 1077 1501 quidem
1103 1421 1375 1499 dogmata
1395 1421 2000 1502 respuebattanquam

363 1529 550 1589 nugas
589 1533 600 1574 :
638 1512 750 1591 ipsi
784 1520 977 1573 autem
1014 1510 1261 1590 perinde
1311 1529 1378 1568 ac
1423 1511 1695 1589 quaedam
1738 1515 2001 1574 amnium

371 1601 902 1681 ﬂuenta.prompto
927 1610 984 1662 et
1006 1600 1186 1662 alacri
1223 1599 1418 1660 animo
1440 1598 1511 1660 ad
1548 1599 1832 1679 templum
1855 1619 2004 1661 con-

372 1689 660 1762 ﬂuebant,
697 1690 913 1769 partim
949 1689 1187 1770 quidem
1218 1688 1676 1767 contemplaturi
1708 1690 1838 1768 ejus
1870 1691 2005 1770 pul-

2087 533 2114 587 ὁ
2158 547 2384 610 χρυσοῖς
2444 532 2608 591 ὅντως
2661 532 2756 599 τῆς
2830 532 3021 608 ἆρετῆς
3081 540 3279 611 χιτῶσι
3327 544 3455 594 τοῖς
3519 530 3761 594 ἀθεάτοις

2087 621 2436 694 σκεπόμενος.
2492 630 2657 679 Τοῦτο
2700 621 2930 688 ἐξίστησι
2988 622 3086 694 μὲν
3143 625 3236 678 τὸν
3313 621 3608 698 ἆργιερὲα,
3674 620 3761 685 ἐξ-

2087 710 2262 776 ίστησι
2307 710 2358 766 δὲ
2393 712 2512 772 τοὺς
2571 718 2921 788 κρατοῦντας,
2967 709 3066 777 ἤδη
3113 721 3204 769 τοῦ
3255 710 3430 787 λόγου
3495 713 3585 766 καὶ
3634 713 3764 784 πρὸς

2085 801 2271 864 αὖτοὺς
2341 798 2721 862 διαϐαίνοντος⁹
2793 799 2981 866 1’ίστησι
3052 797 3107 854 δὲ
3177 801 3450 870 τρόπαιον
3530 799 3764 877 ἐμφανὲς

2082 891 2220 944 κατὰ
2275 899 2369 948 τοῦ
2397 896 2632 958 πονηροῦ
2671 889 2782 963 ἅμα
2839 894 2938 946 καί
2988 889 3084 956 τῆς
3135 896 3336 967 μιαρᾶς
3385 887 3607 964 Ἀρείου
3653 912 3762 962 μα-

2091 980 2220 1058 νίας,
2282 980 2383 1033 ὑπό
2449 1000 2631 1049 τινων⁹
2695 977 2836 1058 φεῦε
2900 977 3056 1034 εἰσέτι
3133 977 3616 1055 πρεσϐευομὲνης.
3695 981 3764 1037 Τὸ

2085 1069 2184 1144 γὰρ
2243 1066 2308 1134 δὴ
2343 1070 2447 1123 τῶν
2507 1074 2711 1123 πιστῶν
2772 1067 2976 1133 πλῆθος
3037 1069 3425 1146 ἆναθαρσῆσαν
3473 1068 3662 1144 ὥσπερ
3694 1073 3766 1140 τῷ

2084 1158 2334 1230 θαύματι,
2398 1159 2484 1212 καὶ
2541 1163 2605 1231 τῇ
2666 1157 2792 1233 ὀρθῂ
2848 1155 2971 1230 δόξῇ
3037 1158 3356 1233 βεδαιωθέν.
3427 1159 3496 1213 τὰ
3555 1157 3762 1235 Ἀρείου

2087 1247 2183 1320 μὲν
2244 1246 2338 1302 ἴσα
2384 1248 2470 1302 καὶ
2529 1244 2722 1321 λήρους
2771 1244 3034 1301 διέπτυον
3098 1249 3244 1304 αὐτοὶ
3289 1246 3347 1302 δὲ
3397 1246 3592 1320 ὥσπερ
3645 1248 3761 1302 τινα

2087 1336 2330 1409 ποταμοῦ
2428 1336 2657 1408 ῥεύματο
2732 1342 2808 1406 τῷ
2883 1341 2993 1407 ναῷ
3079 1337 3369 1410 προθύμως
3454 1333 3756 1411 συε-ἑῤῥεον,

2086 1432 2242 1480 τοῦτο
2275 1426 2370 1496 μὲν
2430 1427 2491 1480 τὸ
2521 1423 2718 1485 κάλλος
2751 1424 2909 1480 αξιτοῦ
2965 1423 3302 1498 θεασόμενοι,
3342 1432 3510 1481 τοῦτο
3564 1422 3618 1478 δὲ
3678 1417 3762 1479 καὶ

2087 1520 2193 1568 τῶν
2245 1513 2411 1589 ὀρθῶν
2455 1511 2628 1588 λόγων
2687 1512 3135 1580 ἐπακουσόμενοι,
3200 1514 3372 1576 Οὗτος
3423 1513 3480 1568 δέ
3516 1515 3578 1567 τὸ
3633 1511 3762 1590 συρο

2088 1601 2203 1679 ῥέον
2237 1601 2372 1657 πολύ
2415 1623 2465 1656 τι
2497 1601 2584 1656 καὶ
2634 1599 2851 1676 ἄπειρον
2881 1601 2969 1672 ἦν,
3003 1600 3142 1656 ὥστε
3193 1605 3280 1658 καὶ
3348 1604 3414 1658 τὸ
3445 1609 3558 1658 τὼν
3605 1623 3760 1678 περι-

2090 1691 2263 1746 ϐόλων
2324 1692 2481 1766 ἐγγὺς
2541 1689 2783 1764 γενέσθαι
2842 1687 3026 1762 μόνον,
3090 1691 3250 1747 ἆθλον
3305 1690 3557 1768 ἱδρώτων
3622 1695 3763 1746 εἶναι

366 1779 1016 1860 chritudinent,partim
1044 1786 1239 1839 autem
1264 1785 1460 1838 rectos
1485 1796 1726 1857 quoque
1749 1779 2005 1842 audituri

2108 1779 2307 1837 πολλῶν
2353 1781 2438 1834 καὶ
2497 1776 2809 1858 φιλοτιμίας
2870 1778 3013 1841 ἄξιον
3073 1794 3186 1841 τοῖς
3233 1779 3472 1838 πολλοῖς
3538 1782 3764 1850 you-{0'-

363 1886 699 1930 sermones.
728 1868 913 1930 Tanta
940 1877 1135 1929 autem
1165 1875 1222 1927 et
1243 1876 1358 1928 tam
1385 1867 1835 1929 innumerabilis
1856 1888 2007 1931 con-

2093 1894 2221 1945 μενο
2237 1896 2274 1932 δ,

369 1957 593 2018 ﬂuebat
643 1957 979 2028 multitudo,
1013 1965 1072 2017 ut
1119 1956 1206 2018 vel
1241 1956 1432 2017 solum
1486 1957 1811 2018 accessisse
1850 1977 2034 2042 prope
2091 1959 2369 2030 ambitus,
2405 1965 2565 2019 esset
2625 1958 2929 2036 praemium
2964 1957 3282 2018 multorum
3337 1957 3667 2032 sudorum,
3701 1961 3762 2016 et

366 2064 400 2106 a
433 2048 635 2109 multis
667 2048 1107 2110 existimaretur
1137 2045 1408 2125 dignum,
1443 2044 1518 2106 de
1548 2065 1664 2125 quo
1694 2049 1914 2111 acriter
1945 2051 2402 2113 contenderent.

450 2136 546 2198 lX.
584 2135 1028 2199 Conveniebant
1053 2153 1215 2214 ergo,
1241 2133 1399 2195 diem
1435 2153 1616 2195 unum
1651 2135 1861 2198 festum
1885 2138 2007 2200 fre-

370 2227 578 2306 quenti
610 2227 892 2306 deinceps
929 2234 1196 2304 tempore
1225 2223 1621 2286 celebrantes.
1652 2225 1798 2286 Nam
1831 2227 1904 2288 ab
1939 2248 2009 2291 eo

371 2335 609 2395 quoque
634 2315 968 2396 frequentia
990 2313 1208 2376 ﬁebant
1230 2313 1530 2374 miracula.
1566 2313 1642 2376 Ex
1666 2315 1909 2395 quibus,
1936 2337 2011 2380 ne

371 2405 431 2464 in
467 2404 669 2466 multis
701 2403 974 2468 dicendis
1018 2404 1322 2473 immorer,
1359 2401 1597 2482 aliquod
1630 2423 1814 2465 unum
1843 2407 2007 2468 acci-

379 2493 549 2574 piens
584 2493 861 2568 narrabo,
899 2491 1054 2574 quod
1081 2491 1222 2553 satis
1252 2500 1340 2552 est
1371 2501 1426 2552 et
1457 2491 1531 2554 ad
1575 2493 2007 2558 ostendendam

373 2583 573 2661 magni
603 2581 1179 2660 Marcianigratiam,
1207 2589 1264 2642 et
1285 2579 1443 2660 quod
1469 2581 1578 2642 hoc
1599 2598 1831 2644 sacrum
1860 2593 2008 2644 tem-

376 2671 539 2751 plum
577 2672 683 2733 Dei
715 2672 1016 2733 voluntate
1059 2668 1277 2731 factum
1309 2669 1385 2730 sit
1419 2690 1430 2727 :
1465 2669 1813 2734 Incendium
1856 2674 2006 2751 (11),

376 2759 534 2839 quod
569 2779 684 2821 non
725 2760 908 2821 multa
938 2757 1144 2820 habuit
1173 2757 1415 2832 similia,
1451 2759 1630 2821 exitio
1664 2759 1840 2822 dabat
1887 2761 2010 2823 Ro—

379 2857 502 2910 stra
535 2850 655 2928 (1‘2)
695 2848 952 2910 Domini.
987 2845 1128 2908 Nam
1162 2865 1296 2907 cum
1328 2847 1481 2926 ignis
1511 2850 2013 2927 apprehendisset

379 2937 535 3010 loca,
561 2955 692 3018 qum
717 2947 855 2998 sunt
877 2937 947 2997 ad
979 2954 1142 2996 mare
1165 2935 1622 3011 Boreale,totam
1650 2937 1856 2998 urbem
1879 2939 2013 2999 cin-

379 3025 646 3105 gebat,et
669 3026 757 3086 sic
779 3043 1026 3105 serpens
1045 3024 1544 3103 ferociter,usque
1563 3024 1635 3086 ad
1661 3026 2013 3106 mare,quod

381 3123 473 3176 est
507 3116 567 3177 in
600 3115 879 3189 meridie,
903 3114 1260 3194 depascebat
1282 3116 1479 3175 omnia
1509 3131 1641 3194 quae
1673 3114 2013 3177 intercede-

385 3205 548 3268 bant.
598 3203 1052 3287 Consequenter
1101 3221 1239 3280 ergo
1283 3203 1434 3264 hanc
1486 3221 1726 3283 quoque
1783 3221 2013 3265 sacram

381 3295 568 3356 tndem
607 3295 761 3374 ignis
785 3290 1332 3375 comprehendebat
1363 3292 1643 3372 impetus.
1683 3290 2014 3372 Unusquis-

2108 3303 2385 3376 συμφορῶν
2431 3299 2548 3373 περὶ
2605 3299 2694 3354 τὸν
2755 3300 2882 3354 ναὸν
2939 3298 3178 3373 ἐκθύμως
3227 3301 3486 3380 ἒχώρουμ

383 3403 498 3466 que
518 3402 658 3463 ergo
684 3383 940 3464 propriis
964 3380 1246 3460 neglectis
1267 3380 1729 3454 calamitatibus,
1754 3381 1828 3443 ad
1862 3391 2016 3444 tem-

386 3474 544 3554 plum
569 3474 787 3535 acriter
810 3471 1190 3554 procedebat.
1215 3470 1467 3550 igni,qui
1494 3487 1614 3531 non
1636 3471 2016 3542 cernebatur,

384 3581 590 3625 eorum
619 3564 1003 3624 inﬂammatis
1025 3560 1260 3622 animis.
1298 3561 1490 3621 Homo
1515 3567 1711 3620 autem
1739 3557 1844 3621 Dei
1873 3559 2021 3620 nihil

387 3652 829 3725 perterritus,et
855 3670 927 3712 ne
950 3656 997 3710 si
1023 3649 1260 3729 quidem
1288 3667 1420 3709 cum
1442 3648 1501 3708 in
1527 3648 1730 3710 orbein
1758 3647 2022 3710 circum-

382 3741 610 3802 sideret
633 3740 808 3817 ignis,
839 3739 1008 3800 nihili
1036 3739 1282 3811 faciens,
1309 3737 1410 3798 sed
1438 3737 1575 3798 ﬁdei
1599 3738 1655 3798 in
1681 3738 1872 3799 Deum
1897 3754 2026 3798 cre-

387 3828 534 3888 dens
558 3829 757 3889 omnia
792 3829 1030 3899 cedere,
1067 3831 1255 3886 sacris
1284 3826 1545 3904 acceptis
1575 3825 1931 3902 Evangeliis,
1965 3826 2026 3886 in

385 3935 685 3977 summum
713 3925 934 3977 tectum
965 3914 1257 3986 ascendit,
1283 3923 1345 3974 et
1365 3921 1526 3974 stans
1551 3915 1608 3973 in
1635 3914 1831 3974 medio
1855 3915 2027 3974 flam-

389 4024 518 4076 ma},
547 4016 604 4066 et
627 4023 693 4067 se
717 4013 1070 4065 convertens
1092 4003 1162 4064 ad
1193 4020 1400 4082 preces
1429 4023 1443 4063 :
1471 4001 1703 4063 Christe
1729 4004 1904 4070 Deus,
1926 4001 2024 4062 di-

387 4094 580 4167 cebat,
608 4093 766 4156 Deus
788 4102 1018 4174 patrum
1047 4100 1408 4162 nostrorum,
1436 4089 1536 4170 qui
1560 4089 1810 4151 Abrahae
1836 4092 2024 4152 sacri-

389 4183 585 4244 ﬁcium
619 4183 958 4264 suscepisti,
992 4192 1048 4242 et
1079 4180 1180 4262 qui
1208 4181 1259 4242 ei
1286 4198 1356 4242 ex
1389 4178 1780 4258 promissione
1811 4190 2027 4258 praeter

387 4291 552 4348 spem
579 4272 887 4353 praebuisti
915 4272 1348 4350 ﬁlium,pra:ler
1371 4286 1538 4348 spem
1563 4286 1595 4328 a
1618 4271 1781 4329 caede
1801 4267 2022 4331 libera-

390 4362 464 4422 sti
501 4383 512 4424 :
551 4363 654 4442 qui
685 4361 862 4423 etiam
899 4362 955 4421 in
990 4361 1231 4422 fornace
1275 4357 1628 4438 Babylonica
1660 4366 1779 4418 tres
1812 4375 2027 4437 pueros

389 4451 653 4531 captivos
667 4470 736 4511 eo
751 4450 1005 4512 eﬁ‘ccisti
1023 4449 1415 4530 potentiores:
1434 4447 1562 4526 ipse
1585 4465 1741 4507 nunc
1763 4465 2023 4526 quoque,

389 4539 660 4612 Domine,
700 4540 849 4600 hanc
875 4549 1031 4600 tuam
1067 4538 1306 4599 domum
1333 4552 1644 4606 conserva,
1677 4554 1750 4597 ne
1784 4535 2030 4597 laedatur

392 4629 463 4688 ab
495 4628 632 4704 igne
668 4651 680 4688 :
716 4638 776 4690 et
809 4647 882 4689 ne
907 4627 1224 4699 concedas,
1259 4633 1324 4686 ut
1352 4642 1501 4705 Opus
1533 4634 1695 4686 tuum
1729 4624 1888 4703 quod
1921 4644 2028 4686 nos

2176 2140 2266 2202 Θ¹.
2296 2141 2549 2195 Συνῖεσαν
2574 2141 2688 2217 οὖν,
2722 2139 2909 2214 ἑορτὴν
2942 2139 3066 2212 μίαν
3096 2142 3296 2219 συχνὸν
3328 2141 3532 2218 ἐφεξῆς
3565 2140 3754 2197 ποιού-

2094 2251 2247 2303 μενοι
2309 2229 2530 2307 χρόνον*
2563 2234 2649 2283 καὶ
2678 2229 2918 2301 θαύματα
2961 2238 3204 2284 ετελεϊτο
3238 2233 3442 2309 συχνά.
3509 2225 3634 2304 Ὧν,
3674 2231 3759 2284 im

2095 2319 2170 2392 μη
2202 2319 2267 2373 τὰ
2295 2317 2469 2374 πολλὰ
2513 2316 2686 2392 λέγων
2717 2315 3040 2394 ἑνδιατρίϐω,
3077 2318 3133 2372 ἕν
3177 2319 3238 2396 γέ
3269 2341 3320 2373 τι
3368 2320 3579 2375 τούτων
3611 2319 3753 2374 ἀπο-

2093 2405 2270 2462 λαϐὼν
2329 2403 2686 2482 διηγήσομαι,
2747 2407 2925 2460 ἱκανὸν
2996 2410 3337 2484 παραστῆσαι
3398 2411 3506 2476 τήν
3566 2429 3624 2463 τε
3669 2414 3760 2463 τοῦ

2091 2494 2328 2572 μεγάλου
2383 2496 2684 2571 Μαρκιανοῦ
2749 2517 2932 2573 χαριν,
2997 2497 3082 2552 καὶ
3128 2498 3190 2552 τὸ
3234 2499 3321 2552 νὸν
3398 2499 3546 2573 ἱερὸν
3605 2498 3758 2553 αὖτοῦ

2094 2585 2262 2648 σηκὸν
2313 2585 2450 2641 κατὰ
2522 2583 2747 2660 γνώμην
2819 2589 3135 2661 γεγενῆσθαι
3206 2593 3362 2645 Θεοῦ’
3427 2584 3758 2661 Ἐμπησμὸς

2093 2674 2212 2734 οἶος
2257 2673 2316 2728 οὗ
2362 2670 2591 2734 πολλοὺς
2637 2670 2785 2751 ἔχειν
2816 2675 3052 2748 ὁμοίους,
3087 2675 3208 2740 τοὺς
3265 2678 3536 2750 Δομνίνου
3593 2673 3757 2750 ἐμϐό-

2097 2763 2218 2822 λους
2279 2759 2666 2834 διελυμαίνετο.
2721 2763 2792 2819 Τὸ
2823 2763 2924 2839 γὰρ
2967 2771 3067 2840 πῦρ
3094 2770 3203 2820 τῶν
3247 2768 3380 2842 πρὸς
3415 2773 3487 2842 τῇ
3549 2766 3759 2843 ἀριιτῴᾳ

2094 2850 2336 2926 θαλάσσῃ
2367 2873 2546 2928 τρπιιιν
2577 2849 2984 2925 ἐπιλαϐόμενον,
3023 2853 3121 2919 τὴν
3153 2852 3310 2910 πόλιν
3366 2855 3512 2922 ὅλην
3543 2856 3752 2932 ἐζώννυ,

2097 2942 2185 2996 καὶ
2230 2940 2396 3002 οὕτως
2430 2939 2591 3017 ἕρπον
2655 2939 2848 3017 ἀγρίως
2895 2940 3022 3021 ἄχρι
3057 2944 3141 2998 λαὶ
3197 2950 3294 3010 τῆς
3343 2943 3400 2999 ἐν
3450 2942 3749 3020 μεσημϐρίᾳ

2098 3028 2369 3095 θαλάσσης
2425 3031 2598 3085 πάντα
2667 3031 2733 3084 τὰ
2787 3029 2982 3103 μετὰξὺ
3039 3029 3365 3095 διεϐόσκετο.
3421 3033 3748 3094 Ἀκολούθως

2100 3119 2188 3174 οὖν
2243 3119 2331 3174 καὶ
2375 3120 2465 3174 τὸν
2523 3120 2660 3196 ἱερὸν
2719 3121 2874 3176 οἷκον
2927 3123 3113 3176 τοὺτον
3169 3126 3204 3192 ἡ
3249 3131 3339 3180 τοῦ
3391 3125 3562 3199 πυρὸς
3616 3123 3750 3199 ῥύμη

2103 3205 2516 3283 περιελάμϐανε.
2583 3215 2698 3266 Τῶν
2731 3211 2819 3265 οὗν
2868 3210 3072 3265 οἰκείων
3104 3210 3325 3275 ἕκαστος
3379 3211 3752 3288 ἀμελήσαντες

3497 3349 3512 3380 ,
3551 3301 3752 3370 ἆθεᾶτῷ

2105 3390 2224 3463 πυρὶ
2279 3387 2372 3448 τὰς
2433 3388 2614 3465 ψυχὰς
2681 3391 2823 3445 αὐτοὶ
2871 3385 3256 3463 διακαιόμενοι.
3315 3392 3376 3448 '0
3429 3390 3485 3446 δέ
3543 3411 3605 3467 γε
3664 3411 3753 3444 του

2107 3482 2238 3532 Θεοῦ
2296 3473 2570 3552 ἄνθρωπος
2599 3476 2744 3532 οὒδὲν
2799 3477 3196 3555 ἂποδειλιάσας,
3230 3478 3338 3536 οὐδ’
3397 3482 3442 3536 εὶ
3499 3479 3750 3535 κυκλόθεν

2107 3567 2250 3639 αὐτῷ
2297 3566 2574 3642 περιχάνοι
2618 3587 2680 3621 το
2737 3574 2836 3643 πῦρ
2894 3565 3040 3623 οὐδὲν
3095 3569 3583 3647 ὑπολογισάμενος,
3619 3567 3752 3622 ἀλλὰ

2108 3659 2175 3728 τῇ
2233 3655 2363 3730 πρὸς
2425 3655 2554 3710 Θεὸν
2625 3655 2798 3710 πίστει
2856 3656 3023 3711 εἴκειν
3092 3657 3261 3712 πάντα
3312 3659 3627 3730 πιστεύσας,
3687 3655 3752 3710 τὰ

2108 3744 2220 3819 ἱερὰ
2277 3741 2455 3798 λαϐὼν
2494 3743 2812 3821 Εὗαγγέλια,
2840 3744 2924 3800 ἐπὶ
2981 3748 3043 3801 τὸ
3077 3745 3235 3812 ἄκρον
3275 3753 3371 3812 τῆς
3405 3750 3605 3826 ὀροφῆς
3665 3742 3753 3799 Ξίνο

2111 3851 2263 3886 εισιν”
2327 3833 2415 3886 καὶ
2458 3831 2618 3904 μέσος
2655 3839 2717 3908 τῇ
2749 3831 2906 3911 φλογὶ
2959 3836 3256 3906 παραστὰς,
3288 3837 3477 3893 ἑαυτόν
3507 3858 3564 3892 τε
3623 3835 3750 3911 πρὸς

2113 3921 2280 3998 εὒχήν
2313 3919 2624 3997 ἐπιτρέῲας³
2674 3925 2862 3984 Χριστὲ
2921 3926 2948 3979 ὁ
2997 3926 3148 4002 856;,
3184 3924 3387 4001 ἔλεγεν,
3422 3929 3450 3981 ὁ
3487 3927 3618 3988 Θεὸς
3651 3923 3752 3979 τῶν

2110 4009 2350 4085 πατέρων
2381 4011 2558 4083 ἡμῶν,
2597 4013 2623 4066 ἕ)
2655 4011 2753 4077 τὴν
2807 4013 2983 4069 θυσίαν
3017 4010 3256 4089 Ἀϐραὰμ
3303 4016 3747 4087 προσδεξάμενος,

2105 4099 2192 4152 καὶ
2253 4098 2309 4152 ὃν
2357 4097 2407 4162 ἐξ
2465 4098 2784 4176 ἐπαγγελίας
2843 4103 2984 4175 αὖτῷ
3047 4103 3167 4179 παρ’
3239 4102 3425 4159 ἐλπίδα
3483 4103 3748 4181 παρέσχες

2103 4187 2236 4256 υἱὸν,
2299 4187 2421 4262 παρ’
2481 4186 2666 4244 ἐλπίδα
2723 4191 2930 4268 σφαγῆς
2999 4192 3312 4270 ῥυσάμενος,
3375 4195 3402 4248 ὁ
3446 4197 3534 4249 καὶ
3579 4192 3744 4248 Βαϐυ-

2107 4273 2300 4340 λωνίας
2383 4277 2607 4351 καμίνου
2671 4280 2802 4334 ποτὲ
2887 4293 3033 4357 τρεῖς
3105 4280 3483 4360 αἰχμαλώτους
3552 4277 3742 4338 παῖδας

2109 4365 2409 4442 κρείττονας
2457 4365 2620 4432 αὐτῆς
2664 4366 2956 4438 ἀναδείξας,
2991 4371 3145 4434 αὖτὸς
3202 4373 3288 4426 καὶ
3333 4379 3441 4449 νῦν,
3484 4370 3737 4436 Δέσποτα,

2109 4454 2199 4508 τὸν
2261 4457 2380 4508 ἷκον
2429 4451 2578 4510 τόνδε
2632 4456 2722 4511 τὸν
2783 4457 2873 4512 σὸν
2933 4458 3108 4524 ἀπαθῆ
3182 4461 3342 4523 nuch
3400 4456 3733 4537 διαφύλαξον.

2109 4542 2304 4615 καὶμὴ
2362 4540 2464 4614 δῷς
2499 4541 2652 4619 ἔργον
2709 4552 2956 4602 νοσοῠτον
2985 4545 3114 4624 ὅπερ
3166 4549 3324 4621 ἡμεῖς
3375 4550 3521 4618 πόνῳ
3565 4543 3733 4611 nolit?

2109 4631 2203 4685 καί
2269 4632 2416 4703 πόθῳ
2483 4639 2560 4704 τῷ
2617 4636 2691 4706 νῷ
2747 4637 3159 4714 γατηρτίσαμεν,
3206 4638 3264 4693 τὸ
3322 4645 3422 4714 πῦρ
3479 4634 3726 4705 καθελεῖν,

396 4717 580 4778 multo
614 4718 816 4779 labore
847 4729 902 4778 et
935 4725 1095 4778 tanto
1128 4713 1842 4805 perfecimusdesiderio,
1875 4714 2014 4793 ignis

2110 4720 2204 4774 ’ἕνα
2255 4720 2330 4791 μη
2385 4725 2589 4798 προσθῇ
2647 4721 2721 4778 ἔτι
2774 4733 2864 4781 τοῦ
2919 4723 3057 4803 μέγα
3127 4726 3326 4805 αὒχεῖν
3385 4713 3572 4804 ἐχθρὸς
3627 4716 3729 4778 ιαθ,

393 4809 766 4887 destruat,ne
779 4807 971 4868 adhuc
991 4804 1550 4886 pergatinimicusin
1572 4801 2025 4865 nosinsolenter

391 4895 657 4973 gloriari,
693 4915 803 4958 nec
834 4914 938 4958 ora
967 4895 1352 4967 Arianorum,
1381 4892 1482 4972 qui
1513 4901 1651 4952 sunt
1683 4891 1855 4953 nobis
1887 4911 2025 4972 pro--

393 4985 623 5066 pinqui,
664 5005 770 5047 nos
804 4985 1040 5065 probris
1096 4991 1378 5064 appetant
1413 5003 1426 5044 :
1464 4981 1567 5042 sed
1605 4999 1762 5041 nunc
1795 5001 2032 5062 quoque

391 5075 642 5136 ostende
671 5075 893 5156 aliquid
927 5074 1171 5152 dignum
1209 5084 1304 5133 tua
1335 5070 1698 5150 benignitate
1721 5079 1778 5130 et
1811 5071 2030 5150 majes-

393 5171 531 5238 tate,
567 5163 636 5223 ad
673 5165 919 5241 gloriam
956 5163 1040 5223 tui
1073 5161 1356 5236 nominis,
1394 5169 1452 5222 et
1482 5162 1552 5220 ad
1609 5167 1895 5234 nostram,
1930 5161 2030 5240 qui

393 5253 620 5313 veritati
650 5254 976 5328 credimus,
1012 5251 1430 5331 gloriationem
1466 5259 1524 5310 et
1553 5249 2029 5313 exsultationem.

468 5421 580 5484 (10)
622 5420 871 5476 Leonem
910 5420 1034 5475 scit.
1067 5430 1120 5476 et
1155 5420 1359 5474 Irenen
1393 5421 1539 5487 Aug.
1576 5416 1866 5486 intelligit.

466 5491 584 5556 (lt)
624 5489 958 5545 luci-ndium
999 5491 1159 5546 nibis
1211 5488 1699 5558 Constantinopol.
1737 5489 1870 5544 anni
1903 5488 2028 5549 465.

397 5560 477 5614 De
527 5562 633 5615 hoc.
685 5561 946 5616 incendio
999 5561 1122 5614 νὶιὶι-
1161 5563 1216 5614 tl
1272 5569 1326 5614 et
1359 5559 1448 5614 29.
1487 5559 1754 5616 Decemb.
1791 5562 1848 5614 in
1892 5559 2031 5616 Vitis

398 5631 539 5688 Dan.
593 5630 830 5703 Stylitze,
882 5641 939 5688 et
989 5631 1238 5689 Marcelli
1291 5629 1625 5689 archimand
1681 5629 1909 5702 livag.l
1973 5631 2026 5687 2.

2112 4808 2286 4881 ἡμῶν,
2335 4807 2471 4881 μηδὲ
2525 4818 2632 4865 τῶν
2703 4811 3021 4887 ἐγγιζόντων
3082 4815 3212 4886 ἡμῖν
3272 4815 3558 4891 ’Λρειανῶν
3618 4808 3737 4864 στό-

2112 4920 2254 4972 ματα
2312 4897 2611 4974 ὀνειδισμὸν
2669 4899 2903 4956 λάϐωσιν
2961 4901 3022 4979 ἐφ
3077 4905 3240 4973 ἡμᾶς·
3308 4902 3442 4958 ἀλλὰ
3475 4903 3641 4968 δεῖξόν
3693 4917 3739 4951 τι

2111 4987 2198 5041 καὶ
2227 4993 2314 5040 νῦν
2358 4986 2498 5051 ἄξιον
2527 4993 2624 5054 τῆς
2684 4991 2779 5055 σῆς
2817 4991 3190 5069 χρηστότητος
3221 4994 3314 5048 καί
3374 4990 3742 5067 μεγαλωσύνης

2113 5077 2184 5138 εἷς
2221 5075 2371 5140 δόξαν
2430 5084 2521 5133 τοῦ
2552 5079 2812 5153 ὀνόματός
2871 5102 2986 5150 σου,
3023 5082 3107 5136 καὶ
3151 5083 3306 5155 ἡμῶν
3362 5083 3465 5136 τῶν
3513 5081 3563 5136 ἐν
3608 5078 3741 5141 ἁλη-

2112 5165 2224 5236 θείᾳ
2254 5168 2577 5222 πιστεὸντων
2608 5169 2869 5247 καύχημά
2900 5190 2956 5223 τε
2988 5172 3073 5224 καὶ
3106 5169 3432 5246 ἁγαλλίαμα,

2185 5436 2235 5476 c.
2273 5419 2356 5477 t3.

2188 5491 2301 5559 (12)
2338 5495 2454 5550 lioc
2497 5493 2663 5550 etiam
2699 5496 2930 5551 nomine
2989 5507 3377 5563 nuncupatam
3411 5512 3536 5553 esse
3565 5489 3744 5563 basili-

2115 5575 2238 5643 cam
2270 5567 2605 5643 Anastnsize,
2638 5567 2790 5636 quod
2817 5566 2870 5621 in
2905 5582 2972 5643 eo
3003 5567 3129 5624 lcco
3158 5561 3322 5640 (ἔνθα.
3353 5561 3739 5643 Νδεῑιηηρυι-

2115 5636 2294 5708 pilum
2327 5637 2394 5694 ad
2439 5639 2747 5696 conciones
2776 5639 3075 5710 eiexisset,
3108 5636 3388 5700 memorat
3447 5636 3736 5698 Baronius.
