4018 6136
229 310 328 382 441

1275 311 1465 378 VlTA
1508 314 1570 378 S.
1617 315 1995 380 MARCIANI
2040 315 2548 382 PRESBYTERI.

3485 300 3602 376 442

295 457 364 514 υ.
421 456 608 510 ταῦτα
636 444 886 529 λέγοντος
947 443 1148 504 ἐκείνου
1201 447 1290 504 καὶ
1345 448 1407 505 τὸ
1436 447 1658 529 δάκρυον
1702 447 1865 529 ἔπέῤ-

2030 447 2101 510 Χ.
2129 449 2267 513 Haec
2288 470 2426 514 cum
2457 452 2561 516 ille
2589 450 2837 527 diceret,
2863 450 2982 514 una
3007 468 3141 513 cum
3168 445 3361 512 verbis
3385 446 3599 511 efflue-

219 541 291 619 ῥει
343 553 460 608 τοῖς
489 538 706 620 λόγοις,
753 539 839 595 καὶ
870 536 969 604 τὴν
1027 536 1213 617 ψυχὴν
1266 536 1402 594 εἵσω
1444 539 1696 609 τήκεσθαι
1727 560 1870 617 παρ-

221 627 427 700 εδήλου.
458 629 609 686 Εἶτα
637 629 698 685 τὸ
731 627 907 702 ’Λμὴν
938 624 1275 706 ἐπειπόντος,
1310 626 1487 702 ἑώρων
1515 628 1708 694 πάντες
1736 649 1871 711 σχεο

219 718 301 775 δὸν
329 722 376 776 οἱ
432 716 703 795 παρόντες
758 717 825 772 τὰ
879 716 976 792 μὲν
1034 716 1220 795 πρῶτα
1263 718 1324 773 τὸ
1393 717 1495 795 πῦρ
1566 717 1742 791 κύκλῳ
1783 722 1875 774 τοῦ

219 808 411 868 παντὸς
481 805 647 864 οἴκου
702 803 1020 882 διασυρίζον,
1080 805 1168 862 καὶ
1214 804 1309 873 τὴν
1381 806 1554 885 ὁρμὴν
1597 809 1718 864 οἷον
1789 803 1874 863 ἐπ’

218 897 419 955 ἐκεῖνον
481 897 834 972 ποιούμενον
882 893 989 952 εἴθ’
1034 892 1198 960 οὕτως
1249 896 1566 975 ὑποχωροῦν
1596 897 1683 952 καὶ
1739 895 1874 951 ἀνα-

219 985 583 1061 κοπτόμενον,
628 985 864 1062 καθάπερ
922 984 1023 1040 ὑπό
1083 1005 1226 1047 τινος
1270 983 1489 1064 ἇμάχου
1518 987 1606 1042 καὶ
1646 987 1871 1065 ἰσχυρο-

222 1076 376 1142 τάτης
407 1073 720 1150 δυνάμεως.
769 1071 989 1148 Ἀμέλει
1034 1075 1125 1130 καὶ
1183 1075 1211 1128 ὁ
1270 1074 1407 1151 ἱερὸς
1451 1070 1610 1137 οὗτος
1663 1075 1873 1147 οἶκτος,

221 1165 388 1242 ὥσπερ
418 1165 489 1221 τὰ
523 1169 637 1221 τῶν
666 1164 819 1221 θείων
861 1160 1065 1219 παίδων
1094 1162 1227 1220 ποτὲ
1289 1163 1537 1238 σώματα,
1574 1162 1699 1228 ὅλος
1730 1164 1872 1220 ἀπα-

222 1255 328 1333 θὴς,
359 1253 489 1317 ὅλος
533 1251 811 1330 ἄψαυστος
867 1252 922 1308 ἐν
966 1254 1088 1330 πυρὶ
1118 1252 1375 1328 τοσούτῳ,
1414 1253 1606 1329 Χριστὲ
1666 1256 1868 1328 Σῶτερ,

219 1341 531 1422 ὅιιτηρήθη,
600 1344 698 1402 Καὶ
742 1344 802 1399 οὗ
856 1350 1012 1401 τοῦτο
1070 1343 1258 1417 μόνον,
1303 1344 1376 1406 ὡς
1436 1342 1540 1411 ἤδη
1584 1345 1872 1423 φθάσαντες

220 1432 439 1512 ἔφημεν,
476 1431 625 1489 ἀλλᾶ
685 1432 771 1488 καὶ
799 1429 936 1488 ἄλλα
986 1430 1284 1505 πάμπολλα
1326 1437 1433 1488 τῶν
1475 1434 1779 1507 θαυμασίων
1821 1431 1874 1487 ἐν

217 1520 343 1595 τῳδε
372 1528 452 1596 τῷ
484 1527 606 1595 ναῷ
633 1518 920 1579 δείκνυται·
954 1518 1127 1577 πολλὰ
1160 1521 1259 1596 μὲν
1290 1524 1377 1579 καὶ
1432 1522 1554 1579 τότε
1585 1520 1669 1579 διὰ
1721 1529 1872 1599 Μαρ-

218 1610 415 1680 κιανοῦ,
454 1609 638 1667 πολλὰ
696 1608 751 1666 δὲ
792 1610 880 1666 καὶ
925 1610 1060 1685 μετὰ
1114 1608 1368 1678 τελευτὴν
1414 1611 1637 1692 ἐκείνου,
1668 1611 1733 1670 τὰ
1776 1611 1875 1686 μὲν

214 1704 334 1767 τῆς·
365 1698 622 1778 μεγάλης
679 1699 732 1754 ὲν
784 1699 1040 1775 μάρτυσιν
1109 1697 1485 1775 Ἀναστασίας,
1552 1701 1619 1757 τὰ
1676 1698 1730 1756 δὲ
1789 1702 1874 1756 καὶ

217 1790 373 1857 αὗτῆς
429 1794 538 1856 τῆς
600 1790 789 1855 κοινῆς
849 1786 1125 1865 βασιλίδος
1171 1790 1407 1858 πάντων,
1442 1795 1540 1857 τῆς
1583 1790 1872 1870 ἁχράντου,

214 1880 369 1958 φημὶ,
425 1879 698 1935 Θεοτόκου
746 1875 1139 1956 διενεργούσης,
1200 1879 1287 1935 καὶ
1347 1876 1579 1954 μάλιστα
1611 1879 1871 1959 -ἒναργῶς

215 1953 325 2032 τοῖς
382 1965 834 2042 σπουδαιοτέροις
868 1953 939 2022 ἔν’
965 1970 1109 2041 αὖτῷ
1169 1953 1576 2048 διαφαινομένη.
1610 1953 1677 2024 “Η
1731 1953 1873 2044 μετὰ

216 2067 307 2117 τοῦ
341 2058 615 2127 συνήθους
648 2057 958 2136 σχήματος,
991 2058 1077 2113 καὶ
1111 2063 1204 2113 τοῦ
1248 2056 1446 2131 εἴδους,
1482 2057 1578 2113 οὒκ
1608 2055 1733 2135 ὄναρ
1763 2058 1869 2133 μό·

217 2167 324 2219 νον,
354 2144 497 2203 ἀλλὰ
557 2146 646 2203 καὶ
704 2144 865 2225 ὕπαρ,
899 2146 1088 2202 πάθεσί
1143 2167 1197 2201 τε
1258 2148 1347 2203 καὶ
1390 2144 1599 2222 δαίμοσι
1643 2148 1732 2204 καὶ
1774 2170 1871 2205 νο·-

220 2234 415 2308 σῆμασι
474 2235 654 2314 φυγῆς
712 2233 852 2290 αἰτία
910 2236 1243 2309 καθίσταται,
1291 2235 1641 2314 φαρμακείαις
1686 2257 1744 2292 τε
1785 2246 1875 2303 καὶ

220 2321 394 2387 ἄλλοις
474 2336 674 2387 κακοῐς
757 2322 1036 2403 φάρμακόν
1102 2325 1246 2380 εστίν
1316 2324 1557 2404 ἀτεχνῶς
1629 2327 1868 2406 ἄμαχον.

220 2411 382 2470 Ἀλλὰ
439 2420 613 2470 ταῦτα
657 2412 756 2488 μὲν
787 2411 878 2468 καὶ
929 2409 1099 2469 λέθειν
1150 2412 1307 2477 ἆθλος
1366 2417 1461 2472 οὐκ
1503 2413 1755 2488 εὐπετὴς,
1789 2415 1874 2470 καὶ

224 2501 461 2580 ἀριθμεῖν
520 2503 647 2560 ἴσον
715 2501 827 2559 ἐστὶ
897 2501 985 2557 καὶ
1039 2501 1218 2576 κυάθῳ
1284 2504 1345 2559 τὸ
1401 2501 1632 2582 πέλαγος
1703 2502 1869 2579 ἐκμε-

223 2603 383 2665 τρεῖν,

300 2678 384 2737 ιΑ¹
398 2726 413 2741 .
472 2679 604 2739 ’Ὅτι
635 2678 691 2737 δὲ
725 2682 803 2755 μὴ
834 2688 1030 2754 ζῶντες
1069 2681 1234 2758 μόνον
1267 2682 1326 2738 τὸ
1357 2680 1414 2737 εὖ
1466 2687 1583 2758 ζῇν,
1619 2680 1756 2738 ἀλλὰ
1783 2684 1870 2739 καὶ

226 2769 534 2836 τεθνηκότες
596 2768 701 2838 ἤνη
733 2772 795 2827 τὸ
847 2777 946 2848 ζῇν
976 2769 1115 2834 ὅλως
1151 2773 1206 2827 έν
1246 2770 1376 2846 τῷδε
1432 2778 1510 2844 τῷ
1540 2773 1650 2846 ναῷ
1706 2771 1867 2829 ἀπει-

228 2853 471 2938 λήφασιν,
504 2861 534 2916 ὁ
594 2857 753 2937 λόγος
798 2858 902 2928 ἤδη
963 2858 1202 2927 δηλῶσαι
1233 2858 1556 2936 βουλόμενςς
1589 2859 1726 2937 εὕροι
1772 2862 1867 2925 τὰς

234 2945 381 3013 ἀκοὰς
435 2954 541 3005 τῶν
588 2949 865 3029 παρόντων
920 2947 1264 3015 ὑποδέξασθαι
1320 2950 1383 3004 τὸ
1436 2952 1609 3024 θαῦμα
1668 2951 1865 3028 προθύ-

239 3055 377 3107 μους.
422 3039 557 3108 Γυνή
589 3059 672 3100 τις
731 3038 790 3094 ἐκ
821 3045 920 3104 τῆς
950 3039 1190 3119 ὑπερῴου
1231 3043 1392 3103 στοᾶς
1422 3045 1527 3094 τῶν
1585 3039 1868 3113 εὐωνύμων

1954 536 2120 610 bant,
2155 540 2450 621 lacrymae,
2484 550 2544 604 et
2591 541 2987 604 ostendebant
3034 557 3167 602 eum
3222 538 3380 601 intus
3428 544 3600 599 exta-

1957 626 2224 691 bescere.
2287 630 2518 693 Deinde
2547 650 2681 693 cum
2714 630 3140 710 subiunxisset,
3175 629 3389 707 Amen,
3434 625 3602 687 vide-

1956 715 2097 777 bant
2147 737 2358 780 omnes
2407 721 2529 783 fere
2578 720 2681 799 qui
2729 721 2998 795 aderant,
3046 719 3302 799 primum
3353 715 3597 797 quidem

1958 804 2161 885 ignem
2197 807 2564 871 sibillantem
2597 810 2754 872 circa
2783 818 2962 872 totam
2992 808 3203 881 aedem,
3239 814 3296 867 et
3344 805 3403 866 in
3433 803 3593 866 illam

1960 893 2273 958 facientem
2332 897 2671 978 impetum:
2716 900 2933 961 deinde
2989 917 3127 960 vero
3183 895 3594 967 recedentem,

1962 991 2020 1044 et
2076 985 2253 1047 veluti
2287 1004 2627 1067 repressum
2661 1007 2696 1050 a
2746 988 2995 1069 quadam
3047 983 3494 1066 inexpugnabili
3541 992 3601 1046 et

1961 1072 2279 1136 fortissima
2306 1077 2543 1141 virtute.
2585 1079 2757 1141 Certe
2789 1079 2914 1141 haec
2946 1095 3184 1158 quoque
3213 1092 3380 1136 sacra
3410 1074 3592 1149 mdes,

1956 1168 2257 1243 quomodo
2282 1165 2617 1229 divinorum
2653 1186 2972 1249 puerorum
2996 1165 3312 1247 aliquando
3345 1182 3596 1244 corpora

1957 1259 2077 1315 tota
2106 1253 2309 1330 illaesa,
2348 1264 2465 1317 tota
2520 1259 2757 1331 intacta,
2794 1259 2852 1318 in
2888 1267 3073 1331 tanto,
3108 1275 3141 1317 ο
3175 1254 3408 1318 Christe
3464 1251 3601 1315 Ser-

1955 1351 2141 1419 vator,
2182 1346 2311 1424 igne
2337 1355 2426 1407 est
2456 1357 2821 1411 conservata.
2854 1347 2974 1410 Nec
2997 1349 3110 1409 hoc
3140 1346 3358 1417 solum,
3391 1351 3452 1405 ut
3472 1344 3595 1421 jam

1958 1440 2094 1492 ante
2140 1432 2418 1510 diximus,
2451 1437 2553 1497 sed
2592 1436 2847 1516 plurima
2899 1454 3137 1517 quoque
3164 1435 3278 1496 alia
3327 1431 3595 1494 admira-

1959 1519 2101 1581 bilia
2150 1522 2212 1582 in
2245 1523 2356 1584 hoc
2397 1525 2616 1606 templo
2650 1526 3048 1588 ostenduntur
3079 1545 3093 1586 :
3147 1525 3329 1585 multa
3357 1521 3598 1602 quidem

1960 1619 2017 1671 et
2049 1623 2190 1673 tunc
2242 1631 2348 1693 per
2378 1615 2758 1689 Marcianum,
2798 1616 2980 1677 multa
3032 1622 3229 1676 autem
3265 1619 3395 1693 post
3438 1609 3599 1671 illius

1958 1717 2201 1781 quoque
2258 1712 2532 1781 mortem,
2595 1706 2806 1785 partim
2867 1705 3107 1787 quidem
3180 1719 3389 1780 magna
3444 1700 3600 1761 inter

1897 1804 1935 1854 Β
1960 1801 2246 1870 martyres
2274 1792 2582 1855 Anastasia
2615 1814 2629 1855 :
2689 1795 2899 1875 partim
2953 1802 3146 1857 autem
3178 1794 3306 1873 ipsa
3360 1807 3599 1871 quoque

1955 1880 2259 1941 communi
2312 1882 2576 1944 omnium
2633 1886 2861 1964 regina,
2896 1885 3271 1955 inte‘merata,
3323 1880 3592 1960 inquam,

1955 1967 2229 2048 Deipara,
2278 1980 2589 2050 operante.
2656 1974 2796 2045 Quae
2855 1973 3094 2054 quidem
3154 1966 3598 2032 evidentissime

1954 2074 2247 2136 apparens
2275 2059 2368 2134 iis,
2404 2061 2503 2140 qui
2533 2060 2593 2122 in
2625 2080 2695 2122 eo
2726 2071 2866 2124 sunt
2917 2063 3088 2142 paulo
3121 2059 3421 2131 meliores,
3456 2073 3594 2117 cum

1958 2144 2140 2224 ﬁgura
2170 2154 2224 2207 et
2279 2147 2469 2210 forma
2498 2160 2808 2226 consueta,
2848 2170 2963 2212 non
3016 2150 3206 2212 solum
3241 2150 3299 2209 in
3345 2145 3592 2217 somnis,

1957 2233 2059 2295 sed
2095 2252 2507 2317 revera,causa
2539 2248 2649 2316 est,
2678 2249 2741 2302 ut
2767 2241 3045 2320 fugentur
3073 2231 3602 2307 daemones,morbi

1955 2331 2014 2385 et
2043 2324 2427 2403 aegritudines
2456 2349 2470 2389 :
2502 2329 2927 2411 veneﬁciisque
2957 2340 3015 2390 et
3041 2329 3171 2390 aliis
3201 2325 3370 2387 malis
3401 2321 3593 2411 medi-

1956 2422 2290 2476 camentum
2336 2433 2479 2479 vere
2511 2432 2599 2480 est
2627 2410 3106 2500 inexpugnabile.
3151 2416 3268 2480 Sed
3301 2415 3425 2475 haec
3457 2410 3596 2492 qui-

1955 2501 2091 2564 dem
2125 2502 2331 2567 dicere
2354 2514 2658 2569 certamen
2688 2517 2776 2569 est
2803 2527 2921 2570 non
2952 2507 3214 2576 facile.et
3242 2518 3598 2567 enumerare

1954 2591 2209 2671 perinde
2239 2602 2331 2655 est
2359 2613 2428 2656 ac
2455 2613 2618 2658 mare
2651 2597 2846 2659 metiri
2877 2597 3108 2678 cyatho.

2034 2680 2112 2743 XI
2169 2681 2336 2754 Quod
2368 2693 2561 2747 autem
2594 2705 2713 2749 non
2748 2686 2941 2749 solum
2975 2687 3107 2761 vivi,
3145 2692 3208 2746 ut
3237 2691 3399 2745 recte
3432 2682 3593 2743 vive-

1953 2780 2110 2851 rent,
2143 2772 2247 2834 sed
2308 2773 2484 2835 etiam
2508 2777 2629 2852 jam
2688 2777 2926 2846 mortui,
2962 2783 3024 2836 ut
3051 2774 3336 2847 viverent,
3375 2771 3434 2833 in
3484 2771 3595 2833 hoc

1950 2861 2173 2943 templo
2201 2873 2587 2943 acceperunt,
2612 2865 2736 2946 jam
2776 2865 2990 2928 volens
3019 2864 3328 2926 declarare
3379 2861 3590 2935 oratio,

1951 2949 2212 3014 inveniat
2233 2970 2464 3027 eorum,
2490 2954 2590 3033 qui
2614 2954 2850 3030 adsunt,
2876 2972 3051 3017 aures
3075 2960 3308 3034 paratas
3336 2951 3407 3013 ad
3442 2949 3595 3011 acci-

1951 3039 2236 3120 piendum
2262 3041 2639 3106 miraculum.
2673 3042 2883 3106 Mulier
2903 3042 3171 3125 quaedam
3205 3059 3273 3103 ex
3305 3037 3601 3121 superiori

241 3124 399 3201 μερῶν
439 3127 864 3207 ὑπερκῦπτουσα,
921 3130 1009 3185 καὶ
1067 3126 1232 3184 πλέον
1292 3126 1328 3195 ἢ
1384 3126 1635 3207 ἀσφαλῶς
1707 3130 1868 3209 εἶχεν

1957 3128 2184 3209 porticu
2214 3129 2469 3193 dexterae
2494 3132 2675 3212 partis
2698 3124 3122 3213 despiciens,et
3152 3131 3484 3212 plns,quam
3511 3137 3598 3190 tu-

243 3213 546 3289 αίωρηθεϊσα
608 3217 790 3273 πίπτει
848 3238 907 3273 τε
963 3216 1077 3291 ἅμα
1149 3223 1240 3273 τοῦ
1293 3214 1481 3292 ὕψους,
1545 3218 1637 3273 καί
1703 3230 1869 3297 οεκροῑ

1956 3227 2076 3280 tum
2103 3227 2279 3295 esset,
2307 3239 2374 3281 se
2406 3219 2465 3280 in
2499 3221 2679 3282 altum
2714 3221 3025 3292 extollens,
3053 3219 3227 3281 simul
3259 3229 3314 3280 et
3337 3219 3493 3280 cadit
3524 3236 3597 3280 ex

252 3300 339 3373 μὶν
377 3303 582 3386 ἑαυτὴν,
616 3318 800 3384 νεκροτ
855 3303 935 3386 δὲ,
970 3312 1067 3384 φεῦ
1101 3305 1115 3364 !
1177 3306 1264 3361 καὶ
1302 3306 1365 3361 τὸ
1419 3305 1554 3361 εῗσω
1596 3307 1757 3374 αὐτῆς
1785 3309 1869 3363 οἰ-

1956 3306 2106 3370 alto:
2140 3317 2198 3371 et
2221 3308 2335 3369 sibi
2366 3309 2607 3389 quidem
2645 3319 2896 3373 mortem
2943 3312 3137 3384 aﬂ'ert,
3169 3308 3338 3370 affert
3367 3316 3589 3388 autem,

256 3397 449 3481 κῳροῦν
498 3391 745 3472 ἓμϐρυον,
806 3392 980 3470 ’Ὀπερ
1036 3393 1229 3459 ίδόντες
1259 3393 1289 3449 ὃ
1331 3414 1388 3451 τε
1418 3397 1562 3457 θεῖος
1623 3402 1869 3474 Μαρκια-

1956 3398 2100 3477 proh
2114 3398 2555 3465 dolor,mortem
2578 3419 2818 3481 quoque
2832 3400 2969 3462 fetui
2993 3401 3090 3481 qui
3110 3399 3169 3459 in
3185 3417 3255 3460 ea
3268 3396 3588 3461 habitabat.

257 3477 357 3565 νθς,
388 3481 547 3539 καὶτὸ
586 3483 816 3554 πλῆθος,
852 3486 1031 3564 φὸρειν
1093 3484 1187 3539 οὑκ
1217 3484 1408 3564 εἶχον,
1441 3482 1576 3541 ἀλλὰ
1621 3485 1676 3541 ἐν
1727 3485 1867 3563 μέσῃ

1956 3482 2117 3557 Quod
2152 3486 2391 3565 quidem
2427 3506 2561 3548 cum
2595 3477 2879 3550 vidissent
2918 3477 3152 3549 divinus
3181 3484 3513 3550 Marcianus
3533 3493 3594 3546 et

247 3564 306 3631 τῆ
351 3568 492 3647 ἑορτῇ
519 3575 710 3650 θρῆνος
761 3572 856 3651 ἦν,
889 3573 979 3629 καὶ
1040 3570 1278 3652 δακρύων
1323 3573 1539 3652 ἀφορμὴ
1595 3576 1657 3631 τὸ
1715 3576 1867 3653 γινό·

1956 3564 2231 3655 populus,
2255 3575 2309 3635 id
2335 3575 2494 3637 ferre
2514 3593 2630 3638 non
2655 3584 2957 3657 poterant:
2991 3577 3096 3638 sed
3126 3577 3184 3637 in
3220 3573 3416 3636 medio
3442 3574 3591 3635 festo

239 3674 401 3748 μενον.
432 3659 579 3729 Πλὴν
635 3660 755 3718 ἀλλ’
789 3666 886 3721 οὒκ
952 3660 1134 3718 εἴασεν
1177 3663 1206 3718 ὃ
1264 3663 1413 3741 φύσει
1459 3665 1700 3742 χρηστὸς
1743 3664 1866 3721 ἐπιδ

1956 3672 2077 3724 erat
2094 3663 2440 3727 lamentatio
2463 3674 2520 3727 et
2546 3666 2940 3748 lacrymaru'm
2968 3666 3201 3729 occasio
3223 3664 3283 3726 id
3305 3662 3461 3744 quod
3486 3681 3591 3724 ac-

236 3743 361 3837 πολὺ
396 3756 657 3826 κρατῆσαι
688 3753 750 3807 τὸ
808 3754 999 3831 παθος,
1032 3750 1171 3807 ἀλλὰ
1228 3753 1340 3830 πρὶν
1398 3752 1434 3819 ἢ
1464 3754 1556 3808 τὸν
1598 3755 1723 3811 ναὸν
1778 3753 1866 3820 ἐξ·

1956 3752 2196 3816 ciderat.
2232 3753 2451 3816 Verum
2476 3743 2780 3818 enimvero
2814 3756 2866 3819 is
2887 3758 2987 3837 qui
3019 3772 3111 3818 est
3141 3743 3349 3817 natura
3374 3753 3588 3827 bonus,

237 3831 396 3891 ελθεϊν
448 3839 574 3901 τούς
618 3838 1053 3918 συνειλεγμένους
1114 3837 1239 3919 (ἔδει
1282 3841 1381 3919 γὰρ
1440 3843 1574 3915 ὁμοῦ
1603 3843 1697 3899 καί
1742 3843 1865 3922 φιλ-

1956 3859 2068 3901 non
2089 3841 2230 3903 sinit
2250 3844 2349 3905 diu
2383 3844 2678 3906 dominari
2698 3846 2860 3907 illam
2887 3831 3397 3908 aﬂ‘ectionemzsed
3420 3851 3590 3904 ante-

233 3925 513 4002 ανθρωπίας
591 3936 747 4009 Θεοῦ,
805 3936 895 3985 καί
964 3930 1083 4006 περὶ
1158 3929 1275 3994 τοὺς
1344 3930 1503 3986 αὐτὸν
1586 3932 1866 4011 φιλοῦντας

1956 3949 2124 4009 quam
2177 3950 2210 3993 e
2266 3933 2486 4013 templo
2534 3936 2787 4015 exirent,
2823 3937 2924 4017 qui
2972 3935 3310 4014 congregati
3361 3933 3596 3995 fuerant

232 4009 374 4118 ἔργον
430 4014 589 4118 δόξης
649 4017 940 4118 όφθῆναι),
977 4019 1119 4118 ί)ψοῦ
1160 4018 1274 4118 τὰς.
1309 4032 1508 4097 χετρας
1567 4009 1869 4097 Μαρκιανοῦ

1956 4021 2290 4118 (oportebat
2312 4009 2470 4118 enim
2496 4024 2671 4086 simul
2696 4035 2753 4088 et
2774 4009 2884 4088 Dei
2913 4009 3262 4099 clementiae,
3291 4033 3348 4118 et
3380 4022 3439 4083 in
3463 4040 3590 4118 eos,

234 4105 458 4186 ἄραντος,
491 4108 584 4164 καὶ
616 4108 707 4164 σὺν
763 4114 839 4182 τῷ
880 4105 1071 4177 πλήθει
1119 4108 1309 4171 κοινῶς
1368 4109 1686 4188 εὸχομένου,
1718 4110 1753 4179 ἤ
1812 4134 1867 4168 τε

1970 4113 2068 4190 qui
2091 4114 2284 4193 ipsum
2318 4113 2614 4190 amabant,
2639 4115 2845 4195 glorias
2873 4135 3022 4196 opus
3050 4113 3337 4193 conspici)
3363 4130 3498 4173 cum
3531 4111 3591 4171 in

230 4191 353 4266 γυνὴ
392 4192 707 4268 παραδόξως
753 4195 1024 4270 ἀνίστατο,
1071 4197 1164 4253 καῖ
1211 4196 1272 4251 τὸ
1313 4196 1502 4275 βρέφος
1545 4197 1690 4257 ἔνδον
1732 4204 1864 4257 θαυ-

1956 4191 2130 4264 altum
2154 4221 2365 4265 manus
2383 4191 2723 4266 sustulisset
2746 4191 3171 4282 Marcianus,et
3192 4191 3593 4266 communiter

232 4284 430 4351 μαστῶς
487 4283 746 4348 ἐκινεῖτο,
780 4283 949 4341 Ἀλλὰ
1008 4285 1072 4341 τὰ
1136 4283 1234 4360 μὲν
1291 4285 1398 4342 τών
1438 4288 1722 4362 θαυμάτων
1776 4297 1863 4347 νὺν

1956 4301 2294 4354 oraretcum
2332 4295 2571 4373 populo,
2602 4303 2656 4356 et
2691 4294 2905 4357 mulier
2936 4294 3192 4357 surrexit
3221 4300 3433 4374 praeter
3453 4290 3615 4370 opi-i

232 4364 337 4432 ἅλιες
378 4369 578 4452 ἐχέτω.

304 4547 413 4640 ιΒῇ,
439 4562 566 4640 ,Δεῖ
604 4549 657 4607 δὲ
698 4551 915 4614 πάντως
971 4555 1049 4624 τῷ
1093 4549 1239 4640 λόγῳ
1270 4548 1545 4640 διαλαϐεῖν
1599 4558 1687 4614 καὶ
1741 4565 1860 4640 περὶ

230 4637 325 4691 τῶν
368 4637 547 4697 ἄλλ-σιν
595 4642 670 4698 ὧν
712 4640 920 4703 ἐκεῖνος
967 4646 1105 4696 ναῶν
1150 4639 1412 4722 φιλοθέως
1456 4637 1863 4724 ᾠκοδομήσατο,

234 4724 468 4815 βίρήνης,
503 4727 676 4807 φημὶ,
713 4735 811 4797 τῆς
867 4731 1164 4805 θαυμασίας
1196 4728 1249 4784 ἐν
1309 4731 1585 4809 μάρτυσιν,
1620 4733 1675 4799 ὅς
1735 4739 1862 4815 πρὸς

231 4810 479 4900 θάλασσάν
539 4816 650 4874 ἐστι
682 4820 948 4888 κείμενος·
1010 4820 1219 4877 καὶτοῦ
1260 4821 1596 4900 ὁπεχομένου
1649 4810 1858 4900 τούτου,

231 4894 478 4983 Ἰσιδώρου
535 4904 744 4975 δηλαδή
782 4918 868 4967 τοῦ
925 4910 1091 4968 θείου.
1139 4908 1305 4972 Οὗτος
1492 4915 1535 4971 ,ὁ
1564 4919 1664 4980 τῆς
1722 4894 1860 4994 μείρἑ

231 5008 366 5066 τυρος
426 4996 657 5074 Εἰρήνης
718 4999 845 5061 ναὸς
897 4996 1163 5077 ἐτύγχανε
1208 4997 1306 5067 μὲν
1364 4999 1462 5057 τὶν
1508 5001 1686 5082 ἀρχὴν
1743 5005 1861 5063 οὕτε

1943 4379 2211 4460 nionem,
2245 4389 2305 4443 et
2348 4383 2507 4442 intus
2543 4392 2738 4444 motus
2768 4394 2858 4445 est
2907 4384 3101 4445 infans
3130 4380 3587 4443 admirabiliter.

1880 4470 2167 4566 DSedde
2191 4470 2489 4566 miraculis
2520 4471 2764 4548 quidem
2799 4473 2942 4566 satis
2973 4472 3051 4566 sit
3079 4473 3139 4534 in
3165 4470 3499 4552 prmseutia.

2029 4557 2154 4622 XII.
2186 4558 2435 4640 Oportet
2461 4569 2657 4623 autem
2688 4562 2931 4623 omnino
2963 4564 3075 4624 aiia
3105 4579 3339 4642 quoque
3371 4560 3592 4638 templa

1947 4648 2264 4728 complecti
2288 4650 2576 4723 oratione,
2610 4669 2741 4727 quae
2771 4651 2874 4713 ille
2896 4654 2988 4729 pie
3009 4671 3076 4713 ac
3106 4651 3383 4728 religiose
3409 4649 3593 4710 aedifi-

1947 4739 2119 4802 cavit:
2148 4740 2376 4813 Irenes,
2406 4740 2672 4821 inquam,
2699 4759 2827 4821 qum
2856 4750 2943 4802 est
2971 4742 3127 4803 inter
3157 4750 3448 4820 martyres
3477 4739 3589 4799 ad-

1948 4828 2258 4903 mirabilis,
2293 4830 2448 4909 quod
2477 4839 2561 4891 est
2586 4831 2656 4891 ad
2687 4849 2850 4892 mare
2883 4832 3223 4911 positumzet
3245 4830 3394 4908 ejus,
3431 4829 3587 4908 quod

1948 4926 2032 4979 est
2074 4918 2157 4979 illi
2191 4919 2525 4993 continens,
2553 4919 2732 4981 divini
2762 4921 2992 4982 scilicet
3014 4920 3242 4983 lsidori.
3282 4919 3402 4980 Hoc
3425 4918 3583 4979 enim

1947 5008 2234 5089 templum
2263 5007 2533 5089 martyris
2552 5010 2753 5071 lrenes
2778 5020 2902 5072 erat
2924 5011 3159 5091 quidem
3179 5011 3237 5070 in
3264 5008 3584 5090 principio,

231 5081 447 5179 μεγέθει,
492 5085 611 5142 οὔτε
681 5085 892 5160 κάλλει,
960 5087 1079 5144 οὒτε
1124 5085 1273 5179 ἄλλῳ
1341 5087 1529 5162 κόσμῳ
1570 5092 1667 5148 καὶ
1737 5110 1857 5162 ταῖς

1956 5081 2135 5178 neque
2160 5081 3053 5178 propter'magnitudinemjec
3083 5081 3583 5179 pulchritudinem

232 5166 538 5246 Φιλοτιμίαις
582 5174 887 5241 ἀξιοθέατος
929 5176 1024 5232 ὤν’
1080 5173 1198 5233 ἄλλ’
1222 5175 1380 5251 ἔμελε
1425 5180 1501 5236 τῶ
1562 5189 1677 5258 Θεῷ
1720 5187 1855 5242 πάνυ

1956 5166 2059 5248 ηεέ
2086 5166 2471 5248 υΙίυηίεΙξυιη
2507 5166 2777 5249 ονῐηεῑυηι
2810 5197 2909 5249 aut
2932 5166 3455 5267 magriiticentiam,
3488 5187 3585 5249 di-

236 5276 330 5324 τως
383 5264 453 5328 εἰς
485 5268 604 5321 οἷον
665 5267 751 5320 νῦν
796 5267 977 5344 δρᾶται
1023 5264 1242 5343 μέγεθός
1286 5287 1343 5322 τε
1388 5270 1473 5324 καὶ
1517 5271 1711 5337 κᾶλλος
1757 5278 1855 5333 αὖ-

1956 5294 2115 5354 gnum
2142 5278 2298 5357 quod
2320 5287 2713 5358 spectaretur.
2748 5278 2862 5339 Sed
2886 5280 3005 5340 Deo
3029 5264 3274 5339 omnino
3297 5293 3452 5338 curae
3475 5277 3585 5339 fuit

231 5351 310 5401 τὸν
375 5351 693 5421 ἀναστῆσαιξ
751 5353 910 5412 ’Ὅθεν
981 5357 1069 5412 καὶ
1114 5353 1371 5430 Γενναδίφ
1412 5364 1488 5432 τῷ
1543 5365 1851 5446 πατριάρχῃ

1956 5351 2206 5428 ἰ’ἱὺυειῖε
2238 5351 2584 5447 huic,quale
2613 5385 2769 5427 nunc
2792 5371 3080 5441 cernitur,
3116 5366 3582 5446 magnitudinem

231 5434 327 5536 θεία
381 5462 458 5506 τις
488 5442 818 5522 ἐπιφαίνεται
862 5443 1008 5520 ἅψις,
1077 5445 1175 5502 Καὶ
1207 5445 1241 5511 ἦ
1288 5442 1410 5519 ὄψις
1459 5446 1545 5504 ἕλε
1564 5434 1851 5527 μείλιΰὲὂῦ

1956 5465 1996 5533 ξι
2028 5434 2555 5535 pulchritudinem.
2581 5455 2979 5527 Quamobrem
3012 5434 3316 5520 Gennadio
3347 5474 3582 5536 quoque

235 5531 313 5577 τὸν
362 5532 476 5588 ναὸν
504 5539 713 5588 τοότον·
763 5531 947 5606 μέλλω
1002 5534 1125 5611 γὰρ,
1159 5533 1311 5610 φησὶ,
1346 5531 1429 5591 ἐπὶ
1483 5546 1575 5595 τοῦ
1604 5544 1739 5614 μετὰ
1795 5545 1852 5599 σὲ

236 5611 318 5634 ..Ῐῒ
449 5623 463 5634 ι
506 5623 518 5634 ι
604 5622 618 5634 ο
753 5629 775 5634 .-
888 5615 928 5634 ε,
1041 5623 1054 5634 ι
1156 5624 1181 5634 ν
1298 5624 1307 5634 ι
1634 5632 1643 5634 -
1750 5632 1771 5634 η

1956 5531 2285 5606 iatriarcbae
2331 5544 2525 5606 divina
2568 5546 2834 5626 quandam
2884 5555 3126 5628 apparet
3173 5546 3336 5610 visio.
3364 5531 3579 5610 _Dice-

234 5611 373 5671 πάλιν
412 5623 565 5679 αὐτὸν
596 5622 836 5702 ἆνιστῇν,
888 5615 944 5679 Ὀ
997 5623 1095 5700 μὲν
1124 5624 1212 5677 οὖν
1261 5624 1321 5677 τὸ
1351 5632 1687 5710 προσταχθὲν
1740 5632 1850 5710 ἅμα

1956 5643 2032 5697 rat
2079 5643 2275 5696 autem
2307 5633 2450 5695 visio
2487 5656 2499 5693 :
2549 5611 2721 5701 Solve
2750 5635 2863 5699 hoc
2913 5611 3198 5719 templum
3237 5653 3251 5700 :
3308 5644 3583 5715 tempore
