4018 6136
393 300 511 372 443

1688 311 1851 373 ΜΕΝ
1858 310 1968 372 SlS
2008 308 2458 372 JANUARIUS.

3644 301 3767 373 444

397 451 554 509 enim
604 442 686 509 tui
715 444 1081 509 successoris
1108 462 1238 507 sum
1298 443 1358 506 id
1390 463 1598 508 rursus
1645 443 2031 509 excitaturus.

2131 444 2205 500 ιιαί
2246 444 2338 500 τὸν
2409 444 2522 520 βίον
2579 441 2830 518 ἐπλήρου.
2885 443 3185 522 Μαρκιανὸς
3246 441 3301 501 δὲ
3374 448 3402 503 ὁ
3469 450 3618 515 θεῖος
3690 450 3770 512 εἰς

395 536 591 616 Atque
609 535 709 597 Ille
730 535 975 616 quidem
1003 532 1179 597 simul
1205 535 1436 613 jussum
1473 534 1759 615 implevit,
1784 542 1842 596 et
1861 533 2036 596 vitam

396 625 910 688 ﬁniit.Marcianus
932 633 1128 685 autem
1150 623 1250 685 ille
1268 624 1798 704 admirabilis,cum
1820 624 1890 685 ad
1911 624 2040 703 ejus

399 733 573 777 aures
600 714 969 795 pervenisset
991 714 1115 774 bzec
1141 713 1307 789 visio,
1334 723 1510 794 atque
1543 714 1595 775 ei
1620 714 1794 776 etiam
1831 714 2043 776 fuisset

399 805 611 867 tradita
659 823 883 881 magnae
935 802 1218 865 Ecclesiae
1268 804 1658 883 dispensatio,
1695 805 2040 866 existimans

400 895 697 956 somnium
722 894 778 954 id
806 893 876 954 ad
898 912 962 953 se
992 893 1250 967 deferre,
1272 894 1462 955 varias
1492 893 1647 972 apud
1678 912 1742 955 se
1774 893 2043 955 versabat

399 984 805 1062 cogitationes,
827 1001 1083 1062 quonam
1113 983 1286 1044 modo
1318 983 1448 1045 ﬁeri
1477 991 1698 1064 posset,
1732 993 1795 1045 ut
1824 984 1877 1044 ei
1900 1002 2039 1044 suc-

402 1073 642 1135 cederet
661 1074 772 1134 hoc
800 1091 948 1151 Opus
980 1091 1047 1133 ex
1068 1073 1385 1137 sententia.
1418 1074 1813 1135 lnscientibus
1844 1074 2044 1154 itaque

398 1163 526 1224 fere
577 1162 880 1236 omnibus,
925 1181 1060 1223 cum
1124 1164 1324 1241 paucis
1380 1164 1603 1246 aliquot
1670 1164 1809 1225 illuc
1860 1165 2040 1226 venit.

398 1251 630 1315 Deinde
661 1252 839 1313 etiam
875 1269 1010 1313 cum
1047 1252 1204 1331 ipsos
1256 1252 1534 1332 jussisset
1566 1252 1892 1315 recedere:
1922 1255 2040 1332 jam

399 1343 559 1403 enim
591 1354 715 1403 erat
741 1360 877 1403 nox:
917 1341 1079 1403 solus
1104 1349 1329 1419 etgenu
1358 1345 1633 1404 etanima
1654 1342 1775 1404 Deo
1801 1342 2046 1404 inclina-

401 1439 481 1504 ta,
520 1429 621 1492 ubi
677 1450 833 1492 nunc
862 1449 1032 1493 sacra
1077 1448 1177 1493 ara
1208 1440 1297 1493 est
1354 1430 1564 1512 posita,
1602 1434 1786 1506 Deus,
1818 1432 2042 1506 orabat,

401 1520 630 1599 dicens,
664 1522 766 1600 qui
798 1520 1161 1582 exsecranda
1193 1520 1408 1599 templa
1461 1521 1918 1583 simulacrorum
1950 1529 2048 1583 tuo

401 1617 551 1672 nutu
582 1618 640 1670 et
671 1610 913 1672 salutari
945 1610 1243 1671 Voluntate
1276 1610 1562 1682 evertisti,
1600 1610 1675 1672 ab
1708 1628 1911 1672 eorum
1938 1629 2047 1671 au-

403 1706 521 1759 tem
577 1698 931 1777 deceptione
962 1718 1109 1778 opus
1162 1707 1393 1761 tuarum
1431 1716 1710 1761 manuum
1759 1699 2046 1773 liberasti,

2122 533 2291 603 ἆκοήν
2318 556 2376 591 τε
2420 539 2517 600 τῆς
2548 533 2724 608 ὅψεως
2778 533 2974 600 ταύτης
3005 531 3191 608 ἐλθὼν,
3238 534 3375 592 ἀλλὰ
3427 540 3512 594 καί
3540 541 3639 608 τὴν
3684 542 3774 597 οἰ-

2123 623 2374 696 κονομίας
2405 621 2506 690 θ’.δῆ
2551 624 2650 688 τῆς
2710 621 2963 698 Μεγάλης
3015 622 3337 690 Ἐκκλησίας
3393 625 3771 709 ἐγχειρισθεὶς,

2123 712 2194 775 εἰς
2246 714 2404 769 αὐτὸν
2465 712 2640 790 φέρειν
2695 713 2787 767 τὸν
2859 713 3058 789 ὁνειρον
3104 714 3321 794 οἰηθεὶς,
3382 716 3634 780 ποκίλους
3705 719 3775 785 ἦν

2124 799 2362 879 στρέφων
2417 801 2535 858 καθ’
2594 801 2778 856 ἑαυτὸν
2824 798 3135 877 λογισμοὺς,
3185 809 3296 866 πῶς
3356 803 3416 860 ἂν
3475 808 3618 881 αὗτῷ
3675 807 3779 884 γέ..

2123 910 2269 946 νοιτο
2297 893 2390 947 καί
2446 888 2596 946 τουτῖ
2625 891 2685 945 τὸ
2732 888 2882 966 ἔργον
2927 890 3063 945 κατᾶ
3092 890 3211 945 νοῦν
3265 892 3557 969 ἀποβῆναι.
3591 897 3783 952 Λαθὼν

2124 987 2411 1055 τοιγαροῦν
2467 976 2661 1058 σχεδόν
2723 977 2986 1049 ἇπαττας,
3024 976 3143 1052 μετ’
3202 978 3395 1058 ὀλίγων
3452 990 3612 1040 τινῶν
3658 985 3784 1041 ἐκεῖ

2124 1070 2350 1141 γίνεται,
2399 1068 2538 1124 Εἶτα
2582 1067 2670 1122 καὶ
2731 1066 2916 1131 αὐτοὺς
2962 1067 3221 1131 καλεύσας
3275 1071 3586 1151 ὑποχωρεῖν
3646 1072 3774 1144 (ἤδη

2125 1159 2225 1235 γὰρ
2273 1159 2363 1213 καὶ
2407 1155 2492 1222 νῦξ
2549 1160 2663 1234 ἦν),
2713 1155 2874 1229 μόνος
2931 1157 2993 1210 τὸ
3049 1157 3173 1233 γόνυ
3203 1159 3292 1213 καὶ
3344 1163 3441 1224 τὴν
3482 1165 3671 1240 ψυχὴν
3703 1162 3781 1236 τῷ

2128 1247 2243 1320 Θεῷ
2287 1244 2487 1323 κλίνας,
2530 1243 2623 1299 ’ἕνα
2667 1245 2727 1300 τὸ
2770 1243 2924 1321 ἅγιον
2982 1251 3069 1300 νῦν
3126 1247 3498 1322 θδσιαστήριον
3541 1249 3777 1329 ἵδρυται,

2127 1338 2188 1393 '0
2235 1337 2388 1406 Θεὸς,
2436 1334 2781 1412 προσηύχετο
2831 1332 3026 1412 λέγων,
3072 1335 3135 1393 τὰ
3180 1337 3277 1408 μὲν
3335 1336 3567 1394 εἰδώλων
3612 1340 3782 1415 μιαρὰ

2131 1421 2328 1498 τεμένη
2387 1427 2463 1495 τῷ
2518 1425 2595 1495 σῷ
2654 1423 2872 1496 νεύματι
2928 1423 3018 1477 καὶ
3077 1422 3338 1499 θελήματι
3397 1434 3474 1500 τῷ
3533 1429 3785 1504 σωτηρίῳ

2131 1512 2661 1590 καταστρεψάμενος,
2706 1511 2997 1588 ῥυσάμενος
3068 1510 3122 1567 δὲ
3181 1514 3277 1581 τῆς
3339 1515 3511 1571 αὐτῶν
3567 1518 3784 1584 ἀπάτης

2134 1605 2193 1659 τὸ
2237 1603 2345 1658 τῶν
2397 1603 2505 1657 σῶν
2548 1607 2746 1679 χειρῶν
2789 1598 3191 1679 δημιουργημα,
3234 1604 3345 1681 ἱερὰ
3394 1603 3448 1659 δὲ
3498 1608 3586 1662 καὶ
3627 1608 3786 1672 ναοὺς

2132 1691 2312 1769 ἁγίους
2349 1690 2645 1755 ἀνασυῆσαι
2706 1688 2981 1768 κελεύσας,
3029 1689 3083 1744 ἐν
3141 1692 3226 1755 οἷς
3283 1694 3378 1748 καί
3440 1692 3640 1756 πολλὰς
3698 1696 3788 1751 ἀεί

404 1788 565 1849 aedes
595 1796 791 1849 autem
827 1806 1026 1850 sacras
1056 1795 1115 1850 el
1145 1788 1366 1868 templa
1400 1796 1603 1850 sancta
1635 1789 1882 1852 excitari
1912 1790 2044 1868 jus-

2133 1803 2263 1838 ποτε
2323 1781 2415 1844 τὰς
2447 1780 2765 1853 θεοσημείας
2826 1778 3116 1858 ἐπιτελεῖς,
3148 1780 3304 1845 αὒτὸς
3360 1785 3447 1839 καὶ
3488 1791 3602 1863 νῦν,
3646 1786 3787 1841 κατὰ

402 1876 553 1950 sisti,
584 1878 643 1938 in
702 1876 917 1958 quibus
951 1887 1008 1938 tu
1051 1896 1291 1958 quoque
1343 1896 1584 1960 semper
1612 1879 1808 1940 divina
1864 1879 2052 1940 multa

404 1966 573 2046 signa
600 1968 851 2047 peragis:
887 1968 1016 2047 ipse
1045 1985 1204 2029 nunc
1235 1986 1473 2048 quoque
1495 1968 1920 2030 convenienter
1950 1977 2049 2028 tuo

397 2055 601 2118 divino
640 2056 958 2137 promisso,
992 2056 1063 2117 ad
1099 2058 1257 2119 hunc
1289 2057 1491 2119 locum
1525 2058 1785 2137 respice,
1822 2066 1880 2119 et
1912 2075 2048 2119 eum

402 2146 709 2207 sanctiﬁca
741 2154 837 2205 tua
886 2144 1169 2209 inellabili
1194 2146 1379 2225 gratia
1410 2153 1469 2207 et
1497 2147 1741 2209 virtute:
1783 2164 1887 2226 per
1915 2164 2046 2221 nos,

401 2233 683 2316 Domine,
710 2234 971 2296 excitans
984 2236 1106 2315 jam
1131 2234 1235 2297 tibi
1260 2236 1677 2317 praecognitam
1707 2236 1949 2298 domum
1980 2235 2051 2297 ad

398 2333 556 2386 tuam
581 2325 934 2404 gloriam,ad
962 2334 1221 2387 nostram
1247 2325 1804 2400 exsultationem,“
1835 2326 2053 2388 multa-

402 2430 536 2475 rum
570 2414 903 2477 animarum
961 2413 1234 2488 salutem,
1272 2434 1402 2495 quae
1436 2425 1594 2478 tuum
1641 2434 1857 2476 nomen
1889 2415 2055 2475 invo-

403 2509 564 2565 cant.
611 2501 783 2565 Certe
816 2505 979 2566 Deus
1008 2511 1066 2565 et
1097 2522 1197 2565 rex
1245 2505 1539 2585 omnium,
1571 2505 1743 2584 cujus
1777 2502 2055 2565 voluntati

401 2591 619 2652 cedunt
678 2591 897 2667 omnia,
935 2600 994 2653 et
1046 2593 1218 2670 cujus
1248 2610 1387 2654 vere
1434 2602 1525 2654 est
1553 2612 1700 2673 opus
1753 2597 2051 2671 cogitatio.

403 2678 548 2741 Cum
609 2679 695 2741 sic
757 2689 1004 2754 orasset,
1041 2681 1170 2761 ejus
1227 2682 1415 2743 oculis
1463 2700 1738 2745 somnum
1790 2680 2056 2743 immittit

406 2767 589 2843 Deus,
625 2780 681 2829 et
715 2770 908 2830 statim
963 2771 1017 2831 ei
1051 2770 1313 2831 ostendit
1342 2770 1402 2831 in
1448 2771 1697 2846 somnis,
1732 2780 1790 2833 et
1843 2770 2048 2850 templi

399 2858 608 2929 situm,
644 2865 701 2919 et
735 2857 1225 2937 magnitudinem,
1264 2868 1320 2921 et
1355 2860 1534 2921 aliam
1580 2878 1819 2920 omnem
1852 2858 2042 2920 inditi-

402 2950 722 3009 cationem.
786 2946 1014 3009 Deinde
1071 2947 1247 3009 etiam
1330 2947 1589 3009 divinam
1649 2957 1925 3029 tanquam
1984 2948 2044 3009 in

401 3038 632 3097 somnis
661 3036 884 3097 audivit
912 3054 1116 3098 vocem
1157 3058 1169 3099 :
1204 3034 1251 3100 Ο
1292 3036 1610 3114 Marciane,
1645 3038 1772 3100 ﬁeri
1806 3046 2048 3118 possunt

400 3125 602 3186 omnia
632 3125 923 3188 credenti.

483 3213 635 3278 Xlll.
693 3216 835 3276 Cum
870 3215 1070 3295 itaque
1117 3215 1491 3287 surrexisset,
1527 3223 1685 3277 metu
1717 3226 1774 3277 et
1828 3216 2041 3294 gaudio

400 3303 636 3386 plenus,
670 3303 899 3365 accedit
930 3303 1000 3364 ad
1029 3303 1566 3383 archiepiscopum,
1600 3316 1656 3367 et
1686 3307 1927 3386 exponit
1955 3307 2041 3365 vi-

400 3394 656 3454 sionem.
695 3393 857 3455 lllius
888 3402 1085 3454 autem
1120 3402 1348 3472 gratum
1380 3412 1687 3455 assensum
1714 3405 2019 3457 assecutus

398 3482 470 3543 ad
503 3500 653 3564 opus
684 3482 1114 3561 aggreditur,et
1138 3484 1474 3565 ut,proutei
1495 3494 1801 3546 ostensum
1830 3484 2041 3563 fuerat,

399 3571 587 3634 aedem
628 3571 851 3634 faceret
884 3572 1280 3651 magniﬁcam,
1318 3593 1450 3635 cum
1486 3573 1815 3654 proximum
1861 3593 2044 3652 mare,

402 3660 555 3740 quod
591 3669 728 3721 tunc
762 3662 965 3741 templi
997 3662 1154 3723 fores
1187 3665 1616 3743 propemodum
1648 3663 1929 3737 alluebat,
1956 3666 2044 3725 la-

398 3749 543 3810 bore
568 3757 626 3810 et
651 3750 879 3827 magnis
900 3751 1239 3831 sumptibus
1263 3752 1585 3826 etl'odisset,
1605 3754 1811 3834 templi
1845 3754 1929 3814 sic
1949 3756 2044 3833 ja-

400 3838 481 3898 cit
509 3836 967 3899 fundamentum
1003 3861 1015 3896 :
1064 3840 1216 3900 adeo
1269 3849 1332 3900 ut
1362 3841 1500 3901 huic
1531 3860 1769 3920 quoque
1827 3843 2045 3923 templo

397 3926 895 4006 conveniat,quod
926 3927 1145 3988 dictum
1172 3937 1283 3989 est:
1324 3928 1454 4008 Ipse
1485 3947 1666 4007 super
1697 3932 1878 3991 maria
1904 3932 2045 3992 fun-

398 4014 559 4075 davit
608 4033 764 4089 eam,
797 4014 1060 4076 omnium
1112 4016 1593 4096 sciliret0pifex.
1644 4021 1822 4081 lactis
1852 4029 2044 4081 autem

400 4103 1061 4184 fundamentis,reliqua
1086 4124 1320 4186 quoque
1355 4105 1538 4185 pergit
1562 4107 2047 4188 :eJiticareMag-

399 4197 602 4256 niﬂcas
624 4200 776 4255 enim
802 4200 1101 4256 columnas
1127 4215 1223 4271 per
1242 4200 1450 4257 seriem
1485 4204 1751 4274 utrinque
1769 4212 1845 4261 ειεπ
1858 4211 2043 4270 tuens,

401 4282 619 4344 deinde
646 4284 756 4344 alia
789 4283 862 4344 iis
884 4300 1142 4363 superne
1172 4285 1717 4365 imponens,eﬂ‘ecit
1737 4287 2048 4351 inferiores

402 4381 460 4432 et
489 4373 830 4451 superiores
871 4373 1157 4452 porticus.
1193 4374 1423 4436 Deinde
1467 4395 1599 4437 cum
1645 4385 1822 4438 totam
1857 4378 2044 4441 aedem

402 4468 557 4522 omni
579 4480 647 4523 ex
674 4476 830 4535 parte
852 4469 1643 4537 comprt-hendissitsubdiati
1664 4472 2046 4531 di-ambulato-

403 4547 593 4613 rio.ita
616 4556 835 4610 tectum
863 4549 1403 4628 imponit,maximis
1426 4552 1481 4613 id
1507 4553 2039 4634 complexustrabi-

402 4634 537 4698 bus.
565 4636 676 4709 Qui
703 4646 898 4699 autem
923 4637 1139 4699 dixerit
1168 4638 1486 4720 quispiam,
1520 4661 1698 4722 quam
1724 4642 1840 4704 sint
1865 4645 2042 4706 validi

401 4726 680 4816 parietes,
715 4745 888 4808 quam
943 4730 1016 4789 sit
1061 4747 1357 4790 ammnum
1412 4737 1833 4811 pavimentum,
1867 4753 2042 4816 quam

403 4814 522 4877 sint
553 4816 668 4877 alia
690 4816 894 4877 omnia
924 4826 1454 4890 ornata,accurata.
1479 4828 1536 4881 et
1558 4814 2042 4902 elegantiaiNam

404 4904 770 4986 ubicumque
792 4906 1084 4988 quispiam
1112 4908 1345 4969 oculum
1371 4908 1664 4988 deﬁxerit,
1698 4914 2048 4977 existimans

405 5014 470 5056 se
492 4995 796 5057 immorari
821 4996 880 5057 in
907 4997 1163 5077 eo,quod
1192 5007 1280 5059 est
1302 4999 1795 5079 pulcherrimum,
1825 5003 2047 5065 deinde

405 5102 616 5147 rursus
666 5085 821 5146 aliud
883 5086 1247 5148 attenderit:
1311 5106 1444 5149 eum
1498 5089 1805 5168 paenitebit
1838 5112 2040 5168 morae,

392 5192 569 5255 quam
604 5175 664 5235 in
695 5175 891 5254 priore
948 5177 1226 5237 traxerit:
1269 5185 1326 5238 et
1355 5182 1438 5238 sic
1472 5179 1671 5240 omnia
1717 5181 2046 5260 pervadens

391 5264 678 5336 inveniet,
711 5280 842 5326 cum
869 5282 1108 5345 semper
1135 5265 1218 5345 id,
1251 5267 1406 5346 quod
1443 5268 2046 5346 piwcessimideatur

392 5352 544 5412 vinci
577 5351 650 5413 ab
683 5370 754 5413 eo
783 5352 940 5433 quod
988 5356 1179 5417 adest.
1215 5354 1561 5434 Cujusmodi
1591 5366 1788 5419 autem
1833 5359 2043 5421 invasit

395 5458 635 5520 quoque
678 5441 931 5515 daemon,
982 5442 1093 5503 hoc
1144 5445 1489 5523 praeclarum
1546 5465 1693 5525 opus
1752 5447 2042 5526 impedire

394 5527 799 5605 aggrediens?
826 5528 969 5590 Nam
996 5550 1130 5592 cum
1156 5531 1288 5593 dum
1314 5552 1539 5613 magna;
1561 5536 1877 5611 columnae,
1912 5556 2044 5617 quid}

396 5623 628 5679 statuta
659 5625 829 5678 erant
857 5628 993 5680 ante
1027 5637 1188 5680 aram
1220 5624 1641 5700 venerandam,
1674 5627 1793 5702 jam
1845 5635 2043 5689 essent

2135 1871 2231 1937 τὴν
2303 1867 2505 1943 ἄψευδῆ
2575 1890 2670 1924 σου
2721 1867 3071 1945 ἐπαγγελίαν,
3135 1868 3422 1946 ἐπίϐλεψον
3475 1874 3563 1928 επὶ
3632 1872 3786 1929 τόνδε

2136 1962 2223 2016 τὸν
2280 1958 2471 2033 κόπον,
2526 1959 2615 2014 καί
2670 1958 2887 2034 ἁγίασον
2949 1959 3103 2014 αὑτὸν
3166 1957 3379 2036 ἀῤῥήτῳ
3433 1983 3530 2018 σου
3598 1963 3788 2041 χάριτι

2134 2050 2220 2105 καὶ
2277 2048 2514 2121 δυνάμει,
2577 2047 2826 2120 ἆνιστῶν,
2883 2045 3149 2120 Δέσποτα,
3208 2046 3277 2103 δι’
3332 2051 3486 2122 ἡμῶν
3532 2051 3623 2105 τὸν
3679 2050 3788 2117 ἤδη

2135 2154 2216 2193 σοι
2274 2135 2682 2214 προγνωσμένον
2714 2140 2868 2193 οἷκον
2926 2136 3000 2197 εἰς
3029 2133 3181 2201 δόξαν
3224 2137 3321 2204 τὴν
3365 2139 3486 2209 σὴν,
3520 2141 3595 2202 εἰς
3655 2139 3791 2214 ἐμὸν

2136 2224 2466 2304 ἂγαλλίαμα,
2498 2227 2571 2289 εἰς
2626 2224 2839 2280 πολλῶν
2870 2228 3063 2303 ψυχῶν
3117 2227 3381 2303 σωτηρίαν
3440 2228 3545 2284 τῶν
3575 2229 3639 2283 τὸ
3697 2230 3794 2284 σὸν

2136 2316 2303 2389 ὄνομα
2361 2313 2811 2387 ἰεάικαλουμένων.
2870 2315 2989 2381 Ναὶ,
3053 2317 3150 2369 Θεὲ
3222 2316 3436 2372 πάντων
3494 2318 3581 2373 καὶ
3624 2319 3790 2393 βασι-

2136 2404 2248 2479 λεῦ,
2285 2403 2345 2459 οὗ
2400 2408 2476 2476 τῷ
2532 2402 2794 2476 θελήματι
2852 2403 3023 2458 πάντα
3075 2401 3236 2478 εἴκει,
3275 2404 3371 2460 καί
3415 2404 3574 2482 οὗπερ
3634 2406 3792 2483 ἔργον

2138 2494 2352 2560 ἀληθῶς
2414 2495 2475 2549 τὸ
2534 2492 2793 2565 ἐννόημα,
2840 2490 3017 2557 Οὕτως
3089 2492 3232 2566 αὖτῷ
3301 2494 3568 2569 εὐξαμένῳ
3624 2495 3792 2553 ὕπνον

2139 2581 2391 2657 ἐμϐαλλει
2422 2595 2539 2645 τοῖς
2573 2580 2867 2659 ὀφθαλμοῖς
2911 2583 2938 2637 ὁ
2969 2580 3121 2659 Θεὸς,
3154 2582 3249 2638 καὶ
3284 2581 3410 2661 ὄναρ
3453 2584 3599 2648 εὐθὺς
3641 2607 3788 2663 παρ-

2140 2675 2316 2740 ίστησι
2370 2674 2469 2741 τήν
2510 2693 2569 2728 τε
2624 2671 2767 2728 θέσιν
2820 2672 2913 2727 τοῦ
2967 2672 3107 2748 ἱερου
3137 2673 3225 2728 καὶ
3282 2673 3343 2729 τὸ
3399 2672 3647 2749 μέγεθος,
3696 2678 3785 2732 καὶ

2138 2763 2236 2828 τὴν
2267 2760 2437 2828 ἄλλῆν
2497 2767 2670 2817 πᾶσαν
2700 2760 3026 2834 οἰκονομίαν,
3090 2761 3229 2818 Εἶτα
3286 2763 3375 2818 καί
3432 2762 3575 2823 θείας
3605 2764 3681 2827 ὡς
3727 2764 3781 2819 ἐν

2130 2851 2349 2927 ὀνείροις
2424 2850 2606 2907 ἀκούει
2693 2849 2890 2929 φωνῆς’
2983 2851 3274 2930 Μαρκιανὲ,
3333 2851 3508 2908 πάντα
3586 2849 3779 2912 δυνατὰ

2127 2943 2205 3014 τῷ
2233 2942 2561 3015 πιστεύοντι,

2210 3198 2311 3267 ll".
2363 3206 2621 3272 Ἀναστὰς
2680 3215 2768 3263 οῦν
2825 3207 2987 3287 φόϐου
3045 3209 3132 3264 καὶ
3186 3215 3361 3288 χαρᾶς
3413 3208 3661 3284 ἔμπλεως
3703 3215 3781 3284 τῷ

2127 3298 2536 3378 ἀρχιεττισκόπῳ
2605 3299 2897 3371 πρόσεισιν,
2960 3299 3045 3353 καὶ
3119 3299 3177 3353 τὸ
3248 3296 3422 3376 ὅραμα
3480 3299 3780 3377 ἐξηγεῖταιο

2127 3387 2371 3445 κάκείνου
2423 3385 2478 3441 δὲ
2538 3384 2970 3450 συνευδοκοῦντος
3028 3387 3210 3466 τυχὼν
3268 3391 3344 3461 τῷ
3400 3386 3537 3465 ἔργῳ
3596 3390 3781 3445 ἑαυτὸν

2132 3475 2335 3547 δίδωσι,
2367 3477 2455 3531 καί
2484 3475 2576 3531 ’ίνα
2620 3476 2753 3546 πρὸς
2808 3478 2868 3531 τὸ
2911 3474 3221 3556 ὑποδειχθέν
3273 3478 3414 3550 αὒτῷ
3437 3483 3631 3557 σχῆμα
3677 3500 3781 3553 με·

2130 3566 2446 3644 γαλοπρεπῆ
2491 3567 2581 3620 τὸν
2640 3565 2796 3621 οἶκον
2851 3566 3167 3644 ἐργάσηται,
3214 3567 3314 3635 τήν
3362 3565 3638 3644 ἐγγυτάτω
3679 3568 3779 3623 θά-

2130 3656 2335 3712 λασσαν
2385 3655 2531 3725 πόνῳ
2586 3675 2642 3709 τε
2718 3656 2810 3710 καί
2882 3652 3140 3718 δαπάναις
3186 3654 3415 3718 πολλαῖς
3459 3655 3776 3734 ἀναχώσας,

2130 3745 2257 3821 ἄχρι
2304 3745 2422 3800 τότε
2467 3744 2558 3806 τὰς
2617 3753 2711 3801 τοῦ
2764 3745 2904 3821 ἱεροῦ
2949 3743 3106 3821 θύρας
3150 3742 3345 3822 σχεδὸν
3390 3744 3779 3815 ἐπικλύζουσαν

2130 3834 2267 3889 οὕτω
2336 3833 2435 3897 τὴν
2488 3829 2725 3908 κρηπῖδα
2768 3838 2860 3887 τοῦ
2927 3840 3052 3889 ναοῦ
3111 3828 3523 3903 καταϐάλλεται,
3574 3835 3649 3896 ὡς
3710 3833 3774 3888 ἂν

2128 3924 2216 3978 καί
2262 3922 2346 3977 ἐπὶ
2380 3922 2455 3993 τῷ
2498 3921 2607 3993 ναῷ
2635 3917 2768 3992 τῷδε
2811 3919 3039 3995 ἁρμόζον
3085 3917 3178 3985 εἴη
3212 3921 3272 3975 τὸ
3330 3920 3633 3997 εἰρημένον·
3670 3924 3773 3979 Αὖ-

2130 4012 2221 4073 τὸς
2277 4008 2360 4064 ἒπί
2391 4008 2668 4065 θαλασσῶν
2725 4007 3072 4081 έθεμελίωσεν
3129 4008 3318 4081 αὐτῆι,
3351 4012 3378 4065 ὁ
3426 4010 3639 4066 πάντων
3671 4009 3776 4079 δη-

2130 4097 2309 4154 λονότι
2366 4099 2722 4175 Δημιουργός.
2788 4098 2935 4154 Μετὰ
2995 4096 3049 4153 δὲ
3078 4099 3177 4163 τὴν
3235 4099 3339 4154 τῶν
3368 4098 3627 4174 θεμελίων
3670 4123 3775 4158 κα·-

2130 4186 2386 4261 ταϐολίιν,
2460 4186 2762 4251 ἀκολούθως
2820 4186 2906 4243 καί
2961 4187 3028 4242 τὰ
3089 4185 3251 4243 λοιπὰ
3317 4189 3419 4253 τῆς
3488 4188 3776 4264 οἰκοδομῆς

2131 4275 2385 4334 ἐπεδίδου⁶
2448 4277 2625 4341 κίονας
2689 4278 2788 4353 γὰρ
2857 4273 3170 4352 διαπρεπεῖς
3238 4276 3534 4357 στοιχηδὸν
3588 4280 3775 4336 ἐκατέ-

2131 4369 2294 4445 ρωθεν
2353 4366 2574 4439 στήσος,
2609 4377 2729 4420 εϊτα
2779 4364 2987 4426 τούτοις
3043 4363 3235 4428 ἄλλους
3286 4365 3395 4421 ἅνω
3425 4369 3645 4441 επιθείς,
3683 4370 3775 4432 τὰς

2133 4456 2190 4511 τέ
2258 4455 2405 4511 κάτω
2462 4455 2643 4519 στοὰς,
2690 4454 2778 4509 καὶ
2850 4454 2942 4516 τὰς
3021 4454 3401 4532 δπερκειμένας
3468 4457 3769 4535 εἰργάσατο,

2133 4550 2264 4602 Εἰτα
2322 4540 2585 4599 διαλαϐὼν
2633 4543 2898 4620 ὑπαίθροις
2929 4544 3021 4599 τὸν
3070 4544 3225 4600 οἶκον
3270 4546 3626 4624 πανταχόθεν,
3675 4546 3767 4602 οὕ-

2124 4658 2200 4691 τω
2269 4635 2365 4700 τὴν
2439 4632 2636 4704 ὄροφὴν
2680 4633 2970 4702 ἐπιτίθησι,
3032 4629 3205 4696 ξύλοις
3264 4636 3425 4700 αὒτὴν
3494 4636 3766 4711 μεγίστοις

2125 4720 2442 4803 περιλαϐὼν,
2478 4723 2564 4776 γαί
2617 4719 2864 4794 μολύϐδῳ
2923 4718 3188 4795 καλύψας.
3251 4724 3309 4780 Τί
3366 4724 3427 4778 ἄν
3483 4743 3562 4785 τις
3620 4721 3770 4778 εἴποι

2128 4815 2245 4892 περί
2292 4817 2389 4878 τῆς
2419 4816 2525 4866 τῶν
2582 4810 2785 4889 τοίχων
2814 4808 3187 4888 στεῤῥότητος,
3221 4811 3337 4888 περὶ
3394 4816 3494 4878 τῆς
3526 4820 3617 4869 τοῦ
3658 4809 3770 4867 ὲδίο

2130 4925 2254 4983 (ρους
2311 4901 2691 4977 τερπνότητος,
2728 4901 2845 4976 περί
2888 4899 2983 4966 τῆς
3043 4906 3146 4955 τῶν
3208 4899 3383 4955 ἄλλων
3427 4901 3641 4956 πάντων
3685 4904 3775 4957 εθ-

2127 4992 2353 5067 κοσμίας
2410 4987 2653 5067 ἀκριϐοῦς
2705 4989 2792 5045 καὶ
2848 4988 2988 5065 ὥρας
3026 5004 3042 5062 ;
3102 4989 3265 5045 ’Ένθα
3312 4990 3411 5067 γὰρ
3454 4988 3515 5046 ἄν
3560 5013 3642 5056 τις
3687 4992 3776 5046 τὸν

2128 5080 2397 5160 ὀφθαλμὸν
2456 5078 2666 5153 ἐρείσας
2711 5079 3041 5156 προσμείνοι,
3085 5082 3154 5154 τῇ
3202 5076 3468 5153 καλλίστῳ
3516 5081 3777 5158 προσκεῐ-

2129 5175 2244 5228 σθαι
2320 5167 2507 5241 δοκῶν,
2569 5168 2693 5224 εἶτα
2762 5165 2923 5222 πάλιν
2995 5165 3159 5243 ἑτέρῳ
3216 5169 3509 5246 προσχοίη·
3600 5190 3772 5242 μετα-

2129 5258 2353 5335 μελήσει
2460 5260 2630 5329 τούτῳ
2710 5260 2808 5322 τῆς
2913 5254 3170 5334 προτέρας
3272 5254 3544 5334 διατριϐῆς
3583 5304 3600 5329 ,
3687 5259 3778 5313 καὶ

2128 5350 2264 5407 οῧνω
2325 5347 2410 5403 διὰ
2463 5347 2674 5403 πάντων
2733 5345 2897 5402 ἐπιὼν
2956 5346 3199 5425 εὑρήσει,
3261 5368 3353 5402 του
3410 5344 3773 5423 προλαϐόντος

2125 5439 2205 5495 ἀεί
2308 5458 2437 5493 ποτε
2520 5438 2759 5490 νικᾶσθαι
2862 5433 3183 5514 φαινομένου
3264 5441 3341 5508 τῷ
3442 5442 3770 5506 παρεστῶτι.

2127 5533 2255 5589 Οἶος
2313 5525 2366 5580 δὲ
2437 5525 2525 5579 καί
2595 5524 2623 5578 ὃ
2695 5521 2894 5597 δαίμων
2979 5523 3178 5589 ἐπῆλθε
3238 5529 3312 5597 τῷ
3380 5522 3532 5599 καλῷ
3602 5526 3775 5597 τούτῳ

2126 5619 2266 5697 ἔργῳ
2323 5611 2622 5690 ἐμποδίζειν
2654 5611 2982 5693 ἐπιχειρωνὲ
3045 5615 3163 5669 Τῶν
3193 5613 3294 5692 γὰρ
3338 5612 3586 5692 μεγᾶλων
3642 5615 3771 5673 τού-
