4018 6136
168 288 266 357 449

1204 278 1389 350 VITA
1436 284 1496 347 s.
1544 268 1922 346 MARCIANI
1963 282 2464 348 PRESBYTERI.

3398 286 3518 354 450

161 431 399 485 νευόντων
437 445 453 459 ⁸
489 429 627 485 ὥστε
661 428 806 492 τινὰς
853 428 946 483 καί
997 424 1294 504 χαριέντως
1345 423 1477 496 πρὸς
1522 419 1788 491 ἀλλήλους

1884 434 1938 479 se
1969 420 2169 501 lepide
2197 421 2397 482 dicant
2424 440 2556 484 cum
2591 422 2887 501 voluptate
2915 443 2928 485 :
2954 422 3107 485 Ecce
3125 424 3251 486 haec
3273 443 3516 506 quoque

161 521 234 575 σὺν
298 518 467 593 ἦδονῇ
524 516 701 595 λέγειν
739 539 750 550 ·
817 514 949 573 ’ἰδοὺ
1007 515 1093 570 καὶ
1154 512 1291 578 ἄλλη
1362 511 1597 588 θυγάτηρ
1662 510 1794 574 αὕτη

159 609 233 664 τοῦ
261 606 510 683 μεγάλου
539 614 869 683 Μαρκιανοῡ,
913 607 972 661 τὸ
1016 602 1214 665 κάλλος
1269 623 1326 657 τε
1358 602 1447 657 καὶ
1477 602 1576 668 τὴν
1634 599 1796 657 πολυ-

160 697 350 753 τέλειαν
430 694 640 775 ἀδελφὴ
723 701 821 762 τῆς
881 697 1125 771 μεγαλης
1190 690 1564 752 Ἀναστασίας.
1625 687 1797 765 ’Ὅπερ

160 788 326 862 μέντοι
376 788 564 859 μόνως
628 788 747 855 περὶ
801 794 894 843 τοῦ
945 786 1072 839 ναοῦ
1102 787 1200 848 τῆς
1230 782 1371 843 θείας
1404 779 1559 843 αὐτὸς
1589 781 1795 840 tacetve;

160 877 246 946 ἔφη
300 875 687 942 Ἀνακτασίας,
745 881 857 939 πῶς
909 872 970 929 ἅν
1016 893 1095 935 τις
1141 868 1469 946 παραλιπεῖν
1500 867 1793 937 ἀξιώσειες

160 942 258 1023 Ti?»
313 967 418 1042 γὰρ
483 966 728 1035 συνήθων
774 963 915 1036 αὒτῷ
963 983 1107 1025 τινος
1155 962 1214 1016 τὸ
1246 958 1381 1015 πολὺ
1425 964 1524 1025 τῆς
1555 955 1796 1023 δαπάνης

161 1059 207 1111 ἓν
252 1056 484 1127 θαύματι
537 1054 884 1130 ποιουμένου,
917 1052 1148 1121 ἐκεῖνον,
1184 1051 1239 1106 Εἰ
1269 1048 1324 1105 δὲ
1383 1051 1470 1104 καὶ
1515 1049 1647 1125 πρὸς
1693 1047 1794 1125 γάρ

162 1167 267 1218 μον,
299 1146 507 1215 εἰπεῖν,
536 1144 794 1220 θυγατέρα
824 1146 1125 1219 κατεγγυᾷν
1176 1136 1429 1217 ἔμελλον,
1463 1137 1558 1193 οὒκ
1616 1137 1677 1191 ἃν
1733 1137 1801 1191 τὰ

160 1236 276 1311 πρὸς
331 1233 662 1310 εὐπρέπειαν
740 1234 827 1288 καὶ
884 1231 1087 1304 κόσμον
1163 1230 1298 1304 αὐτῇ
1372 1225 1665 1304 φιλοτίμως
1726 1227 1800 1287 ὡς

161 1324 304 1401 εἶχον
336 1335 662 1400 παρασχεῖν
693 1320 920 1395 εἱλόμην
955 1339 971 1396 ;
1008 1325 1111 1375 Νῦν
1155 1315 1209 1372 δὲ
1255 1320 1386 1390 πρὸς
1419 1316 1543 1371 ναὸν
1578 1316 1803 1393 Χριστοῦ

162 1411 349 1490 νύμφης
410 1412 738 1489 προθέμενοι
796 1410 1055 1487 δαπανᾷν,
1119 1409 1206 1463 καὶ
1249 1407 1458 1484 νύμφης
1505 1402 1641 1461 οὕτω
1697 1426 1800 1460 κα-

1880 518 1971 570 est
2002 510 2116 571 alia
2148 509 2269 573 filia
2298 511 2485 591 Magni
2508 510 2819 585 Marciani,
2845 511 3296 592 pulchritudine
3319 521 3378 574 et
3404 534 3524 575 ma-

1882 600 2227 678 gniﬁcentia
2252 619 2423 662 soror
2441 620 2667 680 magna:
2682 601 3030 666 Anastasia).
3052 600 3216 674 Quod
3244 611 3406 665 certe
3424 604 3526 665 ille

1882 690 2126 764 quidem
2158 690 2288 770 ipse
2304 691 2678 752 solummodo
2703 690 2779 754 de
2801 690 2998 753 divina
3020 692 3167 754 dixit
3187 691 3519 768 Anastasia,

1882 779 2388 855 quemadmodum
2435 781 2741 842 censuerit
2782 780 3074 861 quispiam
3107 799 3240 843 esse
3273 791 3521 861 praeter-

1885 868 2271 930 mittendum?
2295 872 2440 932 Nam
2467 889 2599 932 cum
2623 869 2862 950 quidam
2886 890 2953 932 ex
2980 870 3108 949 ejus
3134 870 3524 933 familiaribus

1884 977 2156 1037 magnam
2185 965 2504 1022 miraretur
2523 961 2852 1040 impensam
2876 978 2890 1022 ε
2919 959 2981 1022 Si
3005 961 3412 1040 desponsurus
3436 981 3520 1023 es-

1882 1065 2033 1122 sem,
2058 1047 2254 1129 inquit
2274 1049 2397 1122 ille,
2425 1068 2614 1112 meam
2642 1050 2844 1117 ﬁliam.
2869 1068 2984 1111 non
3009 1068 3141 1129 quae
3166 1050 3239 1111 ad
3263 1051 3394 1131 ejus
3416 1051 3491 1113 de
3510 1087 3524 1099 -

1883 1154 2082 1198 corem
2120 1140 2506 1217 pertinerent,
2562 1146 2624 1199 et
2668 1146 2965 1214 ornatum,
3020 1148 3342 1201 statuerem
3380 1141 3525 1204 mihi

1885 1244 2017 1287 esse
2052 1226 2370 1306 praebenda
2399 1246 2575 1308 quam
2609 1246 2842 1307 possem
2891 1229 3525 1306 magniﬁcentissime?

1883 1314 2051 1377 Nunc
2082 1326 2283 1377 autem
2321 1336 2452 1377 cum
2486 1316 2788 1396 impensas
2823 1317 3204 1379 statuerimus
3234 1317 3430 1383 facere
3461 1321 3519 1382 in

1885 1405 2170 1483 templum
2199 1424 2433 1483 sponsae
2449 1405 2695 1477 Christi,
2719 1412 2778 1466 et
2799 1424 3033 1484 sponsae
3057 1406 3207 1468 adeo
3234 1409 3517 1487 pulchrae,

160 1500 268 1579 λῆς,
309 1503 400 1557 καὶ
432 1504 499 1557 τὸ
539 1504 678 1575 αἷμα
720 1501 852 1577 ὑπὲρ
882 1499 1042 1554 αὗτοῦ
1074 1496 1309 1574 προχέαι
1342 1496 1418 1568 μὴ
1449 1493 1795 1572 φεισαμὲνης,

1886 1503 1945 1554 et
1974 1512 2104 1573 quae
2135 1512 2240 1573 pro
2270 1495 2402 1574 ipso
2435 1494 2786 1572 sanguinem
2821 1514 2938 1555 non
2987 1496 3173 1571 possit
3216 1497 3468 1561 fundere
3503 1519 3517 1559 :

160 1594 210 1648 οὒ
246 1589 434 1664 πολλῷ
482 1589 695 1664 μᾶλλον
742 1590 825 1644 καὶ
889 1588 1282 1665 προθυμότερον
1314 1583 1611 1659 ἐμέλλομεν
1670 1582 1795 1637 ἂνα-

1890 1602 2007 1644 nou
2045 1584 2217 1662 longe
2266 1584 2522 1664 amplius
2580 1592 2640 1645 et
2699 1584 2953 1646 alacrius
3000 1603 3211 1648 sumus
3256 1596 3525 1670 sumptus

158 1678 366 1757 λίσκειν,
415 1681 511 1736 καὶ
555 1680 762 1753 κόσμοῦ
804 1679 1002 1738 παντὸς
1059 1678 1146 1732 καὶ
1218 1674 1359 1752 ὥρας
1421 1675 1508 1729 καὶ
1566 1672 1795 1752 χαρίτωπ.

1889 1673 2121 1748 facturi,
2162 1673 2513 1753 nullumque
2570 1681 2985 1734 ornamentum
3036 1674 3422 1757 speciemque
3468 1687 3524 1741 et

159 1767 386 1825 ἱλλείπεν
417 1768 632 1843 οὐδέν;
679 1766 831 1825 Οὕτω
874 1766 1153 1846 φιλότιμος
1212 1768 1279 1831 ἦν
1335 1766 1391 1819 ἒν
1450 1764 1626 1840 ἔργοις
1686 1775 1795 1823 τοῖς

1893 1763 2242 1840 elegantiam
2306 1761 2812 1843 praetermissuri?
2861 1761 3003 1823 Tam
3067 1762 3416 1844 splendidus
3466 1776 3526 1830 et

158 1862 225 1932 τῷ
279 1865 398 1933 Θεῷ
460 1857 640 1937 φίλοις
702 1857 1030 1933 Μαρκιανὸς,
1090 1855 1177 1910 καὶ
1236 1851 1476 1919 δαπάνης
1556 1849 1795 1925 οὒδεμιᾶς

1892 1851 2238 1929 magniﬁcus
2268 1861 2395 1913 erat
2424 1851 2762 1913 Marcianus
2794 1850 2854 1912 in
2888 1851 2983 1925 iis,
3017 1871 3150 1933 qua;
3201 1855 3322 1917 [leo
3361 1866 3525 1935 grata

159 1946 463 2026 οειδόμενος
475 1994 489 2006 .

232 2038 317 2108 ιζ’.
355 2041 464 2095 Καὶ
504 2038 609 2115 γὰρ
640 2036 698 2091 οὗ
741 2036 1008 2091 τοσοᾶτων
1046 2033 1205 2107 μόνον
1255 2032 1501 2109 νεουργὸς
1559 2030 1802 2110 γέγονεν,

159 2125 283 2183 ἀλλὰ
325 2127 423 2183 καί
488 2125 709 2182 πολλῶν
767 2124 944 2181 ἄλλων
975 2125 1128 2199 ἱερῶν
1162 2124 1355 2194 οἴκων,
1390 2124 1449 2179 οὗ
1480 2120 1803 2197 δημιουργος

161 2215 333 2296 μόνον,
381 2214 528 2272 ἆλλᾶ
573 2218 668 2272 καί
710 2215 1034 2292 θεραπευτὴς
1090 2212 1351 2270 ἐδείκνυτο
1387 2230 1399 2244 ·
1455 2211 1551 2267 οἶα
1599 2209 1664 2277 δὴ
1713 2213 1803 2265 ui

159 2313 244 2362 τοῦ
310 2305 561 2381 μεγάλου
635 2305 894 2381 μάρτυρος
983 2300 1253 2379 Θεοδώρου
1337 2310 1429 2359 τοῦ
1500 2300 1556 2354 ἐν
1611 2306 1801 2356 Τᾶινλ-

163 2418 229 2469 ρῳ
261 2412 274 2426 ·
320 2398 410 2451 καὶ
457 2395 818 2472 Στρατονίκου
862 2393 1123 2469 μάρτυρος
1168 2393 1262 2447 τοῦ
1323 2390 1376 2445 ἐν
1445 2396 1522 2463 τῷ
1579 2388 1797 2467 Ῥηγίῳ.

164 2486 252 2541 Καὶ
318 2486 445 2561 τόγε
536 2483 1002 2558 θαυμαστότατον,
1076 2480 1263 2556 ὅτιπερ
1348 2479 1514 2544 οὕτως
1572 2478 1627 2534 ἐν
1679 2500 1740 2534 το
1764 2494 1801 2544 ’ς

162 2574 311 2647 ἱεροῖς
367 2574 550 2637 οἴκοις
608 2595 706 2640 την
755 2586 922 2650 χεῖρα
954 2569 1260 2646 πολυαρκὴς
1291 2568 1387 2643 ὧν,
1423 2567 1608 2643 πολλῷ
1638 2566 1799 2625 πλέον

162 2662 316 2729 αὖτὴν
358 2663 584 2740 ῥέουσαν
628 2662 682 2717 ἐν
726 2676 849 2722 ταῖς
904 2667 1008 2715 τῶν
1066 2661 1313 2728 πενήτων
1361 2671 1628 2737 παρεῖχεν
1681 2662 1791 2713 ὲπι⁴

166 2751 421 2823 μελείαις,
471 2751 608 2828 Περί
668 2751 729 2805 οὗ
785 2752 879 2805 καί
933 2756 1020 2805 νῦν
1073 2746 1497 2825 διεξοδικώτερον
1557 2750 1583 2802 ὁ
1637 2746 1797 2824 λόγος

169 2838 439 2905 διεξελθεῖν
499 2839 773 2918 βούλεται,
834 2839 970 2895 ὥστε
1056 2837 1225 2907 δήλην
1269 2836 1513 2915 γενέσθαι
1566 2837 1644 2910 μὴ
1701 2838 1800 2902 τὴν

170 2932 351 2987 ὶκεὶνου
427 2933 593 3006 μόνον
666 2931 787 3006 περὶ
863 2928 985 2992 τοὺς
1037 2926 1320 3002 δεομένους
1378 2925 1797 3004 φιλανθρωπίαν,

172 3017 296 3075 ἀλλὰ
351 3025 438 3077 καὶ
522 3022 649 3077 αὒτὸ
725 3027 883 3076 τοῦτο
940 3020 1004 3074 τὸ
1058 3016 1456 3096 φιλάνθρωπον,
1517 3014 1649 3072 οἵων
1698 3014 1799 3093 ἄρα

1890 1949 2081 2008 erant,
2117 1941 2403 2020 operibus
2434 1959 2447 2003 :
2487 1959 2680 2021 neque
2701 1940 2833 2002 ullis
2852 1942 3134 2021 parcebat
3162 1947 3520 2025 sumptibus.

1964 2028 2141 2092 XVII.
2180 2031 2414 2092 Etenim
2450 2049 2565 2091 non
2598 2030 2804 2092 harum
2842 2030 3033 2091 solum
3072 2032 3181 2093 fuit
3226 2034 3516 2113 conditor,

1887 2120 1989 2179 sed
2027 2121 2338 2182 multarum
2366 2138 2605 2200 quoque
2628 2119 2877 2181 aliarum
2912 2121 3267 2184 aedium'non
3294 2135 3516 2189 tantum

1886 2227 1950 2269 se
1964 2209 2756 2289 praestititopiﬁcem,verum
2778 2210 2953 2270 etiam
2974 2210 3330 2273 refectorem
3346 2224 3522 2296 atque

1883 2309 2309 2376 reparatorem.
2331 2297 2404 2360 Ut
2428 2299 2619 2374 magni
2640 2317 2880 2378 quoque
2898 2307 3171 2380 martyris
3195 2302 3515 2383 Theodori,

1885 2389 1983 2466 qui
2011 2387 2119 2447 fuit
2146 2394 2202 2448 in
2226 2386 2513 2449 Taenaro:
2552 2396 2608 2448 et
2630 2386 2947 2449 Stratonici
2973 2390 3389 2472 martyris,qui
3414 2394 3522 2457 fuit
3582 2416 3587 2427 ι

1889 2477 2124 2554 Rhegii.
2150 2476 2218 2538 Et
2248 2477 2402 2558 quod
2432 2487 2522 2538 est
2548 2476 2733 2555 magis
2755 2477 3135 2554 admirabile,
3165 2498 3298 2541 cum
3326 2482 3385 2542 in
3417 2504 3516 2546 sa-

1885 2566 2002 2627 cris
2029 2565 2256 2627 tactibus
2278 2567 2409 2646 ejus
2431 2575 2588 2626 esset
2611 2584 2819 2627 manus
2841 2576 2955 2627 tam
2985 2567 3272 2645 liberalis,
3299 2590 3370 2634 ea
3392 2584 3518 2637 erat

1885 2655 2070 2716 multo
2104 2656 2285 2733 magis
2318 2655 2557 2735 profusa
2600 2655 2660 2716 in
2702 2673 2845 2717 cura
2872 2657 3132 2734 gerenda
3165 2677 3516 2740 pauperum.

1885 2745 2051 2816 Quod
2085 2745 2325 2825 quidem
2363 2764 2519 2805 nunc
2565 2748 2952 2834 vultrcursim
2988 2749 3271 2828 persequi
3301 2752 3516 2834 oratio,

1880 2834 2029 2894 adeo
2060 2845 2122 2895 ut
2157 2854 2274 2895 non
2305 2834 2495 2895 solum
2530 2833 2843 2895 manifesta
2873 2835 3044 2896 ﬂeret
3074 2836 3231 2899 illius
3277 2838 3339 2900 in
3370 2833 3515 2920 ege-i

1881 2942 1990 2985 nos
2010 2923 2366 3002 benignitas,
2396 2923 2502 2985 sed
2533 2924 2657 2985 haec
2684 2923 2812 3003 ipsa
2834 2942 3071 3004 quoque
3095 2926 3511 3008 beneﬁcentia,

1880 3012 2159 3090 qualibus
2189 3014 2362 3075 donis
2405 3013 2755 3092 dignaretur
2785 3013 2946 3075 illius
2976 3026 3293 3080 amatores.
3328 3017 3516 3084 Noctu

177 3109 284 3172 τοὺς
343 3110 559 3188 ἐραστὰς
622 3110 823 3166 ἐκείνου
909 3109 1013 3164 τῶν
1096 3106 1449 3186 χαρισμάτων
1526 3104 1791 3171 καταξιοϊ,

1884 3106 1959 3161 vir
1989 3103 2088 3162 ille
2117 3105 2479 3162 admirabilis
2509 3105 2715 3163 obiens
2748 3108 2964 3176 plateas
2998 3116 3052 3164 et
3073 3111 3320 3168 civitatis
3352 3117 3517 3186 angi-

180 3199 380 3276 Νύκτωρ
436 3203 463 3255 ὁ
501 3201 792 3274 θαυμάσιος
825 3198 918 3261 τάς
978 3217 1036 3252 τε
1072 3198 1327 3259 πλατείας
1386 3196 1474 3252 καὶ
1530 3196 1656 3259 τοὺς
1696 3201 1795 3262 τῆς

184 3284 376 3350 πόλεως
453 3290 667 3365 περιιὼν
754 3287 1090 3364 στενωφοὺς,
1175 3283 1427 3360 ἐπιμελὲς
1512 3284 1791 3359 ἐποιεῖτο,

189 3381 285 3428 που
338 3396 455 3430 ποτε
497 3375 554 3431 ἃν
606 3378 692 3433 καὶ
750 3375 892 3452 εὕροι
952 3376 1137 3453 νεκρὸν
1193 3374 1296 3429 ὑπὸ
1351 3372 1559 3440 πολλῆς
1611 3374 1792 3437 πενίας

194 3461 587 3539 παρεῤῥιμμένον
618 3485 629 3497 ·
694 3467 781 3522 καὶ
858 3469 928 3529 ὼς
1002 3463 1065 3519 ἄν
1124 3461 1232 3519 ἴδοι
1290 3462 1554 3540 τοιοῦτον,
1616 3463 1795 3541 ὥσπερ

182 3551 408 3627 μεγάλου
463 3559 596 3616 τινος
673 3554 884 3631 κέρδους
952 3554 1225 3632 ἐπιτυχὼν
1304 3553 1548 3626 ἀσμένως
1605 3552 1742 3630 ἑώρα
1777 3571 1792 3586 ’

178 3641 259 3695 καὶ
309 3642 497 3720 σπουδῇ
553 3643 747 3707 λούσας
803 3646 892 3699 καὶ
950 3642 1241 3722 ἀμφιέσας,
1299 3643 1395 3698 καὶ
1451 3648 1557 3697 τῶν
1620 3641 1797 3700 ἄλλων

175 3726 233 3796 δὴ
305 3737 404 3786 τῶν
458 3734 855 3809 νενομισμένων
943 3732 1172 3799 ἀξιώσας
1246 3737 1443 3806 τιμῶν,
1518 3731 1642 3788 εἶτα
1710 3732 1798 3787 καὶ

171 3818 335 3889 ὥσπερ
385 3826 468 3880 καὶ
513 3827 688 3895 ζῶντα
736 3825 828 3880 τὸν
862 3825 1048 3899 νεκρὸν
1078 3822 1506 3899 προσεφθέγγετο
1542 3840 1556 3856 ·
1607 3830 1791 3899 Δεῦρο,

170 3906 347 3990 λέγων,
409 3915 492 3969 καὶ
577 3918 675 3980 τῆς
754 3913 808 3968 ἐν
894 3913 1106 3990 Χριστῷ
1175 3911 1391 3987 ἀγάπης
1465 3910 1796 3977 κοινώνησον

1879 3200 2104 3270 portus,
2141 3190 2318 3269 hujus
2349 3209 2582 3270 quoque
2605 3209 2807 3252 curam
2829 3191 3091 3269 gerebat.
3117 3194 3321 3258 Sicubi
3348 3198 3514 3262 inve-

1878 3279 2064 3341 nisset
2088 3293 2386 3341 mortuum
2411 3298 2529 3358 prae
2550 3280 2730 3341 nimia
2749 3288 3092 3359 paupertate
3116 3283 3438 3365 abjertum,
3457 3300 3516 3351 et

1877 3371 2047 3445 cujus
2071 3387 2245 3430 nemo
2269 3387 2474 3431 curam
2495 3377 2753 3447 gereret,
2769 3379 2827 3430 et
2848 3388 3022 3450 quem
3049 3374 3225 3434 talem
3246 3374 3509 3455 vidisset,

1878 3467 2153 3539 tanquam
2179 3477 2456 3535 magnum
2480 3457 2716 3537 aliquod
2744 3458 2974 3520 lucrum
3001 3476 3334 3539 assecutus,
3372 3485 3509 3529 eum

1878 3547 2139 3609 libenter
2170 3547 2402 3609 videbat
2429 3569 2442 3606 :
2475 3565 2732 3627 cumque
2761 3566 2896 3611 eum
2929 3550 3246 3630 diligenter
3274 3554 3515 3620 lavisset

1878 3645 1938 3699 et
1969 3636 2276 3712 induisset,
2329 3647 2387 3699 et
2435 3636 2548 3698 alia
2585 3638 2748 3716 justa
2803 3656 2907 3718 pro
2956 3657 3121 3702 more
3164 3642 3218 3703 ei
3248 3642 3507 3724 fecisset,

1878 3727 2095 3788 deinde
2122 3727 2294 3789 etiam
2325 3735 2621 3788 mortuum
2649 3736 2925 3808 tanquam
2953 3728 3147 3791 vivum
3172 3733 3515 3815 alloqueba-

1878 3827 1974 3878 tur
2002 3838 2015 3879 :
2049 3817 2343 3895 Agedum,
2378 3818 2605 3890 dicens,
2631 3818 2711 3879 sis
2730 3837 2968 3899 quoque
2999 3820 3308 3885 nobiscum
3340 3829 3515 3906 parti.

1877 3925 2021 3986 ceps
2053 3908 2204 3986 ejus,
2226 3926 2358 3988 quae
2388 3918 2478 3969 est
2501 3907 2560 3969 in
2582 3909 2840 3984 Christo,
2863 3908 3194 3975 cbaritatis.
3221 3914 3362 3987 Quae
3379 3936 3511 3981 cum

168 3999 313 4079 ἡμῖν,
347 4000 560 4080 ἀδελφέ,
611 4001 790 4066 Οὕτως
840 4003 1025 4074 εἰπὼν,
1080 4000 1414 4057 ὑπακούοντα
1458 4000 1549 4055 τὸν
1604 4001 1795 4075 κείμε-

1884 3996 1963 4057 sic
1992 3995 2242 4070 diceret,
2275 3996 2535 4060 habebat
2564 4017 2704 4059 eum
2735 3998 2834 4079 qui
2858 3998 3119 4078 jacebat,
3142 4004 3511 4073 audientem.

170 4109 247 4144 νον
300 4093 452 4170 εἶχεν
485 4112 501 4128 °
568 4091 815 4147 ἀνίστατο
875 4092 975 4169 γὰρ
1018 4090 1091 4169 (ὢ
1121 4091 1409 4162 θαύματος,
1445 4087 1744 4167 ἀπορρήτου
1776 4089 1792 4149 i

1884 4083 2172 4163 Surgebat
2196 4086 2354 4148 enim
2387 4096 2440 4161 (ο
2466 4087 2844 4178 miraculum,
2864 4091 3020 4168 quod
3046 4090 3242 4154 verbis
3271 4113 3385 4156 non
3411 4116 3516 4178 po-

170 4177 250 4231 καί
306 4183 609 4260 Μαρκιανὸν
677 4181 946 4251 ἠσπάζετο
1020 4181 1110 4237 τὸν
1185 4181 1430 4258 χρηστὸν
1495 4185 1594 4245 τῆς
1653 4201 1790 4256 προ-

1884 4186 1992 4239 test
2033 4176 2460 4257 explicari!),et
2490 4176 2711 4239 bonum
2756 4179 3229 4258 amplectebatur
3257 4176 3515 4250 Marcia-

172 4268 322 4339 νοίας,
354 4270 532 4350 ὥσπερ
564 4276 662 4335 τῖις
705 4271 824 4345 περὶ
876 4272 1060 4344 αὑτὸν,
1117 4271 1212 4326 οὐκ
1269 4267 1500 4344 ἐκεῖνον,
1534 4267 1672 4324 ἀλλὰ
1702 4270 1793 4325 τὸν

1884 4285 2042 4337 num,
2086 4285 2285 4327 curam
2329 4286 2461 4343 quae
2499 4267 2629 4346 ejus
2664 4268 3001 4347 gerebatur,
3030 4288 3145 4332 non
3178 4272 3373 4349 illum,
3406 4277 3513 4340 sed

173 4360 374 4433 Χριστὸν
430 4359 639 4434 μᾶλλον
682 4362 983 4439 ὑποφαίνων
1039 4356 1469 4438 ἀποδεχόμενον.
1531 4357 1643 4415 Εἶθ’
1703 4358 1792 4416 οὕ·

1884 4355 2175 4419 Dhristum
2212 4357 2405 4435 potius
2434 4358 2764 4420 ostendens
2804 4359 3133 4440 suscipere.
3169 4362 3398 4428 Deinde
3429 4369 3519 4431 sic

174 4465 266 4509 τως
314 4450 340 4505 ὁ
390 4454 576 4529 νεκρὸς
634 4449 796 4507 πάλιν
857 4450 1041 4528 νεκρὸς
1105 4447 1191 4523 ἦν,
1256 4446 1350 4504 καῖ
1396 4454 1628 4513 τοιοῦτος
1694 4450 1795 4505 ὕπὸ

1884 4454 2173 4517 mortuus,
2203 4463 2411 4508 rursus
2441 4460 2567 4508 erat
2597 4457 2868 4509 mortuus
2908 4467 2922 4508 :
2958 4459 3015 4511 et
3045 4450 3177 4513 talis
3208 4453 3518 4521 videbatur

174 4541 264 4590 τῶν
294 4543 591 4618 παριόντων
640 4540 933 4618 ὁρώμενος.
967 4548 1132 4597 Τοῦτο
1164 4536 1218 4592 δὲ
1248 4537 1517 4615 γνώριμον
1556 4537 1655 4613 μὲν
1698 4544 1794 4600 καῖ

1884 4534 1952 4597 ab
1979 4535 2073 4611 iis,
2108 4536 2208 4616 qui
2238 4547 2412 4600 erant
2441 4536 2816 4617 superstites.
2846 4537 2971 4602 Hoc
3001 4550 3199 4604 autem
3232 4544 3339 4606 fuit
3368 4549 3520 4611 alias

177 4622 334 4691 ἄλλιειιις
376 4634 621 4710 γέγονεν,
667 4630 728 4686 ἒκ
762 4628 818 4685 δὲ
844 4630 1030 4687 τούτου
1060 4626 1445 4706 φανερώτερον.

244 4716 351 4779 IH'.
411 4722 605 4777 Μέσων
677 4726 901 4795 νυιιτιῖὺν²
974 4716 1063 4775 ὅτε
1144 4718 1238 4773 καί
1301 4715 1536 4790 μάλιστα
1597 4717 1793 4792 μηδενὲ

172 4802 373 4881 ὀφθῆναι
414 4811 577 4884 ᾠετο,
612 4811 742 4886 πρός
774 4831 893 4865 τινα
942 4809 1142 4878 συνήθη
1190 4806 1511 4884 τραπεζίτην
1540 4808 1600 4862 τὸ
1654 4830 1789 4887 χρυ.

171 4892 266 4947 σίον
344 4896 690 4963 καταλλάξων
775 4899 982 4978 ἐφοίτα,
1067 4897 1163 4953 καῖ
1248 4895 1419 4971 κέρμα
1506 4894 1793 4971 λαμϐάνων

171 4978 412 5043 πλειόνων
443 4988 694 5069 χαλκῶν,
732 4989 806 5053 ὡς
857 4987 919 5042 ἂν
977 4986 1098 5068 ἔχοι
1140 4995 1299 5045 τοῦτο
1342 4983 1616 5060 διανεῖμαι
1675 5001 1792 5050 τοῖς

169 5075 459 5147 πενομένοις
494 5125 511 5153 ,
598 5079 744 5140 εὐθὺς
826 5076 1067 5154 ἐπανῄει,
1157 5077 1217 5133 Ὀ
1277 5084 1400 5150 γοῦν
1469 5078 1789 5150 τραπεζίτης

172 5159 233 5222 εἷς
288 5164 492 5239 κέρδους
554 5170 825 5247 πρόφασιν
886 5170 945 5224 τὸ
1003 5166 1174 5242 ἄωρον
1219 5168 1316 5230 τῆς
1348 5166 1536 5228 νυκτὸς
1584 5164 1791 5239 λαμϐά-

174 5271 283 5336 νων,
354 5264 536 5333 cum;
611 5256 810 5323 ἀδίκοις
884 5259 1004 5319 τοὺς
1069 5262 1296 5336 χρυσοῦς
1356 5253 1645 5330 ἐταθμᾶτο,
1708 5258 1795 5313 καὶ

174 5335 357 5408 ianva;
412 5347 555 5403 οὒδὲν
611 5346 905 5424 ἀντιλέγων
953 5344 1058 5403 οὗθ’
1127 5344 1268 5406 ὅλως
1327 5341 1790 5421 ἐξακριϐούμενος,

178 5422 317 5493 δῆλσς
371 5437 436 5502 ἦν
492 5440 555 5494 τὸ
605 5442 712 5494 πᾶν
769 5422 837 5513 τῇ
902 5433 1198 5506 συνειδήσει
1262 5439 1356 5488 τοῦ
1414 5435 1793 5508 σταθμίζοντος

177 5515 472 5597 ὶπιτρέπων,
549 5520 644 5591 'u;
724 5525 780 5582 δὲ
855 5525 1116 5592 πολλάκις
1176 5529 1323 5579 τοῦτο
1378 5521 1691 5599 γενόμενον,
1767 5528 1795 5583 ὁ

183 5609 454 5688 Μαρκιανὸς
524 5621 613 5677 τὸν
688 5618 766 5696 μὴ
829 5618 1066 5680 σονιιὲντχ
1139 5611 1583 5690 ὓποκρινόμενος,
1648 5613 1794 5672 οὗδὶν

1880 4644 2125 4706 quoque
2155 4629 2456 4701 cognitum
2486 4650 2499 4686 :
2535 4628 2637 4689 sed
2668 4645 2736 4689 ex
2763 4629 2874 4692 hoc
2907 4632 3092 4694 evasit
3117 4636 3512 4701 manifestius.

1958 4713 2161 4777 XVIII.
2221 4716 2411 4777 Media
2459 4725 2655 4791 nocte,
2704 4719 2940 4798 quando
2976 4720 3229 4785 maxime
3274 4728 3517 4806 putabat

1877 4807 2008 4868 fore
2028 4814 2146 4867 uta
2166 4807 2404 4867 nemine
2420 4807 3072 4881 videretur,ventitabat
3092 4814 3161 4873 ad
3190 4817 3511 4895 quemdam

1875 4896 2280 4975 argentarium
2304 4895 2418 4956 sibi
2439 4896 3105 4973 familiarem,utaurum
3124 4914 3508 4981 permutaret:
3598 4937 3602 4941 -

1876 4995 1935 5046 et
1955 4984 2259 5065 accipiens
2282 4985 2531 5047 multum
2557 4986 2799 5048 minutae
2821 4999 3073 5052 monetae
3092 5010 3296 5068 aeneas,
3318 5005 3377 5056 ut
3402 4997 3512 5058 ha-

1875 5076 2042 5137 beret
2074 5075 2229 5155 quod
2265 5085 2461 5154 posset
2496 5075 2855 5139 distribuere
2901 5081 3281 5158 pauperibus,
3316 5091 3510 5147 statim

1877 5164 2309 5228 revertebatur.
2333 5165 2722 5243 Argentarius
2741 5177 2937 5229 autem
2962 5170 3254 5233 adhibens
3277 5183 3509 5237 noctem

1878 5255 2357 5334 intempestivam
2380 5256 2452 5315 ad
2476 5255 2625 5317 lucri
2644 5259 3045 5329 occasionem,
3070 5260 3271 5341 iniqua
3294 5265 3515 5328 trutina

1881 5343 2248 5424 ponderabat
2269 5362 2507 5405 aureos.
2542 5343 2648 5407 Ille
2672 5354 2867 5435 auten:
2895 5348 3044 5409 nihil
3068 5352 3509 5435 contradicens,

1878 5453 1988 5496 nec
2010 5434 2254 5496 omnino
2275 5441 2552 5495 accurate
2570 5434 2980 5512 considerans,
3013 5449 3217 5519 aperte
3237 5434 3515 5505 ostende-

1878 5525 1977 5586 bat
2006 5542 2071 5585 se
2094 5523 2294 5586 omnia
2314 5522 2659 5603 permittere
2685 5527 3066 5592 conscientiae
3086 5531 3214 5611 ejus
3237 5532 3337 5611 qui
3361 5551 3513 5611 pon-

1879 5612 2141 5676 derabat.
2171 5612 2312 5677 Cum
2341 5621 2533 5675 autem
2562 5615 2672 5676 hoc
2699 5634 2854 5697 saepe
2881 5619 3070 5698 fieret,
3099 5632 3153 5685 et
3181 5623 3516 5689 .iiarciouus
