4018 6136
488 220 599 291 451
1782 220 2062 287 ΜΕΝὸΙὸ

2181 224 2552 291 .NUARIUS.
3746 226 3868 296 452

489 359 782 421 simulans
794 375 859 420 se
879 378 995 419 non
1011 355 1349 435 intelligere
1365 372 1750 449 ,nequaquam
1769 353 2095 419 insimulari

2181 370 2199 417 ι
2226 360 2461 422 εένκάλει
2495 363 2570 436 τῷ
2627 365 2935 444 τραπεζίτῃ,
2989 361 3167 434 πολλὴ
3196 365 3447 434 ἔκπληξις
3479 371 3642 449 εἶχεν
3674 369 3862 446 αὐτὸν,

486 449 1065 527 argentarium,eum
1086 465 1303 524 magna
1319 443 1503 506 subiit
1525 442 1836 504 admiratio
1857 463 1869 504 :
1889 454 1948 506 et
1966 446 2095 508 simi

2224 453 2309 508 καὶ
2362 453 2474 526 ἅμα
2542 452 2640 519 τὴν
2700 452 2842 530 ὥραν
2901 455 3216 511 ἀνασκοπῶν
3276 457 3356 513 ὅτι
3395 461 3494 527 τῆς
3551 461 3739 523 νυκτὸς
3797 462 3865 516 τὸ

489 547 724 616 tempus
756 537 1164 609 considerans,
1213 553 1428 616 nempe
1480 532 1741 594 medium
1796 535 2010 610 noctis,
2059 555 2092 598 a

2217 541 2565 616 μεσαίτατον,
2599 543 2674 606 εἰς
2714 544 2984 618 κρείττονα
3022 542 3280 622 λογισμὸν
3338 545 3556 624 ἐχώρει,
3619 551 3708 604 καί
3766 549 3863 615 ta‘;

489 627 797 687 meliorem
818 626 974 687 venit
995 623 1531 712 considerationem
1563 639 1575 683 :
1609 621 1906 702 ccepitque
1929 627 2092 707 suspi

2212 629 2516 706 ὑπολήψεις
2607 630 2915 709 ἐγγιζούσας
2979 621 3111 712 εἶχε
3187 641 3254 711 τῇ
3314 621 3560 712 ἀληθείᾳ,
3633 640 3720 695 καὶ
3780 639 3862 712 τῷ

484 716 604 776 cari
628 717 686 775 id
711 717 868 794 quod
901 724 1025 775 erat
1049 714 1273 774 veritati
1309 711 1576 792 propius,
1610 713 1972 800 etMarciani
1995 715 2095 776 vita

2213 727 2519 796 Μαρκιανοῦ
2574 721 2673 796 βίῳ
2729 721 3055 796 πρεπούσας.
3130 722 3372 800 Ἀμέλει,
3432 727 3522 782 καί
3570 749 3689 782 τινα
3745 730 3856 783 τῶν

481 805 953 866 convenientius.
990 801 1186 866 Unum
1219 811 1381 863 certe
1425 820 1494 862 ex
1546 799 1668 861 suis
1719 801 1922 879 pueris
1947 803 2095 881 jussi

2209 813 2368 868 αὐτοῦ
2425 807 2625 866 παίδων
2710 809 3022 870 ἀκολουθεῖν
3093 811 3332 869 ἐκέλευεν
3416 815 3560 890 αὖτῷ
3630 815 3848 892 ἐξιόντι,

484 912 618 954 eum
653 893 821 972 sequi
851 892 1291 982 egredientem,
1322 899 1384 951 ut
1400 890 1608 982 sciret,
1631 889 1911 982 quidnam
1943 891 2016 952 ab
2051 911 2095 954 ei

2206 897 2344 954 ὥστε
2390 903 2581 974 μαθεῖν
2641 909 2743 958 ποῦ
2803 922 2929 956 ποτε
2989 899 3088 969 ἄρα
3135 903 3200 958 τὰ
3243 903 3334 958 τοῦ
3365 904 3630 982 κέρματος
3661 909 3849 981 ἐκείνῳ

483 983 585 1044 illa
618 986 847 1044 minuta
878 983 1049 1043 ﬁeret
1083 981 1356 1071 pecunia.
1397 978 1600 1059 Neque
1629 980 1786 1071 enim
1817 979 1893 1041 ab
1914 1000 2095 1061 argen

2204 995 2496 1066 χωροῦσιν.
2561 986 2816 1062 Οὒδαμῶς
2870 991 2970 1068 γὰρ
3031 989 3278 1058 ἐπίδηλος
3333 995 3358 1048 ὃ
3417 978 3714 1071 Μαρκιανὸς
3765 978 3844 1069 τῷ

479 1071 630 1133 tario
650 1071 1128 1148 cognoscebatur
1150 1069 1580 1142 Marcianus,ut
1601 1067 1701 1147 qui
1727 1078 1862 1148 apte
1898 1072 2116 1132 vultum

477 1164 722 1238 celaret,
753 1161 989 1240 quando
1025 1161 1097 1220 ad
1129 1161 1324 1240 ipsum
1359 1157 1826 1240 ingrediebatur,
1863 1172 1924 1220 ut
1953 1160 2115 1222 illam

477 1252 765 1312 minutam
784 1249 1086 1330 acciperet
1111 1248 1442 1328 pecuniam.
1485 1251 1672 1326 Atque
1697 1266 1846 1327 puer
1874 1250 2114 1328 quidem

474 1339 855 1422 sequebatur.
884 1338 1201 1418 Postquam
1226 1346 1422 1399 autem
1448 1337 1656 1397 incidit
1689 1337 1775 1397 vir
1799 1337 2034 1400 divinus
2054 1341 2114 1401 in

471 1437 780 1508 quemdam
816 1446 1128 1505 pauperem
1165 1441 1453 1488 mortuum
1480 1433 1535 1486 in
1563 1430 2037 1502 lectojacentem,
2063 1446 2115 1491 et

471 1529 780 1600 acceptum
807 1538 876 1580 ex
902 1516 1154 1598 quadam
1180 1516 1466 1596 cauponis
1491 1516 1877 1590 domuncula,
1900 1518 2037 1580 lavit
2056 1528 2114 1581 et

472 1611 713 1671 induit:
753 1620 808 1670 et
838 1626 971 1669 cum
1019 1607 1396 1681 surrexisset,
1441 1615 1530 1667 est
1569 1607 1898 1686 amplexus,
1952 1617 2010 1670 et
2040 1628 2110 1670 eo

2203 1078 2488 1154 τραπεζίτῃ
2539 1077 2823 1154 γενόμενος
2901 1079 2990 1154 ἧν,
3051 1078 3318 1144 ἐπιδεξίως
3374 1082 3472 1148 τὴν
3528 1082 3652 1157 ὄψιν
3711 1083 3844 1138 ἐπι-

2200 1166 2586 1242 κρυπτόμενος,
2641 1166 2729 1221 ὅτε
2789 1169 2918 1245 πρὸς
2977 1168 3134 1224 αὐτὸν
3193 1171 3357 1244 εἰσῄει
3415 1173 3476 1226 τὸ
3523 1173 3692 1248 κέρμα
3737 1171 3845 1228 λα·-

2199 1252 2339 1315 ϐεἴν,
2375 1246 2432 1312 Ὀ
2463 1256 2562 1328 μὲν
2607 1256 2695 1311 οὗν
2727 1269 2858 1319 παῖς
2910 1256 3208 1323 ἠκολούθει.
3259 1257 3409 1315 Ἐπεὶ
3457 1259 3626 1317 δὲκαὶ
3672 1268 3847 1338 νεκρῷ

2198 1344 2389 1410 πένητι
2450 1343 2689 1424 ἐντυχὼν
2743 1349 2770 1400 ί)
2826 1349 2973 1411 θεῖος
3031 1347 3164 1423 ἀνὴρ
3196 1348 3282 1403 ἐπὶ
3339 1348 3521 1416 κλίνης
3579 1351 3842 1428 κειμένῳ,

2196 1429 2372 1488 λαϐὼν
2431 1431 2490 1488 ’ἐκ
2549 1455 2689 1495 τινος
2754 1434 2986 1491 οἰκίσκου
3047 1434 3354 1502 καπηλικου
3411 1436 3594 1493 ἔλουσέ
3651 1459 3705 1492 τε
3753 1439 3848 1493 καὶ

2194 1523 2451 1600 ἠμφίασε,
2519 1525 2607 1578 καὶ
2665 1523 2964 1579 ἀναστάντα
3021 1527 3324 1595 ἠσπάσατο,
3375 1529 3461 1582 καὶ
3521 1527 3644 1582 εἶτα
3702 1527 3842 1582 ἀνα-

2193 1611 2370 1672 κλίνας
2422 1614 2567 1675 αὗθις
2617 1612 2776 1688 ἀπῄει
2814 1629 2826 1642 ⁸
2874 1620 3038 1669 ταῦτα
3087 1615 3177 1669 τὸν
3221 1613 3390 1670 παῖδα
3442 1614 3616 1672 ἰδόντα
3675 1617 3843 1695 φρίκη

471 1700 694 1761 deinde
721 1698 1035 1770 reclinato,
1070 1714 1277 1758 rursus
1307 1680 1487 1756 abiit:
1517 1680 1791 1776 puerum,
1826 1680 1958 1759 cum
1985 1699 2095 1761 haat

2194 1702 2453 1780 κατέσχε,
2540 1702 2627 1757 καὶ
2705 1705 2950 1781 στραφεὶς
3039 1705 3110 1768 ὡς
3189 1707 3356 1784 τάχος
3426 1713 3504 1778 τῷ
3559 1706 3841 1781 πέμψαντι

471 1790 736 1865 vidisset,
754 1790 968 1850 horror
991 1786 1224 1860 invasit,
1244 1795 1301 1846 et
1323 1804 1670 1858 conversus,
1699 1805 1876 1865 quam
1900 1788 2110 1849 citissi-

471 1899 566 1940 me
590 1879 718 1941 tieri
741 1877 1157 1958 potuit,omnia
1179 1875 1442 1937 declarat
1462 1879 1514 1936 ei
1536 1875 1638 1954 qui
1654 1875 1818 1935 illum
1844 1877 2102 1940 miserat.

465 1968 642 2029 Illum
655 1979 854 2030 autem
868 1965 1048 2028 subiit
1065 1965 1414 2044 paenitentia
1438 1983 1668 2040 eorum,
1695 1983 1825 2045 qua;
1844 1965 2100 2029 fecerat:

468 2071 522 2122 et
559 2058 715 2138 quod
748 2076 813 2118 se
837 2056 1212 2136 iniquissime
1238 2058 1296 2114 in
1321 2063 1590 2116 sanctum
1614 2065 1901 2132 gesserat,
1925 2057 2107 2120 deﬂe-

467 2149 587 2222 bat,
621 2157 678 2208 et
710 2165 913 2227 pcenas
942 2143 1211 2206 sumebat
1239 2144 1314 2205 de
1358 2163 1462 2204 sua
1513 2145 1901 2208 conscientia.
1935 2149 2108 2210 Certe

465 2257 599 2298 cu.n
633 2239 682 2297 is
702 2254 910 2297 rursus
931 2233 1213 2308 venisset,
1239 2244 1300 2294 ut
1329 2233 1553 2296 faceret
1583 2233 1828 2308 similia,
1854 2237 2108 2315 procidit

465 2329 519 2389 ei
539 2327 610 2388 ad
643 2327 847 2408 pedes,
875 2338 936 2386 et
957 2325 1267 2386 confessus
1289 2333 1379 2384 est
1402 2342 1492 2399 ea,
1519 2342 1652 2403 quae
1673 2325 1826 2385 male
1848 2325 2097 2388 fecerat:

463 2428 520 2479 et
544 2417 834 2498 quidquid
860 2414 1249 2496 perfraudem
1267 2414 1526 2475 lucratus
1545 2413 1756 2488 fuerat,
1781 2433 2098 2478 enumera-

463 2509 562 2569 vit.
589 2507 674 2569 Ita
697 2509 852 2568 bona
871 2517 1076 2567 tacens
1096 2504 1251 2565 actio
1271 2503 1438 2583 plura
1462 2512 1654 2584 potest
1675 2505 1894 2580 facere,
1921 2523 2096 2585 quam

461 2597 780 2659 verborum
817 2594 1132 2656 multitudo
1163 2611 1175 2655 :
1215 2601 1271 2655 et
1303 2593 1521 2669 quibus
1555 2593 1701 2654 nihil
1727 2605 1973 2673 prosunt
1995 2613 2096 2657 re-

463 2686 900 2768 prehensiones
925 2693 982 2746 et
1003 2684 1336 2756 suasiones,
1362 2681 1434 2742 iis
1461 2701 1615 2762 opus
1637 2681 1933 2744 laudabile
1955 2703 2095 2764 pro-

462 2777 690 2839 cedens
711 2775 974 2854 silentio,
1009 2783 1066 2834 et
1087 2773 1340 2834 latenter
1361 2771 1774 2834 transmissum
1796 2772 1868 2833 ad
1887 2791 2097 2835 eorum

458 2865 912 2939 conscientiam,
947 2863 1226 2924 meliores
1254 2859 1540 2938 reddidit,
1573 2872 1629 2922 et
1660 2861 1876 2937 eﬂ‘ecit,
1913 2872 1976 2924 ut
1998 2864 2100 2925 bo-

453 2979 594 3020 num
621 2977 724 3019 sua
749 2966 955 3030 sponte
974 2959 1282 3014 discerent.
1309 2955 1548 3013 Divinus
1569 2965 1758 3013 auttm
1781 2959 2098 3016 Marcianus

455 3069 591 3111 cum
616 3049 868 3110 dixisset
890 3064 954 3105 se
980 3044 1162 3106 fuisse
1186 3042 1345 3103 nulla
1367 3041 1642 3104 allectum
1663 3042 1901 3122 injuria,
1926 3043 1999 3105 ab
2024 3063 2093 3106 eo

2181 3041 2406 3106 διδόντος
2465 3043 2525 3097 τὸ
2584 3041 2773 3098 λοιπὸν
2830 3040 3101 3121 ἀπέσχετο
3139 3058 3151 3072 ⁸

457 3141 612 3219 quod
643 3138 915 3212 dabatur,
957 3142 1015 3196 et
1043 3134 1145 3214 qui
1173 3131 1348 3194 dabat
1375 3151 1439 3194 se
1472 3131 1756 3213 deinceps
1785 3132 2091 3197 abstinuit:

455 3247 572 3288 non
600 3242 871 3302 tanquam
891 3229 1216 3299 improbum
1241 3227 1490 3297 aliquem
1510 3240 1779 3283 aversans
1804 3228 1918 3284 :ilti
1940 3233 2094 3286 enim

455 3337 576 3379 non
607 3318 800 3379 solum
835 3315 1077 3394 ignovit,
1105 3311 1208 3374 sed
1232 3312 1409 3373 etiam
1430 3312 1730 3392 professus
1761 3323 1851 3375 est
1873 3331 1937 3375 se
1956 3333 2090 3376 eum

453 3407 675 3469 habere
701 3403 1132 3466 amicissimum
1159 3425 1172 3460 :
1197 3403 1303 3463 sed
1331 3409 1448 3462 toto
1467 3402 2090 3482 pedefugiebatcram-

453 3497 594 3571 ben,
632 3515 700 3556 ex
731 3513 878 3554 vana
909 3493 1096 3571 gloria
1128 3501 1601 3571 proserpentem,
1638 3504 1697 3553 et
1745 3512 1862 3554 non
1891 3495 2092 3557 volens

451 3604 562 3646 sua
616 3585 792 3644 alicui
839 3583 1065 3642 homini
1119 3581 1247 3642 ﬁeri
1299 3580 1634 3656 manifesta,
1687 3582 1793 3643 sed
1840 3602 1908 3645 ea
1935 3585 2090 3665 apud

451 3673 637 3734 Deum
663 3671 853 3732 solum
880 3689 1202 3749 reponens.
1230 3669 1552 3748 Licetergo
1574 3669 1630 3730 ei
1649 3670 1751 3748 qui
1773 3673 2090 3745 velit,con-

453 3760 744 3834 siderare,
773 3759 1061 3840 quidnam
1076 3759 1240 3839 prius
1257 3759 1442 3839 possit
1457 3759 1763 3833 admirari,
1783 3761 2092 3839 insignene

453 3850 831 3925 miraculum,
865 3868 938 3909 an
973 3847 1384 3910 beneﬁcentiae
1414 3848 1700 3921 studium,
1733 3868 1808 3910 an
1840 3850 1901 3910 in
1948 3853 2087 3913 uui-

450 3958 619 4001 versa
651 3937 1094 4000 machinatione
1121 3937 1250 4015 ejus
1279 3937 1464 3997 animi
1497 3937 1934 4001 liberalitatem.
1969 3940 2090 4004 Ve-

450 4049 581 4091 rum
617 4030 931 4091 enimuero
975 4027 1049 4088 de
1096 4027 1254 4088 illius
1287 4025 1679 4088 beneﬁcentia
1709 4030 1896 4090 oratio
1927 4029 2087 4092 aliud

451 4139 687 4202 quoque
719 4119 945 4180 bonum
981 4116 1125 4178 mihi
1153 4125 1393 4180 revocat
1421 4117 1483 4177 in
1516 4119 1884 4180 memoriam.

519 4219 654 4276 XIX.
679 4219 810 4273 “asc
829 4221 1007 4276 virtus
1032 4219 1080 4273 ei
1112 4227 1281 4274 tanta)
1303 4225 1424 4272 erat
1447 4231 1613 4281 curae,
1633 4226 1692 4273 ut
1711 4228 1942 4289 propter
1965 4235 2087 4277 eam

450 4319 522 4364 ne
536 4309 594 4361 in
611 4307 976 4362 meretricum
991 4303 1223 4375 quidem
1240 4305 1440 4359 domos
1454 4303 1646 4359 venire
1659 4303 2090 4378 dedignaretur,

2192 1793 2366 1848 πάντα
2420 1789 2693 1867 διασαφεῖ.
2767 1793 2867 1848 Τὸν
2949 1790 3003 1847 δὲ
3061 1793 3314 1868 μετάνοια
3374 1795 3479 1850 τῶν
3532 1794 3842 1872 γενομένων

2192 1881 2382 1956 εἰσῄει,
2415 1881 2503 1935 καὶ
2556 1878 2638 1959 ἔφ’
2690 1880 2779 1945 οἷς
2833 1882 2963 1959 πρὸς
2995 1883 3086 1936 τὸν
3117 1880 3261 1937 ὅσιον
3292 1882 3593 1939 ἀδικώτατα
3625 1881 3840 1951 διετέθη

2191 1969 2530 2046 μετακλιίων
2582 1969 2671 2044 ἧν,
2732 1970 2820 2025 καὶ
2895 1972 3154 2049 τιμωρίαν
3228 1970 3332 2027 ἀπὸ
3383 1980 3475 2029 τοῦ
3532 1971 3836 2035 συνειδότος

2188 2063 2374 2117 ἑαυτὸν
2421 2060 2888 2137 εἰσπραττόμενος.
2947 2059 3189 2139 Ἀμέλει,
3257 2059 3351 2116 καὶ
3411 2062 3832 2140 παραγενομένῳ

2191 2149 2350 2206 πάλιν
2408 2146 2490 2228 ἐφ’
2559 2152 2604 2222 ᾧ
2686 2148 2753 2204 τὰ
2821 2146 2982 2224 ὅμοια
3057 2149 3293 2229 πράξειε,
3367 2150 3699 2229 προσέπιπτέ
3771 2173 3830 2207 τε

2189 2253 2307 2301 τοῖς
2340 2238 2542 2294 ἐκείνου
2602 2239 2748 2316 ποσὶ,
2808 2235 3128 2317 διωμολόγει
3184 2241 3251 2296 τὰ
3279 2244 3584 2320 πραχθέντα
3617 2248 3826 2316 κακῶς,

2189 2331 2275 2385 καὶ
2333 2335 2436 2384 πᾶν
2493 2329 2554 2382 τὸ
2639 2327 3024 2394 πλεονεκτηθὲν
3108 2329 3422 2405 ἀπηρίθμει.
3481 2329 3632 2387 Οὕτω
3685 2337 3830 2409 πρᾶ-

2184 2419 2257 2484 ξις
2290 2418 2464 2495 ἀγαθὴ
2522 2423 2780 2473 σιωπῶσα
2825 2417 3029 2491 μᾶλλον
3073 2418 3109 2483 ἦ
3152 2417 3331 2488 πλήθη
3361 2419 3619 2496 ῥημάτων
3650 2417 3828 2476 ἀνύειν

2182 2506 2417 2579 δύναται,
2476 2507 2564 2561 καὶ
2622 2503 2710 2568 οὓς
2793 2504 3013 2585 ἔλεγχοι
3071 2509 3159 2562 καὶ
3248 2508 3586 2584 παραινέσεις
3675 2507 3828 2567 οὐδὲν

2179 2595 2416 2669 ὤνησαν,
2489 2596 2697 2656 τούτοις
2757 2593 2909 2673 ἔργον
2967 2597 3244 2652 ἐπαινετὸν
3301 2598 3520 2676 ἡσύχως
3581 2605 3828 2678 χωροῦν,

2183 2688 2269 2742 καὶ
2322 2685 2535 2763 ἀφανῶς
2595 2683 2767 2740 αὖτῶν
2817 2689 2916 2751 τῆς
2973 2683 3324 2755 συνειδήσεως
3381 2689 3826 2766 παραπτόμενον,

2183 2773 2466 2831 έϐελτίωσε
2535 2775 2622 2829 καὶ
2697 2773 3015 2852 αὐθαιρέτως
3091 2778 3422 2850 μεταμαθεῖν
3493 2777 3552 2832 τὸ
3625 2777 3828 2854 ἀγαθὸν

2181 2863 2577 2942 παρασκεύασε,
2656 2853 2714 2918 Ὀ
2790 2859 2844 2917 δὲ
2900 2866 3046 2926 θεῖος
3107 2866 3407 2942 Μαρκιανὸς
3469 2863 3635 2940 μηδὲν
3676 2853 3820 2932 ίήδι-

2181 2956 2372 3022 κῆσθαι
2457 2953 2655 3030 φήσας,
2749 2959 2839 3008 τοῦ
2897 2973 2950 3008 τε
3024 2950 3305 3028 διδομένου
3364 2954 3451 3010 καὶ
3515 2957 3664 3012 αὐτοῦ
3718 2959 3815 3009 τοῦ

3209 3046 3311 3122 οὐχ
3341 3045 3414 3107 ὡς
3447 3043 3512 3098 ἆίν
3541 3064 3651 3098 τινα
3711 3064 3819 3098 πο-

2179 3132 2339 3210 νηρὰν
2412 3130 2799 3211 ἐκτρεπόμενος
2875 3129 3081 3210 (ἐκείνῳ
3166 3133 3266 3210 γὰρ
3365 3133 3424 3188 οὗ
3493 3130 3819 3210 συγγνώμην

2178 3219 2363 3283 ἁπλῶς
2399 3219 2628 3298 ἔνειμεν,
2661 3218 2797 3276 ἀλλὰ
2853 3221 2941 3275 καὶ
2997 3219 3248 3299 φίλτατον
3279 3222 3436 3278 αὐτὸν
3469 3219 3823 3298 διωμολόγη-

2177 3332 2266 3366 σεν
2299 3307 2502 3388 ἔχειν),
2535 3307 2656 3364 ἀλλ’
2687 3307 2796 3383 ὅλῳ
2841 3306 2959 3365 ποδὶ
3017 3311 3224 3388 φεύγων
3261 3310 3358 3377 τὴν
3403 3309 3510 3365 ἀπὸ
3567 3308 3661 3376 τῆς
3707 3329 3824 3382 μα-

2174 3402 2322 3465 ταίας
2379 3397 2533 3465 δόξης
2589 3419 2960 3478 παρερπουσαν
3022 3396 3253 3479 βλάϐην,
3315 3401 3404 3454 καὶ
3470 3399 3566 3455 οὒκ
3624 3395 3824 3454 ἐθέλων

2175 3487 2340 3547 οὒδενὶ
2369 3487 2658 3566 ἀνθρώπων
2689 3491 2754 3544 τὰ
2786 3488 2972 3545 ἑαυτοῦ
3029 3487 3164 3554 δῆλα
3223 3492 3482 3567 γίνεσθαι,
3546 3485 3686 3543 ἀλλὰ
3745 3494 3828 3561 τῷ

2177 3586 2292 3652 Θεῷ
2346 3587 2510 3636 ταῦτα
2569 3577 2716 3652 μόνῳ
2783 3579 3185 3654 ταμιευόμενος.
3245 3579 3478 3656 Πάρεστι
3539 3579 3825 3654 τοιγαροῦν

2174 3675 2250 3744 τῷ
2301 3667 2612 3745 βουλομένῳ
2655 3680 2904 3742 σκοπεῖν,
2937 3667 2988 3723 τί
3039 3690 3121 3732 τις
3154 3669 3407 3746 πρότερον
3451 3666 3573 3746 ἔχοι
3603 3666 3826 3741 θαυμά-

2175 3769 2306 3832 ζειν,
2353 3758 2451 3824 τὴν
2497 3763 2588 3812 τοῦ
2641 3759 2906 3831 θαύματος
2950 3755 3274 3834 ὑπερϐολὴν,
3307 3757 3342 3825 ἢ
3375 3758 3474 3824 τὴν
3530 3755 3657 3834 περὶ
3722 3756 3824 3823 τὴν

2175 3847 2410 3907 εὐποιίαν
2472 3843 2734 3921 σπουδὴν,
2793 3847 2889 3912 τὴν
2947 3851 3044 3912 τῆς
3096 3843 3250 3913 δόξης
3299 3845 3616 3922 ὑπεροψίαν,
3649 3844 3686 3913 ἢ
3717 3844 3827 3910 τὴν

2173 3938 2371 3998 παντὸς
2424 3935 2800 4014 τεχνάσματος
2855 3935 2951 4004 τῆς
3011 3935 3236 4013 γνώμης
3280 3934 3600 4012 ἐλευθερίαν,
3665 3931 3828 3990 Ἀλλ’

2175 4035 2324 4092 οὗτος
2357 4035 2481 4104 γοῦν
2513 4027 2540 4081 ὁ
2568 4030 2666 4092 τῆς
2699 4026 2932 4090 εὐποιίας
2963 4024 3165 4082 ἐκείνου
3193 4023 3351 4104 λόγος
3383 4027 3469 4081 καὶ
3499 4024 3679 4104 ἐτέρου
3715 4021 3822 4092 ἢδη

2175 4117 2570 4191 ἀναμιμνήσκει
2603 4116 2786 4175 καλοῦ.

2257 4214 2359 4273 ιΘ’.
2424 4214 2665 4280 Τοσαύτη
2725 4215 2824 4293 γὰρ
2882 4222 2958 4290 τῷ
3041 4213 3186 4294 ἀνδρὶ
3239 4216 3274 4282 ἡ
3332 4215 3451 4294 περὶ
3503 4212 3660 4285 τήνδε
3714 4216 3819 4281 τὴν

2173 4306 2366 4385 ἀρετὴν
2419 4302 2723 4378 ἐπιμέλεια,
2783 4304 2919 4361 ὣστε
2977 4305 3136 4385 χάριν
3196 4304 3360 4372 αὐτῆς
3418 4306 3506 4361 καὶ
3546 4306 3620 4368 εἷς
3679 4326 3820 4384 πορ-

446 4409 644 4470 neque
667 4409 796 4452 eam
815 4408 942 4452 rem
962 4409 1095 4452 esse
1122 4398 1355 4468 turpem
1380 4388 1774 4451 existimaret:
1802 4392 1905 4452 sed
1927 4392 2003 4455 ad
2019 4393 2084 4454 il-

2181 4397 2316 4460 mtc‘zq
2369 4394 2535 4457 οἰκίας
2566 4399 2748 4471 φοιτᾷν
2808 4395 2885 4468 μὴ
2942 4394 3218 4470 ἀπαξιοῦν,
3293 4391 3432 4470 μηδὲ
3503 4395 3564 4450 τὸ
3622 4400 3818 4474 χρῆμα

446 4483 568 4541 lum
585 4482 805 4560 ipsum,
823 4498 1000 4560 quem
1016 4478 1627 4558 diligebat,Christum
1645 4481 1944 4562 aspiciens
1963 4493 2089 4544 tan-

444 4589 625 4652 quam
649 4571 720 4630 ad
748 4571 1074 4651 exemplar,
1105 4569 1209 4647 qui
1226 4587 1359 4629 cum
1382 4569 1712 4649 publicanis
1735 4581 1794 4633 et
1816 4582 2089 4651 peccato-

446 4661 616 4722 ribus
641 4670 884 4741 propter
907 4679 1112 4722 eorum
1135 4660 1386 4720 salutem
1424 4679 1580 4741 saepe
1603 4661 1807 4721 habuit
1824 4680 2088 4724 consue-

453 4753 740 4828 tudinem,
767 4762 824 4813 et
848 4753 1014 4812 malis
1042 4751 1323 4812 suaderet
1363 4751 1736 4828 mulieribus,
1763 4771 1896 4833 quae
1923 4762 2091 4816 erant

446 4844 720 4900 salutaria
742 4865 750 4892 :
769 4843 984 4912 quibus
1004 4855 1427 4910 nonnunquam
1455 4841 1645 4910 inopia
1672 4855 1793 4899 erat
1811 4859 1980 4902 causa
1996 4844 2086 4900 sui

448 4935 889 5003 interitus,dum
907 4933 1140 4996 vellent,
1167 4933 1310 5000 proh
1332 4930 1512 4988 dolat!
1539 4945 1642 4988 suo
1665 4945 1903 5003 corpore
1931 4948 2088 5005 quae-

443 5033 595 5085 stum
632 5023 850 5085 facere.
906 5023 971 5083 In
1003 5039 1104 5082 eas
1136 5039 1272 5099 ergo
1317 5021 1506 5099 magis
1537 5030 1660 5082 erat
1691 5022 1989 5103 profusus,
2028 5031 2088 5086 et

441 5117 672 5172 dextera
705 5115 889 5186 magis
913 5124 1214 5184 promptus
1239 5116 1493 5182 optimus
1519 5113 1868 5172 Marcianus:
1894 5126 1945 5174 et
1963 5131 2082 5174 ma-

442 5202 600 5262 xime
631 5204 680 5261 si
710 5203 1055 5279 contigisset
1086 5200 1300 5261 festum
1337 5201 1429 5276 agi
1462 5199 1557 5261 die
1586 5203 1884 5280 sequenti.
1918 5205 2084 5266 Tunc

441 5297 595 5350 enim
621 5303 741 5350 erat
766 5305 996 5365 paratus
1023 5296 1186 5366 plura
1213 5296 1294 5350 eis
1317 5293 1775 5364 prmbtre,quam
1801 5297 2086 5356 illaerant

442 5383 778 5453 accepturas
807 5393 879 5437 ex
910 5375 1306 5436 abominanda
1328 5374 1632 5452 nequitia:
1656 5379 2084 5455 persuadebat-

441 5483 555 5543 que
577 5478 734 5524 eiset
751 5465 832 5524 uti
856 5465 1109 5539 lavacro,
1135 5475 1190 5525 et
1216 5483 1276 5524 se
1303 5464 1736 5543 insequentem
1765 5465 1921 5528 diem
1948 5489 2081 5530 ser-

440 5577 571 5618 Vare
601 5564 950 5632 impollutas,
979 5571 1032 5620 et
1060 5563 1129 5618 ad
1151 5563 1461 5621 Oeclcsium
1486 5565 1688 5620 deinde
1712 5567 2007 5636 accudere,
2031 5581 2086 5629 et

2171 4490 2226 4547 ἕν
2284 4510 2332 4542 τι
2394 4490 2498 4540 τῶν
2547 4485 2800 4558 ἀκόσμων
2831 4486 3082 4562 ἡγεῖσθαι
3112 4500 3126 4515 ·
3158 4483 3278 4541 ἀλλ’
3313 4486 3386 4547 εἷς
3419 4485 3573 4540 αὐτὸν
3604 4484 3815 4540 ἐκεῖνον

2172 4581 2230 4636 ὃν
2263 4574 2428 4657 ἐφίλει
2480 4575 2707 4652 Χριστὸν
2741 4573 2920 4652 ὥσπερ
2951 4576 3022 4639 εἰς
3053 4575 3356 4654 ἀρχέτυπον
3405 4574 3674 4652 ἀφορῶντα
3724 4571 3810 4651 (ὃς

2171 4671 2262 4727 καὶ
2319 4664 2576 4725 τελώναις
2635 4663 2718 4720 ἐπὶ
2803 4667 3039 4744 σωτηρίᾳ
3122 4668 3210 4722 καὶ
3266 4661 3604 4742 ἁμαρτωλοῖς
3659 4661 3805 4717 πολ-

2172 4759 2325 4822 λάκις
2383 4753 2678 4831 ὡμιληκὼς
2721 4753 2830 4829 ἧν),
2881 4757 2966 4811 καὶ
3012 4756 3170 4814 αὐτὸν
3220 4755 3421 4834 γυναιξὶ
3465 4750 3686 4832 φαύλαις
3741 4753 3811 4809 τὰ

2174 4850 2409 4922 σωτήρια
2455 4857 2758 4923 παραινεῖν,
2806 4845 2898 4908 α’ίς
2954 4847 2988 4913 ἡ
3040 4845 3230 4923 ἀπορία
3279 4844 3529 4907 ὑπόθεσις
3583 4842 3672 4915 ἦν,
3722 4841 3818 4899 ὅτε

2169 4946 2268 5008 τῆς
2327 4936 2528 4993 έαυτῶν
2599 4935 2892 5014 ἐτύγχανεν
2968 4934 3262 5009 ἀπωλείας,
3327 4933 3434 4988 ἀπὸ
3495 4940 3588 4991 τοῦ
3658 4931 3810 5008 ἰδίου,

2169 5028 2310 5110 φεῦὲ
2375 5029 2625 5103 σώματος
2677 5029 2977 5104 πορίζεσθαι
3019 5026 3392 5105 βουλομέναις.
3434 5025 3573 5102 Πρὸς
3618 5027 3812 5088 ταύτας

2168 5127 2448 5199 τοιγαροῦν
2497 5120 2587 5174 καὶ
2642 5115 2847 5191 μαλλον
2906 5120 2934 5174 ὁ
2989 5119 3230 5198 χρηστὸς
3289 5118 3354 5173 τὰ
3417 5118 3591 5172 πάντα
3659 5121 3815 5192 Μαρ-

2164 5213 2346 5271 κιανὸς
2379 5206 2565 5280 πολλῷ
2595 5207 2726 5284 ῥέων
2775 5207 2840 5274 ἧν
2896 5211 2983 5264 καὶ
3036 5208 3400 5285 ἑτοιμότερος,
3433 5211 3523 5262 καὶ
3579 5203 3817 5280 μάλιστα

2169 5303 2211 5358 εἰ
2263 5301 2419 5378 τύχοι
2478 5301 2578 5363 τῆς
2638 5297 2891 5364 ἐπιούσης
2954 5299 3142 5376 ἑορτὴν
3197 5297 3440 5374 ἄγεσθαι.
3521 5295 3652 5352 Τότε
3711 5294 3814 5374 γὰρ

2166 5387 2261 5446 καί
2323 5388 2491 5444 πλείω
2535 5385 2794 5464 παρέχειν
2851 5386 2886 5454 ἣ
2937 5389 3142 5444 εκεῖναι
3179 5387 3280 5452 τῆς
3329 5383 3603 5461 βδελυρίας
3653 5383 3815 5460 ἔμελ-

2167 5479 2258 5535 λον
2303 5475 2584 5552 ἀποφέρειν
2643 5475 2988 5550 ἑτοιμότατος
3053 5476 3141 5548 ἦν,
3195 5473 3400 5551 λουτρῷ
3476 5495 3528 5530 τε
3587 5477 3812 5553 χρήσα-

2167 5572 2284 5626 σθαι
2342 5567 2430 5622 καὶ
2507 5565 2793 5642 ἀμιάντους
2867 5567 3206 5647 φυλαχθῆναι
3267 5571 3333 5642 τῇ
3398 5563 3516 5631 ἑξῆς
3577 5567 3806 5654 ἔπειθεν,
