4018 6136
246 299 354 371 453
1296 304 1484 374 VITA
1528 309 1589 371 S.
1646 296 2025 372 MARCIANI
2068 298 2571 373 PBESBYTERI.
3500 304 3617 375 454

242 444 320 498 καὶ
362 447 431 517 τῇ
490 442 758 512 ἐκκλησία
800 444 987 501 ἔπειτα
1056 442 1394 522 προσελθεῖν,
1453 444 1541 499 καὶ
1590 448 1697 498 τῶν
1761 465 1888 514 προ-

1983 444 2368 506 recordantes
2400 460 2607 505 eorum
2645 460 2775 524 quae
2806 452 3261 522 praecesserant,
3313 443 3620 505 horribilis

239 528 514 587 λαόοντων
611 535 1029 609 ὲπιμνησθείσας
1127 536 1220 590 τὸν
1318 530 1478 613 φόϐον
1562 538 1660 599 τῆς
1731 534 1887 608 γεέν·-

1978 533 2266 609 gehennae
2301 541 2522 593 metum
2555 531 2667 592 sibi
2700 530 2994 608 incutere,
3032 540 3090 595 et
3138 531 3326 593 Deum
3380 532 3622 612 placare

237 641 326 687 νης
404 624 641 701 φρικτῆς
716 625 932 689 ἑαυταῖς
1006 624 1302 696 ἐπισεῖσαι,
1382 624 1473 679 καὶ
1533 620 1751 700 δάκρυσι
1828 624 1888 679 τὸ

1978 621 2267 703 lacrymis.
2298 621 2464 694 Quod
2496 620 2734 700 quidem
2788 639 2922 683 cum
2958 639 3117 702 saepe
3168 621 3384 684 factum
3437 629 3616 695 esset,

235 718 389 766 Θεϊον
461 710 871 777 ἐξιλεώσασθαι.
945 711 1019 770 Οὖ
1103 710 1168 779 δὴ
1253 710 1517 776 πολλάκις
1577 711 1883 788 γινομένου,

234 798 368 854 ἔστιν
410 802 492 855 ῶν
537 803 630 858 καὶ
694 803 942 871 συνήθεια
995 808 1086 857 τοῦ
1138 800 1307 858 καλοῦ
1366 800 1704 878 κατεκρατει,
1781 803 1885 879 φό-

235 887 319 953 ϐος
373 911 435 945 τε
495 894 650 953 θεός
735 893 924 955 αῦταϊς
1002 891 1310 966 ἐπισκήψας
1386 891 1775 967 παρεσκεύαζεν
1831 895 1892 949 οῦ

233 978 492 1051 πορνείοις
584 981 772 1055 μόνον,
861 979 1001 1037 ἀλλὰ
1060 980 1148 1035 καὶ
1208 981 1364 1035 παντὶ
1422 980 1612 1054 κόσμῳ
1685 982 1890 1059 χαίρειν

234 1069 504 1145 εἰπούσας,
570 1071 646 1133 εἰς
720 1069 1058 1146 μοναστήριά
1129 1090 1187 1124 τε
1244 1069 1339 1124 καί
1390 1067 1692 1146 ἄσκητήρια
1737 1069 1887 1125 εὐθύ-

237 1178 343 1230 μως
398 1164 643 1234 φοιτᾷνο
711 1158 908 1215 πολλαὶ
966 1155 1020 1213 δὲ
1085 1158 1287 1214 τούτων
1361 1157 1447 1212 καὶ
1517 1158 1591 1221 εἲς
1656 1148 1888 1236 Ἱεροσό-

241 1242 367 1318 λυμα
442 1245 682 1321 βαδίζειν
736 1247 999 1325 ἔγνωσαν,
1073 1248 1165 1307 τὰς
1240 1245 1469 1307 ἐνοδίους
1529 1244 1623 1301 ἀπ’
1691 1246 1892 1303 ἐκείνου

236 1331 464 1396 δαπάναις
533 1336 837 1409 ἀρκούντως
888 1335 1242 1413 ἆπειληγυϊαι
1275 1355 1291 1370 ⁶
1342 1338 1401 1391 α⁹ἱ
1461 1338 1547 1391 καὶ
1608 1337 1720 1412 βίον
1776 1337 1888 1410 μά-

235 1420 385 1478 )ιστα
444 1427 685 1501 καθαρὸν
730 1427 819 1481 καὶ
864 1425 1133 1481 ἀντίθετον
1176 1423 1235 1480 ἐκ
1278 1422 1560 1503 διαμέτρου
1616 1431 1692 1498 τῷ
1751 1447 1888 1502 προ-

233 1508 447 1568 λαϐόντι
510 1512 934 1588 ὲπιδειξάμεναι,
1008 1512 1126 1570 ούδὶ
1183 1520 1286 1569 τῶν
1330 1515 1423 1569 τοῦ
1482 1512 1679 1589 ἀγαθοῦ
1732 1515 1890 1570 Πνεύ·

232 1621 396 1672 ματος
459 1603 827 1681 χαρισμάτων
910 1602 1249 1668 κατέστησαν
1318 1600 1579 1677 ἄμοιροι·
1641 1603 1780 1659 ἀλλὰ
1836 1606 1888 1659 αἱ

230 1688 324 1761 μὲν
370 1693 540 1748 αὐτὸν
598 1694 879 1770 προσευχῇ
937 1692 1122 1754 νόσους
1182 1690 1388 1767 ἔλυσυν,
1422 1694 1473 1747 αἱ
1521 1690 1576 1747 δὲ
1624 1694 1709 1749 καὶ
1770 1691 1888 1749 δαίο

1975 711 2292 773 nonnullas
2343 709 2480 772 boni
2525 710 2805 774 vincebat
2837 711 3232 792 consuetudo,
3267 710 3623 792 divinusque

1975 800 2063 861 eis
2084 806 2369 879 ingruens
2393 808 2583 860 metus
2601 799 2990 875 efﬁciebat,ut
3015 819 3130 862 non
3158 801 3350 861 solum
3366 799 3614 879 stupris,

1972 890 2078 951 sed
2109 890 2274 950 omni
2307 888 2482 951 etiam
2516 898 2865 951 ornamento
2898 889 3324 963 valedicentes,
3379 888 3450 950 ad
3487 906 3621 949 mo-

1977 979 2231 1042 nasteria
2287 988 2343 1040 et
2393 980 2710 1049 asceteria,
2765 978 2819 1039 id
2872 987 2984 1054 est,
3038 978 3168 1040 loca
3216 978 3278 1039 in
3310 976 3524 1057 quibus
3552 995 3627 1040 se

1975 1069 2349 1139 exercerent,
2407 1068 2683 1139 prompto
2733 1067 2791 1119 et
2834 1060 3015 1120 alacri
3070 1062 3340 1121 venirent
3388 1059 3614 1120 animo.

1974 1148 2167 1210 Multae
2198 1166 2435 1229 quoque
2464 1148 2626 1210 exiis
2649 1156 2979 1210 statuerunt
3009 1148 3095 1210 ire
3120 1147 3613 1228 Hierosolymam,

1974 1256 2107 1299 cum
2141 1239 2214 1299 ab
2246 1237 2348 1298 illo
2380 1237 2755 1317 accepissent
2785 1245 3080 1317 sumptus,
3114 1238 3216 1317 qui
3271 1236 3620 1299 sufﬁcerent

1974 1327 2043 1387 ad
2080 1327 2383 1391 viaticum.
2431 1327 2576 1400 Quae
2607 1345 2739 1388 cum
2770 1328 2943 1387 vitam
2999 1326 3255 1388 maxime
3307 1343 3514 1406 puram
3561 1332 3619 1385 et

1976 1414 2157 1496 priori
2212 1435 2280 1477 ex
2331 1415 2624 1477 diametro
2669 1420 2999 1495 oppositam
3059 1415 3485 1489 ostendissent,
3542 1430 3619 1475 ne

1975 1504 2115 1565 boni
2166 1505 2402 1584 quidem
2437 1503 2680 1585 spiritus
2731 1504 3025 1568 donorum
3074 1505 3239 1566 fuere
3292 1512 3614 1585 expertes:

1975 1594 2079 1655 sed
2112 1593 2242 1655 alia:
2273 1592 2513 1675 quidem
2548 1612 2621 1654 ex
2659 1593 2803 1673 ipsis
2835 1593 3077 1655 morbos
3119 1594 3430 1656 solverunt
3478 1610 3617 1654 ora-

1978 1686 2161 1756 tione,
2221 1684 2353 1746 aliae
2384 1692 2578 1744 autem
2606 1683 2912 1745 daemones
2942 1702 3204 1764 quoque,
3255 1701 3404 1764 quos
3454 1682 3622 1763 prius

231 1800 394 1852 μονας
442 1779 500 1845 ἐξ
578 1780 890 1856 ἀνθρώπων,
964 1782 1053 1843 οὒς
1127 1780 1385 1859 πρότερον
1443 1780 1716 1855 ἐπιμελῶς
1770 1781 1885 1837 ἑθε-

1978 1771 2301 1849 diligenter
2329 1774 2661 1847 coluerant,
2697 1771 2869 1834 facile
2900 1774 3205 1853 ejecerunt
3236 1790 3307 1834 ex
3355 1770 3621 1833 homini-

232 1868 535 1948 ράπευσαν,
582 1868 769 1946 ῥᾳδίως
822 1869 1129 1939 ἀπήλασαν,
1190 1879 1360 1928 Ταῦτα
1414 1870 1622 1935 ἐκεῖνος
1667 1872 1769 1951 οὐχ
1817 1873 1891 1936 ὡς

233 1956 293 2011 ἄν
335 1980 420 2022 τις
471 1958 647 2027 ἐποίει
688 1965 795 2015 τῶν
854 1959 1070 2033 πλούτῳ
1125 1957 1312 2032 πολλῴ
1370 1958 1889 2040 περιαντλουμένων,

232 2049 316 2102 καὶ
392 2048 458 2103 τὸ
521 2054 784 2125 περιττῶς
850 2046 981 2127 ἔχον
1072 2048 1375 2128 ἀποκενῶν,
1435 2048 1573 2104 ἄλλα
1641 2047 1726 2105 διὰ
1796 2051 1892 2118 τὴν

233 2135 444 2203 πολλὴν
510 2139 631 2215 περὶ
686 2140 804 2202 τοὺς
873 2136 1153 2212 δεομένους
1229 2138 1420 2217 ῥοπὴν,
1483 2136 1619 2213 μηδὲ
1694 2143 1884 2212 αὐτῶν,

235 2225 395 2304 φημὶ,
456 2231 571 2281 τῶν
624 2226 923 2304 ἀναγκαίων
988 2224 1324 2305 φειδόμενος.
1387 2225 1541 2283 Ἀλλ’
1600 2227 1738 2285 ἔστιν
1804 2227 1891 2284 ὅτε

243 2313 325 2372 καὶ
365 2314 399 2368 ἃ
440 2315 607 2392 εἶχεν
649 2317 705 2371 ἓν
749 2315 935 2395 χερσὶν
990 2315 1288 2393 ἐκφορήσας
1348 2316 1521 2372 πάντα
1578 2316 1675 2373 καὶ
1719 2339 1888 2389 μετα-

239 2400 355 2467 δοὺς
413 2405 594 2478 ἑαυτῷ
650 2406 744 2468 τὰς
801 2406 1049 2484 χρηστὰς
1096 2403 1312 2468 ἐλπίδας
1355 2407 1443 2461 καὶ
1485 2407 1545 2461 τὸ
1591 2408 1663 2470 εἷς
1696 2420 1890 2485 χεῖρας

243 2490 441 2569 ἀφορᾷν
502 2494 665 2567 μόνον
751 2515 842 2549 του
895 2499 1025 2549 Θεοῦ
1084 2492 1499 2569 κατελίμπανεν,
1561 2494 1697 2551 ὥστε
1755 2496 1889 2571 μετὰ

244 2588 348 2635 τῶν
404 2579 607 2654 ἄλλων,
669 2581 744 2637 ῶν
803 2583 934 2661 εἶχε
989 2582 1192 2657 καλῶν,
1226 2584 1474 2661 καὶπρὸς
1507 2582 1888 2660 ἀκτημοσύνης

244 2667 427 2747 λόγον,
460 2670 653 2747 μηδενὶ
683 2678 789 2727 τῶν
818 2672 1093 2751 πρωτείων
1125 2685 1489 2752 παραγωρεϊν,

327 2838 412 2910 ιζ’,
479 2856 723 2924 Σημεϊον
780 2847 835 2905 δὲ
892 2856 984 2907 τοῦ
1039 2848 1223 2927 λόγου.
1294 2849 1520 2928 Λέγεται
1564 2849 1665 2929 γὰρ
1707 2852 1781 2917 ὡς
1838 2852 1890 2917 ἐξ

252 2936 435 3012 ἑορτῆς
522 2939 692 3016 ἁγίων
775 2937 1118 3017 ὑποστρέφων
1202 2940 1331 2996 ποτὲ
1418 2938 1530 3017 (καὶ
1604 2940 1705 3017 γὰρ
1772 2938 1888 2999 οὐδὲ

252 3029 350 3079 τῶν
410 3028 667 3083 τοιούτων
723 3029 810 3084 καὶ
869 3034 963 3086 τοῦ
1017 3030 1074 3083 ἒν
1124 3028 1271 3103 μέσῳ
1327 3028 1543 3085 πολλῶν
1587 3029 1755 3088 αἰνεῖν
1799 3032 1888 3087 τὸν

260 3115 439 3190 Κύριον
491 3113 793 3180 θεοσεϐείας
865 3118 1027 3197 χάριν
1085 3115 1509 3193 ἀπελιμπάνετο,
1557 3117 1696 3175 ἀλλὰ
1752 3142 1885 3177 κατα

258 3202 455 3271 πολλὴν
502 3205 684 3283 ἐφοίτα
740 3207 840 3273 τὴν
882 3206 1201 3285 προθομίαν)
1236 3222 1249 3236 ·
1299 3208 1532 3263 ἐπανιὼν
1580 3214 1885 3289 τοιγαροῦν,

1979 1862 2109 1923 bus.
2166 1860 2303 1924 Haec
2338 1863 2462 1937 ille,
2498 1882 2614 1924 non
2648 1872 2709 1923 ut
2758 1861 2981 1924 faceret
3009 1861 3224 1941 aliquis
3266 1880 3335 1922 ex
3385 1860 3460 1923 iis
3516 1860 3619 1941 qui

1978 1952 2207 2031 magnis
2236 1952 2485 2014 aﬂluunt
2517 1951 2754 2033 opibus,
2790 1950 2850 2012 id
2878 1952 3034 2033 quod
3069 1950 3365 2013 redundat
3410 1952 3618 2012 exina-

1976 2040 2172 2115 niens,
2207 2041 2311 2102 sed
2345 2050 2585 2122 promer
2618 2059 2894 2118 magnum
2930 2041 3086 2122 quod
3120 2039 3436 2120 egentibus
3465 2038 3618 2101 aife-

1975 2129 2146 2191 rebat
2172 2130 2568 2204 auxilium,ne
2597 2131 2745 2211 ipsis
2776 2130 3017 2211 quidem
3052 2148 3304 2210 parcens
3333 2146 3618 2193 necessa-

1975 2220 2104 2281 riis.
2127 2218 2244 2282 Sed
2271 2239 2697 2301 nonnunquam
2722 2239 2856 2281 cum
2876 2220 3073 2282 omnia
3098 2221 3274 2280 etiam
3306 2219 3619 2281 extulisset

1976 2320 2032 2370 et
2065 2318 2386 2387 erogasset,
2408 2328 2541 2389 quae
2572 2307 2828 2370 habebat
2862 2310 2918 2368 in
2948 2306 3249 2384 manibus,
3283 2309 3397 2371 sibi
3427 2308 3618 2368 solam

1976 2416 2139 2478 spem
2194 2397 2409 2460 bonam
2444 2407 2505 2460 et
2535 2398 2607 2459 ad
2656 2396 2763 2461 Dei
2808 2398 3002 2459 solum
3057 2415 3267 2458 manus
3314 2397 3614 2477 aspicere,

1972 2486 2398 2568 relinquebat:
2450 2487 2601 2549 adeo
2658 2496 2721 2547 ut
2772 2504 2902 2548 cum
2959 2486 3113 2559 aliis,
3167 2504 3300 2566 qua:
3363 2484 3618 2547 habebat

1973 2576 2167 2651 bonis,
2217 2577 2390 2638 etiam
2438 2577 2596 2657 quod
2639 2576 2712 2637 ad
2745 2576 2891 2636 nihil
2927 2575 3328 2657 possidentem
3377 2574 3609 2652 attinet,

1975 2668 2200 2746 primas
2230 2673 2434 2746 partes
2464 2666 2615 2727 nulli
2644 2666 2912 2728 cederet.

2053 2844 2176 2907 XX.
2202 2843 2397 2925 Hujus
2416 2856 2612 2907 autem
2637 2845 2792 2926 quod
2819 2845 2977 2920 dico,
2995 2844 3232 2924 signum
3257 2851 3365 2906 est.
3388 2842 3619 2906 Dicitur

1974 2935 2133 2996 enim
2157 2938 2313 3016 quod
2337 2955 2370 2997 a
2387 2935 2534 2997 festo
2559 2934 2910 2998 Sanctorum
2927 2943 3235 2997 revertens
3253 2933 3612 3015 aliquando:

1972 3042 2109 3087 nam
2143 3043 2255 3087 nec
2284 3024 2379 3101 iis,
2410 3044 2519 3087 nec
2541 3024 2805 3102 Domini,
2833 3043 2967 3106 quae
2986 3024 3050 3085 fit
3074 3024 3132 3085 in
3170 3023 3367 3086 medio
3401 3023 3618 3085 multo-

1972 3133 2131 3189 rum,
2163 3114 2490 3177 laudationi
2520 3116 2750 3190 deerat,
2782 3114 2967 3176 divini
2998 3114 3196 3176 cultus
3229 3121 3288 3175 et
3307 3112 3617 3190 religionis

1969 3203 2513 3284 gratia.Revertens
2532 3204 2986 3287 ergo,quoniam
3012 3203 3269 3284 pluviam
3294 3219 3618 3283 erumpere

267 3289 374 3347 ἒπεὶ
424 3291 612 3371 ὄμϐρον
698 3293 1095 3373 καταῤῥαγῆναι
1168 3293 1384 3369 συνέϐη,
1446 3294 1732 3376 διάϐροχος
1786 3318 1883 3375 γε·

1978 3294 2321 3373 contigerat,
2361 3295 2725 3357 madefactus
2755 3303 2814 3357 et
2838 3293 3086 3356 domum
3117 3292 3452 3369 ingressus,
3476 3310 3615 3355 cum

273 3381 442 3468 γονὸς,
487 3386 570 3437 καὶ
620 3382 869 3439 εἰσελθὼν
924 3385 1021 3451 τὴν
1066 3384 1259 3464 οἰκίαν,
1307 3386 1395 3442 καὶ
1437 3384 1883 3468 ἐγκλεισάμενος,

1978 3401 2034 3445 se
2056 3383 2400 3446 inclusisset
2424 3393 2480 3446 et
2504 3396 2727 3447 vestem
2750 3383 3030 3457 exuisset,
3059 3382 3262 3462 paucis
3283 3380 3619 3442 exsiccabat

276 3466 444 3555 ἔπειτα
484 3469 665 3537 ἀποδὺς
705 3474 769 3530 τὸ
825 3473 1037 3548 ἱμάτιον
1095 3472 1180 3531 ἐπὶ
1223 3476 1461 3554 μετρίοις
1511 3474 1748 3555 ἄνθραξιν
1783 3466 1883 3533 ὄιν-ἒ

1978 3471 2360 3537 carbonibus.
2413 3474 2648 3537 Accidit
2674 3482 2895 3548 autem,
2931 3479 2996 3533 ut
3029 3472 3135 3535 Dei
3165 3470 3616 3532 amantissimus

268 3553 541 3634 εξιίραινεν.
615 3560 767 3619 Οὕτω
829 3560 884 3617 δὲ
936 3564 1234 3636 συμπεσὸν,
1283 3553 1333 3620 ὃν
1365 3566 1484 3621 τότε
1542 3553 1890 3643 θεοφιλέστα-

261 3667 346 3710 τος
393 3647 667 3728 ἀρχιερεὺς
729 3649 1068 3726 μετάϐλητον
1135 3655 1293 3709 αύτὸν
1365 3654 1629 3723 ἐπονεῖτο.
1718 3657 1778 3713 Οἱ
1835 3654 1892 3712 δὲ

256 3736 523 3803 σταλέντες
586 3739 969 3815 κεκλεισμένην
1059 3742 1296 3821 εὑρόντες
1356 3744 1456 3811 τὴν
1512 3744 1702 3824 οἰκίαν,
1765 3744 1888 3802 ἔκο-

253 3827 376 3882 πτόν
416 3850 474 3885 τε
518 3829 616 3898 τὴν
647 3830 826 3905 θύραν,
860 3829 956 3887 καῖ
988 3829 1178 3897 ἐξιέναι
1212 3830 1480 3894 ἐκέλευον.
1515 3834 1616 3890 Τὸν
1649 3832 1703 3889 δὲ
1733 3834 1767 3902 ἡ
1799 3834 1891 3892 τοῦ

251 3922 470 3992 φανῆναι
527 3921 725 3998 γυμνὸν
789 3921 1018 4001 αἰσχύνη
1077 3922 1214 3977 εἴσω
1292 3922 1470 3996 μένειν
1541 3922 1739 4000 ἐποίει,
1814 3928 1890 4001 τῷ

249 4002 376 4077 μηδέ
432 4006 610 4085 ἕτερον
674 4007 886 4081 ἱμάτιον
945 4013 1086 4083 αῦτῴ
1139 4022 1447 4087 προσεῖναι,
1510 4009 1650 4067 ὥστε
1723 4034 1885 4091 περι-

250 4089 541 4170 ϐαλόμενον
596 4095 899 4174 προελθεῖν.
975 4099 1073 4154 Διὰ
1148 4105 1302 4155 τοῦτο
1361 4098 1720 4178 ἐπηγγείλατο
1791 4089 1887 4177 μὲν

250 4182 345 4251 τὴν
389 4184 615 4260 ἔλευσιν,
651 4184 840 4260 ἔμελλε
897 4183 953 4242 δὲ
1011 4189 1098 4243 καὶ
1155 4188 1253 4251 ἔτι,
1304 4192 1401 4252 Εἷς
1453 4194 1558 4245 τῶν
1614 4193 1890 4265 παρόντων

252 4274 651 4354 περιεργότερόν
718 4298 766 4332 τι
830 4282 1023 4350 ποιῶν,
1084 4279 1172 4333 καὶ
1234 4279 1340 4355 ὁπῇ
1380 4298 1481 4334 τινι
1539 4280 1632 4336 τὸν
1689 4280 1888 4358 ὀφθαλ-

253 4363 345 4435 μὸν
402 4367 647 4442 προσθεὶς
703 4366 791 4421 καὶ
851 4367 914 4421 τὸ
969 4366 1251 4444 γινόμενον
1313 4368 1664 4449 θεασάμενος,
1730 4371 1888 4435 αὖτός

1974 3562 2234 3643 pontifex
2261 3573 2398 3625 tunc
2419 3582 2555 3626 eum
2579 3561 3060 3636 accerseret.Qui
3082 3568 3281 3623 autem
3301 3560 3463 3620 missi
3487 3559 3617 3621 fue-

1973 3661 2126 3727 rant,
2162 3671 2297 3714 cum
2331 3652 2571 3714 domum
2600 3650 3272 3725 invenissentclausam,
3304 3648 3616 3730 pulsabant

1973 3743 2211 3815 ostium,
2247 3751 2305 3803 et
2327 3741 2620 3821 jubebant
2648 3742 2877 3822 egredi.
2910 3741 3080 3802 Illum
3112 3757 3251 3801 vero
3283 3737 3499 3819 pudor,
3535 3756 3615 3799 ne

1980 3830 2175 3893 nudus
2203 3831 2523 3908 videretur,
2557 3833 2812 3913 cogebat
2843 3830 3001 3893 intus
3032 3847 3297 3904 manere,
3330 3826 3616 3905 quoniam

1976 3940 2049 3983 ne
2078 3922 2192 3983 alia
2225 3922 2463 4003 quidem
2501 3925 2551 3984 ei
2585 3923 2769 3984 vestis
2785 3921 3016 3994 aderat,
3045 3929 3105 3981 ut
3139 3926 3339 4000 posset
3365 3917 3616 3979 indutus

1974 4010 2270 4092 progredi.
2296 4011 2366 4073 Et
2388 4012 2521 4074 ideo
2546 4009 3162 4092 renuntiavitquidem
3187 4028 3252 4071 se
3274 4018 3615 4081 venturum,

1975 4103 2079 4164 sed
2103 4111 2301 4164 tamen
2320 4102 2516 4165 adhuc
2547 4101 2885 4175 diﬂ‘erebat,
2914 4100 3105 4162 donec
3129 4118 3284 4161 unus
3306 4116 3377 4160 ex
3410 4097 3484 4158 iis
3513 4097 3617 4178 qui

1974 4192 2243 4273 aderant,
2277 4211 2341 4254 se
2368 4211 2583 4272 gerens
2616 4193 2787 4275 paulo
2809 4191 3123 4266 curiosius,
3159 4208 3292 4251 cum
3320 4188 3422 4248 uni
3453 4186 3617 4249 fora-

1976 4282 2122 4342 mini
2153 4282 2389 4344 oculnm
2423 4283 2806 4357 admovisset,
2832 4290 2888 4343 et
2918 4278 3355 4359 contemplatus
3372 4284 3533 4339 esset
3551 4275 3616 4340 id

1974 4371 2129 4451 quod
2168 4372 2369 4449 ﬁebat,
2406 4381 2463 4434 et
2499 4379 2624 4454 ipse
2657 4374 2924 4454 repletus
2954 4371 3067 4433 fuit
3091 4368 3507 4444 admiratione,
3555 4374 3618 4428 et

254 4471 302 4507 te
344 4456 611 4530 θαύματος
670 4453 989 4535 ἐπληροῦτο,
1062 4458 1149 4514 καὶ
1223 4458 1345 4522 τοὺς
1412 4456 1603 4521 ἄλλους
1660 4461 1887 4539 μάρτυσι

1978 4460 2171 4522 effecit
2220 4468 2283 4523 ut
2329 4463 2461 4524 aliis
2492 4453 2758 4526 uteretur
2789 4462 2965 4541 hujus
3007 4459 3095 4522 rei
3145 4456 3416 4531 testibus,
3470 4458 3615 4519 dum

251 4519 549 4619 χρήσασθαι
608 4519 986 4610 106t00|t01t£
1038 4544 1311 4624 σφετέροις
1370 4519 1671 4625 ὀφθαλμοῖς
1740 4519 1882 4629 παρ-

1978 4550 2096 4612 suis
2148 4561 2467 4614 cernerent
2519 4554 2730 4616 oculis.
2781 4519 3093 4632 Postquam
3118 4550 3314 4631 itaque
3362 4548 3419 4610 id
3454 4547 3617 4629 quod

251 4633 550 4695 εσιιεύασεν,
600 4634 696 4697 Ὠς
742 4635 831 4690 οὗν
889 4633 1145 4702 ἒξέπληξε
1188 4639 1387 4701 πάντας
1433 4640 1489 4694 τὸ
1547 4640 1726 4696 θεαθὲν
1785 4648 1885 4698 επ-

1978 4640 2160 4702 visum
2193 4640 2407 4716 fuerat,
2432 4660 2643 4704 omnes
2659 4640 3173 4722 obstupefecisset,
3202 4637 3428 4701 reversi
3451 4646 3613 4714 sunt,

252 4723 476 4798 ανίεσαν,
531 4724 619 4779 καὶ
703 4729 777 4796 τῷ
834 4725 1144 4806 πατριάρχῃ
1201 4727 1375 4785 πάντα
1434 4728 1570 4801 μετὰ
1625 4731 1887 4806 θαύματος

1978 4739 2031 4791 et
2078 4732 2429 4810 patriarcha:
2460 4750 2591 4794 cum
2625 4730 3016 4793 admiratione
3066 4729 3268 4790 omnia
3297 4745 3613 4810 aperuere.

253 4803 549 4890 διεσάφουν.
598 4817 684 4883 Τῷ
725 4808 804 4886 δὲ,
853 4812 957 4892 οὔχ
1000 4803 1145 4880 ὅπως
1191 4814 1338 4872 οὐδὲν
1381 4818 1688 4893 θαυμάζειν,
1722 4803 1888 4877 ⁷εέιλλᾶι

1978 4803 2300 4881 [lli-autem
2335 4839 2452 4881 non
2493 4820 2667 4880 modo
2698 4820 2864 4881 venit
2896 4821 2954 4882 in
2990 4827 3252 4880 mentem
3306 4803 3612 4893 admirari,

251 4900 333 4991 καὶ
383 4898 687 4981 μέμφεσθαι
744 4900 949 4976 μᾶλλον
1011 4904 1193 4970 αύτοτς
1240 4905 1419 4983 ἐπῄει,
1484 4909 1529 4964 εἰ
1581 4907 1641 4964 ἐκ
1684 4914 1888 4990 μικρῶν

1978 4908 2076 4970 sed
2113 4910 2306 4989 potius
2337 4928 2438 4971 eos
2470 4910 2806 4991 increpare,
2830 4908 2990 4989 quod
3015 4928 3081 4971 ex
3102 4908 3250 4969 adeo
3276 4906 3467 4986 parvis
3487 4916 3615 4967 sta-

251 4986 382 5047 ούτω
457 4993 760 5067 Μαρκιανὸν
845 4991 1015 5072 μέγαν
1103 4994 1366 5073 ἐγνώκασι
1428 4997 1644 5078 κρίνειν,
1724 4986 1888 5078 παρὸν

1978 4986 2195 5060 iuerint
2228 5018 2503 5079 magnum
2533 4986 2799 5063 indicare
2828 4986 3217 5072 Marcianum,
3244 5015 3379 5059 cum
3406 4995 3618 5058 liceret

251 5076 310 5131 ὲκ
364 5076 582 5135 πολλῶν
662 5078 877 5158 ἐτέρων,
956 5082 1043 5138 καὶ
1111 5080 1277 5140 ούδενὶ
1354 5083 1501 5160 ἄλλῳ
1559 5076 1887 5166 κατορθῶσαι

253 5164 460 5247 ῥᾳδίων,
546 5169 847 5243 θαυμαστὸν
916 5167 1121 5226 ἐκεῖνον
1197 5172 1497 5252 λογίζεσθαι
1559 5177 1645 5232 καὶ
1696 5164 1886 5253 μακά-

255 5273 381 5330 ριον,

332 5346 464 5405 KA'.
498 5344 672 5414 ἸΟσης
704 5343 756 5402 δὲ
816 5347 915 5414 τῆς
979 5345 1152 5413 αἰδοῦς
1205 5351 1232 5407 ὃ
1262 5352 1431 5432 μέγας
1465 5362 1615 5419 οῦτος
1647 5355 1887 5425 ἀπήλαυε

257 5436 388 5510 παρὰ
419 5436 640 5494 πάντων
683 5437 904 5517 ὁμοίως,
955 5434 1144 5510 δήπου,
1198 5436 1420 5517 βουλῆς,
1480 5443 1742 5522 βασιλέως
1787 5448 1883 5502 αὒ-

259 5529 361 5599 τοῦ,
422 5538 687 5605 μαρτυρεῖ
768 5524 867 5601 μὲν
949 5527 984 5594 ἡ
1068 5528 1250 5610 φήμη,
1315 5541 1631 5612 μαρτυροῦσι
1690 5534 1744 5592 δὲ
1803 5541 1888 5595 καὶ

261 5613 302 5668 οἱ
353 5611 712 5674 δυνατώτατοι
758 5620 862 5672 τῶν
906 5615 1024 5673 τότε
1069 5615 1284 5699 ’Ἃσπαρ
1339 5624 1425 5679 καὶ
1488 5611 1884 5705 ίἈρδαϐούριος,

1974 5106 2042 5149 ex
2080 5089 2277 5150 multis
2308 5090 2463 5165 aliis,
2498 5098 2556 5153 et
2587 5110 2719 5171 quae
2749 5090 2948 5151 nullus
2997 5096 3197 5170 posset
3240 5086 3392 5148 alius
3442 5085 3616 5148 facile

1975 5177 2235 5257 efficere,
2262 5179 2426 5241 illum
2462 5181 2801 5243 existimare
2823 5179 3237 5242 admirandum
3267 5189 3327 5239 et
3350 5175 3613 5245 beatum.

2055 5356 2214 5424 XIX.
2251 5357 2489 5430 Quanto
2522 5366 2717 5420 autem
2751 5358 2925 5420 fuerit
2958 5376 3029 5421 ex
3058 5376 3225 5439 aequo
3251 5357 3523 5421 omnium
3551 5359 3620 5423 in

1971 5451 2131 5512 hunc
2166 5468 2441 5528 magnum
2465 5448 3335 5529 reverentia,populi,inquam,
3361 5456 3420 5509 et
3440 5466 3619 5513 sena-

1973 5549 2086 5615 tus,
2127 5549 2187 5601 et
2219 5536 2410 5618 ipsius
2441 5536 2842 5618 imperatoris,
2869 5545 3120 5601 testatur
3148 5537 3391 5620 quidem
3417 5538 3611 5604 fama:

1973 5636 2269 5692 testantur
2288 5635 2485 5689 autem
2507 5627 2818 5710 etiam,qui
2841 5634 2978 5689 tunc
2998 5628 3162 5692 fuere
3191 5628 3617 5713 potentissimi,
