4018 6136
366 283 485 352 455

1651 280 1932 349 MENSIS
1969 278 2425 350 JANUARIUS.

3612 282 3738 352 456

364 422 556 501 Aspar
585 426 644 480 et
675 415 1030 483 Adabarius.
1057 412 1167 490 Qui
1193 413 1305 477 etsi
1323 419 1522 478 essent
1544 413 1696 476 mala
1719 414 1985 495 opiniont

2086 418 2151 475 Οἳ
2210 421 2380 475 καίτοι
2437 418 2713 486 κακόδοξοι
2771 417 2940 501 ὄντες,
2986 420 3097 497 καὶ,
3150 434 3264 487 τοῖς
3328 420 3490 495 ὄρθῶς
3535 421 3732 501 ἔχουσι

365 509 622 591 praediti,
658 516 717 570 et
746 507 821 570 iis
851 508 951 588 qui
986 516 1146 569 recte
1177 503 1540 578 sentiebant,
1568 503 1996 587 inimicissimi,

366 600 630 662 divinum
667 607 863 659 tamen
892 596 1251 659 Marcianum
1286 612 1362 655 ne
1394 593 1565 655 facile
1606 594 1845 672 quidem
1901 597 2000 657 in-

366 690 518 752 tueri
541 686 1141 770 poterant,insignem
1164 685 1293 764 ejus
1315 684 1590 744 virtutem
1613 693 1955 747 reverentcs
1983 708 1995 744 :

361 787 422 840 et
451 777 587 839 ideo
619 774 704 836 illi
740 793 1014 854 magnum
1048 774 1337 855 honorem
1373 770 1736 845 tribuebant,
1762 781 1820 834 et
1843 781 1996 835 tem-

359 869 520 948 plum
556 883 784 943 magnaa
812 864 1158 938 Anastasiae,
1186 861 1342 943 quod
1367 860 1441 923 ab
1466 861 1563 922 illo
1587 860 1776 924 fuerat
1796 863 1999 925 condi-

363 964 512 1032 tum,
548 955 822 1037 pretiosis
850 954 1003 1015 vasis
1027 972 1094 1015 ex
1121 971 1266 1014 auro
1287 959 1345 1013 et
1368 962 1613 1029 argento
1631 952 1798 1014 factis
1821 952 1994 1015 deco-

354 1054 657 1107 raverunt.
682 1043 788 1105 Ille
808 1052 1008 1105 autem
1035 1043 1258 1104 donum
1285 1059 1708 1118 remunerans,
1734 1042 1999 1106 decrevit

357 1144 421 1198 ut
452 1134 667 1196 diebus
697 1132 1091 1207 solemnibus,
1122 1134 1308 1211 patria
1330 1149 1537 1193 eorum
1572 1130 1772 1210 lingua
1800 1133 1997 1196 tGothi

360 1226 517 1286 enim
552 1223 746 1303 erant)
780 1223 1067 1284 divinitus
1109 1220 1414 1301 inspirata:
1462 1218 1789 1301 Scriptura:
1836 1223 1892 1296 in
1925 1242 1996 1284 eo

357 1314 580 1394 templo
629 1314 994 1391 legerentur.
1048 1310 1163 1373 Sed
1214 1309 1547 1390 Byzantinis
1595 1311 1834 1391 quidem
1869 1322 1996 1373 erat

354 1403 678 1466 Martianus
708 1402 855 1463 adeo
891 1399 1287 1464 venerandus.
1323 1398 1586 1462 Vocabat
1614 1412 1811 1461 autem
1843 1400 1997 1464 fama

357 1512 457 1555 eas
485 1510 744 1574 quoque,
800 1510 931 1571 quae
982 1490 1185 1571 procul
1235 1490 1364 1551 sitae
1392 1498 1582 1565 erant,
1618 1490 1904 1567 civitates,
1938 1501 1994 1553 et

356 1582 619 1662 undique
646 1579 1056 1642 conﬂuebant:
1085 1580 1185 1640 alii
1208 1578 1473 1660 quidem,
1502 1581 1834 1660 percepturi
1861 1600 1995 1661 pec-

357 1680 622 1734 catorum
656 1670 1049 1742 curationem,
1075 1669 1175 1732 alii
1209 1688 1345 1730 vero
1380 1669 1722 1730 morborum
1753 1690 1767 1732 :
1794 1677 1858 1730 ut
1885 1689 1992 1733 nec

355 1762 601 1823 deerant
622 1758 862 1840 quidem
885 1758 1041 1839 quia
1060 1756 1247 1820 Roma
1268 1757 1452 1819 veteri
1472 1757 1808 1821 veniebant.
1832 1758 1993 1822 Inter

351 1869 504 1928 quos
530 1850 647 1911 alio
670 1865 933 1929 quoque,
959 1846 1118 1929 quod
1144 1846 1358 1909 factum
1382 1855 1473 1910 est
1492 1846 1743 1927 dignum
1770 1867 1991 1912 memo-

351 1950 502 2017 ratu,
540 1958 660 2000 non
691 1956 797 2021 par
819 1956 951 2001 esse
973 1937 1231 1999 arbitror
1250 1936 1526 2000 fraudare
1546 1947 1767 2001 vestras
1788 1956 1987 2005 aures.

439 2118 603 2182 XXI.
647 2117 928 2191 Quaedam
961 2118 1121 2180 enim
1155 2116 1372 2179 mulier
1402 2115 1676 2177 laborans
1705 2117 1987 2181 diuturno

353 2210 517 2271 ﬂuxu
549 2208 855 2287 sanguinis
877 2208 1024 2269 adeo
1048 2206 1324 2285 graviter,
1356 2214 1417 2267 ut
1437 2204 1631 2267 omnis
1652 2206 1987 2285 medicinae,

358 2300 518 2381 quod
550 2299 622 2360 ad
658 2316 787 2360 eam
820 2296 1129 2372 attinebat,
1153 2314 1365 2357 vanum
1401 2296 1841 2359 existimaretur
1861 2310 1989 2362 stu-

348 2390 511 2452 dium
545 2395 607 2451 et
636 2405 1165 2468 supervacaneum.
1201 2385 1304 2461 Ea,
1338 2389 1530 2447 Boma
1572 2386 1779 2448 relicta
1831 2388 1984 2469 (eam

351 2481 512 2542 enim
546 2478 831 2540 vocabant
862 2477 1061 2540 divina
1104 2475 1270 2556 signa
1300 2477 1605 2549 Marciani,
1643 2497 1775 2557 quae
1801 2498 1985 2542 cane—

345 2569 560 2632 bantur
588 2568 661 2630 ab
694 2567 1022 2643 omnibus),
1072 2566 1339 2647 pervenit
1386 2564 1980 2649 Constantinopolim.

345 2659 550 2740 Neque
580 2676 719 2719 vero
746 2674 876 2718 eam
913 2665 1136 2718 tantum
1172 2658 1283 2717 iter
1310 2656 1640 2719 confecisse
1686 2661 1979 2737 “enituit,

344 2760 415 2812 ut
447 2769 577 2832 quae
602 2758 763 2809 tanta
786 2747 1099 2816 vexatione
1128 2745 1277 2807 nihil
1310 2745 1552 2824 dignum
1606 2746 1932 2810 obtinuerit
1964 2771 1977 2814 :

341 2840 454 2903 sed
491 2837 673 2900 simul
704 2845 769 2899 ut
794 2836 866 2899 ad
907 2838 1133 2915 justum
1184 2835 1439 2897 accessit
1484 2835 1871 2915 Marcianum,
1927 2848 1985 2901 et

343 2927 619 2990 morbum
644 2927 1026 3007 significavit,
1049 2933 1251 2988 curata
1266 2934 1357 2986 est
1379 2924 1617 2988 mulier.
1641 2926 1800 2990 Talis
1822 2929 1982 2990 enim

2083 505 2236 575 δόξης
2307 507 2657 588 διαφερόντως
2720 508 2994 586 πολέμιοι,
3056 510 3202 587 ὅμως
3271 512 3571 588 Μαρκιανὸν
3632 511 3731 567 τὸν

2082 600 2227 653 θεῖον
2285 595 2401 656 οὒδέ
2460 597 2812 675 προσϐλέπειν
2867 602 3103 681 εὐχερῶς
3159 598 3444 677 ἠδύναντο,
3506 602 3566 657 τὸ
3622 621 3728 656 πε-

2083 687 2193 764 ριὸν
2272 689 2434 745 αὐτοῦ
2516 693 2613 756 τῆς
2685 688 2878 764 ἀρετῆς
2956 687 3353 761 δυσωπούμενοι
3389 707 3404 722 ⁸
3487 691 3577 747 καὶ
3641 687 3732 746 διὰ

2081 784 2239 833 τσῦτο
2302 775 2507 847 πολλήν
2575 799 2634 835 τε
2689 779 2875 852 ἒκείνῳ
2932 779 3026 847 τὴν
3098 781 3260 855 τιμὴν
3300 779 3589 856 ἀπένεμον,
3635 779 3729 836 καὶ

2080 867 2172 922 τὸν
2222 862 2312 921 ὑπ’
2376 868 2533 926 tit-31:06
2587 869 2865 925 κτισθέντα
2916 870 3042 925 ναὸν
3094 874 3193 936 τῆς
3259 867 3502 947 μεγάλης
3556 867 3729 926 Ἀνα-

2080 956 2297 1012 στασίας
2382 956 2590 1013 σκεύεσι
2676 955 2990 1014 πολυτελέσι
3071 960 3275 1038 χρυσοῦ
3351 959 3437 1015 καὶ
3497 958 3724 1037 ἀργύρου

2079 1044 2464 1120 πεποιημένοις
2575 1044 2901 1126 εφαίδρυνον.
2989 1045 3248 1110 Κᾶκεϊνος
3341 1049 3471 1114 τῆς·
3522 1045 3724 1123 δωρεᾶς

2080 1137 2264 1200 αὐτοὺς
2306 1133 2684 1216 ἀμειϐόμενος,
2750 1134 3114 1193 διετυπιῑύσατο
3170 1137 3306 1193 κατὰ
3362 1138 3457 1201 τὰς
3518 1135 3725 1204 ἐπισήο

2079 1247 2208 1298 μους
2253 1225 2358 1282 τῶν
2403 1226 2616 1302 ἡμερῶν
2670 1231 2738 1302 τῇ
2794 1226 2999 1302 πατρίῳ
3049 1228 3220 1283 αιῦτῶν
3276 1224 3494 1304 γλώττῃ
3555 1226 3722 1304 (F61:-

2076 1318 2157 1371 θοι
2217 1315 2316 1393 γὰρ
2398 1315 2567 1392 ἦσαν)
2642 1315 2734 1376 τὰς
2811 1316 3188 1378 θεοπνεύστους
3248 1315 3458 1395 Γραφὰς
3516 1313 3569 1370 ἐν
3645 1319 3723 1387 τῷ

2076 1406 2201 1481 ἱερῷ
2272 1400 2403 1478 τῷδε
2479 1403 2953 1484 ἀναγινώσγεσθαι,
3029 1402 3164 1461 ἀλλὰ
3242 1405 3542 1474 Βυζαντίοις
3618 1400 3722 1478 μὲν

2075 1496 2242 1563 οὕτως
2274 1494 2540 1571 αἰδέσιμος
2569 1499 2637 1563 ἦν
2695 1500 2722 1554 ὁ
2766 1498 2923 1572 ἀνήρ,
2973 1496 3187 1554 Ἐκάλει
3244 1494 3300 1553 δὲ
3349 1499 3383 1565 ἡ
3428 1499 3584 1576 φήμη
3629 1497 3721 1551 καὶ

2074 1588 2165 1648 τὰς
2198 1588 2403 1664 μακρὰν
2460 1585 2761 1662 ᾤκισμένας
2817 1587 2924 1643 τῶν
2982 1585 3215 1661 πόλεων,
3273 1589 3363 1643 καὶ
3422 1586 3717 1666 πανταχό-

2072 1679 2157 1732 θεν
2227 1674 2496 1755 συνὲῤῥεον
2530 1692 2545 1706 ⁹
2621 1678 2668 1733 οἱ
2741 1675 2837 1751 μὲν
2910 1676 3336 1754 ἁμαρτημάτων,
3413 1678 3462 1732 οἱ
3510 1675 3565 1732 δὲ
3628 1676 3719 1731 καὶ

2073 1767 2391 1841 νοσημάτων
2445 1767 2544 1833 τὴν
2600 1765 2876 1843 θεραπείαν
2919 1765 2982 1823 ἄν
3015 1768 3365 1844 τρυγήσαντες
3404 1783 3416 1797 ’
3464 1768 3551 1822 καὶ
3598 1763 3718 1822 οὐδὲ

2072 1856 2168 1924 τῆς
2223 1856 2574 1934 πρεσϐυτέρας
2648 1853 3083 1930 ὰπελιμπσίνοντο
3142 1846 3380 1929 ιΡώμης,
3437 1853 3576 1911 ἀλλὰ
3628 1855 3718 1912 καὶ

2072 1947 2216 2004 αὐτοὶ
2273 1946 2598 2024 προσῄεσαν.
2643 1942 2733 2002 Ἐν
2777 1944 2867 2008 οῖς
2913 1946 2999 2002 γαί
3043 1946 3261 2020 μνήμης
3308 1944 3452 2011 ἄξιόν
3502 1966 3553 2001 τι
3613 1966 3715 2021 γε-

2071 2037 2312 2115 νόμενον,
2348 2038 2408 2093 οὔ
2437 2033 2533 2098 τοὶς
2553 2032 2808 2111 ὑμετέρας
2835 2034 3000 2097 ἀκοὰς
3028 2034 3189 2110 οἶμαι
3219 2038 3487 2109 ζημιώσαι
3520 2032 3711 2093 καλόν.

2154 2114 2279 2184 ΚΒ’.
2347 2127 2483 2191 Γυνὴ
2541 2124 2642 2203 γάρ
2698 2146 2777 2187 τις
2833 2122 3107 2203 αἱμοῤῥοίᾳ
3164 2123 3455 2199 πιεζομένη
3516 2124 3715 2204 χρονίᾳ

2073 2214 2211 2272 οὕτω
2269 2212 2552 2295 χαλεπῶς,
2606 2214 2678 2276 ὡς
2725 2219 2900 2270 πᾶσαν
2938 2213 3181 2293 ἰατρικὴν
3222 2213 3426 2293 τέχνην
3468 2212 3592 2269 ὅσον
3623 2211 3711 2270 ἐπ’

2071 2304 2205 2379 αὐτῇ
2285 2300 2518 2369 σπουδὴν
2593 2302 2821 2376 ματαίαν
2897 2303 2982 2359 καὶ
3062 2302 3314 2381 περιττὴν
3368 2303 3707 2377 νομισθῆναι,

2067 2392 2200 2459 αὐτὴ
2256 2393 2355 2459 τὴν
2412 2383 2625 2466 Ῥώμην
2708 2390 3072 2447 καταλιποῦσα
3161 2389 3270 2470 (καὶ
3327 2392 3427 2468 γὰρ
3483 2388 3713 2447 ἐκάλουν

2072 2483 2236 2550 αὐτὴν
2299 2484 2351 2538 αἱ
2424 2484 2741 2555 θεεσημεϊαι
2830 2487 3135 2558 Μαρκιανου
3219 2478 3472 2556 ᾀδόμεναι
3568 2481 3714 2559 παρὰ

2068 2570 2309 2650 πάντων)
2390 2573 2463 2634 εἰς
2566 2570 2664 2638 τὴν
2756 2569 3152 2628 Κωνσταντίνου
3234 2568 3518 2629 κατέλαϐε.
3609 2572 3709 2627 Καὶ

2067 2660 2215 2719 οὐδὲν
2303 2660 2585 2736 ἐμέμψατο
2668 2659 2833 2735 ἑαυτῇ
2912 2664 3011 2726 τῆς
3091 2656 3420 2737 ὁδοιπορίας,
3478 2660 3554 2721 ὡς
3626 2658 3708 2733 μὴ

2068 2750 2210 2818 ἃξιόν
2241 2772 2291 2807 τι
2321 2748 2674 2810 κακοπαθείας
2706 2747 2969 2815 τοσαύτης
3001 2746 3311 2824 ἆποναμένη
3348 2766 3360 2779 ⁸
3423 2743 3543 2803 ἀλλ’
3591 2746 3707 2821 ἅμα

2068 2863 2125 2899 τε
2178 2839 2448 2920 προσῆλθε
2497 2845 2572 2913 τῷ
2621 2835 2827 2912 δικαίῳ,
2889 2839 2979 2894 καὶ
3033 2839 3131 2904 τήν
3181 2836 3335 2894 νόσον
3390 2835 3701 2915 ἐγνώρισεν,

2068 2933 2104 3001 ἢ
2148 2952 2206 2990 τε
2236 2930 2389 3008 πηγὴ
2420 2927 2511 2985 τοῦ
2540 2925 2773 3003 αἵματος
2804 2925 2992 3004 ἔληγε,
3023 2927 3112 2983 καὶ
3140 2927 3175 2995 ἡ
3216 2925 3350 3004 γυνὴ
3393 2930 3491 2992 τῆς
3538 2928 3701 3004 θερι-

342 3019 458 3081 fuit
486 3019 586 3081 hic
618 3017 704 3079 vir
736 3016 990 3091 divinus,
1017 3025 1208 3077 utnec
1233 3023 1389 3078 tactu
1412 3015 1651 3096 quidem
1671 3035 1849 3100 saepe,
1876 3022 1981 3083 sed

2072 3024 2218 3086 πείας
2274 3017 2528 3079 ἀπέλαυε.
2616 3022 2862 3080 Τοιοῦτος
2948 3016 3047 3092 γὰρ
3104 3016 3131 3070 ὃ
3188 3017 3333 3079 θεῖος
3391 3012 3548 3093 ἀνὴρ,
3626 3013 3698 3076 ὠς

342 3109 473 3172 sola
505 3108 848 3190 precatione
880 3114 938 3168 et
972 3111 1134 3166 nudo
1167 3114 1411 3185 aspectu
1444 3104 1727 3169 liberaret
1748 3127 1851 3171 eos
1881 3111 1981 3191 qui

2072 3111 2202 3190 μηδὲ
2234 3110 2343 3189 ἆφῆ
2372 3105 2656 3178 πολλάκις,
2689 3103 2828 3160 ἀλλὰ
2857 3104 2996 3183 εύχῇ
3042 3103 3183 3180 μόνῃ
3213 3104 3303 3160 καὶ
3349 3102 3496 3179 ψιλῳ
3523 3102 3697 3180 βλέμ-

339 3197 733 3274 accedebant,
785 3204 842 3257 et
895 3197 949 3258 ei
980 3192 1343 3257 exhibebant
1385 3195 1711 3274 negotium.
1756 3197 1980 3262 Tantus

2072 3223 2192 3277 ματι
2226 3200 2347 3262 τοὺς
2399 3195 2717 3275 προσιόντας
2771 3191 3126 3252 ἀπαλλάττων
3180 3192 3284 3249 τῶν
3314 3193 3700 3273 ἒνοχλούντων,

340 3288 588 3368 quidem
622 3286 734 3348 fuit
766 3285 1098 3348 Marcianus
1129 3283 1455 3346 miraculis.
1491 3282 1657 3347 Talis
1685 3296 1879 3349 autem
1911 3290 1985 3353 iis

2072 3297 2327 3350 Τοσοῦτος
2388 3286 2487 3361 μὲν
2544 3286 2570 3340 ὁ
2627 3283 2924 3360 Μαρκιανὸς
2980 3294 3098 3346 τοῖς
3150 3283 3400 3359 θαύμασι,
3450 3288 3704 3348 τοσοῦτος

340 3396 603 3459 quoque,
638 3394 770 3456 qua;
789 3385 953 3437 recte
984 3384 1041 3437 et
1059 3393 1128 3436 ex
1163 3375 1376 3436 virtute
1399 3383 1563 3453 gesta
1587 3385 1745 3451 sunt,
1773 3397 1982 3442 conve-

2072 3379 2120 3436 δὲ
2171 3380 2260 3436 καὶ
2312 3380 2429 3440 τοῖς
2488 3375 2541 3430 ἐν
2586 3373 2749 3450 ἀρετῇ
2775 3373 3170 3450 κατορθώμασι,
3222 3371 3357 3427 κατὰ
3414 3370 3535 3450 τὴν,
3571 3371 3709 3435 Τοὺς

338 3458 579 3527 nienter
629 3463 845 3527 divinae
876 3463 1288 3544 promissioni,
1335 3481 1468 3543 quae
1497 3462 1642 3525 dicit
1672 3485 1687 3525 :
1720 3464 1845 3528 Eos
1873 3477 1983 3548 qui

2072 3466 2371 3540 ioEciCowé;
2457 3485 2525 3540 με
2610 3460 2838 3541 δοξάσω,
2915 3459 3167 3548 θεολόγον
3222 3458 3567 3548 ἐπαγγελίαν.
3634 3467 3709 3518 Οὖ

338 3574 434 3619 me
465 3556 848 3638 gloriﬁcent,
872 3554 1223 3635 glmiﬁcabo
1243 3557 1296 3617 5.
1322 3553 1505 3634 Cujus
1534 3547 1981 3620 intercessioni-

2072 3562 2149 3618 καὶ
2225 3560 2368 3633 ἡμᾶς
2449 3552 2657 3631 γένοιτο
2742 3564 2865 3614 ταῖς
2943 3547 3244 3627 πρεσϐείαις
3326 3554 3432 3605 τῶν
3500 3547 3710 3606 ἐκείνου

336 3646 449 3708 bus
469 3635 658 3706 nobis
689 3645 1081 3718 concedatur,
1108 3643 1271 3705 illius
1294 3661 1430 3705 esse
1457 3643 1749 3707 bonorum
1783 3648 1971 3726 parti-

2072 3656 2470 3727 συμμετασχεῖν
2526 3643 2760 3719 ἀγαθῶν,
2818 3639 2872 3696 ἐν
2917 3644 3129 3719 Χριστῷ
3180 3635 3361 3727 Ἰησοῦ
3416 3645 3494 3713 τῷ
3527 3640 3706 3718 Κυρίῳ

336 3736 528 3814 cipes,
557 3735 618 3794 in
654 3732 888 3797 Christo
919 3732 1064 3796 Jesu
1095 3733 1350 3795 Domino
1384 3743 1613 3810 nostro,
1662 3735 1756 3798 cui
1788 3738 1976 3817 gloria

2072 3726 2236 3815 ἡμῶν,
2269 3740 2314 3810 ᾧ
2341 3737 2375 3803 ἡ
2405 3731 2527 3798 δόξα
2555 3731 2642 3788 καὶ
2672 3730 2733 3786 τὸ
2760 3729 2950 3808 κράτος
2977 3738 3066 3788 νῦν
3106 3728 3193 3785 καὶ
3237 3726 3319 3783 ἀεὶ
3348 3729 3436 3785 καὶ
3467 3728 3542 3791 εἷς
3576 3731 3705 3792 τοὺς

336 3836 394 3888 et
422 3824 690 3906 potentia
721 3840 879 3884 nunc
911 3835 972 3884 et
999 3822 1061 3883 in
1092 3821 1311 3884 saecula
1339 3823 1718 3904 swculorum,
1751 3830 1971 3894 Amen.

2072 3831 2254 3892 ιῖὧνας
2283 3832 2390 3884 τῶν
2421 3822 2654 3885 αἰώνων,
2686 3819 2884 3896 Ἀμήν,

408 3964 442 4016 5
471 3963 493 4024 Ι
525 3963 669 4039 Reg.
706 3972 771 4033 Il,
806 3954 906 4019 30.

328 4143 1067 4175 ΞΣ

1074 4162 1131 4172 ο.

1048 4292 1187 4375 DE
1257 4291 1344 4384 S.
1423 4290 2065 4378 THEODOSIO
2136 4277 2979 4376 C(ENOBIARCHA

1486 4511 1668 4557 JUXTA
1709 4503 2176 4558 HIEROSOLYIAM
2218 4508 2280 4554 IN
2320 4504 2544 4553 JUDEA.

1427 4678 1595 4747 (Anno
1665 4673 1772 4733 529
1834 4672 1964 4745 apud
2037 4670 2260 4728 Bollantl.
2338 4669 2398 4724 11
2463 4665 2606 4733 Jan.)

1995 4950 2037 5001 ι)
2056 4940 2262 5006 Cilicia
2285 4936 2738 5013 celebre,etiam
2760 4935 2917 5018 apud
2941 4944 3238 5018 posteros,
3257 4928 3694 5018 cmnobiumﬁn

449 4971 477 5045 Ξ
514 4970 560 5032 l.
608 4966 676 5031 S.
716 4964 1036 5029 Theodosii
1067 4966 1323 5044 natalis,
1370 4964 1533 5027 sacri
1564 4964 1848 5026 honores.

407 5131 670 5204 Quatuor
685 5147 800 5189 uno
816 5124 1371 5189 saeculoEcclesiam
1394 5125 1767 5187 illustravere
1779 5120 1971 5185 Theo-

330 5220 505 5289 dosii,
542 5222 937 5300 imperatores
969 5216 1111 5287 duo,
1146 5217 1264 5276 duo
1295 5212 1820 5286 archimandritas;
1875 5210 1964 5271 illi

331 5310 668 5390 prudentia,
700 5307 941 5387 pietate,
971 5305 1279 5367 catholicae
1303 5302 1497 5365 studio
1519 5300 1851 5381 religionis,
1883 5318 1970 5360 se-

328 5399 463 5458 nior
492 5400 665 5458 etiam
697 5395 913 5457 bellica
946 5401 1201 5471 virtute;
1255 5394 1314 5454 hi
1365 5393 1498 5453 vitae
1548 5391 1966 5461 sanctimonia,

327 5488 635 5566 gloriaque
693 5485 1142 5546 miraculorum.
1196 5484 1419 5546 Horum
1454 5482 1690 5561 utrique
1734 5478 1971 5560 publica

331 5580 427 5637 ιΙρι
448 5587 569 5635 ιυιίι
591 5595 706 5635 uno
731 5577 1061 5651 ceduntque
1082 5576 1177 5633 die
1200 5592 1504 5632 sacrorum
1531 5570 1827 5630 veneratio
1853 5579 1965 5645 est,

332 5666 519 5747 priori
541 5665 665 5725 fere
688 5661 760 5721 ab
781 5663 924 5747 solis
945 5661 1187 5733 ercis,
1214 5673 1272 5719 ut
1303 5678 1479 5739 supra
1506 5657 1973 5733 dixintus,alteri

331 5745 508 5817 etiam
534 5771 569 5815 a
588 5748 840 5812 Latinis.
856 5746 967 5811 ille
986 5749 1401 5811 Antiochenus
1424 5745 1970 5828 fuit,conditquein

2055 5030 2314 5112 Scopulo
2346 5026 2710 5109 appellatum
2748 5047 2763 5088 :
2798 5017 2896 5089 hic
2928 5017 3241 5107 Cappadox
3291 5020 3352 5082 in
3383 5017 3701 5112 Palaestina

2054 5109 2484 5183 monasterium
2509 5115 2948 5191 construxit,de
2967 5134 3085 5196 quo
3102 5119 3237 5194 post
3261 5109 3437 5192 paulo
3463 5109 3702 5187 :junior

2053 5211 2150 5272 hic
2177 5211 2310 5287 fuit,
2344 5209 2572 5288 aliquot
2601 5215 2738 5286 post
2765 5205 3010 5267 alterius
3041 5202 3270 5265 obitum
3299 5197 3474 5261 annis
3494 5204 3692 5273 natus,

2052 5310 2117 5361 ut
2145 5300 2246 5381 qui
2273 5315 2500 5361 sacram
2535 5295 2752 5376 populo
2785 5294 3153 5375 Scripturam
3184 5289 3530 5381 explicaret,
3560 5303 3697 5381 cum

2052 5375 2425 5453 Theodosius
2456 5385 2510 5448 ΙΙ
2538 5386 2866 5466 imperator
2896 5401 2930 5444 θ
2959 5382 3104 5444 vivis
3133 5377 3390 5442 excessit
3411 5395 3520 5466 an.
3549 5375 3692 5439 450.

2054 5481 2254 5557 Longe
2279 5477 2431 5538 alius
2458 5474 2531 5535 ab
2555 5465 2647 5536 his
2679 5472 3055 5536 Theodosius
3087 5488 3159 5532 ex
3192 5465 3485 5557 monacho
3518 5483 3697 5557 pseuf

2054 5553 2451 5647 tloepiscopus
2499 5562 3068 5642 ilierosolytnitanus
3115 5553 3693 5647 Eutyciiianus,_qui

2054 5642 2745 5735 Marcianiimperatoris
2772 5651 2911 5712 vivit
2940 5659 3135 5725 aetate,
3174 5656 3236 5708 ut
3264 5646 3416 5709 infra
3465 5644 3530 5705 in
3564 5642 3695 5706 Vita

2052 5744 2114 5812 S.
2148 5741 2446 5827 Euthymii
2475 5741 2554 5805 20
2580 5740 2845 5806 Januarii
2879 5739 3130 5804 dicetur.
