2009 3068
25 140 28 175 i

123 135 173 170 457

464 139 559 174 VITA
580 141 612 174 S.
634 140 839 175 THEODOSII
861 140 1168 175 C(ENOBIARCHE.
1199 160 1238 167 -—
1268 144 1466 179 PROCEMIA.

1748 151 1807 183 458

154 205 184 255 2..
199 204 340 258 Natalem
352 204 650 258 igit‘urS..'l:heodosii
661 208 879 258 ctenobiarchae
888 209 944 258 hoc
956 215 973 237 A
987 210 1097 258 femina
1109 212 1263 252 sanguinis
1274 213 1418 258 proﬂuvio
1429 214 1561 252 liberata,
1579 216 1609 246 in
1625 216 1693 254 vita,
1708 226 1739 250 n.
1753 218 1802 258 58,

118 250 161 280 die
171 249 210 280 ita
221 249 386 281 celebrant
396 250 489 282 Graeci
502 252 530 282 in
543 251 709 292 Menologio
722 262 737 284 a
749 253 865 284 Canisio
876 253 943 284 edi-

117 299 140 322 to
154 304 160 320 :
177 293 415 323 Commemoratio
430 294 459 323 S.
476 296 508 324 P.
526 295 559 325 Ν.
579 297 717 326 Theodosii
739 298 943 329 coenobium-har.

112 347 141 367 er
157 338 258 374 oppido
277 338 392 368 Marias!
411 340 600 376 Cappadocia.
620 341 750 372 Refertur
766 347 794 370 et
810 343 838 370 in
858 343 946 371 horo-

112 382 198 422 logia,
212 392 249 414 ac
262 384 441 424 Menologiis
452 384 568 416 Maximi
582 386 676 426 episc.
691 386 945 427 Cytheraai,atque

112 427 324 468 Christophori
338 430 524 469 proconsulis
534 430 711 472 Mitylenaei:
723 436 753 462 in
764 431 943 463 Kalendario

113 481 227 512 quoque
242 472 420 504 Graecorum
437 482 454 504 a
470 473 663 506 Genebrardo
677 476 769 513 edito,
783 480 812 507 et
827 477 940 508 eisdem

113 516 206 547 verbis
223 526 241 547 a
258 518 381 549 Molano
394 518 424 548 in
440 518 532 549 addit.
550 520 586 550 ad
604 519 731 551 Usuard.
750 531 764 550 ιι
780 520 832 551 Die
844 522 941 552 unde-

114 562 181 590 cima
198 563 301 590 sancti
317 562 410 591 Patris
425 563 578 592 Theodosii
597 564 816 593 Caenobiarchte.
836 575 847 591 ι
865 566 940 594 Mar-

116 606 282 642 tyrologium
294 608 455 635 Romanum.
476 619 486 632 ι
510 608 540 636 In
557 609 743 644 Cappadocia,
762 611 789 637 in
809 611 870 638 vico
885 611 940 638 Ma-

113 651 256 691 gariasso,
283 654 315 682 Ξ.
342 653 503 683 Theodosii
527 654 760 685 Coenobiarchae.
779 655 829 694 qui
848 656 940 686 multa

115 705 163 735 pro
179 696 240 726 fide
258 697 408 729 catholica
424 707 528 736 passus
541 704 598 730 est.
620 711 630 727 ι)
650 698 831 736 Galesinius,
850 710 937 731 secu-

113 745 155 770 tus
170 740 350 771 ercoruin
370 741 583 781 Euchologion,
603 752 668 773 eum
687 744 724 773 iO
738 744 869 775 Januarii
888 755 938 775 re-

111 784 182 815 fert:
206 797 218 812 σ
239 786 273 815 in
292 785 405 816 Grmcia
421 786 452 817 S.
477 786 637 817 Theodosii
653 789 885 819 Coenobiarchae.
913 791 938 820 ls

111 829 286 859 incredibili
311 830 489 861 abstinentia
510 831 574 867 fuit,
602 836 632 861 ut
649 842 701 871 per
718 833 838 872 triginta
859 834 938 873 ipsos

986 254 1114 300 refertur
1142 266 1249 288 cancro
1275 257 1305 288 in
1331 259 1461 289 mamilla
1490 259 1653 291 laborasse.
1680 254 1804 300 Eadem,

987 299 1106 345 omissis
1133 305 1229 345 tamen
1255 302 1405 343 plerisque
1430 303 1592 344 miraculis,
1620 306 1759 345 leguntur
1776 308 1806 338 in

987 344 1163 418 gutthologio
1179 346 1361 385 Graecorum,
1387 356 1404 377 a
1430 348 1585 380 Clemente
1611 344 1676 381 Vill
1693 360 1803 391 appro-

1008 397 1024 418 a
1039 398 1069 418 ο.

1008 397 1055 419 ato
1062 413 1069 421 ι

1098 455 1112 495 §
1134 454 1170 487 Il.
1193 457 1266 487 Vita:
1282 456 1317 488 S.
1338 457 1499 490 Theodosii
1513 462 1690 500 scriptores.

1025 519 1120 551 Vitam
1138 520 1169 552 S.
1186 520 1388 568 Theodosiiex
1398 523 1592 568 Metapltraste
1608 526 1701 559 edidit
1716 528 1802 568 Lipo-

983 572 1088 594 manus
1102 568 1172 596 tom.
1191 565 1227 603 V,
1238 570 1325 606 atque
1341 576 1375 597 ex
1392 577 1427 598 eo
1443 567 1559 600 Surius.
1574 570 1705 602 Plurima
1718 565 1803 604 ett-ca

982 607 1127 640 Baronius
1144 616 1154 639 t
1183 609 1221 641 Vl
1236 615 1265 640 et
1283 610 1335 642 VII
1351 620 1472 642 suorum
1487 613 1646 645 Annalium
1662 615 1799 649 intexuit.

982 652 1039 683 Nos
1056 654 1190 685 eamdem
1210 654 1314 685 damus
1327 665 1396 686 cum
1414 665 1470 687 ms.
1494 657 1595 689 Graeco
1613 659 1802 692 bibliothecae

981 697 1131 728 Vaticana:
1147 698 1297 739 cnllatam,
1315 703 1343 729 et
1359 699 1495 739 pluribus
1512 701 1585 732 locis
1600 704 1800 736 emendatam.

982 741 1089 772 Eadem
1107 746 1212 780 exstat,
1227 743 1279 774 sed
1296 748 1458 781 contracta,
1470 746 1574 776 Latine
1585 747 1614 777 in
1629 747 1702 779 Vitis
1713 750 1803 781 Fran-

980 786 1050 816 cisci
1067 785 1164 817 liartei
1180 792 1209 818 et
1226 788 1372 828 Lippeloi,
1383 798 1417 819 ac
1432 789 1512 820 fastis
1527 790 1664 823 Marianis
1678 803 1686 830 ;
1702 793 1802 826 ltalice

980 830 1059 861 edita
1070 841 1086 861 a
1096 831 1234 862 Gabriele
1248 832 1397 871 Flamma;
1412 833 1570 874 Hispanico
1580 845 1596 867 a
1610 836 1802 870 Ribadineira

110 882 203 904 annos
220 883 333 914 panem
348 884 404 904 non
417 876 555 914 gustarit,
570 877 675 914 palmae
688 877 782 907 fructu
798 885 825 908 et
839 879 937 918 paucis
951 890 967 913 Β
980 879 1094 912 nostro,
1114 880 1172 907 etc.

108 918 225 957 siliquis
242 918 403 949 victitans:
421 920 523 959 sicque
540 921 657 960 corpori
677 931 743 951 cum
761 922 859 953 cibum
882 923 936 953 de-

109 962 255 1002 traheret,
275 963 403 993 animam
420 963 469 994 ditt
488 969 634 1004 noctuque
647 969 724 1005 pavit
739 968 856 997 assidua
874 976 935 998 caa—

107 1007 228 1037 lestium
248 1016 350 1037 rerum
367 1009 631 1047 contemplatione.
653 1010 867 1049 analesinium
887 1021 935 1042 se-

109 1051 211 1091 quitur
226 1052 470 1091 Martyrologium
491 1054 669 1084 Germanicu
677 1064 715 1084 m.

149 1096 180 1127 3.
195 1095 239 1126 De
252 1105 288 1126 eo
298 1096 398 1127 isthmc
410 1097 570 1136 praedicant
579 1099 699 1130 Menaea.
715 1111 727 1126 ι
739 1099 936 1130 Venerandus

111 1140 159 1170 hic
174 1141 206 1171 S.
225 1142 260 1171 P.
278 1140 314 1170 Ν.
332 1140 519 1174 Theodosius
536 1142 564 1172 in
582 1144 726 1182 Mogariso
745 1143 937 1183 Cappadocus

112 1185 387 1224 pago,Christianis
394 1191 421 1216 et
430 1186 575 1224 religiosis
583 1188 617 1217 ad
624 1188 689 1218 mod
696 1198 742 1218 um
752 1189 934 1228 parentibus,

113 1230 282 1260 Proeeresio
296 1235 324 1260 et
341 1230 464 1269 Eulogia
481 1236 576 1270 nutus;
592 1232 678 1262 vitam
694 1233 865 1272 complexus
880 1244 938 1264 mo-

114 1274 273 1311 nasticam,
284 1284 398 1305 sacram
414 1275 507 1305 induit
520 1276 672 1315 religionis
688 1281 818 1307 vestem:
835 1278 936 1308 Hiero-

115 1319 321 1359 solymamque
334 1321 493 1359 profectus,
504 1321 573 1350 inde
587 1322 776 1351 Antiochiam
791 1322 872 1356 adiit.
887 1324 935 1353 ubi

117 1362 293 1402 Symeonem
307 1365 446 1394 eximium
459 1364 541 1394 illum
554 1366 686 1404 Stylilam
697 1367 845 1402 convenit,
854 1377 869 1397 a
880 1377 934 1407 quo

120 1407 217 1438 futura
229 1409 310 1439 illius
322 1409 387 1439 vita:
398 1410 595 1439 sanctimonia
613 1410 656 1439 illi
674 1412 823 1450 prmdicta,
842 1416 872 1441 ut
888 1412 938 1451 qui

117 1455 211 1489 magni
225 1455 321 1490 gregis
335 1456 431 1483 ovium
442 1455 550 1483 ratione
558 1456 728 1490 pollentium
742 1458 855 1485 futurus
864 1463 938 1486 esset

119 1501 227 1536 pastor.
259 1496 372 1528 Deinde
398 1497 475 1537 apud
507 1498 670 1536 Longinum
703 1499 936 1529 laudatissimum

119 1544 266 1578 quemdam
276 1544 370 1572 virum
382 1545 468 1572 rebus
478 1544 583 1572 divinis
595 1546 622 1572 in
632 1545 786 1573 solitudine
795 1546 933 1577 eruditus.
946 1566 964 1590 ε

123 1585 157 1615 ad
173 1595 234 1616 eam
252 1587 386 1626 pervenit
400 1586 618 1624 abstinentiam,
637 1593 668 1617 ut
694 1588 722 1618 in
748 1588 935 1619 hebdomade

123 1634 235 1661 nonnisi
243 1634 329 1662 semel
342 1634 406 1662 ctbo
416 1641 521 1669 corpus
532 1634 671 1669 reticeret,
685 1635 859 1671 tandemque
872 1636 936 1664 totis

127 1674 240 1718 triginta
261 1676 344 1707 annis
360 1685 467 1716 panem
490 1686 548 1707 non
560 1682 707 1716 gustaret:
723 1678 892 1718 pariterque
906 1678 935 1708 in

132 1716 196 1748 aliis
210 1719 339 1750 virtutum
355 1720 459 1750 studiis
471 1724 582 1751 tantum
595 1716 751 1760 promovit,
765 1727 796 1752 ut
815 1716 937 1752 insum-

132 1770 207 1793 mum
219 1764 329 1802 pietatis
338 1765 466 1795 culmem
480 1766 725 1803 enisus,illustria
739 1767 840 1796 ederet
853 1767 939 1797 mira-

127 1806 346 1839 cula.Basilium
359 1810 517 1849 quemdam
529 1811 704 1841 monachum
719 1811 900 1846 defunctum,
911 1816 938 1841 et

125 1851 153 1881 in
166 1853 294 1884 tumbam
311 1854 492 1893 depositum,
509 1855 579 1885 vidit
596 1865 672 1886 unus
687 1855 737 1886 ille
754 1865 820 1885 cum
844 1856 936 1886 altero

123 1897 245 1934 quodam
255 1899 402 1928 monacho
412 1899 551 1930 fratribus
563 1905 716 1937 astantem,
727 1905 755 1930 et
764 1900 884 1940 psalmis
891 1910 937 1930 ac-

122 1941 279 1973 cinentem.
294 1943 457 1980 Carbones,
474 1944 552 1974 nullo
566 1944 699 1984 subjecto
713 1946 790 1983 igne,
804 1945 854 1975 ubi
872 1955 935 1975 ino-

121 1987 283 2017 nasterium
300 1991 362 2017 erat
379 1988 563 2025 conditurus,
577 1989 722 2019 accendit.
739 1990 887 2020 Feminam
902 1990 936 2020 ad

120 2038 150 2060 se
161 2031 321 2062 adeuntem
339 2033 488 2070 sanguinis
501 2033 644 2072 proﬂuvio
661 2033 805 2064 liberavit.
822 2034 861 2064 Ex
880 2045 937 2065 uno

1019 920 1047 950 5.
1063 920 1136 950 Acta
1151 929 1220 951 vero
1236 920 1299 952 haec
1312 921 1419 952 asserit
1446 923 1591 955 Baronius
1616 925 1646 956 in
1672 928 1749 958 notis
1762 930 1799 960 ad

980 964 1127 1009 Martyrol.
1156 976 1167 993 α
1197 965 1278 995 omni
1301 967 1505 1006 acceptatione
1532 968 1720 1009 dignissima,
1740 983 1754 1002 ι
1771 978 1801 1004 et

980 1008 1042 1040 LVI
1054 1010 1165 1040 Annal.
1181 1019 1228 1040 an.
1244 1009 1298 1041 Cb.
1310 1010 1380 1041 511.
1393 1021 1422 1041 n.
1436 1011 1495 1043 ‘20:
1517 1024 1528 1040 α
1543 1013 1635 1049 Quam
1650 1008 1801 1049 exactissi-

980 1062 1026 1084 me
1048 1052 1211 1095 descripta,
1228 1055 1283 1085 etsi
1298 1055 1335 1085 ab
1350 1055 1475 1093 incerto,
1495 1062 1575 1088 certo
1600 1063 1698 1091 tamen
1719 1066 1797 1093 tem-

980 1097 1059 1144 poris
1073 1098 1209 1144 ejusdem
1223 1102 1356 1136 auctore,
1372 1104 1403 1130 ut
1416 1100 1487 1131 nihil
1500 1102 1537 1132 sit
1550 1104 1706 1144 quodjure
1716 1115 1800 1138 revo-

978 1142 1037 1172 cari
1055 1143 1147 1182 possit
1173 1143 1202 1173 in
1230 1143 1367 1180 dubium,
1393 1149 1492 1185 utpote
1517 1142 1645 1179 veritate
1665 1152 1745 1181 omni
1762 1161 1798 1183 ex

980 1189 1062 1235 parte
1078 1188 1252 1235 constantia.
1273 1199 1284 1217 ι
1304 1187 1439 1235 Octavum
1452 1193 1603 1221 auctorem
1619 1192 1710 1224 fuisse
1727 1204 1797 1235 pro-

980 1229 1050 1261 bant
1064 1240 1130 1271 quae
1143 1231 1180 1261 de
1195 1232 1350 1262 Anastasio
1368 1232 1547 1272 imperatore
1564 1236 1677 1275 scribit,
1698 1229 1796 1271 η.’45.

983 1284 995 1301 α
1011 1275 1090 1305 Tulit
1104 1274 1271 1324 aliquando
1281 1280 1414 1308 nostrum
1432 1287 1550 1324 quoque
1567 1274 1684 1319 tempus
1701 1284 1798 1324 impe-

980 1323 1122 1369 ratorem,
1136 1319 1187 1369 qui
1201 1320 1322 1369 quidem
1339 1322 1421 1369 prius
1436 1322 1530 1353 fuerat
1543 1325 1693 1364 (quantum
1710 1319 1799 1369 appa-

979 1362 1073 1403 rebat)
1087 1364 1243 1403 paradisus
1253 1365 1420 1406 voluptatis,
1437 1362 1588 1406 postremo
1599 1375 1696 1402 autem
1709 1362 1798 1404 rebus

979 1407 1032 1437 fuit
1048 1408 1183 1447 cognitus
1195 1418 1317 1449 campus
1329 1410 1550 1447 destructionis,
1561 1419 1589 1444 et
1598 1423 1672 1446 unus
1684 1417 1799 1448 scilicet

980 1461 1014 1482 ex
1034 1452 1079 1500 his
1094 1453 1259 1492 pastoribus
1284 1454 1343 1500 qui
1356 1455 1453 1493 gregis
1475 1465 1544 1487 oves
1567 1458 1753 1500 dispergunt,
1772 1468 1801 1493 et

980 1496 1165 1544 perduim-et
1180 1506 1231 1529 eas
1246 1497 1364 1544 turbida
1375 1503 1477 1538 potant
1491 1496 1697 1542 subversioue,
1713 1496 1752 1544 et,
1767 1512 1798 1538 ut

979 1541 1093 1591 reliqua
1110 1541 1191 1572 illius
1207 1543 1439 1582 praetermittam,
1459 1545 1514 1576 hoc
1530 1547 1650 1586 quidem
1673 1541 1799 1591 accipiet

977 1586 1054 1625 quod
1072 1590 1137 1625 post
1151 1596 1204 1617 nos
1217 1592 1359 1627 sequetur
1377 1592 1504 1628 tempus.
1523 1602 1535 1618 ιν

1017 1629 1046 1681 β.
1070 1631 1231 1681 Auctorem
1246 1632 1324 1662 hunc
1337 1632 1617 1681 conjicitparonius
1632 1638 1723 1670 fuisse
1739 1641 1796 1681 Cy-

977 1674 1075 1723 rillpm
1088 1675 1279 1723 monachum,
1288 1684 1374 1723 aquo
1383 1676 1454 1723 Acta
1467 1677 1519 1709 SS.
1528 1680 1687 1721 Euthymii,
1697 1674 1792 1723 Saliae,

978 1722 1007 1748 et
1020 1718 1143 1749 Joannis
1164 1719 1325 1751 Silentiarii
1341 1720 1490 1761 descripta
1504 1729 1584 1754 sunt.
1601 1718 1642 1756 ita
1664 1718 1714 1758 an.
1740 1718 1794 1762 Ch:

981 1763 1050 1800 491,
1068 1772 1151 1793 num.
1170 1763 1218 1799 14,
1232 1764 1337 1794 scribit
1354 1775 1360 1796 :
1380 1777 1391 1793 (ι
1406 1764 1463 1797 Sed
1476 1771 1503 1797 et
1518 1768 1651 1807 ejusdem
1668 1774 1797 1805 auctoris

979 1808 1143 1855 creduntur
1153 1817 1218 1839 esse
1231 1808 1306 1855 Vitae
1318 1808 1478 1840 Theodosii
1499 1812 1722 1855 Ccnobiarchae,
1742 1827 1798 1849 nec

980 1861 1038 1900 non
1052 1852 1178 1900 Quiriaci
1194 1853 1390 1900 anachoreta},
1419 1855 1469 1894 qui
1491 1856 1596 1888 iisdem
1615 1852 1799 1900 temporibus

979 1896 1114 1927 claruere
1140 1897 1194 1928 viri
1220 1897 1398 1929 sanctissimi
1416 1908 1423 1930 :
1442 1900 1493 1930 sed
1510 1902 1589 1939 quod
1606 1903 1664 1935 illa;
1676 1896 1799 1937 careant

979 1942 1108 1972 auctoris
1129 1942 1336 1991 inscriptione,
1363 1944 1502 1975 feruntur
1518 1947 1640 1979 nomine
1656 1950 1731 1989 ejus,
1749 1953 1798 1991 qui

981 1991 1130 2035 postremo
1143 1986 1472 2035 ediditMetapltrastes,
1490 2000 1556 2021 cum
1575 1986 1796 2035 tamen-ipsenea

980 2031 1141 2071 antiquitus
1157 2031 1269 2071 scripta
1285 2036 1398 2063 tantum
1422 2036 1624 2075 exscripserit.
1646 2050 1657 2066 υ
1677 2031 1711 2069 Et
1726 2048 1804 2071 anno

119 2073 259 2106 frumenti
272 2085 363 2115 grano
381 2086 434 2116 per
446 2086 550 2116 preces
566 2078 680 2117 integra
695 2079 829 2117 granaria
845 2080 941 2119 reple-
983 2076 1051 2112 5M,
1072 2086 1100 2107 n.
1117 2076 1150 2105 21
1173 2086 1180 2107 :
1201 2087 1213 2104 ι
1230 2076 1341 2107 Auctor
1357 2077 1410 2108 etsi
1424 2073 1545 2110 nomine
1561 2080 1703 2113 habeatur
1718 2084 1804 2115 inco-

121 2118 166 2151 vit.
182 2122 310 2150 Puerum
335 2121 363 2150 in
379 2121 466 2151 altam
485 2122 565 2161 putei
582 2122 735 2161 delapsum
759 2124 938 2162 voraginem,
983 2121 1092 2159 gnitus,
1109 2120 1247 2167 Cyrillum
1265 2121 1344 2167 hunc
1361 2122 1458 2162 ipsum
1482 2124 1634 2164 existimo,
1653 2128 1703 2167 qui
1720 2129 1805 2160 sicuti

120 2165 316 2202 inaspectabili
330 2170 480 2202 prmsentia
493 2169 627 2196 extraxit.
642 2169 762 2197 Fetuum
777 2169 941 2198 aborliones
984 2169 1152 2196 sanctorum
1167 2165 1252 2196 Saba;
1270 2171 1299 2197 et
1311 2166 1559 2209 Euthymiiatque
1573 2165 1696 2203 Joannis
1711 2173 1806 2204 Silen-

119 2210 271 2248 repressit,
290 2210 340 2249 qui
356 2210 425 2240 dum
445 2210 474 2240 in
490 2211 575 2241 vitam
595 2211 744 2241 immaturi
770 2212 940 2251 prodibant,
954 2209 1062 2267 Dtiarij
1079 2214 1107 2240 et
1120 2209 1245 2241 aliorum
1266 2211 1342 2267 vitas
1356 2212 1476 2252 scriptis
1499 2217 1542 2244 est
1563 2222 1749 2255 prosecutus,
1768 2221 1806 2249 ita

122 2262 173 2267 --.-
189 2259 312 2267 ...Α-ιμ...
336 2264 366 2267 λ..
383 2255 437 2267 υἷι-
459 2255 658 2267 -..Ιην.ι..1.441ν
673 2265 686 2267 Α
724 2256 745 2267 n
773 2265 800 2267 Αη
836 2257 842 2267 l
995 2263 1041 2267 ...μ
1080 2263 1132 2267 ___
1147 2259 1187 2267 --ι
1208 2264 1265 2267 -..-.
1284 2264 1330 2267 4--
1367 2266 1387 2267 ην
1407 2266 1414 2267 κ
1429 2266 1434 2267 γ
1473 2257 1479 2267 I
1513 2258 1518 2267 I
1552 2259 1558 2267 I
1592 2264 1597 2267 .
1757 2263 1776 2267 ..

121 2262 173 2292 per
189 2259 314 2284 mortem
334 2264 367 2285 ex
383 2255 440 2285 vita
455 2255 698 2286 exturbabantur.
724 2256 819 2291 Quare
836 2257 940 2287 horum
955 2254 1062 2300 "haud
1078 2263 1132 2300 par
1145 2259 1190 2285 est
1204 2255 1343 2292 credere,
1362 2266 1448 2296 quem
1472 2257 1600 2290 habebat
1625 2270 1684 2300 prae
1698 2254 1805 2300 oculis,

123 2303 248 2329 matrem
265 2298 302 2329 ob
319 2299 394 2329 hanc
407 2299 593 2330 affectionem
609 2300 733 2340 perinde
745 2310 777 2330 ac
791 2301 815 2330 si
832 2302 943 2332 sterilis
984 2298 1185 2346 Theodosium
1202 2300 1394 2346 praeteriisse,
1407 2298 1694 2346 prwtermisisseque
1709 2316 1758 2338 res
1769 2298 1806 2338 ab

122 2342 223 2371 fuisset
232 2343 384 2372 fecundam
397 2344 638 2380 reddiditlngens
652 2344 829 2373 locustarum
840 2353 942 2381 agmen
985 2352 1021 2374 eo
1038 2343 1177 2383 praeclare
1189 2349 1298 2384 gestas,
1312 2344 1435 2376 minime
1451 2355 1512 2386 prae
1526 2348 1572 2378 Sui
1589 2342 1734 2389 dignitate
1749 2351 1806 2383 ob-

122 2387 397 2423 verboincrepitans
407 2389 511 2424 abegit.
525 2389 658 2417 Kericum
673 2389 797 2418 Orientis
809 2392 943 2419 comitem
987 2389 1115 2436 mendas
1131 2389 1262 2427 silentio,
1281 2392 1409 2430 posteris
1433 2391 1563 2424 tradere.
1592 2387 1724 2435 Cdnjicio
1740 2397 1808 2436 qui-

121 2437 204 2463 veste
217 2442 271 2463 sua
283 2433 410 2471 cilicina,
427 2443 483 2473 qua
494 2444 546 2474 pro
560 2435 679 2465 thorace
695 2435 778 2465 illum
795 2435 942 2473 induerat,

121 2477 370 2508 invulnerabilem
388 2479 535 2518 praestitit.
552 2478 620 2509 Sata
636 2483 724 2509 terra:
740 2479 847 2510 ardore
865 2480 943 2518 laesa,

119 2521 281 2561 impetrato
295 2531 348 2562 per
362 2532 466 2562 preces
479 2523 575 2554 imbre
587 2525 740 2554 recreavit.
752 2525 889 2554 Prmdixit
904 2526 947 2555 iu~

119 2570 240 2605 gentem
256 2575 310 2606 per
323 2571 408 2597 terra;
420 2572 531 2598 motum
548 2569 713 2599 Antiochiae
724 2569 853 2599 ruinam.
874 2570 945 2599 Mul-

120 2614 178 2649 tos,
192 2611 242 2651 qui
253 2611 435 2650 naufragium
451 2612 594 2650 fecerant,
609 2622 675 2643 cum
688 2613 826 2643 ﬂuctibus
837 2614 946 2644 colluc-

120 2659 230 2692 tantes,
247 2657 380 2696 periculo
396 2657 568 2696 spectabilis
589 2657 707 2697 eripuit.
728 2658 827 2689 Multis
844 2664 946 2689 auctor

121 2700 189 2730 vitae
203 2700 351 2739 religiosa:
364 2701 509 2737 factus,ad
527 2702 685 2733 Dominum
703 2711 719 2732 e
734 2702 790 2732 vita
806 2704 942 2733 excessit.

122 2747 189 2776 Dies
202 2747 244 2775 illi
256 2747 396 2776 solemnis
408 2748 435 2775 in
449 2749 610 2777 veneranda
621 2749 652 2776 Β.
666 2748 741 2777 Petri
752 2749 876 2784 Apostoli
890 2750 947 2778 reda

125 2789 286 2830 peragitur.
314 2801 328 2816 »
359 2789 508 2820 Hactenus
540 2791 660 2822 Menaea.
689 2790 759 2826 Quae
776 2791 823 2822 hic
839 2791 947 2822 dicitur

244 2848 375 2879 PATEOL.
395 2849 452 2880 Gn.
475 2849 578 2880 CXIV.

988 2432 1055 2462 dem
1077 2432 1114 2480 ab
1141 2434 1332 2480 imprudente
1361 2435 1461 2480 aliquo
1491 2432 1679 2470 obliteratum
1709 2432 1810 2480 Cyi'illi

988 2477 1117 2507 auctoris
1133 2486 1254 2517 nomen,
1281 2479 1331 2519 qui
1355 2479 1492 2511 referens
1507 2481 1578 2512 illud
1606 2483 1641 2513 ad
1669 2477 1806 2524 Cyrillum

988 2521 1291 2566 Hierosolymitanum
1319 2523 1510 2564 episcopum,
1541 2526 1591 2566 qui
1620 2521 1727 2559 clartiit
1754 2530 1809 2560 sub

989 2565 1158 2613 _G_onstantio
1174 2566 1367 2606 imperatore,
1382 2568 1455 2599 falso
1469 2570 1580 2609 putarit
1595 2572 1684 2603 tribui
1701 2573 1810 2613 Cyrillo

988 2610 1154 2650 historiam,
1171 2621 1228 2652 qua
1244 2621 1293 2642 res
1316 2617 1407 2651 gestae
1430 2614 1485 2643 sub
1513 2615 1619 2654 Leone,
1648 2610 1766 2649 Zeno-ne
1782 2623 1812 2650 et

988 2656 1148 2687 Anastasio
1175 2657 1315 2695 Augustis
1339 2661 1517 2702 tractantur,
1546 2659 1687 2698 ignorans
1713 2662 1809 2702 ipsum

988 2700 1025 2731 de
1040 2710 1108 2746 quo_
1117 2705 1163 2746 est
1178 2710 1288 2746 sermo,
1307 2701 1437 2746 nobilem
1464 2702 1639 2735 historicum
1655 2700 1809 2746 Cyrillum,

988 2749 1076 2785 atque
1091 2744 1293 2786 Palaestinam,
1309 2746 1366 2776 hoc
1385 2745 1494 2778 vixisse
1511 2752 1656 2789 tempore.
1675 2744 1687 2779 ᾖ

1026 2791 1058 2823 7.
1076 2789 1144 2821 Haec
1159 2789 1274 2821 Baronii
1291 2790 1478 2830 conjectura.
1504 2792 1631 2833 Cyrillus
1642 2795 1757 2833 juvenis
1774 2797 1810 2828 ad

1618 2852 1653 2884 15
