4018 6136
396 322 514 397 459
1683 324 1737 386 Μ
1752 323 1964 386 ENSIS
2023 325 2039 384 Α

2126 318 2478 385 .‘IUARIUS.
3711 292 3833 368 460

399 466 640 528 modum
666 484 736 527 eo
762 470 1030 546 tempore
1054 463 1185 537 fuit,
1223 480 1336 542 quo
1376 459 1437 524 S.
1463 459 1650 522 Sabas
1674 477 1741 520 ex
1767 465 2040 538 suscepta
2065 470 2097 514 A
2126 460 2256 536 ejus
2280 459 2490 532 Roma,
2647 455 2898 546 obierat,
2925 453 3138 546 delatae
3167 448 3689 546 requiescunt."c
3722 441 3829 503 Est

399 556 472 618 ad
523 532 919 618 Justinianum
970 532 1386 632 imperatorem
1439 549 1731 628 legatione
1767 566 1861 607 an.
1899 532 2037 621 530,
2125 532 2383 618 autem,»
2417 543 2722 606 utibidem
2747 542 3010 621 additur,
3047 541 3282 632 {locus
3310 532 3658 632 coemit'erii
3684 549 3825 632 spe-

399 663 676 708 reversus
705 652 815 718 est,
853 641 1006 704 haud
1042 621 1140 703 diu
1175 640 1312 700 dein
1358 621 1684 718 superstes.
1723 638 1870 698 Eum
1903 645 2042 696 tunc
2127 638 2322 709 lunca,
2351 636 2407 695 in
2443 655 2584 716 qua,
2613 652 2744 694 cum
2770 652 2801 694 a
2830 633 3011 710 Magis
3052 630 3277 690 illusus
3312 632 3489 718 esset
3524 621 3824 694 Herodes,

401 733 741 816 Scythopoli
773 713 1083 794 adiverunt
1133 728 1332 809 Cyrilli
1383 713 1684 808 parentes,
1721 723 2042 816 atqueipsi
2119 726 2290 804 juxta
2321 713 2620 816 Evangelii
2653 721 2987 800 oraculum,
3012 719 3096 779 illi
3120 717 3274 816 inde
3310 713 3666 816 solventes,
3694 727 3828 769 cum

404 815 592 903 puero
629 823 1022 902 impetrarunt
1051 817 1558 880 benedictionem.
1593 819 1676 877 lta
1711 817 1784 876 de
1819 834 1884 876 se
1914 815 2041 892 ipse

403 912 655 994 Cyrillus
704 911 766 970 in
825 909 959 971 Vita
988 911 1049 971 8.
1085 906 1297 969 Salue:
1360 931 1386 961 ι
1443 906 1585 968 Cum
1644 923 1738 965 me
1798 921 2044 994 magnus

399 993 587 1063 Sabas
636 1001 982 1079 aspexisset,
1032 1007 1091 1059 et
1140 997 1480 1070 salutasset,
1540 1004 1597 1056 et
1627 1013 1733 1054 sua
1764 993 2043 1071 dignatus

403 1100 560 1152 esset
591 1087 1045 1157 benedictione;
1101 1085 1209 1148 Hic
1243 1084 1481 1158 exhinc,
1518 1083 1712 1157 inquit
1745 1088 1917 1160 patri,
1957 1089 2044 1142 est

401 1197 568 1240 meus
613 1177 960 1256 discipulus.
999 1174 1292 1236 Doceatur
1345 1191 1484 1251 ergo
1534 1172 1928 1234 Psalterium:
1971 1188 2041 1232 eo

401 1268 559 1329 enim
597 1285 744 1347 opus
773 1264 984 1328 habeo.
1047 1288 1070 1318 »
1118 1261 1181 1323 In
1219 1261 1354 1324 Vita
1385 1260 1448 1324 S.
1483 1259 1742 1334 Quiriaci
1777 1258 1852 1320 29
1885 1257 2035 1336 Sep-

401 1355 673 1431 tembris,
710 1353 928 1415 dicitur
975 1351 1155 1412 fuisse
1215 1373 1238 1406 «ι
1305 1369 1370 1410 ex
1431 1350 1796 1409 monasterio
1846 1347 2040 1426 Magni

400 1445 723 1525 Euthymii,
760 1455 816 1505 et
850 1463 883 1504 a
916 1442 1110 1521 magni
1145 1437 1443 1518 Eutliymii
1475 1438 1642 1498 laura
1674 1436 1745 1497 ad
1776 1438 1842 1498 B.
1871 1435 2042 1499 Saba;

402 1538 624 1595 Iauram
656 1531 1005 1605 accessisse,
1042 1536 1106 1590 ut
1137 1528 1362 1590 videret
1393 1525 1799 1589 Silentiarium
1855 1525 2039 1586 Joan-

2125 799 2184 874 in
2220 814 2463 893 patriam
2490 799 2782 883 redirent,
2826 816 3201 871 manserunt.
3243 804 3312 866 In
3355 804 3478 863 hac
3531 799 3827 880 spelunca

2127 915 2356 963 sanctus
2385 907 2552 963 Pater
2584 914 2777 961 noster
2803 903 3154 960 Theodosius.
3183 913 3332 955 cum
3363 896 3678 965 religiosae
3699 894 3823 947 vitae

2127 990 2449 1053 certamina
2478 989 2857 1063 confecisset,
2877 987 3066 1067 gratia
3087 985 3365 1046 donatus
3391 986 3492 1040 est
3515 978 3818 1067 daemones

2131 1079 2450 1161 ejiciendi:
2487 1097 2681 1158 neque
2717 1065 2940 1138 tantum
2977 1075 3035 1136 in
3061 1076 3169 1136 hac
3198 1065 3818 1161 temporariam-evi-

2126 1154 2241 1250 que
2266 1169 2405 1241 vita,
2431 1167 2535 1229 sed
2563 1154 2738 1228 etiam
2765 1173 2894 1246 post
2921 1162 3146 1226 obitum
3172 1161 3324 1250 illos
3350 1157 3532 1250 ejicit
3558 1154 3820 1250 adhunc

2127 1243 2313 1338 usque
2346 1257 2524 1327 diem,
2579 1256 2650 1316 ad
2701 1243 2952 1334 gloriam
3005 1261 3064 1313 et
3112 1249 3370 1312 laudem
3424 1243 3664 1338 Christi
3693 1243 3817 1304 veri

2124 1333 2251 1420 Dei,
2289 1356 2344 1409 et
2377 1333 2941 1415 Salvatoris’nostri,
2976 1341 3070 1403 cui
3094 1339 3293 1418 gloria
3332 1338 3397 1397 in
3435 1333 3666 1396 saecula
3708 1349 3819 1392 sae-

2124 1438 2414 1499 culorum.
2453 1433 2854 1497 Amen.»H:ec
2887 1433 2946 1494 in
2973 1430 3175 1509 Elogio
3209 1425 3528 1497 auctoris,
3566 1441 3638 1483 ex
3674 1438 3816 1482 mss.

2125 1525 2444 1590 Graecisin
2497 1522 2810 1604 posteriori
2867 1519 3132 1584 editione
3184 1537 3218 1578 a
3282 1511 3818 1604 Rosvvej'donos-

402 1642 536 1684 nem
571 1623 939 1702 episcopum,
979 1598 1076 1681 cui
1111 1618 1173 1678 fit
1207 1617 1477 1678 minister
1499 1616 1832 1688 litterarum
1867 1614 2040 1702 adiB.
2128 1624 2216 1677 tro
2239 1598 2664 1694 prmium-quod
2683 1612 2766 1702 ab
2792 1611 2957 1672 obitu
2989 1609 3173 1689 ipsius
3201 1602 3449 1668 Moschi
3475 1601 3558 1662 ab
3620 1598 3819 1696 aliquo

403 1699 798 1784 Quiria'cum,'
836 1719 892 1770 et
948 1707 1022 1770 ab
1073 1709 1187 1769 hoc
1249 1707 1534 1768 didicisse
1583 1723 1679 1766 res
1712 1713 1903 1782 gestas
1935 1701 2040 1766 SS.
2129 1703 2402 1784 ejusdem
2436 1701 2696 1764 emnobii
2731 1699 3022 1762 monacho
3055 1702 3501 1784 cont-innatum
3540 1702 3821 1766 suspica-

404 1779 706 1881 Euthymii
738 1779 794 1859 et
827 1797 1018 1871 Sabae,
1054 1815 1198 1877 quas
1229 1793 1615 1874 conscripsit.
1667 1819 1691 1848 ι)
1717 1779 1926 1854 ῬΙυι-ίὶ
1968 1793 2047 1854 20
2072 1821 2108 1870 Β
2133 1779 2286 1855 mur,
2328 1795 2502 1853 Multa
2535 1808 2701 1881 exeo
2736 1794 2794 1849 in
2828 1786 3200 1881 Bibliotheca
3228 1779 3472 1881 Rhotii,
3530 1782 3823 1881 tmemate

402 1864 671 1954 Januarii
701 1888 772 1951 ad
806 1887 980 1947 vitam
1007 1864 1090 1948 IS;
1115 1885 1436 1966 Euthymii.
1474 1864 1610 1945 Haec
1656 1882 1956 1944 sufficiant
1987 1891 2047 1944 ut
2073 1864 2102 1870 ⁷
2130 1882 2245 1943 199
2277 1881 2555 1944 citantur.
2592 1878 2733 1951 Quae
2765 1896 2941 1958 porro
2981 1876 3076 1936 hic
3108 1873 3183 1966 de
3233 1870 3463 1948 Magis,
3503 1864 3826 1966 sepultura

406 1979 701 2059 professio
733 1979 885 2057 ejus,
921 1985 979 2038 et
1009 1983 1148 2037 astas
1179 1957 1558 2053 agnoscatur.
2130 1979 2188 2032 et
2215 1978 2532 2051 potestate.
2569 1967 2630 2031 S.
2659 1966 2985 2059 Theodosii
3010 1966 3066 2024 in
3094 1964 3414 2024 daamones
3438 1957 3821 2054 referuntur,

483 2069 542 2132 8.
593 2042 788 2129 Alium
844 2042 1040 2127 tamen
1101 2068 1171 2124 ab
1216 2042 1340 2124 hoc
1387 2061 1753 2123 arbitramur
1798 2061 1929 2122 vitae
1979 2059 2040 2123 S.
2132 2042 2344 2122 eadem
2381 2060 2654 2138 leguntur
2685 2057 2744 2118 in
2779 2055 2906 2117 Vita
2943 2075 3002 2118 n.
3036 2055 3095 2128 9,
3135 2055 3233 2131 10,
3264 2058 3423 2118 etc.,
3467 2064 3662 2138 quam
3693 2042 3822 2122 pri-

399 2156 720 2221 Theodosii
755 2163 1095 2228 auctorem;
1144 2152 1228 2214 vel
1265 2153 1425 2226 ideo,
1458 2150 1620 2228 quod
1653 2169 1939 2230 nusquam
1983 2149 2044 2210 in
2129 2151 2264 2212 dem
2297 2135 2470 2211 antea
2502 2147 2900 2225 conscriptam
2947 2144 3129 2206 fuisse
3177 2142 3266 2203 vel
3305 2140 3461 2202 inde
3494 2135 3814 2214 conjicere

403 2265 474 2310 ea
510 2245 738 2308 mentio
763 2245 859 2305 fiat
882 2248 982 2304 aut
1000 2245 1063 2304 8.
1100 2241 1418 2322 Euthymii,
1444 2250 1543 2302 aut
1575 2248 1736 2301 certe
1760 2228 1820 2302 8.
1851 2239 2042 2315 Sabae,
2129 2240 2213 2302 fas
2247 2249 2358 2313 est,
2392 2239 2526 2320 quia
2557 2236 2781 2316 alioqui
2829 2234 2958 2313 ejus
2989 2234 3236 2322 virtutes
3271 2249 3400 2322 non
3438 2228 3814 2322 idem-eom-

405 2339 563 2399 inter
589 2352 767 2416 quem
795 2341 991 2396 tamen
1017 2341 1076 2395 et
1099 2330 1159 2394 S.
1191 2315 1591 2393 Theodosium
1627 2337 1855 2390 constat
1879 2347 2045 2390 sum—
2132 2315 2520 2389 memorasset
2549 2326 2846 2413 Moschus,
2884 2323 2997 2383 nisi
3028 2321 3089 2382 in
3126 2321 3407 2382 omnium
3436 2319 3570 2399 jam
3599 2315 3812 2377 fuisset

404 2444 558 2488 mam
581 2411 904 2487 amicitiam
930 2430 1108 2498 atque
1125 2419 1583 2481 familiaritatem
1610 2419 2045 2493 intercessisse,
2133 2417 2409 2478 manibus
2439 2411 2698 2496 scriptus
2735 2414 2811 2476 de
2842 2413 2919 2475 iis
2951 2411 3212 2474 libellus.

401 2525 467 2578 ut
497 2515 677 2588 infra,
712 2514 740 2592 §
768 2514 829 2592 5,
869 2509 1108 2591 patebit.
1170 2509 1396 2572 Deinde
1429 2508 1648 2569 multus
1678 2516 1768 2569 est
1799 2507 2049 2587 Cyrillus

402 2605 463 2665 in
493 2600 911 2665 describendis
942 2599 1404 2662 circumstantiis
1435 2599 1569 2672 loci,
1601 2599 1908 2678 temporis,
1945 2616 2046 2658 so-

399 2695 652 2767 ciorum,
697 2703 837 2769 etc.,
892 2707 1037 2770 quas
1087 2689 1237 2750 alter
1301 2688 1390 2747 vix
1451 2687 1712 2765 attingit.
1778 2686 2047 2768 Denique

401 2783 662 2861 seipsum
695 2778 836 2840 alibi
869 2782 1035 2850 citat,
1072 2788 1128 2837 et
1172 2776 1320 2837 vitas
1367 2793 1400 2835 a
1451 2794 1515 2837 se
1567 2775 1900 2854 descriptas
1942 2795 1955 2837 :
1991 2784 2049 2836 at

401 2888 477 2932 ne
517 2868 756 2950 quidem
787 2867 848 2927 in
885 2867 944 2927 8.
983 2865 1152 2928 Saba:
1180 2865 1348 2944 actis,
1407 2863 1503 2925 ubi
1554 2864 1729 2925 toties
1781 2864 2051 2926 meminit

400 2961 462 3022 S.
498 2954 848 3025 Theodosii,
886 2954 971 3014 vel
1006 2954 1214 3014 leviter
1265 2951 1484 3013 indicat
1538 2971 1567 3011 a
1619 2969 1684 3012 se
1735 2953 1867 3030 ejus
1912 2970 2046 3015 esse

403 3048 578 3108 vitam
604 3043 1025 3123 compositam.

2392 2556 2420 2634 §
2463 2555 2562 2616 Ill.
2596 2554 2780 2616 fEtas
2811 2556 2964 2631 eius.
3004 2553 3256 2632 Tempus
3287 2549 3527 2612 obitus.

2212 2697 2310 2759 10.
2355 2695 2431 2759 Ut
2461 2695 2710 2775 Cyrillus
2755 2695 2813 2754 in
2863 2693 3147 2773 temporis
3180 2692 3420 2753 ratione
3455 2685 3797 2750 adnotanda

2131 2783 2383 2863 diligens
2414 2785 2521 2846 fuit
2551 2794 2731 2860 atque
2771 2791 3110 2857 accuratus,
3161 2781 3244 2842 ita
3274 2781 3378 2842 hic
3413 2787 3635 2840 auctor
3667 2793 3793 2837 eam

2131 2873 2256 2936 fere
2288 2875 2571 2954 neglexit,
2605 2892 2786 2934 unum
2821 2874 2933 2933 hoc
2965 2871 3187 2932 dixisse
3227 2877 3565 2932 contentus
3600 2886 3659 2928 η.
3695 2865 3789 2942 84,

2131 2965 2189 3025 8.
2217 2961 2617 3024 Theodosium
2641 2962 2886 3034 obiisse,
2906 2979 3039 3022 cum
3063 2978 3250 3020 annos
3269 2959 3529 3020 vixisset
3551 2963 3785 3018 centum

2130 3059 2191 3112 et
2216 3053 2480 3132 quinque
2503 3060 2561 3112 et
2586 3052 2754 3132 paulo
2783 3050 3040 3130 amplius
3096 3051 3180 3112 Ex
3203 3068 3347 3126 quo,
3385 3049 3441 3108 si
3475 3063 3673 3108 annus
3692 3047 3784 3103 aut

480 3138 540 3198 9.
590 3134 881 3196 Dicuntur
911 3132 1084 3211 infra,
1122 3149 1161 3191 n
1217 3131 1315 3201 40,
1345 3131 1511 3190 multi
1538 3131 2039 3220 eruditioneinsi-

2132 3131 2448 3203 nativitatis
2472 3149 2569 3202 aut
2591 3131 2788 3201 Obitus
2825 3140 2899 3202 sit
2947 3147 3312 3220 compertus,
3347 3136 3596 3217 reliqua
3627 3132 3789 3196 facile

398 3244 544 3306 gues
573 3223 636 3286 S.
669 3221 990 3286 Theodosii
1023 3222 1357 3283 institutum
1391 3219 1674 3300 amplexi,
1723 3231 1782 3281 et
1831 3239 1889 3282 n.
1943 3222 2039 3296 39,
2131 3229 2804 3310 deducentur.Tempus
2827 3231 3024 3291 obitus
3045 3219 3208 3309 (nam
3233 3246 3367 3305 quas
3392 3245 3591 3288 senex
3615 3221 3790 3306 potis-

399 3319 560 3377 multi
585 3333 655 3376 ex
678 3319 786 3374 hac
805 3317 1129 3375 eruditione
1164 3314 1463 3385 prodiisse,
1492 3314 1754 3371 Ecclesiae
1785 3317 2043 3386 episcopi

399 3415 457 3466 et
481 3414 774 3486 pastores,
802 3412 860 3465 et
885 3402 1180 3464 variorum
1205 3401 1699 3462 monasteriorum
1725 3401 2037 3464 antistites.

399 3494 614 3568 Quidni
648 3492 862 3573 aliquis
894 3493 1103 3554 horum
1135 3491 1446 3571 prmclaras
1474 3490 1738 3569 magistri
1772 3491 1862 3552 sui
1895 3492 2044 3572 opti-

399 3585 598 3665 mique
631 3583 898 3662 parentis
930 3582 1172 3642 virtutes
1205 3581 1584 3661 descripserit
1613 3586 1639 3642 ?
1683 3580 1851 3652 Quod
1886 3581 2040 3644 haud

397 3673 500 3733 diu
532 3681 667 3752 post:
702 3671 832 3750 ejus
887 3671 1150 3743 obitum,
1207 3670 1315 3730 sub
1365 3687 1719 3732 successore
1749 3671 2039 3750 fortassis,

397 3763 607 3817 factum
635 3759 839 3817 indicat
864 3760 1067 3816 citatus
1103 3759 1284 3823 locus,
1320 3761 1374 3814 in
1401 3773 1516 3828 quo
1549 3767 1603 3816 et
1632 3761 1729 3830 qui
1765 3761 1821 3818 S.
1856 3760 2042 3818 Theo-

401 3851 566 3914 dosii,
590 3859 643 3905 et
665 3851 762 3920 qui
790 3849 912 3919 ejus
933 3847 1286 3904 successoris
1319 3847 1525 3904 eruditi
1552 3856 1686 3905 sunt
1715 3849 2038 3920 disciplina,

399 3946 850 4001 enumerantur.
887 3937 1020 3998 Fuit
1050 3938 1208 3996 inter
1229 3935 1547 3998 Theodosii
1581 3937 1910 4017 discipulos
1938 3939 2042 4001 Juo

396 4029 801 4107 lianus,quem
829 4043 1078 4105 magnus
1101 4025 1491 4099 Theodosius,
1519 4036 1583 4088 ut
1611 4045 1670 4088 n.
1698 4030 1763 4087 71
1802 4028 2036 4108 legitur,

403 4144 428 4174 α
457 4135 696 4199 semper
721 4115 979 4178 habebat
1003 4117 1231 4177 socium
1255 4115 1390 4175 vitae
1415 4129 1487 4176 ex
1512 4115 1747 4178 Christo
1772 4119 2038 4196 agendae,

395 4207 748 4287 volebatque
777 4223 910 4267 cum
945 4222 1014 4265 eo
1047 4204 1496 4285 philosopharii,
1536 4214 1593 4268 et
1616 4224 1746 4267 esse
1771 4224 1906 4267 eum
1931 4207 2044 4268 sibi

394 4297 622 4358 socium
658 4293 1018 4357 solitudinis.
1061 4318 1082 4349 υ
1119 4292 1201 4354 Ex
1247 4295 1376 4372 ejus
1416 4294 1728 4369 relatione,
1765 4304 1864 4356 aut
1893 4297 2042 4360 forte

395 4386 572 4447 etiam
600 4383 1068 4462 commentariis,
1125 4383 1279 4445 haud
1332 4401 1517 4463 pauca
1563 4384 1836 4447 hausisse
1885 4387 2043 4448 hunc

393 4482 726 4550 auctorem,
763 4472 1063 4550 conjicere
1085 4472 1221 4534 licet
1247 4491 1318 4534 ex
1353 4472 1426 4534 iis
1448 4491 1602 4550 quae,
1631 4492 1677 4535 c.
1719 4477 1810 4554 t6,
1843 4494 1902 4537 n.
1941 4476 2035 4551 7t,

395 4564 696 4626 dicuntur.
727 4561 860 4624 Fuit
892 4579 1028 4623 vero
1057 4560 1330 4624 Julianus
1366 4561 1449 4622 vir
1482 4581 1751 4640 magnus,
1787 4564 2036 4643 dignus-

391 4670 512 4735 que
562 4660 719 4713 tanto
782 4653 1064 4730 magistro
1125 4651 1476 4731 discipulus,
1539 4651 1667 4731 ipso
1699 4652 1877 4714 etiam
1914 4663 2036 4716 tum

389 4745 624 4806 vivente
655 4743 843 4805 factus
894 4743 1215 4821 episcopus
1265 4741 1630 4815 Bostrensis,
1683 4751 2041 4823 coactusque

389 4837 545 4911 quod
566 4836 775 4893 Sevisro
802 4831 1155 4890 Antiocheno
1191 4834 1460 4890 haeretico
1495 4836 1818 4890 cons-mire
1842 4834 2035 4902 nollet,

388 4924 584 5002 fugam
637 4922 792 4983 ultro
837 4919 1120 4999 arripere,
1178 4926 1238 4979 ut
1289 4918 1592 4997 Evagrius,
1641 4918 1682 4979 l.
1724 4936 1803 4993 tu,
1845 4939 1899 4983 c.
1936 4921 2034 4982 33.

391 5017 567 5094 Isque
595 5013 722 5092 ipse
754 5018 866 5085 est,
903 5011 1071 5088 cujus
1095 5008 1296 5082 vitam,
1323 5027 1426 5070 seu
1455 5009 1651 5089 potius
1684 5010 2034 5072 miraculum

365 5103 592 5165 .calicis
623 5099 922 5172 venenati,
976 5098 1143 5178 signo
1177 5098 1374 5159 crucis
1403 5108 1540 5160 ante
1578 5097 1760 5178 edito,
1799 5099 2035 5161 innoxie

388 5193 572 5272 epoti,
599 5198 819 5263 narrat,
851 5209 905 5252 c.
930 5188 1011 5249 94
1033 5189 1212 5249 Preti
1245 5189 1590 5266 spirilualz's
1610 5185 1878 5251 Joannes
1916 5191 2033 5250 Mo-

386 5283 589 5353 schus;
619 5279 715 5360 qui
740 5287 796 5341 et
815 5278 961 5359 ipse,
992 5287 1052 5338 ut
1076 5277 1133 5338 in
1162 5277 1504 5358 praefatione
1528 5277 1728 5355 operis
1754 5279 2031 5358 refertur,

388 5391 414 5428 ι
446 5369 740 5448 principio
764 5367 1004 5447 quidem
1043 5368 1255 5427 saeculo
1291 5365 1656 5429 renuntiavit
1686 5368 1746 5426 in
1791 5385 2030 5429 monas-

385 5458 534 5519 terio
559 5460 616 5519 S.
649 5461 718 5518 P.
748 5460 818 5519 Ν.
846 5455 1169 5517 Theodosii
1195 5455 1423 5516 abbatis
1455 5463 1514 5517 et
1545 5455 2031 5520 archimandritze

384 5545 815 5624 omnium,quze
838 5553 978 5605 sunt
1001 5542 1431 5623 Hierosolymis
1451 5541 1888 5620 coenobiorum,
1906 5550 2028 5607 sive

385 5635 909 5708 monasteriorum,
952 5658 978 5688 ι
1013 5633 1082 5693 ad
1129 5633 1299 5713 cujus
1330 5630 1724 5694 cmmiterium
1759 5632 2028 5716 reliquiae

2127 3320 2340 3380 simum
2371 3318 2574 3396 gessit,
2605 3337 2673 3380 ea
2709 3317 3054 3396 diligentius
3086 3316 3386 3397 descripta
3419 3317 3596 3394 sunt)
3627 3312 3790 3392 prius

2127 3406 2575 3484 inquirendum.
2615 3407 3006 3487 SupervixitS
3056 3405 3438 3468 Theodosius
3468 3400 3786 3466 Anastasio

2126 3497 2473 3577 imperatori
2501 3498 2585 3578 (η.
2609 3498 2705 3566 55)
2739 3500 3027 3558 exstincto
3058 3515 3158 3558 an.
3192 3495 3300 3557 Ch.
3333 3495 3479 3557 5l8.
3506 3489 3788 3556 Praedixit

2126 3602 2516 3650 terraemotum
2549 3592 2860 3649 Antiochiae
2884 3596 2965 3660 (n.
2993 3593 3088 3662 76)
3110 3591 3329 3662 aliquot
3355 3589 3573 3648 diebus
3593 3588 3786 3659 prius-

2126 3693 2300 3754 quam
2336 3674 2525 3748 fieret,
2559 3691 2655 3736 an.
2695 3672 2799 3734 Ch.
2838 3672 2979 3734 526.
3017 3672 3355 3751 Sepultum
3385 3673 3526 3751 ejus
3556 3672 3647 3748 (n.
3677 3666 3777 3745 87)

2123 3763 2393 3824 interfuit
2415 3765 2625 3824 Petrus
2650 3760 2726 3823 ΠΙ
2747 3763 2925 3842 hujus
2948 3762 3203 3822 nominis
3224 3757 3778 3841 Hierosolymorum

2128 3852 2481 3932 patriarcha,
2507 3851 2605 3932 qui
2635 3851 2847 3914 Joanni
2874 3850 2944 3925 ll,
2973 3869 3069 3913 an.
3096 3850 3545 3931 594,29April.
3565 3847 3692 3909 ind.
3711 3847 3772 3920 2,

2128 3950 2360 4002 mortuo
2386 3941 2695 4014 successit,
2717 3959 3060 4022 supremum
3086 3939 3244 4003 diem
3269 3940 3483 4002 clausit
3503 3957 3600 3999 an.
3631 3934 3774 3998 546.

2126 4029 2255 4086 Haec
2287 4045 2346 4086 ex
2376 4030 2498 4086 Vita
2522 4029 2881 4102 Nicephorus
2912 4029 3180 4088 Callistus
3225 4029 3263 4085 l.
3301 4041 3422 4086 xvn
3454 4030 3599 4086 Hist.
3639 4023 3766 4084 ccci.

2125 4122 2277 4181 c.24.
2294 4121 2364 4176 ita
2388 4119 2617 4177 scribit:
2637 4139 2661 4171 α
2689 4120 3014 4177 Justiniano
3037 4121 3227 4176 adhuc
3255 4121 3564 4189 imperium
3586 4114 3770 4174 admi-

2131 4209 2509 4283 nistrante,et
2535 4226 2780 4287 magnus
2802 4209 2902 4270 ille
2925 4207 3153 4270 Sabbas
3168 4215 3226 4269 et
3241 4207 3564 4288 praeclarus
3580 4206 3768 4268 Theo-

2127 4297 2354 4370 dosius,
2387 4297 2574 4358 eremi
2607 4297 2913 4376 prmsides,
2948 4298 3303 4377 superstites
3325 4308 3514 4360 erant.
3546 4295 3760 4359 Verum

2129 4390 2287 4467 prior
2303 4387 2680 4450 Theodosius
2703 4387 2774 4449 ad
2799 4386 2983 4450 Deum
3020 4387 3278 4449 transiit.
3317 4386 3542 4449 Sabbas
3566 4394 3756 4448 autem

2064 4525 2108 4578 ὓ
2126 4477 2575 4556 nonagesimum
2605 4487 2741 4538 tunc
2772 4495 2954 4556 agens
2983 4494 3202 4538 annum
3228 4477 3300 4539 ab
3325 4475 3577 4539 [Elieusi
3603 4470 3755 4536 anti-

2122 4571 2248 4627 stite
2264 4570 2704 4641 legatusiterum
2719 4569 3268 4640 Constantinopolim
3293 4571 3750 4628 adJustinianum

2124 4657 2179 4712 in
2204 4657 2358 4713 tenui
2383 4666 2551 4727 atque
2571 4656 2844 4714 imbecilli
2867 4656 3174 4713 admodum
3202 4665 3428 4713 senecta
3453 4656 3741 4712 ﬂuctuans.

2126 4745 2422 4825 profectus
2436 4756 2548 4807 est.
2568 4745 2924 4808 Samaritani
2951 4743 3483 4821 namque,Jutiauo
3509 4738 3744 4824 quodam

2125 4852 2264 4912 rege
2288 4834 2402 4895 sibi
2434 4845 2657 4909 creato,
2685 4835 2971 4916 plurimas
2993 4833 3348 4897 Christianis
3375 4832 3628 4915 superbe
3655 4827 3747 4889 in-

2116 4924 2308 5002 jur'as
2345 4925 2623 4997 tulerant,
2677 4949 2698 4983 ››
2738 4933 2849 4987 etc.
2888 4943 3019 5006 quae
3045 4924 3419 5004 Nicephorus
3455 4942 3488 4986 e
3529 4922 3658 4985 Vita
3685 4919 3743 4980 S.

2122 5009 2289 5074 Saba:
2312 5012 2666 5092 desumpsit,
2703 5013 2801 5076 ubi
2835 5034 2902 5075 ea
2925 5020 3011 5074 sic
3032 5014 3221 5076 refert
3243 5013 3530 5093 Cyrillus:
3565 5013 3748 5074 «Cum

2113 5103 2240 5180 jam
2271 5109 2468 5163 autem
2503 5103 2819 5182 imperium
2846 5105 3262 5184 assumpsisset
3289 5103 3753 5174 Justinianus,et

2121 5209 2312 5251 rerum
2335 5197 2684 5266 suscepisset
2706 5197 3284 5262 administrationem,
3303 5199 3507 5268 agebat
3528 5193 3747 5268 quidem

2120 5277 2184 5337 Β.
2222 5279 2407 5341 Sabas
2431 5280 2495 5342 91
2539 5298 2785 5352 annum,
2823 5280 2999 5340 finem
3026 5299 3164 5342 vero
3189 5281 3319 5342 vita}
3341 5289 3646 5362 acceperat
3669 5274 3748 5337 di-

2118 5369 2282 5428 vinus
2325 5368 2720 5432 Theodosius.
2753 5369 2861 5440 Qui
2910 5369 2966 5430 in
3015 5370 3328 5432 Palaestina
3359 5371 3600 5451 quidem
3632 5369 3746 5430 erat

2117 5457 2370 5537 populus
2389 5457 2924 5535 Samaritanorum,
2948 5478 3079 5520 cum
3101 5460 3394 5522 Julianum
3411 5459 3739 5541 quemdam,

2113 5550 2210 5621 qui
2239 5553 2359 5622 ipse
2384 5566 2612 5623 quoque
2631 5565 2749 5609 erat
2775 5551 3206 5622 Samaritamus,
3223 5553 3330 5611 sibi
3358 5569 3548 5625 regem
3574 5562 3746 5610 creas-

2112 5645 2265 5713 sent,
2302 5636 2516 5699 multas
2547 5637 2796 5721 injurias
2838 5637 3134 5703 faciebant
3163 5638 3532 5719 Christianis,
3577 5667 3600 5705 υ
3635 5645 3740 5704 etc.
