4018 6136
203 317 288 380 461

877 316 1061 379 VITA
1107 317 1166 378 S.
1216 315 1621 378 THEODOSII
1665 313 2276 378 COENOBIARCHIE.
2343 347 2418 358 -—
2481 313 2871 376 PROOEMIA.

3441 313 3558 379 462

203 449 448 512 Petavius
470 459 682 512 noster
703 450 742 511 l.
770 467 868 511 xm
895 448 982 510 De
999 450 1285 510 doctrina
1309 459 1666 529 temporum,
1683 452 1826 513 scri-
1849 471 1882 512 Α
1911 453 2038 531 ejus
2061 449 2426 516 monasterii.
2459 448 2785 512 Theodosii
2809 451 3038 529 legatus
3061 448 3439 529 subscriptus
3463 451 3557 512 ei-

195 541 261 601 bit
285 558 380 601 an.
415 540 527 602 Ch.
561 539 701 612 529,
724 539 896 602 Junio
925 557 1192 613 mense,a
1226 540 1610 602 Samaritanis
1640 550 1697 602 et
1728 544 1835 605 Ju-

193 628 312 689 dzeis
340 627 786 690 rebellantibus
809 629 965 689 hunc
986 627 1294 689 Julianum
1321 647 1522 707 regem
1557 633 1836 694 constitu-

191 720 316 793 lum,
349 726 409 779 et
434 719 664 780 deinde
685 739 717 779 a
739 718 925 798 copiis
945 717 1259 780 Justiniani
1292 737 1423 778 cum
1449 722 1570 779 suis
1601 721 1837 782 rebelli-

189 809 280 867 bus
302 807 770 888 interemptum.
807 811 984 868 Anno
1011 809 1284 887 sequenti
1309 808 1425 868 530
1454 808 1635 870 refert
1667 812 1826 888 lega-

189 896 386 957 tionem
445 897 510 958 S.
568 896 739 958 Sabae
768 897 838 957 ad
871 895 1276 970 Justitianum,
1314 915 1429 974 quo
1467 906 1734 980 tempore
1764 905 1826 964 S.

187 986 353 1047 Sabas
381 985 609 1064 agebat
643 1005 862 1047 annum
899 985 1087 1046 mtatis
1132 987 1232 1060 91,
1271 994 1477 1063 utpote
1513 1003 1685 1049 natus
1718 990 1830 1051 sub

187 1073 480 1135 consulatu
515 1077 590 1136 17
621 1075 966 1154 Theodosii,
1006 1075 1060 1134 id
1097 1081 1189 1136 est
1218 1093 1370 1134 anno
1405 1075 1541 1139 Chr.
1591 1079 1731 1152 439,
1767 1091 1831 1140 ut

183 1180 239 1222 ex
266 1163 471 1242 Cyrilli
507 1166 842 1226 assertione
877 1173 1118 1244 apparet
1151 1163 1318 1224 initio
1354 1165 1497 1225 Vitae
1530 1169 1586 1229 S.
1635 1165 1824 1229 Saba).

181 1249 392 1314 Obierit
424 1271 579 1332 ergo
611 1257 673 1315 S.
711 1254 1085 1316 Theodosius
1117 1253 1314 1314 hoc11
1355 1253 1646 1332 Januarii,
1676 1275 1830 1318 anno

178 1338 270 1403 Cb.
303 1341 450 1416 5'29,
489 1357 643 1405 ante
675 1342 1010 1404 inchoatam
1046 1343 1551 1404 Samaritanorum
1586 1346 1832 1406 seditio-

179 1442 332 1510 nem,
363 1433 647 1494 secundo
670 1451 826 1493 anno
853 1432 1087 1512 imperii
1111 1430 1454 1506 Justiniani,
1482 1435 1582 1513 qui
1605 1435 1835 1498 Justino

174 1521 459 1582 avunculo
489 1539 653 1582 anno
682 1522 792 1583 527
821 1522 1066 1600 Augusti
1109 1529 1122 1579 l
1168 1529 1266 1580 aut
1290 1521 1326 1581 2
1355 1522 1606 1590 (variant
1635 1536 1833 1585 aucto-

175 1618 276 1692 res)
299 1609 1005 1680 defuncto,successerat
1023 1611 1165 1689 ipsis
1189 1621 1324 1670 ante
1349 1613 1632 1674 Kalendis
1651 1615 1828 1692 Apri-

172 1688 236 1758 lis
260 1698 408 1760 feria
425 1701 468 1761 5
488 1701 549 1760 ir.
569 1699 747 1762 Coena
769 1688 1110 1774 Domini,ab
1128 1719 1196 1760 eo
1221 1701 1545 1778 imperator
1568 1688 1822 1766 creatus.

1919 541 2053 603 dem
2091 539 2290 602 libello
2317 539 2552 617 legitur.
2587 539 2835 601 Vivebat
2864 539 3058 602 adhuc
3089 538 3328 620 quidem
3363 538 3559 602 Theo-

1918 631 2121 692 dosius
2155 631 2302 710 ipse,
2340 629 2414 690 de
2437 648 2551 709 quo
2583 628 2695 690 ista
2725 629 2783 690 in
2817 629 2946 708 ejus
2977 630 3119 702 vita,
3156 637 3283 708 post
3311 629 3427 691 alia
3449 647 3555 691 su-

1920 730 2120 800 scepta
2178 738 2283 799 pro
2321 718 2436 779 ﬁde
2469 719 2794 779 orthodoxa
2824 719 3172 792 certamina,
3227 717 3506 798 leguntur
3538 741 3553 784 :

1920 808 2062 871 Cum
2089 808 2162 870 de
2195 827 2265 869 eo
2290 808 2640 880 (Theodosio
2685 807 2938 887 scilicet)
2965 807 3353 869 intellexisset
3375 809 3560 890 etqui

1915 904 2129 959 veteris
2143 897 2344 958 Romae
2359 897 2564 957 sedem
2583 896 2826 974 pulchre
2851 895 3090 958 tenebat
3113 897 3180 970 (is
3207 905 3404 958 autem
3430 905 3559 959 erat

1916 987 2220 1067 Agapitus)
2281 994 2341 1047 et
2398 987 2494 1064 qui
2555 986 2986 1048 Antiochenam
3046 987 3247 1048 sedem
3310 985 3558 1065 regebat

1913 1076 2344 1156 prraim,sive
2363 1073 2660 1154 Ephraem;
2682 1075 2807 1153 ipse
2825 1093 3059 1155 quoque
3078 1075 3310 1155 populis
3327 1084 3552 1136 rectam

1915 1167 2090 1227 lidem
2116 1162 2606 1244 praedicabantln
2635 1165 2848 1244 quibus
2869 1164 3050 1224 multa
3064 1171 3202 1225 sunt
3221 1164 3292 1224 ad
3318 1163 3552 1226 laudem

1916 1257 2093 1334 hujus
2125 1254 2278 1314 beati
2311 1253 2655 1334 composita,
2689 1272 2821 1332 qum
2849 1273 2965 1313 non
2994 1253 3283 1314 minorem
3305 1253 3552 1332 gloriam

1918 1345 2172 1405 all‘erunt
2203 1343 2273 1404 iis
2306 1343 2406 1422 qui
2436 1342 2826 1422 scripserunt,
2849 1360 3023 1424 quam
3053 1341 3108 1402 ei
3139 1343 3236 1423 qui
3262 1341 3550 1406 laudaba-

1923 1444 2034 1509 tur,
2071 1435 2229 1516 quod
2263 1453 2382 1495 non
2414 1434 2484 1494 ad
2517 1435 2786 1510 gratiam,
2823 1433 2924 1495 sed
2960 1435 3133 1512 plane
3153 1434 3222 1495 ad
3248 1433 3552 1495 veritatem

1920 1524 2097 1585 ﬁeret
2128 1522 2448 1585 laudatio.»
2481 1521 2564 1582 Ita
2589 1523 2901 1582 Baronius.
2935 1523 3153 1583 Verum
3177 1539 3372 1601 neque
3391 1521 3552 1599 Aga-

1916 1621 2088 1693 petus
2123 1630 2293 1692 papa,
2344 1629 2538 1691 neque
2571 1611 2848 1690 Ephraim
2884 1610 3242 1690 patriarcha,
3269 1610 3555 1672 dicuntur

1915 1703 2106 1763 vivum
2128 1699 2477 1763 laudasseS.
2495 1699 2930 1780 Theodosium;
2959 1699 3062 1761 sed
3088 1718 3222 1760 cum
3247 1708 3554 1762 certamen

170 1785 282 1857 Quo
315 1789 664 1869 imperante
700 1789 1096 1870 supervixerit
1245 1791 1619 1851 Theodosius
1671 1813 1826 1854 anno
1856 1828 1887 1873 υ
1913 1794 2208 1871 ejus,cum
2234 1789 2548 1852 Anastasio
2573 1789 2891 1870 imper,pro
2914 1789 3029 1850 ﬁde
3057 1788 3555 1868 orthodoxajam-

170 1896 300 1951 uno,
337 1880 662 1939 mensibus
689 1881 976 1959 quinque,
1012 1889 1110 1940 aut
1141 1897 1374 1941 novem.
1408 1880 1532 1951 Quo
1563 1893 1826 1962 tempore
1913 1881 2140 1960 j'ridem
2167 1881 2400 1956 initum,
2429 1881 2565 1941 huic
2589 1879 2920 1941 laudationi
2942 1878 3164 1940 ibidem
3190 1897 3252 1940 n.
3280 1878 3379 1952 55,
3414 1897 3554 1940 con-

168 1964 410 2028 Kericus
433 1969 750 2030 victoriam
779 1968 852 2029 de
881 1968 1078 2028 Persis
1111 1970 1452 2046 reportavit,
1491 1970 1735 2032 indutus
1763 1971 1824 2034 S.
1904 1973 2208 2050 jungatur,
2244 1969 2478 2031 videtur
2521 1969 2752 2031 oblatus
2800 1969 2873 2029 ab
2926 1969 3056 2048 ejus
3101 1967 3554 2030 successoribus

173 2053 493 2118 Theodosii
532 2057 750 2134 cilicio,
790 2058 1043 2136 ejusque
1076 2057 1480 2120 admonitione
1512 2070 1647 2120 an‘e
1682 2079 1827 2120 con-
1913 2059 2149 2120 libellus
2199 2058 2577 2120 occasionem
2625 2058 2951 2138 praebuisse
2984 2056 3267 2118 laudandi
3317 2075 3436 2118 non
3474 2056 3556 2118 ita

179 2143 464 2222 ﬁrmatus,
496 2155 564 2206 ut
598 2165 654 2207 n.
689 2145 764 2206 ’13
790 2158 842 2207 et
874 2149 949 2206 '74
975 2147 1215 2206 dicithr.
1247 2145 1350 2207 llis
1375 2147 1452 2207 ita
1469 2150 1824 2225 constitutis,
1914 2149 2144 2226 pridem
2169 2148 2514 2210 defunctum
2540 2148 2966 2222 Theodosium,
2987 2146 3321 2226 piissimum
3341 2164 3550 2208 eorum

176 2243 344 2295 natus
364 2234 551 2296 fuerit
573 2238 633 2298 S.
656 2235 1034 2296 Theodosius
1061 2254 1152 2296 an.
1185 2237 1446 2298 Ch.4‘23.
1479 2238 1832 2300 Discesserit
1914 2247 2220 2319 parentem
2258 2248 2317 2301 et
2350 2238 2694 2299 monasterii
2729 2237 3128 2299 laudatorem.
3179 2237 3427 2298 Creatus
3459 2243 3554 2298 est

177 2340 205 2382 e
235 2325 446 2402 patria,
487 2334 622 2405 post
652 2344 879 2387 sacram
916 2323 1280 2406 Scripturam
1308 2328 1523 2406 populo
1549 2327 1647 2388 diu
1680 2349 1825 2407 prae-

174 2412 404 2486 lectam,
465 2434 528 2476 n.
583 2416 643 2486 4,
691 2432 847 2475 anno
899 2414 1083 2475 aetatis
1116 2413 1215 2488 ‘28,
1251 2414 1466 2476 Christi
1502 2416 1643 2491 451,
1682 2417 1820 2478 dum

176 2499 687 2565 Chalcedonensis
720 2504 980 2584 synodus
1013 2503 1505 2581 eongregabatur.
1553 2529 1578 2563 ›

251 2593 343 2651 11.
373 2590 828 2655 Batoniusmm.
852 2592 954 2654 VII
976 2593 1207 2655 Annal.
1237 2592 1404 2655 Eccl.
1428 2613 1522 2653 an.
1548 2594 1652 2656 Ch.
1679 2594 1816 2669 532,

179 2697 232 2737 n.
263 2679 362 2756 21,
401 2692 605 2744 censet
647 2706 667 2737 α
708 2683 1106 2744 Theodosium
1146 2685 1314 2760 longe
1349 2693 1476 2761 post
1512 2682 1570 2745 S.
1607 2683 1817 2745 Sabam

180 2767 326 2829 diem
347 2781 686 2833 extremum
710 2772 1018 2844 clausisse,
1047 2781 1104 2831 et
1127 2772 1338 2831 vixisse
1367 2773 1563 2832 adhuc
1592 2783 1819 2853 tempo-

1911 2329 2206 2408 Agapetus
2263 2329 2328 2387 '11
2383 2327 2546 2389 Junii
2595 2326 2734 2387 anni
2766 2325 2905 2401 535,
2957 2325 3216 2387 decessit
3245 2344 3400 2387 anno
3449 2343 3552 2388 se-

1909 2417 2142 2494 queuti.

1968 2514 2009 2567 ~t
2026 2511 2086 2571 3.
2115 2505 2344 2568 Deinde
2369 2505 2611 2567 difﬁcile
2641 2506 2890 2584 probatu
2914 2504 3372 2584 estHesychium
3395 2505 3556 2567 hunc

1906 2600 2033 2676 (qui
2081 2594 2344 2676 Isychus,
2396 2593 2651 2657 Isichius
2703 2593 2942 2674 dicitur)
2998 2594 3245 2654 missum
3297 2592 3478 2656 fuisse
3521 2613 3557 2655 a

1906 2688 1973 2749 B.
2009 2685 2352 2746 Theodosio
2389 2693 2510 2745 tum
2547 2683 2957 2764 superstite;et
2987 2701 3106 2744 non
3136 2683 3337 2762 potius
3370 2701 3404 2745 a
3434 2683 3552 2745 So-

1908 2775 2156 2857 phronio
2189 2775 2318 2854 ejus
2346 2793 2718 2836 successore.
2750 2772 2835 2834 Ita
2870 2773 3030 2834 enim
3059 2773 3292 2834 actione
3321 2789 3342 2832 ι
3374 2775 3540 2851 ejus-

182 2855 594 2940 ribusAgapeti
617 2861 867 2923 Romani
895 2862 1228 2934 Pontiﬁcis;
1256 2861 1454 2941 itaque
1495 2863 1671 2941 plane
1697 2882 1823 2924 cor-
1909 2855 2042 2925 dem
2078 2864 2310 2943 synodi,
2339 2863 2399 2923 in
2429 2863 2630 2924 libello
2662 2881 2693 2922 a
2729 2871 2914 2923 morte
2945 2860 3190 2941 Agapeti
3222 2861 3295 2922 ab
3325 2860 3540 2923 iisdem

185 2946 507 3024 rigendum,
541 2950 700 3030 quod
732 2952 998 3012 additum
1033 2961 1120 3012 est
1147 2951 1207 3011 in
1232 2951 1379 3012 actis
1406 2949 1596 3026 Saba},
1626 2951 1818 3013 Theo-
1911 2953 2219 3016 monachis
2241 2952 2438 3012 oblato
2467 2950 2898 3013 subscribitur:
2937 2972 2964 3009 «
2988 2950 3316 3030 Hesychius
3348 2949 3546 3012 divina

187 3033 402 3122 dosium
435 3049 572 3100 ante
611 3059 744 3102 eum
781 3041 938 3102 diem
975 3041 1216 3101 obiisse.
1262 3066 1284 3096 υ
1323 3044 1461 3104 Ηηέϐ
1509 3043 1818 3104 Baronius.
1910 3043 2295 3104 miseratione
2347 3041 2654 3122 presbyter
2706 3049 2764 3101 el
2819 3039 3148 3102 monachus
3200 3040 3544 3102 monasterii

191 3121 294 3184 Sed
313 3129 620 3238 r(quomodo
650 3129 708 3191 id
937 3130 1201 3238 addilulm
1230 3131 1471 3238 purpbat?
1494 3131 1625 3238 ipse
1652 3140 1690 3190 t.
1723 3132 1817 3212 VI,
1841 3190 1880 3238 Ο
1910 3131 2065 3238 beati
2097 3131 2327 3234 abbatis
2358 3129 2936 3238 Thepdosii,‘lo‘cum
2972 3138 3182 3231 tenens
3223 3128 3545 3238 Sophronii

194 3229 282 3274 an.
313 3214 446 3277 Chr.
479 3221 615 3293 475,
652 3239 712 3282 n.
750 3220 848 3295 43,
875 3221 1035 3281 hunc
1078 3245 1095 3274 ι
1135 3220 1423 3300 Cyrillum
1473 3222 1817 3300 diligentem
1841 3214 1880 3238 υ
1907 3220 2232 3301 presbyteri
2283 3229 2340 3281 et
2384 3219 2863 3280 archimandrita).
2893 3219 3076 3298 ipsius
3110 3217 3453 3279 monasterii
3486 3225 3544 3279 et

203 3312 256 3390 et
281 3306 530 3368 veritatis
557 3308 844 3370 cultorem
879 3309 1111 3370 illorum
1139 3319 1472 3390 temporum
1507 3311 1816 3371 ﬂorentem
1905 3309 2078 3389 primi
2104 3310 2280 3369 totius
2304 3310 2487 3370 eremi
2513 3307 3078 3386 Hierosolymorum,
3099 3323 3236 3366 cum
3261 3304 3542 3367 omnibus

1903 3399 2019 3470 his,
2054 3403 2152 3478 qui
2185 3415 2417 3460 mecum
2453 3396 2618 3456 missi
2671 3406 2832 3471 sunt,
2867 3393 3346 3456 archimandritis
3391 3393 3538 3456 Hie-

1902 3487 2337 3565 rosolymitanis
2369 3486 2440 3547 ad
2477 3487 2629 3545 hanc
2660 3485 2884 3560 regiam
2919 3482 3158 3556 urbem,
3182 3483 3284 3562 qui
3317 3482 3541 3544 faciunt

1902 3596 2005 3656 pro
2042 3576 2321 3638 omnibus
2347 3575 2836 3636 archimandritis
2861 3581 2918 3633 et
2945 3573 3275 3649 monachis,
3299 3572 3401 3652 qui
3425 3572 3535 3634 ha-

1901 3666 2078 3727 bitam
2115 3667 2301 3747 ipsam
2339 3682 2606 3726 eremum
2643 3674 2700 3724 et
2731 3672 2849 3724 tres
2879 3662 3237 3736 Palaestinas,
3273 3662 3374 3741 qui
3419 3680 3539 3724 una

1902 3773 2133 3817 mecum
2193 3754 2647 3834 supplicarunt;
2712 3751 3036 3831 subscripsi
3097 3751 3172 3812 de
3242 3769 3539 3814 consensu

1901 3847 2166 3908 omnium
2201 3855 2259 3906 et
2291 3843 2548 3924 porrexi.
2586 3867 2604 3898 ι
2643 3845 2765 3902 Imo
2787 3842 2883 3903 hic
2906 3841 3254 3920 Hesychius;
3280 3842 3379 3920 qui
3401 3859 3537 3903 cum

1899 3938 2220 4016 Polyeucto
2273 3934 2526 3995 diacono
2585 3942 2642 3992 et
2669 3929 2905 3993 Juliano
2940 3931 3249 4005 monacho,
3284 3939 3540 4011 utroque

1899 4025 2169 4105 ejusdem
2197 4023 2544 4085 monasterii
2568 4021 2635 4083 B.
2655 4021 2975 4083 Theodosii
2997 4020 3536 4089 alumno,interfuit

1897 4115 1982 4176 illi
2013 4111 2261 4194 synodo,
2300 4113 2476 4174 modo
2509 4111 2725 4173 dicitur
2752 4109 3152 4186 Ambasiator,
3187 4118 3248 4170 ut
3277 4117 3391 4169 act.
3417 4109 3534 4170 ﬂet

1898 4213 1958 4267 et
1990 4207 2050 4277 4,
2090 4201 2264 4264 modo
2297 4204 2485 4274 Prior,
2524 4213 2587 4261 ut
2618 4211 2710 4261 act
2766 4200 2824 4275 5,
2880 4199 3054 4259 modo
3105 4197 3280 4260 etiam
3332 4197 3532 4260 archi—

1900 4292 2216 4364 mandrita,
2243 4299 2438 4351 utact.
2471 4296 2494 4350 1
2529 4299 2586 4351 et
2607 4288 2765 4363 5,vel
2795 4287 2934 4369 quia
2954 4287 3202 4350 alterius
3223 4288 3527 4367 coenobili,

1897 4383 1983 4443 illi
2005 4380 2419 4442 Theodosiano
2444 4377 3190 4458 subjecti,pr:el‘ectusjam
3211 4377 3410 4453 fuerit,
3439 4381 3532 4442 vel

208 3389 533 3456 historicum
555 3396 798 3473 dixerat,
838 3425 865 3455 »
903 3407 962 3461 et
989 3418 1086 3461 an.
1122 3399 1230 3462 Ch.
1263 3389 1405 3475 491,
1433 3419 1494 3462 n.
1531 3401 1590 3472 5,
1627 3401 1816 3460 histo-

202 3479 343 3541 riam
375 3484 497 3562 ejus
533 3511 551 3542 ι
583 3487 729 3549 scitu
763 3487 1027 3567 dignam,
1055 3497 1111 3550 et
1142 3489 1470 3550 Annalibus
1497 3488 1814 3549 ecclesias-

197 3569 320 3630 ticis
350 3589 659 3654 congruam
692 3587 962 3647 vocarat;
999 3597 1133 3638 cum
1173 3579 1537 3658 praesertim,
1570 3578 1762 3658 inquit
1795 3628 1809 3651 ,

189 3677 216 3719 a
248 3661 453 3740 Cyrillo
479 3668 775 3728 monacho
807 3667 1098 3747 discipulo
1130 3668 1467 3728 admirandi
1502 3668 1660 3730 illius
1692 3667 1811 3728 Eu-

187 3750 399 3830 thymii,
433 3754 534 3834 qui
563 3755 656 3816 his
683 3755 915 3818 vivebat
943 3757 1333 3836 temporibus,
1364 3758 1584 3836 scripta
1613 3757 1810 3818 fuerit.

185 3839 372 3904 Liceat
400 3843 634 3923 absque
666 3845 881 3907 invidia
911 3845 1136 3922 dicere,
1167 3866 1262 3907 me
1294 3848 1592 3907 neminem
1635 3865 1812 3927 repe-

179 3928 318 3992 risse
343 3939 474 4012 post
502 3933 611 3996 SS.
647 3934 1034 3996 Athanasium
1062 3945 1236 4014 atque
1260 3935 1812 4016 Hieronymum,qui

182 4019 373 4099 majori
405 4022 526 4083 ﬁde
549 4023 856 4103 scripserit
887 4025 1392 4084 sanctissimorum
1420 4025 1680 4086 virorum
1716 4043 1814 4084 res

177 4111 419 4186 gestas,d
445 4129 671 4191 gerens
697 4131 798 4174 eas
814 4121 986 4193 atque
1012 4114 1387 4193 distinguens
1410 4125 1684 4174 accurate
1708 4131 1814 4193 per

180 4205 446 4279 tempora,
482 4221 556 4264 ac
585 4203 718 4283 ipse
740 4201 1015 4283 Cyrillus,
1043 4202 1181 4263 dum
1209 4222 1343 4281 qum
1365 4202 1498 4283 ipse
1529 4203 1698 4283 vidit,
1722 4205 1812 4264 vel

179 4302 498 4356 sanctorum
557 4293 720 4355 omni
774 4295 1067 4374 probitate
1108 4293 1514 4373 praestantium
1549 4292 1812 4353 virorum

182 4379 450 4444 relatione
482 4382 717 4456 didicit,
743 4384 970 4460 absque
1003 4383 1115 4444 levi
1151 4382 1493 4462 suspicione
1519 4381 1812 4443 mendacii

180 4469 451 4534 sinceram
466 4472 785 4535 veritatem
804 4472 980 4533 veluti
1001 4485 1447 4533 sacrosanctum
1475 4471 1809 4550 depositum
1838 4551 1849 4552 ί
1901 4471 2056 4552 quod
2084 4479 2317 4531 mortuo
2344 4467 2681 4548 Sophronia
2707 4465 3446 4550 successerit,additusque
3469 4470 3533 4533 in

184 4561 413 4638 posteris
446 4560 720 4640 tradidit,
759 4579 975 4642 nempe
1011 4569 1141 4622 acta
1172 4560 1497 4640 Euthymii,
1545 4561 1808 4638 itemque
1837 4551 2337 4640 Deittemplaribus
2367 4558 2441 4619 sit
2470 4557 2953 4620 archimandritae
2971 4555 3174 4617 titulus
3196 4575 3229 4617 a
3249 4557 3528 4622 librariis.

181 4645 328 4712 Saba;
373 4659 558 4732 atque
603 4649 850 4714 Joannis
883 4651 1224 4713 Silentiarii.
1272 4675 1293 4707 υ
1333 4649 1448 4711 Cur
1481 4669 1597 4710 non
1631 4652 1808 4729 igitur

177 4738 405 4801 illaesam
435 4750 618 4820 atque
647 4739 933 4803 intactam
962 4741 1112 4802 hanc
1147 4740 1291 4800 tanti
1338 4739 1646 4819 scriptoris
1680 4740 1803 4802 his-

178 4828 368 4891 toriam
400 4829 788 4909 suscipimus,
824 4848 857 4890 a
889 4829 1163 4892 Patribus
1193 4847 1429 4910 quoque
1459 4830 1664 4909 synodi
1698 4828 1802 4890 Ni-

174 4936 337 4981 czente
365 4939 402 4982 ιι
431 4921 674 4983 actione
704 4921 917 5000 prima,
952 4920 1282 4982 honoriﬁce
1312 4921 1574 4982 citatam.
1614 4946 1638 4975 »

245 5011 314 5072 12
361 5007 613 5073 Causam
634 5009 970 5089 corrigendi
998 5011 1120 5071 haec
1141 5012 1291 5072 Acta
1315 5009 1577 5083 deducit,
1603 5021 1643 5072 t.
1675 5008 1799 5086 Vll,

172 5115 311 5162 anno
335 5097 474 5164 Chr.
498 5099 642 5176 536;
669 5118 835 5160 num.
862 5099 920 5171 1,
959 5099 1054 5159 ubi
1079 5099 1266 5161 relato
1290 5115 1364 5160 ex
1397 5099 1619 5178 synodo
1643 5097 1802 5161 Con-

172 5189 682 5268 stantinopolitana
703 5188 812 5250 sub
838 5191 1050 5250 Menna
1071 5199 1222 5263 acta,
1248 5189 1449 5250 libello
1475 5189 1802 5250 monacho-

1890 4651 2127 4712 Prarfuit
2160 4647 2298 4710 huic
2330 4654 2688 4710 monasterio
2717 4645 3038 4726 Gregorius
3066 4647 3534 4711 archimandrita

1895 4752 2162 4822 tempore
2212 4737 2438 4799 Tiberii
2493 4737 2869 4818 imperatoris
2913 4738 3068 4799 circa
3111 4754 3207 4799 an.
3242 4738 3351 4800 Cb.
3387 4738 3530 4811 580,

1889 4832 2063 4909 cujus
2100 4826 2372 4890 meminit
2404 4829 2664 4890 Joannes
2695 4826 2994 4899 Moschus,
3031 4843 3162 4906 cap.
3196 4826 3296 4901 92,
3343 4826 3422 4887 93
3471 4836 3530 4889 et

1888 4922 1968 4983 94
1999 4916 2579 4998 Pratispiritualis.
2635 4919 2697 4976 ln
2729 4915 2928 4995 elogio
2976 4914 3222 4977 Joannis
3272 4916 3525 4992 Moschi,

1889 5029 2022 5071 cum
2056 5026 2271 5088 corpus
2305 5007 2434 5087 ejus
2492 5024 2647 5068 anno
2679 5006 2797 5067 619
2827 5005 2921 5068 vel
2971 5004 3088 5066 6‘20
3138 5005 3386 5067 ineunte
3439 5004 3530 5085 (ut

1889 5099 2186 5178 colligitur
2216 5117 2287 5159 ex
2313 5095 2485 5157 initio
2518 5094 2864 5156 indictionis
2886 5095 2968 5170 8),
2997 5093 3323 5154 referretur
3343 5093 3529 5156 Roma

1886 5191 1956 5251 ad
2010 5191 2122 5250 hoc
2170 5187 2622 5260 monasterium,
2675 5185 3059 5245 nominantur
3111 5182 3363 5245 antistes
3395 5183 3527 5263 ejus

171 5279 512 5354 rum,oblato
532 5281 804 5360 Agapeto
830 5296 997 5360 papa;
1017 5288 1222 5340 contra
1241 5277 1796 5355 Anthimum,Seve-
1878 5277 2190 5354 Georgius,
2227 5276 2498 5356 Gregorii
2529 5275 2684 5336 forte
2713 5274 2874 5335 illius
2903 5290 3238 5334 successor.

173 5383 289 5429 rum
315 5377 370 5430 et
389 5379 640 5433 caeteros
671 5369 1003 5440 haereticos,
1033 5367 1334 5447 subjungit
1362 5389 1374 5430 :
1405 5390 1432 5428 α
1459 5366 1620 5428 Inter
1647 5367 1794 5430 alios

1963 5372 2059 5432 14.
2091 5370 2229 5430 Haec
2253 5367 2326 5427 de
2350 5376 2521 5426 aetate
2549 5362 2607 5425 S.
2637 5363 2983 5436 Theodosii,
3009 5363 3180 5443 quasi
3201 5363 3524 5441 velitando,

176 5455 322 5520 aﬂuit
345 5459 556 5539 legatio
575 5479 612 5522 a
633 5473 848 5537 magno
873 5456 971 5519 illo
984 5455 1321 5519 Theodosio
1339 5455 1792 5535 Coenobiarcha,
1883 5456 2201 5520 subtimide
2216 5455 2353 5537 quia
2375 5461 2580 5516 contra
2606 5453 2797 5530 magni
2819 5452 3139 5514 Annalium
3168 5453 3530 5515 ecclesiasti-

177 5545 244 5607 de
275 5565 382 5628 quo
413 5549 584 5632 plura
608 5545 888 5630 superius
916 5546 1091 5609 laude
1122 5545 1471 5625 dignissima
1526 5566 1630 5627 pro
1680 5546 1798 5608 ﬁde
1883 5566 2086 5611 corum
2115 5543 2776 5634 auctorissententiam,
2796 5561 3091 5634 nusquam
3109 5551 3305 5605 tamen
3325 5541 3441 5604 nisi
3463 5543 3530 5606 in

184 5639 463 5718 perfuncta
491 5637 767 5705 enarrata
792 5635 1288 5716 sunt.llesychius
1308 5635 1462 5696 enim
1493 5635 1800 5716 presbyter
1886 5636 2076 5700 solido
2104 5632 2339 5696 ﬁrmum
2367 5633 2616 5713 ﬁgentes
2641 5632 3522 5715 vestigium,disputaveramus;
