4018 6136
1754 275 2034 339 MENSIS
2073 275 2526 340 JANUAMUS.
3715 272 3852 338 464

455 277 574 347 463

459 433 593 478 cum
624 431 840 478 novum
874 414 1134 478 oblatum
1173 422 1264 476 est
1294 411 1489 485 nobis,
1540 429 1655 491 quo
1687 410 2113 488 conjecturam,
2142 413 2176 463 Α
2201 407 2322 467 lum
2354 406 2717 470 carbonibus
2747 407 2977 487 implet,
3012 404 3234 487 absque
3256 407 3390 485 igne
3419 407 3680 468 sumtum
3712 408 3848 469 im-

459 514 722 568 nostram
749 499 1804 582 stabiliremus,argumentum,idque
1825 499 2091 576 ejusmo-
2176 497 2342 573 ponit
2371 516 2478 577 per
2509 497 2865 557 solitudines
2894 495 3172 557 Judaicas
3194 514 3679 575 quaquaversum
3712 498 3846 557 de-

459 595 543 666 di,
570 602 633 655 ut
660 593 912 656 convelli
941 612 1059 655 non
1085 610 1260 673 posse
1284 590 1887 652 existimemus.Nam
1912 604 2092 665 quaa
2175 584 2290 645 fert
2328 607 2340 647 :
2378 592 2448 645 ad
2483 588 2642 665 ripas
2676 586 2856 647 maris
2888 585 3100 646 Mortui
3134 586 3342 647 transit
3378 604 3391 647 :
3425 596 3645 647 conatu
3680 605 3843 647 ncc-

455 684 857 763 Metaphraste
890 683 1047 744 edita
1081 691 1170 743 est
1199 679 1258 743 S.
1294 679 1461 742 Saba
1503 679 1641 751 vita,
1674 678 1960 738 hactenus
1996 675 2092 763 hic

459 762 635 832 citata
665 789 698 832 a
732 770 927 844 nobis,
964 771 1294 849 iterumque
1345 768 1498 828 infra
1527 765 1787 840 citanda,
1844 764 1980 843 quia
2030 762 2089 821 in

2176 673 2315 733 dum
2351 677 2711 736 succedente
2748 673 2909 735 redit
2962 674 3031 734 ad
3074 675 3424 755 speluncam
3462 696 3475 735 :
3510 675 3745 735 accedit
3776 684 3843 737 et

2177 780 2317 822 ecce
2349 762 2576 825 fumum
2614 783 2683 826 ex
2716 762 3080 823 carbonibus
3104 763 3265 825 videt
3294 764 3772 825 adscendentem
3814 783 3828 826 ξ

456 859 717 920 omnium
752 868 841 920 est
873 858 1144 920 manibus
1176 878 1190 933 ;
1220 875 1348 919 eam
1380 875 1413 917 e
1444 863 1676 917 vetusto
1702 852 1930 925 codice,
1955 862 2091 913 ante
2170 852 3011 931 jacitfundamenta,templun
3036 871 3151 931 que
3166 872 3233 914 ac
3249 861 3675 915 monasterium
3693 854 3833 914 adi-

448 966 668 1009 annum
701 947 918 1010 Christi
951 948 1131 1020 1034,
1168 944 1616 1022 exarato,|nacti
1650 961 1855 1004 sumus
1887 942 2090 1004 Latine

449 1053 677 1097 versam
700 1045 836 1097 ante
853 1036 1039 1113 ipsius
1059 1034 1472 1114 Metaphrasta
1493 1040 1751 1094 atatem:
1769 1048 1801 1091 e
1827 1046 2088 1109 quacum

2174 940 2334 1015 ﬁcat,
2366 941 2525 1021 quod
2548 941 3037 1004 deindedilatatis
3072 943 3823 1023 pomariisamplissimum

2176 1029 2316 1091 fecit
2349 1030 2665 1092 exstructis
2693 1031 2753 1092 in
2790 1050 2858 1092 eo
2884 1043 3144 1112 quatucr
3173 1032 3432 1112 templis,
3456 1041 3518 1092 ut
3544 1032 3697 1095 p.37
3729 1032 3825 1093 di-

445 1124 593 1185 illud
626 1125 1174 1193 animadvertimus,
1208 1142 1338 1186 eam
1374 1141 1491 1203 que
1521 1122 1755 1197 vulgata
1785 1126 2027 1181 estesse
2057 1136 2091 1177 a
2168 1118 2563 1182 citur.Prima
2597 1130 2655 1181 et
2689 1121 3001 1201 praecipua
3037 1140 3171 1200 pars
3204 1122 3337 1200 ejus
3370 1120 3441 1182 ad
3478 1121 3830 1202 speluncam

449 1211 844 1293 Metaphraste
893 1214 1131 1295 paulum
1154 1214 1294 1275 hinc
1337 1211 1476 1273 inde
1499 1209 1943 1290 ampliﬁcatam,
1967 1218 2087 1295 tum

446 1302 510 1364 S.
536 1302 857 1365 Theodosii
881 1294 1077 1365 Obitus
1099 1320 1321 1364 annum
1340 1301 1625 1377 diemque
1652 1298 1992 1361 didicimus.
2011 1294 2093 1356 Ita

449 1390 610 1452 enim
635 1392 844 1454 habet:
878 1392 1249 1472 «Incipiente
1271 1400 1468 1453 autem
1496 1389 1878 1467 nonagesimo
1899 1387 2090 1467 primo

452 1488 640 1542 atatis
662 1499 815 1542 anno
843 1480 1033 1544 Patris
1054 1481 1241 1542 nostri
1266 1480 1455 1554 Saba,
1485 1478 1692 1541 beatus
1716 1476 2093 1558 supradictus

447 1570 824 1632 Theodosius
845 1572 968 1651 jam
1004 1589 1184 1633 senex
1237 1579 1296 1633 et
1356 1569 1569 1650 plenus
1621 1567 1879 1640 dierum,
1913 1566 2090 1626 vitam

457 1659 614 1720 hanc
673 1668 971 1721 terrenam
1034 1661 1344 1733 deserens,
1407 1659 1478 1720 ad
1540 1657 1754 1720 calum
1802 1654 2091 1727 transivit,

2173 1207 2483 1271 Catht'sma
2499 1209 2719 1271 dicitur
2746 1210 2806 1271 in
2821 1213 2954 1271 Vita
2974 1209 3214 1273 S.Saha
3234 1211 3328 1272 his
3348 1210 3564 1272 verbis:
3590 1236 3615 1266 α
3632 1210 3834 1273 Theo-

2175 1296 2379 1358 dosius
2403 1298 2526 1377 jam
2558 1309 2892 1360 recesserat
2920 1300 2992 1361 ab
3018 1303 3272 1362 ecclesia
3299 1318 3429 1379 qua
3460 1300 3682 1361 dicitur
3710 1300 3830 1362 Ca-

2176 1385 2493 1464 thismatis,
2522 1394 2582 1448 et
2607 1394 2662 1447 in
2694 1397 2857 1467 parte
2880 1388 3059 1450 laura
3079 1408 3208 1470 qua
3234 1390 3417 1467 vergit
3440 1390 3510 1449 ad
3535 1389 3831 1451 occiden-

2177 1483 2319 1546 tem,
2353 1478 2742 1537 constituerat
2764 1479 3385 1559 monasterium,quod
3411 1479 3539 1539 vita
3564 1497 3844 1540 commu-

2178 1564 2337 1625 niter
2366 1565 2655 1641 degenda
2686 1567 3100 1643 conveniebat,
3141 1569 3374 1629 distans
3418 1587 3452 1629 a
3492 1570 3681 1631 Laura
3742 1568 3839 1648 (S.

2176 1651 2372 1733 Saba)
2409 1654 2654 1733 triginta
2684 1656 2949 1737 quinque
2983 1658 3213 1729 stadiis,
3254 1682 3279 1713 ι)
3316 1657 3373 1717 id
3410 1665 3498 1718 est
3524 1658 3652 1719 fere
3698 1675 3841 1719 ses—

450 1749 657 1810 Mense
674 1747 984 1824 Januario,
1002 1747 1459 1822 dieundecima,
1478 1747 1803 1808 indictione
1817 1744 2091 1824 septima.
2120 1767 2155 1816 3
2180 1743 2918 1822 quimilliariBelgico,seu
2944 1757 3205 1822 quatuor
3232 1745 3494 1807 millibus
3519 1765 3839 1827 passuum.

452 1834 559 1896 Cui
583 1835 642 1896 in
668 1836 1018 1899 monasterii
1042 1837 1339 1916 regimine
1364 1834 1678 1897 Sofronius
1701 1832 2012 1905 successit,
2034 1832 2092 1891 in

454 1924 821 1986 monachisis
852 1925 1191 1987 actionibus
1211 1925 1359 1986 satis
1383 1923 1703 2003 perfectus.
1730 1921 1869 1983 Post
1890 1921 2098 1982 defun-

453 2014 712 2075 ctionem
745 2022 944 2076 autem
965 2014 1198 2076 abbatis
1218 2012 1538 2075 Theodosii
1562 2014 1858 2073 irruentes
1882 2010 2093 2072 Sama-

452 2102 658 2177 ritani,
709 2112 889 2163 totam
945 2112 1184 2182 gentem
1234 2101 1563 2164 Palaestina
1619 2100 2089 2174 concitaverunt,

450 2191 642 2252 multa
662 2191 864 2253 illicita
885 2200 1228 2271 operantes,
1249 2191 1656 2270 ecclesiasque
1680 2188 2094 2270 depradantes

448 2289 628 2360 atque
658 2280 1073 2357 incendentes,
1102 2280 1470 2344 Christianos
1499 2280 1724 2356 absque
1754 2278 1875 2339 ulla
1906 2277 2091 2339 mise-

451 2367 715 2429 ricordia
769 2369 1135 2444 occidentes,
1171 2387 1409 2431 omnem
1449 2369 1750 2446 regionem
1784 2367 1905 2446 igni
1966 2374 2090 2427 tra-

447 2456 698 2519 dabant.
732 2456 1059 2520 Venientes
1088 2470 1287 2521 autem
1317 2459 1388 2519 ad
1421 2457 1761 2536 Neapolim,
1795 2455 2094 2534 nimisque

448 2547 892 2627 superbientes,
921 2550 1348 2629 imperatorem
1381 2547 1496 2608 sibi
1528 2547 1966 2608 constituerunt
1994 2544 2095 2607 Ju-

445 2636 673 2698 lianum
707 2638 1023 2717 quemdam
1052 2654 1067 2711 ;
1102 2637 1574 2716 invadentesque
1601 2634 1924 2705 civitatem,
1958 2634 2090 2713 epi-

453 2743 701 2805 scopum
760 2727 1214 2801 interfecerunt,
1248 2727 1436 2786 virum
1471 2724 1787 2786 sanctitate
1818 2722 2090 2803 plenum,

447 2816 686 2877 Mamon
712 2816 979 2877 nomine.
1001 2814 1290 2877 Similiter
1311 2822 1375 2875 et
1397 2812 1686 2893 quosdam
1713 2810 2091 2891 presbyteros

453 2904 1170 2984 apprehensos,;diversis
1189 2902 1498 2983 suppliciis
1520 2902 1794 2974 laniatos,
1829 2900 1950 2978 igni
1976 2908 2089 2960 tra-

451 2993 709 3070 debant;
765 2995 1023 3074 viasque,
1072 3011 1203 3074 qua
1244 2994 1423 3072 regiae
1453 2990 1836 3067 vocabantur,
1883 2988 2088 3052 Chris-

449 3081 628 3144 tianis
657 3082 845 3144 invias
887 3082 1310 3144 exhibuerunt.
1348 3102 1377 3141 ιι

653 3171 681 3249 §
711 3170 811 3233 IV.
860 3171 1032 3234 Situs
1059 3172 1417 3233 monasterii
1447 3170 1511 3234 S.
1553 3168 1886 3231 Theodosii.

532 3261 629 3321 15.
684 3260 854 3332 Quod
888 3278 1067 3340 supra
1098 3261 1125 3339 §
1155 3277 1196 3337 ι,
1234 3280 1293 3321 n.
1330 3264 1365 3318 2
1398 3268 1457 3320 et
1488 3257 1524 3318 3
1556 3258 1614 3317 in
1668 3254 2094 3336 Martyrologiis

452 3349 814 3422 nominatur,
845 3349 1021 3409 veluti
1049 3351 1109 3411 S.
1144 3346 1467 3409 Theodosii
1494 3346 1695 3425 sedes,
1721 3345 2096 3426 Cappadocia

451 3439 701 3512 Gracia,
755 3438 1042 3516 vicusque
1072 3437 1465 3515 Magariassus
1491 3435 1617 3515 (qui
1647 3435 1707 3495 in
1740 3434 2093 3513 Anthologio

454 3529 799 3604 Μωγαρισός,
840 3530 898 3585 in
924 3529 1038 3586 vita
1064 3525 1445 3586 bibliotheca
1460 3523 1761 3586 Vaticana
1782 3532 2094 3601 Μογαριασ-

452 3618 568 3689 σός,
592 3617 649 3675 in
670 3615 1003 3693 Menologio
1023 3615 1345 3693 Marissus)
1362 3633 1478 3676 non
1502 3613 1651 3675 itaid
1676 3612 2090 3692 accipiendum

455 3712 567 3771 est,
621 3704 790 3783 quasi
834 3703 1014 3763 isthic
1044 3713 1142 3764 aut
1171 3703 1408 3776 obierit,
1444 3711 1542 3764 aut
1573 3703 1931 3783 pracipuam
1965 3702 2095 3763 vita

455 3800 682 3867 partem
715 3792 1012 3870 exegerit;
1049 3792 1151 3852 sed
1187 3793 1342 3871 quod
1371 3791 1614 3852 circiter
1642 3810 1740 3851 an.
1777 3792 1917 3854 Chr.
1950 3792 2090 3868 493,

454 3889 519 3941 ut
567 3879 845 3954 diximus,
900 3882 957 3941 in
991 3882 1187 3941 lucem
1220 3880 1399 3941 isthic
1434 3880 1652 3941 editus.
1687 3880 2098 3958 educatusque

452 3969 524 4031 ad
560 3986 781 4028 annum
817 3970 1003 4030 atatis
1033 3968 1108 4029 28
1135 3970 1369 4044 vixerit,
1404 3977 1461 4029 et
1490 3985 1718 4029 sacram
1746 3970 1962 4047 populo
1988 3987 2093 4030 ex-

454 4057 726 4138 posuerit
756 4057 1152 4139 Scripturam.

539 4148 631 4208 16.
670 4145 814 4209 Inde
837 4166 992 4209 anno
1024 4146 1242 4211 Christi
1263 4148 1402 4221 451,
1428 4164 1561 4207 cum
1585 4144 1901 4207 concilium
1926 4162 2087 4207 acuv

456 4237 758 4297 menicum
793 4254 849 4299 ιν
892 4236 1270 4299 Chalcedone
1302 4235 1737 4311 celebraretur,
1792 4234 2094 4314 profectus

451 4324 953 4405 Hierosolymam,
972 4327 1199 4408 aliquot
1221 4327 1397 4388 isthic
1420 4345 1609 4388 annos
1632 4333 1896 4388 moratus
1912 4333 2096 4398 est,et

455 4413 732 4492 spiritum
758 4417 953 4479 hausit
974 4416 1105 4478 vita
1128 4416 1433 4479 solitaria.
1461 4415 1621 4478 Abiit
1642 4416 1840 4495 itaque
1863 4414 1923 4475 in
1946 4414 2091 4477 soli-

458 4502 723 4564 tudinem
748 4503 1004 4585 aliquam
1031 4505 1309 4579 vicinam,
1328 4522 1501 4585 quam
1529 4526 1555 4559 α
1585 4520 1853 4566 eremum
1873 4514 2094 4566 sancta

455 4587 677 4653 Christi
709 4591 947 4655 Domini
981 4594 1169 4655 nostri
1204 4593 1467 4655 civitatis
1496 4618 1520 4648 υ
1556 4592 1814 4673 appellat
1842 4594 2096 4657 Joannes

451 4681 731 4742 Moschus
757 4687 818 4743 in
831 4682 1021 4747 Prata
1037 4682 1374 4763 spirituali,
1395 4702 1448 4745 c.
1474 4681 1549 4743 82
1570 4692 1628 4744 et
1649 4681 1899 4745 105.Hic
1920 4683 2092 4745 inco-

453 4768 566 4831 luit
587 4772 932 4850 speluncam
961 4772 1195 4843 eam,ad
1221 4790 1396 4851 quam
1422 4772 1737 4833 traduntur
1785 4772 1935 4851 Magi
1957 4773 2095 4832 ado-

452 4867 582 4920 rato
609 4858 667 4920 in
692 4859 997 4923 Bethleem
1026 4861 1263 4924 Christo
1287 4860 1765 4941 divertisse,cum
1792 4859 1865 4921 ab
1884 4863 2094 4940 angelo

447 4948 605 5027 jussi
633 4956 836 5011 essent
864 4968 969 5030 per
987 4950 1163 5012 aliam
1195 4952 1346 5012 viam
1373 4952 1429 5010 in
1454 4967 1590 5011 suas
1614 4949 1815 5011 redire
1849 4950 2091 5029 provin-

453 5038 601 5099 cias.
636 5039 700 5099 In
734 5040 885 5101 hanc
905 5040 1254 5121 Speluncam
1279 5039 1636 5101 descensum
1672 5057 1782 5119 per
1802 5039 2011 5100 decem
2037 5047 2095 5100 et

454 5135 586 5190 octo
621 5128 838 5204 gradus
871 5130 1133 5210 patuisse
1163 5129 1336 5190 docet
1370 5129 1666 5204 Moschus,
1701 5147 1754 5189 c.
1791 5130 1929 5190 105.

536 5218 635 5277 1'7.
682 5216 861 5279 Fama
893 5217 1223 5281 sanctitatis
1253 5219 1386 5297 ejus
1415 5217 1635 5279 deinde
1666 5217 1843 5280 exciti
1872 5218 1991 5290 alii,
2028 5237 2094 5281 se

457 5305 588 5383 ejus
619 5304 949 5384 disciplina
979 5307 1410 5387 sulijecerunt;
1461 5318 1519 5369 et
1564 5307 1833 5386 praclari
1866 5306 2089 5369 ibidem

458 5392 793 5453 aditicandi
826 5396 1083 5456 canobii
1116 5395 1491 5456 occasionem
1522 5394 1922 5473 prabuerunt.
1974 5397 2087 5455 Lo-

457 5479 800 5552 cum,uhiid
820 5492 1079 5545 statuere
1093 5483 1518 5544 monasterium
1532 5481 2090 5558 deberet,divinitus

458 5567 573 5630 sibi
606 5572 923 5632 monstrari
949 5571 1555 5650 precatus,instinctu
1580 5572 1777 5633 divino
1810 5573 2084 5639 thuribu-

2258 1833 2356 1894 18.
2396 1835 2660 1895 Lauram
2691 1834 2805 1896 hoc
2838 1834 2963 1898 fere
2998 1844 3270 1916 tempore
3297 1836 3586 1898 vocabant
3615 1854 3843 1898 mona-

2179 1921 2427 1982 chorum
2454 1923 2797 1985 mansiones
2820 1943 2928 1985 seu
2948 1925 3306 2005 cellas,quas
3330 1925 3545 1988 additis
3570 1927 3844 2005 propriis

2179 2009 2525 2072 nominibus
2556 2012 2997 2085 discernebant,
3026 2023 3089 2077 ut
3123 2015 3371 2077 lauram.
3407 2013 3445 2077 S
3496 2016 3838 2094 Euthymii,

2181 2097 2239 2160 S.
2267 2098 2723 2178 Saba,Pharan,
2753 2104 3055 2182 etc.0rigo
3081 2108 3208 2181 ejus
3235 2104 3469 2165 videtur
3490 2105 3841 2183 repetenda

2179 2206 2212 2249 a
2234 2189 2410 2249 ﬂuvio
2431 2191 2737 2270 laura,qui
2763 2193 2987 2269 regioni
3012 2194 3421 2273 vicina,quam
3439 2194 3820 2273 praeterﬂuit,

2180 2286 2238 2339 et
2266 2279 2643 2340 monasteriis
2668 2279 2728 2340 in
2750 2299 2818 2341 ea
2842 2282 3142 2343 adiﬁcatis
3166 2301 3381 2343 nomen
3400 2282 3679 2343 dedit.De
3703 2285 3825 2343 hac

2180 2368 2343 2428 laura
2367 2368 2447 2428 ita
2468 2366 2754 2429 scribitur
2788 2370 2842 2429 in
2874 2370 2990 2431 vita
3017 2370 3075 2434 S.
3110 2370 3393 2442 Quiriaci.
3422 2371 3501 2431 9‘.)
3532 2371 3819 2452 Septem-

2179 2454 2302 2515 bris
2328 2475 2341 2515 :
2382 2477 2407 2513 ‹
2435 2456 2681 2518 Divinus
2703 2476 2906 2519 rursus
2927 2459 3238 2530 Quiriacus
3253 2465 3412 2521 venit
3437 2460 3495 2520 in
3515 2478 3646 2521 eam
3676 2477 3817 2541 paro

2178 2555 2298 2605 tem
2322 2544 2756 2619 solitudinis,in
2781 2566 2895 2627 qua
2920 2549 3117 2610 nullus
3135 2550 3493 2610 anachoreta
3519 2567 3629 2609 nec
3653 2568 3822 2610 man-

2178 2642 2361 2704 serat,
2391 2651 2502 2695 nec
2522 2652 2780 2714 unquam
2806 2637 3137 2698 transierat.
3163 2635 3593 2698 Nominabatur
3613 2647 3819 2698 autem

2178 2722 2341 2783 locus
2371 2722 2442 2783 ab
2474 2723 2690 2785 accolis
2720 2725 3016 2801 Susacim,
3063 2739 3121 2786 et
3151 2726 3210 2786 in
3245 2744 3314 2788 eo
3348 2735 3405 2786 et
3438 2744 3601 2787 nova
3632 2725 3820 2787 laura

2175 2819 2234 2871 et
2264 2813 2432 2872 Suca
2460 2814 2623 2874 ﬂuvii
2653 2814 2828 2874 ambo
2861 2815 3239 2883 conveniunt,
3278 2833 3483 2876 eorum
3520 2834 3668 2895 quos
3687 2816 3814 2876 sci-

2177 2918 2307 2961 mus
2340 2902 2578 2962 maximi
2615 2910 2674 2965 et
2706 2903 3179 2982 profundissitni.
3215 2904 3514 2967 Feruntur
3542 2914 3733 2968 autem
3767 2907 3813 2966 ii

2174 3007 2307 3050 esse
2336 2991 2412 3052 de
2444 2990 2660 3071 quibus
2691 2992 2924 3054 Christo
2957 2993 3180 3055 dictum
3219 3013 3252 3054 a
3280 2993 3503 3056 Davide
3537 3012 3550 3057 :
3592 2995 3667 3056 Tu
3690 2997 3804 3057 sic-

2108 3113 2149 3163 C
2172 3079 2330 3141 casti
2353 3079 2573 3160 ﬂuvios
2603 3080 2834 3143 Ellum.
2868 3080 3025 3144 Psal.
3056 3100 3283 3157 Lxxvn,
3319 3084 3416 3145 45.
3456 3107 3482 3139 ι

2257 3168 2354 3229 19.
2390 3167 2451 3231 S.
2486 3167 2750 3233 Isidorus
2780 3169 3076 3233 Pelusiota
3100 3173 3174 3235 de
3196 3174 3308 3234 hoc
3338 3173 3471 3234 loco
3502 3175 3811 3237 consultus

2176 3255 2249 3318 ab
2281 3254 2616 3338 Epiphanio
2649 3260 2926 3335 diacono,
2963 3261 3045 3322 ita
3074 3261 3425 3342 respondet,
3458 3261 3501 3322 Ι.
3535 3278 3600 3334 n,
3635 3264 3813 3343 epist.

2177 3347 2255 3407 66
2290 3367 2302 3406 :
2340 3368 2368 3407 ‹
2400 3346 2589 3409 Ethan
2624 3351 2791 3411 locus
2823 3358 2947 3411 erat
2994 3350 3054 3411 in
3098 3351 3407 3413 Palastina
3437 3351 3635 3412 ﬂuviis
3666 3351 3816 3412 irri-

2177 3453 2351 3516 gnus,
2371 3444 2547 3517 atque
2569 3437 2884 3500 arboribus
2904 3439 3272 3502 etfructibus
3294 3438 3627 3514 abundans,
3657 3450 3718 3503 et
3737 3440 3818 3502 ob

2176 3523 2507 3603 ingentium
2541 3526 2934 3589 animantium
2961 3547 3028 3590 ac
3056 3528 3308 3608 piscium
3341 3527 3570 3609 copiam
3604 3529 3677 3590 ad
3708 3548 3820 3591 ve-

2176 3613 2437 3674 nandum
2461 3616 2906 3692 accommodus,
2927 3640 2951 3674 »
2976 3627 3093 3681 etc.
3117 3617 3585 3697 Allegatdeinde
3606 3628 3820 3680 aucto-

2176 3703 2409 3765 ritatem
2426 3704 2871 3785 Josephi,cujus
2888 3707 3011 3767 hac
3026 3705 3202 3769 verba
3216 3706 3822 3788 sunt,l.xvantiq.

2175 3792 2422 3857 Judaic.
2449 3810 2500 3856 c.
2518 3790 2555 3851 2
2583 3814 2596 3855 :
2622 3816 2646 3851 α
2667 3793 3096 3857 Aberatautem
3122 3795 3195 3857 ab
3223 3795 3651 3876 Hierosolymis
3675 3796 3828 3858 duo-

2181 3898 2312 3941 rum
2338 3880 2714 3945 schanorum
2738 3884 2927 3965 spatio
2941 3885 3227 3965 pradium
3250 3884 3831 3966 quoddam,nomine

2176 3968 2371 4044 Ettan,
2409 3970 2596 4032 hortis
2626 3980 2687 4035 et
2719 3972 2981 4035 inductis
3011 3973 3275 4036 fontibus
3306 3991 3606 4035 amoenum
3641 3975 3823 4037 simul

2177 4066 2239 4119 et
2265 4058 2609 4137 opulentum
2647 4084 2662 4122 :
2695 4061 2757 4122 in
2788 4063 2900 4124 hoc
2930 4064 3123 4126 exitus
3152 4062 3408 4124 faciebat
3454 4062 3652 4124 libens
3688 4063 3821 4141 (seu

2175 4145 2339 4207 exire
2363 4147 2789 4221 delectabatur)
2811 4151 3115 4213 Salomon.
3134 4177 3153 4207 ι
3174 4152 3272 4212 Est
3288 4159 3482 4213 autem
3499 4151 3818 4227 Schanus,

2178 4234 2425 4314 σχοῖνος,
2463 4255 2739 4299 mensura
2773 4248 2944 4302 terra
2974 4241 3328 4321 Egyptiaca,
3365 4241 3683 4302 continens
3716 4258 3819 4301 se-

2176 4324 2413 4402 xaginta
2443 4326 2656 4403 stadia,
2691 4327 2992 4392 Herodoto
3025 4340 3292 4404 auctore,
3320 4329 3358 4390 l.
3383 4345 3446 4403 ti,
3481 4348 3531 4390 c.
3565 4332 3636 4407 6;
3670 4328 3818 4392 licet

2177 4413 2427 4491 Plinius,
2453 4416 2495 4479 Ι.
2522 4433 2626 4498 xtl,
2652 4435 2707 4480 c.
2736 4418 2834 4493 14,
2859 4420 3251 4500 quadraginta
3274 4416 3460 4481 stadia
3484 4419 3675 4494 dicat;
3711 4419 3815 4480 ubi

2177 4512 2374 4566 tamen
2433 4514 2707 4569 notarum
2766 4526 3032 4572 errorem
3091 4509 3427 4589 suspicatur
3469 4507 3815 4569 Budaustn

2174 4594 2453 4657 Annotat.
2511 4595 2761 4675 priorib.
2814 4599 2874 4659 in
2924 4623 2983 4660 π.
3038 4597 3303 4659 Distabat
3347 4614 3485 4676 ergo
3518 4597 3608 4657 hic
3638 4596 3812 4657 locus

2176 4682 2629 4765 Hierosolymis,
2671 4685 2841 4765 juxta
2887 4686 3177 4749 Herodoti
3208 4686 3522 4761 calculum,
3577 4692 3807 4766 septem

2179 4771 2447 4834 millibus
2478 4782 2535 4835 et
2564 4776 2904 4855 quingentis
2937 4776 3209 4857 passibus
3241 4794 3343 4837 seu
3399 4777 3653 4837 duarum
3702 4773 3813 4835 ho-

2177 4878 2375 4921 rarum
2408 4880 2475 4923 ac
2501 4864 2762 4925 dimidia
2790 4864 3028 4926 itinere.
3057 4865 3356 4928 Consonat
3386 4864 3818 4942 Peregrinatio

2176 4949 2738 5033 Hierosolymitana
2814 4954 3222 5035 Christophori
3294 4953 3642 5030 Radzivilii,
3715 4956 3821 5031 qui

2178 5057 2459 5118 egressus
2510 5050 2675 5104 extra
2725 5051 2952 5123 portam
2998 5043 3281 5118 Piscium,
3338 5043 3600 5105 emensis
3633 5043 3823 5106 tribus

2177 5129 2541 5191 milliaribus
2595 5135 2845 5211 magnis,
2881 5132 3153 5213 pervenit
3182 5131 3253 5194 ad
3289 5133 3717 5194 monasterium
3751 5132 3816 5194 S.

2177 5218 2374 5299 Saba,
2398 5220 2553 5300 quod
2578 5221 2907 5283 etiamnum
2934 5231 3157 5303 exstat;
3183 5241 3215 5284 e
3236 5239 3354 5303 quo
3378 5228 3536 5282 circa
3560 5220 3820 5282 mediam

2177 5316 2412 5367 noctem
2428 5310 2951 5386 egressus,itinere
2977 5320 3270 5373 nocturno
3290 5309 3549 5371 confecit
3563 5309 3672 5370 tria
3690 5327 3816 5389 pas-

2174 5414 2345 5457 suum
2382 5397 2591 5471 millia,
2626 5406 2683 5461 et
2715 5400 2772 5460 in
2803 5418 3015 5462 aurora
3050 5418 3212 5461 mare
3233 5398 3639 5479 Asphalticum
3675 5416 3817 5459 con-

2172 5485 2389 5565 spexit,
2415 5487 2485 5548 ad
2521 5488 2691 5568 cujus
2718 5488 2881 5550 littus
2915 5490 3063 5552 hora
3094 5489 3215 5552 diei
3241 5487 3503 5551 secunda
3523 5488 3807 5567 pervenit.

2173 5575 2590 5639 Consulendus
2619 5578 3061 5657 Adricbomius,
3097 5582 3198 5661 qui
3231 5580 3287 5643 id
3313 5576 3561 5643 collocat
3588 5576 3658 5639 ad
3692 5575 3816 5637 An-
