2009 3068
33 4 40 64 ἒ

120 142 168 175 465
459 146 553 178 VITA
576 146 607 178 S.
630 145 835 178 THEODOSII
857 145 1163 178 C(ENOBIARCHIE.
1192 160 1231 168 —-
1262 143 1459 177 PROCEMIA.
1744 140 1807 180 466

120 214 201 241 ιιι-ατη
212 209 358 249 Herodii,
373 213 452 244 inter
472 212 636 244 Herodium
655 218 685 244 et
707 213 870 245 Thecuam.
894 213 938 245 Ab
950 218 967 242 A
980 212 1040 243 imo
1053 221 1122 243 vero
1137 211 1317 242 voluntatem
1332 211 1456 243 alterius
1471 210 1591 252 putabat
1605 220 1672 243 esse
1689 221 1777 244 suam
1794 224 1805 246 :

120 255 163 284 hoc
172 254 306 287 distabat
319 258 537 289 monasterium
549 257 581 290 S.
598 257 761 289 Theodosii
770 259 942 298 sesqutmil-
985 265 1052 287 cum
1068 255 1179 288 Christi
1194 265 1278 287 amor
1293 255 1337 286 sic
1346 264 1398 286 eos
1409 255 1628 295 conjunxisset,
1641 260 1714 287 etut
1725 257 1807 289 idem

116 298 173 330 tiari
197 308 310 331 versus
338 301 545 339 occidentem,
579 302 792 343 Hierosolymis
817 303 942 343 propin-
984 300 1188 331 sentirenteis
1198 299 1587 340 persuasisset.Hocautem
1599 304 1662 332 erat
1675 302 1809 334 omnium

115 343 217 383 quius;
238 349 273 375 ut
290 346 391 385 exigit
410 346 486 377 visio
510 346 539 377 in
557 356 592 378 eo
610 347 684 378 facta
701 348 729 379 S.
749 347 844 385 Sabaz,
862 360 876 375 α
892 356 941 378 os-
986 354 1125 377 sermone
1136 345 1333 383 celebratum,
1351 349 1381 376 et
1395 344 1475 376 aliud
1490 354 1544 386 per
1557 345 1754 385 apostolicum
1770 347 1808 379 ab

114 387 235 418 tendens
244 389 443 427 Torrentem,
455 391 505 430 qui
518 400 534 421 a
546 390 626 422 Siloe
636 391 784 422 deﬂuitad
797 396 942 429 austrum,
986 389 1266 431 Hierosolymitanis
1274 389 1489 430 judicabantur
1503 394 1592 430 atque
1608 390 1808 424 nominaban-

113 438 139 462 et
151 433 346 465 denuntians
362 439 394 465 ut
410 435 557 466 habitaret
577 435 733 467 Torrentis
756 436 944 476 speluncam,
988 437 1046 465 tur.
1063 434 1112 465 Eis
1122 433 1159 465 ab
1170 433 1407 474 archiepiscopo,
1420 443 1438 465 a
1450 435 1592 472 Salustio,
1605 434 1739 475 inquam.
1756 437 1810 477 qui

114 485 174 517 quae
191 478 295 517 vergit
310 479 349 509 ad
371 478 531 510 orientem.
550 489 563 509 ι
583 479 636 510 Hic
653 479 746 518 Siloe,
763 489 816 511 seu
832 480 947 521 piscina

113 522 275 558 natatoria,
289 527 433 562 respectu
444 523 656 564 Hierosolyma;
667 525 703 555 ad
715 529 860 562 austrum,
878 525 946 556 illa-

113 566 188 596 bitur
202 567 233 596 in
252 566 392 604 Cedron,
414 568 499 607 vulgo
521 569 721 609 Torrentem;
747 569 796 608 qui
822 569 948 600 ﬂuviolis

112 619 143 641 ac
158 611 304 642 fontibus
317 617 422 643 auctus
434 622 487 651 per
504 613 589 651 plana
601 613 712 644 deserti
728 623 830 644 versus
845 614 947 644 orien-

113 660 169 686 tem
184 656 216 686 in
236 665 328 687 mare
346 659 493 688 Mortuum
511 657 650 693 inﬂuens,
668 658 856 688 absorbetur.
875 660 947 689 Huic

111 699 254 731 Torrenti
272 701 486 732 immiscentur
502 702 581 732 citati
605 703 686 733 lluvii
705 704 798 733 Laura
814 708 842 733 et
858 702 945 739 Suca,

109 745 142 775 a-l
169 745 270 785 hujus
297 755 368 776 vero
393 747 581 776 conﬂuentes
607 746 738 777 Susaeim
755 747 786 778 S.
804 747 944 784 Quiriaci,

110 790 278 829 nonaginta
287 799 306 820 a
317 790 410 820 Laura
422 791 451 821 S_
462 790 546 821 Saba:
557 791 645 821 stadii
657 791 744 821 situm
754 793 900 822 eratﬁwc
909 792 945 822 de

109 834 174 864 loco
191 838 224 864 et
242 834 339 865 lauraa
355 833 385 865 S.
402 835 486 865 Saba:
498 841 527 865 et
540 836 712 866 monasterii
724 835 754 866 S.
769 835 941 867 Theodosii.

987 482 1050 509 erat
1061 479 1091 510 in
1099 478 1215 511 Christo
1228 478 1495 515 consummandus,
1510 479 1649 510 mandata
1663 479 1717 510 t'uit
1729 490 1807 520 prte-

990 522 1104 554 l‘ectura
1119 523 1252 555 universi
1272 526 1368 555 ctetus
1393 523 1619 561 monachorum,
1646 532 1705 555 non
1728 526 1809 565 quod

990 568 1046 607 ipsi
1060 577 1122 598 eam
1136 577 1198 598 rem
1215 567 1438 608 concupissent,
1455 567 1507 599 sed
1525 568 1622 607 potius
1637 568 1725 599 electi
1737 569 1810 601 fuis-

990 616 1056 642 sent
1071 622 1087 642 a
1104 612 1271 650 monachis,
1289 616 1318 643 et
1335 612 1489 652 praemium
1507 612 1624 644 virtutis
1640 621 1704 644 eam
1721 622 1809 645 acce-

991 656 1105 696 pissent
1123 658 1340 696 praetecturam.
1368 656 1503 693 Quonam
1530 657 1618 687 modo
1648 661 1746 688 autem
1771 659 1809 690 ad

991 701 1066 731 hanc
1074 701 1364 732 administrationem
1375 701 1679 741 pervenerint,dicam
1694 704 1807 740 paucis.

1030 746 1079 776 23.
1102 757 1112 773 α
1128 744 1200 776 Cum
1214 746 1351 784 Elpidius
1363 750 1391 776 et
1403 745 1495 782 Elias,
1509 754 1700 776 successores
1713 749 1810 786 magni

988 790 1169 827 Pasarionis,
1187 800 1202 819 e
1228 791 1285 821 vita
1301 791 1510 828 excessissent,
1535 794 1758 827 consequenter
1772 793 1810 823 ad

987 835 1126 864 Lazarum
1149 837 1253 865 transit
1269 835 1501 865 administratio.
1526 834 1575 866 Sic
1592 837 1680 868 etiam
1695 839 1732 869 ad
1748 840 1809 871 Ge-

147 879 200 908 90.
220 878 256 909 In
277 879 336 909 hoc
350 879 871 910 celeberrimiTheodosiidoctrinze
884 880 929 910 fru
957 878 1130 921 Bromium.
1158 878 1212 914 Qui
1242 888 1310 909 cum
1341 879 1537 916 decessisset,
1563 880 1722 914 Anastasio
1738 892 1810 914 cura

107 927 188 953 ctum
218 923 397 963 percepisse
414 924 523 955 dicitur
537 924 583 963 (in
599 924 658 954 vita
681 924 710 955 S.
738 925 835 962 Sabze)
859 925 945 955 beata

108 969 296 1006 imperatrix
311 967 454 1004 Eudocia,
470 968 632 999 Theodosii
659 969 682 1000 [Ι
708 969 840 999 detuncti
858 978 943 1006 uxor,

107 1021 175 1042 cum
187 1015 330 1042 haeresim
339 1014 561 1050 Eutychianam,
572 1023 656 1050 quam
669 1024 682 1043 a
691 1016 944 1050 pseudomonacho

109 1056 292 1087 Theodosio
308 1056 458 1092 hauserat,
476 1056 651 1095 abiurasset,
668 1062 697 1087 et
717 1058 841 1088 remissa
857 1067 874 1088 a
889 1058 944 1097 Sy-

111 1110 227 1132 n-eone
245 1101 352 1141 Stylita
363 1101 398 1131 ad
415 1103 445 1132 S.
464 1101 668 1142 Euthymium,
684 1111 742 1132 una
758 1101 788 1132 S.
806 1103 945 1133 Theodo-

111 1147 192 1177 sium
211 1147 381 1183 inviseret;
405 1146 479 1177 obiit
495 1147 546 1177 illa
562 1156 610 1177 an.
629 1147 682 1178 Ch.
700 1148 768 1178 460.
787 1148 827 1178 De
844 1157 877 1178 ea
893 1157 944 1178 ac—

113 1195 175 1222 tum
193 1192 226 1222 in
245 1191 332 1222 Notis
347 1191 383 1221 ad
400 1191 487 1221 vitam
514 1192 544 1222 S.
564 1192 713 1222 Simeonis
738 1193 849 1232 Stylitze
871 1202 944 1223 auc-

112 1240 178 1266 tore
195 1235 413 1274 Metaphraste,
432 1236 449 1266 5
466 1236 530 1266 Jan.
548 1245 575 1266 c.
594 1237 630 1265 12
647 1236 686 1266 lit,
714 1237 743 1268 h.
766 1241 795 1267 et
812 1237 945 1276 pluribus

115 1285 224 1319 agetur
240 1281 271 1310 in
286 1279 353 1310 Vita
376 1281 408 1311 S.
436 1279 597 1320 Euthymii,
623 1281 660 1311 20
682 1282 804 1311 Januar.
833 1280 895 1312 Hoc
911 1283 941 1313 S.

113 1324 282 1355 Theodosii
308 1324 537 1360 monasterium,
562 1326 597 1355 ab
625 1325 708 1356 obitu
736 1326 801 1364 ejus
825 1335 945 1365 semper

115 1369 359 1405 denominatum,
387 1369 544 1408 praeclaros
568 1369 670 1400 habuit
685 1370 752 1399 fidei
771 1370 943 1401 orthodoxa

118 1417 371 1454 propugnatores,
387 1413 495 1453 quibus
507 1422 568 1452 prce
579 1414 701 1453 reliquis
712 1414 866 1445 Palestina;
881 1424 943 1445 mo-

122 1458 267 1489 nasteriis
279 1458 504 1497 praeeminentia
521 1467 638 1488 summa
653 1459 730 1498 apud
747 1459 943 1498 imperatores

121 1507 149 1532 et
162 1502 192 1532 in
206 1501 344 1533 conciliis
353 1502 418 1533 fuit.
432 1503 545 1542 Saepius
561 1512 664 1533 eorum
682 1503 805 1534 virtutes
823 1504 941 1543 deprae-

125 1547 204 1578 dicat
216 1548 346 1578 Joannes
360 1548 496 1578 Moschus
513 1547 542 1577 in
560 1548 651 1578 Prata
662 1549 830 1587 spirituali,
847 1549 940 1588 potis-

125 1592 233 1622 simum
249 1601 276 1622 c.
303 1592 331 1628 3,
358 1593 409 1628 22,
425 1592 475 1628 23,
493 1592 541 1628 92,
562 1596 590 1622 et
606 1593 764 1623 duodecim
787 1594 943 1633 sequenti-

127 1635 194 1673 bus,
210 1641 240 1666 et
257 1636 322 1672 t09,
341 1645 469 1675 quorum
495 1636 638 1666 nonnulla
655 1646 810 1677 perperam
829 1638 943 1668 titulum

134 1680 301 1711 monasterii
317 1682 346 1712 S.
364 1681 527 1711 Theodosii
543 1683 575 1711 in
591 1682 720 1721 Scapula
736 1682 853 1712 Ciliciae
866 1692 944 1722 prte-

135 1723 243 1764 l‘erunt,
259 1729 287 1755 ut
303 1726 396 1765 capita
409 1726 447 1756 95
463 1730 492 1756 et
508 1726 557 1762 99,
573 1726 650 1766 quod
669 1727 777 1757 mirum
795 1736 811 1757 a
826 1727 944 1757 nemine

133 1768 276 1800 hactenus
289 1769 380 1801 fuisse
395 1770 648 1801 animadversum.

186 1836 201 1875 §
216 1836 251 1868 V.
269 1835 328 1867 SS.
345 1837 430 1868 Saba:
447 1840 475 1868 et
494 1837 653 1868 Theodosii
666 1837 882 1876 familiaritas.

165 1896 199 1925 2i
209 1919 216 1926 .
233 1897 344 1926 Auctor
359 1896 424 1926 vitae
437 1897 467 1927 S.
481 1896 641 1927 Theodosii
654 1906 691 1927 ne
703 1897 746 1927 vel
760 1907 869 1927 nomen
880 1897 944 1936 qui-

123 1940 193 1971 dem
219 1942 248 1970 S.
275 1940 362 1971 Sabte
387 1941 538 1980 exprimit.
566 1942 599 1972 In
622 1941 711 1980 hujus
726 1941 791 1972 Vita
809 1942 944 1980 pluribus

122 1985 287 2024 utriusque.
301 1985 459 2016 amicitiam
473 1986 622 2016 collaudat
638 1985 773 2026 Cyrillus.
794 1997 804 2014 α
824 1986 945 2017 Accedit

121 2029 157 2060 ad
186 2029 306 2066 Subam,
340 2029 450 2068 inquit,
477 2030 597 2069 quidam
623 2032 796 2067 monachus,
824 2032 945 2061 nomine

122 2074 255 2110 Antbus,
272 2074 317 2104 vir
332 2074 446 2105 amicus
461 2074 588 2112 virtutis,
599 2075 647 2115 qui
659 2075 715 2114 ipsi
728 2085 846 2115 quoque
859 2077 944 2114 longo

123 2123 261 2158 tempore
288 2124 421 2150 versatus
449 2118 544 2149 fuerat
570 2129 637 2150 cum
667 2130 774 2158 magno
805 2120 943 2150 Theodo-

121 2164 237 2193 sio.....
262 2175 273 2191 ι
307 2163 359 2194 Hic
385 2164 413 2194 in
431 2164 495 2194 Vita
514 2164 615 2195 Latina
632 2164 737 2195 Florus
752 2165 916 2205 appellatur
936 2176 942 2196 :

126 2220 140 2235 ις
158 2206 244 2238 Tunc
262 2208 389 2248 primum
407 2208 549 2239 divinitus
573 2209 621 2239 hic
636 2209 728 2239 Sabas
745 2210 842 2240 evadit
858 2214 944 2240 notus

126 2253 151 2283 Β
180 2251 358 2289 Theodosio,
373 2262 438 2283 cum
462 2255 505 2284 eis
521 2254 556 2283 ad
572 2254 647 2284 hanc
663 2254 863 2293 cognitionem
879 2254 940 2284 An-

129 2297 199 2328 thus
217 2297 341 2337 pulchre
357 2298 591 2329 intercessisset.
610 2298 725 2329 Deinde
740 2304 839 2329 antem
854 2299 941 2329 etiam

127 2341 318 2371 solitudinem
343 2341 412 2372 facit
435 2342 539 2379 Sabas,
567 2347 594 2373 et
621 2343 731 2373 lauram
756 2342 786 2372 in
804 2353 837 2373 ea
852 2352 941 2373 cons-

123 2385 212 2415 tituit.
231 2398 245 2412 n
264 2386 367 2416 Annus
383 2385 407 2416 is
423 2391 486 2416 erat
501 2387 612 2417 Christi
628 2387 698 2418 477.

162 2429 213 2459 22.
234 2442 245 2456 α
266 2430 385 2460 Diviuus
399 2430 493 2461 Sabas
509 2432 614 2470 (pergit
630 2431 741 2461 ibidem
759 2431 901 2470 Cyrillus)
917 2432 940 2460 si

122 2483 212 2514 quem
228 2483 261 2504 ex
278 2473 315 2504 iis
328 2474 377 2513 qui
393 2475 504 2505 mundo
516 2475 725 2506 renuntiabant
737 2476 812 2506 videi
823 2480 850 2506 et
862 2476 941 2514 ejus-

123 2518 216 2554 modi,
229 2518 277 2548 cui
289 2519 406 2549 scilicet
422 2519 512 2550 facies
525 2520 656 2550 nondum
674 2526 752 2550 esset
768 2524 845 2550 tecta
860 2521 938 2560 pilis,

122 2571 189 2592 eum
208 2562 345 2593 mittebat
361 2563 396 2593 ad
414 2563 626 2601 Theodosium,
639 2565 689 2603 qui
706 2574 756 2595 eos
772 2566 822 2604 qui
840 2568 938 2595 mitte-

121 2605 365 2637 banturlibenter
375 2607 536 2637 admodum
550 2609 712 2647 excipiens,
727 2609 866 2639 omnibus
880 2619 941 2640 mo-

121 2651 166 2680 dis
181 2650 322 2681 studebat
338 2660 440 2681 eorum
460 2661 560 2682 curam
580 2662 696 2691 gerere,
711 2653 737 2683 ei
751 2656 800 2692 qui
818 2654 940 2684 miserat

120 2696 304 2734 gratiﬁcans:
319 2696 494 2726 erantenim
508 2706 613 2735 magno
626 2698 704 2728 inter
716 2707 747 2728 se
757 2707 859 2728 amore
871 2708 941 2728 con-

117 2739 211 2779 juncti
221 2740 342 2770 divinus
352 2740 445 2771 Sabas
455 2747 483 2770 et
494 2741 542 2771 hic
551 2741 584 2772 Β.
597 2742 783 2772 Theodosius
796 2751 802 2773 :
817 2747 845 2772 et
858 2747 940 2772 uter-

121 2794 177 2826 que
191 2784 321 2817 alterius
334 2785 510 2816 voluntatem
523 2785 698 2826 praeferebat
714 2786 856 2817 voluntati
869 2795 938 2825 suae,

988 922 1110 952 fratrum
1129 923 1335 955 committitur.
1353 926 1425 955 Cum
1443 924 1472 953 hi
1494 932 1575 963 ergo,
1594 926 1731 964 Lazarus,
1758 927 1808 958 in-

987 976 1088 1007 quam,
1109 969 1333 1007 etAnastasius,
1359 972 1523 1008 praeessent
1546 969 1807 1010 administrationi,

986 1020 1035 1041 res
1051 1013 1263 1043 monachorum
1280 1017 1365 1043 erant
1389 1012 1548 1043 admodum
1573 1014 1763 1054 turbulentae,
1780 1020 1811 1046 et

989 1056 1123 1087 maximis
1137 1056 1323 1095 agitabantur
1338 1057 1489 1088 ﬂuctibus.
1507 1057 1579 1089 Cnm
1592 1059 1621 1088 bi
1632 1068 1715 1099 ergo,
1729 1070 1807 1100 quos

987 1100 1127 1137 diximus,
1154 1101 1293 1139 Lazarus,
1322 1102 1456 1142 inquam,
1483 1106 1512 1132 et
1537 1102 1723 1142 Anastasius,
1741 1114 1808 1135 mo-

987 1144 1108 1175 nasticae
1125 1146 1318 1184 perfectionis
1346 1155 1464 1186 parvam
1491 1150 1542 1176 aut
1566 1147 1679 1178 nullam
1706 1158 1808 1179 curam

988 1194 1137 1227 gererent,
1156 1191 1191 1221 ad
1208 1190 1352 1231 quasdam
1377 1195 1475 1221 autem
1494 1191 1661 1222 mundanas
1676 1202 1763 1223 curas
1778 1197 1808 1223 et

989 1233 1121 1272 pecunia;
1137 1235 1342 1265 emolumenta
1358 1239 1417 1265 tota
1433 1239 1532 1265 mente
1556 1239 1585 1265 et
1608 1236 1706 1266 anima
1732 1246 1807 1267 con-

988 1279 1062 1308 versi
1080 1283 1200 1316 essent;
1220 1279 1348 1310 maxime
1363 1288 1430 1311 cum
1447 1280 1623 1310 Anastasius
1647 1284 1717 1311 tunc
1743 1286 1809 1321 post

987 1322 1137 1353 Zenonem
1155 1324 1336 1363 suscepisset
1352 1323 1560 1363 imperium,et
1572 1324 1731 1355 schismata
1740 1334 1807 1356 cum

985 1376 1101 1396 summa
1116 1367 1303 1406 impudentia
1320 1372 1348 1398 et
1361 1368 1481 1398 licentia
1492 1368 1687 1407 loquerentur
1702 1369 1807 1401 adver-

985 1420 1035 1441 sus
1050 1410 1226 1443 Ecclesiam.
1245 1413 1318 1443 Cum
1336 1416 1405 1442 tunc
1426 1421 1496 1451 ergo
1523 1412 1642 1443 divinus
1661 1412 1807 1445 Salustius

983 1456 1061 1494 (erat
1077 1460 1174 1486 autem
1189 1457 1214 1486 is
1232 1457 1402 1487 Patriarcha
1414 1457 1732 1497 Hierosolymitamus),
1745 1462 1807 1489 sta-

985 1500 1089 1530 tuisset
1106 1500 1235 1531 liberare
1248 1501 1354 1531 fratres
1367 1501 1403 1531 ab
1415 1501 1467 1532 illa
1479 1506 1665 1541 tempestate,
1680 1503 1808 1542 primum

965 1545 1105 1586 ‘quidem
1122 1546 1288 1582 constituit,
1307 1551 1350 1582 ut,
1379 1546 1428 1586 qui
1450 1547 1511 1585 jam
1537 1555 1554 1576 a
1580 1556 1628 1577 me
1652 1547 1749 1578 dictus
1765 1551 1811 1578 est

986 1589 1156 1620 Marcianus
1172 1591 1215 1620 eis
1232 1596 1386 1630 praeesset,
1405 1595 1433 1621 et
1449 1600 1550 1621 eorum
1569 1592 1809 1631 susciperetrec—

988 1634 1110 1665 tionem.
1120 1634 1191 1664 Cum
1201 1638 1300 1665 autem
1312 1635 1530 1665 intercessisset
1540 1636 1723 1675 aliquantum
1735 1640 1807 1667 tem-

988 1678 1078 1717 poris,
1094 1679 1254 1716 aegrotabat
1268 1679 1388 1719 quidem
1403 1679 1522 1709 divinus
1533 1679 1690 1717 Salustius,
1704 1685 1733 1711 et
1743 1689 1807 1711 cor-

988 1732 1058 1761 pore
1070 1727 1135 1753 erat
1147 1723 1223 1753 male
1237 1724 1360 1754 allectus
1374 1734 1380 1754 :
1399 1723 1435 1754 ad
1451 1732 1519 1754 eum
1539 1733 1608 1754 vero
1624 1725 1806 1756 conveniunt

990 1776 1095 1796 omnes
1111 1767 1161 1806 qui
1177 1772 1261 1797 erant
1276 1767 1306 1797 in
1322 1767 1483 1798 solitudine
1500 1777 1507 1799 :
1524 1767 1589 1807 ipse
1603 1771 1702 1799 autem
1718 1778 1804 1800 com—

989 1815 1069 1841 muni
1086 1812 1224 1850 sutlragio
1241 1821 1344 1842 eorum
1360 1814 1409 1851 qui
1423 1812 1512 1842 simul
1523 1818 1735 1850 convenerant,
1746 1817 1806 1844 sta-

989 1855 1042 1885 tuit
1058 1861 1090 1886 ut
1111 1856 1314 1893 monasteriis,
1332 1865 1400 1896 quas
1414 1859 1499 1886 erant
1516 1857 1594 1887 circa
1609 1861 1741 1888 sanctam
1758 1857 1804 1888 ci-

986 1900 1117 1937 vitatem,
1133 1906 1295 1940 praeessent
1310 1900 1402 1932 Sabas
1422 1906 1451 1931 et
1466 1901 1663 1939 Theodosius,
1680 1902 1711 1939 ii,
1729 1911 1805 1941 quos

987 1954 1117 1984 praesens
1147 1945 1229 1975 vobis
1257 1945 1387 1976 ostendit
1417 1946 1558 1976 narratio.
1591 1946 1635 1976 Ab
1660 1945 1711 1976 illo
1734 1956 1804 1986 ergo

988 1994 1121 2028 tempore
1136 1989 1324 2020 Theodosius
1340 1990 1459 2029 quidem
1475 1990 1523 2026 iis,
1541 1990 1591 2030 qui
1606 1992 1806 2022 communiter

987 2033 1142 2064 vivebant:
1159 2034 1252 2064 Sabas
1265 2038 1364 2065 autem
1386 2034 1435 2071 iis,
1448 2034 1498 2073 qui
1511 2044 1577 2064 cum
1594 2035 1713 2065 nemine
1728 2044 1803 2066 con-

986 2079 1208 2116 grediebantur,
1237 2083 1265 2108 et
1290 2084 1374 2109 erant
1399 2079 1520 2109 omnino
1549 2079 1688 2118 separati,
1705 2089 1802 2118 praee-

986 2127 1062 2152 rant.
1080 2136 1090 2150 υ
1110 2123 1306 2162 Subjungitur
1316 2122 1414 2153 obitus
1426 2122 1546 2153 Salustii
1559 2128 1588 2153 ut
1603 2123 1627 2153 is
1642 2123 1669 2153 ei
1683 2124 1803 2155 morbus

987 2167 1119 2197 videatur
1132 2167 1222 2197 fuisse
1240 2167 1348 2197 letalis.
1362 2167 1497 2197 Decessit
1509 2176 1587 2197 anno
1607 2167 1716 2198 Christi
1731 2169 1802 2199 513.

1026 2212 1075 2242 24.
1091 2223 1102 2239 α
1117 2212 1190 2242 Cum
1204 2211 1296 2242 Sabas
1307 2221 1322 2242 a
1331 2211 1445 2242 Joanne
1456 2211 1723 2251 Hierosolymitano
1733 2222 1804 2252 pon-

955 2248 1063 2286 Dtiﬁce
1080 2260 1198 2286 vocatus
1225 2261 1304 2286 esset
1328 2256 1364 2286 ad
1391 2256 1569 2296 convivium,
1586 2248 1805 2295 quoniam-una

984 2303 1069 2330 etiam
1085 2302 1181 2330 aderat
1193 2303 1337 2330 Antonius
1348 2302 1500 2337 episcopus
1512 2302 1742 2334 Asculonitanus.
1753 2304 1804 2339 qui

985 2348 1047 2374 erat
1061 2344 1151 2374 frater
1164 2344 1396 2384 archiepiscopi,
1412 2354 1479 2374 cum
1493 2343 1534 2374 illi
1546 2344 1652 2375 Sabam
1670 2344 1804 2375 medium

984 2387 1225 2428 intercepissent,
1240 2388 1283 2418 illi
1295 2389 1391 2419 amice
1407 2388 1615 2428 propinabant,
1630 2393 1658 2419 et
1671 2398 1725 2428 pro
1735 2389 1802 2419 viri-

985 2432 1039 2463 bus
1051 2443 1118 2463 eum
1133 2433 1295 2463 invitabant
1304 2437 1333 2464 et
1345 2434 1541 2473 accipiebant.
1559 2433 1617 2464 Sed
1630 2443 1726 2473 neque
1736 2442 1801 2464 rur-

983 2486 1034 2508 sus
1050 2482 1152 2507 sancto
1169 2482 1253 2507 erant
1269 2487 1374 2507 manus
1391 2478 1514 2508 otiosae:
1533 2478 1598 2513 sed,
1615 2483 1645 2508 ut
1661 2487 1712 2518 par
1725 2483 1800 2516 erat,

984 2527 1097 2551 remota
1112 2520 1194 2551 omni
1211 2521 1330 2551 ﬁctione
1353 2526 1382 2551 et
1408 2522 1610 2556 simulatione,
1630 2522 1803 2553 vescebatur

983 2565 1351 2605 appositisAderatautem
1360 2566 1474 2595 divinus
1485 2566 1797 2606 quoqueTheodosius

982 2610 1032 2649 qui
1049 2614 1110 2640 erat
1125 2609 1153 2639 ei
1170 2609 1256 2639 valde
1272 2609 1386 2639 amicus
1398 2610 1601 2647 etfamiliaris,
1616 2611 1743 2650 utjama
1756 2621 1803 2642 me

982 2663 1059 2692 saepe
1074 2654 1184 2683 dictum
1200 2659 1243 2684 est
1259 2663 1266 2682 :
1282 2654 1329 2693 qui
1343 2664 1410 2684 cum
1432 2655 1522 2684 veluti
1535 2655 1683 2694 quoddam
1695 2655 1803 2685 condi-

984 2697 1224 2733 mentum,vellet
1241 2706 1350 2727 mensae
1366 2698 1530 2737 speciosam
1547 2698 1676 2738 aliquam
1692 2703 1720 2729 et
1730 2708 1802 2738 gra-

983 2746 1042 2772 tatn
1061 2742 1185 2781 injicere
1208 2741 1385 2778 orationem,
1404 2742 1518 2772 urbane
1533 2743 1692 2773 admodum
1710 2747 1739 2773 et
1755 2743 1802 2773 le-

985 2787 1054 2827 pide
1071 2786 1203 2818 inferens
1219 2787 1303 2826 dixit,
1332 2786 1464 2817 divinum
1483 2786 1592 2819 Sabam
1619 2787 1660 2817 ita
1687 2788 1803 2818 esurire
