4018 6136
397 267 512 333 467
1695 232 1983 318 MENSIS
2015 249 2466 314 JANUARIUS.
3729 227 3854 293 468

398 412 466 468 ut
495 422 569 466 ne
596 420 703 464 vos
739 398 983 481 quidem
1019 397 1218 466 ambo,
1273 393 1488 466 aiebat,
1526 389 1625 471 qui
1659 386 2040 481 sufﬁcitisad
2065 396 2100 442 A
2130 383 2253 481 tiat,
2286 400 2418 481 qu?
2451 379 2766 481 Eutyches,
2815 375 3150 481 Nestorius,
3189 375 3522 476 _Severus,
3663 364 3851 481 sote-

399 465 584 557 totam
632 465 807 552 simul
855 487 1130 550 alendam
1179 465 1576 554 Palaestinam,
1637 480 1874 558 possitis
1907 479 2036 557 ejus
2124 473 2329 535 richus
2368 472 2654 534 Caesareae
2685 466 3078 558 cappadocize
3109 465 3498 558 episcopus,
3553 465 3641 558 sit
3691 474 3848 517 ana-

404 553 671 646 ventrem
701 580 864 642 alere
887 577 959 639 ad
992 578 1352 649 satietatem.
1385 570 1529 632 Tale
1553 553 1609 630 et
1635 553 1749 629 tam
1781 553 2036 630 validum
2132 563 2356 623 thema.
2395 558 2565 620 Tunc
2598 555 2779 616 sentit
2807 553 2932 649 Dus
2966 553 3296 649 fraudem,
3326 557 3415 649 et.
3451 553 3704 649 veritus
3726 563 3849 649 po-

404 636 474 735 ac
505 671 817 735 robustum
848 682 1065 744 corpus
1091 666 1161 726 B.
1197 637 1366 725 Saba:
1386 676 1694 739 generosae
1715 658 2045 735 contigerat
2133 649 2282 744 puli
2320 663 2711 744 consensum.
2747 643 3121 744 unanimem,
3178 640 3340 744 satis
3359 636 3637 744 “habuit
3690 640 3741 696 si
3784 651 3849 694 se

404 729 820 826 ani—mteTErat
851 729 1050 818 autem
1077 771 1308 816 summa
1345 729 1637 811 myodestia
1659 729 1962 828 praeditus,
1989 762 2043 807 et
2134 729 2482 828 subduceris
2514 733 2754 828 silentio
2788 734 3034 812 fugeret,
3071 731 3313 828 etabiit
3350 729 3747 828 passaream.
3785 744 3811 781 ι

409 814 676 913 moribus
709 848 862 909 lenis
893 864 960 906 ac
992 842 1202 904 facilis.
1240 843 1313 902 Et
1340 840 1411 900 ad
1446 857 1578 900 eum
1623 814 1863 918 quidem
1898 854 2045 897 con—
2212 829 2313 890 ‘26.
2366 825 2588 918 Eadem
2642 823 2991 918 referuntur
3039 819 3279 918 actione
3345 823 3366 878 Ι
3449 814 3677 918 synodi
3730 831 3834 918 vn,

407 902 767 1002 veniendum
822 933 1010 996 facitis
1061 931 1290 1012 patebat
1351 929 1548 991 aditus
1593 902 1788 988 :Ierat
1816 943 1955 986 vero
1990 924 2050 984 in
2135 915 2550 1012 (acumenice,
2568 931 2676 1012 seu
2705 911 2966 1012 Ficana;
3005 927 3070 1012 i1,
3121 909 3218 971 ubi
3245 902 3832 1012 AsanctusﬂTh‘odo-

407 1044 687 1092 sermone
713 1024 1018 1104 jucundus
1048 997 1104 1084 et
1141 1019 1408 1082 moribus
1437 1016 1677 1098 quidem
1725 1013 1994 1094 simplici:

2248 1026 2260 1068 ς
2285 1003 2674 1086 praeponitur:
2705 1001 2877 1081 ’Ἐχοδ
2898 1002 3147 1068 Ἰωάννη-ς
3174 997 3296 1076 μεθ’
3314 999 3530 1054 ἔαυτθῦ
3552 997 3835 1051 Θεοδὸτιον

408 1120 614 1191 simus,
651 1086 968 1196 prudentia
1003 1118 1198 1196 autem
1251 1086 1791 1196 constantissimus,
1845 1105 1990 1164 char

2260 1093 2494 1169 Xaé’é’zv,
2531 1093 2652 1154 τοὺς
2703 1100 2807 1147 τῶν
2857 1097 3110 1170 μῦναχῶν
3156 1089 3505 1167 κορυφαίους
3567 1086 3663 1140 καῖ
3703 1086 3839 1159 ἡγε-

2380 1186 2430 1196 ..
2470 1180 2559 1196 ττ..
2629 1182 2662 1196 η
2709 1179 2721 1196 ,
2829 1181 2849 1196 π
2917 1178 2952 1196 Α,
3206 1189 3217 1196 _
3394 1176 3451 1196 ..γ
3483 1194 3501 1196 ⁸
3537 1173 3839 1196 “Ad-Mn

319 1222 324 1227 δ
408 1176 741 1260 ἷέιῖὲὶῆᾞοη
777 1195 972 1256 ﬁctam
1030 1205 1088 1254 et
1132 1190 1430 1251 sinceram
1469 1186 1625 1266 apud
1662 1176 1870 1246 omnes
1901 1202 2050 1244 con-
2140 1189 2330 1262 μόνας.
2367 1186 2437 1245 At
2470 1180 2604 1242 Vita
2629 1179 2799 1242 Saba:
2828 1178 3060 1251 Latina,
3092 1189 3223 1258 post
3253 1176 3847 1266 anathematismos

410 1306 678 1352 servans.
710 1285 848 1347 Erat
878 1301 1017 1345 vero
1047 1281 1213 1342 valde
1244 1261 1590 1341 affectus-in
1621 1273 2050 1348 Theodosium,
2138 1261 2422 1338 aJoanne
2454 1269 2792 1351 patriarcha
2827 1267 3264 1348 pronuntiatus,
3305 1264 3544 1327 subdit
3574 1285 3587 1320 ε
3637 1287 3666 1316 α
3706 1261 3851 1352 Haec

408 1351 560 1439 adeo
618 1383 680 1436 ut
739 1373 1004 1454 quotidie
1057 1371 1130 1433 ad
1181 1389 1246 1431 se
1295 1369 1544 1430 invicem
1582 1365 2055 1454 Ventilarent,_el
2139 1356 3292 1454 dicentes,descenderunt.lteruche
3312 1355 3531 1416 abbas
3557 1351 3845 1452 Theodo-

411 1467 571 1528 inter
614 1483 678 1525 se
733 1442 806 1524 de
839 1463 1049 1523 virtute
1083 1458 1450 1530 conferrent,
1509 1464 1566 1518 et
1622 1462 1826 1516 essent
1877 1451 2052 1513 ambo
2139 1455 2287 1527 sius,
2321 1451 2393 1514 ad
2432 1450 2715 1531 populum
2752 1465 3100 1521 conversus,
3128 1464 3348 1522 magna
3379 1462 3535 1506 cum
3575 1460 3730 1503 voce
3762 1442 3852 1501 sic

411 1556 602 1616 instar
634 1553 1015 1616 luminarium
1050 1549 1352 1622 omnibus,
1383 1545 1480 1628 qui
1515 1546 1690 1606 vitam
1724 1542 2052 1623 amplecte-
2139 1545 2350 1606 eﬁ‘atus
2383 1548 2510 1601 est:
2543 1537 2675 1611 Qui,
2703 1537 3201 1628 inquit,_quatuo‘r
3222 1534 3510 1628 synodos
3537 1551 3667 1628 non
3705 1548 3846 1591 sus-

414 1643 635 1706 bantur
683 1642 1095 1703 monasticam.
1133 1639 1246 1704 Sed
1280 1621 1378 1698 ille
1401 1621 1649 1716 quidem
1686 1621 1919 1703 eorum,
1957 1630 2057 1711 qui
2140 1632 2306 1712 cipit,
2343 1631 2497 1691 sicut
2529 1635 2585 1688 et
2619 1635 2873 1716 quatuor
2921 1625 3261 1716 Evangelia,
3316 1625 3406 1686 sit
3470 1621 3845 1716 anathema.

415 1732 591 1793 vitam
625 1729 985 1793 exercebant
1015 1711 1550 1798 communemfhic
1580 1729 1807 1793 autem,
1845 1718 2050 1791 Sabas,
2080 1760 2116 1807 Β
2141 1711 2246 1785 His
2277 1722 2356 1782 ita
2385 1716 2643 1799 peractis
2691 1715 2823 1807 dux_
2860 1715 3300 1807 multitudinem
3361 1711 3846 1807 monachorum

414 1819 687 1900 inquam,
725 1836 928 1880 eorum
963 1816 1066 1897 qui
1098 1836 1131 1877 a
1159 1812 1586 1892 congressione
1633 1819 1965 1900 separatam
2000 1814 2058 1868 et
2080 1802 2111 1807 ⁷
2139 1811 2309 1872 valde
2345 1824 2678 1890 pavescens
2707 1805 2852 1900 fugit
2877 1805 2935 1866 in
2960 1802 3596 1900 Caesaream..(_]0nsul
3634 1809 3845 1900 autem

417 1889 683 1988 quietam
732 1889 1077 1986 susceperat
1122 1889 1559 1983 praefecturam.
1617 1898 1847 1958 Dicitur
1881 1905 2057 1988 certe
2139 1889 2512 1978 (Zacharias,
2547 1915 2733 1988 nepos
2765 1895 3170 1988 imperatoris)
3202 1893 3420 1988 multis
3446 1889 3846 1988 juramentis

415 1980 486 2059 Β.
522 1995 735 2060 Sabam
769 1980 997 2057 urba'ne
1020 1980 1177 2074 saepe
1209 1993 1431 2054 dixisse
1461 1989 1661 2050 divino
1693 1986 2052 2059 Theodosio,
2142 2009 2208 2051 se
2239 1991 2656 2065 constringens
2689 1985 2770 2045 ita
2799 1983 2873 2045 ad
2909 1983 3292 2045 venerandos
3321 1984 3558 2044 Patres
3593 1980 3846 2074 locutus

416 2085 582 2147 illum
615 2084 854 2166 quidem
892 2068 1240 2165 puerorum,
1277 2100 1340 2143 se
1371 2088 1567 2142 autem
1627 2095 1759 2140 esse
1804 2076 2054 2166 prtelec-
2142 2088 2253 2153 est,
2307 2078 2565 2140 dicens:
2619 2075 2766 2166 Quia
2797 2075 2929 2136 veni
2974 2075 3106 2150 huc,
3167 2092 3283 2133 non
3343 2080 3413 2133 ut
3468 2068 3845 2166 consentire

421 2183 545 2236 tum
581 2157 995 2255 prafectorum
1031 2191 1044 2234 :
1073 2172 1164 2235 Ὠς
1197 2171 1399 2235 Exs'fvo;
1433 2171 1530 2246 μὲν
1562 2166 1782 2246 παίδων,
1808 2157 1974 2228 ίκῦτὸς
2005 2190 2008 2209 ι

2252 2185 2363 2230 'ero
2395 2167 2596 2236 velim,
2631 2164 2734 2225 sed
2793 2172 2857 2222 ut
2897 2172 3148 2225 vestram
3199 2160 3564 2243 promereri
3602 2157 3839 2239 possim

419 2247 730 2344 ἦγουιὶἑνων
762 2264 1057 2340 ἠγοὺμενος
1089 2262 1206 2328 εἴη.
1239 2259 1404 2333 Quod
1453 2274 1669 2337 nempe
1699 2254 1856 2344 solos
1892 2252 2005 2314 adu

2251 2256 2518 2318 ietatem.
2553 2254 2676 2318 Hoc
2707 2253 2872 2344 dicto,
2900 2252 3114 2314 obtulit
3165 2260 3435 2344 centu_rn_
3469 2249 3678 2344 libras
3707 2247 3837 2307 auri

417 2338 644 2427 tos,ille
679 2338 854 2412 etiam
882 2349 1184 2412 imberbes
1215 2359 1271 2410 et
1297 2348 1602 2411 eunuchos
1633 2343 2063 2420 admitteret,ut
2146 2356 2363 2409 sanctae
2419 2342 2902 2422 Resurrectioni,
2959 2351 3282 2418 sanctoque
3333 2338 3650 2402 Calvariae
3684 2355 3834 2398 cen-

423 2442 501 2504 de
544 2441 638 2503 his
672 2441 824 2502 infra
857 2439 1096 2502 dicitur.
2015 2483 2021 2488 ν
2148 2445 2295 2508 tum,
2329 2446 2387 2497 et
2430 2443 2652 2495 sanctae
2705 2432 2880 2494 Cruci
2923 2439 3183 2494 centum.
3219 2429 3486 2509 Insuper
3527 2439 3744 2490 autem
3780 2434 3836 2486 et

508 2555 536 2586 α
572 2533 671 2594 25.
707 2529 835 2592 Non
870 2531 1066 2590 minor
1095 2528 1432 2590 animorum
1469 2527 1817 2605 conjunctio
1849 2526 1908 2586 in
1941 2524 2057 2586 fide
2147 2535 2383 2589 centum
2447 2521 2775 2585 venerabili
2828 2520 3192 2594 Theodosio,
3247 2527 3601 2598 sanctoque
3667 2519 3834 2580 Patri

423 2619 730 2684 Catholica
759 2626 966 2680 contra
1014 2617 1430 2680 haereticorum
1481 2613 1594 2676 vim
1630 2613 2060 2696 propugnanda
2144 2627 2346 2679 nostro
2394 2616 2558 2680 Sabae
2599 2615 2744 2676 alias
2773 2613 2896 2675 aari
2935 2612 3118 2674 libras
3165 2621 3434 2688 centum,
3492 2611 3576 2673 ad
3613 2610 3831 2672 distri—

424 2708 691 2770 emicuit.
750 2705 840 2768 Ita
897 2725 1029 2767 cum
1091 2703 1407 2785 praedictus
1456 2705 1713 2765 Joannes
1761 2704 1822 2764 in
1854 2702 2058 2765 sedem
2147 2708 2446 2768 buendum
2480 2704 2572 2766 his
2605 2703 2705 2784 qui
2739 2721 2844 2784 per
2879 2703 3186 2782 regionem
3239 2710 3405 2764 erant
3470 2698 3826 2770 monachis,

423 2795 1056 2875 Hierosolymitanam,
1095 2794 1263 2873 pulso
1311 2792 1462 2870 Elia,
1497 2800 1656 2852 esset
1687 2791 1759 2853 ab
1794 2791 2062 2871 Olympio
2147 2796 2334 2858 dedit.
2373 2793 2702 2872 Imperator
2730 2801 2926 2852 autem
2973 2790 3321 2854 Anastasius
3353 2791 3508 2852 dum
3547 2789 3829 2850 audisset

426 2882 780 2947 Casariensi
835 2883 1133 2958 intrusus,
1203 2882 1361 2962 quod
1419 2879 1624 2943 Severi
1681 2890 2066 2960 suscepturus
2153 2904 2284 2966 quae
2321 2885 2471 2947 facta
2503 2884 2740 2944 fuerant
2772 2882 3222 2961 Hierosolymis,
3255 2881 3546 2960 cogitavit
3583 2887 3645 2941 et
3677 2897 3824 2939 con-

431 2973 920 3036 communionem
966 2971 1296 3044 videretur,
1329 2970 1689 3032 anathemati
1741 2989 1875 3032 vero
1924 2969 2068 3033 sub-
2156 2975 2357 3036 silium
2392 2973 2546 3045 iniit,
2581 2980 2645 3034 ut
2670 2971 3190 3051 archiepiscopum
3217 2973 3516 3034 Joannem
3545 2969 3825 3032 etTheo-

424 3064 694 3143 jecturus
715 3061 998 3141 synodum
1022 3059 1598 3131 Chalcedonensem,
1624 3067 1744 3120 tum
1771 3065 1840 3124 B.
1861 3060 2066 3135 Sabas,
2155 3064 2411 3138 dosium,
2445 3061 2781 3141 Sabamque
2809 3058 3016 3122 exsilio
3049 3059 3507 3124 condemnaret.
3552 3085 3577 3118 υ

429 3151 528 3214 cui
552 3159 822 3212 sanctum
847 3148 1247 3210 Theodosium
1272 3148 1499 3210 socium
1524 3147 1708 3210 fuisse
1736 3168 1865 3211 mox
1886 3157 2067 3230 patet,
2089 3170 2128 3219 c
2233 3153 2328 3214 27.
2367 3153 2618 3214 Demum
2649 3150 2955 3230 utriusque
2977 3148 3295 3210 amicitiam
3321 3158 3379 3211 et
3398 3149 3818 3212 monasterio-

429 3246 734 3321 assumpto
758 3255 934 3300 sacro
963 3239 1394 3300 monachorum
1421 3240 1704 3313 exercitu,
1750 3260 1776 3297 ς(
1807 3241 1867 3300 in
1901 3241 2074 3301 Joan-
2156 3261 2286 3304 rum
2326 3241 2832 3322 propinquitatem
2861 3238 3126 3300 indicant
3147 3239 3291 3299 varii
3311 3239 3384 3300 ab
3405 3259 3531 3301 uno
3549 3238 3627 3300 ad
3655 3237 3812 3299 aliud

428 3347 566 3393 nem
603 3329 894 3404 indicens,
926 3347 1141 3389 novum
1174 3327 1578 3407 patriarcham
1612 3328 1981 3403 testiﬁcatur,
2017 3337 2074 3389 et
2160 3330 2487 3392 transmissi
2526 3329 2826 3390 monachi.
2854 3327 2938 3389 Ita
2963 3327 3224 3408 quidam,
3250 3327 3513 3391 Jacobus
3539 3329 3813 3403 nomine,

429 3418 768 3491 denuntiat,
828 3437 904 3480 ne
953 3419 1237 3480 Severum
1280 3417 1554 3479 admittat
1586 3416 1646 3478 in
1697 3425 2069 3478 communio-
2157 3419 2232 3481 ob
2263 3423 2351 3481 sui
2384 3437 2452 3482 ex
2489 3426 2852 3498 praepostero
2888 3417 3015 3478 zelo
3049 3418 3466 3479 castratioem
3499 3438 3534 3480 a
3567 3417 3726 3480 Saba
3759 3424 3814 3476 et

429 3528 591 3585 nem,
629 3507 734 3571 sed
770 3513 1006 3570 tueatur
1036 3506 1233 3588 potius
1279 3507 1565 3587 synodum
1618 3507 2070 3570 Chalcedonen-
2161 3513 2515 3570 monasterio
2549 3507 2856 3587 expulsus,
2894 3505 2953 3569 S.
2987 3507 3322 3568 Theodosio
3353 3509 3810 3580 intercedente,

433 3617 586 3673 sem,
620 3606 679 3658 et
719 3614 826 3677 pro
859 3616 927 3659 ea
956 3596 1026 3658 ad
1063 3595 1413 3674 sanguinem
1447 3616 1633 3677 usque
1679 3597 2069 3676 periclitetur.
2161 3606 2436 3677 receptus
2464 3605 2575 3671 est,
2613 3596 2685 3656 ad
2716 3614 2890 3675 quem
2923 3614 3054 3656 cum
3077 3598 3282 3674 jussus
3312 3596 3521 3659 fuisset
3555 3597 3812 3658 descen-

432 3685 601 3758 Quod
635 3684 874 3764 quidem
907 3685 1046 3746 facit
1077 3683 1201 3758 ille,
1237 3686 1524 3746 reveritus
1566 3685 1807 3748 Patrum
1840 3694 2069 3766 protes-
2159 3689 2327 3761 dere,
2361 3705 2616 3767 eumque
2650 3685 2988 3760 salutasset,
3025 3688 3120 3766 pie
3143 3685 3522 3749 obdormivit.
3565 3687 3811 3766 Aphro-

431 3775 742 3846 ίδιίοῐιεῐῐι,
771 3773 1012 3834 omnino
1039 3774 1258 3835 Oblitus
1279 3785 1700 3837 conventorum
1725 3795 1857 3836 cum
1883 3773 2077 3854 Olym-
2161 3777 2373 3839 disium
2399 3777 2572 3840 etiam
2603 3775 2945 3855 quemdam,
2974 3794 3006 3837 a
3028 3785 3233 3836 sancto
3256 3775 3623 3857 Theodosio,
3655 3775 3811 3856 quod

434 3862 558 3943 pio.
601 3886 627 3918 ιο
663 3861 890 3923 Deinde
924 3882 956 3923 a
1001 3862 1298 3924 submisso
1347 3864 1663 3925 Anastasio
1718 3865 1868 3925 duce
1916 3863 2074 3924 varie
2161 3868 2383 3928 mulum
2412 3883 2605 3945 pugno
2627 3864 3057 3939 interemisset,
3094 3865 3428 3945 expulsum,
3464 3867 3524 3928 in
3563 3882 3808 3928 monas-

435 3949 786 4028 exagitatus,
824 3953 879 4011 in
915 3951 1133 4030 templo
1184 3951 1246 4012 S.
1305 3951 1590 4033 Stephani
1625 3961 1826 4025 caute,
1864 3960 2076 4031 przeter
2159 3956 2374 4017 terium
2410 3973 2581 4015 suum
2644 3954 2881 4032 excepit
2931 3962 3170 4016 sanctus
3202 3953 3408 4030 Sabas,
3445 3957 3626 4036 eique
3659 3973 3804 4015 con-

437 4039 606 4103 ducis
639 4041 946 4120 praesentis
972 4041 1343 4121 opinionem,
1369 4042 1544 4102 ﬁdem
1570 4041 1918 4106 catholicam
1947 4059 2072 4119 pro-
2158 4044 2332 4105 cessit
2357 4053 2493 4103 ante
2518 4049 2768 4102 mortem
2802 4042 3175 4103 descendere
3201 4043 3273 4104 ad
3300 4054 3569 4106 sanctum
3604 4044 3798 4106 Theo-

436 4130 659 4192 ﬁtetur.
699 4153 725 4184 or
758 4128 1035 4190 Protinus
1063 4148 1202 4208 ergo
1225 4130 1493 4191 ascendit
1527 4139 1862 4209 suggestum
1887 4129 2072 4192 Joan-
2157 4133 2386 4194 dosium
2422 4140 2482 4192 ut
2511 4140 2582 4192 ab
2613 4150 2683 4192 eo
2715 4133 3132 4194 remissionem
3185 4143 3676 4214 consequeretur.
3713 4129 3797 4191 Ad

434 4237 546 4281 nes
574 4225 822 4299 utraque
856 4236 1033 4279 manu
1065 4228 1276 4280 tenens
1317 4219 1529 4282 Sabam
1567 4229 1625 4280 et
1669 4219 2073 4281 Theodosium
2159 4223 2283 4282 haec
2315 4223 2372 4284 S.
2411 4221 2616 4298 Sabas,
2653 4240 2785 4282 cum
2841 4239 2911 4282 ex
2965 4223 3086 4282 suis
3146 4223 3452 4284 monachis
3487 4224 3662 4292 duos.
3697 4218 3795 4300 qui

437 4309 674 4388 pietatis
709 4316 1199 4388 propugnatores.
1250 4312 1392 4372 Cum
1428 4328 1491 4369 se
1521 4318 1722 4371 autem
1755 4308 2071 4370 sustinuis-
2158 4311 2218 4372 in
2250 4309 2439 4372 Turre
2472 4311 2966 4372 monasteriorum
3001 4310 3072 4371 ab
3123 4310 3384 4372 Eudocia
3419 4313 3793 4393 imperatrice

437 4404 529 4458 set
559 4397 1016 4477 aliquantulum,
1053 4397 1212 4459 visus
1261 4406 1352 4460 est
1400 4398 1619 4459 sensim
1667 4407 2074 4459 susurrantem
2160 4400 2447 4462 aediﬁcata
2494 4399 2860 4472 habitabant,
2926 4401 2984 4460 in
3044 4401 3458 4463 Nestorianam
3521 4403 3786 4464 haeresim

437 4483 647 4546 audire
678 4485 1870 4566 multitudinem,etdicentem.oportere
1893 4488 2465 4570 ferireOprolapsos
2517 4489 2896 4565 intelligeret,
2961 4491 3048 4549 eis
3117 4489 3313 4550 locum
3383 4491 3442 4552 in
3503 4497 3784 4552 conventu

435 4573 812 4636 anathemate
847 4593 952 4636 eos
983 4575 1083 4656 qui
1117 4595 1234 4636 non
1265 4584 1427 4637 recte
1457 4577 1741 4637 sentiunt.
1774 4578 1896 4638 Hoc
1928 4595 2071 4655 ergo
2155 4578 2342 4639 sancti
2371 4578 2694 4640 Theodosii
2725 4578 3019 4656 impetrat,
3071 4586 3128 4640 et
3160 4599 3336 4659 quem
3373 4581 3582 4641 Turris
3611 4594 3776 4640 cura-

436 4663 540 4726 ille
571 4681 704 4725 cum
757 4672 1030 4745 tanquam
1068 4665 1330 4726 divinum
1364 4665 1598 4745 aliquod
1631 4665 1863 4744 signum
1896 4685 2071 4728 acce-
2157 4668 2304 4728 tioni
2337 4669 2686 4748 praeﬁceret,
2744 4667 3031 4729 Joannem
3084 4670 3494 4749 Bysantinum,
3531 4661 3780 4730 moribus

437 4753 644 4834 pisset,
679 4761 736 4814 et
765 4772 869 4815 cor
903 4753 1208 4816 habuisset
1253 4756 1545 4836 repletum
1593 4755 1862 4829 audacia,
1897 4775 2073 4817 unam
2160 4773 2219 4819 et
2251 4757 2520 4818 doctrina
2553 4756 2975 4821 excellentem.

437 4843 652 4906 emittit
681 4862 886 4906 vocem
921 4863 1055 4907 cum
1086 4845 1463 4907 multitudine
1498 4863 1510 4907 :
1548 4844 1596 4905 si
1644 4845 1778 4926 quis
1826 4865 1894 4908 ea
1933 4865 2074 4907 sen—
