4018 6136
354 295 467 359 471
1643 296 1923 361 MENSIS
1985 299 2038 359 J1

2134 295 2441 360 UARIUS.
3677 284 3804 348 4⁸72

353 428 674 510 carissimi,
706 447 840 492 eum
878 436 1107 510 patrem
1161 430 1371 493 habuit
1399 430 1794 512 spiritualem,
1831 433 2038 511 cujust

2122 431 2371 509 ὒρομένη,
2417 437 2601 488 τοῦτον
2645 431 2774 510 ἔσχε
2819 430 3021 509 πατέρα
3076 426 3500 505 πνευματικὸν,
3568 422 3634 480 οὗ
3677 423 3804 498 μή·

358 519 490 602 ipsa
519 520 714 582 fuerat
740 528 928 582 mater
968 519 1296 582 secundum
1329 511 1570 582 carnem
1600 541 1614 580 :
1650 539 1758 601 pro
1791 518 2009 584 carnali

2124 523 2191 600 ήρ
2248 521 2382 587 αὐτὴ
2435 523 2497 576 τὸ
2539 520 2674 577 κατὰ
2729 519 2896 597 σάρκα
2951 519 3188 598 γέγονεν,
3248 511 3646 573 ἆντιλαϐοὖσα
3689 533 3800 567 κα-

361 609 749 689 generatione
807 617 970 670 recte
1027 609 1328 687 accipiens
1385 609 1779 691 spiritualem,
1828 629 2008 690 rege—

2125 616 2198 674 ῶς
2253 611 2548 688 γεννήσεως
2612 609 2865 686 σαρκικῆς
2939 608 3324 682 πνευματικὴν
3391 602 3801 680 ἆναγὲδνησιν.

361 700 754 760 nerationem.
790 697 858 759 Et
888 699 935 758 si
988 696 1232 758 difﬁcile
1261 704 1352 759 est
1383 697 1528 773 filio,
1560 690 1772 778 dignas
1797 701 2011 779 gratias

2122 701 2192 758 ἰαὶ
2249 701 2292 755 εί
2321 699 2558 777 γονεῦσιν
2615 696 2758 762 ἀξίας
2817 695 3098 754 ἀποδοῦναι
3149 697 3408 776 χάριτας
3444 695 3552 766 υἱῷ
3617 690 3804 771 χαλε-

363 787 591 849 referre
625 784 992 866 parentibus,
1031 786 1133 866 qui
1165 796 1230 846 ut
1282 785 1358 847 sit
1387 794 1523 847 sunt
1564 794 1875 860 auctores;
1908 807 2015 850 cur

2122 791 2196 845 τὸν
2254 801 2369 852 τοῖς
2421 794 2514 845 τοῦ
2561 788 2704 844 εἶναι
2765 787 2972 864 αἰτίοις,
3005 790 3118 848 πῶς
3178 784 3320 863 οὐχὶ
3349 780 3584 857 μᾶλλον
3647 781 3803 842 οὗτος

365 895 483 937 non
517 875 614 937 hic
647 893 882 956 quoque
913 883 1003 936 est
1023 875 1319 957 superior,
1353 876 1448 956 qui
1480 875 1590 938 fuit
1619 894 1794 939 causa
1816 879 2008 953 matri,

2122 880 2181 934 ιαὶ
2249 875 2590 957 ὑπερέϐαλεν,
2646 875 2819 940 α’ίτιος
2879 881 2970 931 τοῦ
3040 874 3095 931 εὖ
3167 875 3328 931 εἶναι
3395 871 3582 948 μητρὶ
3636 869 3796 948 γενό-

363 973 426 1026 υῑ
453 965 605 1026 bene
637 971 846 1026 esset?

2122 991 2255 1033 ιενος
2285 989 2301 1049 ς
3501 1037 3504 1039 _

441 1053 505 1114 3.
558 1053 642 1114 Ex
674 1053 763 1114 his
827 1069 965 1132 ergo
1017 1053 1117 1114 ille
1177 1062 1365 1127 ortus,
1401 1071 1692 1132 generosa
1727 1063 1785 1116 et
1844 1053 2017 1116 beata

2181 1059 2264 1138 γ’.
2325 1058 2420 1117 Ἐκ
2448 1059 2700 1115 τοιούτων
2745 1060 2830 1115 οὖν
2863 1057 3130 1136 προελθὼν
3175 1057 3438 1128 ἐκεῖνος,
3477 1053 3576 1111 καὶ
3637 1056 3798 1129 εὖγε-

365 1141 587 1221 planta,
614 1143 709 1222 pie
739 1160 808 1204 ac
839 1141 1120 1221 religiose
1169 1142 1431 1204 nutritur
1462 1151 1520 1204 et
1543 1150 1808 1222 augetur,
1838 1143 2015 1205 simul

2122 1148 2183 1210 "ac
2237 1149 2396 1228 φυτὸν
2443 1149 2528 1204 καὶ
2563 1148 2844 1224 μακάριον,
2878 1147 3123 1225 τρέφεταί
3174 1168 3229 1202 τε
3287 1141 3654 1222 φιλευσεϐῶς
3701 1139 3799 1198 καί

363 1230 718 1311 incorporea
749 1239 808 1292 et
835 1231 1088 1310 spiritali
1118 1239 1311 1306 aetate,
1346 1239 1404 1293 et
1434 1234 1735 1312 quomodo
1771 1232 2015 1295 omnino

2122 1237 2302 1302 ιῦξεται
2362 1237 2459 1304 τὴν
2521 1237 2833 1310 σωματικὴν
2891 1236 3002 1310 ἅμα
3075 1236 3162 1292 καὶ
3224 1235 3333 1302 τὴν
3402 1231 3800 1305 πνευματικὴν

292 1349 301 1365 ε
365 1320 676 1401 oportebat
701 1339 832 1382 eum
846 1320 969 1402 ,qui
991 1339 1059 1383 ex
1081 1320 1298 1383 talibus
1312 1322 1551 1400 quidem
1577 1332 1739 1384 esset
1756 1330 1948 1395 natus,
1961 1322 2018 1384 el

2122 1325 2331 1399 λλικίαν,
2393 1326 2479 1381 καὶ
2537 1325 2715 1402 ὥσπερ
2774 1323 2876 1381 ἔδει
2941 1325 3150 1390 πάντως
3207 1325 3308 1379 τὸν
3370 1329 3638 1380 τοιοῦτον
3701 1320 3803 1396 μὲν

370 1410 503 1472 talis
535 1429 769 1491 quoque
791 1419 951 1472 esset
981 1427 1286 1472 evasurus.
1325 1411 1468 1473 Cum
1502 1419 1698 1472 autem
1734 1429 1864 1474 eam
1891 1411 2015 1490 jam

2122 1416 2285 1489 ›ύντα,
2335 1425 2572 1474 τοιοῦτον
2621 1413 2676 1470 δὲ
2741 1413 2843 1492 ἄρα
2897 1415 2981 1471 καὶ
3038 1411 3422 1482 ἂποϐησεσθαι
3491 1409 3803 1484 μέλλοντα.

367 1501 682 1579 attingeret
704 1508 1103 1577 mtatem,qua3
1120 1499 1391 1578 providet
1413 1507 1471 1562 et
1501 1499 2016 1575 discernit,statim

2122 1502 2242 1570 Ἠδη
2299 1501 2353 1560 δὲ
2411 1503 2706 1582 φρονούσης
2757 1504 3052 1578 ἁπτόμενος
3104 1502 3349 1580 ἡλικίας,
3406 1501 3572 1561 εὐθὺς
3635 1497 3808 1566 δῆλος

370 1589 649 1663 ostendit,
677 1589 748 1650 ad
773 1606 1038 1670 quamam
1072 1597 1227 1650 esset
1250 1589 1380 1667 ejus
1403 1607 1736 1670 propensus
1755 1590 2014 1661 animus,

2122 1591 2352 1669 ιατὲστῃ,
2387 1591 2489 1648 ποῦ
2547 1593 2634 1647 καὶ
2690 1593 2823 1647 τίσιν
2868 1591 3070 1655 ἐκεῖνος
3115 1592 3215 1659 τὴν
3262 1596 3374 1658 τῆς
3441 1594 3647 1669 ψυχῆς
3706 1588 3807 1665 ῥο-

375 1697 492 1739 non
515 1697 721 1740 amans
746 1677 1166 1759 pecuniasmon
1191 1695 1593 1759 corpora.qua2
1621 1678 1859 1760 quidem
1884 1685 2022 1740 sunt

2122 1682 2210 1746 την
2272 1679 2503 1754 δίδωσιν,
2550 1680 2610 1735 οὗ
2658 1681 2952 1760 χρημάτων
2999 1680 3246 1758 ἐραστὴς,
3282 1683 3351 1738 οὗ
3416 1680 3712 1754 σωμάτων
3774 1676 3808 1731 ἃ

371 1747 795 1829 exsultationes
818 1774 873 1828 et
892 1765 1160 1846 germina
1177 1747 1614 1845 nongenerosae
1634 1747 1693 1828 et
1713 1785 1830 1828 non
1854 1778 2020 1829 recte

2122 1770 2181 1827 ιῆ
2240 1771 2482 1846 εὖγενοῦς
2539 1747 2711 1843 ἐστιν,
2738 1768 2874 1844 μηδὲ
2935 1747 3113 1834 καλῶς
3161 1747 3527 1849 ἀναγομένης
3591 1766 3804 1832 νεότη-

375 1856 978 1936 eductazjuventutis;
1011 1863 1290 1934 tanquam
1324 1855 1528 1932 equini
1561 1855 1706 1934 pulli
1727 1856 1828 1936 qui
1851 1857 2020 1917 freno

2122 1879 2194 1922 τος
2251 1860 2588 1936 σκιρτήματα
2641 1861 2728 1914 καὶ
2784 1858 3162 1934 βλαστήματα,
3207 1860 3400 1932 ὥσπερ
3458 1855 3664 1914 πώλου
3725 1854 3805 1930 μὴ

375 1945 625 2007 minime
641 1945 920 2019 assuevit,
953 1953 1011 2005 et
1034 1952 1226 2016 terras,
1255 1943 1352 2004 cui
1375 1962 1493 2004 non
1520 1943 1788 2022 obtigere
1812 1962 2023 2006 manus

2122 1947 2236 2021 apo:
2301 1945 2520 2024 χαλινὸν
2573 1946 2914 2016 ἀσκηθέντος,
2963 1949 3052 2003 καὶ
3110 1953 3210 2025 γῆς
3271 1951 3620 2025 γεωργικῶν
3668 1965 3807 2023 χει-

378 2043 437 2096 et
470 2033 706 2096 labores
735 2034 1008 2112 agricola:
1034 2053 1046 2090 :
1081 2031 1186 2093 sed
1215 2032 1346 2094 vitae
1376 2032 1804 2114 philosophica)
1821 2051 2024 2094 amore

2122 2035 2210 2091 >ῶν
2255 2034 2350 2090 καῖ
2394 2035 2569 2092 πόνων
2623 2037 2682 2091 οὒ
2712 2036 3105 2115 τυγχανούσης·
3163 2034 3301 2092 ἀλλὰ
3365 2035 3564 2112 ἔρωτα
3632 2031 3806 2111 φιλυ-

376 2123 737 2204 parturiens,
775 2131 833 2183 et
861 2122 987 2182 loca
1017 2129 1218 2182 sancta
1261 2120 1465 2184 videre
1494 2121 1766 2200 cupiens,
1801 2121 1862 2182 in
1893 2127 2023 2199 qui-

2122 2124 2268 2203 πόφου
2325 2123 2464 2194 ζωῆς
2524 2120 2825 2196 ὡδονήσας,
2855 2128 2944 2179 καὶ
3003 2125 3194 2188 τόπους
3251 2126 3446 2202 ἁγίους
3515 2119 3806 2194 ἐπιθυμήο

374 2213 486 2276 bus
517 2212 780 2274 omnium
811 2211 1005 2292 opifex
1037 2219 1093 2272 et
1123 2209 1301 2284 Deus,
1335 2211 1437 2270 toti
1464 2209 1687 2271 mundo
1729 2209 2024 2272 salutares

2122 2234 2202 2274 τας
2255 2209 2408 2283 ἰδεῖν,
2447 2211 2501 2267 ἐν
2545 2212 2630 2274 οἷς
2667 2215 2693 2268 ὁ
2755 2213 2969 2269 πάντων
3014 2211 3334 2290 δημιουργὸς
3383 2214 3481 2267 καὶ
3550 2211 3691 2269 Θεὸς
3739 2209 3807 2262 τὰ

378 2302 661 2364 sustinuit
692 2301 1019 2380 passiones,
1047 2300 1153 2360 has
1181 2297 1340 2379 ipsas
1378 2298 1597 2361 Christi
1622 2299 1824 2380 utique
1845 2317 2022 2361 reve-

2122 2302 2302 2363 ταντὸς
2377 2303 2576 2376 κόσμου
2649 2302 2883 2378 σωτήρια
2955 2301 3202 2377 ὑπέμεινε
3274 2302 3455 2372 πάθη,
3531 2299 3673 2358 αὖτὰ
3731 2294 3799 2364 δὴ

377 2392 528 2454 ritus
561 2391 894 2472 passiones,
928 2389 978 2448 si
1009 2387 1140 2449 illas
1187 2388 1318 2468 ipse
1352 2395 1467 2450 tam
1501 2388 1663 2468 parvi
1691 2389 1934 2462 faceret,
1965 2397 2027 2449 ut

2122 2398 2269 2448 ταῦτα
2348 2391 2406 2448 τὰ
2459 2398 2685 2469 Χριστοῦ
2754 2392 2897 2458 πάθη
2958 2389 3308 2464 δυσωπηθεὶς,
3374 2389 3551 2467 εἴπερ
3633 2385 3799 2448 αὒτὸς

379 2488 623 2562 propter
639 2478 910 2559 corporis
933 2477 1198 2539 laborem
1230 2475 1452 2538 cedens
1474 2477 1596 2538 otio
1621 2495 1688 2538 ac
1710 2476 2022 2554 socordiae,

2122 2483 2291 2537 ἐκεῖνα
2348 2481 2466 2557 περῖ
2524 2479 2811 2558 ἐλαχίστου
2875 2482 2990 2547 θείη
3040 2480 3202 2536 πόνου
3259 2488 3615 2553 σωματικοῦ,
3653 2475 3797 2531 ὥστε

378 2559 450 2631 ad
477 2578 679 2630 sancta
700 2569 800 2629 illa
824 2571 951 2628 loca
974 2584 1092 2626 non
1115 2569 1664 2646 veniretzpraaterea
1691 2574 1888 2628 autem
1921 2585 2025 2628 vo-

2122 2569 2188 2636 αὴ
2244 2569 2437 2632 τόπους
2487 2568 2712 2630 ἐκείνους
2769 2568 2888 2630 τούς
2950 2569 3127 2645 ἁγίους
3185 2566 3558 2645 καταλαϐεῖν,
3596 2565 3679 2620 ἔτι
3739 2559 3795 2617 δὲ

383 2658 514 2719 lens
547 2658 724 2718 etiam
756 2656 1030 2735 accipere
1062 2653 1834 2734 solitudinem,adjutricem
1865 2673 2031 2733 egre~

2122 2660 2204 2712 ιιαί
2246 2659 2344 2722 τὴν
2375 2657 2598 2732 ἐρημίαν
2651 2655 2821 2724 καλὴν
2852 2659 3098 2735 συνεργὸν
3144 2658 3217 2721 εἷς
3280 2656 3623 2736 φιλοσοφίαν
3683 2650 3792 2706 λα·-

384 2748 537 2824 giam
557 2745 628 2806 ad
653 2743 1121 2826 philosophiam,
1147 2750 1206 2803 et
1225 2741 1504 2820 amplecti
1526 2741 1703 2803 vitam
1732 2743 1907 2823 plane
1924 2760 2026 2803 so-

2122 2746 2228 2804 ὅεῖν
2303 2747 2652 2826 βουλόμενος,
2714 2749 2802 2803 καὶ
2877 2749 2970 2804 τόν
3042 2748 3272 2826 ἂκρικῶς
3333 2745 3648 2820 μοναδικὸν
3705 2740 3794 2796 καὶ

378 2833 632 2895 litariam
685 2840 745 2892 et
775 2832 1060 2910 quietam.
1093 2829 1222 2891 Non
1253 2831 1410 2890 enim
1473 2829 1751 2910 cupiebat
1786 2849 2024 2907 nomen,

2122 2836 2334 2915 ἡσύχιον
2405 2837 2738 2894 ἆσπασᾶσθαι
2795 2837 2932 2912 βίον.
2986 2834 3115 2894 Οὐδὲ
3174 2837 3274 2914 γὰρ
3344 2835 3620 2906 ἐπεθύμει
3664 2829 3792 2886 δνόο

379 2921 539 3002 quod
571 2939 725 3000 eam,
761 2937 891 3000 quae
923 2927 1010 2979 est
1056 2918 1116 2980 in
1149 2920 1355 2993 rebus,
1383 2917 1668 2980 mentitur
1695 2917 2024 2981 veritatem.

2122 2946 2279 2997 ματος
2335 2925 2433 2992 τὴν
2461 2926 2516 2980 ἐν
2574 2938 2691 2988 τοῖς
2741 2925 3048 3003 πράγμασιν
3104 2923 3354 2994 ἀλήθειαν
3411 2920 3785 3000 ψευδομένου·

380 3010 660 3084 Quaenam
706 3016 904 3070 autem
939 3006 1114 3068 fuerit
1141 3006 1198 3068 ei
1258 3006 1489 3068 occasio
1518 3007 1696 3087 hujus
1746 3025 2029 3089 peregra-

2122 3013 2270 3070 πόθεν
2328 3012 2382 3068 δὲ
2409 3013 2506 3080 τῆς
2563 3012 2865 3089 ἀποδημίας
2900 3013 3094 3080 ταύτης
3126 3012 3256 3093 ἔσχε
3311 3013 3406 3076 τὰς
3447 3009 3710 3092 ἆιρορμὰς
3760 3006 3786 3060 δ

381 3099 583 3170 tionis,
619 3098 740 3160 vult
763 3098 885 3178 jam
920 3095 1195 3177 persequi
1226 3093 1438 3158 oratio.

2122 3102 2270 3179 λόγος
2301 3100 2406 3170 ἤδη
2436 3101 2662 3160 διελθεῖν
2690 3102 2957 3180 βούλεται,

462 3189 525 3250 4.
575 3187 794 3250 Dexter
822 3184 1049 3248 eratad
1107 3183 1340 3246 divinas
1372 3183 1654 3263 legendas
1705 3185 2031 3267 scripturas

2194 3189 2266 3250 δ’.
2349 3189 2527 3256 Δεξιὸς
2587 3193 2718 3270 πρὸς
2779 3191 3075 3270 ἀνάγνωσιν
3139 3195 3243 3248 τῶν
3301 3192 3457 3248 θείων
3529 3193 3779 3269 Γραφῶν,

381 3276 699 3357 praeclarus
719 3273 1174 3349 Theodosius,si
1199 3273 1360 3336 ullus
1380 3273 1854 3337 alius.Libenter
1871 3277 2027 3338 enim

380 3365 884 3439 audiebatur,non
907 3363 1097 3425 solum
1123 3361 1278 3442 quod
1305 3363 1415 3423 hac
1439 3363 1498 3424 in
1513 3380 1579 3424 re
1599 3362 1848 3443 pulchre
1873 3374 2034 3427 esset

384 3454 674 3529 eruditus,
708 3452 813 3514 sed
849 3451 1055 3532 etiam,
1088 3450 1247 3532 quod
1279 3468 1418 3512 acre
1447 3450 1728 3530 injiceret
1756 3453 2033 3515 omnibus

382 3541 840 3617 desiderium,et
861 3559 928 3602 ex
954 3557 1185 3601 morum
1215 3540 1630 3602 moderatione
1649 3548 1705 3601 et
1736 3559 2033 3603 verecun—

383 3629 624 3712 dia,qua
646 3629 793 3691 nihil
812 3629 971 3690 aliud
999 3628 1186 3706 magis
1212 3627 1384 3689 decet
1400 3628 1676 3707 juvenes.
1714 3627 2034 3710 Pr0pterea

382 3737 522 3796 ergo
564 3719 620 3780 ei
649 3718 993 3778 mandatum
1027 3717 1244 3791 fuerat,
1283 3724 1346 3776 ut
1398 3734 1599 3778 sacros
1632 3716 1816 3779 libros
1867 3719 2032 3797 lege-

381 3814 478 3867 ret
532 3806 771 3886 populo.
810 3805 969 3876 Quos
1001 3803 1241 3883 quidem
1301 3804 1598 3865 concinne
1627 3812 1686 3865 et
1717 3805 2036 3884 diligenter

385 3895 608 3972 legens,
643 3911 778 3955 eum
833 3892 1147 3975 aliquando
1179 3891 1420 3972 quidem
1478 3892 1665 3953 Deum
1699 3892 2036 3956 Abrahamo

387 3983 828 4062 praecipientem
860 3981 1112 4055 audiret,
1149 3989 1210 4041 ut
1243 3978 1435 4042 exiret
1479 3999 1512 4041 e
1549 3989 1704 4040 terra
1736 3989 1792 4041 et
1813 4000 2038 4062 cogna-

388 4072 549 4134 tione
574 4071 944 4152 |;aliquando
968 4078 1166 4130 autem
1191 4076 1247 4129 et
1269 4069 1472 4148 patriae
1493 4067 2040 4145 derelictionemet

387 4161 600 4223 domus
623 4168 1007 4241 etparentum
1044 4165 1105 4218 et
1125 4156 1399 4230 fratrum,
1427 4176 1558 4238 quae
1588 4157 1652 4218 tit
1680 4160 2037 4241 propterip-

385 4269 541 4322 sum,
566 4259 632 4312 ut
655 4267 826 4311 sacra
855 4248 1182 4327 loquuntur
1204 4246 1524 4326 Evangelia
1543 4247 1574 4296 2
1602 4247 1676 4306 iis
1709 4246 1808 4327 qui
1832 4248 1918 4308 sic
1945 4248 2039 4310 fe-

390 4346 620 4414 cerunt,
649 4356 782 4400 esse
813 4353 1051 4398 causam
1087 4335 1224 4397 vitae
1257 4343 1496 4398 alternae
1522 4359 1538 4410 ;
1573 4337 1700 4397 haec
1730 4335 1959 4415 legens,
1985 4344 2043 4397 et

2115 3277 2268 3357 εἴπερ
2351 3302 2431 3344 τις
2501 3280 2701 3359 ἕτερος,
2771 3283 2798 3338 ὁ
2887 3280 3050 3343 καλὸς
3127 3279 3390 3337 ὶδείκνυτο
3462 3277 3779 3337 Θεοδόσιος·

2113 3367 2338 3435 ἠκούετο
2395 3369 2495 3446 γὰρ
2523 3369 2691 3437 ἡδέως
2751 3371 2810 3426 οὒ
2838 3375 2915 3440 τῷ
2972 3370 3344 3428 πεπαιδεῦσθαι
3391 3372 3564 3444 μόνον
3627 3371 3784 3422 τοῦτο

2113 3455 2318 3531 καλῶς,
2381 3456 2516 3513 ἁλλὰ
2575 3459 2661 3513 καὶ
2721 3461 2797 3531 τῷ
2872 3457 3055 3536 δριμὺν
3113 3461 3271 3516 αὐτοῦ
3338 3457 3506 3514 πόθον
3579 3454 3781 3511 ἅπασιν

2116 3543 2425 3620 ὲμϐάλλειν,
2484 3545 2590 3602 ἀπό
2653 3567 2709 3601 τε
2771 3551 2870 3613 τῆς
2928 3567 3034 3602 των
3089 3547 3232 3612 ἠθῶν
3307 3545 3630 3621 εὖκοσμίας,
3693 3540 3782 3596 καὶ

2115 3633 2210 3700 τῆς
2244 3635 2318 3696 ὡς
2377 3632 2522 3689 οὒδὲν
2564 3632 2696 3690 ἄλλο
2753 3647 2872 3698 τοῖς
2917 3635 3053 3696 νέοις
3126 3634 3528 3711 ἑπιπρεπούσης
3577 3629 3772 3693 dido-3:.

2121 3723 2218 3777 Διὰ
2276 3731 2439 3780 ταῦτα
2501 3733 2619 3800 γοῦν
2671 3724 2756 3778 καὶ
2815 3723 2906 3786 τὰς
2966 3723 3108 3801 ἱερὰς
3161 3724 3630 3800 ὑπαναγινώσκειν
3690 3717 3780 3794 βί-

2115 3809 2272 3874 ϐλους
2329 3816 2404 3884 τῷ
2459 3809 2573 3882 λαῷ
2642 3809 2964 3868 διε-τέταντοο
3043 3817 3108 3879 ἧς
3168 3811 3375 3875 ἐκεῖνος
3443 3814 3534 3867 καὶ
3573 3808 3772 3885 μετιὼν

2119 3898 2392 3979 ἐμμελῶς,
2438 3901 2525 3955 καὶ
2576 3900 2705 3956 ποτὲ
2762 3902 2861 3974 μὲν
2918 3907 3010 3958 τοῦ
3069 3908 3197 3957 Θεοῦ
3267 3901 3469 3956 ἁκούων
3540 3899 3640 3965 τῆς
3713 3895 3775 3950 ἔκ

2119 3988 2217 4055 τῆς
2273 3992 2374 4065 γῆς
2431 4008 2490 4044 τε
2543 3990 2629 4044 καί
2685 3991 2990 4066 συγγενείας
3055 3989 3316 4054 ἒξέλευσιν
3387 3995 3463 4061 τῷ
3527 3984 3771 4063 Ἀϐραὰμ

2122 4075 2518 4151 ἐπιτάττοντος,
2552 4077 2683 4132 ποτὲ
2742 4076 2797 4132 δὲ
2855 4079 2939 4137 καὶ
2985 4076 3231 4156 πατρίδος
3289 4075 3632 4151 κατάλειψιν,
3684 4072 3770 4128 καὶ

2123 4165 2314 4242 οἰκίας,
2378 4165 2465 4219 καὶ
2521 4163 2878 4243 γεννητόρων,
2943 4168 3028 4222 καὶ
3072 4165 3335 4240 ἀδελφῶν,
3400 4167 3474 4229 ὡς
3539 4165 3603 4219 τὰ
3661 4159 3768 4235 ἱερᾶ

2123 4273 2288 4331 φησιν
2345 4251 2652 4330 εὐαγγέλια,
2713 4252 2780 4309 δι’
2824 4254 2981 4311 αὐτὸν
3049 4256 3367 4333 γενομένην,
3427 4253 3594 4308 αἰτίαν
3651 4259 3767 4310 τοτς

2125 4339 2263 4398 οὕτω
2307 4339 2497 4418 πράξαι
2559 4345 2702 4411 ζωῆς
2763 4346 3069 4399 καθίσταθαι
3141 4344 3372 4399 αἱωνίου¹
3449 4347 3614 4396 ταῦτα
3682 4335 3767 4392 καὶ

388 4445 456 4488 ea
487 4445 617 4508 qua;
647 4436 786 4487 sunt
813 4427 906 4488 his
928 4425 1236 4498 similia,et
1265 4425 1328 4485 in
1360 4423 1578 4486 mentis
1611 4424 1782 4485 sinus
1813 4425 2038 4486 immit-

2123 4430 2188 4485 τὰ
2232 4429 2436 4490 τούτοις
2473 4429 2668 4502 δμοίως
2730 4431 2928 4509 ἔχοντα
2971 4433 3192 4506 μετιὼν,
3228 4432 3311 4488 καὶ
3343 4443 3458 4492 τοῖς
3491 4433 3588 4495 τῆς
3646 4423 3761 4479 δια-

389 4524 543 4592 tens,
577 4517 654 4577 ita
698 4523 762 4578 ut
795 4533 899 4595 par
927 4521 1074 4589 erat,
1109 4513 1548 4575 accendebatur
1589 4514 1811 4587 animo,
1851 4522 1910 4574 et
1939 4531 2039 4575 se-

389 4605 614 4683 quendi
645 4605 944 4669 Christum
979 4622 1192 4682 magno
1238 4603 1553 4664 tenebatur
1585 4602 1911 4677 desiderio,
1937 4620 2043 4682 per

389 4693 540 4756 viam
571 4703 876 4774 augustam
931 4701 992 4756 et
1022 4709 1317 4772 asperam.
1367 4690 1636 4772 Cumque
1668 4691 1774 4752 has
1804 4690 2044 4752 assidue

389 4793 652 4846 versaret
673 4785 869 4845 animo
893 4781 1305 4862 cogitationes,
1333 4799 1540 4860 preces
1559 4779 1774 4854 fundit,
1802 4798 1933 4860 qua;
1965 4780 2043 4840 vi-

390 4883 462 4936 tae
491 4873 911 4955 pulcherrimae
937 4871 1103 4933 fuere
1136 4870 1475 4951 proemium.
1530 4869 1737 4932 Deduc
1767 4886 1889 4943 me,
1915 4867 2040 4930 Do-

392 4963 575 5034 mine,
610 4963 842 5043 dicens,
879 4963 937 5024 in
969 4961 1060 5021 via
1109 4969 1227 5033 tua,
1264 4967 1322 5020 et
1349 4957 1666 5019 ambulaho
1706 4957 1766 5018 in
1797 4957 2044 5020 veritate

391 5060 509 5113 tua.
546 5052 772 5114 Deinde
822 5048 1092 5130 diligenti
1126 5048 1320 5110 studio
1350 5047 1462 5108 init
1491 5046 1670 5121 viam,
1705 5065 1834 5126 qua;
1879 5046 2046 5108 ducit

387 5140 821 5222 Hierosolyma,
856 5140 958 5202 illo
1014 5136 1254 5218 quidem
1289 5143 1582 5216 tempore,
1619 5154 1735 5214 quo
1789 5136 2042 5197 Marcia-

393 5247 503 5290 nus
551 5233 629 5308 (2)
685 5229 1008 5310 imperator
1053 5225 1262 5287 eratin
1311 5224 1442 5285 vitae
1503 5241 1770 5298 occasu;
1824 5224 2042 5288 Chalce

474 5408 492 5449 ¹
527 5408 750 5470 Genes.
780 5420 885 5480 xu,
923 5409 980 5464 t.
1067 5403 1094 5446 ε
1122 5401 1327 5467 Matth.
1351 5419 1471 5478 xm,
1507 5397 1605 5463 29.

2126 4519 2265 4582 νοίας
2323 4515 2543 4580 κόλποις
2615 4515 2896 4592 ἐμϐάλλων
2941 4522 3157 4585 εἰκότως
3220 4518 3604 4594 διεθερμαίνετο
3669 4515 3763 4575 τῆν

2125 4605 2332 4685 ψυχὴν,
2379 4605 2466 4662 καὶ
2509 4604 2674 4661 πολὺν
2739 4605 2906 4684 ἔρωτα
2970 4609 3130 4688 εἶχεν
3199 4605 3562 4672 ἀπολουθῆσαι
3630 4607 3754 4669 Χρι-

2163 4696 2186 4717 1
2252 4692 2318 4712 ’κε
2413 4699 2434 4708 -
2659 4694 2683 4717 γ
2775 4693 2890 4750 νδ·-
3004 4697 3016 4714 ι
3164 4718 3178 4728 _
3244 4697 3254 4718 ι
3489 4697 3501 4713 ε
3628 4690 3639 4714 η
3703 4699 3750 4726 ,ο

2123 4717 2198 4768 τῳ
2250 4713 2332 4749 οια
2374 4715 2470 4759 της
2532 4714 2720 4761 στενης
2773 4717 2800 4750 ο
2835 4719 2892 4752 ου
2934 4719 3021 4752 και
3065 4717 3344 4776 τραιειας,
3409 4703 3505 4751 Και
3558 4707 3731 4747 τουτο.)

2123 4789 2362 4861 συνεχῶς
2407 4781 2640 4861 στρέφων
2669 4783 2788 4844 τοὺς
2847 4782 3136 4862 λογισμοὺς
3168 4784 3338 4863 εὐχὴν
3392 4793 3624 4838 ποιεῖται
3667 4778 3757 4863 τῆς

2125 4860 2416 4937 καλλίστης
2459 4860 2578 4926 ἱ)δοῦ
2622 4860 2935 4946 προοίμιον(
2986 4860 3285 4950 Ὀδήγησόν
3336 4891 3426 4945 με,
3464 4870 3640 4950 Κύριε,
3672 4860 3760 4919 λέ-

2126 4981 2236 5038 γων
2265 4960 2319 5015 ἐν
2375 4965 2442 5035 τῇ
2473 4957 2694 5032 ἀληθείᾳ
2723 4945 2838 5022 σου.
2885 4962 2981 5018 Καὶ
3013 4945 3140 5017 εἶτα
3179 4965 3278 5026 τῆς
3313 4959 3441 5036 πρός
3499 4957 3565 5011 τὰ
3605 4945 3760 5020 Ἱερο-

2126 5049 2335 5123 σόλυμα
2408 5048 2667 5125 φερούσης
2732 5047 3000 5124 ἐπιμελῶς
3072 5048 3319 5120 ἅπτεται,
3381 5043 3499 5102 κατ’
3569 5043 3761 5098 ἐκεῖνον

2128 5137 2192 5204 δὴ
2238 5138 2328 5193 τὸν
2396 5137 2579 5214 καιρὸν
2625 5136 2740 5192 καθ’
2813 5139 2870 5192 ὃν
2930 5139 3225 5212 Μαρκιανὸς
3295 5138 3322 5192 ὁ
3381 5130 3627 5209 βασιλεὺς
3667 5125 3760 5194 ἤδη

2126 5226 2251 5303 περῖ
2314 5227 2406 5290 τὰς
2452 5235 2544 5282 του
2601 5225 2713 5300 βίου
2769 5225 2966 5301 δυσμὰς
3022 5224 3112 5299 ἦν,
3158 5226 3190 5293 ἡ
3248 5224 3299 5280 δὲ
3361 5223 3416 5279 ἐν
3475 5216 3760 5284 Χαλκηδονι

471 5580 559 5660 (2)
595 5581 783 5660 Οωρὶι
812 5580 1171 5644 Marcianus
1203 5579 1502 5660 imperare
1537 5594 1635 5642 an.
1669 5577 1775 5640 Ch.
1810 5576 1928 5644 450
1954 5600 1969 5661 ;
1999 5577 2147 5641 obiit
2173 5584 2428 5642 exeunte
2446 5577 2725 5640 Januario
2754 5575 2895 5640 anni
2927 5576 3063 5642 457.
