4018 6136
267 297 384 365 473
1278 305 1465 368 VITA
1504 304 1567 367 S.
1609 302 1924 368 THEODO:

2060 299 2669 368 COENOBIARCHE.
3549 293 3664 362 4⁵74

265 431 486 499 σύνοδος
521 433 828 516 (τετάρτην
858 435 912 493 δὲ
945 437 1108 504 αὐτὴν
1167 437 1255 493 καὶ
1306 437 1458 514 ἁγίαν
1490 437 1635 494 εἶναι
1664 436 1924 515 γινώσκο-

2022 435 2302 500 donensis
2327 435 2416 518 (3)
2433 443 2627 498 autem
2654 435 2910 516 synodus
2928 434 3084 514 (eam
3107 439 3301 496 autem
3327 449 3460 496 esse
3481 449 3665 513 quan-

264 527 386 600 μεν)
429 525 586 582 κατᾶ
655 528 940 605 Νεστορίου
1012 526 1102 584 καὶ
1169 528 1276 581 τῶν
1333 524 1512 582 ἄλλων
1569 525 1924 604 αἱρετιζόντωη

2029 534 2146 587 tam
2180 538 2239 588 et
2282 535 2509 588 sentam
2558 527 2990 605 cognoscimus)
3040 521 3511 603 congregabatur
3557 522 3668 585 ad-

263 629 693 693 συνεκροτεϊτο.
1370 662 1377 668 -

2023 634 2225 679 versus
2253 615 2591 678 Nestorium
2628 620 2707 692 (4)
2737 623 2797 678 et
2827 614 2972 676 alios
3005 613 3340 675 haereticos.

337 703 411 766 ε’.
449 703 616 773 “Ηδη
665 704 721 762 δὲ
765 706 902 762 κατὰ
949 705 1048 771 τὴν
1093 703 1384 784 Ἀντιόχου
1426 705 1709 782 γινόμενος
1742 707 1768 762 δ
1799 727 1924 762 παν·

2104 706 2162 766 5.
2195 706 2340 767 Cum
2365 712 2560 766 autem
2580 706 2701 784 jam
2727 699 3378 766 venissetAntiochiam
3405 698 3570 761 omni
3595 717 3663 762 ex

254 792 500 872 ταχόθεν
551 796 802 874 χρηστὸς
864 792 1167 868 Θεοδόσιος,
1236 797 1332 850 οὒκ
1385 793 1524 871 ’ἑγνω
1575 793 1689 852 δεῖν
1736 792 1924 870 παρελ·

2027 803 2193 874 parte
2218 793 2408 856 bonus
2429 792 2830 868 Theodosius,
2857 812 2975 854 non
3009 791 3212 854 statuit
3234 800 3510 871 oportere
3531 807 3662 851 eam

257 885 397 957 θεῖν,
467 884 518 938 εἰ
581 884 666 959 μὴ
725 884 814 940 καὶ
870 884 1001 962 πρὸς
1061 882 1353 958 Συμεώνην
1383 884 1475 938 τὸν
1516 883 1678 959 πάνυ,
1726 883 1924 959 Συμεώ

2027 883 2304 958 transire,
2332 883 2448 945 nisi
2483 883 2554 944 ad
2589 882 2884 962 insignem
2905 881 3260 962 Symeonem
3285 880 3394 959 (ὅ),
3423 877 3667 959 Symeo-

2025 990 2185 1051 nem,
2201 971 2444 1052 inquam
2459 1020 2474 1047 ,
2500 970 2770 1053 Styliten,
2788 971 2846 1033 id
2866 980 2976 1046 est,
3002 969 3062 1031 in
3083 971 3360 1032 columna
3380 976 3659 1042 stantem,

259 993 383 1047 νην,
422 974 616 1052 φημὶ,
648 973 740 1030 τὸν
772 979 863 1029 τοῦ
907 971 1124 1052 στόλου,
1176 979 1384 1050 πρῶτον
1415 971 1696 1051 ἀφίκηται,
1728 972 1850 1047 ἄψιν
1884 993 1940 1028 τε

2025 1061 2188 1141 prius
2221 1063 2472 1138 veniret,
2505 1069 2562 1122 et
2595 1060 2728 1140 ejus
2757 1060 2988 1122 vultum
3038 1057 3567 1138 contemplaretur,
3602 1064 3664 1120 et

256 1060 358 1126 τὴν
415 1060 645 1122 ἐκείνου
700 1061 977 1134 θεάσηται,
1030 1063 1118 1118 καὶ
1175 1059 1352 1140 λόγων
1381 1061 1608 1140 ἀκούσῃ,
1641 1061 1731 1118 καὶ
1774 1067 1938 1118 ταῦτα

257 1151 622 1230 παραψυχὴν
667 1151 846 1230 ὥσπερ
889 1151 1186 1220 ποιήσηται
1232 1151 1412 1206 κόπων
1464 1148 1702 1220 ἒνοδίων,
1767 1154 1924 1231 εὒχῆς

2022 1168 2332 1212 sermones
2353 1150 2613 1225 audiret,
2639 1159 2695 1213 et
2722 1169 2790 1212 ex
2815 1149 2909 1212 his
2930 1149 3110 1210 veluti
3133 1147 3236 1212 via:
3261 1147 3536 1210 solatium
3563 1165 3659 1210 ca-

255 1260 311 1295 τε
368 1243 496 1299 καὶ
553 1239 802 1318 εὖλογίας
862 1241 957 1306 τῆς
1019 1240 1178 1296 αὒτοῦ
1246 1239 1539 1318 μετάσχοι,
1585 1238 1698 1313 ἅμα
1742 1241 1840 1310 τήν
1882 1261 1924 1296 τι

2022 1236 3174 1321 peret,orationisque,etbenedictionis
3196 1237 3327 1317 ejus
3345 1244 3503 1299 esset
3525 1254 3658 1318 par-

256 1327 579 1402 νοουμένην
637 1330 781 1403 αὒτῷ
840 1327 936 1396 τῆς
987 1327 1180 1406 ἀρετῆς
1241 1325 1383 1400 ὁδὸν,
1448 1330 1536 1384 καὶ
1579 1329 1674 1396 τὴν
1723 1329 1924 1406 ὁρωμὲ·

2023 1328 2239 1408 ticeps,
2271 1345 2399 1408 quae
2431 1328 2607 1390 simul
2640 1336 2699 1390 et
2726 1329 2958 1389 virtutis
2987 1327 3164 1400 viam,
3199 1344 3372 1406 quam
3399 1324 3657 1387 habebat

257 1439 358 1482 νην
420 1418 853 1496 εὖμαριζούσης.
916 1419 1052 1494 Πρὸς
1115 1423 1294 1474 τοῦτον
1340 1416 1428 1473 οὖν
1485 1416 1659 1473 ἀπιὼν
1691 1414 1924 1492 σύμϐου-

2022 1415 2078 1477 ἰη
2101 1417 2327 1492 animo,
2353 1427 2414 1477 et
2442 1435 2596 1487 eam,
2623 1435 2753 1498 quae
2779 1414 3156 1482 cernebatur.
3185 1415 3373 1477 levem
3396 1413 3662 1476 facilem-

255 1504 352 1562 λον
412 1506 584 1569 εὒθὺς
641 1508 702 1563 οὒ
755 1505 954 1586 φαῦλον
997 1503 1116 1562 οῦδὲ
1173 1507 1234 1562 τὸ
1284 1507 1451 1585 τυχὸν
1496 1507 1628 1584 πρὸς
1676 1508 1767 1562 τὸν
1799 1507 1924 1563 Θεὸν

2022 1523 2140 1586 que
2176 1505 2480 1568 redderet.
2519 1507 2662 1568 Cum
2711 1504 2785 1567 ad
2821 1523 2956 1566 eum
2989 1511 3187 1566 autem
3219 1503 3428 1572 abiret.
3462 1503 3659 1565 statim

257 1594 472 1651 ἒέιείνου
529 1593 753 1675 δέχεται
794 1594 1090 1674 παῤῥησίας
1141 1596 1228 1651 καὶ
1279 1595 1621 1668 οἷκειώσεως,
1677 1595 1801 1674 πρῖν
1855 1601 1924 1668 τῷ

2022 1613 2132 1654 non
2149 1593 2652 1656 contemnendum
2680 1593 2811 1655 leve
2835 1594 3068 1671 signum
3089 1591 3474 1672 accipitillius
3497 1588 3658 1670 apud

253 1684 386 1762 ἱερῷ
447 1683 640 1758 στόλῳ
721 1683 1036 1757 προσελθεῖν
1091 1684 1178 1740 καὶ
1258 1681 1434 1741 δοῦναι
1495 1684 1700 1764 φωνὰν,
1776 1684 1924 1746 αὗτὸς

2022 1681 2200 1744 Deum
2221 1683 2452 1744 ﬁduciae
2467 1691 2524 1744 et
2537 1681 3336 1762 familiaritatis,priusquam
3352 1687 3409 1741 et
3425 1697 3655 1741 sacram

255 1772 512 1838 ἆκούσας
576 1770 772 1830 ἷίδωθεν
818 1773 1018 1830 ἐκείνου
1067 1773 1300 1849 βοῶντος
1350 1773 1438 1828 καὶ
1482 1772 1771 1837 καλοῦντος
1831 1771 1924 1828 αὒ-

2022 1771 2335 1834 accederet
2365 1771 2703 1834 columnam
2730 1782 2789 1833 et
2817 1789 3022 1833 vocem
3050 1769 3372 1842 emitteret,
3397 1769 3523 1846 ipse
3545 1767 3658 1830 de-

255 1863 356 1918 τὸν
384 1861 444 1928 ἐξ
477 1862 773 1938 ὀνόματος,
811 1863 953 1941 Εἶχε
985 1860 1039 1918 δὲ
1069 1864 1104 1930 ἡ
1135 1861 1286 1941 φωνῆ
1313 1860 1498 1926 οὕτως’
1531 1860 1722 1925 Καλῶς
1745 1861 1924 1929 ἦλθες1

2022 1879 2201 1940 super
2230 1860 2399 1922 illum
2445 1861 2697 1922 audiens
2727 1860 3105 1931 clamantem,
3140 1867 3200 1920 et
3230 1859 3426 1938 ipsum
3458 1858 3655 1919 nomi-

259 1949 527 2029 ἄνθρωπε
573 1959 665 2009 τοῦ
718 1958 874 2030 Θεοῦ,
908 1949 1179 2018 Θεοδόσιε.
1215 1948 1536 2026 Ἐκπλαγεῖς
1588 1957 1676 2007 οῦν
1724 1950 1924 2015 ἐκεῖνος

2022 1951 2199 2011 natim
2255 1957 2591 2012 vocantem.
2631 1947 2753 2011 Vox
2789 1959 2986 2009 autem
3019 1948 3101 2008 ita
3152 1947 3453 2009 habebat:
3494 1948 3658 2010 Bene

259 2041 398 2118 γόνυ
460 2063 525 2097 τε
581 2042 898 2115 αὒτοκλίνει,
953 2041 1043 2096 καὶ
1078 2045 1148 2115 τῇ
1197 2044 1268 2116 γῇ
1319 2040 1378 2094 τὸ
1409 2041 1697 2116 πρόσωπον
1727 2038 1924 2119 δίδωσι²

2022 2038 2230 2100 venisti
2261 2039 2440 2100 homo
2475 2038 2606 2109 Dei,
2643 2037 2964 2099 Theodosi.
2999 2036 3106 2100 llle
3134 2043 3328 2098 autem
3363 2036 3656 2117 obstupe-

259 2127 711 2208 φιλοτιμωτὲραν
783 2135 973 2197 κλῆσιν
1029 2125 1405 2204 ταπεινωτέρῳ
1459 2131 1708 2208 σχήματι
1767 2129 1924 2202 ἀμει-

2022 2128 2230 2200 factus,
2264 2135 2323 2190 et
2352 2127 2407 2188 ei
2437 2146 2594 2206 genu
2626 2126 2899 2199 inclinat,
2930 2134 2988 2188 et
3018 2125 3244 2187 vultum
3277 2125 3443 2186 humi
3479 2142 3652 2204 pros-

261 2215 530 2294 ϐόμενος.
568 2219 708 2275 Εἶτα
736 2220 825 2275 καὶ
883 2220 1014 2296 πρὸς
1060 2218 1220 2276 αὐτὸν
1255 2217 1425 2272 ἄνεισι
1465 2219 1693 2297 χαίρων,
1729 2216 1924 2274 ἐκείνου

2022 2221 2218 2291 ternit,
2245 2215 2663 2296 gloriosiorem
2696 2215 3156 2296 appellationem
3190 2217 3392 2294 specie
3447 2213 3647 2276 humi-

267 2306 658 2380 κελεύσαντος,
726 2308 811 2364 καὶ
871 2307 1242 2380 ἀσπαζόμενον
1297 2309 1685 2373 κατησπάσατο
1717 2323 1729 2337 ’
1791 2307 1924 2384 μέγα

2022 2304 2164 2366 liore
2191 2305 2588 2384 respondens.
2617 2303 2848 2366 Deinde
2868 2305 2937 2365 ad
2959 2303 3152 2382 ipsum
3172 2303 3338 2364 laetus
3352 2303 3648 2378 ascendit,

267 2397 360 2453 καὶ
435 2403 596 2453 τοῦτο
654 2397 975 2471 ποιούμενος
1033 2397 1096 2450 τὸ
1141 2407 1363 2459 σεπτοϊς
1394 2395 1655 2459 τοιούτοις
1686 2393 1924 2474 προσϐα-

2022 2413 2148 2456 cum
2173 2393 2272 2454 ille
2287 2393 2588 2473 jussisset,
2609 2402 2665 2455 et
2686 2394 3146 2473 amplectentem
3172 2400 3262 2454 est
3278 2391 3648 2474 complexus;

268 2483 392 2542 λεϊν
456 2483 676 2561 μέλεσιν
711 2532 728 2557 ,
806 2487 895 2540 καὶ
974 2483 1258 2557 ἀσπασμὸν
1318 2482 1520 2540 ἐκείνου
1577 2483 1756 2562 ὥσπερ
1811 2484 1924 2541 τινὰ

2022 2484 2124 2544 hoc
2153 2500 2394 2564 quoque
2427 2483 2629 2558 magni
2660 2483 2908 2555 faciens,
2939 2480 3214 2543 membra
3235 2482 3525 2559 attingere
3550 2497 3655 2542 ve-

270 2575 419 2630 θείαν
477 2571 748 2654 σφραγῖδα
778 2571 1072 2653 δεχόμενος
1103 2569 1420 2649 βεϐαιοῦσαν
1477 2572 1621 2646 αὗτῷ
1677 2573 1742 2628 τὰ
1797 2574 1924 2651 πρὸς

2022 2571 2320 2645 nerabilia,
2341 2579 2402 2634 et
2423 2571 2584 2633 illius
2610 2575 2984 2652 complexum
3010 2571 3346 2650 suscipiens
3370 2578 3654 2650 tanquam

274 2662 475 2741 ἀρετῆν
537 2661 866 2738 διαδήματα.
921 2663 1102 2718 Πάντα
1156 2667 1244 2717 οῦν
1290 2661 1492 2720 ἐκεῖνος
1527 2662 1924 2719 θεοπτικώτατα

2022 2661 2277 2722 divinum
2303 2660 2544 2738 aliquod
2560 2660 3325 2740 signaculum,conﬁrmans
3341 2658 3396 2720 ei
3416 2676 3656 2738 gressus

275 2752 735 2830 προσηγόρευσεν,
788 2751 907 2808 οἷόν
962 2772 1022 2806 τε
1074 2755 1174 2816 τῆς
1237 2746 1359 2809 ὁδοῦ
1408 2751 1604 2817 ταύτης
1645 2750 1706 2806 τὸ
1765 2751 1924 2828 πέρας

2022 2749 2085 2811 ad
2119 2750 2416 2812 virtutem.
2442 2749 2549 2812 llle
2571 2759 2769 2811 autem
2795 2749 2850 2810 ei
2877 2748 3078 2809 omnia
3105 2747 3474 2810 divinissime
3496 2765 3652 2827 prae-

281 2841 518 2920 εὓρήσει,
564 2842 652 2896 καὶ
709 2837 842 2906 ὅσης
902 2839 1038 2915 μετὰ
1079 2845 1245 2895 ταῦτα
1302 2843 1401 2906 τῆς
1460 2841 1696 2913 ποίμνης
1762 2836 1922 2916 ἄρξει,

2022 2839 2183 2908 dixit.
2219 2847 2276 2900 et
2306 2837 2686 2918 qualemnam
2716 2838 2792 2899 sit
2822 2838 3002 2917 hujus
3025 2836 3132 2897 viae
3164 2837 3343 2898 ﬁnem
3369 2838 3655 2898 inventu-

287 2930 374 2986 καὶ
414 2932 486 2992 ὡς
545 2927 722 2985 πολλᾶ
785 2928 889 2984 τῶν
947 2925 1181 3005 λογικῶν
1233 2928 1552 3005 θρεμμάτων
1595 2934 1689 2983 τοῦ
1736 2938 1924 2995 νοητοῦ

2022 2945 2137 3002 rus,
2156 2933 2213 2989 et
2235 2926 2474 2988 cuinam
2495 2927 2569 2986 sit
2583 2925 2749 3005 gregi
2774 2936 2976 3006 postea
2998 2925 3377 3006 praefuturus.
3401 2931 3462 2987 et
3481 2923 3646 3005 quod

290 3015 561 3097 διαρπάσει
604 3016 787 3090 λύκου,
825 3017 1010 3072 καὶτὰ
1036 3014 1175 3071 ἅλλα
1205 3013 1304 3070 ὅσα
1365 3015 1484 3090 μετ’
1543 3014 1724 3096 ὀλίγον
1771 3018 1924 3073 καθὲν

2022 3016 2229 3078 multas
2264 3015 2528 3095 pecudes
2559 3015 2798 3077 ratione
2829 3014 3104 3094 prmditas
3125 3013 3485 3093 abrepturus
3515 3011 3591 3074 sit
3619 3029 3656 3074 a

288 3106 350 3161 τὸ
395 3106 542 3171 τέλος
623 3104 946 3182 ἐλάμϐανεν,
1034 3104 1068 3161 ἂ
1125 3105 1212 3161 καὶ
1266 3107 1405 3164 κατὰ
1458 3107 1647 3181 καιρὸν
1704 3104 1924 3164 ἕκαστον

2022 3105 2178 3185 lupo,
2229 3103 2330 3186 qui
2383 3103 2713 3184 perc‘pitur
2761 3103 3189 3182 intelligentia;
3237 3110 3296 3163 et
3342 3102 3476 3172 alia,
3522 3116 3655 3180 qum

295 3196 495 3273 προϊὼν
522 3195 551 3251 ὃ
580 3193 738 3273 λόγος
769 3198 905 3274 ἱερεῖ,

2022 3193 2180 3272 paulo
2212 3199 2347 3274 post
2375 3193 2555 3255 finem
2590 3191 2823 3271 singula
2850 3209 3163 3272 accepere,
3190 3209 3320 3270 quae
3343 3191 3518 3252 etiam
3547 3205 3655 3271 per

2005 3281 2476 3361 unumquodque
2509 3288 2742 3361 tempus
2775 3279 3107 3360 procedens
3131 3278 3292 3341 dicet
3320 3277 3541 3340 oratio.

1794 3399 2020 3460 CAPUT
2068 3401 2136 3458 II.

1393 3495 1833 3577 Hierosolymis
1869 3496 2191 3559 habitatio.
2223 3494 2530 3558 Secessus.

366 3609 469 3694 ς’.
505 3619 724 3683 Τούτοις
754 3625 843 3676 οῦν
907 3618 984 3675 ἔτι
1027 3621 1116 3676 καὶ
1172 3618 1380 3696 μᾶλλον
1422 3619 1769 3698 ἐπιρρωσθεὶς
1825 3619 1924 3686 τὴν

286 3702 540 3779 διάνοιαν,
587 3706 752 3784 εὐχάς
811 3727 869 3761 τε
911 3712 1003 3762 τοῦ
1049 3709 1356 3780 θαυμαστοῦ
1407 3709 1629 3782 Συμεὼν
1673 3707 1745 3772 ὥς
1777 3727 1924 3769 τινας

283 3791 540 3873 διάνοιαν,
576 3795 666 3849 καὶ
710 3795 961 3873 φρουροὺς
1019 3792 1326 3874 δεξάμενος,
1372 3797 1717 3874 εὐθυμότερον
1780 3795 1810 3863 ἢ
1867 3797 1928 3851 τὸ

283 3886 504 3961 προσθεν
563 3880 684 3940 ὁδοῦ
755 3883 971 3963 εἴχετο,
1028 3885 1116 3941 καὶ
1175 3886 1272 3953 τὴν
1348 3885 1504 3963 ἁγίαν
1561 3881 1930 3958 κατελάμϐανε

280 3971 459 4045 πόλιν,
506 3969 858 4029 ἰουϐεναλίου
915 3973 1034 4030 τότε
1079 3974 1179 4041 τὴν
1233 3975 1637 4054 ἀρχιερωσύνην
1695 3973 1928 4052 Ἰεροσο-

278 4058 463 4135 λύμων
515 4060 964 4135 πεπιστευμένου.
1037 4063 1219 4118 Πάντα
1275 4061 1330 4117 δὲ
1388 4064 1482 4117 τὸν
1533 4065 1679 4118 θετον
1722 4061 1929 4118 ἐκεῖνον

276 4150 459 4228 χῶρον
504 4147 818 4224 περιελθὼν,
870 4153 962 4206 καὶ
1004 4153 1167 4227 αγίως
1225 4151 1290 4206 τὰ
1350 4151 1478 4228 ἅγια
1531 4151 1925 4228 προσκυνήσας,

276 4237 539 4316 λογισμὸν
583 4238 755 4309 ἑαυτῷ
786 4238 1024 4318 στρέφων
1071 4241 1163 4314 ἦν,
1219 4247 1334 4303 πῶς
1391 4236 1490 4316 ἄρα
1551 4245 1644 4296 τοῦ
1704 4238 1926 4319 φιλοσο-

275 4339 398 4404 φεῖν
457 4324 697 4404 ἄρξαιτο,
732 4327 816 4382 καὶ
870 4329 1098 4406 ποτέραν
1155 4333 1265 4385 τῶν
1307 4328 1538 4406 ἀγωγῶν
1570 4327 1748 4384 ἕλοιτο
1783 4349 1796 4362 ·
1829 4328 1929 4395 τὴν

276 4415 528 4494 ἐσχάτως
573 4413 863 4490 μοναδικὴν
907 4416 1003 4473 καΐ
1050 4416 1303 4495 ἄμικτον,
1335 4417 1370 4485 ἢ
1416 4417 1512 4484 τὴν
1563 4414 1681 4490 μεθ’
1734 4416 1929 4494 ἑτέρων

278 4501 520 4562 εῦλαϐὦν
592 4505 678 4560 καὶ
760 4514 855 4562 τοῦ
927 4505 1049 4564 ἴσου
1132 4512 1336 4562 σκοποῦ
1424 4508 1924 4580 μεταποιουμὲνων.

2087 3616 2147 3677 6.
2177 3611 2285 3677 His
2307 3631 2446 3692 ergo
2467 3613 2658 3676 adhuc
2682 3613 2866 3693 magis
2883 3613 3084 3676 animo
3102 3613 3650 3690 conﬁrmatus,cum

2012 3720 2222 3783 preces
2243 3701 2614 3765 admirabilis
2638 3703 2938 3766 Simeonis
2960 3711 3238 3783 tanquam
3263 3702 3448 3765 duces
3474 3721 3650 3784 quas-

2015 3791 2152 3854 dam
2186 3801 2245 3854 et
2273 3792 2552 3855 custodes
2577 3792 2929 3873 accepisset,
2963 3791 3222 3855 alacrius
3259 3809 3434 3874 quam
3484 3798 3652 3874 prius

2013 3881 2130 3942 iter
2153 3881 2649 3962 persequebatur,
2677 3889 2734 3942 et
2759 3881 3026 3962 pervenit
3055 3881 3124 3943 ad
3145 3889 3413 3944 sanctam
3444 3880 3654 3944 civita-

2019 3978 2304 4044 tem,cum
2327 3969 2358 4032 J
2366 3971 2704 4049 uvenali(6)
2719 3979 2857 4033 tunc
2883 3979 3043 4034 esset
3061 3970 3416 4033 commissus
3428 3970 3660 4032 archie-

2013 4059 2358 4139 piscopalus
2384 4058 2960 4141 Hierosolymorum.
2976 4058 3120 4122 Cum
3144 4068 3341 4121 autem
3364 4067 3553 4121 totum
3578 4059 3654 4120 il-

2012 4147 2134 4209 lum
2159 4148 2425 4209 divinum
2456 4148 2652 4210 locum
2684 4147 2955 4223 obiisset,
2980 4157 3038 4210 et
3061 4155 3263 4210 sancta
3285 4156 3490 4209 sancte
3503 4150 3652 4210 ado-

2016 4247 2234 4311 rasset,
2259 4237 2414 4317 apud
2433 4256 2499 4299 se
2525 4237 2587 4298 in
2610 4237 2809 4298 animo
2834 4237 3127 4312 versabat,
3161 4236 3460 4317 quomodo
3494 4237 3652 4297 inci-

2013 4335 2181 4406 peret
2207 4323 2640 4407 philosophari,
2668 4338 2726 4388 et
2747 4335 2942 4388 utrum
2970 4343 3040 4388 ex
3062 4325 3295 4387 duobus
3317 4325 3446 4386 vitae
3475 4325 3653 4388 insti-

2013 4415 2154 4476 tutis
2175 4414 2425 4494 eligeret
2452 4437 2468 4486 ;
2502 4414 2663 4495 idne,
2695 4415 2853 4496 quod
2876 4423 2971 4476 est
2995 4415 3171 4493 plane
3198 4414 3556 4489 solitarium,
3594 4422 3653 4476 et

2011 4503 2170 4582 quod
2195 4521 2312 4563 non
2337 4502 2518 4565 habet
2538 4503 2798 4580 aliquam
2825 4521 2961 4564 cum
2986 4503 3106 4565 ullo
3130 4502 3653 4577 consuetudinem;

277 4590 446 4649 Ἀλλὰ
500 4593 564 4648 τὸ
615 4591 712 4666 μὲν
773 4594 908 4649 κατὰ
954 4594 1121 4667 μόνας
1178 4595 1446 4674 ἠσυχύσαι
1479 4595 1541 4650 τό
1586 4615 1645 4670 γε
1677 4601 1766 4650 νῦν
1798 4593 1924 4672 ἔχοι

2022 4611 2084 4655 an
2102 4591 2260 4672 quod
2272 4594 2467 4669 agitur
2480 4611 2612 4654 cum
2627 4593 2760 4654 aliis
2775 4592 2974 4673 piis,et
2989 4593 3089 4673 qui
3107 4592 3386 4654 eumdem
3408 4609 3655 4673 scopum

277 4680 372 4737 οὒκ
433 4678 735 4756 ἐδοκίμαζε,
771 4683 858 4738 καὶ
914 4683 1151 4762 ἄσφαλὲς
1196 4685 1386 4761 κρίνων
1449 4683 1651 4762 ἀπείρῳ
1707 4705 1769 4762 γε
1818 4683 1930 4740 ὄντι

2015 4692 2479 4762 persequuntur.
2507 4681 2798 4744 Caeterum
2826 4683 3150 4762 separatim
3181 4682 3385 4757 silere,
3413 4681 3657 4762 etquie-

278 4781 397 4833 τοῖς
454 4770 554 4835 τῆς
618 4772 874 4847 πονηρίας
956 4772 1076 4828 καθ’
1156 4773 1342 4830 ἑαυτὸν
1399 4771 1538 4836 ὅλως
1603 4771 1924 4830 διαπαλαίων

2022 4778 2130 4831 tem
2161 4787 2362 4849 agere,
2410 4789 2530 4831 non
2567 4770 2835 4851 probavit
2865 4770 2926 4833 in
2958 4771 3298 4852 praesentia,
3330 4770 3390 4830 id
3424 4788 3655 4849 nequa-

277 4857 597 4932 πνεύμασιν.
673 4860 732 4916 Εἰ
789 4861 888 4937 γὰρ
945 4867 1052 4916 τῶν
1110 4861 1164 4917 ἐν
1229 4859 1421 4936 κόσμῳ
1495 4862 1924 4936 στρατευομένων

2022 4877 2189 4939 quam
2243 4866 2434 4922 tutum
2486 4877 2619 4921 esse
2643 4860 2925 4940 judicans
2957 4861 3036 4932 ei,
3071 4861 3172 4939 qui
3199 4859 3463 4921 nondum
3501 4867 3657 4920 esset

280 4944 447 5009 οὗδεὶς
479 4945 642 5025 οὕτω,
675 4968 830 5026 φησι,
866 4949 926 5004 τὸ
957 4949 1144 5019 θράσος
1176 4950 1401 5030 ἄμαχος
1453 4954 1551 5006 καὶ
1595 4951 1695 5017 τὴν
1749 4950 1924 5006 ἄνοιαν

2022 4955 2293 5026 expertus
2316 4966 2420 5028 per
2445 4967 2508 5009 se
2532 4948 2744 5010 luctari
2763 4967 2897 5011 cum
2923 4949 3235 5029 spiritibus
3258 4947 3558 5028 nequitias.
3586 4947 3654 5009 Si

361 5065 440 5144 (3)
459 5065 678 5149 _C_qapta
700 5073 791 5149 est
814 5071 848 5127 8
876 5067 1088 5149 Octob.
1101 5114 1117 5145 ,
1138 5068 1412 5149 absoluta
1439 5080 1574 5149 post
1597 5070 1672 5132 13
1693 5068 1921 5131 sessio-

283 5142 474 5213 nes,‘l
513 5142 802 5207 Novemb.
836 5146 977 5206 anni
1008 5142 1231 5210 Christi
1265 5150 1405 5211 451.

362 5222 442 5304 (4)
476 5223 770 5307 Itaetiam
801 5223 1068 5307 Graecum
1103 5246 1194 5288 ms
1221 5230 1530 5306 Νεστόριον,
1563 5227 1918 5307 improprie.

281 5303 552 5386 Damnati
576 5305 635 5386 in
662 5321 732 5364 ea
755 5313 890 5386 sunt
910 5305 1202 5386 Eutychos
1227 5303 1922 5386 Constantinop'olitanus

281 5381 880 5460 archimandrita,qui
900 5381 1238 5449 naturarum
1266 5395 1324 5449 in
1340 5389 1576 5452 Christo
1596 5381 1921 5448 discrimen

284 5461 549 5547 tollebat,
587 5462 838 5547 ejusque
860 5465 1054 5547 fautor
1078 5467 1394 5529 Dioscorus
1421 5467 1755 5547 patriarcha
1777 5465 1918 5547 Ale-

281 5540 631 5623 xandrinus.
665 5540 972 5623 Nestorius
1003 5564 1143 5607 vero
1171 5547 1282 5608 sub
1312 5540 1651 5609 Theodosio
1676 5545 1918 5623 juniore

286 5640 383 5689 an.
409 5620 548 5688 Chr.
581 5621 723 5704 431,
756 5621 820 5686 in
851 5625 1073 5707 synodo
1103 5625 1406 5708 Ephesius
1425 5620 1802 5693 oecumenica
1824 5640 1914 5702 tu,

2013 5068 2350 5140 damnatus,
2380 5068 2540 5142 quod
2574 5068 2878 5131 Christum
2911 5075 3212 5130 assereret
3243 5067 3467 5146 duplici
3499 5085 3650 5128 con-

2006 5155 2164 5207 stare
2214 5164 2488 5224 persona,
2545 5166 2612 5209 ac
2642 5147 2709 5210 B.
2743 5147 2985 5209 Mariam
3020 5147 3176 5208 haud
3207 5163 3342 5208 esse
3372 5146 3645 5207 Θεοτόκον.

2090 5226 2169 5304 (5)
2187 5225 2273 5287 De
2299 5245 2368 5287 eo
2390 5227 2518 5288 fuse
2539 5236 2731 5288 actum
2750 5228 2788 5288 5
2804 5226 3070 5289 Januarii
3097 5227 3312 5304 (supra
3333 5225 3444 5287 col.
3473 5225 3644 5301 329),

2008 5305 2105 5366 ubi
2165 5309 2224 5366 in
2273 5306 2409 5367 Vita
2441 5325 2509 5367 ex
2541 5307 2941 5386 Metaphraste
2991 5325 3053 5370 n.
3105 5307 3205 5379 39,
3265 5304 3388 5365 haec
3438 5305 3648 5370 eadem

2008 5392 2346 5446 narrantur.

2088 5465 2171 5546 (6)
2199 5463 2502 5546 Juvenalis
2533 5465 2852 5546 episcopus
2883 5463 3200 5546 ordinatur
3235 5479 3467 5546 mortuo
3499 5463 3647 5526 Pra-

2000 5541 2219 5633 hyl’ioL
2237 5562 2335 5633 a_n.
2379 5541 2526 5633 _Chr.
2555 5541 3057 5633 _1§2_9,_'in_terl‘uit
3087 5542 3328 5633 synodis
3378 5560 3647 5633 (Boume-

2002 5622 2153 5686 nicis
2177 5622 2491 5707 Ephesius)
2513 5631 2570 5688 et
2586 5624 3095 5703 Chalcedonensi;
3120 5622 3371 5688 moritur
3390 5641 3488 5686 an.
3503 5625 3648 5688 457.
