4018 6136
377 243 496 321 475

1668 256 1947 319 MENSIS
2001 256 2452 322 JANUARIUS.

3664 243 3787 318 476

379 388 542 464 enim
577 406 646 451 ex
681 388 754 450 iis
785 390 884 472 qui
917 389 979 452 in
1012 390 1235 455 mundo
1267 389 1545 468 militant,
1570 406 1768 462 nemo,
1797 386 2009 466 inquit,

2103 395 2379 469 περιττὸς,
2441 395 2498 458 ὃς
2543 394 2881 452 παντάπασιν
2937 390 3161 474 ἀκριϐὴς
3202 391 3282 451 ὢν
3336 390 3434 450 καὶ
3468 390 3782 458 ἀνάστητος

381 485 474 542 est
504 487 620 540 tam
654 479 873 542 invicta
896 481 1161 557 audacia,
1191 489 1248 543 et
1273 488 1388 541 tam
1421 480 1636 559 insigni
1659 477 1932 549 stultitia,
1954 483 2019 537 ut

382 569 435 631 si
459 569 536 630 sit
559 569 732 650 plane
757 571 924 633 rudis
949 579 1007 632 et
1028 573 1083 631 in
1104 590 1169 632 re
1194 568 1698 632 militariomnino
1722 568 2017 629 inexerci-

381 665 565 731 tatus,
593 676 627 718 a
657 658 815 721 linea
837 661 894 721 in
922 659 1152 722 medios
1177 659 1371 720 statim
1393 659 1592 719 hostes
1616 657 1834 732 irruat;
1862 675 2012 737 quo-

383 747 564 810 modo
578 750 808 828 egocui
827 767 1034 810 manus
1052 768 1168 810 non
1198 757 1335 808 sunt
1356 746 1604 809 eruditae
1624 747 1693 808 ad
1721 746 2011 825 praelium,

384 855 498 899 nec
520 837 682 916 digiti
697 838 768 899 ad
797 836 1252 914 bellum,neque
1275 855 1535 916 superna
1559 854 1688 896 sum
1712 835 2018 896 accinctus

380 929 642 1008 potentia
670 949 681 986 :
708 927 888 1008 idque
918 947 1050 989 cum
1085 931 1160 990 sit
1181 926 1492 989 conﬂictus
1519 926 1692 1005 longe
1718 924 2014 1006 periculo-

381 1016 504 1078 sior
531 1021 592 1078 et
620 1016 927 1096 incertior,
963 1017 1249 1078 adversus
1296 1016 1684 1098 principatus,
1737 1017 2017 1076 adversus

376 1114 724 1184 potestates,
759 1107 1043 1168 adversus
1075 1107 1282 1168 mundi
1311 1105 1613 1185 principes
1635 1103 2012 1167 tenebrarum

375 1193 557 1274 hujus
582 1195 1103 1270 saeculi,adversus
1126 1193 2012 1275 spiritualianequitiaa,possem

379 1285 439 1345 in
471 1284 598 1346 acie
629 1284 1010 1347 consistere?
1042 1286 1254 1348 Restat
1276 1303 1440 1364 ergo,
1475 1291 1538 1345 ut
1570 1291 1874 1363 postquam
1907 1301 2014 1362 ego

376 1391 412 1435 a
456 1373 677 1436 sanctis
728 1373 998 1436 Patribus
1050 1375 1344 1450 didicero,
1381 1373 1480 1454 qui
1530 1390 1596 1434 se
1629 1378 1686 1433 in
1725 1373 1817 1433 his
1851 1373 2014 1451 prius

375 1472 541 1526 recte
571 1471 994 1536 exercuerunt,
1029 1471 1086 1523 et
1117 1463 1260 1523 satis
1289 1462 1361 1524 ab
1395 1463 1482 1524 eis
1516 1463 1682 1522 lui-ro
1716 1462 2016 1522 institutus

378 1551 455 1614 ad
484 1551 912 1615 decertandum
947 1564 1158 1614 contra
1188 1553 1416 1624 hostes,
1453 1552 1552 1632 qui
1603 1551 2014 1631 percipiuntur

375 1641 798 1720 intelligentia,
832 1641 1054 1703 deinde
1087 1643 1146 1702 in
1181 1649 1449 1722 tempore
1482 1639 1804 1720 percipiam
1851 1639 2011 1702 fruc-

375 1739 493 1800 tus.
529 1731 630 1810 qui
662 1730 1024 1807 colliguntur
1055 1749 1121 1792 ex
1158 1731 1353 1809 quiete
1383 1740 1440 1792 et
1469 1729 1727 1791 silentio.

452 1822 512 1882 7.
547 1819 684 1881 Haec
707 1838 841 1880 cum
862 1819 1298 1900 sapientissime
1322 1819 1639 1898 cogitasset
1671 1819 1821 1897 (erat
1853 1819 2009 1880 enim

377 1909 434 1972 ei
465 1909 623 1970 inter
651 1909 764 1970 alia
797 1909 1059 1988 perfecta
1087 1927 1322 1990 quoque
1355 1907 1770 1987 intelligentia)
1814 1907 2010 1968 statim

373 2015 441 2060 se
470 1997 766 2060 convertit
805 1997 874 2059 ad
911 2016 1013 2058 eos
1044 1997 1422 2079 quaerendos,
1471 1998 1572 2078 qui
1605 1995 1824 2058 bonum
1877 2015 2009 2057 cum

374 2085 582 2150 labore
635 2086 994 2149 meditantur
1034 2106 1047 2149 :
1081 2095 1143 2148 ut
1174 2089 1271 2167 qui
1305 2086 1508 2161 sciret,
1544 2086 1699 2166 quod
1734 2086 2010 2165 patiendo

372 2175 554 2236 tutius
611 2176 857 2237 docetur
908 2184 968 2236 et
1022 2175 1289 2237 discitur.
1357 2175 1626 2254 Longino
1665 2173 1748 2254 (7)
1810 2174 2012 2254 itaque

373 2263 548 2326 beato
575 2265 734 2338 seni,
793 2265 894 2345 qui
928 2274 1050 2326 erat
1082 2264 1623 2327 excellentissimus
1654 2261 1885 2323 Patrum
1918 2262 2008 2323 sui

371 2354 682 2431 temporis,
703 2354 966 2433 seipsum
993 2354 1201 2415 tradit:
1232 2353 1496 2431 undique
1518 2371 1649 2413 cum
1675 2369 1745 2412 eo
1773 2359 1829 2412 et
1852 2351 2011 2431 degit

371 2450 432 2504 et
460 2441 709 2516 habitat,
744 2443 900 2504 illius
934 2442 1202 2504 moribus
1223 2442 1545 2503 admodum
1571 2441 1921 2514 delectatus,
1949 2449 2007 2501 et

368 2531 506 2594 ideo
539 2540 701 2594 totus
747 2532 800 2592 ei
853 2531 1029 2594 veluti
1063 2532 1386 2606 inhaerens,
1425 2540 1481 2591 et
1515 2539 1581 2589 ut
1611 2529 1803 2590 dit-am
1867 2548 2000 2590 cum

369 2619 570 2681 divino
602 2619 848 2696 Davide,
871 2625 1068 2681 anima
1093 2629 1222 2701 post
1246 2639 1378 2680 eum
1407 2618 1826 2697 agglutinatus.
1853 2620 1999 2680 Nam

368 2727 503 2770 cum
537 2727 650 2786 quo
681 2708 814 2787 quis
848 2709 1069 2769 versari
1101 2708 1450 2781 delectatur,
1488 2706 1621 2767 talis
1663 2707 1837 2766 etiam
1872 2723 2005 2766 esse

370 2797 637 2858 creditur
669 2816 682 2855 ε
724 2805 781 2856 et
811 2795 870 2856 id
905 2796 1152 2874 pulchre
1180 2797 1399 2857 dicitur
1429 2795 1500 2856 ab
1535 2796 1818 2875 antiquis.
1883 2797 2002 2857 Ad-

371 2883 664 2945 mirabilis
695 2893 892 2945 autem
927 2885 1020 2945 hic
1044 2885 1348 2962 Longinus
1401 2902 1466 2944 se
1505 2883 1565 2944 in
1596 2885 1850 2960 quadam
1905 2886 2005 2946 do-

373 2972 657 3035 muncula
683 2983 798 3034 turi
818 2974 864 3033 is
879 2975 966 3053 (8)
985 2974 1167 3034 divini
1191 2974 1370 3036 David
1386 2975 1525 3050 (hoc
1548 2973 1706 3033 enim
1734 2973 2006 3051 perhibet

2099 481 2164 536 τὰ
2221 482 2475 558 πολέμια,
2531 486 2678 548 εὗθὺς
2729 484 2833 541 ἀπὸ
2877 483 3131 562 γραμμῆς
3174 485 3249 547 εὶς
3286 481 3503 556 μέσους
3535 479 3605 548 δὴ
3656 482 3780 546 τοὺς

2098 570 2382 646 πολεμίους
2437 574 2622 631 ἓαδτὸν
2693 573 3022 646 εἰσωθήσειέ,
3097 573 3212 638 πῶς
3275 572 3343 628 ἂν
3427 569 3546 647 ἐγὼ
3607 571 3782 645 μήπω

2097 663 2191 722 τὰς
2265 674 2460 741 χεῖρας
2533 661 2797 742 διδαχθεὶς
2883 665 2957 728 εἰς
3045 661 3376 742 παράταξιν,
3447 656 3598 734 μηδέ
3657 661 3781 722 τοὺς

2099 747 2385 814 δακτύλους
2446 755 2518 816 εἷς
2577 752 2841 832 πόλεμον,
2899 749 3036 826 μηδὲ
3087 753 3186 820 τὴν
3237 751 3460 807 ἄνωθεν
3509 756 3776 826 περιεζωο

2102 840 2294 913 σμένος
2343 839 2582 922 δύναμιν,
2645 844 2735 899 καὶ
2790 842 2955 898 ταῦτα
3029 847 3125 908 τῆς
3186 839 3536 918 συμπλοκῆς
3584 840 3774 905 ταύτης

2099 928 2373 987 καταπολὺ
2432 929 2637 1005 μαλλον
2687 929 3030 994 κινδυνώδους
3093 930 3252 999 οὔσης
3332 931 3432 986 καὶ
3479 927 3773 1008 σφαλερᾶς.

2100 1021 2231 1096 πρὸς
2265 1019 2356 1081 τὰς
2416 1019 2611 1100 ἀρχὰς,
2660 1023 2787 1100 πρὸς
2836 1023 2929 1084 τὰς
2985 1020 3247 1092 ἔξουσίας,
3310 1019 3458 1097 πρὸς
3494 1018 3620 1082 τοὺς
3677 1041 3775 1075 κο-

2100 1107 2466 1186 σμοκράτορας
2523 1117 2616 1166 τοῦ
2686 1111 2904 1174 σιιότους
2961 1117 3054 1166 τοῦ
3114 1112 3308 1171 αἰῶνος
3360 1109 3592 1180 τούτου,
3648 1108 3778 1184 πρὸς

2096 1197 2160 1251 τὰ
2243 1196 2576 1273 πνευματικὰ
2672 1197 2768 1267 τῆς
2884 1199 3137 1276 πονηρίας
3220 1194 3780 1276 ἀντιπαρατάξασθαι

2098 1285 2422 1362 δυνηθείηκς
2474 1288 2721 1344 Λείπεται
2781 1289 2905 1365 γοῦν
2964 1289 3132 1366 ἁγίοις
3190 1309 3256 1363 με
3321 1289 3606 1364 πρότερον
3668 1307 3781 1360 μα-

2095 1375 2410 1441 θητευθέντα
2468 1378 2746 1454 πατράσιν,
2795 1378 2884 1440 οἷς
2935 1379 2997 1435 τὰ
3047 1375 3185 1434 καλὰ
3243 1377 3624 1456 προησκήθνι,
3690 1375 3780 1430 καὶ

2093 1465 2287 1530 ἱκανῶς
2345 1467 2434 1522 ὑπ’
2492 1471 2672 1528 αὒτοῐς
2731 1468 2795 1522 τὰ
2851 1469 2982 1545 πρὸς
3053 1468 3170 1530 τοὺς
3232 1467 3479 1532 νοητοὺς
3539 1465 3778 1544 ἐχθροὺς

2095 1555 2521 1634 γυμνασάμενον,
2555 1557 2678 1612 εἶτα
2718 1558 2804 1612 καὶ
2833 1557 2955 1620 τοὺς
3001 1558 3102 1612 ὑπὸ
3132 1561 3233 1622 τῆς
3263 1556 3521 1634 ἡσυχίας
3559 1555 3776 1633 φυομέ-

2095 1664 2214 1708 νοδς
2246 1645 2379 1700 κατὰ
2410 1646 2594 1722 καιρὸν
2626 1647 2856 1724 καρποὺς
2891 1644 3189 1723 δρέπεσθαι.

2173 1821 2242 1892 ζ’.
2291 1825 2462 1879 Ταῦτα
2495 1823 2776 1902 σοφώτατα
2811 1823 3102 1890 διανοηθείς
3148 1823 3236 1902 (ἦν
3283 1825 3392 1902 γὰρ
3430 1827 3588 1894 αὐτῷ
3636 1823 3778 1896 μετᾶ

2093 1919 2198 1968 τῶν
2260 1911 2437 1968 ἄλλων
2499 1913 2587 1968 καί
2626 1913 2829 1976 σύνεσις
2895 1913 3140 1994 ἀκριϐὴς)
3189 1915 3291 1991 πρὸ
3353 1914 3605 1984 ζήτησιν
3669 1916 3780 1966 τῶν

2097 2002 2230 2074 μετὰ
2276 2002 2452 2057 πόνων
2513 2003 2604 2066 τὰς
2665 2004 2755 2058 τοῦ
2814 2003 3012 2080 ἀγαθοῦ
3072 2002 3300 2070 μελέτας
3363 2000 3778 2075 ποιησαμένων

2095 2091 2238 2152 εὒθὺς
2306 2089 2577 2170 τρέπεται,
2635 2090 2784 2154 εἰδὼς
2845 2090 2928 2147 ὅτι
2996 2091 3055 2147 ἐκ
3108 2092 3199 2148 τοῦ
3262 2095 3467 2166 μαθεῖν
3518 2089 3776 2168 ἀσφαλε-

2095 2179 2252 2256 στέρα
2324 2180 2550 2245 μάθησίς
2607 2201 2664 2236 τε
2723 2181 2812 2236 καί
2864 2178 3076 2245 δίδαξις.
3153 2181 3406 2258 Λογγίνῳ
3473 2185 3776 2257 τοιγαροῦν

2094 2275 2169 2340 τῷ
2226 2269 2469 2342 μακαρίῳ
2526 2267 2752 2345 γέροντι,
2801 2270 2858 2332 ὃς
2906 2271 2994 2325 καί
3042 2267 3448 2348 διαφορώτατος
3502 2274 3622 2324 τῶν
3654 2265 3779 2323 καθ’

2094 2359 2279 2413 ἐαυτξν
2331 2358 2571 2432 πατέρων
2629 2359 2921 2438 ἐτύγχανεν
2977 2359 3076 2432 ὢν,
3136 2359 3306 2438 φέρων
3361 2359 3568 2416 ἐαυτὸν
3603 2355 3769 2412 δίδω-

2093 2469 2198 2518 σιν,
2233 2444 2543 2519 ὁμοδῖαιτὸς
2577 2468 2628 2501 τε
2665 2450 2806 2520 αὖτῷ
2837 2449 2924 2504 καί
2953 2449 3189 2508 σύνοικος
3248 2449 3491 2526 γίνεται,
3560 2445 3770 2523 σφόδρα

2088 2549 2204 2596 τοῖς
2256 2535 2458 2591 ἐκείνο)
2516 2537 2727 2613 τρόποις
2778 2537 2978 2611 ἡσθείς,
3014 2537 3102 2593 καί
3127 2536 3211 2594 διὰ
3242 2544 3402 2594 τοῦτο
3442 2536 3543 2592 καί
3575 2537 3767 2611 ὥσπερ

2089 2623 2211 2686 ὃλος
2271 2626 2413 2697 αὖτῷ
2471 2624 2661 2704 ἐμφὺς,
2716 2627 2802 2682 καί
2859 2634 2919 2681 τὸ
2967 2632 3059 2681 τοῦ
3115 2626 3254 2681 θείου
3335 2627 3509 2705 φέναι
3573 2623 3760 2700 Δαϐίδ,

2088 2715 2184 2778 τὴν
2245 2714 2429 2792 ψυχὴν
2488 2714 2656 2769 ὀπίσω
2713 2713 3151 2791 προσκολληθείς.
3202 2712 3355 2770 Ἐπεί
3419 2714 3518 2768 καί
3579 2718 3626 2785 ᾦ
3679 2735 3760 2775 τις

2091 2801 2259 2857 συνὼν
2317 2800 2520 2877 ἥδεται,
2587 2809 2822 2866 τοιοῦτος
2879 2802 2980 2880 ἄρα
3037 2805 3123 2858 γαί
3193 2803 3337 2858 εἶναι
3397 2803 3754 2880 πιστεύεται,

2089 2891 2177 2945 καί
2207 2889 2382 2952 καλῶς
2415 2898 2567 2945 τοῦτο
2632 2891 2732 2946 ὑπὸ
2791 2897 2893 2948 τῶν
2919 2879 2923 2880 7
2951 2890 3195 2947 παλαιῶν
3226 2890 3474 2968 λέγεται,
3544 2879 3644 2946 ἸἨν
3703 2887 3757 2944 δὲ

2094 2981 2117 3033 ὃ
2173 2980 2467 3052 θαυμαστὸς
2549 2987 2701 3042 οὖτος
2762 2985 3024 3056 Λογγῖνος
3099 2979 3153 3035 ἐν
3201 2981 3434 3052 οἰκίσκῷ
3498 2981 3608 3034 τινί
3666 2983 3758 3032 τοῦ

368 3061 531 3154 longi
565 3063 870 3154 temporis
918 3063 1154 3154 tradito)
1213 3063 1557 3154 incluserat,
1591 3071 1649 3123 et
1681 3063 1800 3125 illic
1833 3063 2007 3125 dulce

2101 3069 2288 3144 πύργου
2343 3078 2433 3125 τοῦ
2475 3069 2751 3124 θεσπεσίου
2788 3066 2947 3123 Δαϐίδ
3003 3069 3184 3145 (τουτο
3226 3071 3324 3145 γὰρ
3355 3071 3390 3136 ἡ
3442 3069 3507 3125 ἐκ
3539 3073 3754 3144 μακροῦ

370 3152 490 3214 mel
522 3151 756 3213 virtutis
793 3151 1086 3214 laboriose
1119 3151 1493 3214 conﬁciebat.

448 3329 507 3392 8.
541 3329 716 3409 Apud
743 3346 919 3410 quem
946 3347 1078 3391 cum
1108 3347 1316 3391 omnes
1338 3347 1550 3391 sensus
1575 3331 1702 3411 pius
1724 3330 2002 3393 Theodo-

371 3418 599 3492 sius,ita
626 3425 688 3480 ut
713 3419 1514 3498 oportebat,exercuisset,et
1537 3421 1596 3480 in
1619 3421 1693 3481 iis
1719 3440 1848 3500 quae
1870 3430 2008 3483 sunt

371 3507 704 3588 expetenda
728 3518 782 3567 et
807 3507 1102 3586 fugienda,
1125 3507 1538 3570 discernendis
1561 3527 1792 3570 summe
1815 3511 2009 3571 elabo-

367 3605 577 3667 rasset,
608 3597 668 3657 in
695 3605 954 3658 veterem
979 3597 1183 3658 sedem
1218 3597 1376 3677 (eum
1400 3604 1557 3658 enim
1591 3599 1782 3660 locum
1811 3601 1888 3660 ita
1913 3619 2008 3662 vo-

373 3694 510 3746 cant
542 3703 557 3748 :
593 3696 682 3746 est
715 3697 911 3746 autem
945 3688 1000 3746 in
1028 3686 1122 3746 via
1155 3687 1410 3758 publica,
1437 3705 1569 3767 quae
1592 3688 2007 3750 tenditversus

368 3773 702 3853 Bethleem)
737 3775 1110 3852 commigrat,
1138 3774 1358 3836 invitus
1381 3777 1642 3854 quidem,
1663 3777 1768 3838 sed
1791 3778 2008 3838 sedens

368 3871 629 3942 paterna;
649 3862 951 3935 voluntati,
980 3863 1074 3925 cui
1098 3863 1289 3942 potius
1315 3883 1488 3944 quam
1525 3866 1752 3945 sibiipsi
1778 3885 2003 3928 morem

366 3950 634 4028 gerebat.
669 3953 954 4025 Quaenam
986 3962 1184 4014 autem
1225 3954 1330 4014 fuit
1363 3971 1540 4014 causa
1584 3956 2007 4032 migrationis‘?

367 4039 578 4103 Mulier
604 4040 872 4121 quaedam
904 4041 1226 4102 admodum
1262 4043 1355 4122 pia
1387 4050 1444 4103 et
1471 4044 1739 4112 honesta,
1762 4045 2006 4106 nomine

367 4128 573 4203 Icelia,
599 4131 764 4193 dives
789 4129 1184 4201 facultatibus,
1209 4132 1313 4192 sed
1335 4132 1543 4194 virtute
1565 4132 1850 4195 ditior.Ea
1872 4153 2009 4196 cum

367 4220 567 4300 aliquo
599 4220 841 4298 quidem
875 4220 1040 4300 prius
1093 4220 1486 4297 cohabitavit;
1549 4231 1754 4301 postea
1809 4232 2005 4284 autem

368 4307 588 4371 Christi
621 4309 683 4368 lit
707 4307 978 4369 ministra
1002 4321 1247 4389 propter
1273 4311 1578 4390 pietatem.
1604 4309 1833 4372 Etenim
1864 4320 2010 4372 tem-

369 4397 533 4477 plum
549 4416 788 4477 quoque
807 4399 958 4477 quod
981 4399 1101 4460 illic
1118 4399 1730 4479 est,diciturposuisse
1745 4402 2006 4461 omnium

368 4487 636 4549 Dominae
658 4495 714 4548 et
740 4487 1170 4565 DeiparmCum
1198 4507 1266 4551 ea
1288 4507 1428 4567 ergo
1453 4499 1590 4550 tunc
1616 4490 1744 4549 seni
1773 4508 2010 4566 magno-

372 4593 516 4657 pere
538 4577 1027 4656 supplicasset,ut
1048 4580 1107 4639 in
1133 4579 1538 4658 templo,quod
1565 4579 1692 4659 ipsa
1718 4579 2006 4640 condide-

370 4665 811 4741 rat,collocaret
831 4665 1257 4742 Theodosium;
1280 4669 1380 4730 ille
1402 4668 1645 4745 quidem
1673 4678 1839 4748 paret
1861 4669 2011 4730 invi-

371 4765 467 4819 tus
487 4774 501 4818 :
523 4756 839 4835 persuadet
857 4764 1053 4817 autem
1081 4757 1264 4817 multo
1285 4756 1470 4835 magis
1494 4757 2012 4819 uolentiTheodo-

368 4845 481 4921 sio,
506 4854 570 4906 ut
589 4845 860 4908 admittat
885 4846 1473 4911 translationem.Cui
1498 4847 2006 4925 enimjucundum

369 4942 498 4997 erat
525 4933 701 4996 simul
737 4934 1025 5008 habitare,
1047 4952 1426 5015 consequens
1457 4943 1564 5010 est,
1595 4942 1657 4995 ut
1686 4933 1743 4995 ei
1775 4953 2010 5014 quoque

445 5055 479 5104 ‘5
506 5052 531 5115 Ι
559 5053 704 5134 Reg.
743 5070 905 5130 xviii,
939 5055 996 5115 1.

435 5215 520 5284 (7)
551 5213 850 5283 Longinus
881 5212 1120 5284 quidam
1144 5227 1298 5270 anno
1330 5213 1462 5269 Chr.
1499 5212 1624 5280 469,
1648 5228 1676 5268 a
1701 5211 1756 5267 S.
1785 5213 2006 5284 Euthy-

365 5283 483 5365 pio
534 5288 838 5365 praelautus
890 5283 1241 5365 monasterio
1301 5284 1560 5365 inferiori
1596 5298 1710 5339 non
1747 5283 2012 5365 procula

363 5353 551 5428 Laure
585 5354 643 5428 S_.
696 5354 1043 5428 Euthymii:
1082 5353 1150 5428 de
1183 5370 1295 5428 quo
1329 5354 1612 5428 in_hujus,
1670 5365 1725 5428 et
1757 5355 2014 5428 S.‘Sabze

364 5427 509 5504 Vitis
545 5426 754 5504 agitur.
791 5423 981 5504 ﬁrmet
1006 5427 1060 5504 in
1094 5423 1322 5482 Menaeis
1356 5425 1437 5504 17-
1455 5423 1730 5504 Novemb.
1755 5423 2014 5504 referunt

364 5495 893 5639 ρὲριῇἰὲὲέιάοιρέἱηὶ
931 5496 1174 5561 obitum.
1227 5495 1382 5568 quod
1417 5497 1562 5552 torte
1611 5495 1681 5551 de
1736 5496 2016 5554 alterutro

367 5585 384 5628 ι
456 5583 486 5624 e
820 5605 832 5618 .

367 5583 832 5628 ιηιειιιαθιιαιιω.

2091 3155 2379 3231 παράδοσις
2432 3155 2656 3226 δίδωσιν)
2738 3157 2922 3212 ἑαυτὸν
3007 3157 3454 3231 ἐγκλεισάμενος,
3519 3157 3753 3213 κᾶκεϊσε

2090 3248 2150 3300 τὸ
2179 3244 2273 3312 ἠδ)
2304 3251 2401 3309 τῆς
2435 3245 2626 3321 ἀρετῆς
2664 3245 2786 3319 μέλι
2819 3244 3228 3324 φιλοπονότερον
3253 3247 3648 3324 ἐργαζόμενος.

2170 3334 2257 3400 η’.
2306 3333 2434 3409 Παρ’
2485 3335 2528 3407 ᾦ
2573 3335 2660 3390 καὶ
2710 3336 2776 3390 τὰ
2829 3335 3144 3413 αἰσθητήρια
3203 3336 3375 3391 πάντα
3421 3338 3448 3392 ὁ
3495 3333 3753 3412 θεοφιλὴς

2093 3422 2368 3488 Θεοδόσιος
2399 3423 2577 3496 ὥσπερ
2607 3422 2709 3478 ἔδει
2741 3423 3208 3500 ἐγγυμνασάμενος
3241 3425 3324 3479 καὶ
3369 3425 3472 3492 τὴν
3519 3425 3642 3501 περὶ
3689 3423 3751 3478 τὰ

2092 3515 2269 3589 αἱρετὰ
2339 3512 2434 3568 καῖ
2503 3511 2701 3588 φευκτά
2755 3510 3014 3589 διάκρισιν
3059 3515 3132 3578 εἰς
3177 3512 3335 3589 ἄκρον
3395 3511 3747 3581 ἐκπονηθεὶς,

2092 3602 2425 3675 μετανάστης
2482 3602 2554 3664 εἷς
2611 3602 2670 3656 τὸ
2730 3600 2956 3657 παλαιὸν
3015 3604 3245 3674 κάθισμα
3279 3601 3459 3680 (τοῦτο
3491 3603 3598 3680 γὰρ
3643 3623 3747 3656 κα-

2091 3690 2237 3748 λοῦσι
2281 3694 2371 3746 τὸν
2416 3691 2600 3766 τόπον,
2635 3689 2744 3746 ἐστὶ
2774 3688 2828 3744 δὲ
2859 3691 2994 3746 κατᾶ
3026 3692 3123 3758 τὴν
3181 3689 3454 3768 λεωφόρον
3501 3693 3604 3756 τὴν
3661 3689 3748 3744 ἐπὶ

2094 3778 2333 3851 Βηθλεὲμ
2365 3777 2642 3857 φέρουσαν)
2695 3779 2918 3854 γίνεται,
2953 3778 3095 3834 ἄκων
3125 3779 3247 3852 μὲν,
3281 3779 3418 3835 ἀλλὰ
3449 3789 3744 3854 πατρικοῖς

2093 3867 2255 3924 εἴκων
2300 3867 2616 3940 θελήμασιν,
2651 3868 2683 3922 ἃ
2714 3866 2918 3940 μᾶλλον
2950 3869 2982 3935 ἢ
3012 3869 3182 3942 ἑαυτῷ
3213 3869 3530 3945 πειθόμενος
3553 3867 3740 3936 ἧν.Τίς

2093 3956 2147 4012 δὲ
2179 3957 2258 4012 καὶ
2291 3959 2323 4023 ἡ
2351 3957 2487 4012 αἰτία
2545 3957 2641 4023 τῆς
2697 3958 3069 4031 μεταστάσεως
3106 3977 3122 4030 ;
3155 3959 3286 4035 γυνή
3340 3980 3423 4022 τις
3482 3958 3602 4014 λίαν
3648 3959 3740 4013 εὖ·

2095 4044 2251 4114 σεϐὴς
2294 4047 2379 4101 καὶ
2422 4047 2638 4117 κοσμία,
2687 4045 2918 4120 τοῦνομα
2947 4045 3165 4119 Ἰκελία,
3213 4046 3436 4104 πλουσία
3469 4049 3563 4104 τὸν
3595 4045 3732 4122 βίον,

2092 4134 2454 4211 πλουσιωτέρα
2497 4136 2591 4201 τὴν
2647 4135 2861 4211 ἀρετήν.
2923 4133 3065 4201 Αὕτη
3125 4135 3363 4200 σύνοικος
3397 4136 3497 4210 μὲν
3545 4131 3738 4210 δπῆρξέ

2093 4225 2191 4280 τινὶ
2277 4223 2553 4301 πρότερον,
2636 4222 2852 4300 ὕστερον
2935 4222 2986 4278 δὲ
3047 4223 3142 4279 καί
3215 4231 3438 4301 Χριστοῦ
3498 4224 3734 4283 διάκονος

2093 4313 2209 4367 κατ’
2269 4310 2532 4368 εὒσέϐειαν
2578 4314 2798 4386 γίνεται,
2863 4313 2960 4370 Καὶ
3017 4312 3116 4388 γὰρ
3146 4313 3240 4368 καί
3274 4315 3364 4368 τὸν
3395 4315 3578 4370 ἐκεῖσε
3611 4311 3736 4367 ναὸν

2098 4403 2159 4469 τῇ
2223 4402 2480 4475 Δεσποίνῃ
2543 4401 2755 4456 πάντων
2800 4401 2886 4455 καὶ
2951 4401 3194 4474 Θεοτόκῳ
3240 4399 3438 4478 ἱδρῦσαι
3497 4401 3730 4477 λέγεται.

2095 4491 2301 4556 Ταύτης
2361 4493 2482 4564 γοῦν
2525 4489 2731 4557 πολλὴν
2775 4489 2895 4544 τότε
2939 4496 3014 4561 τῷ
3067 4487 3272 4565 γέροντι
3331 4491 3726 4569 προσφερούσης

2089 4581 2189 4646 τὴν
2232 4578 2480 4654 ἱκετείαν,
2529 4577 2668 4633 ὥστε
2726 4583 2801 4649 τῷ
2859 4577 2982 4652 παρ’
3050 4579 3214 4643 αὑτῆς
3270 4577 3401 4651 τῷδε
3473 4574 3726 4634 κτισθέντι

2092 4675 2199 4741 ναῷ
2257 4667 2640 4744 ἐγκατοικῆσαι
2681 4669 2772 4722 τοι
2818 4663 3120 4736 Θεοδόσιον,
3169 4668 3401 4723 πείθεται
3446 4666 3540 4741 μὲν
3591 4663 3725 4718 ἄκων

2090 4759 2319 4836 ἐκεῖνος,
2353 4758 2516 4812 πείθει
2547 4755 2601 4811 δὲ
2633 4755 2820 4828 πολλῷ
2850 4753 3054 4828 μᾶλλον
3087 4760 3190 4834 οὒχ
3241 4757 3430 4836 ἑκόντα
3475 4758 3565 4813 τὸν
3621 4772 3727 4827 μα-

2089 4850 2256 4914 θητὴν
2307 4833 2722 4922 Ἷπαραδέξασθαι
2801 4845 2900 4912 τὴν
2969 4833 3273 4917 μετάθεσιν.
3332 4833 3396 4926 ᾯ
3454 4847 3553 4922 γὰρ
3609 4841 3732 4917 πρὸς

2089 4933 2285 5002 ἡδονῆς
2326 4935 2390 5001 ἦν
2441 4933 2830 5009 ἣσυνοίκησις,
2864 4932 3147 4990 ἀκόλουθον
3207 4932 3261 4988 δὲ
3306 4935 3474 5007 τούτῳ
3523 4932 3728 4990 πάντως

2167 5213 2243 5282 (8)
2289 5211 2429 5268 Eam
2462 5212 2694 5283 exhibet
2722 5211 3152 5283 Adiricbomius
3183 5211 3238 5268 in
3274 5209 3649 5283 topographia
3683 5211 3735 5261 et

2098 5284 2490 5360 descriptione
2551 5282 3334 5360 qrb_is__l-Iierosolymltanae.
3397 5282 3729 5360 \yillermtls

2099 5352 2308 5426 Tyrius
2339 5355 2438 5410 lib.
2469 5367 2527 5410 lx
2557 5352 2629 5409 De
2652 5353 2787 5426 bello
2817 5359 2979 5409 terra
2996 5352 3380 5426 οσςιοιῳιοδρ.
3415 5353 3475 5426 3,
3499 5353 3661 5410 refert
3680 5352 3728 5403 in

2099 5424 2232 5482 arce
2290 5435 2343 5482 et
2402 5426 2544 5483 turri
2598 5425 2825 5482 Davidis
2881 5439 3054 5482 omne
3112 5424 3278 5482 urbis
3318 5425 3729 5482 munimentum

2102 5496 2275 5554 fuisse
2305 5509 2434 5552 cum
2466 5511 2496 5553 a
2529 5495 2872 5558 Christianis
2905 5496 3284 5566 reciperetur.
