4018 6136
283 286 402 352 477

1290 284 1480 353 VITA
1522 285 1579 349 S.
1629 282 2036 350 THEODOSII
2078 280 2691 351 C(ENOBIARCH/E.

3538 275 3656 346 478

280 419 503 500 ἀνιαρὸν
566 415 808 501 γενέσθαι
858 426 964 479 τῶν
1023 419 1323 502 χωρισμὸν,
1385 418 1563 484 ἄλλως
1618 440 1675 475 τε
1718 416 1772 474 δὲ
1842 413 1937 471 καί

2041 413 2272 502 nolesta
2301 416 2484 480 fuerit
2512 416 2808 499 separatio
2846 438 2860 479 :
2906 417 3161 482 maxime
3190 434 3323 480 cum
3353 416 3423 479 B.
3456 411 3656 502 Theo-

278 517 373 569 τοῦ
429 511 702 590 μακαρίου
745 510 1024 570 Θεοδοσίου
1081 509 1336 589 ἄρχεσθαι
1394 506 1601 584 μᾶλλον
1660 507 1697 577 ἢ
1752 506 1941 586 ἄρχειν

282 598 599 679 ἐφιεμένου,
633 600 813 682 ὥσπερ
855 598 955 680 ἄρα
987 598 1076 656 καὶ
1105 600 1133 655 ὁ
1164 596 1323 676 λόγος
1355 595 1608 666 δηλώσει.

359 687 444 752 θ’.
497 690 741 755 Πεισθεὶς
798 690 899 768 γὰρ
954 688 1041 746 καὶ
1115 687 1441 766 μετατεθεὶς,
1504 687 1591 743 καὶ
1649 686 1739 741 τὸν
1797 687 1942 740 θεῖον

279 780 409 837 ναὸν
470 779 689 837 ἰκεῐνον
759 780 1006 852 οἰκήσας,
1071 777 1196 833 εἶτα
1251 775 1348 843 τῆς
1404 773 1589 855 φήμης
1661 771 1942 851 παραπολὺ

279 866 495 946 μᾶλλον
574 869 732 926 αὐτὸν
794 870 866 934 εἰς
922 865 1160 928 ἅπαντας
1232 861 1634 936 διαϐιϐαζούσης
1694 861 1943 941 (φανερὸν

279 961 382 1039 γὰρ
427 960 465 1026 ἡ
516 958 707 1035 ἀρετή.
744 958 842 1016 To»
900 953 1227 1029 κεκτημένον
1264 951 1381 1010 οἶδε
1439 966 1594 1010 ποεῖν
1639 955 1742 1031 οὔχ
1784 949 1945 1018 ἧττον

278 1048 315 1118 ἢ
359 1050 397 1118 ἡ
444 1046 676 1123 λαμπὰς
724 1047 818 1103 τὸν
859 1043 1134 1124 φέροντα),
1199 1044 1295 1100 οὒκ
1346 1040 1578 1121 ἐνεγκὼν
1627 1041 1722 1106 τὰς
1768 1040 1945 1097 ἐκεῖσε

276 1134 588 1216 διατριϐὰς,
634 1136 708 1198 εἰς
753 1132 871 1191 τάδε
914 1134 976 1190 τὸ
1027 1131 1147 1203 ὅρος
1214 1129 1309 1187 καῖ
1365 1132 1427 1187 τὸ
1479 1132 1617 1209 ἱερὸν
1678 1126 1943 1199 σπήλαιον

280 1224 630 1305 μεταϐαίνει,
714 1221 767 1290 ἐξ
839 1223 898 1280 οὗ
981 1223 1104 1298 μίαν
1168 1219 1374 1286 ἐκεῖνος
1433 1219 1603 1295 μόνην
1659 1218 1758 1285 τὴν
1813 1218 1945 1294 πρὸς

278 1317 415 1373 Θεὸν
454 1327 703 1373 ποιεῖται
757 1310 1069 1388 μετάϐασιν,
1123 1310 1240 1367 ἐκεῖ
1288 1313 1350 1365 τὸ
1404 1314 1562 1375 σῶμα
1608 1306 1941 1368 καταλιπών.

284 1396 350 1463 Ἠ
412 1403 610 1481 μέντοι
668 1403 800 1481 πρὸς
854 1408 913 1458 τὸ
957 1399 1077 1477 ὅρος
1121 1400 1294 1472 ⁸τούτῳ
1353 1400 1631 1474 μετάθεσις
1690 1396 1776 1453 διὰ
1805 1396 1946 1475 τρεῖς

277 1493 484 1556 ταύτας
566 1490 734 1556 αἰτίας
792 1487 1051 1569 θεοφιλῶς
1122 1488 1348 1566 γίνεται.
1428 1492 1643 1566 Πρῶτον
1702 1486 1800 1560 μὲν
1855 1483 1948 1539 ’ίνα

278 1581 380 1652 τήν
444 1581 637 1662 ἀρχὴν
695 1582 769 1642 ὡς
828 1577 967 1656 μέγα
1024 1600 1075 1634 τι
1107 1574 1273 1653 ἄψθος
1305 1575 1532 1656 ἐκφύγῃ,
1565 1575 1630 1644 ἣν
1675 1575 1946 1643 ἐπιθήσειν

280 1670 434 1745 αότῷ
494 1672 550 1726 οἱ
607 1668 785 1726 ἐκεῖσε
830 1665 1079 1746 πατέρες,
1138 1665 1174 1732 ἢ
1232 1667 1292 1721 τὸ
1350 1666 1531 1743 περιὸν
1587 1662 1792 1740 μᾶλλον
1846 1667 1946 1730 τῆς

2023 501 2228 566 dosius
2259 504 2461 567 mallet
2508 524 2742 587 parere,
2798 525 2972 589 quam
3003 506 3327 587 imperare,
3361 503 3518 567 sicut
3546 500 3655 562 de—

2024 591 2275 655 clarabit
2302 595 2514 657 oratio.

2104 684 2165 745 9.
2201 683 2349 746 Cum
2380 684 2581 764 itaque
2615 703 2934 767 persuasus
2964 687 3020 750 ei
3052 686 3374 750 translatus
3403 688 3583 755 esset,
3604 687 3661 740 et

2025 770 2287 833 divinum
2309 772 2456 836 illud
2482 774 2765 856 templum
2780 772 3488 857 habitasset,ejusdeinde
3508 770 3662 833 fama

2027 861 2099 922 ad
2128 881 2340 925 omnes
2365 867 2909 945 pervadente(solet
2931 868 3092 930 enim
3111 867 3296 929 virtus
3327 883 3447 927 non
3470 861 3664 923 minus

2030 952 2298 1033 eum,qui
2330 971 2460 1015 eam
2491 954 3170 1037 possidet,conspicuum
3204 955 3661 1033 reddere,quam

2029 1042 2301 1122 eum,qui
2330 1061 2461 1105 eam
2493 1044 2903 1121 fert,lucernai
2931 1066 3052 1110 non
3073 1047 3273 1109 ferens
3293 1044 3419 1107 illic
3442 1039 3663 1102 versari

2029 1129 2279 1206 diutius,
2312 1135 2521 1195 transit
2573 1133 2633 1195 in
2678 1135 2835 1198 hunc
2864 1154 3097 1199 sacrum
3133 1144 3393 1199 montem
3423 1141 3479 1195 et
3511 1130 3663 1192 hanc

2028 1219 2372 1293 speluncam
2406 1222 2483 1303 i9)
2516 1246 2529 1282 :
2565 1241 2634 1285 ex
2666 1243 2778 1305 qua
2807 1225 3069 1288 facitille
3086 1244 3264 1287 unam
3292 1222 3477 1286 solam
3501 1237 3658 1291 eam,

2029 1326 2164 1390 quas
2194 1318 2283 1370 est
2308 1310 2381 1371 ad
2415 1313 2627 1391 Deum,
2665 1315 3097 1390 transitionem,
3131 1314 3253 1377 illic
3283 1312 3491 1376 relicto
3523 1325 3663 1370 cor-

2032 1416 2197 1478 pore.
2231 1397 2447 1463 Tribus
2477 1408 2672 1464 autem
2708 1401 2782 1464 de
2811 1405 3006 1466 causis
3039 1404 3133 1485 pie
3158 1404 3221 1466 lit
3252 1403 3381 1483 ejus
3410 1401 3470 1463 iu
3502 1416 3665 1460 mon-

2033 1496 2150 1549 tem
2185 1487 2509 1552 translatio
2549 1488 2811 1554 Primum
2862 1494 3124 1573 quidem,
3158 1503 3225 1555 ut
3257 1491 3664 1572 praefecturam

2031 1583 2306 1657 tanquam
2340 1596 2616 1658 magnum
2647 1581 2886 1663 aliquod
2919 1602 3070 1645 onus
3099 1582 3543 1663 fugeret,quam
3578 1575 3668 1638 illi

2031 1674 2199 1727 erant
2225 1664 2559 1746 imposituri
2585 1678 2802 1749 patres,
2830 1671 2919 1733 vel
2953 1672 3147 1752 potius
3177 1672 3309 1753 ejus
3334 1670 3528 1731 virtus
3547 1663 3670 1753 exi-

283 1757 489 1839 ἀρετῆς
552 1757 773 1836 ἔμελλε.
830 1758 1081 1836 Δεύτερον
1138 1752 1217 1827 δὲ,
1272 1753 1364 1809 ἵνα
1432 1754 1516 1809 καὶ
1576 1753 1673 1821 τὴν
1718 1758 1807 1841 τοῦ
1850 1752 1944 1808 τό-

2041 1754 2171 1815 mia.
2223 1756 2499 1818 Secundo
2552 1766 2616 1820 ut
2670 1761 2783 1823 loci
2816 1780 3053 1841 quoque
3090 1752 3558 1829 translationem,
3589 1752 3663 1815 ad

283 1869 390 1906 που
467 1847 799 1924 μετάστασιν
877 1843 1019 1921 δείξῃ
1103 1844 1190 1900 καὶ
1266 1841 1535 1906 πολιτείας
1612 1840 1945 1919 ὑψηλοτέρας

2032 1842 2380 1907 excelsioris
2409 1846 2540 1909 vitae
2597 1848 2930 1912 institutum
2965 1851 3411 1914 translationem
3456 1845 3661 1909 efﬁce—

282 1937 387 2006 τὴν
418 1942 538 1994 τῶν
588 1935 875 2015 ἀνθρώπων
902 1933 1130 2010 ἐρημίαν
1160 1932 1479 2011 πολυγονίαν
1529 1935 1669 1988 εἶναι
1729 1930 1946 2000 καρπῶν

2041 1940 2141 2013 ret,
2176 1933 2555 1999 solitudinem
2610 1937 2683 2000 ab
2731 1940 3041 2003 hominum
3070 1941 3340 2004 convictu
3371 1943 3661 2000 secretam

286 2030 393 2093 τῆς
440 2025 644 2104 ἀρετῆς
701 2023 1026 2102 ἡγούμενος.
1092 2024 1161 2080 Τὸ
1220 2019 1274 2078 δὲ
1333 2022 1528 2101 τρίτον,
1574 2022 1644 2082 ὡς
1678 2019 1755 2110 μὴ
1786 2019 1944 2077 οἴκο-

2041 2022 2392 2104 multiplices
2448 2031 2678 2089 virtutis
2727 2028 2951 2092 fructus
2982 2029 3310 2110 producere
3340 2025 3660 2090 arbitrans.

283 2117 399 2189 θεν,
445 2112 575 2171 ἀλλ’
603 2114 705 2171 ὑπὸ
749 2115 883 2169 Θεοῦ
935 2113 1193 2190 κινηθεὶς,
1253 2111 1329 2166 ’ἔν’
1387 2111 1606 2167 ἐνταῦθα
1658 2109 1752 2177 τῆς
1815 2116 1946 2188 Χρι-

2041 2113 2228 2174 l‘ertio
2256 2122 2479 2191 autem,
2515 2117 2670 2197 quod
2701 2136 2817 2180 non
2848 2137 2883 2180 a
2928 2109 3014 2194 se,
3068 2121 3170 2182 sed
3221 2137 3254 2180 a
3309 2120 3433 2182 Deo
3465 2120 3662 2176 motus

288 2225 423 2264 στου
482 2202 757 2284 φάλαγγος
807 2203 907 2270 τὴν
965 2202 1288 2279 στρατηγίαν
1350 2201 1684 2280 ἐγχειρισθῇ,
1721 2198 1840 2256 ἔνθα
1882 2196 1947 2265 δὴ

291 2296 385 2353 καὶ
469 2293 733 2358 τοσαύτας
818 2297 1154 2365 στρατιωτῶν
1241 2288 1494 2364 μυριάδας
1598 2286 1802 2364 μᾶλλον
1894 2285 1950 2343 δὲ

294 2384 679 2461 πνευματικῶν
735 2380 991 2461 ἀριστέων
1050 2384 1127 2453 τῷ
1180 2386 1344 2453 κοινῷ
1381 2377 1626 2454 Δεσπότῃ
1658 2398 1946 2455 προσενεγ·

293 2484 418 2530 κεῖν
500 2469 747 2548 ἔμελλεν.
835 2468 1016 2535 Οὕτως
1094 2468 1190 2525 οὐκ
1246 2467 1345 2533 ἔξω
1404 2469 1624 2545 γνώμης
1679 2465 1950 2547 θεοφιλοῦς

302 2562 566 2636 κινηθεὶς,
623 2565 692 2637 τῇ
748 2582 805 2617 τε
861 2567 952 2617 τοῦ
1002 2557 1152 2636 ὅρους
1193 2563 1395 2637 κορυφῇ
1439 2556 1702 2634 πρόσεισι,
1751 2556 1838 2612 καὶ
1898 2555 1952 2612 ἐν

294 2656 375 2726 τῷ
420 2652 674 2725 σπηλαίῳ
722 2650 891 2724 τούτῳ
942 2649 1107 2727 μέχρι
1142 2647 1324 2711 τέλους
1381 2646 1669 2725 αὐλίζεται,
1701 2644 1731 2701 ’ὁ
1762 2646 1849 2701 καὶ
1880 2646 1951 2711 εἷς

304 2738 455 2821 δεῦρο
483 2740 547 2797 τὸ
575 2740 716 2819 ἱερὸν
746 2739 905 2796 ἆῦτοῦ
936 2737 1162 2795 πλουτεῖ
1192 2736 1465 2813 λείψανον,

389 2829 461 2894 ι’,
522 2828 696 2908 Λόγος
750 2826 806 2885 δέ
867 2849 947 2891 τις
1004 2828 1076 2891 εἷς
1135 2828 1278 2901 ἡμᾶς
1340 2825 1397 2879 ἐκ
1455 2825 1696 2902 πατέρων
1754 2824 1951 2880 ἄνωθεν

314 2917 607 2999 ἀφιγμένος
662 2918 784 2982 τοὺς
830 2917 1047 2977 πιστοὺς
1115 2915 1342 2978 ἐκείνους
1388 2915 1602 2992 Μάγους
1653 2913 1838 2993 φησὶν,
1898 2915 1953 2969 οἳ

313 3005 365 3074 ἒξ
414 3005 720 3065 Ἀνατολῶν
749 3007 822 3072 εἷς
876 3004 1112 3081 βηθλεὲμ
1165 3002 1475 3082 ἐληλύθασι,
1506 3009 1583 3077 τῷ
1625 3001 1687 3059 ἐκ
1712 3007 1810 3069 τῆς
1844 3000 1954 3058 ἄνω

314 3096 589 3176 περιωπῆς
636 3097 707 3162 εἰς
764 3096 857 3157 τὰς
915 3097 1008 3151 τοῦ
1050 3094 1254 3166 κόσμου
1312 3090 1455 3149 τοῦδε
1493 3092 1705 3165 Δυσμὰς
1751 3090 1952 3148 ἐλθόντι

317 3191 553 3265 Χριστῷ,
595 3185 795 3266 χρυσὸν
852 3184 940 3240 καὶ
999 3180 1208 3239 λίϐανον
1260 3184 1347 3238 καὶ
1380 3183 1610 3257 σμύρναν
1637 3179 1755 3237 λίαν
1801 3182 1949 3238 εὗσε-

319 3270 426 3340 6ὦς
476 3273 960 3352 προσενέγκαντας,
994 3272 1119 3328 ε’ίτα
1158 3273 1247 3327 καὶ
1304 3270 1394 3326 ὑπ’
1441 3269 1667 3349 ἀγγέλου
1725 3292 1953 3349 χρημα-

328 3362 580 3428 τιοθέντας
608 3362 687 3440 μὴ
738 3362 903 3428 αὐτὴν
961 3365 1026 3428 ἢν
1072 3359 1232 3427 ἦλθον
1264 3360 1404 3422 αὖθις
1450 3372 1660 3433 τεμεῖν,
1691 3358 1831 3416 ἀλλὰ
1885 3357 1953 3414 δι’

330 3449 500 3529 ἑτέρας
551 3449 747 3527 μᾶλλον
805 3452 879 3513 είς
938 3450 1034 3516 τὴν
1096 3450 1291 3505 οἰκείαν
1351 3445 1682 3504 ἐπανελθεῖν·
1738 3449 1953 3510 τούτους

326 3535 387 3607 δὴ
427 3539 542 3605 τοὶς
583 3539 794 3618 Μάγους
833 3538 887 3594 ἓν
919 3536 1075 3611 τῷδε,
1110 3538 1262 3617 φησὶ,
1309 3544 1386 3610 τῷ
1431 3534 1680 3608 σπηλαίῳ
1708 3537 1826 3613 περὶ
1863 3536 1952 3603 τὴν

318 3626 564 3687 ἐπάνοδον
623 3627 943 3701 καταλῦσαι,
1005 3626 1099 3683 καί
1162 3629 1382 3683 ἐνταῦθα
1456 3626 1637 3688 νυκτὸς
1692 3624 1949 3694 καθευδήο

313 3738 526 3797 σαντας,
585 3715 754 3780 οὕτως
827 3715 989 3773 ἕωθεν
1048 3721 1146 3783 τῆς
1208 3712 1392 3770 οἴκαδε
1461 3715 1722 3794 φερούσης
1767 3715 1954 3776 αὐτοὺς

309 3804 562 3883 ἅψασθαι.
601 3805 705 3865 Καί
734 3803 938 3863 τοιόνδε
970 3803 1023 3860 δὲ
1056 3803 1195 3868 ἴσως
1241 3803 1490 3859 ἀπίθανον
1524 3804 1648 3860 αὐτὸ
1691 3800 1905 3858 διατείει
1937 3806 1952 3832 ‘

312 3900 522 3976 πρῶτον
579 3895 680 3972 μὲν
734 3895 834 3973 γὰρ
877 3895 994 3957 τοὺς
1042 3891 1125 3949 διὰ
1178 3900 1282 3949 τῶν
1326 3892 1711 3967 Ἱεροσολύμων
1761 3889 1957 3948 ὁδεύειν

310 3982 744 4065 προῃρημένους,
776 3983 837 4039 οὗ
885 3984 1021 4039 πάνυ
1072 4005 1122 4039 τι
1171 3981 1386 4060 alapa.-
1420 3981 1670 4056 ἑτέρωθεν
1701 3981 1807 4037 ἀπὸ
1851 3981 1956 4056 βη-

309 4073 470 4149 θλεὲμ
513 4071 699 4149 οἴκαδε
756 4072 969 4135 τούτους
1023 4070 1316 4143 ἐπανιέναι,
1380 4069 1520 4125 ἔνθεν
1593 4069 1646 4125 δὲ
1709 4071 1786 4145 μὴ
1851 4091 1955 4126 πα-

308 4145 544 4242 ριόντας,
605 4145 812 4240 1Ὠσπερ
851 4164 938 4218 καὶ
998 4166 1085 4216 νῦν
1131 4160 1338 4237 ὁρῶμεν
1388 4160 1509 4222 τοὺς
1562 4159 1665 4215 ὰπὸ
1699 4158 1952 4234 Βεθλεὲμ,

307 4249 432 4320 ἤτοι
462 4250 558 4319 τῆς
626 4251 932 4330 περιχώρου
992 4253 1154 4315 «ora;
1208 4245 1612 4326 παροδεύοντος,
1646 4245 1731 4304 διάί
1773 4253 1870 4314 τῆς
1903 4245 1956 4303 δε

307 4339 699 4419 πορευομένους
711 4387 724 4401 .

395 4426 491 4492 ια’.
523 4429 756 4487 ’Ἔπειτα
810 4425 866 4484 δὲ
920 4428 1005 4484 καὶ
1056 4425 1229 4483 πολλὰ
1260 4430 1365 4482 τῶν
1396 4423 1560 4481 πάλαι
1592 4425 1689 4500 μὲν
1725 4448 1955 4504 γεγενη-

2031 2200 2230 2276 fuerit,
2266 2211 2330 2265 ut
2356 2203 2536 2266 isthic
2569 2204 2626 2267 ei
2655 2204 2871 2269 Christi
2914 2208 3165 2287 phalanx
3196 2205 3472 2269 ducenda
3496 2220 3658 2265 com-

2035 2288 2396 2365 mitteretur,
2432 2292 2536 2354 ubi
2593 2301 2676 2355 tot
2729 2294 3004 2371 militum,
3040 2297 3129 2358 vel
3155 2297 3349 2377 potius
3381 2292 3659 2375 spiritua-

2034 2378 2176 2441 lium
2232 2381 2555 2444 Procerum
2618 2383 2826 2459 millia,
2888 2395 3012 2447 erat
3063 2385 3368 2448 communi
3419 2381 3671 2446 Domino

2035 2466 2361 2533 oblaturus.
2399 2470 2497 2533 Sic
2527 2489 2669 2551 ergo
2702 2474 2795 2553 pia
2829 2483 3025 2537 mente
3054 2481 3411 2549 commotus,
3434 2470 3671 2535 accedit

2033 2558 2106 2620 ad
2140 2557 2419 2622 verticem
2455 2562 2698 2640 montis,
2748 2572 2805 2626 et
2834 2562 2897 2625 in
2940 2564 3049 2631 hac
3073 2563 3360 2645 spelunca
3387 2569 3670 2643 perpetuo

2035 2645 2278 2722 habitat,
2307 2667 2436 2730 quae
2467 2649 2649 2713 etiam
2683 2652 2994 2734 hucusque
3014 2653 3144 2733 ejus
3172 2652 3358 2715 sacris
3386 2651 3552 2713 dives
3582 2657 3674 2712 est

2034 2736 2334 2818 reliquiis.

2116 2826 2500 2900 10.0uaedam
2523 2839 2722 2894 antem
2751 2831 2905 2895 fama
2930 2832 3004 2894 ab
3035 2832 3152 2897 alto
3175 2851 3209 2895 a
3241 2830 3511 2913 patribus
3541 2839 3668 2893 tra-

2034 2914 2179 2994 dita,
2211 2917 2283 2978 ad
2339 2936 2447 2980 nos
2507 2938 2719 2996 usque,
2773 2922 3059 3000 pervenit,
3093 2939 3227 3003 qum
3255 2920 3424 2992 dicit,
3460 2919 3672 2984 lldeles

2036 3005 2171 3069 illos
2198 3006 2419 3085 Magos,
2453 3010 2554 3090 qui
2613 3009 2920 3073 Bethleem
2979 3018 3269 3074 venerunt
3298 3010 3372 3073 ab
3403 3008 3672 3087 Oriente,

1971 3147 2012 3197 Ο
2037 3112 2172 3197 cum
2204 3094 2350 3171 Deo,
2385 3096 2486 3197 qui
2517 3114 2588 3159 ex
2630 3114 2891 3179 superna
2918 3099 3163 3197 specula
3192 3099 3254 3162 in
3285 3096 3674 3197 Occidentem

2040 3183 2216 3263 hujus
2236 3185 2443 3246 mundi
2462 3194 2726 3259 venerat,
2754 3204 2991 3269 aurum,
3015 3187 3153 3249 thus
3177 3196 3236 3248 et
3256 3185 3555 3267 myrrham
3581 3184 3678 3263 pie

2037 3270 2360 3333 admodum
2374 3271 3301 3353 obtulissent,deindeabAngelo
3318 3290 3673 3354 responsum

2037 3361 2428 3439 accepissent,
2464 3380 2539 3423 ne
2569 3361 2841 3424 eamdem
2878 3364 3026 3425 viam
3058 3381 3263 3425 rursus
3296 3362 3543 3438 inirent,
3570 3360 3675 3423 sed

2040 3466 2147 3527 per
2170 3449 2345 3510 aliam
2373 3450 2569 3531 potius
2590 3451 2857 3513 redirent
2880 3451 2939 3513 in
2955 3470 3122 3514 suam
3144 3450 3450 3531 regionem
3486 3468 3499 3512 :
3528 3449 3673 3524 Hos,

2036 3537 2459 3618 inquam,dicit
2489 3542 2685 3618 Magos
2707 3540 2833 3618 (lO)
2868 3539 2930 3601 in
2957 3541 3066 3602 hac
3084 3540 3373 3620 spelunca
3396 3539 3456 3600 in
3479 3538 3675 3601 reditu

2035 3626 2219 3687 fuisse
2249 3628 2615 3691 diversatos:
2650 3646 2904 3710 cumque
2936 3629 3034 3693 hic
3060 3638 3235 3691 noctu
3266 3628 3674 3700 dormiissent,

2042 3732 2216 3778 mane
2236 3716 2536 3793 inpressos
2560 3734 2692 3779 esse
2713 3721 3025 3799 viam,qua3
3039 3716 3292 3780 ducebat
3313 3718 3371 3779 in
3395 3715 3674 3797 patriam;

2040 3814 2099 3865 et
2120 3804 2234 3866 tale
2256 3805 2498 3885 quidem
2521 3816 2612 3868 est
2632 3806 2882 3888 id,quod
2906 3806 3148 3881 dicitur,
3172 3816 3236 3869 et
3263 3806 3513 3868 fortasse
3545 3823 3675 3867 eam

2041 3892 2203 3954 nulla
2247 3892 2555 3957 labefactat
2596 3894 3028 3976 improbalitas.
3064 3898 3212 3960 Nam
3249 3898 3504 3977 primum
3538 3894 3677 3975 qui-

2041 3980 2344 4058 dem,cum
2364 3987 2703 4047 statuissent
2729 3985 2963 4064 ingredi
2983 3986 3094 4047 iter
3117 4004 3223 4066 per
3241 3984 3674 4063 Hierosolyma,

2043 4088 2161 4133 non
2179 4080 2273 4134 est
2289 4071 2608 4134 admodum
2635 4073 2827 4145 facile,
2858 4083 2923 4135 ut
2946 4075 2987 4135 ii
3006 4074 3122 4137 alia
3143 4092 3213 4137 ex
3236 4073 3543 4137 Bethleem
3568 4073 3679 4135 do-

2044 4179 2202 4222 mum
2220 4166 2858 4226 reverterentur.Sicut
2881 4164 3057 4226 etiam
3084 4181 3243 4225 nunc
3262 4162 3528 4225 videmus
3551 4179 3677 4241 eos,

2042 4255 2141 4329 qui
2171 4267 2205 4311 a
2234 4251 2569 4326 Bethleem,
2593 4254 2682 4314 vel
2707 4256 2782 4313 ab
2804 4272 2875 4315 ea
2897 4271 3027 4333 quae
3047 4261 3137 4314 est
3159 4250 3552 4315 circumcirca
3581 4268 3678 4311 re-

2039 4336 2242 4417 gione,
2279 4347 2610 4413 transeunt,
2645 4358 2750 4420 per
2780 4342 2936 4403 hanc
2968 4340 3285 4422 proﬁcisci.

2124 4428 2534 4490 H.Praeterea
2557 4436 2755 4491 autem
2788 4428 2973 4491 multa
3002 4447 3074 4491 ex
3110 4430 3344 4510 iis,quaa
3369 4427 3510 4491 olim
3541 4428 3677 4508 qui-

306 4519 512 4596 μένων,
542 4517 611 4596 τῇ
662 4519 775 4591 θείᾳ
825 4515 880 4573 δὲ
937 4518 1017 4591 μὴ
1050 4512 1375 4593 ἐγκειμένων
1408 4497 1615 4590 Γραφῇ,
1653 4515 1687 4582 ἡ
1718 4497 1951 4592 ἀγραφος

2042 4514 2177 4578 dem
2204 4514 2352 4577 facta
2373 4525 2535 4589 sunt,
2560 4517 2673 4578 sita
2694 4527 2893 4580 autem
2924 4536 3039 4579 non
3062 4497 3280 4579 suntin
3305 4517 3505 4581 divina
3525 4497 3684 4581 scri-

309 4607 601 4689 παράδοσις
654 4607 792 4684 μόνῃ
838 4608 926 4664 καὶ
970 4607 1044 4667 εἰς
1098 4604 1175 4660 ἔτι
1240 4601 1629 4680 παρασκευάζει
1687 4617 1904 4680 κρατεῖν
1939 4621 1953 4634 ⁵

310 4696 410 4754 οἷα
467 4694 532 4765 δὴ
584 4698 672 4755 καὶ
728 4698 793 4753 τα
852 4696 970 4774 περὶ
999 4700 1093 4751 τοῦ
1124 4694 1334 4763 κρανίου
1366 4689 1631 4767 λεγόμενα
1661 4697 1849 4766 τόπου,
1884 4696 1959 4766 τῷ

314 4785 563 4865 μεγάλῳ,
594 4786 754 4866 φημὶ,
802 4782 1105 4849 διείληπται
1164 4778 1441 4857 βασιλείῳ.
1498 4780 1593 4836 Καὶ
1623 4780 1722 4857 γὰρ
1752 4780 1956 4844 ἐκεῖνος

314 4872 370 4933 έν
421 4876 523 4932 τινὶ
579 4877 684 4931 τῶν
742 4877 897 4932 αὒτοῦ
948 4872 1123 4949 λόγων
1184 4867 1291 4948 (δεῖ
1349 4869 1447 4946 γὰρ
1505 4870 1594 4924 καὶ
1649 4869 1813 4927 ταῦτα
1883 4872 1956 4933 ὡς

385 5004 459 5075 (9)
489 5005 573 5063 De
604 5007 710 5062 hac
739 5003 1018 5076 spelunca
1045 5014 1099 5057 et
1127 5001 1257 5059 loco
1296 5000 1428 5059 fuse
1456 5008 1647 5059 actum
1679 5001 1737 5057 in
1772 5001 1963 5060 Prole-

318 5077 602 5147 gomenis,
634 5077 671 5147 δ
698 5077 753 5131 4.

385 5145 497 5217 (10)
531 5141 744 5204 Ead'em
769 5146 1101 5217 referuntur
1134 5143 1192 5200 in
1221 5142 1449 5217 Ειοαίε)Δ
1473 5141 1710 5217 Joannis
1750 5141 1961 5217 Moschi

313 5212 489 5289 supra
519 5217 701 5276 relato
733 5218 791 5273 in
832 5215 1284 5285 Prolegomenis.
1326 5212 1363 5268 ἱ
1387 5212 1741 5277 Didicerant,
1776 5214 1961 5286 inquit

314 5288 628 5345 Barradius
658 5297 857 5345 noster
896 5294 1050 5343 tomo
1081 5286 1106 5342 Ι
1139 5286 1198 5341 in
1240 5287 1554 5342 comment.
1613 5285 1667 5339 in
1701 5284 1958 5342 Concor-

315 5288 628 5347 Ba’rradius
658 5297 857 5345 noster
896 5294 1050 5343 tomo
1081 5288 1106 5342 Ι
1139 5288 1198 5341 in
1240 5288 1554 5342 comment.
1613 5288 1667 5339 in
1701 5288 1958 5342 Concor-

315 5361 468 5417 diam
532 5356 945 5429 Evangelicam
983 5399 997 5422 ,
1079 5356 1419 5429 speluncam
1513 5353 1741 5424 palatiis
1797 5366 1960 5414 ante-

316 5443 550 5512 ponere,
581 5426 728 5486 cum'
745 5430 1043 5486 Christum
1074 5426 1131 5484 in
1166 5426 1444 5497 spelunca
1478 5436 1675 5483 natum
1706 5442 1958 5499 conspe-

314 5510 782 5644 Πῗῖῗῗῑθέεὶιίυε
829 5568 891 5627 in
931 5582 1058 5643 capi
1095 5580 1133 5625 ν
1166 5566 1345 5625 Εεδίθ
1387 5582 1401 5624 ³
1446 5587 1469 5619 ⁸
1512 5564 1777 5626 obtinuit
1809 5568 1955 5628 tam

2043 4611 2234 4685 ptura,
2269 4607 2394 4667 sola
2415 4606 2656 4687 scriptis
2678 4626 2795 4669 non
2828 4616 3100 4669 mandata
3123 4607 3382 4681 traditio,
3410 4606 3591 4670 efﬁcit
3622 4617 3682 4667 ut

2040 4694 2103 4753 in
2139 4693 2492 4755 hodiernum
2526 4714 2715 4775 usque
2747 4697 2903 4758 diem
2942 4714 3046 4776 pro
3103 4696 3282 4758 certis
3331 4697 3682 4759 habeantur.

2041 4780 2247 4854 Qualia
2277 4791 2414 4843 sunt
2442 4801 2532 4858 ea,
2568 4802 2702 4861 quae
2731 4783 3014 4847 dicuntur
3035 4784 3110 4846 de
3141 4785 3273 4845 loco
3305 4786 3515 4862 cranii,
3550 4802 3684 4862 quae

2040 4878 2199 4945 sunt,
2234 4870 2504 4951 inquam,
2538 4881 2784 4933 tractata
2818 4890 2852 4933 a
2904 4890 3116 4951 magno
3149 4872 3365 4934 Basilio
3395 4871 3546 4951 (11).
3580 4871 3684 4931 llle

2044 5001 2394 5074 quaedamin
2443 5003 2700 5061 Ecclesia
2763 5006 3102 5063 memoriam
3157 5018 3531 5074 conservans,
3565 5017 3679 5061 non

2044 5073 2277 5146 quidem
2310 5075 2886 5146 scriptoiproditam,
2938 5090 3065 5146 qum
3115 5085 3170 5134 et
3198 5076 3329 5134 talis
3361 5086 3445 5133 est
3480 5073 3681 5146 {quod

2045 5144 2229 5216 prima
2286 5144 2483 5216 utique
2536 5144 2725 5203 iudaea
2761 5144 3079 5216 hominem
3134 5146 3381 5216 habebat
3410 5144 3683 5210 incolam,

2043 5213 2324 5289 nimirum
2354 5213 2553 5282 A'dam,
2601 5215 2773 5289 simul
2818 5226 2985 5289 atque
3013 5217 3217 5289 excidit
3262 5213 3487 5289 deliciis
3519 5230 3685 5288 para-

2044 5286 2177 5357 disi,
2200 5288 2265 5361 _in
2299 5286 2408 5343 hac
2438 5298 2584 5343 terra
2620 5286 3064 5361 collocatummd
3097 5286 3467 5361 mitigapdam
3491 5286 3687 5361 jactu-

2045 5371 2166 5414 ram
2199 5357 2480 5414 bonorum
2538 5357 2747 5431 quibus
2802 5359 2988 5417 luerat
3018 5357 3247 5416 exutus.
3283 5357 3685 5431 Prima'igitur

2043 5431 2231 5502 etiam
2250 5439 2538 5502 mortuum
2560 5428 2864 5485 hominem
2899 5432 3140 5502 excepit,
3172 5431 3271 5500 qui
3302 5437 3357 5485 et
3377 5428 3499 5485 illic
3530 5428 3678 5502 eam,

2042 5499 2133 5556 cui
2166 5497 2430 5557 addictus
2456 5503 2956 5571 er‘at,sententiam
2986 5497 3483 5558 condemnationis
3516 5500 3688 5571 plene

2042 5578 2125 5628 est
2156 5574 2475 5628 exsecutus.
2509 5567 2708 5643 Itaque
2740 5569 2999 5632 insolens
3028 5585 3153 5630 esse
3185 5585 3252 5630 ac
3279 5584 3494 5630 novum
3519 5567 3690 5631 'vido-
