4018 6136
308 285 417 354 481
1313 287 1500 358 VITA
1545 291 1605 355 S.
1654 288 2064 356 THEODOSII
2105 288 2714 358 C(ENOBIABCH/E.
3583 292 3700 360 482

305 423 636 502 ρίσπαστον,
715 432 813 492 τῆς
872 424 1187 501 ψαλμῳδίας
1263 426 1324 481 τὸ
1399 424 1673 499 εὔτακτον,
1737 426 1796 481 τὸ
1876 423 3512 507 τῶγΑδθνθιειιῑίθιψοηιιιόΞδεεὶόυίιοιθιη,ρυ1οὶπιιιιι
3537 431 3698 508 psal-

304 513 612 590 ὀφθαλμῶν
702 516 831 592 πρὸς
910 513 1106 590 δάκρυα
1189 515 1580 594 γονιμώτατον,
1653 517 1724 578 ὡς
1799 516 1975 583 στῆναι

2069 517 2281 577 modia:
2309 514 2622 585 ordinem,
2659 513 2966 576 oculorum
3013 515 3070 576 in
3101 515 3389 597 lacrymas
3436 517 3698 580 innatam

304 604 574 680 πρότερον
635 603 850 660 ἐλπίσαι
911 604 1168 676 πόταμῶν
1225 603 1420 659 ἀένναα
1472 602 1728 680 ῥεύματα,
1789 604 1823 672 ἢ
1887 606 1975 670 τὰς

2065 603 2501 683 profusionem,
2529 611 2590 663 ut
2615 601 2776 682 prius
2799 620 2936 682 spes
2963 611 3115 665 esset
3135 603 3265 664 sisti
3291 605 3577 684 perennia
3595 606 3701 667 ﬂu-

302 697 412 748 τῶν
483 690 744 769 δακρύων
803 694 1004 748 ἐκείνου
1059 692 1262 771 πηγὰς,
1307 692 1400 756 τὰς
1457 690 1525 748 δι’
1583 692 1721 749 ὅλων
1783 698 1975 750 νυκτῶν

2062 691 2287 755 viorum
2308 694 2736 772 ﬂuenta,quam
2759 691 2953 754 fontes
2970 693 3124 754 illius
3145 693 3568 773 lacrymarum;
3597 712 3703 775 per

300 783 554 854 στάσεις,
625 783 751 843 τοὺς
810 787 981 860 κρυφῆ
1041 786 1413 859 κρεμασιῆρας
1469 781 1696 843 ἐκείνους
1751 782 1832 862 ἐφ’
1893 783 1975 847 οἷς

2069 789 2216 842 totas
2247 790 2450 843 noctes
2487 781 2798 843 stationem
2838 801 2854 856 ;
2915 782 3142 842 occulta
3172 783 3318 862 lora,
3353 783 3589 863 quibus,
3631 802 3700 845 eo

301 869 387 926 διὰ
443 871 511 927 τὸ
573 873 901 951 χαυνοῦσθαι
960 878 1036 945 τῷ
1095 870 1242 929 ῧπνω
1297 873 1385 929 καὶ
1441 870 1686 948 δποῤῥεῖν
1730 875 1860 950 πρὸς
1929 871 1975 928 δὲ

2067 872 2226 951 quod
2275 871 2333 932 in
2365 889 2637 932 somnum
2671 870 2966 932 diiilueret
3009 879 3066 931 et
3094 871 3515 948 resolveretur,
3566 890 3700 933 cum

372 960 387 982 κ
491 960 506 978 ς
668 967 696 976 η
1145 962 1157 978 ς
1205 961 1216 980 ρ
1370 961 1382 980 ρ
1611 963 1621 982 ι
1853 963 1867 982 κ
1957 963 1973 981 ε

303 982 390 1016 και
449 981 556 1022 τας
626 983 734 1016 των
793 957 1073 1035 βουϐώνων
1132 959 1312 1025 οδυνας
1365 968 1765 1038 υπεστηριζετο,
1818 983 1878 1017 το
1926 960 1975 1017 δε

2066 959 2324 1039 inguinis
2357 959 2565 1021 dolore
2597 959 3039 1022 suﬂ‘ulciebatur
3071 980 3088 1036 ;
3146 961 3538 1023 humilitatem
3571 962 3699 1042 spi-

300 1049 569 1105 ταπεινὸν
631 1056 726 1106 τοῦ
757 1050 1084 1124 πνεύματος,
1118 1050 1179 1104 τὸ
1218 1046 1272 1104 δὲ
1323 1055 1517 1127 πρᾶον,
1554 1049 1616 1104 τό
1657 1048 1712 1105 δὲ
1767 1050 1975 1106 σύννουν

2065 1049 2240 1124 ritus,
2276 1049 2813 1126 mansuetudinem,
2847 1049 3104 1110 animum
3158 1060 3224 1112 ut
3247 1050 3566 1129 plurimum
3594 1071 3699 1113 co-

300 1140 374 1202 ὡς
425 1139 498 1194 τὰ
544 1138 733 1196 πολλὰ
775 1139 865 1196 καί
921 1140 1296 1216 προσεκτικὸν,
1349 1140 1410 1194 τὸ
1466 1137 1521 1194 δὲ
1571 1142 1667 1206 τῆς
1748 1137 1975 1202 διανοίας

2062 1137 2444 1217 gitabundum
2480 1147 2537 1198 et
2566 1145 2874 1211 attentum,
2909 1155 3050 1198 acre
3086 1139 3416 1216 ingenium,
3453 1147 3511 1201 et
3541 1138 3696 1219 quod

302 1227 415 1302 ὀξὺ,
452 1229 557 1285 καί
629 1228 745 1285 λίαν
797 1233 1032 1293 εὒπετίυς
1093 1232 1206 1288 εὒθϊ
1247 1235 1351 1284 τῶν
1391 1230 1620 1306 οὐρανῶν
1677 1228 1975 1302 ἀνιπτάμε-

2062 1226 2383 1288 admodum
2439 1227 2616 1289 facile
2647 1235 2803 1288 recta
2833 1225 2904 1286 ad
2953 1227 3134 1288 caelos
3167 1247 3350 1308 usque
3410 1227 3700 1290 volabat?

300 1340 392 1374 νον
431 1337 449 1390 ;
497 1325 678 1375 ταῦτα
721 1316 960 1382 εὔξασθαι
999 1319 1096 1392 μὲν
1157 1316 1348 1373 δυνατά
1403 1318 1490 1374 καὶ
1549 1316 1755 1392 ἄλλοις,
1799 1319 1975 1393 μιμή-

2063 1316 2198 1378 Haac
2243 1326 2446 1396 optare
2477 1317 2719 1396 quidem
2746 1323 2992 1394 possunt
3023 1323 3198 1377 etiam
3247 1317 3346 1378 alii
3385 1338 3400 1394 ;
3433 1326 3569 1378 sunt
3600 1335 3701 1379 au-

302 1410 500 1464 σασθαι
533 1405 597 1462 δὲ
628 1408 934 1465 παντάπασι
965 1405 1206 1487 χαλεπά,

2066 1413 2184 1466 tem
2215 1407 2285 1468 ad
2320 1405 2673 1467 imitandum
2703 1405 2943 1465 omnino
2972 1404 3258 1468 difﬁcilia.

413 1495 460 1517 ευ
831 1495 844 1513 κ
923 1496 933 1514 ι
1038 1494 1062 1514 η
1330 1500 1355 1509 ~
1425 1493 1454 1516 γ
1567 1494 1580 1516 \
1705 1493 1756 1527 .I.
1835 1495 1845 1516 ι

387 1511 438 1552 ιο
469 1545 484 1558 .
520 1498 766 1575 Γαστρὸς
799 1495 852 1550 δε
883 1517 960 1556 τις
1006 1517 1144 1553 ουτω
1188 1517 1395 1572 κρατων
1423 1516 1510 1568 ην,
1549 1497 1583 1562 ἢ
1629 1515 1757 1572 προ,
1789 1517 1975 1568 νόμους

2148 1497 2244 1556 14.
2280 1493 2392 1565 Qui
2424 1495 2612 1556 ventri
2638 1492 2713 1554 ita
2740 1493 3066 1572 imperavit,
3094 1502 3193 1553 aut
3221 1512 3355 1555 eum
3387 1494 3700 1556 abstinen-

300 1586 635 1664 ἒγκρατείας
690 1586 1004 1642 ὑπείκουσαν
1074 1587 1271 1663 ἔχωνς
1331 1585 1388 1646 ὃς
1447 1583 1635 1650 ἐπίσης
1707 1583 1840 1661 αὐτῇ
1895 1586 1975 1640 καὶ

2065 1583 2160 1645 tiae
2184 1583 2412 1663 legibus
2431 1583 2616 1662 magis
2647 1580 2846 1642 habuit
2873 1581 3297 1645 obedientem?
3325 1581 3439 1656 Qui
3465 1601 3537 1644 eo
3567 1594 3702 1646 ute-

299 1677 619 1752 θεραπαίνῃ
685 1673 968 1753 χρώμενος
1039 1673 1127 1746 ἦν,
1189 1670 1341 1728 ὁπότ’
1425 1672 1487 1726 ἂν
1545 1672 1700 1735 αὐτὸς
1776 1672 1975 1730 κελεύοι

2064 1672 2238 1734 batur
2259 1691 2373 1734 non
2398 1689 2573 1734 secus
2609 1689 2671 1732 ac
2690 1670 3132 1744 ancilla,cibum
3164 1681 3437 1734 sumente
3464 1673 3700 1753 quando

300 1764 512 1842 τροφῆς
578 1769 960 1841 κοινωνοῦσαν,
995 1768 1346 1818 κοινωνοῦσαν
1408 1758 1463 1816 δὲ
1521 1760 1624 1840 οὔχ
1669 1763 1790 1818 ὅσον
1845 1762 1975 1830 αὐτὴ

2063 1763 2190 1840 ipse
2207 1762 2270 1840 jn
2284 1759 3010 1840 beret;sumente,inquam
3023 1761 3243 1831 ,cibum
3257 1781 3394 1837 ,non
3414 1770 3700 1840 quantum

303 1853 574 1929 βούλοιτο
647 1851 769 1908 ἀλλ’
846 1851 966 1907 ὅσον
1036 1850 1188 1928 ἤρκει
1254 1856 1353 1916 τῆς
1425 1855 1653 1929 φυσικῆς
1735 1852 1978 1928 συζυγίας

304 1939 724 2020 διακρατεῖσθαι
777 1942 869 1996 τὸν
914 1937 1227 2014 σύνδεσμον,
1293 1930 1355 1995 Ἠ
1400 1939 1570 2018 τροφὴ
1615 1938 1794 2012 μέντοι
1853 1963 1978 2018 φοι-

304 2031 471 2088 νίκων
520 2032 750 2108 καρποῗ,
781 2029 818 2097 ἢ
875 2036 980 2086 τῶν
1032 2029 1288 2108 κερατίων
1347 2027 1524 2107 ὀλίγα,
1558 2027 1592 2094 ἢ
1648 2027 1871 2106 δ’σπριόν
1930 2052 1977 2084 τι

306 2118 491 2177 δευθὲν
522 2119 701 2192 ὕδατι,
732 2118 769 2187 ἢ
827 2120 923 2174 καί
954 2124 1061 2174 τῶν
1105 2117 1300 2194 ἀγρίων
1344 2119 1579 2194 βοτανῶν
1610 2118 1662 2173 αἱ
1705 2115 1972 2191 ἑδωδιμοι.

310 2211 371 2266 Εἰ
431 2208 617 2267 δὲκαὶ
674 2209 864 2271 σπάνις
896 2206 1105 2274 ἀπήντα
1163 2213 1267 2262 τῶν
1312 2205 1603 2283 εἰρημένων
1662 2207 1742 2261 διὰ
1773 2208 1829 2262 τὸ
1882 2211 1978 2273 τῆς

310 2297 546 2376 ἐρημίας
609 2299 865 2360 ἐπιεικῶς
897 2296 1116 2375 ἄπορον,
1151 2297 1280 2352 όστᾶ
1337 2296 1586 2374 φοινίκων
1617 2292 1976 2374 διαϐραχέντα

312 2387 606 2466 φιλότιμος
663 2386 850 2457 ἐκείνῳ
892 2386 1062 2465 τροφὴ
1120 2383 1206 2440 διὰ
1277 2385 1374 2450 τὴν
1417 2383 1681 2461 ἀνάγκην,
1743 2387 1830 2440 καὶ
1885 2390 1978 2441 τοῦ

314 2474 483 2552 λιμοῦ
539 2478 704 2552 σοφὸν
764 2479 1112 2553 παραμύθιον.
1175 2474 1372 2547 ’Ἄρτου
1425 2471 1478 2528 δὲ
1539 2474 1624 2528 καὶ
1691 2475 1764 2536 εἷς
1819 2473 1972 2545 τριά-

317 2586 484 2623 κοντα
543 2564 820 2643 παρέτεινε
872 2564 1123 2644 χρόνους,
1189 2559 1334 2636 μηδὴ
1397 2562 1572 2640 βραχὺ
1626 2563 1976 2638 γευσάμενος.

318 2653 473 2722 Πλὴν
530 2653 674 2711 οὕτω
727 2655 846 2730 περὶ
877 2654 977 2720 τὴν
1023 2652 1206 2732 χρείαν
1255 2660 1348 2710 τοῦ
1390 2651 1640 2724 σώματος
1673 2650 1817 2730 ἔχων
1860 2650 1977 2707 λίαν

319 2742 512 2809 ἐνδεῶς
575 2746 663 2801 καὶ
723 2743 1165 2820 ἧναγκαεμένως,
1200 2742 1302 2819 οὔχ
1337 2741 1533 2815 ὁμοίως
1591 2742 1678 2796 καὶ
1709 2744 1836 2817 περλι
1881 2741 1974 2807 τὴν

319 2837 418 2900 τῆς
453 2838 642 2911 ψυχῆς
701 2829 948 2904 διέκειτο,
981 2827 1101 2886 ἀλλ’
1146 2832 1356 2897 ἓναίνηι.
1405 2831 1723 2891 ἀπεναντίας
1771 2828 1975 2904 μᾶλλον

325 2923 406 2978 καὶ
466 2922 729 2999 περιττῶς
759 2919 972 2998 ἔτρεφεν
1031 2919 1235 2997 ἡμέρας
1265 2940 1321 2975 τε
1379 2920 1467 2975 καὶ
1524 2919 1733 2995 νυκτὸς,
1767 2917 1860 2976 ἅτε
1903 2919 1978 2982 τῷ

326 3010 472 3085 νόμῳ
533 3011 722 3088 Κυρίου
763 3008 882 3065 καθ’
941 3009 1171 3074 ἑκάστην
1227 3007 1558 3084 ἐμμελετῶν,
1590 3009 1676 3064 καὶ
1719 3021 1837 3073 τοῖς
1896 3010 1976 3064 ἱε-

2061 1850 2189 1929 ipse
2223 1850 2527 1925 vellet,sed
2551 1857 2829 1930 quantum
2847 1850 3238 1912 suﬁiceretad
3272 1849 3698 1913 continendum

2060 1939 2360 2001 vinculum
2394 1938 2677 2001 naturalis
2698 1938 3166 2018 conjunctionis.
3192 1939 3565 2002 Alimentum
3588 1958 3702 2001 au-

2063 2037 2178 2089 tem
2212 2037 2338 2092 erat
2365 2029 2586 2090 fructus
2617 2027 2846 2108 palmae,
2870 2037 2964 2089 aut
2994 2047 3195 2108 paucae
3219 2027 3584 2105 siliquaa,aut
3615 2029 3705 2090 le-

2061 2136 2278 2196 gumen
2301 2117 2534 2198 aliquod
2571 2127 2750 2196 atqua
2782 2117 3206 2190 madefactum,
3241 2117 3538 2180 autetiam
3573 2136 3706 2198 quae

2061 2224 2130 2267 ex
2165 2207 2495 2286 agrestibus
2509 2207 2711 2268 herbis
2725 2217 2898 2269 erant
2920 2207 3046 2267 esui
3065 2207 3406 2286 aptre.Quod
3427 2207 3474 2266 si
3491 2207 3704 2268 borum

2060 2313 2460 2376 quoque,quae
2488 2295 2640 2356 dicta
2669 2303 2965 2366 sunt,erat
2995 2296 3244 2374 penuria
3276 2304 3522 2375 propter
3543 2314 3703 2356 sum-

2059 2402 2214 2445 mam
2239 2382 2574 2444 solitudinis
2595 2383 3025 2463 inopiam,ossa
3045 2382 3407 2462 dactylorum
3433 2383 3703 2444 medefa-

2061 2481 2177 2545 cta,
2205 2481 2375 2533 erant
2397 2471 2480 2532 illi
2515 2471 2738 2533 lautum
2765 2479 2822 2533 et
2853 2471 3233 2552 splendidum
3269 2470 3700 2534 nutrimentum

2061 2570 2304 2642 propter
2358 2561 2796 2632 necessitatem,
2833 2569 2892 2622 et
2933 2560 3105 2622 famis
3134 2561 3348 2623 scitum
3399 2561 3700 2625 solatium.

2065 2652 2375 2729 Perpetuis
2393 2659 2587 2712 autem
2622 2650 2865 2728 triginta
2883 2650 3053 2711 annis
3073 2650 3242 2730 panis
3266 2650 3414 2711 nihil
3445 2651 3702 2729 gustavit

2060 2740 2314 2819 penitus.
2351 2739 2465 2802 Sed
2500 2739 2609 2800 etsi
2637 2739 2715 2801 ita
2743 2757 2921 2820 parce
2942 2747 3001 2801 et
3029 2739 3236 2800 stricte
3279 2759 3346 2801 se
3367 2739 3612 2818 gerebat
3639 2740 3700 2800 iu

2061 2832 2153 2903 iis,
2184 2848 2315 2910 qua:
2338 2829 2716 2910 pertinebant
2743 2828 2817 2891 ad
2839 2847 3006 2890 usum
3041 2827 3332 2908 corporis,
3365 2846 3483 2890 non
3509 2830 3587 2890 ita
3611 2836 3700 2890 ta-

2062 2936 2195 2981 men
2221 2937 2286 2980 se
2317 2917 2572 2980 habebat
2594 2917 2899 2999 iniis,qure
2925 2917 3396 2997 pertinebantad
3415 2918 3698 2980 animam:

2061 3007 2160 3070 sed
2195 3008 2354 3070 illam
2386 3016 2594 3070 contra
2624 3006 2864 3069 abunde
2898 3014 2959 3069 et
2987 3007 3229 3087 copiose
3259 3018 3441 3069 noctu
3481 3006 3704 3087 diuque

328 3113 440 3175 ροϊς
496 3099 699 3177 λογίοις
743 3096 1001 3164 διηνεκῶς
1056 3095 1428 3175 ἀρδευόμενος,
1491 3095 1617 3194 Παρ¹
1643 3097 1725 3194 .ὃὲ
1755 3097 1843 3153 καὶ
1902 3097 1975 3162 ὡς

2061 3095 2345 3194 alebatzut
2369 3099 2472 3178 qui
2494 3096 2710 3194 inlege
2731 3095 2969 3194 Domini
2992 3095 3259 3194 quotidie
3289 3095 3700 3194 meditaretur,

332 3185 476 3253 ξύλον
529 3187 681 3269 ὤφθη
713 3189 775 3244 τὸ
831 3187 972 3265 παρά
1001 3185 1095 3249 τᾶς
1154 3192 1258 3242 τῶν
1301 3185 1500 3244 ὑδάτων
1560 3183 1812 3251 διεξόδους
1870 3208 1974 3243 πε-

2061 3196 2115 3249 et
2159 3187 2345 3249 sacris
2376 3186 2634 3250 oraculis
2665 3186 2930 3267 quotidie
2967 3186 3277 3265 rigaretur.
3313 3185 3442 3259 Quo
3482 3186 3704 3248 factum

338 3278 668 3356 φυτδυμένον,
727 3275 824 3333 καὶ
911 3277 1001 3332 τὸν
1075 3277 1275 3354 καρπὸν
1355 3273 1519 3331 ἐδίδου
1591 3295 1726 3332 κατα
1794 3277 1974 3354 καιρὸν

2061 3289 2231 3340 est.ut
2254 3281 2410 3336 visus
2431 3279 2505 3337 sit
2533 3287 2806 3350 tanquam
2841 3279 3061 3350 lignum
3083 3275 3238 3350 quod
3270 3277 3586 3348 plantatum
3620 3287 3708 3336 est

346 3362 550 3430 ¹ἵιδιιιτιίν
577 3387 634 3424 τε
663 3367 751 3423 καὶ
809 3363 1214 3440 δαψιλέστατον.
1248 3365 1348 3423 Τὸν
1379 3364 1476 3439 μὲν
1533 3364 1621 3422 οὗν
1648 3371 1739 3420 τοῦ
1786 3365 1975 3438 σώμα-

2061 3377 2230 3422 secus
2254 3360 2544 3422 decursus
2574 3377 2886 3439 aquarum,
2911 3367 2966 3420 et
2990 3358 3247 3420 fructum
3272 3357 3434 3420 dedit
3458 3359 3513 3419 in
3547 3367 3701 3420 tem-

344 3476 430 3521 τος
478 3455 532 3513 ἂν
565 3456 767 3523 νεότητι
830 3457 960 3527 πρὸς
1020 3456 1112 3516 τὰς
1144 3454 1419 3529 ἐπιθυμίας
1474 3453 1771 3532 ἐρεθισμὸν,
1811 3452 1975 3518 οὕτως

2062 3467 2205 3529 pore
2218 3448 2728 3528 jucundissimum
2755 3455 2811 3509 et
2834 3447 3542 3528 copiosissimumAtque
3564 3466 3702 3510 cor-

341 3549 396 3600 εὗ
434 3545 634 3610 ἐκεῖνος
663 3546 888 3624 ἠρεμεῖν
950 3544 1334 3620 παρεσκεύασε·
1396 3550 1584 3599 τοῦτον
1643 3541 1695 3596 δὲ
1725 3546 1816 3598 τὸν
1878 3542 1973 3598 νό-

2061 3538 2220 3618 poris
2233 3537 2472 3618 quidem
2500 3541 2558 3598 in
2577 3538 2891 3618 juventute
2905 3535 3274 3598 adlibidines
3290 3536 3700 3600 incitationem

332 3653 428 3707 μον
475 3634 568 3702 τῆς
611 3632 920 3712 ἐγκρατείας
953 3631 1058 3711 οὔχ
1115 3631 1226 3707 ἅμα
1258 3633 1344 3688 καὶ
1403 3636 1471 3707 τῇ
1530 3629 1680 3705 ἀκμῇ
1722 3636 1817 3697 τῆς
1848 3631 1972 3686 νεός

2061 3629 2140 3690 sic
2162 3629 2413 3709 pulchre
2435 3629 2633 3691 effecit
2657 3625 3281 3710 conquiescere.Hanc
3302 3637 3496 3690 autem
3523 3628 3705 3691 absti-

326 3742 482 3788 τητος
528 3721 922 3780 συναποϐαλεῖν
985 3720 1208 3799 ἔκρινεν,
1266 3718 1371 3778 οὔδ’
1431 3722 1502 3783 ὡς
1563 3718 1834 3799 ἄχρηστον
1897 3719 1972 3776 ἔτι

2061 3718 2270 3779 nentiae
2291 3717 2480 3796 legem
2517 3735 2634 3779 non
2667 3717 2870 3778 statuit
2902 3716 3080 3778 simul
3105 3716 3370 3797 abjicere
3398 3736 3530 3780 cum
3555 3719 3703 3780 flore

325 3812 411 3868 καὶ
454 3813 533 3885 μὴ
585 3810 881 3889 ἀναγκαῖον
938 3808 1216 3888 ἀπώσατο,
1263 3807 1401 3864 ἀλλὰ
1468 3809 1554 3864 καὶ
1613 3807 1776 3888 μέχρι
1819 3810 1971 3886 βαθυο

2061 3807 2394 3886 ieventutis,
2451 3825 2644 3888 neque
2695 3824 2830 3870 eam
2887 3806 3109 3887 repulit
3168 3815 3444 3888 tanquam
3506 3808 3703 3870 adhuc

325 3899 483 3958 τάτου
552 3897 772 3955 διέσωσε
843 3899 1023 3976 γήρως
1096 3896 1367 3952 ἐπιτείνων
1455 3897 1548 3952 οὐκ
1617 3895 1818 3975 ἀνιεὶς,
1885 3895 1974 3954 καὶ

2061 3896 2324 3958 inutilem
2359 3904 2416 3958 et
2447 3897 2695 3960 minime
2729 3897 3156 3978 necessariam;
3185 3898 3292 3959 sed
3323 3899 3702 3960 conservavit

324 3988 503 4065 ὥσπερ
563 3988 680 4044 τινὰ
736 3986 1008 4062 σύμπλουν
1053 3985 1109 4042 ἐν
1157 3985 1386 4065 χειμώνι
1434 3989 1528 4042 καὶ
1575 3982 1708 4060 ζάλῃ
1751 3983 1970 4042 συνδια-

2061 4004 2242 4067 usque
2271 3985 2342 4047 ad
2376 3986 2901 4064 profundissimam
2933 3993 3326 4060 senectutem,
3359 4005 3606 4065 angens,
3643 3997 3703 4049 et

324 4076 652 4148 πλεύσαντα,
714 4077 803 4131 καὶ
846 4076 1022 4132 πόνων
1097 4076 1239 4148 αὖτῷ
1298 4075 1695 4143 κοινωνήσαντα
1759 4073 1970 4131 πολλῶν

2061 4093 2170 4136 non
2219 4074 2579 4156 remittens;
2634 4086 2694 4136 et
2725 4094 2842 4136 non
2905 4093 3080 4136 secus
3131 4093 3198 4136 ac
3230 4077 3551 4155 quemdam
3605 4094 3703 4137 so-

327 4168 414 4222 xai
455 4165 738 4240 καμάτων,
771 4162 826 4219 ἐν
882 4168 959 4237 τῷ
999 4163 1174 4240 λιμένι
1220 4161 1322 4231 ἤδη
1366 4163 1651 4241 γενόμενος
1708 4162 1966 4229 αἰδεσθεὶς

2061 4163 2205 4225 cium
2241 4162 2648 4241 navigationis,
2683 4165 2782 4243 qui
2833 4183 2947 4226 una
2979 4163 3269 4242 navigavit
3318 4169 3377 4225 in
3409 4164 3609 4226 hieme
3640 4175 3704 4227 et:

325 4254 633 4312 ἀποθέσθαι.

2061 4260 2422 4333 tempestate,
2456 4252 2898 4335 multorumque
2952 4252 3220 4315 laborum
3283 4262 3341 4316 et
3394 4272 3697 4316 aerumna-

1987 4349 2176 4403 Drum
2208 4341 2318 4402 fuit
2349 4347 2668 4423 particeps,
2691 4361 2827 4404 cum
2855 4343 2978 4424 jam
3011 4341 3194 4405 fuerit
3223 4342 3284 4403 in
3315 4351 3512 4423 portu,
3549 4360 3697 4405 eru-

2048 4431 2302 4494 bescens
2331 4431 2675 4494 amandare.

1833 4564 2061 4624 CAPUT
2102 4565 2191 4622 IV.

1269 4693 1565 4755 Accessus
1594 4692 2050 4775 discipulorum.
2087 4696 2237 4759 Pius
2264 4695 2491 4759 Basilii
2521 4699 2738 4760 obitus.

418 4829 504 4902 ιε’.
551 4838 847 4921 Ἐτύγχανε
888 4846 1165 4918 τοιγαροῦν
1219 4842 1341 4905 τοὺς
1400 4863 1497 4916 μεν
1555 4843 1746 4906 πόνους
1793 4843 1972 4921 ὥσπερ

2139 4839 2235 4902 15.
2258 4838 2752 4919 Amplectebatur
2773 4838 2969 4921 itaque
3001 4839 3257 4917 labores,
3286 4843 3439 4903 sicut
3469 4841 3566 4905 alii
3593 4859 3701 4903 vo-

327 4929 483 4988 ἄλλοι
527 4931 623 4995 τὰς
659 4929 853 4998 ἡδονὰς
903 4928 1293 5009 ἀσπαζόμενος,
1327 4931 1530 4996 ἀνέσεις
1561 4929 1615 4986 δὲ
1647 4933 1731 4988 καὶ
1775 4933 1972 5012 τρυφὰς

2061 4929 2348 5009 luptates:
2384 4929 2772 4990 remissiones
2792 4938 2990 4992 autem
3025 4937 3083 4991 et
3105 4929 3350 4993 delicias
3378 4930 3708 5010 repellebat

329 5016 678 5094 διωθούμενος
723 5019 817 5074 ἴσα
875 5019 962 5075 καὶ
1021 5015 1334 5096 πολεμίους,
1378 5020 1633 5086 τοιαύτην
1676 5021 1818 5094 αὗτῷ
1873 5026 1972 5088 τῆς

2061 5027 2121 5080 ιιι
2143 5020 2368 5089 hostes,
2395 5037 2526 5079 cum
2561 5019 2734 5096 longa
2755 5019 3126 5081 consuetudo
3149 5019 3205 5081 ei
3239 5019 3414 5080 talem
3446 5020 3704 5100 impres-

331 5114 537 5185 μακρᾶς
595 5108 872 5174 συνηθείας
915 5109 1012 5174 τὴν
1069 5104 1173 5170 ἔξιν
1243 5106 1647 5175 ἐντυπωσάσης,
1698 5107 1785 5166 Ἐν
1848 5109 1972 5165 τού-

2061 5107 2237 5170 sisset
2259 5104 2661 5169 habitum.His
2697 5127 2810 5169 non
2843 5126 3018 5169 secus
3048 5127 3115 5169 ac
3149 5108 3318 5170 stella
3341 5107 3708 5188 jucundissi-

328 5217 443 5262 τοις
501 5197 596 5253 οἷά
653 5219 734 5259 τις
779 5196 950 5274 ἀστὴρ
1006 5193 1355 5273 χαριέστατος
1405 5197 1540 5252 πάνυ
1609 5196 1855 5276 λαμπρόν
1917 5220 1975 5254 τε

2061 5215 2176 5273 ma,
2209 5195 2634 5278 splendissime
2681 5215 2749 5258 ac
2792 5197 3196 5277 pulcherrime
3241 5199 3466 5258 micans
3497 5196 3704 5275 radiis,

331 5285 426 5342 καί
483 5284 770 5346 κάλλιστον
813 5297 933 5349 ταῖς
988 5284 1170 5340 ἀκτῖσι
1213 5282 1450 5364 βάλλων,
1485 5283 1587 5352 ἤδη
1615 5288 1702 5342 καὶ
1759 5285 1971 5364 πόῤῥω-

2061 5289 2170 5361 iam
2194 5290 2361 5347 etiam
2392 5290 2593 5362 procul
2623 5291 2955 5362 apparabat.
2987 5289 3129 5346 Nam
3160 5291 3446 5347 civitatem
3479 5304 3708 5363 quoque

331 5377 417 5431 θεν
473 5375 697 5455 φανερὸς
755 5374 847 5441 ἦν.
907 5372 1063 5430 Ἐπεὶ
1125 5373 1211 5428 καὶ
1267 5373 1422 5429 πόλιν
1484 5371 1664 5431 ἐπάνω
1718 5376 1972 5448 κειμένην

2061 5375 2229 5437 sitam
2262 5392 2442 5455 supra
2471 5384 2756 5449 montem,
2777 5383 2867 5435 est
2895 5374 3079 5437 celari
3111 5374 3376 5439 difficile.
3412 5375 3566 5454 Ergo
3593 5393 3707 5438 nec

333 5461 482 5540 ὅρους
551 5465 870 5542 κρύπτεσθαι
939 5459 1204 5541 χαλεπόν·
1280 5460 1464 5519 οὔκουν
1554 5462 1671 5522 οὐδὲ
1744 5463 1970 5541 διέλαθε,

2061 5465 2252 5540 latuit,
2284 5464 2516 5526 etiamsi
2540 5464 2687 5525 illud
2719 5464 2915 5544 ipsum
2943 5473 3234 5546 perpetuo
3266 5466 3513 5545 fugeret.
3560 5463 3705 5527 Cum

333 5551 430 5611 κᾶν
484 5553 669 5625 ἐκείνῳ
724 5558 881 5608 τοῦτο
936 5549 1220 5614 διαπαντὸς
1295 5548 1659 5616 ἕσπουδάξετο.
1709 5555 1795 5622 Μὴ
1838 5552 1972 5610 λαν-

2061 5572 2174 5616 non
2207 5553 2418 5617 lateret
2454 5562 3155 5629 autem,consentaneum
3188 5562 3312 5616 erat
3341 5552 3609 5628 omnino,
3646 5562 3709 5612 ut
