4018 6136
304 296 422 369 483

1603 290 1884 363 MENSIS
1922 294 2376 364 JANUARIUS.

3600 288 3718 359 484

306 436 447 503 boni
497 443 557 501 et
590 428 824 499 honesti
852 428 1144 494 studiosae
1197 429 1425 492 animas
1453 430 1524 492 ad
1559 448 1622 492 se
1655 431 1938 505 traheret,

2026 430 2247 490 θάνοντα
2301 432 2377 511 δὲ,
2413 434 2698 493 ἀκόλουθον
2741 436 2956 501 πάντως
3009 434 3093 517 ἔφ’
3143 422 3350 493 ἑαυτὸν
3385 431 3570 490 ἕλκειν
3627 430 3723 494 τὰς

306 544 426 589 non
459 541 632 587 secus
656 541 724 585 ac
760 538 996 599 magnes
1029 518 1274 593 ferrum,
1309 526 1408 580 aut
1441 519 1633 597 potius
1664 528 1727 582 ut
1759 520 1949 582 bonas

307 614 591 699 quasdam
624 630 787 694 apes,
807 608 1135 699 jucundum
1158 607 1447 699 illudmel
1468 609 1722 699 virtutis.
1758 609 1845 671 Ad
1868 609 1948 671 il-

2030 520 2349 602 φιλοκάλους
2411 525 2609 603 ψυχὰς,
2668 523 2936 601 ἡράκλειά
3004 547 3084 590 τις
3145 524 3302 588 λίθος
3379 521 3569 596 ὥσπερ
3629 520 3720 574 τὸν

2031 609 2264 687 σίδηρον·
2325 611 2360 680 ἢ
2426 611 2631 688 μᾶλλον
2679 615 2751 674 ὼς
2824 612 3075 690 μελίττας
3119 615 3279 679 τινὰς
3355 613 3570 690 ἀγαθὰς
3643 618 3720 685 τῷ

308 696 429 768 lum
454 706 651 785 itaque
660 703 782 783 jam
804 696 1163 761 ventitabant
1183 696 1419 777 quidam
1452 716 1519 760 ex
1546 697 1747 779 iis,qui
1781 709 1938 763 erant

2032 698 2153 767 ἡδεῖ
2195 701 2378 774 ἐκείνῳ
2428 707 2528 768 τῆς
2588 704 2777 782 ἀρετῆς
2832 702 3033 778 μέλιτι,
3095 704 3377 783 Ἐφοίτων
3438 707 3720 780 τοιγαροῦν

308 803 607 860 amatores
627 790 876 859 virtutis,
908 797 964 851 et
993 786 1292 850 malebant
1318 806 1451 849 cum
1478 805 1548 849 eo
1573 787 1835 851 incolere
1855 807 1950 851 so-

308 884 829 962 litudinem,quam
865 896 994 938 cum
1026 875 1481 956 imperatoribus
1516 879 1825 957 praeclaras
1855 880 1947 941 ci-

306 970 660 1045 vitates.Qui
689 969 805 1030 vim
838 968 1178 1039 afferentes,
1214 969 1299 1026 vis
1321 966 1585 1045 quidem,
1618 968 1723 1029 sed
1749 976 1946 1031 tamen

308 1060 690 1145 persuadent,
723 1075 800 1119 ne
855 1072 962 1116 sua
1012 1053 1200 1145 solum
1259 1055 1689 1133 consideraret,
1723 1057 1827 1119 sed
1878 1074 1948 1118 ea

306 1143 508 1223 etiam,
546 1164 679 1228 quae
725 1152 862 1206 sunt
899 1143 1303 1225 proximorum
1339 1163 1352 1204 :
1407 1151 1464 1205 et
1496 1144 1647 1224 ejus,
1680 1163 1812 1226 quae
1854 1153 1945 1208 est

306 1259 374 1302 ex
409 1239 553 1307 Deo.
582 1236 713 1297 vitae
745 1251 880 1297 eum
912 1233 1212 1313 accipiunt
1236 1233 1414 1295 veluti
1447 1234 1843 1313 pedotribam.
1874 1234 1944 1297 Et

310 1339 449 1392 tunc
475 1326 718 1409 quidem
750 1342 850 1387 sex
882 1322 971 1384 vel
992 1331 1221 1403 septem
1247 1340 1492 1385 numtro
1524 1331 1695 1385 erant
1723 1325 1942 1386 chorus

303 1425 400 1501 qui
436 1427 564 1480 erat
594 1415 748 1478 circa
780 1413 995 1493 ipsum.

390 1508 487 1571 16.
535 1504 681 1567 Cum
716 1510 917 1565 autem
971 1501 1151 1563 sciret
1182 1500 1285 1563 ille
1318 1519 1580 1582 magnus,
1615 1502 1685 1563 iis
1740 1502 1844 1583 qui
1877 1522 1947 1566 ex

309 1597 433 1659 Deo
465 1594 659 1656 vivere
718 1590 1031 1670 elegerint,
1066 1590 1214 1652 nihil
1274 1607 1435 1671 aeque
1482 1591 1820 1655 conducere
1872 1594 1948 1655 ad

2034 790 2106 853 ὡς
2162 791 2319 848 αὐτὸν
2373 789 2477 858 ἤδη
2534 792 2638 849 τῶν
2703 790 2995 871 φιλαρέτων
3053 792 3226 871 τινὲς²
3262 791 3369 848 καί
3420 791 3519 846 σὺν
3579 793 3717 864 αὐτῷ

2034 877 2240 953 μᾶλλον
2286 880 2384 947 τὴν
2442 882 2692 957 ἓρημίαν,
2737 881 2771 949 ἢ
2837 883 2932 947 τὰς
2996 880 3254 959 λαμπρὰς
3319 880 3520 943 πόλεις
3585 878 3712 954 μετά

2031 967 2293 1044 βασιλέων
2351 971 2520 1026 οἰκεῖν
2564 971 2889 1041 ἧσπάζοντο⁶
2947 973 2999 1027 οἳ
3033 973 3122 1028 καὶ
3183 967 3713 1048 βιασάμενοιθμόλις

2031 1057 2128 1132 μὲν
2172 1060 2404 1116 πείθουσι
2448 1057 2492 1114 δ’
2526 1058 2673 1134 ὅμως
2740 1061 2818 1135 μὴ
2865 1061 2931 1117 τὰ
2971 1061 3157 1117 ἑαυτοῦ
3210 1061 3392 1135 μόνον
3458 1070 3711 1126 σκοπεῖν,

2025 1146 2162 1203 ἀλλὰ
2220 1146 2285 1214 δὴ
2325 1149 2408 1203 οιαὶ
2438 1149 2503 1204 τὰ
2554 1155 2659 1204 τῶν
2704 1148 2895 1224 πέλας,
2930 1151 3021 1206 καὶ
3065 1154 3157 1207 οἷα
3185 1144 3566 1225 παιδοτρίϐην
3620 1147 3717 1203 αὒ-

2025 1237 2115 1292 τὸν
2175 1243 2266 1293 τοῦ
2313 1237 2448 1293 κατὰ
2506 1238 2632 1294 Θεὸν
2667 1238 2800 1313 έβίου
2857 1236 3372 1317 παραλαμϐάνουσιο
3434 1237 3529 1293 καὶ
3581 1237 3717 1300 τέως

2027 1326 2125 1402 μὲν
2180 1324 2232 1391 ἕξ
2266 1349 2364 1383 που
2394 1328 2481 1383 καὶ
2524 1327 2659 1383 ἑπτὰ
2702 1330 2792 1383 τὸν
2835 1328 3054 1407 ἀριθμὸν
3086 1331 3112 1384 6
3169 1329 3294 1406 περὶ
3328 1325 3501 1383 αὖτὸν
3547 1325 3715 1405 χορὸς

2030 1416 2058 1437 τ
3408 1426 3409 1429 η

2028 1440 2117 1482 ην.

2111 1504 2238 1578 ις’.
2304 1504 2461 1570 Εἰδὼς
2511 1503 2565 1560 δὲ
2612 1508 2638 1561 6
2697 1506 2866 1583 μέγας
2925 1503 3006 1562 ὅτι
3065 1519 3182 1566 τοῖς
3227 1504 3380 1562 κατὰ
3438 1503 3580 1559 Θεὸν
3622 1506 3718 1579 ζῇν

2032 1594 2309 1669 ἑλομένοις
2366 1592 2514 1651 οὒδὲν
2544 1595 2708 1659 οὕτως
2752 1595 2997 1674 ἀτεχνῶς
3049 1595 3179 1673 πρὸς
3238 1595 3306 1650 τὸ
3341 1593 3439 1649 καὶ
3502 1592 3717 1661 κτήσα-

309 1684 628 1768 parandam
683 1681 959 1742 virtutem
993 1686 1049 1741 et
1093 1680 1163 1741 ad
1201 1686 1420 1760 partam
1453 1681 1938 1757 conservandam,

2032 1686 2147 1739 σθαι
2207 1684 2425 1761 ἀρετὴν,
2487 1684 2576 1739 καί
2638 1682 2860 1763 φυλάξαι
2918 1687 3266 1756 κτησθεῖσαν,
3342 1685 3422 1743 ὡς
3485 1680 3719 1755 μνήμην

307 1756 375 1837 ac
430 1772 639 1835 mortis
669 1770 979 1843 memoria,
1014 1787 1145 1850 quae
1185 1756 1361 1830 etiam
1395 1786 1525 1831 vera
1575 1770 1938 1852 philosophia

2032 1756 2253 1829 θανάτου
2312 1756 2584 1851 συνεργεῖν
2628 1756 2863 1844 δύναται,
2899 1772 2934 1841 ἢ
2994 1774 3079 1829 κᾶὶ
3137 1771 3351 1839 ἀληθὴς
3417 1769 3719 1851 φιλοσοφία

306 1872 368 1925 et
422 1861 642 1924 dicitur
689 1866 748 1921 et
798 1857 1113 1933 creditur;
1159 1858 1298 1939 quid
1350 1857 1537 1921 facit?
1592 1858 1938 1940 Sepulcrum

2029 1861 2240 1940 λέγεται
2294 1863 2382 1918 καὶ
2431 1862 2757 1936 πιστεύεται,
2791 1863 2839 1918 τί
2882 1874 3082 1932 ποιεῖς
3142 1862 3312 1942 τάφον
3375 1858 3490 1928 ἤδη
3530 1879 3715 1915 κατα·

299 1954 422 2033 jam
484 1958 836 2012 construere
864 1947 957 2009 his
989 1946 1114 2008 suis
1136 1945 1312 2027 jubet
1368 1946 1674 2029 discipulis
1708 1970 1721 2012 :
1771 1948 1938 2010 simul

2028 1950 2278 2007 σκευάσαι
2336 1964 2451 2016 τοῖς
2511 1950 2722 2014 οἰκείοις
2791 1951 2998 2016 τούτοις
3057 1953 3331 2026 μαθηταῖς
3394 1948 3712 2027 ἐπιτρέπει,

304 2040 545 2122 quidem
597 2046 663 2099 ut
691 2037 820 2118 ejus
879 2043 1040 2097 esset
1100 2043 1545 2097 monumentum
1598 2036 1758 2113 ﬁnis,
1795 2043 1947 2100 sicut

299 2130 480 2192 etiam
530 2137 798 2205 vocatur,
831 2134 888 2187 et
918 2124 1004 2186 sic
1037 2143 1141 2187 eos
1200 2123 1385 2204 magis
1415 2125 1697 2188 excitaret
1727 2126 1799 2189 ad
1829 2126 1942 2190 de-

300 2218 671 2293 certandum,
702 2224 759 2277 et
787 2214 1133 2291 diligentius
1166 2213 1496 2276 stimularet
1520 2214 1586 2278 ad
1620 2216 1896 2278 virtutem
1925 2237 1941 2293 ;

299 2318 355 2371 et
378 2305 558 2369 simul
591 2309 769 2368 etiam
806 2312 865 2365 et
896 2311 1163 2365 mortuos
1187 2302 1485 2384 acciperet
1523 2325 1535 2377 ;
1596 2304 1735 2386 quin
1765 2304 1939 2368 etiam

296 2397 401 2460 ille
458 2413 532 2459 ex
562 2392 779 2457 futuris
808 2392 1029 2474 aliquid
1078 2392 1413 2474 praevidens
1443 2401 1499 2454 et
1533 2396 1891 2475 praesagiens
1923 2415 1940 2476 ;

289 2487 414 2568 jam
467 2484 626 2547 enim
658 2483 786 2545 haec
841 2482 1204 2544 charismata
1228 2489 1285 2543 et
1316 2481 1532 2561 gradus
1557 2484 1854 2564 attigeret,
1884 2484 1943 2546 in

298 2577 430 2637 luce
458 2573 660 2652 gratiae
688 2572 887 2634 lucem
945 2570 1174 2633 videns.
1216 2570 1367 2643 Quid
1402 2578 1597 2632 autem
1632 2580 1759 2635 erat
1786 2573 1941 2653 quod

296 2662 709 2746 praesagiebat,
729 2662 851 2740 jam
876 2660 1116 2721 declare
1145 2659 1490 2740 aggreditur
1522 2661 1732 2724 oratio.
1762 2661 1945 2724 Para-

296 2764 422 2816 tum
476 2751 636 2812 enim
685 2762 811 2810 erat
861 2747 1229 2827 sepulcrum,
1279 2756 1338 2810 et
1369 2747 1637 2811 adstabat
1696 2747 1935 2830 quidem

294 2843 424 2922 ipse
454 2838 714 2918 desuper
746 2854 763 2911 ;
811 2834 1095 2916 discipuli
1126 2842 1323 2898 autem
1367 2836 1563 2916 ipsum
1595 2838 1935 2902 circumsis-

296 2926 520 2989 tebant.
552 2924 663 2986 Ille
694 2931 886 2985 autem
916 2930 1088 2985 acuto
1120 2928 1335 2985 mentls
1365 2923 1539 2986 oculo
1586 2924 1823 2988 intuens
1853 2927 1935 3003 id,

296 3014 457 3094 quod
504 3022 629 3076 erat
657 3019 1035 3086 eventurum,
1068 3011 1154 3073 sic
1198 3012 1397 3092 lepide
1426 3012 1593 3088 dicit,
1627 3032 1730 3077 eos
1778 3014 1939 3097 aspi-

2026 2041 2138 2114 ἅμα
2181 2041 2279 2115 μὲν
2308 2040 2400 2098 ἵνα
2452 2053 2721 2116 μνημεῖον
2751 2040 2966 2113 αὖτοῖς,
2999 2041 3179 2118 ὥσπερ
3222 2039 3288 2107 δη
3337 2040 3436 2097 καὶ
3500 2034 3712 2095 καλεῖ-

2025 2150 2137 2209 ται,
2196 2131 2290 2185 τοῦ
2346 2127 2529 2194 τέλους
2590 2129 2826 2207 γίνηται,
2874 2132 2961 2187 καὶ
3020 2130 3158 2187 οὕτω
3223 2128 3445 2205 μᾶλλον
3514 2126 3713 2189 αὖτοὺς

2026 2218 2340 2296 ἐναγωνίους
2400 2224 2555 2299 ποιῇ³
2612 2221 2700 2276 καὶ
2760 2219 3003 2297 κεντρίζῃ
3064 2222 3196 2299 πρὸς
3251 2218 3464 2298 ἀρετὴν
3525 2216 3711 2292 ἐμπο-

2026 2307 2277 2383 νώτερον,
2328 2308 2441 2384 ἅμα
2496 2308 2677 2364 δὲκαὶ
2736 2311 3063 2376 θνήσκοντας
3123 2306 3484 2388 ὑποδέχοιτο·
3559 2302 3712 2371 πλὴν

2027 2394 2163 2453 ἀλλὰ
2220 2398 2308 2453 καὶ
2358 2396 2671 2475 προϐλέπων
2718 2420 2769 2454 τι
2818 2403 2924 2454 τῶν
2981 2396 3289 2475 μελλόντων
3332 2398 3583 2472 ἐκεῖνος,
3618 2393 3712 2450 καὶ

2028 2487 2441 2564 προνοούμενος,
2510 2484 2612 2554 ἤδη
2680 2487 2780 2566 γὰρ
2848 2491 2936 2544 καὶ
3008 2487 3362 2567 χαρισμάτων
3441 2485 3712 2543 τοιούτων

2027 2576 2112 2632 καὶ
2154 2576 2373 2652 βαθμῶν
2408 2574 2625 2655 ἥπτετο,
2665 2575 2718 2632 ἐν
2762 2577 2895 2656 φωτῖ
2926 2577 3025 2645 τῆς
3083 2577 3337 2655 γνώσεως
3371 2577 3494 2656 φῶς
3534 2576 3706 2653 ὁρῶν.

2032 2667 2127 2721 Καὶ
2185 2664 2314 2731 ὅπέρ
2345 2664 2443 2741 ἄρα
2499 2667 2560 2721 τὸ
2592 2666 2788 2739 μνηθὲν
2840 2665 2930 2740 ἧν,
2967 2668 2994 2722 6
3024 2665 3184 2743 λόγος
3213 2664 3317 2733 ἤδη
3348 2664 3561 2732 δηλοῦν
3607 2661 3702 2740 ἔρ-

2028 2773 2205 2831 χεται,
2264 2753 2614 2832 Ηῦτρεπίζετο
2687 2753 2786 2831 γὰρ
2858 2755 2885 2808 6
2955 2753 3143 2833 τάφος,
3221 2753 3309 2810 καὶ
3385 2753 3703 2832 παρίστατο

2021 2842 2117 2916 μὲν
2161 2843 2318 2906 αὒτὸς
2374 2840 2593 2916 ἄνωθεν,
2652 2843 2699 2898 οἱ
2731 2844 2959 2917 μαθηναὶ
3008 2839 3063 2898 δὲ
3096 2844 3251 2900 αὺτὸν
3311 2848 3700 2921 περιίσταντο.

2022 2929 2125 2992 Καὶ
2180 2930 2239 2994 ’ὃς
2272 2929 2498 3009 ὀξυτέρῳ
2548 2935 2645 2997 τῆς
2693 2929 2921 2995 διανοίας
2964 2929 3167 3007 ὄμματι
3196 2931 3260 2988 τὸ
3313 2928 3704 3003 ὲκϐησόμενον

2025 3021 2281 3098 καθορῶν,
2346 3019 2642 3098 χαριέντως
2718 3017 2858 3076 οὕτω
2911 3040 3026 3085 πως
3106 3021 3234 3098 φησῖ
3300 3018 3431 3097 πρὸς
3497 3016 3699 3079 αὐτοὺς

295 3104 462 3167 ciens
493 3120 506 3165 :
545 3099 902 3182 Sepulcrum
935 3100 1177 3180 quidem
1211 3111 1299 3160 est
1344 3109 1634 3182 paratum,
1669 3102 1938 3184 quisnam

2025 3104 2169 3163 ἰδών
2226 3097 2286 3164 Ὀ
2321 3097 2419 3180 μὲν
2475 3108 2639 3187 τάφος
2670 3105 2772 3175 ἤδη
2831 3107 3071 3184 ἕτοιμος,
3102 3097 3181 3171 τίς
3211 3106 3265 3165 δὲ
3311 3107 3374 3163 ἂν
3405 3108 3510 3176 εἴη
3557 3105 3588 3162 ὅ
3634 3125 3697 3184 γε

294 3201 490 3255 autem
520 3209 590 3253 ex
620 3190 789 3252 vobis
821 3196 912 3251 est
941 3190 1209 3251 encaenia
1240 3190 1369 3271 ejus
1394 3189 1846 3254 celebraturus?
1875 3192 1944 3254 Et

293 3283 395 3345 ille
425 3280 663 3365 quidem
688 3277 796 3357 sic,
824 3277 1023 3361 lepide
1053 3288 1111 3340 et
1137 3278 1382 3341 urbanae
1408 3281 1661 3344 orationi
1691 3282 1944 3345 miscens

294 3376 452 3434 serta
486 3391 498 3433 :
535 3367 769 3431 solebat
802 3368 962 3429 enim
997 3366 1124 3448 ipse
1175 3385 1412 3450 quoque
1443 3368 1601 3432 inter
1628 3369 1744 3431 alia
1785 3378 1940 3433 tem-

293 3479 404 3542 pus
450 3476 653 3534 nosse,
711 3462 1239 3538 austeritatemque
1293 3466 1353 3520 et
1410 3458 1705 3522 tristitiam
1755 3461 1941 3540 gratia

293 3550 596 3613 moderata
626 3547 878 3610 solvere.

373 3641 473 3704 17.
524 3637 771 3710 Quidam
804 3644 1001 3699 autem
1058 3637 1332 3719 Basilius,
1370 3639 1657 3716 dignitate
1701 3640 1939 3722 quidem

289 3730 591 3803 sacerdos,
628 3734 869 3808 propter
898 3744 1098 3788 rerum
1131 3737 1328 3790 autem
1377 3727 1665 3791 bonarum
1698 3731 1940 3794 deside-

290 3823 443 3882 rium
454 3833 792 3897 ,expressos
814 3823 1021 3896 aperte
1046 3832 1288 3877 servans
1319 3825 1599 3896 paternos
1628 3818 1936 3882 characte-

289 3914 476 3985 res;et
494 3922 628 3967 eum
649 3903 751 3986 qui
780 3903 974 3984 ipsum
1006 3913 1290 3983 genuerat
1313 3904 1807 3985 spiritaliter,non
1833 3909 1937 3968 mi-

291 4015 406 4058 nus
434 3994 702 4057 referens
732 3991 1126 4054 similitudine
1172 3991 1425 4069 virtutis,
1460 4012 1638 4071 quam
1673 3995 1941 4057 carnales

292 4096 489 4166 patres
526 4082 567 4143 ii
599 4081 700 4164 qui
738 4099 809 4143 ex
845 4079 965 4142 illis
1021 4080 1140 4141 nati
1190 4088 1349 4161 sunt,
1381 4088 1444 4144 et
1490 4082 1711 4164 alioqui
1743 4083 1938 4147 sciens

291 4174 680 4256 quaestionem
717 4188 836 4232 non
875 4168 1086 4231 frustra
1120 4186 1253 4231 esse
1305 4178 1660 4251 propositam
1693 4190 1727 4233 a
1757 4173 1936 4252 magi-

292 4275 439 4339 stro,
472 4264 700 4344 primus
747 4259 1041 4342 arripiens
1093 4277 1455 4339 sermonem,
1489 4268 1618 4323 erat
1666 4273 1936 4346 prompto

288 4363 349 4417 et
402 4351 585 4414 alacri
614 4351 817 4413 animo
850 4349 922 4410 ad
958 4357 1211 4411 mortem
1265 4349 1623 4428 eligendam,
1660 4362 1933 4432 tanquam

2021 3201 2207 3253 τοῦτον
2235 3195 2287 3261 ἐξ
2344 3198 2492 3272 ὑμῶν
2524 3197 2836 3276 ἐγκαινίσων
2869 3218 2886 3272 ς
2939 3199 3027 3254 καὶ
3068 3199 3097 3254 6
3141 3198 3239 3275 μὲν
3271 3198 3409 3255 οὕτω
3456 3217 3582 3260 πως
3617 3198 3699 3268 τῷ

2022 3286 2259 3366 χαρίεντι
2334 3286 2424 3342 τοῦ
2481 3285 2643 3363 λόγου
2699 3286 2796 3343 καί
2866 3284 3100 3354 σπουδὴν
3177 3287 3506 3364 ὲπιμίσγων·
3574 3284 3695 3347 ἔθος

2024 3376 2121 3454 γὰρ
2184 3374 2318 3450 μετὰ
2372 3380 2479 3431 τῶν
2535 3374 2714 3434 ἄλλων
2777 3375 2922 3451 αὒτῷ
2962 3376 3051 3433 καὶ
3106 3377 3289 3455 καιρὸν
3345 3374 3565 3455 εἰδέναι³
3601 3369 3694 3430 καί

2023 3466 2083 3520 τὸ
2143 3464 2392 3522 σύντονον
2462 3464 2605 3522 ἔστιν
2674 3464 2762 3520 ὅτε
2829 3466 2916 3521 καὶ
2991 3465 3298 3543 σγυθρωπὸν
3366 3463 3690 3543 ἐμμετρίαις

2024 3551 2134 3609 λύει
2150 3575 2165 3607 δ
2196 3565 2318 3616 ταῖς
2351 3553 2560 3633 χάρισι.

2113 3641 2177 3712 ιζ’
2192 3687 2207 3703 .
2271 3641 2547 3706 Βασίλειος
2577 3640 2632 3698 δέ
2687 3663 2789 3722 τις,
2822 3642 2884 3699 τὸ
2911 3642 3009 3718 μὲν
3039 3640 3246 3717 ἀξίωμα
3276 3642 3466 3722 ἱερεὺς,
3502 3645 3584 3716 τῷ
3626 3639 3686 3696 δὲ

2025 3730 2144 3807 περί
2198 3730 2262 3785 τὰ
2290 3731 2426 3787 κατὰ
2468 3730 2617 3804 ζήλῳ
2659 3728 2935 3811 διαφανεῖς
2992 3733 3175 3802 σώζων
3220 3732 3339 3794 τοὺς
3384 3730 3683 3812 πατρικοὺς

2023 3820 2398 3899 χαρακτῆρας,
2458 3821 2543 3876 καὶ
2588 3820 2676 3877 τὸν
2721 3820 3084 3899 γεγεννηκότα
3141 3823 3511 3896 πνευματικῶς
3582 3823 3681 3877 οὖ-

2022 3907 2106 3966 δὲν
2138 3909 2300 3977 ἦττον
2340 3911 2657 3990 ὑποφαίνων
2685 3910 2792 3967 ἀπὸ
2820 3913 2923 3967 τῶν
2966 3916 3066 3979 τῆς
3095 3910 3286 3990 ἀρετῆς
3335 3910 3677 3986 ὁμοιώσεων,

2021 3997 2055 4065 ἢ
2113 3998 2232 4060 τοὺς
2266 3999 2546 4076 σαρκικοὺς
2607 3988 2838 4078 πατέρας
2897 4000 2949 4056 οἳ
2983 3998 3072 4056 ὑπ’
3116 4000 3285 4056 αὐτῶν
3317 3998 3456 4056 οὓτω
3496 3997 3683 4055 τικτό-

2022 4107 2197 4163 μενοι,
2232 4086 2409 4151 ἄλλως
2466 4110 2524 4145 τε
2556 4090 2642 4145 καὶ
2699 4087 2848 4151 εἰδὼς
2892 4088 2971 4165 μὴ
3003 4090 3078 4154 εἷς
3108 4083 3273 4146 ’κενὸν
3304 4089 3539 4166 εἰρῆσθαι
3600 4092 3678 4160 τῷ

2019 4174 2317 4251 διδασκάλῳ
2358 4184 2435 4252 τῷ
2478 4175 2786 4257 πρόϐλημα,
2822 4184 3030 4255 πρῶτος
3062 4179 3150 4234 τὸν
3209 4177 3369 4257 λόγον
3400 4177 3667 4256 ἀρπάσας,

2017 4268 2230 4341 ἕτοίμος
2285 4268 2404 4343 περὶ
2433 4268 2530 4335 τὴν
2574 4270 2666 4324 τοῦ
2727 4271 2950 4325 θανάτου
2999 4267 3205 4345 α’ίρεσιν
3248 4270 3344 4323 καὶ
3403 4266 3671 4346 πρόθυμος

2017 4357 2109 4434 ἦν,
2155 4355 2336 4432 ὥσπερ
2395 4357 2485 4412 οὒκ
2557 4352 2854 4426 ἂϐουλήτου
2914 4357 3055 4418 τινὸς
3114 4345 3489 4435 προκειμένου⁹
3550 4345 3671 4411 ἀλλ’

285 4460 415 4504 rem
439 4458 557 4502 non
580 4437 1027 4519 repudiandam,
1062 4437 1169 4499 sed
1196 4437 1364 4499 valde
1389 4438 1590 4500 utilem
1617 4449 1673 4502 et
1703 4443 1930 4505 condu-

2025 4441 2321 4523 ἐπικερδοῦς
2380 4444 2497 4500 λίαν
2527 4444 2614 4500 καὶ
2656 4442 2942 4520 ὠφελίμου.
3004 4445 3199 4501 Αὐτίκα
3259 4452 3382 4521 γοῦν
3416 4444 3489 4508 εἷς
3544 4442 3668 4521 γόνυ

287 4527 838 4594 cibilem.Protinus
859 4544 998 4606 ergo
1019 4525 1271 4606 genibus
1298 4526 1496 4601 ﬂexis,
1524 4546 1657 4589 cum
1682 4548 1746 4592 se
1770 4532 1936 4594 humi

288 4615 930 4703 projecissetzBenedic
957 4615 1545 4697 mihi,inquit,Pater,
1569 4617 1688 4698 Ego
1710 4629 1934 4702 autem,

286 4706 696 4787 inquit,hujus
719 4703 981 4787 sepulcri
999 4704 1189 4786 primo
1210 4705 1524 4768 celebrabo
1546 4710 1935 4772 encaeniaHic

287 4817 429 4880 ergo
452 4797 646 4880 petiit,
671 4796 774 4857 ille
794 4812 933 4855 vero
957 4793 1225 4857 dedit.Et
1251 4794 1445 4877 ipsum
1467 4797 1703 4876 quidem
1726 4798 1933 4863 habuit

287 4889 653 4972 sepulcrum.
708 4882 884 4948 Jubet
914 4893 1109 4946 autrm
1165 4886 1339 4948 Pater
1367 4886 1568 4947 omnia
1616 4886 1727 4968 ipsi
1776 4888 1928 4965 ﬁeri,

285 4998 416 5063 qua
448 4979 541 5042 lex
567 4976 687 5039 vult
715 4975 842 5037 ﬁeri
877 4975 1125 5036 mortuis
1162 4995 1177 5051 ;
1224 4978 1524 5050 tertianas,
1562 4976 1827 5058 inquam.
1873 4988 1933 5042 et

284 5080 634 5145 novenas,et
664 5073 1106 5146 consequenter
1132 5065 1307 5126 etiam
1342 5066 1926 5146 quadragenas.Cum

280 5169 484 5222 autem
504 5158 631 5239 jam
664 5157 846 5218 linem
878 5153 1222 5234 acciperent
1253 5156 1741 5234 quadragenae,(o
1772 5175 1926 5237 quo-

282 5248 458 5311 modo
481 5243 864 5327 explieaverit
888 5243 1075 5306 oratio
1100 5241 1159 5305 id
1182 5242 1340 5323 quod
1373 5252 1461 5305 est
1493 5244 1660 5306 valde
1682 5245 1923 5325 quidem

280 5355 503 5408 verum,
525 5339 626 5397 sed
646 5348 733 5397 est
755 5337 918 5396 valde
941 5336 1163 5395 creditu
1185 5335 1741 5409 diﬁcilemropterea
1774 5339 1927 5411 quod

285 5425 524 5489 modum
557 5430 873 5504 exsuperat
906 5430 943 5498 l)
965 5421 1220 5485 Basilius
1251 5440 1447 5504 neque
1477 5442 1511 5485 a
1550 5422 1717 5486 febre
1752 5441 1926 5487 arre-

283 5524 565 5598 ptus,nec
587 5511 800 5591 capitis
817 5512 1026 5573 dolore
1046 5521 1428 5588 vexatus,nec
1446 5512 1628 5574 ullum
1657 5512 1923 5575 dolorem

278 5606 547 5672 sentiens
577 5603 635 5663 in
699 5600 819 5661 ulla
874 5609 1041 5682 parte
1096 5604 1387 5685 corporis,
1424 5615 1707 5680 tanquam
1761 5602 1924 5666 molli

2022 4532 2217 4596 κλιθεὶς
2273 4534 2361 4589 καὶ
2392 4534 2523 4612 πρὸς
2581 4538 2684 4611 γῆν
2713 4531 2914 4612 ἐρείσας
2968 4534 3028 4590 τὸ
3076 4534 3387 4612 πρόσωπον³
3422 4532 3663 4610 E61611]-

2020 4624 2099 4678 σίν
2130 4620 2194 4691 δὴ
2245 4623 2335 4698 μὲ,
2370 4623 2566 4701 Πάτερ³
2602 4622 2791 4702 φησὶν,
2822 4624 2934 4702 Equi)
2984 4621 3039 4679 δέ
3071 4645 3152 4679 σοι
3185 4628 3278 4679 τοῦ
3320 4622 3487 4702 τάφου
3518 4617 3657 4677 τοῦδε

2020 4714 2226 4789 πρῶτος
2284 4711 2614 4789 ἐγκαινιστος
2680 4709 2893 4788 ἔσομαι.
2959 4702 3017 4770 Ὀ
3062 4712 3163 4788 μὲν
3206 4710 3293 4769 οὖν
3354 4709 3494 4785 ﬁrst,
3526 4712 3553 4766 6
3606 4705 3662 4764 δὲ

2018 4798 2203 4857 ἐδίδου⁴
2263 4801 2352 4857 καὶ
2411 4800 2438 4855 ὃ
2497 4800 2594 4877 μὲν
2647 4821 2810 4881 ταφος
2872 4804 3029 4880 εἶχεν
3087 4799 3265 4862 αὐτόν,
3312 4798 3557 4857 Ἐκέλευε
3609 4794 3665 4853 δέ

2018 4891 2045 4946 6
2104 4888 2281 4967 Πατὴρ
2313 4888 2486 4946 πάντα
2521 4887 2606 4946 ἐπ’
2641 4887 2782 4964 αὒτῷ
2829 4901 3006 4947 ποιεῖν
3037 4888 3133 4945 ὅσα
3163 4889 3323 4964 νόμος
3357 4888 3410 4942 ἐν
3439 4887 3668 4944 τεθνεῶ-

2017 4979 2094 5034 σίν
2153 4974 2285 5033 ἐστι’
2351 4978 2520 5056 τρὶτα,
2586 4982 2746 5056 φημὶ,
2797 4980 2884 5035 καὶ
2943 4977 3155 5051 ἕννατα,
3209 4980 3296 5035 καὶ
3364 4972 3666 5041 ἀκολούθως

2013 5065 2079 5133 δὴ
2136 5068 2554 5144 τεσσαρακοστα.
2589 5065 2727 5133 ’Ὁδη
2784 5064 2839 5123 δὲ
2867 5073 2974 5123 τῶν
3016 5071 3456 5146 τεσσπρακοστῶν
3498 5065 3661 5144 πέρας

2011 5154 2254 5237 ἐχουσῶν
2291 5155 2358 5236 (ὢ
2401 5160 2515 5222 πῶς
2547 5155 2609 5212 ἂν
2653 5158 2678 5212 6
2725 5155 2884 5234 λόγος
2912 5153 3143 5223 δηλώσει
3187 5158 3247 5213 τὸ
3283 5159 3371 5213 καὶ
3399 5154 3515 5211 λίαν
3564 5154 3662 5231 μὲν

2010 5245 2230 5322 ἀληθὲς,
2305 5244 2421 5301 λίαν
2501 5244 2555 5300 δὲ
2626 5249 2969 5312 πιστευθῆναι
3042 5242 3132 5301 διὰ
3194 5247 3295 5313 τὴν
3363 5241 3661 5324 ὑπερϐολὴν

2010 5332 2262 5414 δυσχερές
2296 5333 2344 5413 ;)
2397 5336 2425 5391 6
2461 5334 2732 5396 Βασίλειος
2790 5336 2926 5410 μήτε
2983 5341 3192 5413 πυρετῷ
3235 5335 3477 5413 ληφθεὶς,
3524 5334 3666 5410 μήτε

2010 5422 2249 5504 κεφαλὴν
2307 5424 2341 5491 ἢ
2372 5420 2504 5480 ἄλλο
2558 5445 2614 5481 τι
2648 5429 2756 5481 τῶν
2799 5430 2893 5481 τοῦ
2933 5420 3180 5498 σώματος
3214 5429 3389 5501 μερῶν
3418 5422 3660 5502 ἀλγήσας

2011 5509 2202 5593 μηδὲν,
2235 5511 2414 5590 ὥσπερ
2444 5511 2607 5569 ὕπνον
2662 5512 2777 5571 τινὰ
2831 5510 3072 5587 μαλακὸν
3124 5514 3211 5581 καὶ
3257 5510 3470 5580 ἣδιστον
3529 5509 3662 5590 ἀφυ-

2009 5604 2245 5679 πνώσας,
2307 5604 2438 5683 πρὸς
2520 5601 2701 5681 Κύριον
2772 5598 3033 5679 ὲξεδήμει,
3084 5598 3241 5660 ἆθλον
3311 5606 3409 5669 τῆς
3468 5601 3657 5685 ἀρετῆς
