4018 6136
409 250 524 316 487
1695 250 1974 317 MENSIS

2108 248 2490 318 tNUARIUS.
3665 258 3799 326 488

405 388 668 449 futurum
683 382 912 450 Pascha
934 378 1163 464 absque
1186 384 1568 474 sacriﬁcio,eﬁt
1588 385 1815 468 absque
1837 405 2018 469 corpo

2130 389 2322 466 ἔμελλε
2377 390 2803 458 τελεσθήσεσθαι.
2871 393 3216 470 [Ιέριστάντες
3291 403 3380 453 οὖν
3437 396 3789 474 κατεγόγγυ-

404 494 474 538 re
495 475 712 539 Christi
734 476 862 538 dies
886 475 1071 538 festus
1093 473 2023 539 celebrandus.Circumsistente.

2129 487 2217 551 ζον
2284 481 2460 560 ἡρέμα
2503 489 2595 539 τοῦ
2637 480 2981 558 διδασκάλου,
3047 483 3108 539 τὸ
3169 481 3388 562 εὔλογον
3449 473 3786 563 ὢσπερνᾶπδ

403 565 610 648 itaque
657 564 943 628 adversus
999 563 1348 642 magistrum
1400 564 1878 647 murmurabant,
1912 583 2023 628 cun

2127 577 2220 627 τοῦ
2278 571 2593 650 πράγματος
2666 572 2966 652 εἰληφότες,
3019 563 3076 630 Ὀ
3135 569 3190 627 δὲ
3257 572 3508 630 τοσοῦτον
3564 574 3732 630 εἰπών
3768 591 3784 604 ⁸

405 673 643 718 causam
687 655 900 716 rationi
951 662 1413 716 consentaneam
1439 654 1620 742 veluti
1658 673 1728 716 ex
1751 673 1818 717 re
1839 656 2023 736 cepis-

2131 661 2381 738 Εὐτρεπῶ
2439 661 2537 728 τὴν
2609 662 2750 740 ἱερὰν
2811 662 3076 740 τράπεζαν
3162 661 3404 738 γενέσθαι
3476 666 3614 742 χρὴ,
3675 667 3783 721 τῶν

404 743 675 807 sentJlle
705 761 841 807 vero
871 761 1004 805 cum
1038 750 1263 804 tantum
1296 743 1564 805 dixisset:
1577 741 1781 805 Parari
1810 753 2022 827 oporte

2128 747 2357 830 λοιπῶν,
2429 750 2557 830 ἔφη,
2620 749 2809 826 μηδενὶ
2885 773 3004 829 περι
3077 749 3305 826 μηδενὸς
3389 750 3529 807 ἔστω
3584 751 3771 828 λόγος.

403 851 630 896 sacram
661 850 952 921 mensam;
990 831 1358 912 reliquorum
1391 840 1615 908 autem,
1644 833 1856 913 inquit.
1894 835 2019 896 nihi

2131 829 2188 896 (Ο
2245 839 2344 917 γὰρ
2391 829 2556 896 πάλαι
2600 848 2694 896 τοῦ
2759 839 2973 918 ἰσραίνιλ
3033 841 3126 902 τὰς
3188 841 3448 904 τοσαύτας
3507 839 3557 895 ἐν
3585 844 3771 921 ἐρήμῳ

403 922 508 985 ulli
539 940 696 984 cura:
725 925 822 985 sit.
858 920 1002 983 Nam
1033 922 1134 1001 qui
1167 921 1308 983 olim
1363 929 1447 984 tot
1491 921 1735 984 lsraelis
1765 924 1952 986 millia
1981 925 2023 986 it

2126 927 2401 1008 χιλιάδας,
2454 929 2580 986 εἶτα
2623 931 2716 986 καί
2758 929 2976 1008 ὕστερον
3025 931 3119 986 οὐκ
3166 929 3348 1008 ὀλίγον
3398 920 3765 996 πλῆθοςδια-

399 1012 745 1088 solitudine,
779 1011 1000 1073 deinde
1031 1011 1206 1072 etiam
1260 1029 1379 1073 non
1432 1026 1671 1092 parvam
1705 1012 2023 1075 multitudi-

2128 1017 2323 1094 θρέψας
2369 1020 2442 1082 είς
2471 1021 2654 1096 κόρον,
2687 1019 2844 1084 αὐτὸς
2876 1026 3029 1081 οὗτος
3060 1020 3146 1074 καὶ
3175 1020 3331 1093 ἡμῶν
3361 1017 3470 1074 ἐστι
3502 1021 3764 1095 προνοῶν,

399 1120 538 1164 nem
572 1100 720 1162 aluit
772 1101 841 1163 ad
897 1101 1256 1174 satietatem,
1297 1100 1394 1162 hic
1426 1105 1555 1180 ipse
1587 1102 1778 1164 nostri
1809 1121 2023 1184 quoqut

2129 1106 2246 1164 οὕτε
2279 1108 2397 1186 περὶ
2435 1108 2534 1173 τὴν
2595 1106 2814 1182 δύναμιν
2872 1107 3248 1184 ἀσθενέστερος
3307 1116 3417 1184 νῦν,
3479 1107 3597 1164 οὔτε
3654 1111 3774 1186 περὶ

398 1208 604 1254 curam
637 1189 811 1270 gerit,
845 1207 956 1251 nec
985 1196 1073 1251 est
1128 1189 1352 1251 viribus
1412 1189 1794 1271 imbecillior,
1830 1209 1942 1256 nec
1969 1211 2023 1255 at

2127 1198 2188 1252 τὸ
2245 1210 2493 1274 προνοεῖν
2545 1197 2862 1276 νωθέστερος
2933 1197 3194 1275 γεγονώς.
3257 1194 3408 1252 Ἀλλ’
3463 1197 3609 1262 ὅπως
3670 1200 3771 1254 αὐ-

400 1279 836 1362 providendum
872 1278 1152 1341 debilior.
1190 1277 1327 1341 Haec
1359 1279 1458 1340 ille
1482 1279 1723 1360 quidem
1745 1280 1912 1342 dixit:
1935 1301 2023 1344 sec

2125 1291 2202 1358 τῷ
2251 1287 2316 1341 τὰ
2374 1286 2589 1362 ῥήματα
2651 1289 2737 1343 καὶ
2797 1289 2870 1352 είς
2944 1288 3274 1364 πραγμάτων
3325 1285 3544 1359 δύναμιν
3578 1288 3639 1344 τὸ
3670 1287 3771 1348 τέο

397 1368 902 1452 quemadmodum
961 1370 1089 1447 ejus
1147 1368 1326 1430 verba
1389 1369 1664 1430 effectum
1696 1369 1816 1431 sint
1864 1390 2023 1451 quan

2125 1397 2226 1452 χος
2287 1373 2464 1450 ἐξέϐη,
2495 1378 2585 1432 καὶ
2614 1375 2709 1443 τῆς
2755 1373 2968 1439 ἐλπίδος
2998 1377 3121 1439 τοὺς
3179 1377 3440 1455 φοιτητὰς
3472 1379 3528 1434 οὐ
3557 1373 3768 1452 διέψευ-

396 1459 657 1541 primum
715 1471 1058 1532 consecuta,
1121 1475 1230 1519 nec
1265 1457 1393 1538 ipsa
1423 1457 2040 1523 fraudaverintdisci-

398 1549 595 1629 pulos,
612 1547 860 1628 jamjam
889 1546 1046 1608 dicet
1076 1547 1287 1609 oratio.

479 1636 894 1710 90.0uomodo
913 1635 1070 1697 enim
1096 1635 1236 1698 olim
1257 1636 1382 1698 ovis
1413 1636 1471 1698 in
1495 1636 1778 1718 vepribus
1799 1655 1832 1699 a
1853 1639 2042 1703 Sabec
2203 1641 2277 1704 κ’.

397 1724 996 1808 (l3)adfuit,Abraha3
1017 1733 1218 1806 parata
1239 1726 1310 1787 ad
1332 1725 1848 1804 holocaustumgita
1864 1735 2023 1790 etian

2123 1737 2199 1805 τῷ
2268 1729 2511 1808 Ἀϐραὰμ
2584 1732 2825 1809 παρέστη
2894 1733 3025 1810 πρὸς
3089 1731 3461 1810 ὀλοκάρπωσιν
3520 1731 3762 1807 ἕτοιμον,

394 1819 536 1882 huic
561 1833 796 1899 quoque
824 1816 1024 1889 Beato,
1059 1814 1188 1876 sole
1234 1815 1358 1894 jam
1387 1822 1608 1876 terram
1633 1816 2023 1898 relinquente,

2122 1820 2260 1878 οὕτω
2316 1819 2377 1888 δὴ
2432 1822 2516 1876 καὶ
2577 1820 2708 1894 τῷδε
2764 1827 2840 1895 τῷ
2902 1822 3169 1900 μακαρίῳ,
3229 1828 3321 1877 τοὺ
3379 1820 3531 1889 ἡλίου
3573 1821 3766 1878 λοιπὸν

394 1910 615 1968 accedit
638 1907 872 1979 quidam
896 1919 1002 1977 par
1019 1907 1309 1963 mulorum
1336 1905 1574 1969 ducens.
1608 1921 1712 1978 per
1732 1922 1877 1979 quos
1906 1908 2023 1966 affe-

2119 1907 2222 1976 ἤδη
2277 1910 2375 1977 τὴν
2403 1915 2507 1986 γῆν
2537 1909 2947 1984 ἀπολείποντος,
2981 1917 3164 1987 ζεῦγος
3209 1910 3450 1984 ἡμιόνων
3489 1909 3635 1988 ἄγων
3680 1932 3763 1974 τις

391 1993 638 2080 rebatur
658 1991 896 2080 sarcina
910 1990 1209 2080 variorum
1229 1988 2023 2080 alimentorum,convenien‘

2118 2002 2462 2080 παραγίνεται
2492 1996 2560 2054 δι’
2603 1999 2678 2055 ὦν
2722 1999 2910 2078 φόρτος
2961 1998 3213 2066 ποικίλης
3275 2005 3500 2080 τροφῆς,
3558 1998 3758 2078 ἀνδρά-

393 2081 542 2144 tium
576 2078 919 2142 hominibus
977 2078 1079 2160 qui
1111 2096 1176 2140 se
1209 2087 1492 2140 exercent
1524 2100 1537 2142 :
1585 2087 1646 2140 et
1693 2097 1805 2143 nec
1832 2079 2023 2144 aberat

2118 2108 2202 2144 σιν
2232 2079 2426 2151 οἰκείας
2466 2088 2733 2156 ἀσκητατς
2775 2090 3060 2164 ὶκομίζετο
3093 2107 3110 2124 ⁶
3155 2090 3243 2146 καὶ
3274 2088 3390 2148 οὐδὲ
3424 2078 3576 2152 αὐτὸς
3609 2088 3761 2156 ἀπῆν

392 2169 2035 2250 ᾳυίάοῐηίρεοεεοτωωοηεω,ίιυίνὶάθιιιτειίηιοηίεεηο
2116 2178 2143 2232 ὁ
2187 2176 2283 2243 τῆς
2341 2180 2481 2254 ίερᾶς
2537 2176 2804 2253 τραπέζης
2881 2178 3148 2256 ὁρώμενος
3210 2199 3268 2234 τε
3325 2180 3411 2234 καὶ
3467 2179 3759 2252 νοούμενος

2125 1486 2239 1540 σεν,
2274 1467 2300 1522 ὁ
2332 1463 2493 1543 λόγος
2527 1463 2630 1532 ἤδη
2662 1465 2799 1521 κατὰ
2831 1463 2996 1528 πόδας
3023 1463 3162 1543 ἐρεῖ.

2325 1643 2535 1722 ’Ὠσπερ
2565 1643 2663 1722 γὰρ
2719 1641 2884 1698 πάλαι
2935 1643 2996 1698 τὸ
3031 1640 3294 1721 πρόϐατον
3325 1641 3379 1698 ἐν
3411 1646 3556 1722 φυτῴ
3588 1641 3768 1700 Σαϐὲκ

389 2260 472 2323 tia
507 2259 858 2342 percipitur,
892 2258 1088 2340 panis,
1116 2258 1220 2321 sed
1246 2267 1373 2321 erat
1394 2278 1511 2321 una
1529 2278 1664 2321 cum
1691 2261 1842 2322 aliis.
1881 2262 2032 2324 Pro-

389 2358 525 2431 pter
551 2348 710 2430 quod
744 2348 931 2429 magis
984 2347 1161 2410 laetati
1206 2356 1344 2410 sunt
1373 2348 1692 2411 Theodosii
1726 2350 2030 2430 discipuli,

390 2438 612 2502 Christi
636 2436 1000 2499 cultores.Et
1021 2436 1136 2499 hoc
1157 2437 1401 2517 quidem
1425 2437 1786 2513 donum,l‘uit
1807 2439 2030 2500 donum

387 2527 553 2590 illius
577 2544 844 2608 precum,
869 2527 1024 2606 quod
1050 2544 1168 2588 non
1203 2545 1273 2588 ex
1306 2527 1456 2590 caelo
1490 2527 1743 2608 pluerat,
1769 2535 1832 2588 ut
1869 2528 2032 2606 prius

389 2634 610 2678 manna
637 2636 652 2690 ;
684 2614 789 2676 sed
823 2633 892 2676 ex
925 2624 1083 2677 terra
1107 2616 1461 2677 scaturierat
1493 2615 1738 2678 nutibus
1768 2616 2029 2678 caelesti-

387 2705 593 2779 bus,et
615 2703 766 2766 aluit
790 2722 908 2765 non
933 2703 1121 2765 solum
1147 2703 1649 2782 sensibiliter,sed
1669 2705 1844 2766 etiam
1859 2705 2032 2784 spiri-

387 2794 606 2869 taliter,
643 2792 803 2874 quod
863 2793 933 2854 atl
999 2811 1212 2874 panem
1245 2794 1486 2874 quidem
1519 2793 1751 2867 attinet,
1787 2796 1885 2873 qui
1919 2793 2031 2856 fuit

383 2882 618 2946 oblatus
640 2881 1234 2944 sanctiﬁcationibus.
1263 2881 1362 2944 Sic
1385 2900 1522 2960 e.go
1547 2901 1680 2943 cum
1704 2882 1880 2943 simul
1904 2889 2026 2945 ter-

381 2973 674 3035 restribus
717 2970 893 3032 bonis
943 2979 1001 3033 et
1043 2970 1388 3033 coelestibus
1439 2989 1504 3032 se
1517 2971 1788 3051 jucunde
1809 2972 2024 3034 satias-

381 3062 647 3143 sent,qui
677 3060 833 3142 apud
851 3059 1044 3141 ipsum
1072 3068 1468 3137 erant,usque
1485 3061 1557 3121 ad
1581 3068 1843 3122 sanctam
1865 3063 2025 3124 Pen-

379 3159 672 3225 tecosten,
707 3150 990 3231 paulatim
1023 3148 1329 3225 dicebant,
1364 3149 1556 3230 qualis
1593 3158 1752 3227 esset
1785 3150 2024 3213 illorum

381 3239 609 3302 doctor.
653 3237 719 3301 Et
744 3239 853 3301 hoc
883 3237 1126 3320 quidem
1162 3238 1242 3300 ita
1271 3257 1337 3300 se
1369 3236 1594 3301 habuit.

461 3327 735 3402 21.0uod
756 3337 951 3390 autem
975 3326 1560 3408 consequitur,illius
1591 3329 1726 3390 dico
1750 3345 1882 3391 esse
1903 3329 2024 3393 t‘ra-

377 3420 912 3489 ternum,etsimills
930 3419 1063 3477 ﬁdei
1087 3423 1273 3491 etspei
1297 3419 1471 3479 fetum
1496 3422 2022 3493 germanissimum.

378 3506 489 3570 Vir
508 3507 747 3590 quidam
772 3507 948 3587 cujus
969 3513 1136 3567 erant
1164 3525 1389 3585 magnae
1410 3525 1581 3587 opes,
1623 3505 1794 3569 bonis
1825 3517 2022 3572 autem

378 3597 664 3679 operibus
687 3597 926 3658 laudem
949 3595 1182 3676 assequi
1216 3603 1524 3670 statuerat,
1555 3614 1693 3658 suas
1716 3597 2026 3660 facultates

381 3685 778 3748 distribuebat
807 3684 868 3746 in
902 3683 1514 3766 benedictionibus,et
1546 3686 1816 3765 pecunia:
1843 3696 2025 3750 mate-

384 3773 535 3836 riam
563 3773 858 3836 efﬁciebat
878 3773 1096 3836 animae
1114 3773 1460 3836 salutarem.
1481 3771 1558 3849 Is,
1583 3773 1850 3856 inquam,
1885 3795 2022 3838 cum

383 3861 665 3924 omnibus
696 3863 855 3944 aliis,
906 3874 966 3924 et
1022 3861 1322 3943 praecipue
1354 3863 1447 3936 iis,
1499 3863 1600 3942 qui
1629 3863 1905 3926 vivebant
1952 3884 2022 3928 ex

381 3950 647 4028 Christo,
677 3963 735 4013 et
761 3969 827 4014 se
854 3971 884 4012 a
907 3951 1128 4013 mundo
1154 3969 1487 4021 removere,
1514 3952 1588 4013 ad
1611 3950 1797 4014 Deum
1825 3962 2023 4016 autem

383 4059 574 4122 prope
598 4041 887 4104 accedere
903 4048 1067 4102 recte
1088 4040 1703 4120 cogitabant,dextera
1723 4046 2024 4124 apparuis-

379 4138 472 4194 set
481 4131 1013 4211 jucundissima,ut
1032 4131 1228 4192 divina
1252 4129 1396 4192 dicit
1421 4129 1865 4212 Scriptura;aut
1884 4152 2022 4196 rur-

377 4227 575 4297 sus,ut
590 4239 723 4282 cum
745 4218 1050 4300 Scriptura
1075 4219 1265 4299 magis
1289 4219 1725 4283 dicamzhortus
1746 4223 1879 4300 ejus
1898 4241 2024 4287 non

2116 2264 2292 2345 ἄρτος,
2337 2264 2477 2321 ἀλλά
2531 2280 2648 2331 τοῖς
2699 2265 2881 2332 ἂλλοις
2939 2271 3102 2334 συνῆν
3132 2284 3148 2299 ⁸
3185 2267 3267 2346 ἐφ’
3298 2274 3342 2342 ᾦ
3402 2268 3490 2324 καὶ
3548 2266 3759 2342 μᾶλλον

2115 2357 2162 2410 οἱ
2219 2352 2494 2411 Θεοδοσίου
2554 2356 2784 2430 μαθηταὶ
2831 2362 3058 2430 Χριστοῦ
3100 2353 3155 2411 δὲ
3212 2357 3529 2434 θεραπευταὶ
3586 2354 3760 2423 ἤσθηο

2113 2464 2233 2506 σαν,
2275 2444 2370 2501 Καὶ
2400 2451 2552 2500 τοῦτο
2595 2442 2661 2510 δὴ
2720 2442 2779 2498 τὸ
2825 2441 2989 2521 δῶρον
3022 2443 3116 2500 οὐκ
3151 2444 3242 2499 ἀπ’
3274 2447 3508 2522 οὐρανῶν
3539 2442 3756 2520 ὀμϐρη-

2109 2531 2195 2588 θὲν
2225 2533 2298 2594 ὡς
2341 2534 2402 2588 τὸ
2434 2532 2605 2608 μάννα
2635 2535 2779 2611 πρὶν,
2812 2531 2932 2589 ἀλλ’
2965 2533 3025 2590 ἐκ
3056 2538 3160 2610 γῆς
3203 2533 3452 2612 πηγάσαν
3496 2536 3757 2608 νεύμασιν

2111 2621 2393 2699 οὐρανίοις,
2438 2623 2524 2677 καὶ
2582 2622 2777 2699 θρέψαν
2837 2626 2931 2680 οὐκ
2962 2624 3226 2690 αἰσθητῶς
3259 2625 3445 2697 μόνον,
3494 2621 3614 2678 ἀλλ’
3647 2622 3753 2691 ἤδη

2111 2711 2197 2766 καὶ
2239 2717 2633 2785 πνευματικῶς,
2689 2711 2810 2767 ὅσον
2874 2709 2978 2767 ἀπὸ
3021 2721 3113 2771 τοῦ
3170 2711 3618 2792 προσενεχθέντος
3649 2713 3752 2792 ἃρ-

2110 2821 2202 2856 του
2257 2813 2372 2862 τοῖς
2433 2800 2779 2877 ἀγιάσμασιν.
2825 2799 2975 2858 Οῧτω
3036 2815 3154 2866 τοῖς
3214 2803 3450 2881 χθονίοις
3503 2801 3614 2877 ἃμα
3658 2795 3754 2859 καὶ

2109 2889 2366 2969 οὐρανίοις
2446 2889 2669 2968 ἀγαθοῖς
2729 2893 2776 2950 οἱ
2832 2889 2960 2969 περί
2997 2892 3154 2950 αὐτὸν
3212 2891 3377 2970 μέχρι
3433 2896 3532 2958 τῆς
3597 2893 3755 2970 ἁγίας

2112 2984 2486 3046 Πεντηκοστῆς
2543 2981 2986 3060 ἐντρυφήσαντες,
3047 2981 3136 3037 τὸν
3185 2978 3495 3038 διδάσκαλον
3527 2981 3646 3046 οἷος
3683 2984 3753 3048 ἦν

2109 3068 2315 3134 ἐκεῖνος
2371 3070 2507 3127 κατὰ
2564 3071 2754 3146 μικρὸν
2807 3067 3166 3132 ἐδιδάσκοντο.
3229 3071 3328 3129 Καὶ
3367 3076 3521 3128 τοῦτο
3581 3070 3752 3134 οὕτως

2110 3155 2262 3236 ἔχον.

2189 3334 2301 3398 κα’.
2364 3337 2464 3394 Καὶ
2505 3334 2591 3393 ὅδε
2647 3335 2768 3412 μετ’
2820 3335 2946 3392 αὐτὸ
2980 3337 3216 3413 πρόεισιν
3260 3334 3488 3416 ἀδελφὸν
3519 3336 3745 3416 ἐκείνου,

2107 3428 2196 3482 καὶ
2252 3424 2349 3492 τῆς
2393 3427 2580 3501 ὁμοίας
2624 3428 2875 3500 πίστεως,
2923 3427 3082 3505 φημὶ,
3139 3425 3234 3481 καί
3264 3424 3475 3492 ἐλπίδος
3507 3427 3752 3506 γέννημα

2104 3514 2493 3592 γνησιώτατον,
2554 3514 2718 3594 Ἀνήρ
2777 3534 2858 3578 τις
2909 3521 3014 3570 τῶν
3064 3513 3278 3587 πλούτῳ
3307 3516 3600 3591 κομώντων
3662 3518 3749 3573 καὶ

2103 3606 2326 3681 αγαθοϊς
2367 3603 2541 3682 ἔργοις
2599 3609 2772 3678 κομᾷν
2815 3602 3083 3681 ἐγνωκὼς,
3117 3605 3209 3660 τὸν
3258 3605 3456 3661 οἰκεῖον
3507 3603 3594 3662 ἐπ’
3651 3607 3748 3662 εὐ-

2106 3690 2310 3769 λογίαις
2369 3689 2631 3771 διέσπειρε
2682 3694 2815 3770 βίον,
2885 3693 2970 3751 καὶ
3027 3691 3160 3760 ὕλην
3234 3695 3500 3769 σωτηρίας
3558 3699 3747 3775 ψυχῆς

2105 3781 2205 3848 τὴν
2260 3786 2367 3836 τῶν
2424 3782 2726 3862 χρημάτων
2796 3779 2930 3849 ὕλην
2989 3780 3154 3838 ἐποίει
3191 3797 3206 3813 ⁶
3273 3788 3449 3839 πᾶσαν
3493 3791 3582 3841 οὖν
3625 3797 3746 3850 τοῖς

2107 3868 2289 3935 ἄλλοις
2321 3871 2406 3927 καὶ
2438 3871 2857 3950 προηγουμένως
2915 3883 3035 3932 τοῖς
3093 3872 3230 3927 κατᾶ
3291 3873 3418 3928 Θεὸν
3467 3880 3620 3949 ζῶσι,
3657 3875 3748 3931 καὶ

2105 3960 2166 4014 τὸ
2237 3960 2586 4038 μακρύνεσθαι
2641 3961 2848 4034 κόσμου
2920 3959 3146 4038 ἐγγίζειν
3223 3963 3336 4035 Θεῴ
3400 3961 3570 4028 καλῶς
3629 3963 3746 4020 λίαν

2107 4047 2472 4126 λογιζομένοις
2534 4047 2674 4120 δεξιᾷ
2711 4049 2888 4128 φανεὶς
2948 4048 3303 4125 τερπνοτάτῃ,
3337 4050 3399 4105 τὸ
3447 4056 3547 4117 τῆς
3601 4053 3744 4117 θείας

2106 4138 2264 4217 φάναι
2309 4143 2542 4216 Γραφῆς,
2575 4139 2611 4205 ἣ
2642 4137 2871 4213 ἔμπαλιν
2903 4137 3122 4194 ἐνταῦθα
3167 4143 3267 4204 τῆς
3325 4145 3539 4220 Γραφῆς
3598 4139 3743 4216 μᾶλ-

2107 4225 2198 4284 λον
2242 4227 2438 4308 εἰπεῖν,
2474 4232 2656 4293 Κῆπος
2711 4230 2868 4286 αὐτοῦ
2925 4228 2984 4284 οὐ
3041 4226 3416 4292 κεκλεισμένος
3470 4230 3556 4285 καὶ
3591 4231 3742 4308 πηγὴ

377 4292 719 4386 conclusus,
754 4316 811 4371 et
834 4292 966 4371 fons
986 4292 1346 4390 conspectus
1378 4318 1536 4372 esset
1561 4327 1681 4371 non
1709 4292 1973 4392 siénatus
2004 4336 2017 4376 :

2108 4317 2282 4395 ὀφθεὶς
2335 4292 2437 4391 μὴ’
2467 4316 2864 4395 ἐσφραγισμένη
2901 4334 2916 4350 ⁸
2969 4329 3083 4378 τοῖς
3120 4323 3214 4373 τοῦ
3243 4315 3523 4373 Θεοδοσίου
3557 4292 3740 4394 μόγόἰᾷ

377 4397 523 4460 solis
545 4397 870 4462 Theodosii
895 4397 1205 4480 discipulis
1231 4417 1336 4480 per
1360 4398 1720 4462 oblivionem
1739 4411 1839 4464 aut
1859 4403 2024 4483 igno-

374 4487 677 4550 rationem
711 4506 831 4550 non
864 4487 1150 4568 impertiit
1182 4487 1642 4550 beneﬁcentiam
1678 4510 1693 4565 ;
1738 4501 1840 4554 aut
1867 4492 2024 4558 forte

377 4577 557 4640 etiam
573 4576 697 4640 Deo
711 4579 771 4638 in
791 4578 1116 4640 bisSanctu
1129 4597 1180 4638 m
1208 4579 1492 4657 probante
1506 4589 1608 4640 aut
1628 4579 2020 4663 gloriﬁcante,

375 4666 572 4747 Atque
604 4667 884 4749 discipuli
914 4667 1156 4749 quidem
1181 4668 1628 4744 accedentes,ei
1663 4669 2026 4735 exhibebant

377 4756 812 4832 molestiam,ut
833 4765 893 4820 et
923 4773 988 4817 se
1018 4763 1076 4816 et
1099 4755 1236 4818 illos
1263 4757 1610 4818 manifestos
1631 4758 1916 4822 redderet
1936 4762 2022 4824 di-

377 4846 582 4920 visori,
610 4855 667 4907 et
693 4864 904 4924 magno
939 4844 1133 4906 studio
1168 4845 1498 4909 instabant:
1537 4865 1731 4928 neque
1762 4850 1922 4910 enim
1954 4869 2022 4914 se

373 4933 622 5011 habere,
650 4954 767 5016 quo
797 4934 1082 5016 deinceps
1113 4935 1368 5011 alantur,
1393 4937 1494 5018 qui
1525 4954 1744 5018 paucas
1775 4939 2016 5020 quidem

371 5022 680 5086 habebant
708 5023 1046 5105 siliquas,et
1066 5043 1200 5086 cum
1228 5043 1314 5087 ea;
1337 5043 1764 5107 nonnunquam
1789 5031 2017 5095 delice-

450 5183 486 5234 ϐ
515 5184 680 5250 Cant.
716 5202 798 5264 tv,
829 5187 890 5250 2.

443 5344 557 5420 (l3)
590 5345 652 5401 lu
685 5344 937 5420 Hebraeo,
988 5343 1197 5420 legitur
1253 5344 1392 5420 Gen.
1453 5357 1598 5420 xw,
1629 5351 1715 5420 13,
1756 5351 2012 5412 Detentus

371 5415 521 5491 arias
549 5417 803 5474 cornibus
847 5419 966 5491 suis
1002 5415 1073 5474 iri
1098 5416 1326 5491 sabech,
1358 5419 1513 5491 quod
1551 5415 1777 5484 LXX’at
1822 5427 2011 5486 Theo-

371 5484 574 5570 dotion
607 5496 669 5548 ut
700 5489 1006 5570 proprium
1039 5484 1421 5553 retinuerunt
1447 5509 1460 5552 :
1485 5497 1631 5570 κριὸς
1665 5495 1748 5561 εἷς
1781 5484 2010 5570 xire-)3.

372 5525 574 5548 μυιιυιι
611 5525 669 5548 υι
702 5525 871 5569 γιυγι
887 5525 1006 5550 IIII"
1041 5525 1421 5553 ιῦιιιιυῦιυιιι
1447 5537 1460 5552 ο
1489 5525 1628 5570 ιριυς
1665 5525 1748 5561 εις
1781 5525 1926 5556 κζτε⁵
1958 5525 2006 5558 οι

372 5588 530 5642 μενος
560 5569 613 5622 ἐν
645 5570 791 5645 φυτῷ
820 5567 1014 5631 Σαϐἐκ.
1037 5570 1342 5647 Signiﬁcat
1383 5580 1582 5636 autem
1615 5573 1849 5641 Sabech
1885 5525 2006 5642 Efe-

2107 4406 2241 4462 κατὰ
2289 4403 2460 4475 λήθην
2488 4404 2524 4473 ἢ
2571 4405 2791 4483 ἃγνοιαν
2839 4409 2937 4472 τῆς
2970 4405 3203 4469 εὐποιίας
3236 4409 3329 4464 οὐκ
3365 4405 3739 4483 ἐκοινώνησεν,

2105 4495 2141 4562 ἢ
2171 4495 2319 4575 τάχα
2346 4495 2433 4551 καὶ
2472 4495 2563 4550 τοῦ
2595 4502 2726 4551 Θεοῦ
2753 4496 2844 4551 τὸν
2873 4494 3066 4572 τἈγιον
3110 4495 3166 4550 έν
3217 4496 3386 4569 τούτῳ
3420 4493 3740 4571 δοκιμάζον-

2106 4606 2218 4647 τος.
2281 4585 2341 4642 Οἱ
2385 4584 2484 4660 μὲν
2545 4586 2634 4640 οὖν
2695 4586 2928 4658 μαθηταὶ
2992 4584 3299 4661 προσιόντες
3335 4585 3612 4664 ἠνώχλουν
3668 4594 3744 4662 τῷ

2107 4672 2354 4750 διανομεῖ
2407 4675 2630 4753 φανερὸν
2694 4673 2880 4730 ἐαυτόν
2939 4694 2995 4729 τε
3067 4673 3341 4737 κᾶκείνους
3402 4689 3604 4750 ποιεῖν,
3657 4677 3744 4733 καί

2105 4763 2238 4837 μετᾶ
2294 4761 2500 4829 πολλῆς
2561 4763 2826 4819 ἐνέκειντο
2882 4763 2977 4830 τῆς
3028 4759 3265 4830 σπουδῆς
3300 4780 3314 4794 ·
3355 4762 3493 4838 μηδὲ
3543 4766 3642 4842 γὰρ
3698 4771 3744 4838 ᾦ

2102 4854 2163 4909 τὸ
2217 4851 2406 4908 λοιπὸν
2445 4853 2804 4932 τραφήσονται
2861 4852 3037 4932 ἔχειν,
3098 4852 3151 4908 οἳ
3215 4873 3276 4930 γε
3335 4853 3592 4932 κερατίων
3645 4853 3742 4929 μὲν

2103 4944 2367 5020 ηὐπόρουν
2398 4940 2614 5020 ὀλίγων,
2649 4941 2726 4998 ἔτι
2778 4939 2824 4998 δ’
2874 4941 2964 4998 ὅτε
3022 4941 3111 4998 καί
3167 4943 3369 5000 τούτων
3427 4941 3742 5001 ἐπιλειπόνο

2102 5033 2208 5088 τών
2247 5032 2311 5088 τὰ
2367 5030 2784 5112 λαταλειφθέντα
2838 5039 2943 5090 τῶν
3013 5032 3184 5088 ὀστῶν
3256 5031 3500 5108 ἕψοντες,
3561 5032 3741 5114 ὥσπερ

2095 5354 2291 5416 braice
2347 5354 2805 5427 perplexitatem,
2852 5352 3175 5426 cujusmodi
3215 5365 3301 5427 est
3351 5356 3468 5423 illa,
3528 5370 3650 5427 qua
3681 5354 3740 5412 tu

2093 5425 2400 5487 condensis
2443 5425 2719 5497 {vepribus
2768 5425 3047 5493 cernitur,
3081 5443 3109 5483 a
3144 5425 3336 5486 radice
3383 5425 3600 5494 sabaei,
3635 5427 3743 5497 im-

2087 5496 2600 5573 plecti,_intrirai-i,
2635 5509 2694 5555 ut
2727 5503 2938 5573 Optime
2973 5498 3028 5554 In
3067 5497 3579 5573 t'u‘gatacditioue
3613 5516 3627 5554 :
3659 5496 3744 5557 Vi-

2089 5568 2172 5629 dit
2201 5571 2423 5628 arietem
2451 5570 2591 5625 inter
2619 5583 2799 5640 vepres
2830 5568 3108 5627 hamum
3132 5568 3414 5629 carnibus.
