4018 6136
218 256 330 328 489

1202 265 1389 332 VITA
1429 267 1486 331 S.
1537 263 1944 334 THEODOSII
1987 272 2604 342 GOENOBIARCHE.

3473 270 3594 342 490

215 393 310 463 ἤδη
361 395 698 480 δεδήλωται,
741 399 948 465 τούτοις
1006 401 1248 480 ἐχρῶντο
1289 408 1384 458 τοῦ
1443 403 1624 474 πεινᾷ-ι
1677 427 1842 482 παρα-

1937 412 2094 480 rent,
2128 425 2197 467 ea
2227 425 2356 487 qua;
2385 406 2689 469 restabant
2731 423 2867 468 ossa
2913 404 3276 486 coquebant,
3335 414 3399 470 ut
3449 406 3576 486 jam

213 489 412 560 μύοιον.
505 486 694 554 Οὕτως
781 489 980 546 ἐκεῖνοι
1065 489 1340 568 ἄνθρωπον
1413 491 1494 548 ἀεὶ
1553 495 1613 548 τὸ
1671 493 1855 550 λαϐεῖν

208 575 536 648 σπεύσαντα,
601 575 769 646 δῆλον
813 579 1055 656 γενέσθαι
1120 577 1205 634 διὰ
1260 581 1629 661 μικροψυχίαν
1680 583 1850 660 ἠνάγ-

208 672 382 743 καζον,
416 667 508 722 καὶ
567 668 660 723 τὸν
707 669 780 728 εἰς
842 671 973 724 Θεὸν
1023 669 1234 745 τρέπεν
1264 669 1566 748 ὀφθαλμοὺς
1614 672 1848 746 εἰθισμέ-

207 776 285 810 νον
333 756 464 831 πρὸς
525 755 841 834 ἀνθρώπους
899 757 1104 835 ὀρέγειν
1148 771 1343 838 χεῖρας
1403 760 1638 836 ἀγεννῶς
1692 760 1850 827 ἤπει-

205 865 311 920 γον,
370 857 550 922 χεῖρα,
613 847 710 914 τὴν
767 846 1120 924 ἀνοιγομένην
1179 847 1539 924 ἀπολιπόντα,
1598 851 1692 905 καί
1751 857 1854 906 πᾶν

202 939 325 1002 ζῶον
376 931 633 990 εὖδοκίας
683 934 1121 1015 αποπληροῦσαν,
1177 939 1336 993 οἱονεὶ
1389 937 1642 994 στένωσιν
1689 942 1852 1005 αὖτῆς

202 1023 234 1088 ἢ
261 1019 624 1100 μικρολογίαν
652 1026 714 1080 τό
744 1045 804 1102 γε
863 1035 950 1084 νῦν
1006 1025 1137 1106 ἕχον
1183 1027 1586 1104 κατεγνωκότα,
1630 1029 1693 1085 Οἱ
1754 1029 1853 1102 μὲν

202 1107 282 1165 οὖν
320 1111 599 1184 ἠθύμουν,
649 1115 676 1169 ὃ
734 1113 787 1168 δὲ
832 1120 1104 1192 παραινῶν
1137 1115 1311 1194 ἡρέμα
1349 1135 1360 1148 ⁸
1398 1116 1498 1190 τίς,
1536 1115 1712 1194 ἔλεγε,
1748 1125 1852 1174 τῶν

201 1197 406 1256 πώποτε
461 1199 740 1280 θκῤῥήσας
810 1205 926 1279 Θεῷ
982 1205 1144 1284 μέχρι
1209 1207 1406 1269 παντὸς
1463 1205 1848 1286 κατελείφθη;

201 1287 266 1344 Ἦ
307 1301 386 1354 τίς
420 1291 726 1365 ὅπομείνας
758 1293 914 1348 αὖτον
949 1295 1024 1351 εἷς
1071 1292 1223 1356 τέλος
1286 1296 1348 1350 οὗ
1393 1295 1844 1372 παρακέκληται;

199 1376 291 1440 "Oc
321 1379 510 1452 μεθύει
557 1403 740 1436 πασαν
785 1382 969 1460 ψυχὴν
1027 1381 1290 1458 διψῶσαν.
1342 1378 1598 1462 Ἱερεμίας
1649 1388 1676 1442 ὃ
1708 1389 1848 1450 θεῖος

200 1465 396 1543 λεγέτω
452 1469 584 1542 μεθ’
638 1471 792 1544 ἡμῶν
849 1473 1036 1550 ταῦτα,
1093 1473 1181 1527 καὶ
1247 1479 1425 1528 πᾶσαν
1483 1474 1668 1552 ψυχὴν
1727 1497 1850 1531 πει-

200 1559 367 1610 νῶσαν
413 1557 830 1632 ἐμπίμπλησιν,
865 1560 920 1626 ὃς
977 1561 1244 1635 ἑτοιμαζει
1303 1559 1482 1637 κόραξι
1517 1561 1730 1642 βορῤᾇν,
1763 1567 1852 1621 καὶ

199 1653 308 1706 τοῖς
357 1659 622 1710 νεοσσοῖς
683 1653 788 1702 τῶν
845 1648 1114 1728 κοράκων,
1173 1648 1267 1704 ’ίνα
1325 1651 1412 1704 καὶ
1457 1648 1580 1707 Ἰὼϐ
1609 1650 1720 1726 ἅμα
1765 1655 1851 1710 καὶ

194 1731 280 1787 τὸν
337 1735 495 1790 θετον
555 1735 727 1791 Δαυῖδ
781 1737 979 1814 εἰσάγω
1035 1737 1561 1816 συμφθεγγομένους,
1637 1745 1852 1815 Γνῶμεν

195 1818 312 1876 ὅσον
370 1825 437 1878 τὸ
499 1823 704 1898 μεταξὺ
762 1824 1090 1894 ἀνθρωπίνης
1141 1826 1401 1906 σπουδῆς,
1465 1827 1558 1884 καῖ
1605 1831 1849 1906 προνοίας

192 1907 298 1965 ἐστὶ
342 1914 552 1978 Θεϊιιῆς
614 1913 779 1993 μέχρι
825 1917 924 1972 καὶ
981 1915 1088 1972 τῶν
1147 1915 1395 1994 ἐσχάτων
1446 1918 1702 1990 ἡκούσης,
1763 1921 1849 1975 καὶ

193 1999 440 2074 εἰσόμεθα
493 2001 646 2066 ὅπως
702 2005 791 2060 καὶ
837 2005 910 2058 ὧν
955 2004 1168 2070 ἑκόντες
1200 2003 1284 2060 διὰ
1316 2008 1539 2082 Χριστὸν
1598 2007 1843 2074 ἀπέστη-

191 2109 309 2162 μεν,
363 2090 577 2148 τούτων
621 2091 772 2156 αὖθις
825 2095 958 2149 κατὰ
1020 2101 1247 2172 Χριστοῦ
1293 2093 1543 2164 πρόνοιαν
1602 2093 1842 2172 δαψιλῶς

195 2177 602 2256 ἀπολαύσομεν,

275 2447 390 2524 κβ¹.
445 2455 626 2506 Ταῦτα
688 2450 838 2529 εἶπε,
899 2451 986 2506 καὶ
1043 2449 1162 2526 μετ’
1207 2450 1386 2528 ὀλίγον
1429 2451 1735 2532 ἀνεφαίνετὸ
1765 2475 1844 2518 τις

200 2538 332 2606 ζῶον
377 2537 528 2615 ἄγων
590 2540 1036 2619 πεφορτισμένον,
1108 2537 1301 2615 Ἀπῄει
1363 2539 1415 2595 δὲ
1460 2545 1519 2599 οὐ
1563 2544 1691 2616 πρὸς
1749 2544 1846 2610 τὴν

202 2632 289 2681 τοῦ
335 2628 594 2704 Μεγάλου
638 2629 835 2708 μονὴν,
899 2628 1038 2684 ἀλλὰ
1082 2629 1276 2690 σκοπὸς
1334 2631 1473 2702 αὖτῷ
1503 2631 1701 2696 ταύτην
1747 2633 1844 2705 μὲν

205 2713 509 2792 παρελθείν,
579 2715 825 2796 ἀλλαχοῦ
885 2716 940 2772 δέ
998 2740 1099 2776 που
1155 2721 1463 2773 καταθεῖναι
1507 2720 1598 2774 τὸν
1625 2721 1838 2799 φόρτον,

208 2793 296 2865 Ὠς
339 2805 392 2860 δὲ
450 2805 686 2871 πλησίον
715 2805 818 2873 ἤδη
863 2812 961 2874 τῆς
993 2807 1160 2881 μονῆς
1213 2808 1300 2879 ἦν,
1351 2811 1447 2863 καὶ
1505 2807 1701 2864 ἄκοντα
1753 2812 1842 2866 τὸν

213 2888 360 2969 ἄνδρα
387 2895 446 2949 τὸ
503 2897 792 2973 ὑποζύγιον
817 2893 969 2970 ἵστη,
1002 2895 1098 2952 καὶ
1130 2894 1331 2956 πολλὰς
1362 2903 1428 2972 τῇ
1473 2897 1693 2974 μάστιγι
1752 2899 1842 2954 ἐν-

213 2981 420 3038 τείνοντι
462 2985 562 3046 τὰς
607 2983 846 3060 πληγὰς,
905 2985 1081 3040 ἐκεῖνο
1135 2984 1345 3062 πέτραις
1390 2987 1586 3058 ὁμοίως
1647 2987 1839 3054 ἀκίνη-

212 3089 296 3125 τον
335 3072 421 3136 ἦν,
501 3075 574 3130 Εὖ
630 3071 802 3128 τοίνυν
852 3072 1135 3130 ὒπολαϐὼν
1177 3077 1204 3130 ὁ
1250 3074 1522 3154 ἅνθρωπος
1568 3077 1644 3150 μὴ
1702 3077 1840 3132 ἀθεεὶ

215 3159 358 3216 τοῦτο
413 3163 642 3240 γίνεσθαι
703 3163 903 3238 στέψας
988 3168 1324 3243 παραχρῆμα
1410 3165 1504 3232 τὴν
1562 3165 1706 3230 τάξιν
1763 3169 1835 3229 ὡς

219 3245 388 3328 ὁδηγῷ
441 3252 645 3326 μᾶλλον
702 3253 856 3312 αὐτὸς
910 3253 1112 3332 ἐχρῆτο
1156 3256 1232 3308 τῶ
1284 3252 1425 3333 ζώῳ,
1473 3252 1569 3310 καί
1602 3257 1690 3310 τὸν
1722 3278 1836 3333 χα-

219 3331 356 3390 λινὸν
408 3339 616 3404 ὒπανεὶς
673 3339 841 3396 ἐδίδου
899 3331 1144 3421 φέρεσθαι
1194 3341 1331 3420 ἢπερ
1375 3331 1518 3415 αὖτῷ
1574 3344 1608 3410 ἡ
1671 3331 1832 3416 ὁρμή.

223 3421 366 3480 Οῧτω
417 3435 503 3484 τοῦ
552 3427 731 3506 ἀνδρὸς
765 3431 1084 3508 πράξαντος,
1135 3433 1194 3487 τὸ
1237 3437 1372 3500 ζῶον
1425 3431 1626 3508 ἀθρόως
1660 3431 1834 3488 ἀλλα-

220 3523 321 3592 χοὸ
347 3515 440 3589 μὲν
480 3516 730 3599 οὐδαμοί),
776 3519 894 3574 ἀλλ’
927 3519 1107 3597 ὥσπερ
1155 3523 1295 3580 τινὸς
1330 3519 1569 3598 ἀοράτως
1602 3522 1691 3576 τὸν
1724 3543 1836 3600 χα-

213 3597 351 3660 λινὸν
377 3605 618 3672 ἕλκοντος
653 3613 742 3668 καὶ
789 3611 1110 3679 εὔθυνοντος.
1148 3612 1264 3666 εὖθῧ
1305 3617 1404 3677 τῆς
1465 3610 1633 3684 μονῆς
1688 3611 1836 3690 ἐκώ·

350 3694 374 3717 Π
421 3721 432 3734 ἱ
601 3699 614 3716 \
760 3701 774 3718 \
861 3701 873 3720 τ
1021 3701 1035 3721 \
1179 3700 1192 3717 9
1246 3701 1256 3716 ‘
1362 3724 1372 3734 ι
1431 3701 1445 3719 \
1531 3700 1543 3723 κ
1636 3699 1659 3720 Ἰ
1701 3700 1722 3718 Χ

209 3712 305 3767 ρει.
380 3701 514 3754 mea
565 3697 631 3766 δη
687 3721 777 3758 και
833 3699 1083 3756 εισελθων
1114 3703 1140 3756 ὁ
1173 3723 1328 3778 ανηρ,
1363 3721 1449 3756 ut
1478 3723 1578 3768 την
1637 3721 1836 3756 ενοειαν

205 3782 239 3848 ἢ
279 3786 485 3850 τούτους
535 3801 787 3868 συνεῖχεν
829 3792 902 3853 ὡς
952 3789 1177 3856 πλείστη
1223 3791 1424 3864 μαθὼν,
1475 3791 1564 3846 καὶ
1616 3795 1712 3856 τῆς
1746 3797 1838 3846 τοῦ

207 3877 330 3929 Θεοῦ
383 3878 633 3952 προνοίας
669 3881 728 3933 τὸ
760 3877 1059 3956 ἀπόρρητον
1093 3877 1402 3956 ἐκπλαγεὶς,
1437 3879 1582 3941 ὅπως
1615 3877 1836 3942 ἐκείνοις

203 3960 296 4036 μὲν
339 3966 604 4046 πρόφασιν
665 3967 935 4030 στέφανων
1005 3967 1100 4034 τῆς
1178 3967 1374 4032 ἐνδείας
1433 3968 1494 4023 τὸ
1573 3968 1834 4046 λυπηρὸν,

245 4055 258 4074 ν
311 4061 326 4071 ι
389 4053 433 4086 ἢ).
551 4061 574 4071 θ
845 4064 866 4073 ν
963 4057 976 4074 \
1124 4059 1134 4079 Ι
1821 4059 1833 4076 \

207 4073 342 4127 αυτῳ
383 4073 436 4110 0:.
485 4075 578 4111 του
633 4055 870 4131 λυπηρου
925 4079 1023 4124 την
1078 4061 1225 4112 λυσιν
1285 4055 1700 4137 ἐμηχανήσατο,
1752 4080 1836 4112 και

206 4139 282 4196 ὅτι
335 4145 464 4223 πρὸς
525 4153 684 4201 τοῦτο
739 4146 973 4224 ςανερῶς
1019 4147 1054 4214 ἡ
1108 4151 1200 4202 τοῦ
1243 4147 1380 4216 ζώου
1426 4146 1685 4220 ἀπείθεια,
1733 4169 1836 4203 κα-

207 4231 394 4300 λούσης
448 4234 610 4290 αὐτὸν
651 4233 748 4301 τῆς
793 4238 1039 4312 προνοίας
1079 4235 1272 4314 τρέψαι
1320 4237 1524 4314 ψυχὰς,
1580 4243 1695 4310 eaq,
1741 4237 1836 4312 μὲν

206 4315 640 4404 λειτουργούσας,
685 4323 922 4396 ἀσθενείᾳ
977 4323 1030 4380 δὲ
1089 4325 1399 4400 καμνούσας
1458 4332 1550 4382 τοῦ
1593 4324 1837 4404 λειτουρ-

209 4419 298 4486 γοῦ
352 4413 629 4490 σώματος.
690 4421 864 4470 Ταῦτα
907 4413 971 4481 δὴ
1031 4413 1236 4476 ἐκεῖνος
1307 4415 1628 4488 καταμαθὼν
1673 4412 1836 4481 διπλῆ

206 4501 438 4581 παρέσχε
499 4505 592 4560 τὸν
633 4503 874 4582 ἀριθμὸν,
934 4502 1047 4560 μηθ’
1122 4503 1179 4558 ὃδ
1237 4505 1264 4559 ὁ
1309 4509 1518 4580 πρῶτος
1563 4501 1838 4580 διανομεὺς

211 4585 362 4648 ἐδίδου
409 4595 505 4650 τὸν
549 4591 720 4657 ἔλεον,
764 4596 836 4652 Τὸ
891 4595 1080 4650 λοιπον
1141 4595 1228 4650 οὖν
1257 4595 1304 4649 οἱ
1335 4595 1568 4668 μαθηταὶ
1596 4597 1688 4650 τοῦ
1719 4593 1836 4650 διο-

209 4677 360 4758 χλεϊν
406 4687 553 4741 αὖτω
595 4685 925 4760 παυσάμενοι
954 4687 1052 4740 καί
1083 4687 1475 4764 μικροψυχεῖν,
1521 4691 1612 4740 τοῦ
1652 4696 1837 4760 μιμεϊο

210 4771 318 4826 σθαι
373 4772 582 4848 μᾶλλον
640 4772 889 4830 ἔσπευδον
943 4774 1032 4829 καὶ
1103 4770 1296 4843 ζηλοῦν
1351 4775 1450 4838 τῆς
1516 4774 1646 4850 πρὸς
1707 4775 1838 4829 Θεὸν

215 4859 416 4936 βεϐαίας
481 4863 692 4930 ἐλπίδος
735 4868 822 4923 καὶ
881 4867 1136 4928 πίστεως.
1197 4863 1364 4922 Ἀλλὰ
1409 4871 1571 4924 ταῦτα
1619 4865 1718 4940 μὲν
1765 4867 1838 4929 εἷς

215 4962 480 5020 τοσοῦτον,

1941 493 2162 555 dictum
2195 504 2305 568 est,
2335 505 2393 557 et
2415 497 2504 557 eis
2527 494 2848 558 utebantur
2873 494 2944 556 ad
2973 493 3147 558 famis
3169 493 3592 558 solatium.Sic

1939 601 2077 660 ergo
2109 585 2192 643 illi
2219 585 2548 659 hominem,
2585 585 2685 665 qui
2719 601 2964 665 semper
3008 583 3197 647 latere
3250 585 3584 658 studuerat,

1939 672 2317 734 manifestum
2343 673 2472 736 ﬁeri
2497 673 2798 752 cogebant
2823 681 3068 754 propter
3094 672 3382 754 pusillum
3413 690 3584 734 suum

1939 769 1996 822 et
2017 761 2314 841 abjectum
2343 763 2606 825 animum
2636 783 2652 824 τ
2681 771 2738 824 et
2757 781 2918 837 eum,
2945 762 3047 844 qui
3069 763 3139 824 ad
3165 764 3356 826 Deum
3383 761 3589 824 oculos

1937 867 2288 912 convertere
2311 861 2734 927 consueverat,
2761 851 3078 931 urgebant;
3106 863 3170 913 ut
3191 851 3448 932 turpiter
3469 869 3590 912 ma-

1937 957 2048 999 nus
2100 942 2436 1020 porrigeret
2463 941 2840 1014 hominibus,
2877 939 3086 1002 relicta
3120 959 3298 1002 manu
3327 958 3464 1018 quae
3496 947 3586 1003 est

1935 1045 2065 1108 ape:
2089 1037 2234 1104 ta,et
2253 1031 2460 1110 implet
2486 1050 2664 1092 omne
2687 1029 2909 1093 animal
2938 1029 3383 1102 benedictione,
3402 1039 3462 1090 ut
3485 1031 3587 1110 qui

1936 1136 2064 1178 eam
2103 1137 2235 1180 esse
2266 1129 2574 1199 augustam
2599 1119 2691 1182 vel
2725 1137 2960 1200 parcam
2991 1139 3059 1182 ac
3090 1119 3391 1181 sordidam
3414 1117 3584 1198 judi-

1936 1207 2198 1268 cassetin
2223 1207 3144 1290 prmsentia.Atque,illiquidem
3173 1209 3584 1270 eranttristes.

1935 1295 1986 1353 ls
2011 1312 2142 1356 vi-ro
2168 1316 2266 1357 eos
2289 1303 2502 1356 sensim
2528 1301 2846 1357 admonens
2864 1323 2874 1354 :
2895 1300 3056 1367 Quis,
3074 1301 3284 1366 aiebat,
3305 1313 3374 1356 ex
3400 1301 3468 1356 iis
3485 1302 3584 1372 qui

1937 1383 1994 1442 in
2025 1385 2144 1445 Deo
2169 1386 2375 1445 conﬁsi
2399 1403 2464 1446 su
2479 1385 2812 1458 nt,omnino
2841 1394 2928 1446 est
2951 1383 3580 1464 derelictus?Atquis,

1936 1473 2036 1552 qui
2071 1472 2267 1551 ipsum
2300 1473 2372 1534 ad
2411 1475 2592 1535 linem
2629 1491 2816 1554 usque
2847 1473 3154 1545 sustinuit,
3191 1491 3309 1534 non
3358 1474 3588 1554 accepit

1937 1562 2409 1622 consolationem
2429 1563 2454 1623 ’ί
2475 1561 2583 1634 Qui
2600 1562 2858 1624 inebriat
2879 1581 3116 1623 omnem
3141 1561 3438 1623 sitientem
3462 1560 3588 1623 ani-

1937 1667 2118 1714 mam.
2157 1649 2294 1712 HIBC
2327 1651 2639 1712 nobiscum
2676 1652 2835 1713 dicat
2865 1651 3104 1712 divinus
3134 1650 3423 1712 .leremias
3457 1671 3472 1712 :
3508 1652 3586 1714 Et

1877 1769 1910 1820 δ
1935 1755 2167 1800 omnem
2189 1743 2561 1803 esurientem
2582 1739 3588 1820 impletanimam8.Quipra:parat
3623 1814 3636 1826 ο

1934 1830 2130 1891 corvis
2157 1829 2377 1910 cibum,
2399 1838 2455 1892 et
2477 1829 2671 1909 pullis
2688 1847 3027 1902 corvorum;
3052 1837 3113 1890 ut
3135 1827 3248 1890 Job
3277 1846 3514 1908 quoque
3528 1838 3586 1892 et

1933 1916 2202 1980 divinum
2233 1919 2412 1981 David
2450 1919 2823 1980 introducam
2857 1919 3034 1978 simul
3057 1917 3440 1994 loquentes9.
3468 1916 3584 1982 Co-

1929 2026 2287 2086 gnoscamus
2320 2019 2607 2088 quantum
2635 2008 2890 2070 interest
2922 2007 3078 2068 inter
3101 2009 3425 2068 humanum
3452 2016 3584 2068 stu-

1931 2097 2093 2157 dium
2115 2097 2444 2158 etdivinam
2470 2097 3080 2176 providentiam,qua3
3099 2097 3586 2176 pertingitusque

1930 2185 2002 2246 ad
2026 2194 2288 2247 extrema
2320 2207 2332 2248 :
2365 2195 2422 2247 et
2444 2185 2726 2260 sciemus,
2750 2185 3253 2266 quemadmodum
3276 2183 3350 2244 iis
3373 2184 3575 2255 etiam,

1929 2291 2059 2354 quae
2090 2284 2337 2354 propter
2368 2274 2668 2336 Christum
2729 2274 3009 2336 lubenter
3057 2273 3434 2353 reliquimus,
3488 2271 3585 2334 di-

1928 2362 2064 2424 vina
2088 2381 2295 2424 rursus
2312 2363 2686 2440 providentia
2701 2363 2942 2424 abunde
2965 2369 3023 2422 et
3045 2363 3287 2439 copiose
3302 2361 3580 2423 fruimur.

2009 2452 2108 2514 2‘2.
2144 2451 2280 2512 Haec
2311 2453 2480 2527 dixit,
2516 2460 2574 2514 et
2605 2453 2782 2532 paulo
2818 2463 2952 2532 post
2983 2451 3258 2530 apparuit
3305 2449 3576 2529 quidam,

1930 2541 2158 2602 ducens
2187 2541 2407 2602 animal
2429 2551 2727 2601 onustum.
2759 2541 2886 2602 lbat
2909 2549 3104 2600 autem
3136 2557 3252 2600 non
3287 2539 3356 2598 ad
3385 2538 3582 2617 magni

1927 2628 2250 2690 Theodosii
2279 2631 2850 2704 monasterium;sed
2875 2649 3094 2706 scopus
3113 2627 3349 2708 quidem
3370 2637 3496 2687 erat
3515 2626 3572 2688 ei

1927 2718 1986 2779 id
2023 2722 2296 2791 transire,
2325 2738 2474 2780 onus
2505 2731 2700 2781 autem
2737 2720 2794 2780 in
2829 2719 3027 2799 aliquo
3070 2719 3185 2778 alio
3217 2717 3350 2777 loco
3381 2714 3570 2796 depo-

1931 2826 2097 2868 nere.
2127 2811 2442 2889 Postquam
2471 2827 2605 2868 vero
2630 2809 2878 2888 fuitjam
2907 2825 3090 2886 prope
3119 2805 3569 2881 monasterium,

1927 2898 2018 2958 vel
2071 2898 2322 2958 invitum
2375 2897 2565 2959 virum
2599 2898 3114 2978 sistitjumentum
3155 2912 3168 2956 :
3217 2911 3472 2974 cumque
3519 2894 3576 2954 ei

1929 2986 2162 3064 ﬂagello
2222 2987 2436 3048 multas
2473 2988 2674 3066 plagas
2705 2986 3039 3059 incuteret;
3095 2984 3240 3045 illud
3277 2993 3403 3045 erat
3449 2983 3570 3044 im-

1928 3076 2170 3149 mobile,
2209 3095 2326 3136 non
2359 3095 2532 3136 secus
2565 3096 2632 3136 ac
2665 3075 2710 3136 si
2744 3087 2902 3136 esset
2946 3092 3176 3136 saxum.
3213 3072 3356 3134 Cum
3391 3071 3568 3132 homo

1923 3184 2064 3243 eigo
2097 3176 2260 3224 recte
2294 3167 2705 3226 exisuimasset
2734 3165 2793 3226 id
2832 3183 2948 3225 non
2983 3165 3113 3224 fieri
3147 3163 3280 3222 sine
3313 3161 3416 3223 Dei
3447 3177 3570 3222 nu-

1919 3263 2104 3326 minu,
2133 3273 2260 3314 mox
2291 3267 2575 3314 conrerso
2602 3253 2842 3326 ordine,
2869 3253 3122 3314 animali
3147 3247 3428 3310 utebatur
3449 3261 3572 3311 tan-

1920 3361 2092 3420 quam
2150 3343 2338 3414 dure;
2395 3353 2453 3403 et
2487 3343 2674 3403 laxato
2709 3344 2878 3402 freno
2928 3341 2982 3402 ei
3015 3337 3399 3421 permittebat
3448 3338 3560 3405 ire.

1919 3450 2036 3511 quo
2070 3449 2204 3490 eum
2239 3431 2418 3492 ferret.
2452 3431 2736 3510 impetus.
2792 3433 2938 3492 Cum
2975 3430 3154 3489 homo
3187 3428 3274 3488 sic
3300 3426 3566 3496 fecisset,

1921 3519 2140 3580 animal
2172 3520 2482 3581 confestim
2527 3537 2819 3599 nusquam
2867 3518 3108 3598 quidem
3143 3515 3285 3588 alio,
3321 3515 3426 3576 sed
3459 3531 3572 3594 pe-

1918 3609 2093 3669 rinde
2124 3626 2192 3668 ac
2223 3608 2272 3666 si
2317 3608 2534 3688 aliquis
2563 3609 2824 3682 frenum,
2859 3627 2993 3668 cum
3027 3625 3060 3668 a
3095 3603 3342 3666 nemine
3372 3603 3567 3664 videri

1921 3699 2414 3776 posset,traheret
2431 3708 2486 3758 et
2508 3698 2983 3776 dirigeret,recta
3006 3695 3160 3758 vadit
3183 3693 3256 3754 ad
3279 3699 3574 3754 monaste-

1920 3787 2098 3848 rium.
2125 3785 2250 3857 Quo
2275 3803 2407 3846 cum
2435 3786 2522 3846 vir
2545 3797 2706 3848 esset
2729 3791 3127 3864 ingressus,et
3147 3783 3573 3862 inopiaat,quae

1921 3895 2025 3938 eos
2046 3875 2292 3954 urgebat
2317 3876 2936 3946 maxima,didicisset,
2967 3884 3026 3936 et
3045 3873 3154 3935 Dei
3178 3871 3572 3954 providentiae

1921 3983 2208 4026 arcanum
2244 3975 2403 4026 esset
2431 3965 2783 4038 admiratus,
2812 3963 3315 4044 quemadmodum
3341 3960 3571 4022 scilicet

1923 4054 2242 4130 effecisset,
2268 4063 2333 4114 ut
2353 4053 2574 4133 inopia:
2597 4054 2872 4114 molestia
2897 4053 2986 4114 eis
3006 4059 3165 4113 esset
3195 4049 3430 4111 occasio
3461 4066 3567 4108 co-

1921 4159 2235 4214 ronarum,
2271 4151 2330 4203 et
2377 4153 2441 4203 ut
2471 4145 2601 4224 ipse
2651 4160 2778 4203 eam
2813 4141 3070 4203 solveret
3099 4139 3462 4211 molestiam,
3515 4143 3574 4197 et

1920 4233 2076 4314 quod
2111 4251 2178 4294 ea
2211 4232 2286 4294 de
2317 4250 2495 4293 causa
2519 4251 2636 4292 non
2661 4230 2905 4312 parebat
2944 4229 3190 4302 animal,
3215 4245 3349 4288 eum
3373 4225 3572 4314 divina

1921 4331 2174 4382 vocante
2208 4321 2580 4400 providentia
2607 4321 2678 4381 ad
2713 4321 2961 4381 alendas
2992 4320 3246 4391 animas,
3287 4333 3419 4396 quas
3449 4313 3570 4377 Deo

1921 4412 2163 4491 quidem
2191 4409 2634 4484 ministrabant,
2655 4408 3050 4470 ministrantis
3079 4414 3275 4468 autem
3301 4404 3572 4481 corporis

1861 4481 1904 4532 θ
1925 4481 2272 4560 laborabant
2303 4481 2740 4560 imbecillitate.
2777 4496 2916 4558 Haec
2945 4515 3078 4559 cum
3114 4495 3217 4556 ille
3239 4491 3569 4569 didicisset,

1920 4589 2169 4670 duplum
2209 4587 2466 4668 praebuit
2507 4589 2635 4668 ejus
2672 4587 3087 4666 eleemosynte,
3137 4601 3311 4665 quam
3345 4581 3573 4663 primus

1923 4679 2146 4740 divisor
2171 4677 2436 4740 dederat.
2466 4679 2554 4740 De.
2579 4684 2794 4738 caetero
2819 4692 2960 4754 ergo
2989 4677 3123 4753 ejus
3139 4671 3420 4752 discipuli
3447 4689 3576 4734 ces-

1923 4777 2124 4829 santes
2173 4786 2243 4829 ea
2265 4767 2553 4829 exhibere
2586 4765 2966 4840 molestiam,
3002 4771 3060 4826 et
3093 4780 3227 4825 esse
3263 4760 3481 4842 pusillo
3513 4768 3572 4823 et

1923 4857 2158 4936 abjecto
2174 4855 2734 4930 animo,studebant
2764 4853 2962 4934 potius
2983 4870 3123 4914 eum
3151 4851 3401 4924 imitari,
3433 4847 3570 4911 bea-

1925 4955 2169 5026 tumque
2220 4963 2357 5008 eum
2407 4945 2706 5006 ducebant
2760 4949 3006 5023 propter
3039 4941 3272 5002 ﬁrmam
3305 4955 3474 5020 spem
3507 4947 3570 5000 et

1921 5036 2099 5099 fidem
2133 5035 2193 5096 in
2225 5033 2438 5096 Deum.
2473 5033 2586 5095 Sed
2627 5036 2751 5094 haec
2779 5030 3020 5112 quidem
3053 5031 3384 5106 hucusque.

1690 5149 1924 5214 CAPUT
1963 5151 2058 5209 VI.

1447 5249 1818 5316 Exstruitur
1845 5247 2303 5317 monasterium.

285 5347 389 5438 κγ’.
442 5359 601 5421 Ἐπεὶ
677 5359 733 5418 δὲ
793 5358 910 5417 καθ’
990 5358 1224 5424 ἑκάστην
1288 5357 1430 5430 αὐτῷ
1486 5360 1532 5415 οἱ
1589 5363 1838 5438 φοιτηταὶ

212 5453 590 5531 προσετίθεντο,
649 5447 892 5523 (ἐκάλουν
949 5449 1050 5526 γὰρ
1107 5449 1160 5502 αἱ
1203 5445 1310 5502 τῶν
1355 5445 1557 5503 ἐκείνου
1601 5451 1837 5528 χαρίτων

284 5576 314 5628 8
338 5573 456 5642 Jer.
493 5594 650 5648 χχιιι,
685 5576 788 5640 93.

515 5697 782 5762 PATROL.
811 5695 925 5758 Gn.
961 5692 1170 5758 CXIV.

1995 5355 2096 5418 93.
2121 5349 2409 5426 Quoniam
2433 5353 2632 5408 autem
2657 5343 2712 5406 ei
2743 5339 3017 5424 quotidie
3047 5337 3416 5404 accedebant
3447 5337 3573 5404 diuo

1919 5445 2104 5527 cipuli
2130 5441 2344 5518 (fontes
2363 5437 2526 5500 enim
2547 5435 2710 5498 illius
2731 5431 3054 5512 gratiarum
3072 5429 3364 5494 vocabant
3379 5427 3568 5494 bonas

873 5575 906 5625 9
935 5571 1044 5638 Job
1073 5588 1314 5645 xxxviii,
1353 5571 1390 5634 4
1428 5593 1443 5650 ;
1475 5575 1626 5637 Psal.
1661 5589 1856 5650 CXLVI,
1888 5573 1953 5638 9.

3207 5674 3280 5744 16
