4018 6136
471 281 582 359 491

1770 288 2051 366 MENSIS
2090 292 2540 369 IANUAHIUS.

3711 300 3821 373 492

475 438 533 493 et
564 433 798 496 virtutis
826 436 1126 501 studiosae
1156 442 1423 513 animas;
1451 422 1655 500 cervas
1678 437 1927 498 rationis
1942 454 2111 498 com-

2198 441 2367 517 πηγαὶ
2420 441 2513 502 τὰς
2564 438 2877 520 φιλαρέτους
2909 440 3113 520 ψυχὰς,
3150 438 3378 519 ἐλάφους
3411 439 3628 518 λογικὰς
3675 443 3819 501 εἶπεν

476 529 645 600 potes
694 523 910 587 dixerit
942 527 1182 607 aliquis,
1212 544 1399 608 aquas
1427 534 1695 589 amantes
1752 526 2123 606 spirituales)

474 608 700 692 aliique
731 613 972 694 plurimi
1024 625 1437 690 accesserunt,
1470 626 1531 678 et
1566 635 1682 677 non
1715 615 1887 695 pauci
1924 633 1992 676 ex
2024 615 2119 688 iis,

476 721 732 783 quorum
757 723 970 783 magna
989 715 1121 770 erat
1142 705 1471 770 auctoritas
1493 715 1552 768 et
1572 723 1742 786 Opes.
1770 705 1839 766 Et
1854 706 1978 785 jam
2000 723 2121 765 ma-

470 809 627 872 gnus
642 793 887 872 quidem
910 802 1339 858 eratnumerus
1360 793 1813 875 discipulorum:
1835 794 2121 875 spelunca

474 887 675 942 autem
708 883 942 960 exigua,
966 891 1027 945 et
1054 883 1233 965 plane
1256 884 1478 962 minor,
1508 902 1679 964 quam
1709 893 1773 946 ut
1797 902 1898 945 eos
1922 891 2123 963 posset

474 987 725 1049 capere;
780 972 896 1052 ipsi
944 981 1141 1036 autem
1177 973 1539 1037 accedentes
1581 971 2005 1046 sollicitabant,
2056 981 2121 1033 ut

477 1056 765 1120 excitaret
797 1061 1248 1133 monasterium,
1286 1070 1343 1124 et
1374 1060 1726 1142 ampliorem
1758 1061 1845 1123 eis
1894 1059 2119 1122 faceret

469 1145 701 1208 canlam
734 1148 932 1210 ovium
963 1149 1395 1229 spiritualium,
1424 1149 1715 1223 dicentes,
1756 1148 1905 1210 nihil
1933 1167 2114 1229 opor-

469 1242 597 1296 tere
626 1254 762 1297 eum
789 1254 1004 1310 curare
1031 1247 1305 1319 sumptus
1334 1237 1640 1302 faciendos
1670 1238 1743 1299 ad
1776 1237 2114 1299 aediﬁcatio-

470 1340 633 1387 nem.
667 1323 814 1387 Nam
840 1334 898 1389 et
919 1336 1184 1409 sumptu,
1211 1328 1469 1403 aiebant,
1493 1327 1592 1409 qui
1616 1328 1691 1391 ad
1716 1346 1846 1390 eam
1874 1327 2112 1393 sufﬁcit.

473 1431 705 1486 manus,
739 1422 796 1476 et
827 1434 1007 1478 manu
1037 1416 1213 1480 nobis
1241 1420 1479 1480 animus
1528 1417 1776 1496 largior.
1830 1415 1927 1479 Sic
1977 1434 2112 1477 cum

471 1502 688 1582 majori
709 1504 873 1584 gregi
901 1516 1217 1584 cogeretur
1239 1524 1498 1588 praeesse
1516 1525 1651 1568 vere
1674 1506 1867 1568 bonus
1891 1514 2111 1587 pastor,

476 1589 595 1651 dici
634 1610 755 1653 non
788 1601 984 1673 potest
1012 1595 1251 1674 quantis
1274 1597 1602 1675 jactaretur
1632 1596 1812 1667 curis,
1849 1604 1907 1655 et
1932 1613 2110 1675 quam

475 1679 657 1742 variis
716 1681 1154 1746 distraheretur
1208 1683 1688 1764 cogitationibus.
1747 1682 2116 1765 Quandoque

473 1768 634 1859 enim
667 1770 739 1831 ad
775 1771 997 1834 bonum
1030 1771 1250 1854 quietis
1277 1781 1338 1836 et
1364 1772 1584 1835 silentii
1618 1771 2001 1852 respiciebat,
2054 1780 2113 1833 et
2134 1809 2172 1859 Β

470 1858 546 1920 ad
597 1877 803 1939 puram
839 1870 897 1922 et
928 1861 1310 1942 tranquillam
1362 1871 1645 1937 mentem,
1691 1860 1765 1922 ab
1795 1862 1904 1946 hac
1934 1862 2114 1924 chara

475 1947 678 2027 quiete
706 1956 986 2031 tanquam
1015 1969 1048 2013 a
1076 1959 1266 2013 matre
1295 1969 1359 2013 se
1387 1950 1562 2012 avelli
1593 1950 1863 2026 dolebat;
1915 1968 2110 2032 quan-

474 2035 673 2114 doque
703 2047 902 2100 autem
932 2038 1373 2115 considerabat,
1398 2058 1601 2102 curam
1626 2057 1763 2101 esse
1783 2039 2109 2121 gerendam

472 2142 682 2187 eorum
732 2130 830 2207 qui
882 2127 1272 2203 ventitabant,
1309 2135 1368 2190 et
1397 2147 1515 2190 non
1547 2137 1825 2208 oportere
1856 2127 1969 2189 sibi
2002 2127 2113 2189 soli

471 2214 696 2290 vivere,
730 2219 840 2279 sed
871 2216 1057 2280 multo
1089 2218 1278 2295 magis
1319 2217 1495 2280 etiam
1544 2218 1853 2297 proximis,
1891 2226 1950 2279 et
1981 2217 2112 2296 ejus

471 2304 562 2366 rei
595 2302 789 2384 ipsum
823 2304 1146 2368 Dominum
1179 2306 1363 2369 fuisse
1394 2305 1571 2367 nobis
1600 2306 1674 2368 ab
1706 2306 1875 2369 initio
1906 2324 2112 2369 exem-

472 2392 607 2474 plar
638 2395 1034 2475 propositum,
1066 2394 1169 2476 qui
1202 2403 1262 2457 et
1284 2392 1403 2457 sibi
1432 2405 1815 2475 congregant
1843 2394 2111 2475 discipu-

467 2482 580 2558 los,
614 2490 675 2546 et
706 2492 1065 2565 conspectus
1087 2492 1178 2546 est
1207 2491 1407 2564 pastor
1435 2484 1631 2546 ovium
1662 2484 1911 2547 rationis
1941 2502 2112 2546 com-

473 2577 699 2651 potum,
734 2582 793 2633 et
824 2591 929 2653 pro
966 2574 1056 2637 eis
1086 2576 1285 2636 emisit
1310 2575 1593 2637 animam.

550 2659 648 2721 24.
678 2659 816 2723 Haec
837 2680 978 2741 ergo
1000 2661 1237 2743 quando
1260 2681 1367 2743 per
1393 2663 1579 2725 otium
1602 2661 2112 2736 considerabat,et

470 2751 531 2810 in
571 2750 934 2812 contrariam
970 2761 1198 2832 partem
1246 2751 1594 2814 trahebatur
1623 2752 1883 2823 animus,
1916 2769 2112 2832 neque

473 2838 705 2901 sciebat
734 2839 972 2901 cuinam
1006 2860 1154 2921 pure
1180 2841 1537 2905 adhaereret.
1561 2842 1711 2904 Nam
1734 2840 1951 2921 quietis
1972 2841 2111 2921 qui-

472 2927 610 2989 dem
636 2935 694 2989 et
724 2928 947 2991 silentii
972 2929 1200 2994 fructus
1220 2948 1338 2992 non
1356 2929 1902 3009 ignorabat;rursus
1915 2937 2111 2991 autem

478 3015 971 3100 sciebat,quinam
1001 3026 1202 3082 essent
1221 3020 1446 3081 fructus
1471 3035 1780 3095 cumquae
1802 3027 2116 3097 gereretur

468 3106 717 3169 fratrum
753 3124 767 3169 :
809 3115 869 3169 et
900 3107 1035 3170 ideo
1068 3110 1336 3189 utrisque
1365 3106 1730 3182 adhaerebat,
1761 3116 1820 3169 et
1845 3106 2112 3169 neutrius

2205 526 2267 582 ἄν
2297 551 2378 592 τις
2407 527 2609 586 ὑδάτων
2638 529 2692 604 ἐρ
2710 537 2839 591 eam:
2901 528 3299 608 πνευματικῶν)
3356 528 3514 585 ἃλλοι
3560 552 3614 587 τε
3670 532 3818 588 πλεῖς

2205 640 2319 674 στοι
2380 620 2465 674 καὶ
2522 621 2627 674 τῶν
2682 618 2736 674 ἐν
2796 618 3059 693 ἀξιώμασι
3132 617 3224 673 καῖ
3284 619 3532 696 χρήμασι
3574 622 3814 693 περιττῶν

2204 707 2300 763 οὒκ
2351 707 2520 785 ὀλίγοι
2565 708 2891 783 προῄσεσαν.
2931 709 3028 765 Καὶ
3060 710 3088 763 ὁ
3133 708 3229 781 μὲν
3280 712 3388 762 τῶν
3434 711 3669 780 μαθητῶν
3698 711 3808 786 ἀρι-

2202 799 2334 872 θμὸς
2378 794 2481 863 ἤδη
2540 796 2702 860 πολὺς
2730 800 2819 869 ἦν,
2875 797 3050 876 βραχὺ
3110 794 3163 851 δὲ
3222 799 3281 851 τὸ
3339 796 3592 866 σπήλαιον
3617 799 3802 856 καίσα·

2201 886 2313 964 φῶς
2356 885 2515 953 ἧττον
2569 886 2604 953 ἢ
2661 888 2795 942 κατὰ
2852 887 3122 965 χώρησιν,
3170 886 3316 943 αύτοὶ
3363 886 3654 962 προπιόντες
3679 889 3801 955 ἠνώ-

2199 973 2366 1053 χλουν
2416 976 2500 1030 καὶ
2562 974 2921 1052 μοναστήριον
2978 975 3206 1051 ἐγεῖραι,
3239 976 3327 1031 καὶ
3362 977 3452 1030 τὸν
3512 977 3664 1042 σηκὸν
3714 984 3800 1033 αύ-

2199 1076 2317 1127 τοῖς
2375 1070 2480 1119 τῶν
2537 1067 2911 1138 πνευματικῶν
2966 1063 3226 1121 πλατῦναι
3303 1061 3602 1142 προϐάτων,
3660 1064 3807 1136 μηδὲν

2198 1152 2368 1225 ἑαυτῷ
2420 1151 2624 1226 μᾶλλον
2690 1152 3057 1227 ἀναλωμάτων
3114 1158 3219 1209 τῶν
3277 1154 3354 1213 εἰς
3414 1151 3513 1219 τήν
3555 1152 3811 1228 οἰκοδομὴν

2197 1239 2444 1318 λέγοντες
2480 1261 2495 1275 ·
2543 1245 2641 1310 τῆς
2701 1263 2757 1297 τε
2814 1243 2915 1320 γὰρ
2967 1242 3232 1313 ἀρκούσης
3264 1240 3349 1297 ἐπ’
3384 1242 3545 1308 αὐτὴν
3596 1240 3813 1310 δαπάνης

2197 1332 2231 1396 ἦ
2277 1330 2428 1410 χεὶρ,
2461 1332 2547 1386 καὶ
2576 1331 2670 1398 τῆς
2716 1332 2896 1410 χειρὸς
2939 1332 3076 1406 ἡμῖν
3112 1332 3145 1399 ἡ
3206 1330 3402 1408 γνώμη
3434 1328 3769 1409 δαψιλεστέρα
3798 1347 3811 1363 ⁸

2198 1418 2338 1476 οὕτω
2391 1420 2630 1494 μείζονος
2692 1420 2984 1496 προστῆναι
3047 1421 3296 1483 ποιμνίου
3355 1422 3383 1475 ὁ
3437 1422 3595 1481 καλὸς
3619 1428 3690 1493 τῷ
3717 1420 3818 1477 ὄντι

2196 1509 2402 1582 ποιμὴν
2456 1507 2894 1584 δποϐιαζιὶμενος,
2959 1511 3051 1566 οὒκ
3111 1508 3252 1565 ἔστιν
3334 1512 3512 1565 εἰπεῖν
3574 1509 3718 1575 ὅσαις
3767 1532 3820 1566 τε

2196 1594 2450 1653 ἐϐάλλετο
2525 1613 2649 1662 ταῖς
2709 1607 2968 1677 φροντίσι,
3023 1599 3111 1654 καὶ
3169 1598 3316 1663 ὅπως
3374 1611 3495 1663 τοῖς
3553 1597 3821 1676 λογισμοῖς

2195 1685 2483 1763 ἐμερίζετο.
2519 1686 2647 1745 ’Ὁτε
2703 1687 2797 1762 μὲν
2853 1688 2951 1764 γὰρ
3002 1689 3132 1764 πρὸς
3176 1689 3236 1742 τὸ
3294 1686 3398 1754 τῆς
3454 1687 3678 1768 ἠσδχίας
3725 1691 3823 1744 επ-

2197 1772 2509 1847 ίδοι⁶καλὸν,
2542 1777 2629 1832 καὶ
2661 1779 2723 1832 τὸ
2753 1778 2979 1853 καθαρὸν
3011 1786 3103 1835 τοῦ
3146 1783 3236 1833 νοῦ
3274 1778 3361 1833 καὶ
3409 1776 3688 1856 γαλήνιον,
3734 1781 3823 1844 τῆς

2194 1863 2353 1941 φίλης
2389 1865 2584 1931 ταύτης
2639 1865 2869 1943 ἡσυχίας
2901 1865 2997 1920 οἶα
3052 1866 3256 1942 μητρὸς
3289 1864 3690 1939 ἀποσπώμενος
3728 1863 3825 1932 ἤλ-

2192 1973 2299 2030 γει.
2359 1952 2487 2010 ’Ὅτε
2544 1951 2598 2009 δὲ
2643 1955 2773 2031 πρὸς
2830 1956 2891 2010 τὸ
2948 1959 3054 2010 τῶν
3107 1957 3434 2032 φοιτούντων
3484 1953 3826 2029 κηδεμονικὸν

2195 2038 2543 2117 ἀποϐλέψειε,
2588 2043 2678 2099 καί
2726 2044 2787 2099 τὸ
2819 2043 2896 2117 μὴ
2939 2042 3054 2099 δεῖν
3114 2044 3285 2115 ἑαυτῷ
3315 2046 3471 2118 μόνῳ
3526 2049 3647 2120 ζῇν,
3700 2041 3827 2100 ἀλλὰ

2195 2130 2381 2205 πολλῷ
2431 2129 2634 2206 μᾶλλον
2677 2135 2762 2188 καὶ
2814 2145 2929 2194 τοῖς
2980 2131 3231 2213 πλησίον,
3267 2136 3359 2190 καὶ
3407 2133 3599 2190 τούτου
3629 2154 3688 2210 γε
3745 2136 3826 2189 τὸν

2192 2222 2368 2275 κοινὸν
2402 2220 2680 2287 Δεσπότην
2725 2222 2863 2298 ἐωρα
2894 2222 3055 2279 τύπον
3089 2221 3140 2288 ἐξ
3184 2224 3365 2303 ἀρχῆς
3412 2225 3728 2299 γενόμενον,
3769 2222 3824 2283 ὃς

2192 2310 2280 2364 καὶ
2337 2310 2575 2383 μαθητὰς
2631 2311 2804 2383 ἑαυτῷ
2875 2313 3168 2390 συνήγαγε,
3258 2314 3344 2368 καὶ
3404 2313 3615 2387 ποιμὴν
3684 2310 3824 2391 ὤφθη

2193 2404 2426 2474 κογικῶν
2512 2396 2792 2477 προϐάτων
2823 2446 2839 2479 ,
2900 2402 2987 2457 καὶ
3067 2401 3196 2480 ὑπὲρ
3255 2402 3433 2460 αὐτῶν
3495 2400 3595 2467 τὴν
3653 2402 3826 2479 ψυχὴν

2191 2488 2427 2563 προίετο.

2308 2662 2354 2719 δΙ
2491 2671 2513 2683 ν
3044 2667 3057 2684 \
3319 2666 3330 2683 ο
3626 2669 3640 2685 \

2273 2687 2306 2720 κ
2361 2708 2376 2724 .
2410 2674 2584 2722 Ταυτα
2614 2665 2703 2722 ’ὁτε
2751 2665 3102 2746 κατασχολην
3151 2665 3530 2743 διασκεψαιτο,
3591 2688 3683 2724 τον
3738 2664 3826 2722 λο-

2193 2754 2386 2832 γισμὸν
2430 2754 2573 2818 αὖθις
2632 2752 2932 2812 ἀνθείλκετο
2986 2758 3073 2811 καὶ
3121 2760 3216 2815 οὒκ
3246 2761 3407 2836 εἶχεν
3455 2757 3566 2832 ὅτῳ
3600 2758 3824 2833 καθαρῶς

2195 2845 2484 2921 προστεθῇ.
2538 2844 2669 2906 Τοὺς
2714 2844 2813 2917 μὲν
2869 2844 2968 2922 γὰρ
3026 2849 3125 2914 τῆς
3170 2846 3404 2925 ἡσυχίας
3449 2845 3687 2924 καρποὺς
3741 2842 3827 2898 οὒκ

2194 2932 2401 3010 ἠγνόει,
2477 2930 2592 2999 ἠδει
2670 2930 2725 2988 δὲ
2800 2934 2889 2989 καὶ
2950 2941 3048 3001 τῆς
3122 2937 3372 3012 προνοίας
3432 2941 3538 2993 τῶν
3598 2932 3823 3012 ἀδελφῶν

2195 3022 2400 3100 ὁποῖοι,
2450 3022 2537 3077 καὶ
2595 3020 2678 3077 διὰ
2738 3029 2891 3079 τοῦτο
2950 3026 3037 3081 καὶ
3099 3024 3423 3104 ἀμφοτέροις
3500 3022 3823 3102 προσέκειτο,

2193 3112 2283 3166 καὶ
2339 3108 2447 3168 οὐδ’
2506 3110 2687 3189 ἑτέρου
2738 3111 3013 3178 παντελῶς
3057 3113 3281 3192 ἐγίνετο,
3343 3113 3601 3192 ἐκατέρου
3643 3133 3700 3168 τε
3726 3111 3822 3190 ἁφ-

475 3205 602 3259 erat
626 3197 862 3277 penitus
886 3219 899 3257 :
929 3196 1081 3261 etab
1104 3205 1357 3279 utroque
1382 3196 1723 3271 recedobat,
1748 3208 1808 3257 et
1830 3214 1961 3256 cum
1984 3214 2111 3257 am-

2201 3202 2403 3274 ίστατο,
2465 3201 2552 3256 καὶ
2610 3201 2929 3280 ἀμεροτέροις
3006 3202 3165 3259 πάλιν
3243 3206 3572 3284 συνήρχετο,
3638 3202 3696 3261 Τί
3746 3201 3824 3257 οὖν

469 3284 667 3348 bobus
697 3304 905 3349 rursus
948 3286 1363 3351 conveniebat.
1416 3286 1567 3359 Quid
1599 3304 1739 3364 ergo
1772 3284 1958 3347 facit?
1986 3284 2109 3348 Deo

474 3376 765 3456 permittit
789 3379 1158 3453 universum,
1183 3376 1285 3458 qui
1309 3375 1401 3438 vel
1425 3374 1586 3437 solus
1611 3381 1807 3455 potest
1829 3373 2106 3450 miscere,

474 3484 605 3546 quae
634 3465 877 3527 misceri
916 3485 1033 3528 non
1065 3474 1312 3547 possunt
1346 3486 1359 3528 :
1396 3473 1454 3527 et
1484 3464 1646 3525 illius
1675 3462 1893 3525 auxilio
1922 3463 2113 3527 credit

476 3573 651 3636 posse
685 3556 837 3631 fieri,
870 3563 936 3618 ut
967 3563 1026 3617 et
1055 3566 1441 3619 conservetur
1465 3554 1686 3617 bonum
1714 3553 1933 3634 quietis
1952 3560 2012 3614 et
2035 3553 2113 3615 si-

468 3643 664 3718 lentii,
699 3652 759 3706 et
788 3664 906 3707 non
941 3650 1205 3725 privetur
1236 3645 1515 3708 mercede
1546 3644 1930 3724 praefecturae.
1978 3644 2112 3707 Non

470 3732 633 3793 enim
657 3732 721 3794 in
743 3752 839 3810 eo,
864 3732 1029 3811 quod
1056 3740 1132 3796 sit
1151 3754 1372 3816 corpus
1395 3734 1755 3808 solitarium,
1784 3733 1890 3794 sed
1921 3735 1981 3794 in
2014 3751 2108 3809 eo,

470 3820 627 3900 quob
677 3821 755 3882 sit
803 3841 906 3884 cor
948 3822 1105 3884 bene
1162 3823 1555 3904 compositum
1607 3831 1665 3883 et
1694 3820 2107 3902 tranquillum,

471 3909 647 3969 vitam
681 3920 844 3972 recte
874 3914 998 3990 geri
1037 3913 1445 3985 monasticam,
1472 3920 1535 3973 ut
1554 3910 1799 3971 adivino
1820 3909 2003 3972 David
2024 3918 2113 3970 est

471 3997 803 4061 definitum.
844 4004 1016 4064 Certe
1044 4001 1279 4063 etiamsi
1311 4002 1390 4061 ita
1417 4016 1482 4060 se
1508 3998 1756 4060 haberet
1789 3998 2109 4077 judicium,

474 4096 669 4149 tamen
704 4090 827 4151 Deo
862 4089 1175 4169 permittit,
1209 4097 1269 4152 et
1298 4088 1354 4150 ei
1399 4087 1714 4168 supplicat,
1764 4089 1813 4148 si
1868 4093 2111 4149 omnino

472 4178 528 4238 ei
559 4185 763 4255 gratus
793 4190 951 4240 esset
983 4187 1233 4239 conatus
1269 4178 1349 4258 (ei
1380 4176 1542 4239 enim
1581 4177 1640 4236 in
1671 4183 1872 4238 mente
1905 4194 2110 4237 versa-

471 4265 664 4342 batur,
699 4267 863 4343 quod
891 4267 1032 4329 olim
1066 4267 1300 4329 divinus
1331 4265 1575 4329 Simeon
1609 4266 1682 4327 de
1715 4284 1788 4327 eo
1814 4264 2112 4345 praadixe-

470 4354 612 4433 rat),
644 4356 697 4417 si
731 4373 872 4435 ergo
904 4356 1150 4417 omnino
1203 4355 1326 4418 Deo
1363 4355 1646 4436 placaret,
1684 4364 1745 4417 ut
1774 4353 1887 4416 hoc
1942 4354 2111 4434 signo

470 4441 829 4521 declararet,
865 4454 926 4505 et
955 4444 1149 4505 locum
1178 4457 1388 4527 aperte
1416 4444 1725 4520 indicaret,
1748 4443 1811 4505 in
1839 4463 1961 4521 quo
1985 4452 2113 4506 erat

471 4533 819 4594 monasterii
840 4532 1113 4613 jacturus
1141 4534 1549 4595 fundamenta.

551 4620 652 4683 95.
686 4622 832 4684 Cum
856 4639 997 4702 ergo
1019 4623 1082 4683 in
1107 4641 1317 4685 manus
1345 4622 1694 4702 sumpsisset
1713 4622 2104 4702 tburibulum,

468 4717 527 4773 et
553 4707 869 4790 implesset
885 4711 1344 4788 carbonibus,et
1364 4711 1583 4775 deinde
1605 4710 1831 4794 absque
1852 4712 1986 4791 igne
2003 4712 2110 4773 im«

466 4799 764 4881 posuisset
785 4799 1073 4878 sumtum,
1082 4801 1341 4881 pervasit
1361 4801 1964 4877 solitudinem,labris
1980 4818 2111 4881 pre-

466 4906 567 4951 ces
585 4888 1164 4954 decantans.Preces
1185 4905 1385 4954 autem
1399 4891 1481 4952 ita
1502 4888 1831 4953 habebant:
1858 4887 1905 4952 Ο
1926 4889 2106 4971 Deus,

464 4977 568 5059 qui
601 4996 708 5057 per
737 4978 921 5041 multa
949 4986 1012 5041 et
1040 4998 1252 5061 magna
1298 4980 1583 5042 miracula
1632 4979 1773 5041 olim
1824 4977 2104 5041 Israelem

463 5068 855 5143 confirmasti,
892 5067 994 5151 qui
1022 5068 1244 5132 famulo
1275 5079 1373 5130 tuo
1404 5064 1590 5148 Moysi
1617 5066 1822 5130 multis
1854 5076 1912 5128 et
1932 5066 2106 5129 variis

466 5157 760 5238 prodigiis
785 5159 1159 5240 persuasisti,
1192 5167 1255 5220 ut
1277 5176 1381 5222 eos
1405 5156 1655 5237 regendi
1681 5174 1834 5220 onus
1852 5156 2102 5231 subiret,

467 5253 527 5308 et
550 5246 770 5324 virgam
796 5247 1035 5329 quidem
1057 5248 1117 5309 iu
1141 5255 1508 5329 serpentem,
1527 5246 1588 5307 in
1613 5244 1880 5308 alborem
1905 5254 2104 5307 autem

442 5335 751 5411 ‘leprosam
766 5354 1000 5398 manum
1016 5342 1324 5409 mutastl,et
1344 5339 1549 5398 deinde
1568 5341 1619 5397 ei
1632 5353 1837 5397 rursus
1855 5341 2104 5410 priorem

465 5423 778 5487 restituisti
806 5425 1105 5492 colorem:
1164 5426 1264 5507 qui
1294 5443 1506 5507 aquam
1537 5425 1779 5506 quidem
1820 5433 2013 5488 mutas
2039 5425 2103 5488 in

467 5513 844 5595 sanguinem,
899 5515 1091 5596 ipsum
1124 5523 1322 5579 autem
1354 5532 1561 5577 rursus
1592 5514 1769 5576 facile
1792 5513 1855 5576 in
1886 5532 2100 5595 aquam

463 5600 778 5675 restituis;
811 5604 910 5682 qui
942 5601 1211 5665 Gedeont
1236 5603 1468 5685 signum
1496 5603 1756 5666 victorias
1786 5603 1974 5667 vellus
2003 5621 2101 5666 ex-

2191 3300 2342 3345 ποιεϊ
2382 3308 2398 3361 ;
2426 3295 2542 3362 Θεῳ
2592 3290 2654 3345 τὸ
2702 3296 2804 3346 πᾶν
2848 3291 3119 3371 ἐπιτρέπει
3153 3300 3229 3367 τῷ
3260 3296 3347 3350 καὶ
3382 3296 3533 3368 μόνῳ
3561 3288 3819 3361 δυναμένῳ

2194 3378 2442 3455 μιγνύναι
2497 3377 2561 3434 τὰ
2617 3379 2841 3456 ἄμικτα,
2900 3382 2988 3437 καὶ
3041 3387 3110 3457 τῇ
3168 3382 3367 3439 ἐκείνου
3399 3382 3637 3440 πιστεύει
3691 3379 3821 3456 ῥοπῇ

2194 3464 2412 3525 δυνατὸν
2463 3471 2605 3538 αὒτῷ
2634 3467 2877 3546 γενέσθαι
2927 3472 3015 3527 καὶ
3057 3471 3117 3526 τδ
3175 3474 3271 3540 τῆς
3303 3473 3540 3553 ἡσυχίας
3574 3468 3820 3533 διασωθῆ-

2195 3578 2276 3613 ναι
2310 3555 2496 3637 καλὸν,
2531 3561 2627 3615 καὶ
2662 3559 2765 3615 τῶν
2799 3559 2883 3617 ἐπὶ
2912 3567 2979 3637 τῇ
3009 3563 3302 3639 προστασίᾳ
3351 3566 3560 3637 μισθῶν
3608 3559 3817 3636 ἄμοιρον

2194 3647 2272 3723 μὴ
2323 3646 2729 3726 ἀπολειφθῆναι.
2787 3653 2859 3708 Οὔ
2911 3651 3009 3730 γὰρ
3056 3649 3110 3707 ἐν
3154 3658 3222 3727 τῇ
3285 3653 3520 3727 μονώσει
3569 3659 3661 3708 τοῦ
3710 3646 3815 3703 σώ-

2194 3757 2389 3815 ματος,
2419 3733 2536 3792 ἀλλ’
2580 3739 2635 3792 ἓν
2666 3743 2742 3809 τῷ
2799 3741 3042 3797 εὐσταθεϊ
3084 3738 3289 3815 μᾶλλον
3330 3742 3430 3807 τῆς
3483 3738 3696 3819 καρδίας
3738 3734 3820 3790 καὶ

2195 3830 2416 3901 γαληνῷ
2471 3828 2847 3896 κατορθοῦσθαι
2897 3830 2958 3884 τὸ
2996 3831 3133 3885 κατὰ
3205 3831 3396 3905 μόνας,
3457 3832 3531 3895 ὡς
3582 3835 3650 3900 τῷ
3706 3824 3817 3882 θείω

2198 3911 2357 3969 Δαϐὶδ
2409 3914 2650 3990 ὡρίζετο.
2700 3915 2918 3992 Ἀμέλει
2963 3918 3051 3974 καί
3094 3917 3259 3985 οὕτως
3301 3919 3451 3999 ἔχων
3494 3917 3593 3987 τήν
3654 3917 3813 3994 κρίσιν

2194 4003 2338 4078 ὅμως
2372 4008 2449 4076 τῷ
2482 4004 2597 4077 Θεῷ
2642 4001 2842 4085 δίδωσι,
2900 4008 2988 4064 καί
3044 4007 3225 4075 ἱκέτης
3271 4012 3428 4067 αὒτοῦ
3475 4010 3696 4087 γίνεται,
3740 3999 3817 4057 εἷ’-

2194 4114 2291 4170 περ
2334 4091 2473 4156 ὅλως
2531 4095 2667 4149 κατὰ
2724 4095 2968 4173 γνώμην,
3031 4098 3183 4171 Αὐτῷ
3239 4099 3300 4154 τὸ
3355 4097 3660 4178 ἐγχείρημα
3714 4089 3816 4172 (ἐπί

2195 4188 2313 4238 νοῦν
2364 4184 2463 4260 γὰρ
2506 4182 2635 4262 εἶχε
2694 4185 2780 4240 καί
2827 4187 2888 4240 τὸ
2940 4192 3013 4259 τῷ
3055 4186 3176 4261 θείῴ
3229 4189 3451 4262 Συμεὼν
3512 4186 3629 4263 περί
3669 4178 3814 4240 αὐτοῦ

2194 4268 2360 4326 πάλαι
2417 4274 2821 4349 προφητεδθὲνῗ,
2869 4276 2912 4330 εἷ
2965 4274 3051 4331 οὖν
3104 4274 3243 4339 ὅλως
3288 4277 3528 4353 ἀρέσκων
3562 4272 3650 4339 εἴη
3707 4272 3810 4341 Θεῷ

2194 4358 2401 4433 σημείῳ
2443 4368 2595 4417 τοῦτο
2653 4360 3055 4440 παραδηλῶσαι,
3115 4365 3202 4421 καί
3232 4366 3322 4421 τὸν
3352 4367 3526 4423 τόπον
3558 4356 3812 4422 ὑποδεῖξαι

2192 4451 2373 4526 σαφῶς
2406 4448 2485 4529 ἐφ’
2518 4454 2585 4529 ᾧ,
2622 4451 2743 4516 τοὺς
2775 4452 3049 4528 θεμελίους
3080 4456 3343 4533 πηγνύναι
3377 4456 3501 4520 τοὺς
3525 4456 3620 4522 τῆς
3651 4450 3805 4526 μονῆς

2128 4574 2175 4626 ο
2190 4537 2432 4626 ἔμελλεν.

2270 4623 2381 4684 κε’.
2415 4622 2605 4681 Λαϐὼν
2636 4635 2722 4684 οὖν
2783 4629 2856 4691 είς
2915 4642 3107 4709 χεῖρας
3138 4631 3484 4708 θυμιατήριον
3515 4630 3601 4689 καί
3623 4621 3801 4701 ἀνθρά-

2190 4735 2298 4769 κων
2330 4713 2569 4789 πλήσας,
2614 4718 2734 4774 εἶτα
2763 4718 2853 4774 καί
2880 4721 3043 4796 πυρὸς
3090 4720 3212 4775 ἀνευ
3244 4719 3440 4784 ἐπιθεὶς
3473 4724 3533 4779 τὸ
3560 4718 3799 4794 θυμίαμα.

2189 4802 2288 4869 τὴν
2332 4802 2555 4882 ἐρημίαν
2582 4801 2717 4880 διῄει
2751 4808 2920 4885 εὐχὴν
2952 4807 3160 4889 ἑπᾷδων
3217 4822 3335 4873 τοῖς
3366 4809 3603 4889 χείλεσιν
3641 4823 3655 4837 ⁹
3687 4805 3800 4889 εἶχε

2189 4889 2244 4947 δὲ
2286 4894 2352 4948 τὰ
2408 4897 2505 4959 τῆς
2550 4896 2720 4972 εὐχῆς
2781 4896 2948 4959 οὕτως
2986 4916 2999 4930 ·
3059 4888 3116 4954 Ὀ
3162 4898 3253 4953 τὸν
3303 4888 3518 4977 Ἰσραήλ
3546 4895 3702 4955 πάλαι
3729 4888 3800 4945 διὰ

2188 4978 2403 5038 πολλῶν
2447 4982 2535 5038 καί
2590 4983 2842 5061 μεγάλων
2881 4986 3162 5061 θαυμάτων
3208 4988 3337 5052 Θεὸς
3393 4986 3795 5058 πιστωσάμενος,

2189 5072 2216 5127 ὁ
2268 5071 2358 5126 τὸν
2415 5072 2713 5149 θεράποντα
2767 5094 2860 5130 σου
2920 5080 3150 5143 Μωυσῆν
3182 5075 3409 5143 πολλοῖς
3438 5078 3525 5133 καὶ
3555 5068 3799 5133 ποικίλοις

2188 5158 2367 5239 τέρασι
2428 5159 2610 5226 πείσας
2666 5163 2766 5230 τὴν
2814 5166 3137 5241 προστασίαν
3188 5167 3362 5221 αὐτῶν
3422 5163 3686 5233 ὒπελθεῖν,
3723 5151 3801 5212 καί

2186 5250 2287 5317 τὴν
2343 5250 2441 5326 μὲν
2497 5248 2685 5328 ῥάϐδον
2741 5254 2813 5314 εἰς
2876 5251 3016 5331 ὅφιν,
3078 5253 3153 5317 εἷς
3203 5252 3502 5321 λευκότητα
3529 5250 3697 5316 δὲτὴν
3723 5243 3801 5300 λε’

2187 5344 2403 5412 πρῶσαν
2453 5351 2619 5419 χεῖρα
2675 5338 3015 5416 μεταϐαλὼν,
3073 5343 3198 5400 εἶτα
3239 5344 3340 5410 τὴν
3375 5343 3627 5422 προτέραν
3678 5333 3797 5405 αὖτῇ

2184 5426 2344 5483 πάλιν
2386 5424 2685 5507 περιϐαλὼν
2727 5429 3001 5511 εὔχροιαν,
3049 5430 3106 5496 ὃς
3150 5434 3210 5488 τὸ
3256 5433 3353 5507 μὲν
3385 5430 3517 5511 ’ὕδωρ
3561 5431 3629 5494 εἰς
3674 5424 3800 5511 αἷμα

2182 5529 2523 5594 μεταποιετς,
2584 5517 2710 5575 αὐτὸ
2762 5508 2822 5575 δὲί
2869 5508 3029 5576 πάλιν
3079 5524 3160 5586 εἰς
3205 5519 3342 5601 ὕδωρ
3381 5508 3669 5590 ἀνασώζεις
3707 5508 3800 5601 ,εὖ-

2182 5604 2380 5686 κάλως,
2414 5605 2472 5672 ὃς
2502 5613 2579 5684 τῷ
2622 5606 2822 5666 Γεδεὼν
2882 5606 3149 5688 σύμϐολον
3198 5599 3348 5681 νίκης
3391 5612 3483 5670 τόν
3541 5629 3599 5667 τε
3653 5599 3802 5663 πόκον
