4018 6136
287 297 397 366 493

1248 294 1435 365 VITA
1481 298 1541 362 S.
1589 298 1997 363 THEODOSII
2040 293 2654 364 C(ENOBIARCHE.

3540 303 3657 366 494

281 438 363 491 καὶ
431 435 496 491 τὰ
556 433 678 512 περί
735 435 827 492 τὸν
898 435 1062 492 πόκον
1133 432 1191 490 εὖ
1267 433 1550 511 παριστὰς,
1623 431 1912 511 δημιουργὲ

2020 431 2189 511 iibes,
2229 441 2286 496 et
2316 452 2446 515 qua;
2475 434 2639 497 circa
2667 433 2857 495 vellus
2894 456 2910 513 ;
2970 434 3071 515 qui
3106 435 3308 496 omnia
3338 436 3657 499 fabricaris

284 527 487 582 πάντων
539 524 624 580 καὶ
655 526 911 602 συνοχεῦ,
944 524 1002 586 ’ὃς
1060 520 1268 595 Ἐζεκίᾳ
1299 528 1397 587 τῆς
1456 523 1564 579 τῶν
1605 520 1923 596 ἀναϐαθμῶν

280 620 424 677 σκιᾶς
454 619 524 689 τῇ
568 614 696 691 πρὸς
750 615 815 669 τὰ
874 613 1087 669 ὄπισθεν
1143 611 1451 668 ἆναποδίσει
1493 611 1593 679 τήν
1624 616 1721 678 τῆς
1773 618 1919 682 ζωῆς

279 702 582 781 ὑπέγραψας
653 703 989 780 προσθήκην,
1050 702 1109 766 ’ὃς
1169 702 1256 757 καὶ
1327 706 1433 756 τῶν
1495 702 1670 779 εὐχῶν
1739 699 1923 757 Ἠλίου

281 792 530 869 πρότερον
572 792 879 861 ὑπήκουσας
938 801 1038 870 πῦρ
1105 792 1280 854 καθείς
1347 791 1646 869 οὐρανόθεν,
1694 791 1783 846 καὶ
1839 788 1923 846 διὰ

281 884 373 949 τὴν
432 882 504 943 εἰς
536 879 596 936 σὲ
648 885 754 937 τῶν
811 878 1142 937 ἀσεϐούντων
1186 878 1533 958 ἐπιστροφὴν,
1570 881 1662 942 τὰς
1724 877 1922 956 σχίδα-

284 971 374 1034 κάς
428 990 483 1025 τε
515 971 603 1025 καὶ
648 968 1066 1045 ὀλοκαυτώμάτα
1122 970 1209 1025 καὶ
1253 970 1314 1025 τὸ
1356 968 1491 1047 ὕδωρ
1521 970 1704 1030 αὐτοῖς
1761 968 1923 1029 λίθοις

289 1057 729 1137 συγκατέφλεξας,
776 1059 929 1120 αὐτὸς
986 1059 1041 1115 εἴ
1097 1062 1182 1114 καὶ
1255 1065 1344 1116 νῦν
1392 1059 1571 1133 Κύριε,
1623 1059 1710 1114 καὶ
1766 1058 1921 1119 αὐτὸς

289 1150 567 1205 ὶπάκοδσόν
628 1171 731 1223 μου
771 1158 867 1207 τοῦ
916 1146 1103 1206 δούλου
1144 1170 1262 1218 σου,
1299 1148 1387 1203 καὶ
1443 1145 1617 1213 δεῖξον
1666 1146 1785 1204 ἔνθα
1837 1169 1920 1204 σοι

292 1236 426 1316 φίλον
466 1239 595 1293 ναὸν
635 1238 732 1312 μὲν
781 1238 857 1311 τῷ
908 1259 1087 1315 κρατει
1132 1240 1210 1311 τῷ
1239 1240 1339 1311 σῷ,
1373 1248 1493 1299 τοῖς
1546 1235 1601 1292 δὲ
1632 1249 1748 1299 σοῖς
1795 1234 1922 1293 δού-

283 1326 386 1391 λοις
438 1328 524 1383 καὶ
554 1338 663 1402 μοῦ
719 1341 1005 1407 φοιτηταῖς
1065 1326 1406 1405 καταγώγιον
1435 1325 1741 1404 ἀναγεῖραι.
1800 1326 1922 1382 Δεί-

282 1414 375 1482 ξεις
429 1414 483 1472 δὲ
515 1421 733 1481 πάντως
778 1416 887 1483 ὅπη
932 1418 1054 1481 τοὺς
1114 1416 1373 1492 ἄνθρακας
1411 1416 1626 1481 τούτους
1684 1415 1924 1495 ἀναφθῆ-

281 1527 356 1560 ναι
422 1504 717 1582 κελεύσεις,
793 1509 863 1567 εἱς
926 1504 1081 1576 δόξαν
1166 1506 1265 1580 μὲν
1330 1505 1455 1581 σὴν,
1515 1504 1799 1584 ἦπίγνώσιν
1872 1503 1926 1560 δὲ

283 1592 485 1650 πολλῶν
539 1596 630 1651 καὶ
680 1600 777 1662 τῆς
834 1594 1085 1661 ἀληθείας
1143 1592 1445 1671 βεϐαίωσιν.
1491 1602 1664 1651 Ταῦτα
1722 1596 1807 1650 καὶ
1862 1595 1928 1650 τὰ

278 1684 480 1747 ταύτοις
512 1682 680 1759 ὅμοια
726 1682 1012 1760 περιᾴδων,
1046 1689 1150 1740 τῶν
1182 1682 1363 1740 τόπων
1405 1684 1494 1746 οὓς
1533 1683 1766 1759 μάλιστα
1821 1686 1925 1740 τῶν

279 1771 451 1829 ἄλλων
481 1772 943 1849 ἰπιτηδειοτὲρους
987 1772 1103 1850 ᾔδει
1134 1771 1403 1852 διέρχετο.

353 1860 471 1935 κς¹
485 1909 501 1925 .
551 1869 664 1931 Τὴν
691 1860 897 1930 πολλὴν
955 1861 1011 1919 δὲ
1041 1860 1225 1926 διαϐὰς
1256 1868 1355 1929 τῆς
1402 1863 1602 1938 ἐρήμου
1634 1863 1735 1939 γῆν
1795 1860 1923 1941 ἔρχι

278 1954 369 2007 τοῦ
436 1951 738 2029 λεγομένου
795 1952 1046 2033 Κουτιλᾶ,
1108 1954 1197 2009 καί⁵
1253 1957 1362 2008 τῶν
1420 1958 1518 2019 τῆς
1574 1948 1923 2030 ’Δσφαλτίδος

276 2040 466 2115 λίμνης
530 2043 736 2121 ὀχθῶν,
768 2040 856 2097 ἐπὶ
912 2055 1122 2118 νεκροῖς
1181 2040 1319 2098 οὕτω
1374 2041 1471 2098 καί
1527 2040 1751 2118 ἀπόροις
1810 2053 1923 2103 τοῖς

276 2127 538 2208 ἄνθραξιν,
599 2133 673 2194 ὡς
743 2130 882 2208 ἑώρα
926 2128 1180 2205 μηδαμοῦ
1232 2132 1449 2193 τούτους
1508 2129 1925 2209 ἂναπτομὲνους,

277 2217 408 2292 μηδὲ
463 2222 525 2276 τὸ
557 2221 865 2299 ἓγχείρημα
920 2221 1058 2278 κατὰ
1115 2219 1335 2299 γνώμην
1392 2219 1698 2288 ὑπαντῆσαν
1758 2218 1923 2291 αὐτῷ,

277 2308 631 2388 ὑποστρέφειν
695 2309 855 2387 ἔγνω.
905 2318 1071 2368 Τοῦτο
1125 2307 1179 2364 δὲ
1237 2306 1551 2387 δράσαντος,
1612 2308 1696 2363 καὶ
1748 2306 1927 2385 ὀλίγον

275 2396 375 2464 ἤδη
426 2406 524 2455 τοῦ
558 2397 827 2465 σπηλαίου
861 2396 1134 2478 διέχοντας
1186 2396 1253 2477 (ὣ
1280 2398 1359 2460 τίς
1404 2396 1558 2463 ἀξίως
1589 2396 1784 2453 αἰνέσει
1835 2418 1927 2452 σου

276 2489 335 2542 τὸ
392 2489 615 2565 κράτος,
678 2487 903 2547 ἀθάνατε
970 2486 1195 2544 Βασιλεῦ
1230 2485 1297 2565 ς),
1358 2484 1561 2550 καπνός
1619 2484 1767 2565 ἄφνω
1820 2491 1927 2541 τῶν

278 2576 551 2653 ἀνθράκων
623 2576 802 2656 ἀνῄει,
888 2579 1082 2640 ιιαπνος
1156 2574 1381 2654 εὐώδης,
1454 2576 1613 2652 περὸς
1684 2573 1925 2652 ἁῤῥήτως

2007 533 2064 584 et
2094 523 2408 599 contines;
2462 523 2565 605 qui
2590 522 2863 586 Ezechiae
2893 522 3119 586 umbrae
3170 524 3459 603 graduum
3493 536 3656 588 retro

2006 613 2353 675 reversione
2403 613 2778 694 descripsisti
2806 614 2939 675 vitm
2983 613 3454 677 additamentum
3494 637 3511 692 ;
3557 615 3661 696 qui

2006 705 2184 764 etiam
2218 702 2366 764 Eliae
2397 720 2624 782 praeces
2655 703 2819 783 prius
2864 702 3204 781 exaudiisti,
3236 703 3559 784 ignemque
3584 704 3659 765 de

2006 791 2159 853 ccelo
2190 790 2484 854 demisisti
2519 813 2535 874 ;
2590 800 2645 854 et
2681 804 2934 873 propter
2976 810 3207 868 eorum,
3244 793 3345 874 qui
3374 812 3439 855 se
3480 795 3662 875 impie

2005 879 2315 959 gerebant,
2340 881 2412 942 ad
2443 888 2498 943 te
2528 883 3014 959 conversionem,
3042 881 3201 962 ligna
3229 890 3286 945 et
3315 882 3663 947 holocausta

2008 976 2067 1029 et
2095 986 2310 1045 aquam
2347 985 2464 1032 una
2496 988 2631 1032 cum
2689 971 2834 1050 ipsis
2864 971 3167 1052 lapidibus
3224 971 3606 1034 combussisti
3638 988 3655 1037 ς

2008 1059 2138 1139 ipse
2170 1059 2345 1120 etiam
2392 1077 2551 1120 nunc
2584 1078 2672 1137 es,
2702 1059 2975 1139 Domine,
3012 1062 3142 1139 ipse
3172 1080 3414 1141 quoque
3444 1062 3660 1124 exaudi

2009 1166 2103 1210 me
2134 1166 2372 1210 servum
2407 1156 2597 1223 tuum,
2631 1155 2691 1211 et
2748 1150 3000 1211 ostende
3034 1149 3135 1211 ubi
3170 1150 3274 1211 tibi
3305 1151 3555 1229 placeat,
3597 1157 3663 1212 ut

2009 1238 2297 1317 templum
2352 1236 2598 1318 quidem
2634 1244 2748 1299 tuae
2808 1238 3109 1316 potentiae,
3145 1240 3266 1301 tuis
3297 1248 3493 1302 autem
3523 1258 3659 1303 ser-

2008 1326 2095 1387 vis
2126 1332 2184 1387 et
2235 1327 2385 1387 meis
2412 1325 2724 1407 discipulis
2757 1326 3160 1390 habitaculum
3195 1329 3509 1391 aediﬁcem.
3542 1332 3659 1392 Os-

2010 1415 2222 1477 tendes
2265 1423 2464 1478 autem
2515 1422 2790 1491 omnino,
2825 1416 2926 1479 ubi
2973 1417 3218 1498 jubebis
3265 1419 3517 1481 accendi
3547 1421 3659 1481 hos

2012 1504 2326 1579 carbones,
2379 1505 2452 1567 ad
2502 1505 2753 1583 gloriam
2816 1506 3056 1587 quidem
3118 1516 3303 1583 tuam,
3336 1508 3658 1571 multorum

2010 1603 2208 1655 autem
2260 1594 2649 1670 agnitionem,
2683 1604 2741 1656 et
2797 1595 3059 1657 veritatis
3116 1598 3656 1662 conﬁrmationem.

2012 1683 2148 1745 Haec
2199 1691 2259 1745 et
2287 1682 2381 1745 his
2432 1684 2653 1746 similia
2711 1684 3056 1761 decantans,
3092 1685 3297 1749 obibat
3344 1686 3496 1765 loca,
3531 1707 3662 1769 quae

1948 1803 1985 1852 Β
2013 1782 2254 1835 noverat
2282 1772 2415 1835 aliis
2442 1774 2692 1854 aptiora.

2069 1861 2322 1925 26.Cum
2348 1871 2546 1924 autem
2571 1863 2916 1926 solitudinis
2938 1865 3185 1927 multam
3213 1874 3427 1930 terram
3459 1887 3660 1949 perva-

2008 1950 2186 2013 sisset
2207 1969 2396 2033 usque
2419 1952 2492 2013 ad
2527 1953 2747 2028 locum,
2779 1954 2883 2034 qui
2914 1954 3140 2017 dicitur
3167 1956 3388 2019 Gutilla
3418 1967 3473 2020 et
3502 1960 3663 2040 ripas

2008 2040 2173 2102 lacus
2207 2041 2577 2120 Asphaltidis
2604 2044 2874 2123 {t4-t5),
2909 2045 2997 2106 sic
3029 2046 3281 2106 mortuis
3321 2056 3378 2110 et
3412 2048 3661 2110 minime

2009 2128 2211 2206 ignitis
2232 2130 2622 2209 carbonibus,
2652 2151 2787 2194 cum
2817 2133 2963 2195 vidit
2988 2153 3092 2197 eos
3124 2134 3371 2198 minime
3390 2138 3658 2210 ascendi,

2013 2236 2209 2299 neque
2237 2230 2512 2281 conatum
2548 2220 2604 2282 ei
2655 2240 2722 2283 ex
2750 2222 2933 2284 animi
2963 2225 3257 2285 sententia
3304 2228 3657 2303 succedere,

2012 2308 2319 2369 constituit
2341 2311 2730 2372 revertiCum
2755 2312 2867 2373 hoc
2884 2321 3080 2374 autem
3094 2313 3423 2389 fecisset,et
3448 2334 3657 2395 parum

2012 2406 2171 2458 esset
2194 2404 2460 2459 remotus
2490 2417 2526 2459 a
2553 2400 2844 2479 spelunca
2869 2408 2929 2477 (ο
2960 2402 3094 2483 quis
3128 2410 3285 2463 tuam
3317 2404 3495 2482 digne
3524 2404 3654 2466 lau-

2012 2483 2167 2547 darit
2197 2486 2547 2566 potentiam,
2573 2486 2697 2549 Rex
2730 2488 3152 2567 immortalis!)
3180 2491 3377 2554 fumus
3407 2504 3657 2574 repente

2010 2574 2284 2635 ascendit
2331 2592 2398 2635 ex
2434 2574 2818 2650 carbonibus,
2853 2577 3053 2640 fumus
3104 2576 3259 2641 bene
3290 2579 3480 2657 olens,
3515 2599 3655 2642 cum

279 2663 661 2741 διαδραμόντος
732 2667 855 2728 τοὺς
937 2664 1223 2743 ἄνθρακας,
1288 2667 1375 2722 καὶ
1459 2664 1671 2744 ἀφανῶς
1738 2664 1924 2729 αὐτοὺς

2020 2662 2165 2742 ignis
2197 2664 2372 2725 modo
2397 2664 2676 2726 ineﬂ'abili
2703 2668 3100 2746 percurrisset
3130 2668 3451 2743 carbones,
3471 2678 3527 2731 et
3554 2688 3658 2731 eos

280 2755 816 2833 ἀναζωπυρήσαντος.
875 2754 1026 2812 Οὕτω
1073 2765 1352 2834 τοιγαροῦν
1408 2776 1501 2811 του
1543 2756 1705 2833 πυρὸς
1752 2767 1928 2832 κρεῖτο

2020 2753 2265 2814 latenter
2285 2752 2800 2819 suscitasset.Cum
2833 2756 3035 2838 itaque
3055 2757 3211 2836 ignis
3230 2758 3448 2819 melius
3476 2777 3657 2839 quam

281 2864 366 2900 τον
419 2844 454 2912 ἢ
486 2842 707 2922 γλῶττα
762 2847 854 2901 τὸν
884 2845 1046 2901 τόπον
1103 2845 1586 2919 ὑποσημαίνοντος,
1620 2845 1929 2919 αὐτίκα-θε-

2020 2850 2209 2920 lingua
2232 2850 2423 2907 locum
2446 2851 2847 2923 signiﬁcasset,
2871 2862 2925 2911 et
2939 2853 3089 2923 jacta
3119 2866 3251 2912 sunt
3288 2854 3659 2913 lundamenta

283 2932 455 3009 μέλιοι
532 2954 593 2990 τε
682 2934 1002 3014 ἐπήγνυντο,
1068 2934 1155 2990 καὶ
1236 2935 1358 2997 ναὸς
1436 2933 1767 3013 ἀνηγείρετο,
1843 2936 1929 2989 καὶ

2020 2942 2073 2995 et
2091 2933 2377 3012 templum
2398 2942 2761 2997 exstructum
2796 2945 2909 3011 est,
2934 2946 2992 2999 et
3023 2938 3381 3000 aedificatum
3413 2945 3503 3000 est
3524 2957 3658 2999 mo-

286 3024 689 3100 φροντιστήριον
752 3021 1179 3099 ἒπῳκοδομεῖτο,
1256 3023 1659 3101 φροντιστήριον
1728 3024 1927 3100 ἀρετῶν

2020 3023 2694 3104 nasterium(15),vel,ut
2717 3027 2935 3088 melius
2963 3026 3472 3103 dicam,virtutum
3496 3026 3663 3091 habi-

288 3110 415 3186 μᾶλ)
430 3135 485 3169 ον
548 3114 720 3168 εἰπεῖν
796 3112 1159 3193 καταφώγιον,
1219 3112 1255 3181 ἢ
1313 3114 1488 3178 σκηνὴ
1544 3111 1786 3191 ἀτέχνως
1844 3111 1930 3168 ἐπὶ

2020 3118 2288 3181 taculum,
2316 3124 2414 3173 aut
2432 3116 2862 3175 tabernaculum
2887 3119 2942 3176 in
2975 3126 3125 3177 terra
3150 3120 3325 3191 ,quod
3349 3130 3434 3178 est
3462 3135 3662 3179 revere

290 3206 414 3277 γῆς,
466 3202 748 3279 ὺπέργειος
804 3204 891 3259 καὶ
963 3202 1229 3276 οὒράνιος,
1290 3202 1500 3278 μεγέθει
1569 3222 1626 3257 τε
1680 3202 1931 3279 μέγιστον

2020 3208 2176 3262 terra
2199 3204 2479 3280 superius
2512 3210 2570 3263 et
2599 3202 2846 3265 celeste:
2880 3203 3037 3284 quod
3070 3205 3312 3284 quidem
3345 3214 3435 3267 est
3467 3224 3499 3265 e
3530 3225 3663 3268 ma—

292 3289 377 3367 θν,
421 3291 492 3357 ὣς
546 3290 653 3359 ἤδη
696 3305 820 3354 ταῖς
879 3293 1015 3349 κατὰ
1072 3292 1259 3369 μικρὸν
1304 3289 1524 3357 αὖξηθὲν
1582 3292 1929 3369 προσθήκαις,

2020 3289 2329 3369 gnitudine
2352 3291 2769 3367 maximum,ut
2796 3293 2953 3373 quod
2989 3294 3272 3374 paulatim
3296 3297 3661 3375 creveritiis,

302 3380 392 3435 καὶ
448 3386 576 3437 πᾶσι
602 3387 787 3457 κομῶν
819 3381 1067 3460 ἀγαθοῖς,
1102 3383 1161 3437 οὐ
1217 3393 1335 3445 τοῖς
1368 3381 1503 3437 κατὰ
1534 3380 1739 3456 πνεῦμα
1771 3382 1934 3455 μόνον

304 3469 386 3524 καί
438 3468 649 3551 ἀρετὴν,
681 3470 821 3527 ἀλλὰ
878 3472 963 3527 καὶ
994 3485 1112 3536 τοῖς
1170 3472 1302 3527 κατὺ
1332 3469 1520 3550 χρείαν
1560 3471 1697 3550 φημὶ
1740 3469 1933 3545 σώμα-

295 3578 402 3624 τος.
465 3557 609 3617 ’Βδει
669 3562 770 3638 γὰρ
829 3560 1000 3617 αὖτῶν
1046 3561 1337 3639 ἀνθρώποις
1401 3582 1461 3637 γε
1516 3559 1684 3634 οὖσιν,
1716 3558 1774 3614 οὗ
1828 3564 1931 3615 τῶν

290 3654 514 3726 κομψῶν
576 3649 795 3713 ἐκείνοις
839 3652 925 3707 καὶ
978 3658 1262 3730 περιττῶν,
1327 3649 1450 3706 ἀλλ’
1507 3653 1581 3705 ὧν
1638 3650 1673 3717 ἡ
1733 3653 1929 3728 χρῆσις

286 3738 551 3818 ἀναγκαία
592 3746 683 3796 καί
752 3741 1136 3817 ἀπαραίτητος,
1200 3741 1445 3813 Καθάπερ
1516 3740 1614 3816 γὰρ
1671 3737 1757 3794 ἐπὶ
1826 3739 1933 3794 πό-

284 3825 419 3893 λεως
465 3828 725 3905 λαμπράς
768 3832 855 3886 καὶ
896 3829 1329 3908 πολυανθρώπου,
1378 3830 1516 3886 οὕτω
1568 3827 1630 3892 δὴ
1678 3826 1936 3884 κᾶνταῦοα

279 3917 565 3998 πρόκειται
623 3922 844 3995 θεθορεϊν
898 3917 1206 3976 παντοδαπά
1261 3919 1367 3976 τῶν
1419 3923 1626 3998 τεχνῶν
1674 3916 1940 3994 ἐργαστή-

280 4030 390 4088 ρια,
424 4014 503 4081 τῷ
562 4015 725 4081 κοινῷ
769 4010 869 4073 τῆς
926 4006 1289 4089 ἀδελφότητος
1349 4008 1577 4075 ἀπονητὶ
1632 4006 1942 4086 παρέχοντα

278 4099 477 4173 πάντα,
532 4098 628 4155 καί
660 4099 768 4153 τῶν
797 4095 897 4163 ’ἐξω
928 4100 1312 4177 περισπασμῶν
1338 4094 1770 4157 ἀπαλλάττοντα.

2016 3398 2148 3460 qum
2179 3379 2344 3440 factm
2395 3390 2556 3461 sunt,
2588 3382 3063 3457 accessionibus,
3099 3394 3157 3446 et
3199 3385 3462 3447 abundat
3489 3384 3663 3446 bonis

2017 3467 2315 3540 omnibus,
2345 3487 2463 3529 non
2493 3469 2565 3531 iis
2594 3471 2760 3546 solis,
2789 3491 2921 3551 qua;
2950 3481 3092 3533 sunt
3121 3491 3189 3533 ex
3223 3474 3431 3553 spiritu
3463 3481 3525 3533 et
3549 3474 3666 3534 vir-

2018 3557 2273 3629 tute,sed
2298 3556 2370 3617 iis
2393 3556 2739 3639 etiamque;
2754 3568 2892 3621 sunt
2912 3561 2984 3621 ad
3018 3579 3192 3623 usum
3215 3560 3661 3641 corporis.Nam

2018 3646 2105 3707 eis
2128 3663 2364 3726 quoque
2384 3656 2514 3707 erat
2534 3646 2653 3709 illis
2676 3666 2989 3728 opus,cum
3014 3659 3217 3713 essent
3237 3650 3665 3727 homines,non

2021 3734 2195 3796 lautis
2226 3734 2468 3814 quidem
2526 3746 2586 3798 et
2616 3738 3104 3816 supervacaneis,
3138 3741 3241 3801 sed
3289 3758 3541 3819 quorum
3574 3750 3667 3802 est

2023 3823 2398 3886 necessarius
2423 3842 2566 3886 usus
2591 3834 2646 3887 et
2667 3827 3049 3891 inevitabilis.
3076 3828 3388 3901 Quomodo
3410 3830 3570 3891 enim
3604 3831 3666 3891 in

2031 3912 2314 3993 praeclara
2362 3913 2596 3976 civitate
2647 3923 2706 3977 et
2739 3918 2957 3997 p0pulo
3005 3916 3327 3999 frequenti,
3361 3920 3444 3980 ita
3488 3921 3665 3982 etiam

2030 4003 2127 4064 hic
2157 4000 2396 4083 quoque
2430 4003 2570 4065 licet
2594 4004 2795 4067 sidere
2851 4006 3202 4086 omnigenas
3232 4009 3449 4070 artium
3484 4010 3670 4072 ofﬁci-

2022 4112 2151 4168 nas,
2188 4112 2320 4173 quae
2368 4095 2674 4156 communi
2732 4096 3086 4159 fraternitati
3146 4098 3347 4159 omnia
3408 4099 3674 4178 praebent

2021 4183 2168 4245 citra
2216 4181 2508 4260 laborem,
2544 4192 2601 4247 et
2634 4183 2707 4247 ab
2752 4186 3035 4262 externis,
3073 4206 3206 4268 quae
3235 4206 3338 4250 eos
3387 4188 3670 4265 avellant,

2022 4274 2181 4334 curis
2208 4271 2487 4335 liberant.

1783 4401 2018 4461 CAPUT
2053 4401 2171 4459 VII.

899 4523 1259 4604 Benignitas
1285 4524 1352 4585 in
1375 4538 1699 4605 pauperes,
1736 4538 1960 4601 (egros,
1991 4521 2279 4603 hospites,
2314 4522 2613 4586 divinitus
2643 4533 3068 4588 remunerate.

362 4653 479 4733 κζ’.
528 4661 604 4718 0'3
634 4661 745 4736 μὴν
772 4658 909 4717 ἀλλᾶ
960 4661 1045 4717 καὶ
1073 4660 1134 4717 τὸ
1164 4657 1537 4739 παραλλάττον
1569 4655 1784 4726 δηλαδὴ
1840 4660 1932 4712 τῶι

2108 4656 2209 4717 27.
2243 4654 2373 4719 Jam
2401 4674 2540 4719 vero
2563 4656 2995 4721 habitationem
3022 4664 3273 4722 varietas
3287 4667 3347 4724 et
3369 4657 3681 4723 diversitas

289 4755 633 4829 καταγωγῶν
699 4751 785 4807 καὶ
856 4747 1102 4829 διάφορον
1178 4751 1292 4805 τίνα
1359 4749 1458 4824 μὲν
1529 4746 1799 4828 ὀφθαλμὸν
1872 4747 1945 4810 εἷς

287 4840 441 4920 θέαν,
470 4842 593 4896 τίνα
652 4835 706 4894 δὲ.
736 4838 949 4917 γλῶττα
1006 4840 1079 4902 εἷς
1113 4837 1337 4895 ἔπαινον
1384 4850 1524 4895 κινεῖ
1558 4855 1575 4913 ;
1622 4838 1776 4893 ποίαν
1807 4834 1946 4896 ὅλως

288 4930 507 5010 ψυχὴν,
554 4928 713 4984 ποίαν
769 4928 876 4985 τῶν
946 4927 1319 4985 καταλυόντων
1376 4929 1434 4984 οὗ
1493 4927 1769 5005 θεραπεύει
1836 4923 1945 4979 σώ-

291 5034 495 5092 ματα;
569 5018 716 5084 Αὕτη
782 5023 1065 5097 μοναχῶν,
1116 5016 1251 5073 ἐκείν
1315 5013 1576 5094 μιγάδων·
1641 5013 1781 5081 ἄλλη
1842 5014 1947 5069 τῶν

292 5106 516 5186 mea”,
562 5106 717 5182 ἑτέρα
772 5114 877 5163 τῶν
948 5105 1126 5169 ἄλλως
1188 5104 1621 5181 ἐπιδημούντων,
1684 5104 1782 5161 Καὶ
1826 5124 1954 5158 συν-

293 5198 521 5260 ελόντας
576 5196 773 5272 εἰπεῖν,
807 5196 1016 5268 ἑκάστῳ
1059 5202 1170 5251 τῶν
1218 5192 1635 5272 παραϐαλόντων
1679 5192 1839 5255 τόπος
1896 5213 1955 5248 τε

292 5292 397 5354 τῆς
430 5283 738 5365 ὕποδοχῆς,
770 5285 860 5341 καί
892 5288 1088 5360 τρόπος
1137 5289 1235 5351 τῆς
1271 5284 1580 5363 θεραπείας,
1615 5281 1762 5355 ἄλλῳ
1794 5279 1955 5345 ἄλλος

367 5453 600 5525 (ib-7175)
631 5450 817 5509 Lacus
832 5451 1228 5525 _Asphaltldos,
1262 5452 1318 5508 id
1346 5459 1429 5509 est
1458 5449 1960 5525 bituminis,vulgo

294 5522 464 5585 mare
495 5522 782 5596 Ilortuum
814 5522 1046 5595 dicitur,
1082 5533 1210 5596 post
1264 5537 1495 5596 eversas
1533 5522 1749 5580 ibidem
1770 5522 1961 5580 Sodo-

296 5610 481 5663 mam.
515 5594 923 5661 Gomorrbam,
954 5593 1211 5669 aliasque
1248 5593 1446 5653 urbes.

2030 4762 2352 4825 quemnam
2392 4746 2633 4808 oculum
2658 4747 2898 4828 quidem
2937 4767 3055 4811 non
3080 4757 3275 4812 movet
3309 4750 3381 4811 ad
3406 4760 3681 4810 contem-

2031 4832 2668 4914 plandum;quamnam
2691 4843 2889 4897 autem
2906 4855 3025 4899 non
3050 4836 3312 4918 linguam
3337 4837 3413 4899 ad
3441 4836 3686 4897 laudan-

2031 4920 2208 4983 dum?
2235 4920 2421 4994 Quam
2457 4922 2615 4984 enim
2651 4924 2897 4985 omnino
2919 4927 3205 5001 animam,
3229 4938 3331 4987 aut
3361 4924 3519 5005 quod
3549 4941 3686 4985 cor-

2040 5029 2149 5092 pus
2182 5029 2411 5088 earum,
2447 5012 2549 5093 qui
2580 5012 2977 5093 diversantur,
3014 5035 3131 5077 non
3178 5025 3346 5077 curat
3372 5022 3399 5076 γ
3434 5016 3568 5075 Haec
3599 5020 3689 5075 est

2039 5101 2501 5177 monachorum,
2534 5102 2637 5165 illa
2693 5122 2899 5165 eorum
2961 5106 3063 5186 qui
3122 5104 3463 5186 promiscue
3511 5103 3688 5164 vitam

2038 5199 2243 5272 agunt;
2269 5191 2383 5253 alia
2414 5210 2766 5271 egenorum,
2791 5192 2909 5255 alia
2938 5213 3171 5269 eorum,
3196 5200 3295 5276 qui
3325 5194 3476 5256 alias
3505 5210 3685 5274 pere-

2040 5280 2375 5358 grinantur.
2407 5281 2480 5343 Et
2509 5292 2571 5344 ut
2600 5283 2660 5344 in
2690 5301 2924 5346 summa
2964 5285 3183 5360 dicam,
3218 5284 3548 5364 unicuique
3579 5300 3689 5345 eo-

2115 5449 2232 5523 (176)
2292 5450 2569 5510 ϐαυιίεηια
2598 5451 2918 5523 appellatur
2959 5454 3016 5512 in
3059 5454 3186 5513 Vita
3215 5454 3276 5514 S.
3312 5454 3489 5513 Sabae.
3528 5444 3692 5511 νωο

2043 5520 2375 5595 Prolegom.
