  <div class='ocr_page' id='page_1' title='image "/cluster/home/n/w/nwhite01/storage/ocr_20150623/114/mdp.39015028574344/255.png"; bbox 0 0 4018 6136; ppageno 0'>
   <div class='ocr_carea' id='block_1_1' title="bbox 425 284 542 352">
    <p class='ocr_par' dir='ltr' id='par_1_1' title="bbox 425 284 542 352">
     <span class='ocr_line' id='line_1_1' title="bbox 425 284 542 352; baseline -0.009 0"><span class='ocrx_word' id='word_1_1' title='bbox 425 284 542 352; x_wconf 86' lang='grc'><strong>495</strong></span> 
     </span>
    </p>
   </div>
   <div class='ocr_carea' id='block_1_2' title="bbox 1739 288 2491 356">
    <p class='ocr_par' dir='ltr' id='par_1_2' title="bbox 1739 288 2491 356">
     <span class='ocr_line' id='line_1_2' title="bbox 1739 288 2491 356; baseline 0.001 -2"><span class='ocrx_word' id='word_1_2' title='bbox 1739 288 1793 354; x_wconf 84' lang='grc' dir='ltr'>Μ</span> <span class='ocrx_word' id='word_1_3' title='bbox 1803 290 2015 354; x_wconf 91' lang='lat' dir='ltr'><strong>ENSIS</strong></span> <span class='ocrx_word' id='word_1_4' title='bbox 2040 290 2491 356; x_wconf 83' lang='lat' dir='ltr'><strong>JANUARIUS.</strong></span> 
     </span>
    </p>
   </div>
   <div class='ocr_carea' id='block_1_3' title="bbox 3671 284 3781 354">
    <p class='ocr_par' dir='ltr' id='par_1_3' title="bbox 3671 284 3781 354">
     <span class='ocr_line' id='line_1_3' title="bbox 3671 284 3781 354; baseline 0.009 -1"><span class='ocrx_word' id='word_1_5' title='bbox 3671 284 3781 354; x_wconf 82' lang='grc'>496</span> 
     </span>
    </p>
   </div>
   <div class='ocr_carea' id='block_1_4' title="bbox 421 418 2048 506">
    <p class='ocr_par' dir='ltr' id='par_1_4' title="bbox 421 418 2043 503">
     <span class='ocr_line' id='line_1_4' title="bbox 421 418 2043 503; baseline 0.002 -20"><span class='ocrx_word' id='word_1_6' title='bbox 421 438 582 497; x_wconf 88' lang='lat' dir='ltr'><strong>rum,</strong></span> <span class='ocrx_word' id='word_1_7' title='bbox 618 421 719 501; x_wconf 88' lang='lat' dir='ltr'><strong>qui</strong></span> <span class='ocrx_word' id='word_1_8' title='bbox 769 418 1088 495; x_wconf 88' lang='lat' dir='ltr'><strong>accedunt,</strong></span> <span class='ocrx_word' id='word_1_9' title='bbox 1120 430 1180 484; x_wconf 91' lang='lat' dir='ltr'><strong>et</strong></span> <span class='ocrx_word' id='word_1_10' title='bbox 1235 423 1402 484; x_wconf 92' lang='lat' dir='ltr'><strong>locus</strong></span> <span class='ocrx_word' id='word_1_11' title='bbox 1433 441 1550 503; x_wconf 92' lang='lat' dir='ltr'><strong>quo</strong></span> <span class='ocrx_word' id='word_1_12' title='bbox 1582 422 1972 502; x_wconf 77' lang='lat' dir='ltr'><strong>excipiantur,</strong></span> <span class='ocrx_word' id='word_1_13' title='bbox 2012 444 2043 487; x_wconf 89' lang='lat' dir='ltr'><strong>e</strong></span> 
     </span>
    </p>
   </div>
   <div class='ocr_carea' id='block_1_5' title="bbox 2134 418 3777 506">
    <p class='ocr_par' dir='ltr' id='par_1_5' title="bbox 2151 425 3777 506">
     <span class='ocr_line' id='line_1_5' title="bbox 2151 425 3777 506; baseline 0.001 -25"><span class='ocrx_word' id='word_1_14' title='bbox 2151 427 2568 502; x_wconf 78' lang='grc' dir='ltr'>ἀπονενέμηται.</span> <span class='ocrx_word' id='word_1_15' title='bbox 2618 428 2718 487; x_wconf 82' lang='grc' dir='ltr'><strong>’Ἐν</strong></span> <span class='ocrx_word' id='word_1_16' title='bbox 2761 429 2871 484; x_wconf 78' lang='grc' dir='ltr'>ἐστι</span> <span class='ocrx_word' id='word_1_17' title='bbox 2929 429 3061 505; x_wconf 80' lang='grc' dir='ltr'>πρὸς</span> <span class='ocrx_word' id='word_1_18' title='bbox 3127 428 3331 491; x_wconf 78' lang='grc' dir='ltr'>πάντας</span> <span class='ocrx_word' id='word_1_19' title='bbox 3394 425 3524 506; x_wconf 73' lang='grc' dir='ltr'>ἕχον</span> <span class='ocrx_word' id='word_1_20' title='bbox 3570 428 3777 502; x_wconf 84' lang='grc' dir='ltr'>ὁμοίως,</span> 
     </span>
    </p>
   </div>
   <div class='ocr_carea' id='block_1_6' title="bbox 423 509 2068 586">
    <p class='ocr_par' dir='ltr' id='par_1_6' title="bbox 423 509 2068 586">
     <span class='ocr_line' id='line_1_6' title="bbox 423 509 2068 586; baseline 0.002 -14"><span class='ocrx_word' id='word_1_21' title='bbox 423 509 639 572; x_wconf 89' lang='lat' dir='ltr'><strong>modus</strong></span> <span class='ocrx_word' id='word_1_22' title='bbox 663 529 783 586; x_wconf 91' lang='lat' dir='ltr'><strong>quo</strong></span> <span class='ocrx_word' id='word_1_23' title='bbox 807 511 1273 585; x_wconf 89' lang='lat' dir='ltr'><strong>curentur,alius</strong></span> <span class='ocrx_word' id='word_1_24' title='bbox 1294 512 1394 573; x_wconf 83' lang='lat' dir='ltr'><strong>alii</strong></span> <span class='ocrx_word' id='word_1_25' title='bbox 1419 521 1508 574; x_wconf 89' lang='lat' dir='ltr'><strong>est</strong></span> <span class='ocrx_word' id='word_1_26' title='bbox 1533 513 2068 575; x_wconf 84' lang='lat' dir='ltr'><strong>attributus.Unum</strong></span> 
     </span>
    </p>
   </div>
   <div class='ocr_carea' id='block_1_7' title="bbox 422 600 2074 681">
    <p class='ocr_par' dir='ltr' id='par_1_7' title="bbox 422 600 2074 681">
     <span class='ocr_line' id='line_1_7' title="bbox 422 600 2074 681; baseline 0.002 -19"><span class='ocrx_word' id='word_1_27' title='bbox 422 600 701 681; x_wconf 89' lang='lat' dir='ltr'><strong>est,quod</strong></span> <span class='ocrx_word' id='word_1_28' title='bbox 727 618 799 662; x_wconf 86' lang='lat' dir='ltr'><strong>ex</strong></span> <span class='ocrx_word' id='word_1_29' title='bbox 824 619 995 681; x_wconf 78' lang='lat' dir='ltr'><strong>aequo</strong></span> <span class='ocrx_word' id='word_1_30' title='bbox 1016 601 1297 661; x_wconf 90' lang='lat' dir='ltr'><strong>omnibus</strong></span> <span class='ocrx_word' id='word_1_31' title='bbox 1321 602 1892 679; x_wconf 67' lang='lat' dir='ltr'><strong>exhibeturnempe</strong></span> <span class='ocrx_word' id='word_1_32' title='bbox 1915 623 2074 665; x_wconf 93' lang='lat' dir='ltr'><strong>sum-</strong></span> 
     </span>
    </p>
   </div>
   <div class='ocr_carea' id='block_1_8' title="bbox 418 689 2070 774">
    <p class='ocr_par' dir='ltr' id='par_1_8' title="bbox 418 689 2070 774">
     <span class='ocr_line' id='line_1_8' title="bbox 418 689 2070 774; baseline 0.002 -23"><span class='ocrx_word' id='word_1_33' title='bbox 418 708 517 751; x_wconf 91' lang='lat' dir='ltr'><strong>ma</strong></span> <span class='ocrx_word' id='word_1_34' title='bbox 543 689 786 771; x_wconf 75' lang='lat' dir='ltr'><strong>hospitii</strong></span> <span class='ocrx_word' id='word_1_35' title='bbox 812 690 1078 752; x_wconf 77' lang='lat' dir='ltr'><strong>hilaritas</strong></span> <span class='ocrx_word' id='word_1_36' title='bbox 1108 699 1167 751; x_wconf 91' lang='lat' dir='ltr'><strong>et</strong></span> <span class='ocrx_word' id='word_1_37' title='bbox 1200 689 1559 768; x_wconf 72' lang='lat' dir='ltr'><strong>benignitas.</strong></span> <span class='ocrx_word' id='word_1_38' title='bbox 1595 693 1886 755; x_wconf 60' lang='lat' dir='ltr'><strong>Craterum</strong></span> <span class='ocrx_word' id='word_1_39' title='bbox 1922 714 2070 774; x_wconf 85' lang='lat' dir='ltr'><strong>pau-</strong></span> 
     </span>
    </p>
   </div>
   <div class='ocr_carea' id='block_1_9' title="bbox 356 779 2069 861">
    <p class='ocr_par' dir='ltr' id='par_1_9' title="bbox 356 779 2069 861">
     <span class='ocr_line' id='line_1_9' title="bbox 356 779 2069 861; baseline 0.002 -20"><span class='ocrx_word' id='word_1_40' title='bbox 356 822 359 825; x_wconf 58' lang='grc' dir='ltr'><strong>ι</strong></span> <span class='ocrx_word' id='word_1_41' title='bbox 421 796 633 860; x_wconf 88' lang='lat' dir='ltr'><strong>perum</strong></span> <span class='ocrx_word' id='word_1_42' title='bbox 663 779 905 861; x_wconf 86' lang='lat' dir='ltr'><strong>quidem</strong></span> <span class='ocrx_word' id='word_1_43' title='bbox 940 798 1217 859; x_wconf 89' lang='lat' dir='ltr'><strong>magnam</strong></span> <span class='ocrx_word' id='word_1_44' title='bbox 1251 799 1454 842; x_wconf 91' lang='lat' dir='ltr'><strong>curam</strong></span> <span class='ocrx_word' id='word_1_45' title='bbox 1489 781 1736 861; x_wconf 80' lang='lat' dir='ltr'><strong>gerebat</strong></span> <span class='ocrx_word' id='word_1_46' title='bbox 1784 782 2069 844; x_wconf 85' lang='lat' dir='ltr'><strong>Theodo-</strong></span> 
     </span>
    </p>
   </div>
   <div class='ocr_carea' id='block_1_10' title="bbox 418 868 2069 952">
    <p class='ocr_par' dir='ltr' id='par_1_10' title="bbox 418 868 2069 952">
     <span class='ocr_line' id='line_1_10' title="bbox 418 868 2069 952; baseline 0.004 -23"><span class='ocrx_word' id='word_1_47' title='bbox 418 874 584 931; x_wconf 87' lang='lat' dir='ltr'><strong>sius:</strong></span> <span class='ocrx_word' id='word_1_48' title='bbox 642 887 893 949; x_wconf 89' lang='lat' dir='ltr'><strong>quorum</strong></span> <span class='ocrx_word' id='word_1_49' title='bbox 928 868 1028 930; x_wconf 92' lang='lat' dir='ltr'><strong>ille</strong></span> <span class='ocrx_word' id='word_1_50' title='bbox 1077 878 1397 947; x_wconf 77' lang='lat' dir='ltr'><strong>egestatem</strong></span> <span class='ocrx_word' id='word_1_51' title='bbox 1433 872 1679 933; x_wconf 82' lang='lat' dir='ltr'><strong>vincens</strong></span> <span class='ocrx_word' id='word_1_52' title='bbox 1728 874 2069 952; x_wconf 81' lang='lat' dir='ltr'><strong>suppedita-</strong></span> 
     </span>
    </p>
   </div>
   <div class='ocr_carea' id='block_1_11' title="bbox 420 957 2062 1030">
    <p class='ocr_par' dir='ltr' id='par_1_11' title="bbox 420 957 2062 1030">
     <span class='ocr_line' id='line_1_11' title="bbox 420 957 2062 1030; baseline 0.002 -10"><span class='ocrx_word' id='word_1_53' title='bbox 420 958 608 1030; x_wconf 90' lang='lat' dir='ltr'><strong>tione,</strong></span> <span class='ocrx_word' id='word_1_54' title='bbox 644 977 773 1020; x_wconf 89' lang='lat' dir='ltr'><strong>eam</strong></span> <span class='ocrx_word' id='word_1_55' title='bbox 805 976 1015 1020; x_wconf 83' lang='lat' dir='ltr'><strong>rursus</strong></span> <span class='ocrx_word' id='word_1_56' title='bbox 1045 957 1302 1020; x_wconf 83' lang='lat' dir='ltr'><strong>habebat</strong></span> <span class='ocrx_word' id='word_1_57' title='bbox 1331 961 1629 1022; x_wconf 84' lang='lat' dir='ltr'><strong>voluntate</strong></span> <span class='ocrx_word' id='word_1_58' title='bbox 1671 960 2018 1023; x_wconf 80' lang='lat' dir='ltr'><strong>inferiorem</strong></span> <span class='ocrx_word' id='word_1_59' title='bbox 2049 980 2062 1024; x_wconf 82' lang='lat'><strong>2</strong></span> 
     </span>
    </p>
   </div>
   <div class='ocr_carea' id='block_1_12' title="bbox 416 1047 2066 1130">
    <p class='ocr_par' dir='ltr' id='par_1_12' title="bbox 416 1047 2066 1130">
     <span class='ocr_line' id='line_1_12' title="bbox 416 1047 2066 1130; baseline 0.004 -23"><span class='ocrx_word' id='word_1_60' title='bbox 416 1047 719 1126; x_wconf 90' lang='lat' dir='ltr'><strong>quomodo</strong></span> <span class='ocrx_word' id='word_1_61' title='bbox 751 1047 928 1109; x_wconf 88' lang='lat' dir='ltr'><strong>etiam</strong></span> <span class='ocrx_word' id='word_1_62' title='bbox 956 1048 1321 1111; x_wconf 84' lang='lat' dir='ltr'><strong>voluntatem</strong></span> <span class='ocrx_word' id='word_1_63' title='bbox 1353 1068 1596 1130; x_wconf 86' lang='lat' dir='ltr'><strong>semper</strong></span> <span class='ocrx_word' id='word_1_64' title='bbox 1621 1050 1834 1112; x_wconf 87' lang='lat' dir='ltr'><strong>victam</strong></span> <span class='ocrx_word' id='word_1_65' title='bbox 1866 1070 1900 1111; x_wconf 86' lang='lat' dir='ltr'><strong>a</strong></span> <span class='ocrx_word' id='word_1_66' title='bbox 1921 1051 2066 1114; x_wconf 52' lang='lat' dir='ltr'><strong>libe.</strong></span> 
     </span>
    </p>
   </div>
   <div class='ocr_carea' id='block_1_13' title="bbox 417 1134 2067 1219">
    <p class='ocr_par' dir='ltr' id='par_1_13' title="bbox 417 1134 2067 1219">
     <span class='ocr_line' id='line_1_13' title="bbox 417 1134 2067 1219; baseline 0.003 -22"><span class='ocrx_word' id='word_1_67' title='bbox 417 1134 656 1197; x_wconf 90' lang='lat' dir='ltr'><strong>ralitate</strong></span> <span class='ocrx_word' id='word_1_68' title='bbox 688 1144 750 1197; x_wconf 83' lang='lat' dir='ltr'><strong>et</strong></span> <span class='ocrx_word' id='word_1_69' title='bbox 785 1136 1199 1199; x_wconf 82' lang='lat' dir='ltr'><strong>muniﬁcentia</strong></span> <span class='ocrx_word' id='word_1_70' title='bbox 1229 1140 1499 1217; x_wconf 75' lang='lat' dir='ltr'><strong>spiritus,</strong></span> <span class='ocrx_word' id='word_1_71' title='bbox 1535 1139 1795 1219; x_wconf 85' lang='lat' dir='ltr'><strong>utpaulo</strong></span> <span class='ocrx_word' id='word_1_72' title='bbox 1821 1150 1951 1219; x_wconf 87' lang='lat' dir='ltr'><strong>post</strong></span> <span class='ocrx_word' id='word_1_73' title='bbox 1973 1160 2067 1202; x_wconf 84' lang='lat' dir='ltr'><strong>os-</strong></span> 
     </span>
    </p>
   </div>
   <div class='ocr_carea' id='block_1_14' title="bbox 419 1224 2062 1307">
    <p class='ocr_par' dir='ltr' id='par_1_14' title="bbox 419 1224 2062 1307">
     <span class='ocr_line' id='line_1_14' title="bbox 419 1224 2062 1307; baseline 0.004 -20"><span class='ocrx_word' id='word_1_74' title='bbox 419 1225 723 1289; x_wconf 82' lang='lat' dir='ltr'><strong>tondetur.</strong></span> <span class='ocrx_word' id='word_1_75' title='bbox 789 1224 914 1287; x_wconf 84' lang='lat' dir='ltr'><strong>Hoc</strong></span> <span class='ocrx_word' id='word_1_76' title='bbox 946 1235 1142 1288; x_wconf 88' lang='lat' dir='ltr'><strong>autem</strong></span> <span class='ocrx_word' id='word_1_77' title='bbox 1197 1236 1289 1289; x_wconf 93' lang='lat' dir='ltr'><strong>est</strong></span> <span class='ocrx_word' id='word_1_78' title='bbox 1337 1228 1487 1307; x_wconf 76' lang='lat' dir='ltr'><strong>ipsis</strong></span> <span class='ocrx_word' id='word_1_79' title='bbox 1517 1227 1701 1289; x_wconf 86' lang='lat' dir='ltr'><strong>rebus</strong></span> <span class='ocrx_word' id='word_1_80' title='bbox 1751 1240 2062 1293; x_wconf 84' lang='lat' dir='ltr'><strong>consenta-</strong></span> 
     </span>
    </p>
   </div>
   <div class='ocr_carea' id='block_1_15' title="bbox 411 1314 2060 1399">
    <p class='ocr_par' dir='ltr' id='par_1_15' title="bbox 411 1314 2060 1399">
     <span class='ocr_line' id='line_1_15' title="bbox 411 1314 2060 1399; baseline 0.003 -23"><span class='ocrx_word' id='word_1_81' title='bbox 411 1332 595 1377; x_wconf 87' lang='lat' dir='ltr'><strong>neum</strong></span> <span class='ocrx_word' id='word_1_82' title='bbox 647 1324 705 1377; x_wconf 90' lang='lat' dir='ltr'><strong>et</strong></span> <span class='ocrx_word' id='word_1_83' title='bbox 752 1315 923 1377; x_wconf 86' lang='lat' dir='ltr'><strong>valde</strong></span> <span class='ocrx_word' id='word_1_84' title='bbox 977 1334 1374 1397; x_wconf 89' lang='lat' dir='ltr'><strong>consequens.</strong></span> <span class='ocrx_word' id='word_1_85' title='bbox 1439 1314 1503 1380; x_wconf 87' lang='lat' dir='ltr'><strong>Si</strong></span> <span class='ocrx_word' id='word_1_86' title='bbox 1554 1318 1715 1379; x_wconf 91' lang='lat' dir='ltr'><strong>enim</strong></span> <span class='ocrx_word' id='word_1_87' title='bbox 1750 1321 1878 1399; x_wconf 89' lang='lat' dir='ltr'><strong>ipse</strong></span> <span class='ocrx_word' id='word_1_88' title='bbox 1924 1338 2060 1382; x_wconf 87' lang='lat' dir='ltr'><strong>cum</strong></span> 
     </span>
    </p>
   </div>
   <div class='ocr_carea' id='block_1_16' title="bbox 410 1404 2058 1489">
    <p class='ocr_par' dir='ltr' id='par_1_16' title="bbox 410 1404 2058 1489">
     <span class='ocr_line' id='line_1_16' title="bbox 410 1404 2058 1489; baseline 0.002 -22"><span class='ocrx_word' id='word_1_89' title='bbox 410 1413 575 1468; x_wconf 83' lang='lat' dir='ltr'><strong>esset</strong></span> <span class='ocrx_word' id='word_1_90' title='bbox 622 1406 828 1481; x_wconf 90' lang='lat' dir='ltr'><strong>homo,</strong></span> <span class='ocrx_word' id='word_1_91' title='bbox 863 1404 1137 1467; x_wconf 83' lang='lat' dir='ltr'><strong>studebat</strong></span> <span class='ocrx_word' id='word_1_92' title='bbox 1172 1405 1481 1467; x_wconf 84' lang='lat' dir='ltr'><strong>hominum</strong></span> <span class='ocrx_word' id='word_1_93' title='bbox 1532 1409 1831 1486; x_wconf 77' lang='lat' dir='ltr'><strong>egentium</strong></span> <span class='ocrx_word' id='word_1_94' title='bbox 1877 1427 2058 1489; x_wconf 86' lang='lat' dir='ltr'><strong>supe-</strong></span> 
     </span>
    </p>
   </div>
   <div class='ocr_carea' id='block_1_17' title="bbox 415 1493 2062 1577">
    <p class='ocr_par' dir='ltr' id='par_1_17' title="bbox 415 1493 2062 1577">
     <span class='ocr_line' id='line_1_17' title="bbox 415 1493 2062 1577; baseline 0.002 -24"><span class='ocrx_word' id='word_1_95' title='bbox 415 1511 549 1555; x_wconf 88' lang='lat' dir='ltr'><strong>rare</strong></span> <span class='ocrx_word' id='word_1_96' title='bbox 581 1493 941 1574; x_wconf 83' lang='lat' dir='ltr'><strong>cupiditates</strong></span> <span class='ocrx_word' id='word_1_97' title='bbox 972 1493 1292 1556; x_wconf 84' lang='lat' dir='ltr'><strong>voluntatis</strong></span> <span class='ocrx_word' id='word_1_98' title='bbox 1314 1495 2062 1577; x_wconf 84' lang='lat' dir='ltr'><strong>magnitudine;quomodn</strong></span> 
     </span>
    </p>
   </div>
   <div class='ocr_carea' id='block_1_18' title="bbox 412 1584 2062 1666">
    <p class='ocr_par' dir='ltr' id='par_1_18' title="bbox 412 1584 2062 1666">
     <span class='ocr_line' id='line_1_18' title="bbox 412 1584 2062 1666; baseline 0.002 -21"><span class='ocrx_word' id='word_1_99' title='bbox 412 1601 535 1645; x_wconf 90' lang='lat' dir='ltr'><strong>non</strong></span> <span class='ocrx_word' id='word_1_100' title='bbox 567 1584 828 1645; x_wconf 87' lang='lat' dir='ltr'><strong>humana</strong></span> <span class='ocrx_word' id='word_1_101' title='bbox 879 1601 1087 1645; x_wconf 84' lang='lat' dir='ltr'><strong>rursus</strong></span> <span class='ocrx_word' id='word_1_102' title='bbox 1113 1585 1389 1645; x_wconf 78' lang='lat' dir='ltr'><strong>voluntas</strong></span> <span class='ocrx_word' id='word_1_103' title='bbox 1444 1588 1782 1666; x_wconf 83' lang='lat' dir='ltr'><strong>superanda</strong></span> <span class='ocrx_word' id='word_1_104' title='bbox 1814 1596 1940 1648; x_wconf 92' lang='lat' dir='ltr'><strong>erat</strong></span> <span class='ocrx_word' id='word_1_105' title='bbox 1988 1588 2062 1649; x_wconf 91' lang='lat' dir='ltr'><strong>ab</strong></span> 
     </span>
    </p>
   </div>
   <div class='ocr_carea' id='block_1_19' title="bbox 410 1672 1425 1753">
    <p class='ocr_par' dir='ltr' id='par_1_19' title="bbox 410 1672 1425 1753">
     <span class='ocr_line' id='line_1_19' title="bbox 410 1672 1425 1753; baseline 0.005 -20"><span class='ocrx_word' id='word_1_106' title='bbox 410 1673 627 1753; x_wconf 91' lang='lat' dir='ltr'><strong>opibus</strong></span> <span class='ocrx_word' id='word_1_107' title='bbox 659 1672 881 1734; x_wconf 89' lang='lat' dir='ltr'><strong>divinis</strong></span> <span class='ocrx_word' id='word_1_108' title='bbox 911 1680 968 1734; x_wconf 88' lang='lat' dir='ltr'><strong>et</strong></span> <span class='ocrx_word' id='word_1_109' title='bbox 1002 1672 1367 1751; x_wconf 75' lang='lat' dir='ltr'><strong>benignitate</strong></span> <span class='ocrx_word' id='word_1_110' title='bbox 1397 1680 1425 1738; x_wconf 84' lang='lat'><strong>?</strong></span> 
     </span>
    </p>
   </div>
   <div class='ocr_carea' id='block_1_20' title="bbox 492 1754 2111 1846">
    <p class='ocr_par' dir='ltr' id='par_1_20' title="bbox 492 1754 2111 1846">
     <span class='ocr_line' id='line_1_20' title="bbox 492 1754 2111 1846; baseline 0.003 -24"><span class='ocrx_word' id='word_1_111' title='bbox 492 1762 593 1823; x_wconf 78' lang='grc'><strong>28.</strong></span> <span class='ocrx_word' id='word_1_112' title='bbox 621 1763 766 1825; x_wconf 89' lang='lat' dir='ltr'><strong>Cum</strong></span> <span class='ocrx_word' id='word_1_113' title='bbox 800 1772 994 1825; x_wconf 90' lang='lat' dir='ltr'><strong>autem</strong></span> <span class='ocrx_word' id='word_1_114' title='bbox 1030 1764 1088 1824; x_wconf 93' lang='lat' dir='ltr'><strong>in</strong></span> <span class='ocrx_word' id='word_1_115' title='bbox 1120 1781 1354 1839; x_wconf 90' lang='lat' dir='ltr'><strong>omnes,</strong></span> <span class='ocrx_word' id='word_1_116' title='bbox 1383 1764 1481 1844; x_wconf 90' lang='lat' dir='ltr'><strong>qui</strong></span> <span class='ocrx_word' id='word_1_117' title='bbox 1527 1765 1778 1844; x_wconf 87' lang='lat' dir='ltr'><strong>ejestate</strong></span> <span class='ocrx_word' id='word_1_118' title='bbox 1807 1784 2045 1846; x_wconf 86' lang='lat' dir='ltr'><strong>preme-</strong></span> <span class='ocrx_word' id='word_1_119' title='bbox 2076 1754 2111 1803; x_wconf 68' lang='grc'>⁸</span> 
     </span>
    </p>
   </div>
   <div class='ocr_carea' id='block_1_21' title="bbox 2155 515 3777 597">
    <p class='ocr_par' dir='ltr' id='par_1_21' title="bbox 2155 515 3777 597">
     <span class='ocr_line' id='line_1_21' title="bbox 2155 515 3777 597; baseline 0 -24"><span class='ocrx_word' id='word_1_120' title='bbox 2155 519 2215 573; x_wconf 83' lang='grc' dir='ltr'>τὸ</span> <span class='ocrx_word' id='word_1_121' title='bbox 2273 519 2369 583; x_wconf 72' lang='grc' dir='ltr'>τῆς</span> <span class='ocrx_word' id='word_1_122' title='bbox 2431 517 2736 597; x_wconf 73' lang='grc' dir='ltr'>ξενοδοχίας</span> <span class='ocrx_word' id='word_1_123' title='bbox 2793 517 2965 594; x_wconf 69' lang='grc' dir='ltr'>ἄκρως</span> <span class='ocrx_word' id='word_1_124' title='bbox 3023 516 3202 591; x_wconf 74' lang='grc' dir='ltr'>ίλιρὸν</span> <span class='ocrx_word' id='word_1_125' title='bbox 3261 520 3347 573; x_wconf 84' lang='grc' dir='ltr'>καὶ</span> <span class='ocrx_word' id='word_1_126' title='bbox 3407 515 3777 595; x_wconf 73' lang='grc' dir='ltr'>φιλάνθρωπον,</span> 
     </span>
    </p>
   </div>
   <div class='ocr_carea' id='block_1_22' title="bbox 2156 605 3773 686">
    <p class='ocr_par' dir='ltr' id='par_1_22' title="bbox 2156 605 3773 686">
     <span class='ocr_line' id='line_1_22' title="bbox 2156 605 3773 686; baseline 0 -24"><span class='ocrx_word' id='word_1_127' title='bbox 2156 605 2307 662; x_wconf 85' lang='grc' dir='ltr'>Ἀλλ’</span> <span class='ocrx_word' id='word_1_128' title='bbox 2351 607 2405 665; x_wconf 65' lang='grc' dir='ltr'>οἵ</span> <span class='ocrx_word' id='word_1_129' title='bbox 2464 630 2524 685; x_wconf 87' lang='grc' dir='ltr'><strong>γε</strong></span> <span class='ocrx_word' id='word_1_130' title='bbox 2596 609 2847 686; x_wconf 81' lang='grc' dir='ltr'>πένητες,</span> <span class='ocrx_word' id='word_1_131' title='bbox 2896 609 2932 676; x_wconf 76' lang='grc' dir='ltr'><strong>ἡ</strong></span> <span class='ocrx_word' id='word_1_132' title='bbox 2992 605 3203 684; x_wconf 79' lang='grc' dir='ltr'><strong>μεγάλη</strong></span> <span class='ocrx_word' id='word_1_133' title='bbox 3246 605 3510 678; x_wconf 81' lang='grc' dir='ltr'>Θεοδοσίῳ</span> <span class='ocrx_word' id='word_1_134' title='bbox 3563 609 3773 686; x_wconf 80' lang='grc' dir='ltr'>φροντὶς,</span> 
     </span>
    </p>
   </div>
   <div class='ocr_carea' id='block_1_23' title="bbox 2155 695 3772 776">
    <p class='ocr_par' dir='ltr' id='par_1_23' title="bbox 2155 695 3772 776">
     <span class='ocr_line' id='line_1_23' title="bbox 2155 695 3772 776; baseline 0.001 -25"><span class='ocrx_word' id='word_1_135' title='bbox 2155 697 2228 751; x_wconf 80' lang='grc' dir='ltr'>ὧν</span> <span class='ocrx_word' id='word_1_136' title='bbox 2284 698 2382 762; x_wconf 77' lang='grc' dir='ltr'>τὴν</span> <span class='ocrx_word' id='word_1_137' title='bbox 2441 696 2638 753; x_wconf 78' lang='grc' dir='ltr'><strong>ἔνδειαν</strong></span> <span class='ocrx_word' id='word_1_138' title='bbox 2697 697 2902 760; x_wconf 79' lang='grc' dir='ltr'>ἐκεῖνος</span> <span class='ocrx_word' id='word_1_139' title='bbox 2976 702 3043 771; x_wconf 76' lang='grc' dir='ltr'><strong>τῇ</strong></span> <span class='ocrx_word' id='word_1_140' title='bbox 3099 698 3338 776; x_wconf 79' lang='grc' dir='ltr'><strong>χορηγίᾳ</strong></span> <span class='ocrx_word' id='word_1_141' title='bbox 3396 699 3570 766; x_wconf 82' lang='grc' dir='ltr'>νικῶν,</span> <span class='ocrx_word' id='word_1_142' title='bbox 3626 695 3772 762; x_wconf 70' lang='grc' dir='ltr'>αὐτὴν</span> 
     </span>
    </p>
   </div>
   <div class='ocr_carea' id='block_1_24' title="bbox 2154 783 3766 863">
    <p class='ocr_par' dir='ltr' id='par_1_24' title="bbox 2154 783 3766 863">
     <span class='ocr_line' id='line_1_24' title="bbox 2154 783 3766 863; baseline -0.001 -23"><span class='ocrx_word' id='word_1_143' title='bbox 2154 785 2315 841; x_wconf 82' lang='grc' dir='ltr'>πάλιν</span> <span class='ocrx_word' id='word_1_144' title='bbox 2396 790 2552 863; x_wconf 79' lang='grc' dir='ltr'>εἶχεν</span> <span class='ocrx_word' id='word_1_145' title='bbox 2620 787 2937 857; x_wconf 75' lang='grc' dir='ltr'><strong>ἡττωμένην</strong></span> <span class='ocrx_word' id='word_1_146' title='bbox 3017 786 3113 852; x_wconf 72' lang='grc' dir='ltr'>τῆς</span> <span class='ocrx_word' id='word_1_147' title='bbox 3190 786 3538 863; x_wconf 78' lang='grc' dir='ltr'>προαιρέσως·</span> <span class='ocrx_word' id='word_1_148' title='bbox 3605 783 3766 862; x_wconf 78' lang='grc' dir='ltr'>ὥσπερ</span> 
     </span>
    </p>
   </div>
   <div class='ocr_carea' id='block_1_25' title="bbox 2151 871 3761 952">
    <p class='ocr_par' dir='ltr' id='par_1_25' title="bbox 2151 871 3761 952">
     <span class='ocr_line' id='line_1_25' title="bbox 2151 871 3761 952; baseline 0.001 -24"><span class='ocrx_word' id='word_1_149' title='bbox 2151 871 2215 940; x_wconf 79' lang='grc' dir='ltr'>δὴ</span> <span class='ocrx_word' id='word_1_150' title='bbox 2288 875 2386 940; x_wconf 79' lang='grc' dir='ltr'>τὴν</span> <span class='ocrx_word' id='word_1_151' title='bbox 2448 877 2748 952; x_wconf 84' lang='grc' dir='ltr'>προαίρεσιν</span> <span class='ocrx_word' id='word_1_152' title='bbox 2803 876 2870 942; x_wconf 74' lang='grc' dir='ltr'>τῆ</span> <span class='ocrx_word' id='word_1_153' title='bbox 2928 873 3309 951; x_wconf 67' lang='grc' dir='ltr'>μεγαλοδωρεᾷ</span> <span class='ocrx_word' id='word_1_154' title='bbox 3352 872 3446 930; x_wconf 67' lang='grc' dir='ltr'>τοῦ</span> <span class='ocrx_word' id='word_1_155' title='bbox 3498 872 3761 946; x_wconf 83' lang='grc' dir='ltr'>πνεύματος</span> 
     </span>
    </p>
   </div>
   <div class='ocr_carea' id='block_1_26' title="bbox 2150 959 3760 1040">
    <p class='ocr_par' dir='ltr' id='par_1_26' title="bbox 2150 959 3760 1040">
     <span class='ocr_line' id='line_1_26' title="bbox 2150 959 3760 1040; baseline -0.001 -22"><span class='ocrx_word' id='word_1_156' title='bbox 2150 964 2235 1030; x_wconf 80' lang='grc' dir='ltr'>ἡεί</span> <span class='ocrx_word' id='word_1_157' title='bbox 2290 984 2419 1019; x_wconf 87' lang='grc' dir='ltr'>ποτε</span> <span class='ocrx_word' id='word_1_158' title='bbox 2448 966 2775 1040; x_wconf 67' lang='grc' dir='ltr'>νικωμένην,</span> <span class='ocrx_word' id='word_1_159' title='bbox 2810 967 2885 1028; x_wconf 85' lang='grc' dir='ltr'>ὡς</span> <span class='ocrx_word' id='word_1_160' title='bbox 2940 964 3060 1038; x_wconf 84' lang='grc' dir='ltr'>μετ’</span> <span class='ocrx_word' id='word_1_161' title='bbox 3117 968 3174 1022; x_wconf 71' lang='grc' dir='ltr'>οὔ</span> <span class='ocrx_word' id='word_1_162' title='bbox 3204 963 3346 1021; x_wconf 83' lang='grc' dir='ltr'>πολὺ</span> <span class='ocrx_word' id='word_1_163' title='bbox 3405 959 3760 1028; x_wconf 70' lang='grc' dir='ltr'>δηλωθήσεται,</span> 
     </span>
    </p>
   </div>
   <div class='ocr_carea' id='block_1_27' title="bbox 2150 1049 3765 1130">
    <p class='ocr_par' dir='ltr' id='par_1_27' title="bbox 2150 1049 3765 1130">
     <span class='ocr_line' id='line_1_27' title="bbox 2150 1049 3765 1130; baseline -0.001 -21"><span class='ocrx_word' id='word_1_164' title='bbox 2150 1052 2315 1109; x_wconf 73' lang='grc' dir='ltr'>Τοῦτο</span> <span class='ocrx_word' id='word_1_165' title='bbox 2372 1051 2427 1108; x_wconf 80' lang='grc' dir='ltr'><strong>δὲ</strong></span> <span class='ocrx_word' id='word_1_166' title='bbox 2458 1054 2677 1117; x_wconf 79' lang='grc' dir='ltr'><strong>εἰκότως</strong></span> <span class='ocrx_word' id='word_1_167' title='bbox 2721 1057 2861 1127; x_wconf 76' lang='grc' dir='ltr'>Λίαν,</span> <span class='ocrx_word' id='word_1_168' title='bbox 2895 1056 2981 1110; x_wconf 83' lang='grc' dir='ltr'><strong>καὶ</strong></span> <span class='ocrx_word' id='word_1_169' title='bbox 3041 1066 3157 1117; x_wconf 77' lang='grc' dir='ltr'>τοῖς</span> <span class='ocrx_word' id='word_1_170' title='bbox 3200 1049 3765 1130; x_wconf 74' lang='grc' dir='ltr'>πράγμασινάκολού-</span> 
     </span>
    </p>
   </div>
   <div class='ocr_carea' id='block_1_28' title="bbox 2145 1138 3769 1221">
    <p class='ocr_par' dir='ltr' id='par_1_28' title="bbox 2145 1138 3769 1221">
     <span class='ocr_line' id='line_1_28' title="bbox 2145 1138 3769 1221; baseline -0.001 -23"><span class='ocrx_word' id='word_1_171' title='bbox 2145 1145 2275 1204; x_wconf 83' lang='grc' dir='ltr'>θως.</span> <span class='ocrx_word' id='word_1_172' title='bbox 2338 1144 2395 1199; x_wconf 79' lang='grc' dir='ltr'><strong>Εἰ</strong></span> <span class='ocrx_word' id='word_1_173' title='bbox 2429 1143 2529 1221; x_wconf 78' lang='grc' dir='ltr'><strong>γὰρ</strong></span> <span class='ocrx_word' id='word_1_174' title='bbox 2586 1144 2741 1207; x_wconf 71' lang='grc' dir='ltr'>αὐτὸς</span> <span class='ocrx_word' id='word_1_175' title='bbox 2788 1143 3060 1219; x_wconf 83' lang='grc' dir='ltr'>ἅνθρωπος</span> <span class='ocrx_word' id='word_1_176' title='bbox 3090 1141 3165 1200; x_wconf 85' lang='grc' dir='ltr'>ὢν</span> <span class='ocrx_word' id='word_1_177' title='bbox 3222 1142 3519 1217; x_wconf 84' lang='grc' dir='ltr'>ἀνθρώπων</span> <span class='ocrx_word' id='word_1_178' title='bbox 3573 1138 3769 1196; x_wconf 76' lang='grc' dir='ltr'>ἔσπευδε</span> 
     </span>
    </p>
   </div>
   <div class='ocr_carea' id='block_1_29' title="bbox 2145 1227 3768 1310">
    <p class='ocr_par' dir='ltr' id='par_1_29' title="bbox 2145 1227 3768 1310">
     <span class='ocr_line' id='line_1_29' title="bbox 2145 1227 3768 1310; baseline 0.001 -26"><span class='ocrx_word' id='word_1_179' title='bbox 2145 1227 2412 1305; x_wconf 82' lang='grc' dir='ltr'><strong>δεομένων</strong></span> <span class='ocrx_word' id='word_1_180' title='bbox 2462 1231 2807 1310; x_wconf 74' lang='grc' dir='ltr'>ὑπερϐάλλειν</span> <span class='ocrx_word' id='word_1_181' title='bbox 2866 1232 3141 1305; x_wconf 78' lang='grc' dir='ltr'><strong>ἐπιθυμίας</strong></span> <span class='ocrx_word' id='word_1_182' title='bbox 3214 1238 3295 1304; x_wconf 82' lang='grc' dir='ltr'>τῷ</span> <span class='ocrx_word' id='word_1_183' title='bbox 3367 1228 3632 1308; x_wconf 80' lang='grc' dir='ltr'>μεγαλείῳ</span> <span class='ocrx_word' id='word_1_184' title='bbox 3681 1234 3768 1297; x_wconf 79' lang='grc' dir='ltr'>τῆς</span> 
     </span>
    </p>
   </div>
   <div class='ocr_carea' id='block_1_30' title="bbox 2145 1318 3772 1399">
    <p class='ocr_par' dir='ltr' id='par_1_30' title="bbox 2145 1318 3772 1399">
     <span class='ocr_line' id='line_1_30' title="bbox 2145 1318 3772 1399; baseline -0.001 -23"><span class='ocrx_word' id='word_1_185' title='bbox 2145 1320 2526 1399; x_wconf 80' lang='grc' dir='ltr'>προαιρέσεως,</span> <span class='ocrx_word' id='word_1_186' title='bbox 2587 1329 2703 1386; x_wconf 88' lang='grc' dir='ltr'><strong>πῶς</strong></span> <span class='ocrx_word' id='word_1_187' title='bbox 2787 1324 2882 1378; x_wconf 73' lang='grc' dir='ltr'><strong>οὒκ</strong></span> <span class='ocrx_word' id='word_1_188' title='bbox 2963 1320 3155 1393; x_wconf 81' lang='grc' dir='ltr'>ἔμελλε</span> <span class='ocrx_word' id='word_1_189' title='bbox 3240 1319 3407 1377; x_wconf 87' lang='grc' dir='ltr'>πάλιν</span> <span class='ocrx_word' id='word_1_190' title='bbox 3491 1318 3772 1396; x_wconf 83' lang='grc' dir='ltr'>ἀνθρωπίνη</span> 
     </span>
    </p>
   </div>
   <div class='ocr_carea' id='block_1_31' title="bbox 2147 1404 3775 1489">
    <p class='ocr_par' dir='ltr' id='par_1_31' title="bbox 2147 1404 3775 1489">
     <span class='ocr_line' id='line_1_31' title="bbox 2147 1404 3775 1489; baseline -0.002 -23"><span class='ocrx_word' id='word_1_191' title='bbox 2147 1412 2446 1489; x_wconf 86' lang='grc' dir='ltr'>προαίρεσις</span> <span class='ocrx_word' id='word_1_192' title='bbox 2511 1414 2678 1484; x_wconf 79' lang='grc' dir='ltr'>θετκῷ</span> <span class='ocrx_word' id='word_1_193' title='bbox 2720 1410 2931 1484; x_wconf 87' lang='grc' dir='ltr'>πλούτῳ</span> <span class='ocrx_word' id='word_1_194' title='bbox 2986 1412 3074 1467; x_wconf 78' lang='grc' dir='ltr'><strong>καὶ</strong></span> <span class='ocrx_word' id='word_1_195' title='bbox 3129 1409 3473 1489; x_wconf 79' lang='grc' dir='ltr'><strong>χρηστότητι</strong></span> <span class='ocrx_word' id='word_1_196' title='bbox 3532 1404 3775 1486; x_wconf 80' lang='grc' dir='ltr'>παρενδο-</span> 
     </span>
    </p>
   </div>
   <div class='ocr_carea' id='block_1_32' title="bbox 2144 1504 2469 1576">
    <p class='ocr_par' dir='ltr' id='par_1_32' title="bbox 2144 1504 2469 1576">
     <span class='ocr_line' id='line_1_32' title="bbox 2144 1504 2469 1576; baseline 0.003 -21"><span class='ocrx_word' id='word_1_197' title='bbox 2144 1504 2417 1576; x_wconf 79' lang='grc' dir='ltr'>κιμεϊσθιι</span> <span class='ocrx_word' id='word_1_198' title='bbox 2451 1523 2469 1574; x_wconf 84' lang='lat'><strong>;</strong></span> 
     </span>
    </p>
   </div>
   <div class='ocr_carea' id='block_1_33' title="bbox 2214 1763 3779 1848">
    <p class='ocr_par' dir='ltr' id='par_1_33' title="bbox 2214 1763 3779 1848">
     <span class='ocr_line' id='line_1_33' title="bbox 2214 1763 3779 1848; baseline 0.004 -25"><span class='ocrx_word' id='word_1_199' title='bbox 2214 1768 2334 1834; x_wconf 86' lang='grc' dir='ltr'>κη’.</span> <span class='ocrx_word' id='word_1_200' title='bbox 2369 1768 2520 1827; x_wconf 65' lang='grc' dir='ltr'>Οὕτω</span> <span class='ocrx_word' id='word_1_201' title='bbox 2574 1766 2628 1825; x_wconf 76' lang='grc' dir='ltr'><strong>δὲ</strong></span> <span class='ocrx_word' id='word_1_202' title='bbox 2677 1770 3002 1843; x_wconf 71' lang='grc' dir='ltr'><strong>συμπαθείας</strong></span> <span class='ocrx_word' id='word_1_203' title='bbox 3046 1768 3131 1826; x_wconf 79' lang='grc' dir='ltr'>ἐπὶ</span> <span class='ocrx_word' id='word_1_204' title='bbox 3187 1774 3351 1826; x_wconf 85' lang='grc' dir='ltr'>πᾶσιν</span> <span class='ocrx_word' id='word_1_205' title='bbox 3403 1767 3552 1848; x_wconf 75' lang='grc' dir='ltr'>ἔχων</span> <span class='ocrx_word' id='word_1_206' title='bbox 3606 1763 3779 1829; x_wconf 75' lang='grc' dir='ltr'>ἁπλῶς</span> 
     </span>
    </p>
   </div>
   <div class='ocr_carea' id='block_1_34' title="bbox 408 1852 2048 1936">
    <p class='ocr_par' dir='ltr' id='par_1_34' title="bbox 408 1852 2047 1936">
     <span class='ocr_line' id='line_1_34' title="bbox 408 1852 2047 1936; baseline 0.002 -21"><span class='ocrx_word' id='word_1_207' title='bbox 408 1853 649 1927; x_wconf 85' lang='lat' dir='ltr'><strong>bantur,</strong></span> <span class='ocrx_word' id='word_1_208' title='bbox 683 1853 765 1914; x_wconf 88' lang='lat' dir='ltr'><strong>ita</strong></span> <span class='ocrx_word' id='word_1_209' title='bbox 794 1862 950 1914; x_wconf 89' lang='lat' dir='ltr'><strong>esset</strong></span> <span class='ocrx_word' id='word_1_210' title='bbox 1002 1852 1372 1925; x_wconf 87' lang='lat' dir='ltr'><strong>misericors,</strong></span> <span class='ocrx_word' id='word_1_211' title='bbox 1405 1854 1535 1934; x_wconf 86' lang='lat' dir='ltr'><strong>ejus</strong></span> <span class='ocrx_word' id='word_1_212' title='bbox 1567 1857 1752 1934; x_wconf 83' lang='lat' dir='ltr'><strong>magis</strong></span> <span class='ocrx_word' id='word_1_213' title='bbox 1781 1861 2047 1936; x_wconf 88' lang='lat' dir='ltr'><strong>augeba-</strong></span> 
     </span>
    </p>
   </div>
   <div class='ocr_carea' id='block_1_35' title="bbox 2134 1852 3780 1936">
    <p class='ocr_par' dir='ltr' id='par_1_35' title="bbox 2134 1855 3780 1935">
     <span class='ocr_line' id='line_1_35' title="bbox 2134 1855 3780 1935; baseline -0.002 -21"><span class='ocrx_word' id='word_1_214' title='bbox 2134 1870 2246 1923; x_wconf 80' lang='grc' dir='ltr'>τοϊς</span> <span class='ocrx_word' id='word_1_215' title='bbox 2319 1858 2488 1930; x_wconf 78' lang='grc' dir='ltr'>ἐνδείᾳ</span> <span class='ocrx_word' id='word_1_216' title='bbox 2548 1858 2903 1935; x_wconf 74' lang='grc' dir='ltr'><strong>πιεζομένοις,</strong></span> <span class='ocrx_word' id='word_1_217' title='bbox 2964 1857 3042 1915; x_wconf 75' lang='grc' dir='ltr'>ἔτι</span> <span class='ocrx_word' id='word_1_218' title='bbox 3116 1857 3324 1931; x_wconf 74' lang='grc' dir='ltr'>μᾶλλον</span> <span class='ocrx_word' id='word_1_219' title='bbox 3390 1857 3630 1914; x_wconf 75' lang='grc' dir='ltr'>ἐπέτεινε</span> <span class='ocrx_word' id='word_1_220' title='bbox 3686 1855 3780 1920; x_wconf 71' lang='grc' dir='ltr'>τὴν</span> 
     </span>
    </p>
   </div>
   <div class='ocr_carea' id='block_1_36' title="bbox 408 1941 2048 2027">
    <p class='ocr_par' dir='ltr' id='par_1_36' title="bbox 408 1941 2048 2022">
     <span class='ocr_line' id='line_1_36' title="bbox 408 1941 2048 2022; baseline 0.002 -18"><span class='ocrx_word' id='word_1_221' title='bbox 408 1950 507 2004; x_wconf 91' lang='lat' dir='ltr'><strong>tur</strong></span> <span class='ocrx_word' id='word_1_222' title='bbox 537 1941 952 2004; x_wconf 88' lang='lat' dir='ltr'><strong>misericordia</strong></span> <span class='ocrx_word' id='word_1_223' title='bbox 982 1942 1041 2003; x_wconf 91' lang='lat' dir='ltr'><strong>in</strong></span> <span class='ocrx_word' id='word_1_224' title='bbox 1067 1961 1191 2014; x_wconf 84' lang='lat' dir='ltr'><strong>eos,</strong></span> <span class='ocrx_word' id='word_1_225' title='bbox 1219 1943 1277 2002; x_wconf 91' lang='lat' dir='ltr'><strong>in</strong></span> <span class='ocrx_word' id='word_1_226' title='bbox 1302 1943 1519 2022; x_wconf 92' lang='lat' dir='ltr'><strong>quibus</strong></span> <span class='ocrx_word' id='word_1_227' title='bbox 1535 1961 1738 2006; x_wconf 86' lang='lat' dir='ltr'><strong>rursus</strong></span> <span class='ocrx_word' id='word_1_228' title='bbox 1768 1954 1894 2006; x_wconf 90' lang='lat' dir='ltr'><strong>erat</strong></span> <span class='ocrx_word' id='word_1_229' title='bbox 1920 1965 2048 2009; x_wconf 85' lang='lat' dir='ltr'><strong>ma-</strong></span> 
     </span>
    </p>
   </div>
   <div class='ocr_carea' id='block_1_37' title="bbox 2134 1941 3780 2027">
    <p class='ocr_par' dir='ltr' id='par_1_37' title="bbox 2134 1945 3780 2027">
     <span class='ocr_line' id='line_1_37' title="bbox 2134 1945 3780 2027; baseline -0.002 -23"><span class='ocrx_word' id='word_1_230' title='bbox 2134 1951 2461 2014; x_wconf 76' lang='grc' dir='ltr'>συμπαθειαν</span> <span class='ocrx_word' id='word_1_231' title='bbox 2522 1946 2603 2026; x_wconf 80' lang='grc' dir='ltr'>ἐφ’</span> <span class='ocrx_word' id='word_1_232' title='bbox 2659 1957 2746 2009; x_wconf 80' lang='grc' dir='ltr'>οὓς</span> <span class='ocrx_word' id='word_1_233' title='bbox 2803 1951 2965 2005; x_wconf 74' lang='grc' dir='ltr'>πάλιν</span> <span class='ocrx_word' id='word_1_234' title='bbox 3021 1950 3084 2004; x_wconf 84' lang='grc' dir='ltr'>τὸ</span> <span class='ocrx_word' id='word_1_235' title='bbox 3145 1945 3407 2027; x_wconf 78' lang='grc' dir='ltr'>δυσχερὲς</span> <span class='ocrx_word' id='word_1_236' title='bbox 3469 1945 3780 2015; x_wconf 77' lang='grc' dir='ltr'>ἐπετείνετο,</span> 
     </span>
    </p>
   </div>
   <div class='ocr_carea' id='block_1_38' title="bbox 408 2032 2048 2111">
    <p class='ocr_par' dir='ltr' id='par_1_38' title="bbox 408 2032 2046 2111">
     <span class='ocr_line' id='line_1_38' title="bbox 408 2032 2046 2111; baseline 0.003 -19"><span class='ocrx_word' id='word_1_237' title='bbox 408 2032 533 2093; x_wconf 90' lang='lat' dir='ltr'><strong>lum</strong></span> <span class='ocrx_word' id='word_1_238' title='bbox 568 2032 826 2111; x_wconf 77' lang='lat' dir='ltr'><strong>gravius,</strong></span> <span class='ocrx_word' id='word_1_239' title='bbox 863 2039 1074 2092; x_wconf 90' lang='lat' dir='ltr'><strong>etcum</strong></span> <span class='ocrx_word' id='word_1_240' title='bbox 1108 2042 1370 2111; x_wconf 82' lang='lat' dir='ltr'><strong>egestate</strong></span> <span class='ocrx_word' id='word_1_241' title='bbox 1402 2043 1528 2094; x_wconf 91' lang='lat' dir='ltr'><strong>erat</strong></span> <span class='ocrx_word' id='word_1_242' title='bbox 1562 2043 1850 2111; x_wconf 64' lang='lat' dir='ltr'><strong>praeterea</strong></span> <span class='ocrx_word' id='word_1_243' title='bbox 1883 2055 2046 2097; x_wconf 87' lang='lat' dir='ltr'><strong>mor-</strong></span> 
     </span>
    </p>
   </div>
   <div class='ocr_carea' id='block_1_39' title="bbox 2134 2032 3785 2111">
    <p class='ocr_par' dir='ltr' id='par_1_39' title="bbox 2134 2034 3785 2111">
     <span class='ocr_line' id='line_1_39' title="bbox 2134 2034 3785 2111; baseline -0.002 -17"><span class='ocrx_word' id='word_1_244' title='bbox 2134 2039 2217 2094; x_wconf 86' lang='grc' dir='ltr'><strong>καὶ</strong></span> <span class='ocrx_word' id='word_1_245' title='bbox 2276 2039 2412 2111; x_wconf 84' lang='grc' dir='ltr'><strong>μετά</strong></span> <span class='ocrx_word' id='word_1_246' title='bbox 2442 2042 2537 2103; x_wconf 77' lang='grc' dir='ltr'>τῆς</span> <span class='ocrx_word' id='word_1_247' title='bbox 2598 2035 2793 2102; x_wconf 75' lang='grc' dir='ltr'>ἐνδείας</span> <span class='ocrx_word' id='word_1_248' title='bbox 2851 2037 2927 2094; x_wconf 75' lang='grc' dir='ltr'>ἔτι</span> <span class='ocrx_word' id='word_1_249' title='bbox 2983 2040 3072 2093; x_wconf 85' lang='grc' dir='ltr'><strong>καὶ</strong></span> <span class='ocrx_word' id='word_1_250' title='bbox 3102 2040 3285 2108; x_wconf 85' lang='grc' dir='ltr'>νόσος,</span> <span class='ocrx_word' id='word_1_251' title='bbox 3351 2036 3387 2103; x_wconf 73' lang='grc' dir='ltr'><strong>ἢ</strong></span> <span class='ocrx_word' id='word_1_252' title='bbox 3440 2034 3620 2110; x_wconf 86' lang='grc' dir='ltr'>μελῶν</span> <span class='ocrx_word' id='word_1_253' title='bbox 3680 2035 3785 2100; x_wconf 77' lang='grc' dir='ltr'>πή-</span> 
     </span>
    </p>
   </div>
   <div class='ocr_carea' id='block_1_40' title="bbox 405 2120 2046 2206">
    <p class='ocr_par' dir='ltr' id='par_1_40' title="bbox 405 2120 2046 2206">
     <span class='ocr_line' id='line_1_40' title="bbox 405 2120 2046 2206; baseline 0.003 -23"><span class='ocrx_word' id='word_1_254' title='bbox 405 2121 539 2197; x_wconf 89' lang='lat' dir='ltr'><strong>bus,</strong></span> <span class='ocrx_word' id='word_1_255' title='bbox 574 2130 676 2184; x_wconf 89' lang='lat' dir='ltr'><strong>aut</strong></span> <span class='ocrx_word' id='word_1_256' title='bbox 708 2120 1116 2183; x_wconf 89' lang='lat' dir='ltr'><strong>membrorum</strong></span> <span class='ocrx_word' id='word_1_257' title='bbox 1154 2124 1443 2183; x_wconf 73' lang='lat' dir='ltr'><strong>mutilatio</strong></span> <span class='ocrx_word' id='word_1_258' title='bbox 1478 2125 2046 2206; x_wconf 85' lang='lat' dir='ltr'><strong>excrucians,eaque</strong></span> 
     </span>
    </p>
   </div>
   <div class='ocr_carea' id='block_1_41' title="bbox 405 2210 2058 2290">
    <p class='ocr_par' dir='ltr' id='par_1_41' title="bbox 405 2210 2058 2290">
     <span class='ocr_line' id='line_1_41' title="bbox 405 2210 2058 2290; baseline 0.001 -16"><span class='ocrx_word' id='word_1_259' title='bbox 405 2229 597 2281; x_wconf 88' lang='lat' dir='ltr'><strong>sacra,</strong></span> <span class='ocrx_word' id='word_1_260' title='bbox 645 2210 802 2290; x_wconf 91' lang='lat' dir='ltr'><strong>quod</strong></span> <span class='ocrx_word' id='word_1_261' title='bbox 866 2222 956 2271; x_wconf 82' lang='lat' dir='ltr'><strong>est</strong></span> <span class='ocrx_word' id='word_1_262' title='bbox 1015 2212 1451 2288; x_wconf 87' lang='lat' dir='ltr'><strong>gravissimum.</strong></span> <span class='ocrx_word' id='word_1_263' title='bbox 1515 2212 1593 2274; x_wconf 85' lang='lat' dir='ltr'><strong>Ea</strong></span> <span class='ocrx_word' id='word_1_264' title='bbox 1650 2217 1882 2276; x_wconf 88' lang='lat' dir='ltr'><strong>ratione</strong></span> <span class='ocrx_word' id='word_1_265' title='bbox 1931 2226 2058 2276; x_wconf 88' lang='lat' dir='ltr'><strong>erat</strong></span> 
     </span>
    </p>
   </div>
   <div class='ocr_carea' id='block_1_42' title="bbox 407 2300 2055 2383">
    <p class='ocr_par' dir='ltr' id='par_1_42' title="bbox 407 2300 2055 2383">
     <span class='ocr_line' id='line_1_42' title="bbox 407 2300 2055 2383; baseline 0.002 -21"><span class='ocrx_word' id='word_1_266' title='bbox 407 2303 586 2363; x_wconf 88' lang='lat' dir='ltr'><strong>etiam</strong></span> <span class='ocrx_word' id='word_1_267' title='bbox 621 2300 834 2361; x_wconf 89' lang='lat' dir='ltr'><strong>oculus</strong></span> <span class='ocrx_word' id='word_1_268' title='bbox 882 2300 1122 2380; x_wconf 88' lang='lat' dir='ltr'><strong>quidem</strong></span> <span class='ocrx_word' id='word_1_269' title='bbox 1157 2320 1477 2381; x_wconf 67' lang='lat' dir='ltr'><strong>caecorum,</strong></span> <span class='ocrx_word' id='word_1_270' title='bbox 1512 2321 1617 2383; x_wconf 87' lang='lat' dir='ltr'><strong>pes</strong></span> <span class='ocrx_word' id='word_1_271' title='bbox 1651 2323 1789 2365; x_wconf 83' lang='lat' dir='ltr'><strong>vero</strong></span> <span class='ocrx_word' id='word_1_272' title='bbox 1819 2305 2055 2367; x_wconf 85' lang='lat' dir='ltr'><strong>claudo-</strong></span> 
     </span>
    </p>
   </div>
   <div class='ocr_carea' id='block_1_43' title="bbox 403 2389 2053 2473">
    <p class='ocr_par' dir='ltr' id='par_1_43' title="bbox 403 2389 2053 2473">
     <span class='ocr_line' id='line_1_43' title="bbox 403 2389 2053 2473; baseline 0.003 -22"><span class='ocrx_word' id='word_1_273' title='bbox 403 2407 564 2466; x_wconf 89' lang='lat' dir='ltr'><strong>rum,</strong></span> <span class='ocrx_word' id='word_1_274' title='bbox 603 2389 1016 2451; x_wconf 87' lang='lat' dir='ltr'><strong>indumentum</strong></span> <span class='ocrx_word' id='word_1_275' title='bbox 1070 2400 1266 2452; x_wconf 90' lang='lat' dir='ltr'><strong>autem</strong></span> <span class='ocrx_word' id='word_1_276' title='bbox 1314 2395 1633 2465; x_wconf 86' lang='lat' dir='ltr'><strong>nudorum,</strong></span> <span class='ocrx_word' id='word_1_277' title='bbox 1686 2412 1919 2469; x_wconf 88' lang='lat' dir='ltr'><strong>eorum,</strong></span> <span class='ocrx_word' id='word_1_278' title='bbox 1954 2397 2053 2473; x_wconf 85' lang='lat' dir='ltr'><strong>qui</strong></span> 
     </span>
    </p>
   </div>
   <div class='ocr_carea' id='block_1_44' title="bbox 402 2477 2048 2559">
    <p class='ocr_par' dir='ltr' id='par_1_44' title="bbox 402 2477 2048 2559">
     <span class='ocr_line' id='line_1_44' title="bbox 402 2477 2048 2559; baseline 0.002 -20"><span class='ocrx_word' id='word_1_279' title='bbox 402 2486 562 2541; x_wconf 87' lang='lat' dir='ltr'><strong>tecto</strong></span> <span class='ocrx_word' id='word_1_280' title='bbox 596 2477 898 2553; x_wconf 89' lang='lat' dir='ltr'><strong>carebant,</strong></span> <span class='ocrx_word' id='word_1_281' title='bbox 928 2490 1722 2559; x_wconf 63' lang='lat' dir='ltr'><strong>tegumentumaegrutnrun:</strong></span> <span class='ocrx_word' id='word_1_282' title='bbox 1759 2485 2048 2557; x_wconf 70' lang='lat' dir='ltr'><strong>medicus,</strong></span> 
     </span>
    </p>
   </div>
   <div class='ocr_carea' id='block_1_45' title="bbox 399 2566 2052 2647">
    <p class='ocr_par' dir='ltr' id='par_1_45' title="bbox 399 2566 2052 2647">
     <span class='ocr_line' id='line_1_45' title="bbox 399 2566 2052 2647; baseline 0.002 -19"><span class='ocrx_word' id='word_1_283' title='bbox 399 2566 670 2647; x_wconf 84' lang='lat' dir='ltr'><strong>largitor,</strong></span> <span class='ocrx_word' id='word_1_284' title='bbox 704 2567 1082 2642; x_wconf 78' lang='lat' dir='ltr'><strong>administer,</strong></span> <span class='ocrx_word' id='word_1_285' title='bbox 1121 2570 1688 2643; x_wconf 76' lang='lat' dir='ltr'><strong>famulus;omnibus</strong></span> <span class='ocrx_word' id='word_1_286' title='bbox 1721 2575 1919 2634; x_wconf 85' lang='lat' dir='ltr'><strong>omnia</strong></span> <span class='ocrx_word' id='word_1_287' title='bbox 1940 2574 2052 2633; x_wconf 78' lang='lat' dir='ltr'><strong>fac-</strong></span> 
     </span>
    </p>
   </div>
   <div class='ocr_carea' id='block_1_46' title="bbox 407 2657 2049 2740">
    <p class='ocr_par' dir='ltr' id='par_1_46' title="bbox 407 2657 2049 2740">
     <span class='ocr_line' id='line_1_46' title="bbox 407 2657 2049 2740; baseline 0.002 -23"><span class='ocrx_word' id='word_1_288' title='bbox 407 2662 500 2717; x_wconf 91' lang='lat' dir='ltr'><strong>tus</strong></span> <span class='ocrx_word' id='word_1_289' title='bbox 521 2667 768 2738; x_wconf 91' lang='lat' dir='ltr'><strong>propter</strong></span> <span class='ocrx_word' id='word_1_290' title='bbox 786 2657 1178 2719; x_wconf 85' lang='lat' dir='ltr'><strong>excellentem</strong></span> <span class='ocrx_word' id='word_1_291' title='bbox 1212 2658 1666 2740; x_wconf 83' lang='lat' dir='ltr'><strong>benignitatem;</strong></span> <span class='ocrx_word' id='word_1_292' title='bbox 1702 2663 2049 2739; x_wconf 73' lang='lat' dir='ltr'><strong>sanguinem</strong></span> 
     </span>
    </p>
   </div>
   <div class='ocr_carea' id='block_1_47' title="bbox 410 2742 2053 2825">
    <p class='ocr_par' dir='ltr' id='par_1_47' title="bbox 410 2742 2053 2825">
     <span class='ocr_line' id='line_1_47' title="bbox 410 2742 2053 2825; baseline 0.003 -19"><span class='ocrx_word' id='word_1_293' title='bbox 410 2742 941 2819; x_wconf 80' lang='lat' dir='ltr'><strong>abluens,vulnera</strong></span> <span class='ocrx_word' id='word_1_294' title='bbox 965 2747 1284 2825; x_wconf 84' lang='lat' dir='ltr'><strong>inundans,</strong></span> <span class='ocrx_word' id='word_1_295' title='bbox 1320 2747 1483 2808; x_wconf 86' lang='lat' dir='ltr'><strong>labra</strong></span> <span class='ocrx_word' id='word_1_296' title='bbox 1513 2749 1838 2810; x_wconf 74' lang='lat' dir='ltr'><strong>admovens</strong></span> <span class='ocrx_word' id='word_1_297' title='bbox 1872 2749 2053 2811; x_wconf 80' lang='lat' dir='ltr'><strong>labris</strong></span> 
     </span>
    </p>
   </div>
   <div class='ocr_carea' id='block_1_48' title="bbox 402 2838 2048 2918">
    <p class='ocr_par' dir='ltr' id='par_1_48' title="bbox 402 2838 2048 2918">
     <span class='ocr_line' id='line_1_48' title="bbox 402 2838 2048 2918; baseline 0.003 -23"><span class='ocrx_word' id='word_1_298' title='bbox 402 2851 892 2915; x_wconf 89' lang='lat' dir='ltr'><strong>eorum,quorum</strong></span> <span class='ocrx_word' id='word_1_299' title='bbox 918 2844 1043 2897; x_wconf 89' lang='lat' dir='ltr'><strong>erat</strong></span> <span class='ocrx_word' id='word_1_300' title='bbox 1067 2854 1205 2898; x_wconf 91' lang='lat' dir='ltr'><strong>caro</strong></span> <span class='ocrx_word' id='word_1_301' title='bbox 1235 2838 1461 2917; x_wconf 86' lang='lat' dir='ltr'><strong>mutila,</strong></span> <span class='ocrx_word' id='word_1_302' title='bbox 1495 2847 1554 2898; x_wconf 92' lang='lat' dir='ltr'><strong>et</strong></span> <span class='ocrx_word' id='word_1_303' title='bbox 1583 2838 1662 2897; x_wconf 91' lang='lat' dir='ltr'><strong>ita</strong></span> <span class='ocrx_word' id='word_1_304' title='bbox 1680 2857 1788 2900; x_wconf 90' lang='lat' dir='ltr'><strong>eos</strong></span> <span class='ocrx_word' id='word_1_305' title='bbox 1807 2858 2048 2918; x_wconf 78' lang='lat' dir='ltr'><strong>sapien-</strong></span> 
     </span>
    </p>
   </div>
   <div class='ocr_carea' id='block_1_49' title="bbox 400 2925 2051 3006">
    <p class='ocr_par' dir='ltr' id='par_1_49' title="bbox 400 2925 2051 3006">
     <span class='ocr_line' id='line_1_49' title="bbox 400 2925 2051 3006; baseline 0.004 -22"><span class='ocrx_word' id='word_1_306' title='bbox 400 2932 491 2986; x_wconf 88' lang='lat' dir='ltr'><strong>ter</strong></span> <span class='ocrx_word' id='word_1_307' title='bbox 522 2925 837 2986; x_wconf 91' lang='lat' dir='ltr'><strong>consolans</strong></span> <span class='ocrx_word' id='word_1_308' title='bbox 869 2935 928 2987; x_wconf 90' lang='lat' dir='ltr'><strong>et</strong></span> <span class='ocrx_word' id='word_1_309' title='bbox 959 2926 1349 3006; x_wconf 85' lang='lat' dir='ltr'><strong>persuadens,</strong></span> <span class='ocrx_word' id='word_1_310' title='bbox 1378 2937 1439 2985; x_wconf 93' lang='lat' dir='ltr'><strong>ut</strong></span> <span class='ocrx_word' id='word_1_311' title='bbox 1474 2928 1775 2988; x_wconf 81' lang='lat' dir='ltr'><strong>moderate</strong></span> <span class='ocrx_word' id='word_1_312' title='bbox 1823 2928 2051 2991; x_wconf 79' lang='lat' dir='ltr'><strong>ferrent</strong></span> 
     </span>
    </p>
   </div>
   <div class='ocr_carea' id='block_1_50' title="bbox 401 3014 2046 3095">
    <p class='ocr_par' dir='ltr' id='par_1_50' title="bbox 401 3014 2046 3095">
     <span class='ocr_line' id='line_1_50' title="bbox 401 3014 2046 3095; baseline 0.002 -20"><span class='ocrx_word' id='word_1_313' title='bbox 401 3014 959 3083; x_wconf 88' lang='lat' dir='ltr'><strong>calamitatem,cum</strong></span> <span class='ocrx_word' id='word_1_314' title='bbox 986 3018 1208 3077; x_wconf 86' lang='lat' dir='ltr'><strong>scirent</strong></span> <span class='ocrx_word' id='word_1_315' title='bbox 1232 3017 1455 3090; x_wconf 89' lang='lat' dir='ltr'><strong>eos,qui</strong></span> <span class='ocrx_word' id='word_1_316' title='bbox 1479 3017 1853 3095; x_wconf 67' lang='lat' dir='ltr'><strong>sapiunLnon</strong></span> <span class='ocrx_word' id='word_1_317' title='bbox 1873 3022 2046 3080; x_wconf 86' lang='lat' dir='ltr'><strong>modo</strong></span> 
     </span>
    </p>
   </div>
   <div class='ocr_carea' id='block_1_51' title="bbox 2137 2120 3784 2204">
    <p class='ocr_par' dir='ltr' id='par_1_51' title="bbox 2137 2120 3784 2204">
     <span class='ocr_line' id='line_1_51' title="bbox 2137 2120 3784 2204; baseline -0.001 -24"><span class='ocrx_word' id='word_1_318' title='bbox 2137 2147 2297 2201; x_wconf 72' lang='grc' dir='ltr'>ρωσις</span> <span class='ocrx_word' id='word_1_319' title='bbox 2355 2126 2626 2204; x_wconf 76' lang='grc' dir='ltr'>τρύχουσα</span> <span class='ocrx_word' id='word_1_320' title='bbox 2657 2122 2743 2203; x_wconf 73' lang='grc' dir='ltr'>ἦν,</span> <span class='ocrx_word' id='word_1_321' title='bbox 2793 2128 2881 2182; x_wconf 83' lang='grc' dir='ltr'><strong>καὶ</strong></span> <span class='ocrx_word' id='word_1_322' title='bbox 2914 2128 3047 2195; x_wconf 69' lang='grc' dir='ltr'>αὕτη</span> <span class='ocrx_word' id='word_1_323' title='bbox 3092 2125 3154 2202; x_wconf 78' lang='grc' dir='ltr'>γέ</span> <span class='ocrx_word' id='word_1_324' title='bbox 3186 2127 3218 2193; x_wconf 79' lang='grc' dir='ltr'><strong>ἡ</strong></span> <span class='ocrx_word' id='word_1_325' title='bbox 3275 2126 3397 2202; x_wconf 78' lang='grc' dir='ltr'>ἱερὰ</span> <span class='ocrx_word' id='word_1_326' title='bbox 3429 2126 3491 2181; x_wconf 83' lang='grc' dir='ltr'>τὸ</span> <span class='ocrx_word' id='word_1_327' title='bbox 3556 2120 3784 2201; x_wconf 83' lang='grc' dir='ltr'>βαρύτα-</span> 
     </span>
    </p>
   </div>
   <div class='ocr_carea' id='block_1_52' title="bbox 2137 2212 3788 2294">
    <p class='ocr_par' dir='ltr' id='par_1_52' title="bbox 2137 2212 3788 2294">
     <span class='ocr_line' id='line_1_52' title="bbox 2137 2212 3788 2294; baseline -0.002 -24"><span class='ocrx_word' id='word_1_328' title='bbox 2137 2236 2251 2273; x_wconf 87' lang='grc' dir='ltr'>τον.</span> <span class='ocrx_word' id='word_1_329' title='bbox 2311 2215 2487 2289; x_wconf 80' lang='grc' dir='ltr'>Ταύτῃ</span> <span class='ocrx_word' id='word_1_330' title='bbox 2543 2235 2623 2269; x_wconf 87' lang='grc' dir='ltr'><strong>τοι</strong></span> <span class='ocrx_word' id='word_1_331' title='bbox 2674 2213 2768 2270; x_wconf 71' lang='grc' dir='ltr'><strong>καί</strong></span> <span class='ocrx_word' id='word_1_332' title='bbox 2814 2216 2882 2280; x_wconf 80' lang='grc' dir='ltr'>ἦν</span> <span class='ocrx_word' id='word_1_333' title='bbox 2931 2213 3201 2294; x_wconf 83' lang='grc' dir='ltr'>ὀφθαλμὸς</span> <span class='ocrx_word' id='word_1_334' title='bbox 3231 2215 3330 2289; x_wconf 81' lang='grc' dir='ltr'>μὲν</span> <span class='ocrx_word' id='word_1_335' title='bbox 3366 2212 3605 2292; x_wconf 76' lang='grc' dir='ltr'>τυφλῶν,</span> <span class='ocrx_word' id='word_1_336' title='bbox 3666 2216 3788 2273; x_wconf 81' lang='grc' dir='ltr'>ποῦς</span> 
     </span>
    </p>
   </div>
   <div class='ocr_carea' id='block_1_53' title="bbox 2137 2301 3783 2383">
    <p class='ocr_par' dir='ltr' id='par_1_53' title="bbox 2137 2301 3783 2383">
     <span class='ocr_line' id='line_1_53' title="bbox 2137 2301 3783 2383; baseline -0.002 -24"><span class='ocrx_word' id='word_1_337' title='bbox 2137 2301 2191 2359; x_wconf 80' lang='grc' dir='ltr'>δὲ</span> <span class='ocrx_word' id='word_1_338' title='bbox 2250 2303 2473 2383; x_wconf 72' lang='grc' dir='ltr'>χωλῶδ,</span> <span class='ocrx_word' id='word_1_339' title='bbox 2536 2305 2791 2383; x_wconf 80' lang='grc' dir='ltr'>ἀμφίασις</span> <span class='ocrx_word' id='word_1_340' title='bbox 2858 2305 3094 2380; x_wconf 75' lang='grc' dir='ltr'>γυμνῶν,</span> <span class='ocrx_word' id='word_1_341' title='bbox 3142 2304 3384 2381; x_wconf 75' lang='grc' dir='ltr'>ἀστέγων</span> <span class='ocrx_word' id='word_1_342' title='bbox 3436 2302 3640 2373; x_wconf 80' lang='grc' dir='ltr'>σκέπη,</span> <span class='ocrx_word' id='word_1_343' title='bbox 3695 2322 3783 2356; x_wconf 82' lang='grc' dir='ltr'>νο-</span> 
     </span>
    </p>
   </div>
   <div class='ocr_carea' id='block_1_54' title="bbox 2138 2390 3785 2472">
    <p class='ocr_par' dir='ltr' id='par_1_54' title="bbox 2138 2390 3785 2472">
     <span class='ocr_line' id='line_1_54' title="bbox 2138 2390 3785 2472; baseline -0.004 -23"><span class='ocrx_word' id='word_1_344' title='bbox 2138 2394 2370 2450; x_wconf 88' lang='grc' dir='ltr'>σούντων</span> <span class='ocrx_word' id='word_1_345' title='bbox 2427 2395 2626 2472; x_wconf 75' lang='grc' dir='ltr'>ἰατρὸς,</span> <span class='ocrx_word' id='word_1_346' title='bbox 2688 2396 2951 2472; x_wconf 81' lang='grc' dir='ltr'>χορηγὸς,</span> <span class='ocrx_word' id='word_1_347' title='bbox 3008 2394 3292 2469; x_wconf 79' lang='grc' dir='ltr'>ὑπουργὸς,</span> <span class='ocrx_word' id='word_1_348' title='bbox 3355 2390 3598 2465; x_wconf 74' lang='grc' dir='ltr'>οἰκέτης,</span> <span class='ocrx_word' id='word_1_349' title='bbox 3661 2395 3785 2445; x_wconf 83' lang='grc' dir='ltr'>πᾶσι</span> 
     </span>
    </p>
   </div>
   <div class='ocr_carea' id='block_1_55' title="bbox 2140 2480 3780 2560">
    <p class='ocr_par' dir='ltr' id='par_1_55' title="bbox 2140 2480 3780 2560">
     <span class='ocr_line' id='line_1_55' title="bbox 2140 2480 3780 2560; baseline -0.001 -22"><span class='ocrx_word' id='word_1_350' title='bbox 2140 2483 2311 2538; x_wconf 82' lang='grc' dir='ltr'>πάντα</span> <span class='ocrx_word' id='word_1_351' title='bbox 2356 2481 2437 2537; x_wconf 78' lang='grc' dir='ltr'><strong>διὰ</strong></span> <span class='ocrx_word' id='word_1_352' title='bbox 2494 2484 2555 2538; x_wconf 82' lang='grc' dir='ltr'>τὸ</span> <span class='ocrx_word' id='word_1_353' title='bbox 2598 2485 2784 2559; x_wconf 84' lang='grc' dir='ltr'>περιὸν</span> <span class='ocrx_word' id='word_1_354' title='bbox 2842 2487 2939 2548; x_wconf 75' lang='grc' dir='ltr'>τῆς</span> <span class='ocrx_word' id='word_1_355' title='bbox 3009 2480 3408 2560; x_wconf 68' lang='grc' dir='ltr'>φιλανθρωπίας</span> <span class='ocrx_word' id='word_1_356' title='bbox 3477 2480 3780 2558; x_wconf 79' lang='grc' dir='ltr'>γενόμενος,</span> 
     </span>
    </p>
   </div>
   <div class='ocr_carea' id='block_1_56' title="bbox 2136 2570 3779 2650">
    <p class='ocr_par' dir='ltr' id='par_1_56' title="bbox 2136 2570 3779 2650">
     <span class='ocr_line' id='line_1_56' title="bbox 2136 2570 3779 2650; baseline -0.002 -23"><span class='ocrx_word' id='word_1_357' title='bbox 2136 2571 2344 2644; x_wconf 64' lang='grc' dir='ltr'>αἵματα</span> <span class='ocrx_word' id='word_1_358' title='bbox 2408 2571 2637 2645; x_wconf 78' lang='grc' dir='ltr'>πλύνων,</span> <span class='ocrx_word' id='word_1_359' title='bbox 2698 2572 2936 2648; x_wconf 85' lang='grc' dir='ltr'>τρύματα</span> <span class='ocrx_word' id='word_1_360' title='bbox 3005 2572 3315 2647; x_wconf 74' lang='grc' dir='ltr'>καθαίρων,</span> <span class='ocrx_word' id='word_1_361' title='bbox 3377 2570 3546 2650; x_wconf 83' lang='grc' dir='ltr'>χείλη</span> <span class='ocrx_word' id='word_1_362' title='bbox 3617 2588 3779 2646; x_wconf 80' lang='grc' dir='ltr'>προσ-</span> 
     </span>
    </p>
   </div>
   <div class='ocr_carea' id='block_1_57' title="bbox 2135 2656 3781 2739">
    <p class='ocr_par' dir='ltr' id='par_1_57' title="bbox 2135 2656 3781 2739">
     <span class='ocr_line' id='line_1_57' title="bbox 2135 2656 3781 2739; baseline -0.004 -23"><span class='ocrx_word' id='word_1_363' title='bbox 2135 2661 2283 2735; x_wconf 86' lang='grc' dir='ltr'>άγων</span> <span class='ocrx_word' id='word_1_364' title='bbox 2354 2660 2562 2739; x_wconf 84' lang='grc' dir='ltr'>χείλεσι</span> <span class='ocrx_word' id='word_1_365' title='bbox 2629 2668 2735 2715; x_wconf 87' lang='grc' dir='ltr'><strong>τῶν</strong></span> <span class='ocrx_word' id='word_1_366' title='bbox 2790 2660 2889 2726; x_wconf 70' lang='grc' dir='ltr'>τὴν</span> <span class='ocrx_word' id='word_1_367' title='bbox 2974 2660 3140 2737; x_wconf 84' lang='grc' dir='ltr'>σάρκα</span> <span class='ocrx_word' id='word_1_368' title='bbox 3211 2657 3634 2735; x_wconf 78' lang='grc' dir='ltr'>λελωϐημένων,</span> <span class='ocrx_word' id='word_1_369' title='bbox 3693 2656 3781 2712; x_wconf 75' lang='grc' dir='ltr'><strong>καί</strong></span> 
     </span>
    </p>
   </div>
   <div class='ocr_carea' id='block_1_58' title="bbox 2137 2746 3780 2826">
    <p class='ocr_par' dir='ltr' id='par_1_58' title="bbox 2137 2746 3780 2826">
     <span class='ocr_line' id='line_1_58' title="bbox 2137 2746 3780 2826; baseline -0.002 -23"><span class='ocrx_word' id='word_1_370' title='bbox 2137 2748 2275 2804; x_wconf 74' lang='grc' dir='ltr'>οὕτω</span> <span class='ocrx_word' id='word_1_371' title='bbox 2358 2749 2473 2804; x_wconf 79' lang='grc' dir='ltr'>λίαν</span> <span class='ocrx_word' id='word_1_372' title='bbox 2558 2756 2734 2826; x_wconf 78' lang='grc' dir='ltr'>σοφῶς</span> <span class='ocrx_word' id='word_1_373' title='bbox 2822 2749 3051 2811; x_wconf 75' lang='grc' dir='ltr'>ἐκείνως</span> <span class='ocrx_word' id='word_1_374' title='bbox 3136 2748 3635 2824; x_wconf 79' lang='grc' dir='ltr'>παραμυθούμενος,</span> <span class='ocrx_word' id='word_1_375' title='bbox 3700 2746 3780 2801; x_wconf 84' lang='grc' dir='ltr'><strong>καὶ</strong></span> 
     </span>
    </p>
   </div>
   <div class='ocr_carea' id='block_1_59' title="bbox 2134 2838 3782 2917">
    <p class='ocr_par' dir='ltr' id='par_1_59' title="bbox 2134 2838 3782 2917">
     <span class='ocr_line' id='line_1_59' title="bbox 2134 2838 3782 2917; baseline -0.004 -23"><span class='ocrx_word' id='word_1_376' title='bbox 2134 2838 2328 2894; x_wconf 90' lang='grc' dir='ltr'>πείθων</span> <span class='ocrx_word' id='word_1_377' title='bbox 2390 2839 2571 2912; x_wconf 74' lang='grc' dir='ltr'>πρᾴως</span> <span class='ocrx_word' id='word_1_378' title='bbox 2642 2839 2817 2917; x_wconf 68' lang='grc' dir='ltr'>φέρειν</span> <span class='ocrx_word' id='word_1_379' title='bbox 2872 2838 2972 2904; x_wconf 53' lang='grc' dir='ltr'>τὴν</span> <span class='ocrx_word' id='word_1_380' title='bbox 3032 2838 3305 2914; x_wconf 74' lang='grc' dir='ltr'>συμφορὰν</span> <span class='ocrx_word' id='word_1_381' title='bbox 3374 2842 3452 2909; x_wconf 80' lang='grc' dir='ltr'>τῷ</span> <span class='ocrx_word' id='word_1_382' title='bbox 3507 2844 3782 2913; x_wconf 81' lang='grc' dir='ltr'>γινώσκειν</span> 
     </span>
    </p>
   </div>
   <div class='ocr_carea' id='block_1_60' title="bbox 2133 2921 3781 3004">
    <p class='ocr_par' dir='ltr' id='par_1_60' title="bbox 2133 2921 3781 3004">
     <span class='ocr_line' id='line_1_60' title="bbox 2133 2921 3781 3004; baseline -0.002 -22"><span class='ocrx_word' id='word_1_383' title='bbox 2133 2928 2350 2989; x_wconf 81' lang='grc' dir='ltr'>ἑαυτοὺς</span> <span class='ocrx_word' id='word_1_384' title='bbox 2424 2928 2507 2983; x_wconf 83' lang='grc' dir='ltr'>ὅτι</span> <span class='ocrx_word' id='word_1_385' title='bbox 2560 2929 2638 3002; x_wconf 80' lang='grc' dir='ltr'>μὴ</span> <span class='ocrx_word' id='word_1_386' title='bbox 2708 2929 2868 3001; x_wconf 82' lang='grc' dir='ltr'>μόνον</span> <span class='ocrx_word' id='word_1_387' title='bbox 2946 2926 3042 2982; x_wconf 74' lang='grc' dir='ltr'><strong>οὒκ</strong></span> <span class='ocrx_word' id='word_1_388' title='bbox 3113 2928 3463 3004; x_wconf 59' lang='grc' dir='ltr'>ἀποστροσρης</span> <span class='ocrx_word' id='word_1_389' title='bbox 3528 2923 3664 2990; x_wconf 77' lang='grc' dir='ltr'>ἄξιοι</span> <span class='ocrx_word' id='word_1_390' title='bbox 3717 2921 3781 2979; x_wconf 83' lang='grc' dir='ltr'>δι’</span> 
     </span>
    </p>
   </div>
   <div class='ocr_carea' id='block_1_61' title="bbox 2132 3012 3781 3096">
    <p class='ocr_par' dir='ltr' id='par_1_61' title="bbox 2132 3012 3781 3096">
     <span class='ocr_line' id='line_1_61' title="bbox 2132 3012 3781 3096; baseline -0.002 -25"><span class='ocrx_word' id='word_1_391' title='bbox 2132 3016 2164 3071; x_wconf 81' lang='grc' dir='ltr'>ἃ</span> <span class='ocrx_word' id='word_1_392' title='bbox 2208 3018 2477 3096; x_wconf 72' lang='grc' dir='ltr'>πάσχωσι</span> <span class='ocrx_word' id='word_1_393' title='bbox 2539 3025 2795 3094; x_wconf 67' lang='grc' dir='ltr'>γίνονται,</span> <span class='ocrx_word' id='word_1_394' title='bbox 2844 3014 2979 3072; x_wconf 82' lang='grc' dir='ltr'>ἀλλὰ</span> <span class='ocrx_word' id='word_1_395' title='bbox 3036 3018 3124 3072; x_wconf 85' lang='grc' dir='ltr'><strong>καὶ</strong></span> <span class='ocrx_word' id='word_1_396' title='bbox 3168 3023 3522 3091; x_wconf 70' lang='grc' dir='ltr'>μακαρισμοῦ</span> <span class='ocrx_word' id='word_1_397' title='bbox 3586 3012 3781 3088; x_wconf 81' lang='grc' dir='ltr'>μᾶλλον</span> 
     </span>
    </p>
   </div>
   <div class='ocr_carea' id='block_1_62' title="bbox 400 3103 2048 3185">
    <p class='ocr_par' dir='ltr' id='par_1_62' title="bbox 400 3104 2048 3184">
     <span class='ocr_line' id='line_1_62' title="bbox 400 3104 2048 3184; baseline 0.003 -20"><span class='ocrx_word' id='word_1_398' title='bbox 400 3104 566 3184; x_wconf 90' lang='lat' dir='ltr'><strong>ipsos</strong></span> <span class='ocrx_word' id='word_1_399' title='bbox 598 3124 719 3166; x_wconf 89' lang='lat' dir='ltr'><strong>non</strong></span> <span class='ocrx_word' id='word_1_400' title='bbox 742 3104 1138 3177; x_wconf 77' lang='lat' dir='ltr'><strong>aversari,se(l</strong></span> <span class='ocrx_word' id='word_1_401' title='bbox 1168 3122 1272 3166; x_wconf 90' lang='lat' dir='ltr'><strong>eos</strong></span> <span class='ocrx_word' id='word_1_402' title='bbox 1300 3111 1492 3183; x_wconf 89' lang='lat' dir='ltr'><strong>potius</strong></span> <span class='ocrx_word' id='word_1_403' title='bbox 1511 3106 1719 3168; x_wconf 86' lang='lat' dir='ltr'><strong>beatos</strong></span> <span class='ocrx_word' id='word_1_404' title='bbox 1749 3107 1971 3168; x_wconf 90' lang='lat' dir='ltr'><strong>ducere</strong></span> <span class='ocrx_word' id='word_1_405' title='bbox 1992 3119 2048 3169; x_wconf 90' lang='lat' dir='ltr'><strong>et</strong></span> 
     </span>
    </p>
   </div>
   <div class='ocr_carea' id='block_1_63' title="bbox 2134 3103 3779 3185">
    <p class='ocr_par' dir='ltr' id='par_1_63' title="bbox 2134 3103 3779 3185">
     <span class='ocr_line' id='line_1_63' title="bbox 2134 3103 3779 3185; baseline -0.002 -24"><span class='ocrx_word' id='word_1_406' title='bbox 2134 3106 2227 3161; x_wconf 75' lang='grc' dir='ltr'>καῖ</span> <span class='ocrx_word' id='word_1_407' title='bbox 2292 3106 2575 3180; x_wconf 76' lang='grc' dir='ltr'>ἀσπασμοῦ</span> <span class='ocrx_word' id='word_1_408' title='bbox 2605 3118 2720 3169; x_wconf 79' lang='grc' dir='ltr'>τοῖς</span> <span class='ocrx_word' id='word_1_409' title='bbox 2778 3129 2837 3182; x_wconf 93' lang='grc' dir='ltr'><strong>γε</strong></span> <span class='ocrx_word' id='word_1_410' title='bbox 2883 3113 3003 3161; x_wconf 79' lang='grc' dir='ltr'>νοῦν</span> <span class='ocrx_word' id='word_1_411' title='bbox 3034 3105 3276 3185; x_wconf 76' lang='grc' dir='ltr'>ἔχουσιν,</span> <span class='ocrx_word' id='word_1_412' title='bbox 3327 3107 3403 3163; x_wconf 78' lang='grc' dir='ltr'>Ού</span> <span class='ocrx_word' id='word_1_413' title='bbox 3451 3106 3550 3179; x_wconf 81' lang='grc' dir='ltr'>μὲν</span> <span class='ocrx_word' id='word_1_414' title='bbox 3607 3103 3779 3159; x_wconf 80' lang='grc' dir='ltr'>παθὼν</span> 
     </span>
    </p>
   </div>
   <div class='ocr_carea' id='block_1_64' title="bbox 400 3193 2048 3274">
    <p class='ocr_par' dir='ltr' id='par_1_64' title="bbox 400 3193 2048 3274">
     <span class='ocr_line' id='line_1_64' title="bbox 400 3193 2048 3274; baseline 0.001 -19"><span class='ocrx_word' id='word_1_415' title='bbox 400 3194 702 3274; x_wconf 87' lang='lat' dir='ltr'><strong>amplecti.</strong></span> <span class='ocrx_word' id='word_1_416' title='bbox 740 3193 868 3256; x_wconf 87' lang='lat' dir='ltr'><strong>Non</strong></span> <span class='ocrx_word' id='word_1_417' title='bbox 903 3207 1100 3255; x_wconf 89' lang='lat' dir='ltr'><strong>autem</strong></span> <span class='ocrx_word' id='word_1_418' title='bbox 1127 3213 1193 3255; x_wconf 92' lang='lat' dir='ltr'><strong>se</strong></span> <span class='ocrx_word' id='word_1_419' title='bbox 1230 3196 1493 3274; x_wconf 89' lang='lat' dir='ltr'><strong>superbe</strong></span> <span class='ocrx_word' id='word_1_420' title='bbox 1517 3204 1577 3256; x_wconf 91' lang='lat' dir='ltr'><strong>et</strong></span> <span class='ocrx_word' id='word_1_421' title='bbox 1611 3197 1932 3258; x_wconf 87' lang='lat' dir='ltr'><strong>inhumane</strong></span> <span class='ocrx_word' id='word_1_422' title='bbox 1955 3218 2048 3274; x_wconf 71' lang='lat' dir='ltr'><strong>ge-</strong></span> 
     </span>
    </p>
   </div>
   <div class='ocr_carea' id='block_1_65' title="bbox 398 3284 2047 3364">
    <p class='ocr_par' dir='ltr' id='par_1_65' title="bbox 398 3284 2047 3364">
     <span class='ocr_line' id='line_1_65' title="bbox 398 3284 2047 3364; baseline 0.002 -19"><span class='ocrx_word' id='word_1_423' title='bbox 398 3302 566 3360; x_wconf 87' lang='lat' dir='ltr'><strong>rens,</strong></span> <span class='ocrx_word' id='word_1_424' title='bbox 587 3292 649 3345; x_wconf 90' lang='lat' dir='ltr'><strong>ut</strong></span> <span class='ocrx_word' id='word_1_425' title='bbox 671 3284 1031 3364; x_wconf 89' lang='lat' dir='ltr'><strong>complures,</strong></span> <span class='ocrx_word' id='word_1_426' title='bbox 1061 3303 1209 3364; x_wconf 89' lang='lat' dir='ltr'><strong>quos</strong></span> <span class='ocrx_word' id='word_1_427' title='bbox 1231 3302 1363 3344; x_wconf 89' lang='lat' dir='ltr'><strong>cum</strong></span> <span class='ocrx_word' id='word_1_428' title='bbox 1391 3289 2047 3353; x_wconf 82' lang='lat' dir='ltr'><strong>oporteretmiserando</strong></span> 
     </span>
    </p>
   </div>
   <div class='ocr_carea' id='block_1_66' title="bbox 397 3372 2047 3450">
    <p class='ocr_par' dir='ltr' id='par_1_66' title="bbox 397 3372 2047 3450">
     <span class='ocr_line' id='line_1_66' title="bbox 397 3372 2047 3450; baseline 0.003 -18"><span class='ocrx_word' id='word_1_429' title='bbox 397 3372 637 3448; x_wconf 81' lang='lat' dir='ltr'><strong>fratres,</strong></span> <span class='ocrx_word' id='word_1_430' title='bbox 669 3373 775 3435; x_wconf 87' lang='lat' dir='ltr'><strong>Dei</strong></span> <span class='ocrx_word' id='word_1_431' title='bbox 812 3373 925 3434; x_wconf 88' lang='lat' dir='ltr'><strong>sibi</strong></span> <span class='ocrx_word' id='word_1_432' title='bbox 965 3373 1297 3434; x_wconf 73' lang='lat' dir='ltr'><strong>conciliate</strong></span> <span class='ocrx_word' id='word_1_433' title='bbox 1350 3374 1772 3450; x_wconf 73' lang='lat' dir='ltr'><strong>benignitatem</strong></span> <span class='ocrx_word' id='word_1_434' title='bbox 1818 3388 1873 3436; x_wconf 87' lang='lat' dir='ltr'><strong>et</strong></span> <span class='ocrx_word' id='word_1_435' title='bbox 1920 3380 2047 3437; x_wconf 82' lang='lat' dir='ltr'><strong>(le-</strong></span> 
     </span>
    </p>
   </div>
   <div class='ocr_carea' id='block_1_67' title="bbox 399 3461 2045 3541">
    <p class='ocr_par' dir='ltr' id='par_1_67' title="bbox 399 3461 2045 3541">
     <span class='ocr_line' id='line_1_67' title="bbox 399 3461 2045 3541; baseline 0.001 -19"><span class='ocrx_word' id='word_1_436' title='bbox 399 3462 808 3537; x_wconf 87' lang='lat' dir='ltr'><strong>mentiam,il|i</strong></span> <span class='ocrx_word' id='word_1_437' title='bbox 830 3465 892 3541; x_wconf 87' lang='lat'>(0</span> <span class='ocrx_word' id='word_1_438' title='bbox 918 3461 1473 3533; x_wconf 75' lang='lat' dir='ltr'><strong>inhumanitatem!)</strong></span> <span class='ocrx_word' id='word_1_439' title='bbox 1505 3465 1653 3525; x_wconf 91' lang='lat' dir='ltr'><strong>adeo</strong></span> <span class='ocrx_word' id='word_1_440' title='bbox 1677 3477 1812 3525; x_wconf 90' lang='lat' dir='ltr'><strong>sunt</strong></span> <span class='ocrx_word' id='word_1_441' title='bbox 1834 3468 1966 3527; x_wconf 88' lang='lat' dir='ltr'><strong>elati</strong></span> <span class='ocrx_word' id='word_1_442' title='bbox 1991 3476 2045 3527; x_wconf 90' lang='lat' dir='ltr'><strong>et</strong></span> 
     </span>
    </p>
   </div>
   <div class='ocr_carea' id='block_1_68' title="bbox 397 3551 2045 3628">
    <p class='ocr_par' dir='ltr' id='par_1_68' title="bbox 397 3551 2045 3628">
     <span class='ocr_line' id='line_1_68' title="bbox 397 3551 2045 3628; baseline 0.002 -17"><span class='ocrx_word' id='word_1_443' title='bbox 397 3551 673 3612; x_wconf 88' lang='lat' dir='ltr'><strong>sublimis</strong></span> <span class='ocrx_word' id='word_1_444' title='bbox 708 3551 919 3621; x_wconf 88' lang='lat' dir='ltr'><strong>animi,</strong></span> <span class='ocrx_word' id='word_1_445' title='bbox 947 3560 1049 3611; x_wconf 88' lang='lat' dir='ltr'><strong>aut</strong></span> <span class='ocrx_word' id='word_1_446' title='bbox 1105 3552 1192 3628; x_wconf 89' lang='lat' dir='ltr'><strong>(ut</strong></span> <span class='ocrx_word' id='word_1_447' title='bbox 1234 3570 1433 3612; x_wconf 83' lang='lat' dir='ltr'><strong>verius</strong></span> <span class='ocrx_word' id='word_1_448' title='bbox 1469 3555 1684 3628; x_wconf 81' lang='lat' dir='ltr'><strong>(licam)</strong></span> <span class='ocrx_word' id='word_1_449' title='bbox 1741 3555 1919 3614; x_wconf 90' lang='lat' dir='ltr'><strong>nimis</strong></span> <span class='ocrx_word' id='word_1_450' title='bbox 1956 3556 2045 3615; x_wconf 83' lang='lat' dir='ltr'><strong>sui</strong></span> 
     </span>
    </p>
   </div>
   <div class='ocr_carea' id='block_1_69' title="bbox 398 3639 2047 3719">
    <p class='ocr_par' dir='ltr' id='par_1_69' title="bbox 398 3639 2047 3719">
     <span class='ocr_line' id='line_1_69' title="bbox 398 3639 2047 3719; baseline 0.003 -20"><span class='ocrx_word' id='word_1_451' title='bbox 398 3647 895 3719; x_wconf 88' lang='lat' dir='ltr'><strong>amantes,ettam</strong></span> <span class='ocrx_word' id='word_1_452' title='bbox 928 3639 1129 3718; x_wconf 86' lang='lat' dir='ltr'><strong>pusilli</strong></span> <span class='ocrx_word' id='word_1_453' title='bbox 1152 3652 1208 3700; x_wconf 89' lang='lat' dir='ltr'><strong>et</strong></span> <span class='ocrx_word' id='word_1_454' title='bbox 1237 3641 1456 3715; x_wconf 55' lang='lat' dir='ltr'><strong>ab,ecti</strong></span> <span class='ocrx_word' id='word_1_455' title='bbox 1489 3644 1772 3715; x_wconf 86' lang='lat' dir='ltr'><strong>animi,ut</strong></span> <span class='ocrx_word' id='word_1_456' title='bbox 1807 3663 1921 3703; x_wconf 87' lang='lat' dir='ltr'><strong>non</strong></span> <span class='ocrx_word' id='word_1_457' title='bbox 1956 3666 2047 3704; x_wconf 87' lang='lat' dir='ltr'><strong>so-</strong></span> 
     </span>
    </p>
   </div>
   <div class='ocr_carea' id='block_1_70' title="bbox 396 3727 2043 3803">
    <p class='ocr_par' dir='ltr' id='par_1_70' title="bbox 396 3727 2043 3803">
     <span class='ocr_line' id='line_1_70' title="bbox 396 3727 2043 3803; baseline 0.004 -16"><span class='ocrx_word' id='word_1_458' title='bbox 396 3728 517 3788; x_wconf 92' lang='lat' dir='ltr'><strong>lum</strong></span> <span class='ocrx_word' id='word_1_459' title='bbox 553 3747 655 3789; x_wconf 91' lang='lat' dir='ltr'><strong>eos</strong></span> <span class='ocrx_word' id='word_1_460' title='bbox 685 3747 803 3789; x_wconf 89' lang='lat' dir='ltr'><strong>non</strong></span> <span class='ocrx_word' id='word_1_461' title='bbox 838 3727 1172 3803; x_wconf 88' lang='lat' dir='ltr'><strong>admittant,</strong></span> <span class='ocrx_word' id='word_1_462' title='bbox 1204 3736 1304 3790; x_wconf 57' lang='lat' dir='ltr'><strong>sect</strong></span> <span class='ocrx_word' id='word_1_463' title='bbox 1337 3749 1440 3789; x_wconf 87' lang='lat' dir='ltr'><strong>eos</strong></span> <span class='ocrx_word' id='word_1_464' title='bbox 1486 3732 1659 3791; x_wconf 85' lang='lat' dir='ltr'><strong>etiam</strong></span> <span class='ocrx_word' id='word_1_465' title='bbox 1695 3734 1896 3793; x_wconf 85' lang='lat' dir='ltr'><strong>videre</strong></span> <span class='ocrx_word' id='word_1_466' title='bbox 1927 3754 2043 3794; x_wconf 88' lang='lat' dir='ltr'><strong>non</strong></span> 
     </span>
    </p>
   </div>
   <div class='ocr_carea' id='block_1_71' title="bbox 397 3815 2039 3896">
    <p class='ocr_par' dir='ltr' id='par_1_71' title="bbox 397 3815 2039 3896">
     <span class='ocr_line' id='line_1_71' title="bbox 397 3815 2039 3896; baseline 0.003 -18"><span class='ocrx_word' id='word_1_467' title='bbox 397 3815 684 3878; x_wconf 89' lang='lat' dir='ltr'><strong>inducant</strong></span> <span class='ocrx_word' id='word_1_468' title='bbox 705 3817 764 3877; x_wconf 90' lang='lat' dir='ltr'><strong>in</strong></span> <span class='ocrx_word' id='word_1_469' title='bbox 795 3817 1058 3877; x_wconf 88' lang='lat' dir='ltr'><strong>animum</strong></span> <span class='ocrx_word' id='word_1_470' title='bbox 1088 3838 1100 3878; x_wconf 90' lang='lat'><strong>:</strong></span> <span class='ocrx_word' id='word_1_471' title='bbox 1140 3818 1410 3896; x_wconf 88' lang='lat' dir='ltr'><strong>perinde,</strong></span> <span class='ocrx_word' id='word_1_472' title='bbox 1439 3837 1505 3879; x_wconf 84' lang='lat' dir='ltr'><strong>ac</strong></span> <span class='ocrx_word' id='word_1_473' title='bbox 1532 3822 1579 3879; x_wconf 82' lang='lat' dir='ltr'><strong>si</strong></span> <span class='ocrx_word' id='word_1_474' title='bbox 1603 3822 1794 3881; x_wconf 87' lang='lat' dir='ltr'><strong>nolint</strong></span> <span class='ocrx_word' id='word_1_475' title='bbox 1831 3824 2039 3883; x_wconf 83' lang='lat' dir='ltr'><strong>memi-</strong></span> 
     </span>
    </p>
   </div>
   <div class='ocr_carea' id='block_1_72' title="bbox 396 3904 2043 3987">
    <p class='ocr_par' dir='ltr' id='par_1_72' title="bbox 396 3904 2043 3987">
     <span class='ocr_line' id='line_1_72' title="bbox 396 3904 2043 3987; baseline 0.004 -21"><span class='ocrx_word' id='word_1_476' title='bbox 396 3905 560 3966; x_wconf 86' lang='lat' dir='ltr'><strong>nisse</strong></span> <span class='ocrx_word' id='word_1_477' title='bbox 591 3923 784 3985; x_wconf 90' lang='lat' dir='ltr'><strong>neque</strong></span> <span class='ocrx_word' id='word_1_478' title='bbox 806 3904 1051 3964; x_wconf 90' lang='lat' dir='ltr'><strong>omnino</strong></span> <span class='ocrx_word' id='word_1_479' title='bbox 1076 3916 1255 3973; x_wconf 82' lang='lat' dir='ltr'><strong>scire,</strong></span> <span class='ocrx_word' id='word_1_480' title='bbox 1285 3909 1441 3984; x_wconf 86' lang='lat' dir='ltr'><strong>quod</strong></span> <span class='ocrx_word' id='word_1_481' title='bbox 1473 3909 1617 3984; x_wconf 82' lang='lat' dir='ltr'><strong>ipsis</strong></span> <span class='ocrx_word' id='word_1_482' title='bbox 1639 3929 1875 3987; x_wconf 90' lang='lat' dir='ltr'><strong>quoque</strong></span> <span class='ocrx_word' id='word_1_483' title='bbox 1907 3924 2043 3973; x_wconf 89' lang='lat' dir='ltr'><strong>sunt</strong></span> 
     </span>
    </p>
   </div>
   <div class='ocr_carea' id='block_1_73' title="bbox 396 3994 2041 4074">
    <p class='ocr_par' dir='ltr' id='par_1_73' title="bbox 396 3994 2041 4074">
     <span class='ocr_line' id='line_1_73' title="bbox 396 3994 2041 4074; baseline 0.005 -19"><span class='ocrx_word' id='word_1_484' title='bbox 396 4011 609 4056; x_wconf 88' lang='lat' dir='ltr'><strong>carnes</strong></span> <span class='ocrx_word' id='word_1_485' title='bbox 640 3994 925 4074; x_wconf 62' lang='lat' dir='ltr'><strong>subjecta;</strong></span> <span class='ocrx_word' id='word_1_486' title='bbox 956 3994 1172 4055; x_wconf 86' lang='lat' dir='ltr'><strong>talibus</strong></span> <span class='ocrx_word' id='word_1_487' title='bbox 1196 3995 1636 4058; x_wconf 75' lang='lat' dir='ltr'><strong>all&#39;eclionilius.</strong></span> <span class='ocrx_word' id='word_1_488' title='bbox 1671 4000 1783 4059; x_wconf 86' lang='lat' dir='ltr'><strong>Sed</strong></span> <span class='ocrx_word' id='word_1_489' title='bbox 1822 4019 1936 4060; x_wconf 93' lang='lat' dir='ltr'><strong>non</strong></span> <span class='ocrx_word' id='word_1_490' title='bbox 1956 4003 2041 4064; x_wconf 89' lang='lat' dir='ltr'><strong>sic</strong></span> 
     </span>
    </p>
   </div>
   <div class='ocr_carea' id='block_1_74' title="bbox 394 4081 2038 4168">
    <p class='ocr_par' dir='ltr' id='par_1_74' title="bbox 394 4081 2038 4168">
     <span class='ocr_line' id='line_1_74' title="bbox 394 4081 2038 4168; baseline 0.004 -23"><span class='ocrx_word' id='word_1_491' title='bbox 394 4083 493 4146; x_wconf 87' lang='lat' dir='ltr'><strong>hic</strong></span> <span class='ocrx_word' id='word_1_492' title='bbox 524 4082 755 4158; x_wconf 87' lang='lat' dir='ltr'><strong>beatus,</strong></span> <span class='ocrx_word' id='word_1_493' title='bbox 791 4082 895 4144; x_wconf 89' lang='lat' dir='ltr'><strong>sed</strong></span> <span class='ocrx_word' id='word_1_494' title='bbox 927 4081 1036 4142; x_wconf 83' lang='lat' dir='ltr'><strong>fuit</strong></span> <span class='ocrx_word' id='word_1_495' title='bbox 1069 4101 1279 4159; x_wconf 86' lang='lat' dir='ltr'><strong>magno</strong></span> <span class='ocrx_word' id='word_1_496' title='bbox 1342 4084 1507 4154; x_wconf 87' lang='lat' dir='ltr'><strong>(sicut</strong></span> <span class='ocrx_word' id='word_1_497' title='bbox 1543 4087 1823 4167; x_wconf 84' lang='lat' dir='ltr'><strong>diximus)</strong></span> <span class='ocrx_word' id='word_1_498' title='bbox 1860 4100 1914 4150; x_wconf 89' lang='lat' dir='ltr'><strong>et</strong></span> <span class='ocrx_word' id='word_1_499' title='bbox 1944 4109 2038 4168; x_wconf 85' lang='lat' dir='ltr'><strong>ge-</strong></span> 
     </span>
    </p>
   </div>
   <div class='ocr_carea' id='block_1_75' title="bbox 391 4172 2040 4253">
    <p class='ocr_par' dir='ltr' id='par_1_75' title="bbox 391 4172 2040 4253">
     <span class='ocr_line' id='line_1_75' title="bbox 391 4172 2040 4253; baseline 0.004 -19"><span class='ocrx_word' id='word_1_500' title='bbox 391 4190 608 4235; x_wconf 91' lang='lat' dir='ltr'><strong>neroso</strong></span> <span class='ocrx_word' id='word_1_501' title='bbox 638 4175 863 4235; x_wconf 90' lang='lat' dir='ltr'><strong>animo.</strong></span> <span class='ocrx_word' id='word_1_502' title='bbox 899 4172 971 4234; x_wconf 88' lang='lat' dir='ltr'><strong>Et</strong></span> <span class='ocrx_word' id='word_1_503' title='bbox 1003 4186 1142 4232; x_wconf 85' lang='lat' dir='ltr'><strong>sunt</strong></span> <span class='ocrx_word' id='word_1_504' title='bbox 1173 4172 1352 4250; x_wconf 88' lang='lat' dir='ltr'><strong>hujus</strong></span> <span class='ocrx_word' id='word_1_505' title='bbox 1379 4174 1620 4253; x_wconf 79' lang='lat' dir='ltr'><strong>quidem</strong></span> <span class='ocrx_word' id='word_1_506' title='bbox 1680 4178 1846 4237; x_wconf 87' lang='lat' dir='ltr'><strong>multi</strong></span> <span class='ocrx_word' id='word_1_507' title='bbox 1882 4180 2040 4242; x_wconf 88' lang='lat' dir='ltr'><strong>oculi</strong></span> 
     </span>
    </p>
   </div>
   <div class='ocr_carea' id='block_1_76' title="bbox 393 4262 2039 4343">
    <p class='ocr_par' dir='ltr' id='par_1_76' title="bbox 393 4262 2039 4343">
     <span class='ocr_line' id='line_1_76' title="bbox 393 4262 2039 4343; baseline 0.005 -20"><span class='ocrx_word' id='word_1_508' title='bbox 393 4271 623 4325; x_wconf 91' lang='lat' dir='ltr'><strong>testes:</strong></span> <span class='ocrx_word' id='word_1_509' title='bbox 680 4262 933 4324; x_wconf 85' lang='lat' dir='ltr'><strong>maxime</strong></span> <span class='ocrx_word' id='word_1_510' title='bbox 963 4270 1158 4321; x_wconf 85' lang='lat' dir='ltr'><strong>autem</strong></span> <span class='ocrx_word' id='word_1_511' title='bbox 1211 4280 1278 4322; x_wconf 83' lang='lat' dir='ltr'><strong>ex</strong></span> <span class='ocrx_word' id='word_1_512' title='bbox 1338 4262 1436 4335; x_wconf 92' lang='lat' dir='ltr'><strong>iis,</strong></span> <span class='ocrx_word' id='word_1_513' title='bbox 1470 4265 1570 4343; x_wconf 89' lang='lat' dir='ltr'><strong>qui</strong></span> <span class='ocrx_word' id='word_1_514' title='bbox 1604 4266 1715 4327; x_wconf 90' lang='lat' dir='ltr'><strong>hoc</strong></span> <span class='ocrx_word' id='word_1_515' title='bbox 1768 4270 2039 4331; x_wconf 86' lang='lat' dir='ltr'><strong>ministe-</strong></span> 
     </span>
    </p>
   </div>
   <div class='ocr_carea' id='block_1_77' title="bbox 389 4348 2038 4435">
    <p class='ocr_par' dir='ltr' id='par_1_77' title="bbox 389 4348 2038 4435">
     <span class='ocr_line' id='line_1_77' title="bbox 389 4348 2038 4435; baseline 0.006 -23"><span class='ocrx_word' id='word_1_516' title='bbox 389 4351 544 4413; x_wconf 90' lang='lat' dir='ltr'><strong>rium</strong></span> <span class='ocrx_word' id='word_1_517' title='bbox 574 4369 692 4411; x_wconf 90' lang='lat' dir='ltr'><strong>una</strong></span> <span class='ocrx_word' id='word_1_518' title='bbox 722 4369 855 4412; x_wconf 91' lang='lat' dir='ltr'><strong>cum</strong></span> <span class='ocrx_word' id='word_1_519' title='bbox 890 4369 959 4411; x_wconf 94' lang='lat' dir='ltr'><strong>eo</strong></span> <span class='ocrx_word' id='word_1_520' title='bbox 994 4348 1241 4411; x_wconf 87' lang='lat' dir='ltr'><strong>obibant</strong></span> <span class='ocrx_word' id='word_1_521' title='bbox 1277 4370 1291 4410; x_wconf 88' lang='lat'><strong>:</strong></span> <span class='ocrx_word' id='word_1_522' title='bbox 1355 4353 1453 4431; x_wconf 87' lang='lat' dir='ltr'><strong>qui</strong></span> <span class='ocrx_word' id='word_1_523' title='bbox 1487 4371 1620 4414; x_wconf 91' lang='lat' dir='ltr'><strong>cum</strong></span> <span class='ocrx_word' id='word_1_524' title='bbox 1663 4356 1853 4435; x_wconf 87' lang='lat' dir='ltr'><strong>primo</strong></span> <span class='ocrx_word' id='word_1_525' title='bbox 1887 4359 2038 4423; x_wconf 87' lang='lat' dir='ltr'><strong>hanc</strong></span> 
     </span>
    </p>
   </div>
   <div class='ocr_carea' id='block_1_78' title="bbox 2130 3192 3780 3272">
    <p class='ocr_par' dir='ltr' id='par_1_78' title="bbox 2130 3192 3780 3272">
     <span class='ocr_line' id='line_1_78' title="bbox 2130 3192 3780 3272; baseline -0.003 -21"><span class='ocrx_word' id='word_1_526' title='bbox 2130 3198 2191 3251; x_wconf 84' lang='grc' dir='ltr'>τὸ</span> <span class='ocrx_word' id='word_1_527' title='bbox 2248 3202 2354 3252; x_wconf 89' lang='grc' dir='ltr'><strong>τῶν</strong></span> <span class='ocrx_word' id='word_1_528' title='bbox 2435 3195 2646 3252; x_wconf 79' lang='grc' dir='ltr'>πολλῶν</span> <span class='ocrx_word' id='word_1_529' title='bbox 2715 3197 3066 3272; x_wconf 72' lang='grc' dir='ltr'>ὑπεροπτικὸν</span> <span class='ocrx_word' id='word_1_530' title='bbox 3136 3196 3222 3251; x_wconf 85' lang='grc' dir='ltr'><strong>καὶ</strong></span> <span class='ocrx_word' id='word_1_531' title='bbox 3303 3193 3642 3272; x_wconf 74' lang='grc' dir='ltr'>ἀνάλγητον,</span> <span class='ocrx_word' id='word_1_532' title='bbox 3700 3192 3780 3254; x_wconf 73' lang='grc' dir='ltr'>οὓς</span> 
     </span>
    </p>
   </div>
   <div class='ocr_carea' id='block_1_79' title="bbox 2131 3282 3780 3362">
    <p class='ocr_par' dir='ltr' id='par_1_79' title="bbox 2131 3282 3780 3362">
     <span class='ocr_line' id='line_1_79' title="bbox 2131 3282 3780 3362; baseline -0.002 -22"><span class='ocrx_word' id='word_1_533' title='bbox 2131 3282 2246 3340; x_wconf 86' lang='grc' dir='ltr'>δέον</span> <span class='ocrx_word' id='word_1_534' title='bbox 2308 3284 2362 3339; x_wconf 81' lang='grc' dir='ltr'>ὲν</span> <span class='ocrx_word' id='word_1_535' title='bbox 2421 3292 2488 3360; x_wconf 77' lang='grc' dir='ltr'><strong>τῇ</strong></span> <span class='ocrx_word' id='word_1_536' title='bbox 2530 3287 2659 3360; x_wconf 80' lang='grc' dir='ltr'>πρὸς</span> <span class='ocrx_word' id='word_1_537' title='bbox 2718 3286 2839 3347; x_wconf 78' lang='grc' dir='ltr'>τοὺς</span> <span class='ocrx_word' id='word_1_538' title='bbox 2897 3282 3154 3361; x_wconf 72' lang='grc' dir='ltr'>ἀδελφοὺς</span> <span class='ocrx_word' id='word_1_539' title='bbox 3216 3285 3543 3362; x_wconf 71' lang='grc' dir='ltr'>συμπαθείᾳ,</span> <span class='ocrx_word' id='word_1_540' title='bbox 3594 3284 3652 3338; x_wconf 83' lang='grc' dir='ltr'>τὸ</span> <span class='ocrx_word' id='word_1_541' title='bbox 3695 3286 3780 3337; x_wconf 85' lang='grc' dir='ltr'>τοῦ</span> 
     </span>
    </p>
   </div>
   <div class='ocr_carea' id='block_1_80' title="bbox 2132 3372 3780 3453">
    <p class='ocr_par' dir='ltr' id='par_1_80' title="bbox 2132 3372 3780 3453">
     <span class='ocr_line' id='line_1_80' title="bbox 2132 3372 3780 3453; baseline -0.004 -22"><span class='ocrx_word' id='word_1_542' title='bbox 2132 3384 2262 3433; x_wconf 77' lang='grc' dir='ltr'>Θεοῦ</span> <span class='ocrx_word' id='word_1_543' title='bbox 2324 3376 2566 3453; x_wconf 78' lang='grc' dir='ltr'>χρηστὸν</span> <span class='ocrx_word' id='word_1_544' title='bbox 2638 3375 2849 3437; x_wconf 75' lang='grc' dir='ltr'>ἑαυτοῖς</span> <span class='ocrx_word' id='word_1_545' title='bbox 2906 3376 3289 3447; x_wconf 72' lang='grc' dir='ltr'>μνηστεύεσθαι</span> <span class='ocrx_word' id='word_1_546' title='bbox 3347 3376 3436 3430; x_wconf 72' lang='grc' dir='ltr'><strong>καί</strong></span> <span class='ocrx_word' id='word_1_547' title='bbox 3485 3372 3780 3451; x_wconf 79' lang='grc' dir='ltr'>φιλάνθρω-</span> 
     </span>
    </p>
   </div>
   <div class='ocr_carea' id='block_1_81' title="bbox 2130 3458 3783 3540">
    <p class='ocr_par' dir='ltr' id='par_1_81' title="bbox 2130 3458 3783 3540">
     <span class='ocr_line' id='line_1_81' title="bbox 2130 3458 3783 3540; baseline -0.004 -20"><span class='ocrx_word' id='word_1_548' title='bbox 2130 3486 2254 3538; x_wconf 88' lang='grc' dir='ltr'>πον,</span> <span class='ocrx_word' id='word_1_549' title='bbox 2302 3466 2346 3520; x_wconf 85' lang='grc' dir='ltr'>οἱ</span> <span class='ocrx_word' id='word_1_550' title='bbox 2389 3463 2465 3536; x_wconf 80' lang='grc' dir='ltr'><strong>δὲ,</strong></span> <span class='ocrx_word' id='word_1_551' title='bbox 2501 3463 2546 3520; x_wconf 84' lang='grc' dir='ltr'>ὢ</span> <span class='ocrx_word' id='word_1_552' title='bbox 2579 3469 2676 3529; x_wconf 72' lang='grc' dir='ltr'>τῆς</span> <span class='ocrx_word' id='word_1_553' title='bbox 2721 3464 3095 3540; x_wconf 83' lang='grc' dir='ltr'>ἀπανθρωπίας</span> <span class='ocrx_word' id='word_1_554' title='bbox 3132 3462 3146 3524; x_wconf 73' lang='grc' dir='ltr'><strong>Ξ</strong></span> <span class='ocrx_word' id='word_1_555' title='bbox 3196 3462 3359 3527; x_wconf 72' lang='grc' dir='ltr'>οὕτως</span> <span class='ocrx_word' id='word_1_556' title='bbox 3413 3465 3547 3519; x_wconf 80' lang='grc' dir='ltr'>εἰσὶν</span> <span class='ocrx_word' id='word_1_557' title='bbox 3592 3458 3783 3536; x_wconf 74' lang='grc' dir='ltr'>ὑψηλοί</span> 
     </span>
    </p>
   </div>
   <div class='ocr_carea' id='block_1_82' title="bbox 2128 3551 3778 3629">
    <p class='ocr_par' dir='ltr' id='par_1_82' title="bbox 2128 3551 3778 3629">
     <span class='ocr_line' id='line_1_82' title="bbox 2128 3551 3778 3629; baseline -0.005 -19"><span class='ocrx_word' id='word_1_558' title='bbox 2128 3576 2185 3610; x_wconf 92' lang='grc' dir='ltr'><strong>τε</strong></span> <span class='ocrx_word' id='word_1_559' title='bbox 2262 3556 2345 3610; x_wconf 62' lang='grc' dir='ltr'>καῖ</span> <span class='ocrx_word' id='word_1_560' title='bbox 2429 3553 2849 3629; x_wconf 77' lang='grc' dir='ltr'>μεγαλόφρονες,</span> <span class='ocrx_word' id='word_1_561' title='bbox 2929 3554 2960 3620; x_wconf 73' lang='grc' dir='ltr'><strong>ἢ</strong></span> <span class='ocrx_word' id='word_1_562' title='bbox 3030 3551 3252 3619; x_wconf 68' lang='grc' dir='ltr'>τάληθὲς</span> <span class='ocrx_word' id='word_1_563' title='bbox 3326 3551 3542 3626; x_wconf 78' lang='grc' dir='ltr'>μᾶλλον</span> <span class='ocrx_word' id='word_1_564' title='bbox 3611 3552 3778 3607; x_wconf 62' lang='grc' dir='ltr'>εἰπεῖν</span> 
     </span>
    </p>
   </div>
   <div class='ocr_carea' id='block_1_83' title="bbox 2126 3639 3777 3721">
    <p class='ocr_par' dir='ltr' id='par_1_83' title="bbox 2126 3639 3777 3721">
     <span class='ocr_line' id='line_1_83' title="bbox 2126 3639 3777 3721; baseline -0.003 -25"><span class='ocrx_word' id='word_1_565' title='bbox 2126 3644 2368 3721; x_wconf 71' lang='grc' dir='ltr'>φίλαυτοι</span> <span class='ocrx_word' id='word_1_566' title='bbox 2429 3647 2693 3719; x_wconf 73' lang='grc' dir='ltr'>περιττῶς</span> <span class='ocrx_word' id='word_1_567' title='bbox 2750 3646 2848 3698; x_wconf 66' lang='grc' dir='ltr'>καὶ</span> <span class='ocrx_word' id='word_1_568' title='bbox 2916 3644 3266 3720; x_wconf 77' lang='grc' dir='ltr'>μικρόψυχοι,</span> <span class='ocrx_word' id='word_1_569' title='bbox 3329 3644 3401 3703; x_wconf 86' lang='grc' dir='ltr'>ὡς</span> <span class='ocrx_word' id='word_1_570' title='bbox 3472 3641 3553 3715; x_wconf 76' lang='grc' dir='ltr'>μὴ</span> <span class='ocrx_word' id='word_1_571' title='bbox 3620 3639 3777 3713; x_wconf 83' lang='grc' dir='ltr'>μόνον</span> 
     </span>
    </p>
   </div>
   <div class='ocr_carea' id='block_1_84' title="bbox 2127 3731 3763 3812">
    <p class='ocr_par' dir='ltr' id='par_1_84' title="bbox 2127 3731 3763 3812">
     <span class='ocr_line' id='line_1_84' title="bbox 2127 3731 3763 3812; baseline -0.001 -22"><span class='ocrx_word' id='word_1_572' title='bbox 2127 3740 2204 3809; x_wconf 73' lang='grc' dir='ltr'><strong>μη</strong></span> <span class='ocrx_word' id='word_1_573' title='bbox 2237 3736 2545 3811; x_wconf 68' lang='grc' dir='ltr'>προσίεσθαι</span> <span class='ocrx_word' id='word_1_574' title='bbox 2599 3734 2837 3812; x_wconf 78' lang='grc' dir='ltr'>τούτους,</span> <span class='ocrx_word' id='word_1_575' title='bbox 2872 3731 3008 3788; x_wconf 80' lang='grc' dir='ltr'>ἀλλὰ</span> <span class='ocrx_word' id='word_1_576' title='bbox 3039 3735 3127 3789; x_wconf 86' lang='grc' dir='ltr'><strong>καὶ</strong></span> <span class='ocrx_word' id='word_1_577' title='bbox 3179 3736 3303 3811; x_wconf 78' lang='grc' dir='ltr'><strong>ὸρᾷν</strong></span> <span class='ocrx_word' id='word_1_578' title='bbox 3333 3733 3411 3797; x_wconf 71' lang='grc' dir='ltr'>μὴ</span> <span class='ocrx_word' id='word_1_579' title='bbox 3458 3732 3763 3810; x_wconf 76' lang='grc' dir='ltr'>ἀνέχεσθαι.</span> 
     </span>
    </p>
   </div>
   <div class='ocr_carea' id='block_1_85' title="bbox 2123 3817 3765 3901">
    <p class='ocr_par' dir='ltr' id='par_1_85' title="bbox 2123 3817 3765 3901">
     <span class='ocr_line' id='line_1_85' title="bbox 2123 3817 3765 3901; baseline -0.001 -22"><span class='ocrx_word' id='word_1_580' title='bbox 2123 3824 2360 3901; x_wconf 65' lang='grc' dir='ltr'>καθάπερ</span> <span class='ocrx_word' id='word_1_581' title='bbox 2430 3819 2543 3879; x_wconf 80' lang='grc' dir='ltr'>οὐδὲ</span> <span class='ocrx_word' id='word_1_582' title='bbox 2642 3822 2942 3896; x_wconf 71' lang='grc' dir='ltr'>μεμνῆσθαι</span> <span class='ocrx_word' id='word_1_583' title='bbox 3026 3820 3363 3895; x_wconf 78' lang='grc' dir='ltr'>βουλόμενοι,</span> <span class='ocrx_word' id='word_1_584' title='bbox 3440 3817 3549 3877; x_wconf 74' lang='grc' dir='ltr'>οὔθ’</span> <span class='ocrx_word' id='word_1_585' title='bbox 3632 3817 3765 3877; x_wconf 79' lang='grc' dir='ltr'>ὅλως</span> 
     </span>
    </p>
   </div>
   <div class='ocr_carea' id='block_1_86' title="bbox 2122 3909 3766 3987">
    <p class='ocr_par' dir='ltr' id='par_1_86' title="bbox 2122 3909 3766 3987">
     <span class='ocr_line' id='line_1_86' title="bbox 2122 3909 3766 3987; baseline -0.004 -20"><span class='ocrx_word' id='word_1_586' title='bbox 2122 3912 2331 3983; x_wconf 73' lang='grc' dir='ltr'>εἰδέναι,</span> <span class='ocrx_word' id='word_1_587' title='bbox 2381 3910 2462 3968; x_wconf 80' lang='grc' dir='ltr'><strong>ὅτι</strong></span> <span class='ocrx_word' id='word_1_588' title='bbox 2519 3912 2604 3967; x_wconf 83' lang='grc' dir='ltr'>καὶ</span> <span class='ocrx_word' id='word_1_589' title='bbox 2649 3912 2829 3974; x_wconf 66' lang='grc' dir='ltr'>αὐτοῖς</span> <span class='ocrx_word' id='word_1_590' title='bbox 2891 3911 3081 3987; x_wconf 82' lang='grc' dir='ltr'>σάρκες</span> <span class='ocrx_word' id='word_1_591' title='bbox 3140 3912 3239 3966; x_wconf 82' lang='grc' dir='ltr'>εἰσὶ</span> <span class='ocrx_word' id='word_1_592' title='bbox 3293 3910 3558 3972; x_wconf 81' lang='grc' dir='ltr'>τοιούτοις</span> <span class='ocrx_word' id='word_1_593' title='bbox 3606 3909 3766 3964; x_wconf 65' lang='grc' dir='ltr'>πείθε-</span> 
     </span>
    </p>
   </div>
   <div class='ocr_carea' id='block_1_87' title="bbox 2123 3996 3763 4078">
    <p class='ocr_par' dir='ltr' id='par_1_87' title="bbox 2123 3996 3763 4078">
     <span class='ocr_line' id='line_1_87' title="bbox 2123 3996 3763 4078; baseline -0.004 -20"><span class='ocrx_word' id='word_1_594' title='bbox 2123 4024 2204 4058; x_wconf 87' lang='grc' dir='ltr'><strong>σιν</strong></span> <span class='ocrx_word' id='word_1_595' title='bbox 2263 4002 2633 4075; x_wconf 82' lang='grc' dir='ltr'>ὑποκείμεναι.</span> <span class='ocrx_word' id='word_1_596' title='bbox 2668 3999 2829 4060; x_wconf 82' lang='grc' dir='ltr'>Ἀλλ’</span> <span class='ocrx_word' id='word_1_597' title='bbox 2892 4004 2995 4078; x_wconf 66' lang='grc' dir='ltr'><strong>οὔχ</strong></span> <span class='ocrx_word' id='word_1_598' title='bbox 3023 4003 3050 4055; x_wconf 78' lang='grc' dir='ltr'><strong>ὁ</strong></span> <span class='ocrx_word' id='word_1_599' title='bbox 3098 4000 3358 4073; x_wconf 76' lang='grc' dir='ltr'>μακάριος</span> <span class='ocrx_word' id='word_1_600' title='bbox 3390 4000 3548 4063; x_wconf 80' lang='grc' dir='ltr'>οὗτος</span> <span class='ocrx_word' id='word_1_601' title='bbox 3579 3996 3763 4073; x_wconf 74' lang='grc' dir='ltr'>οὕτως,</span> 
     </span>
    </p>
   </div>
   <div class='ocr_carea' id='block_1_88' title="bbox 2123 4083 3765 4165">
    <p class='ocr_par' dir='ltr' id='par_1_88' title="bbox 2123 4083 3765 4165">
     <span class='ocr_line' id='line_1_88' title="bbox 2123 4083 3765 4165; baseline -0.003 -20"><span class='ocrx_word' id='word_1_602' title='bbox 2123 4090 2259 4147; x_wconf 82' lang='grc' dir='ltr'>ἀλλὰ</span> <span class='ocrx_word' id='word_1_603' title='bbox 2303 4092 2389 4146; x_wconf 79' lang='grc' dir='ltr'>καὶ</span> <span class='ocrx_word' id='word_1_604' title='bbox 2448 4089 2563 4145; x_wconf 87' lang='grc' dir='ltr'>λίαν</span> <span class='ocrx_word' id='word_1_605' title='bbox 2622 4088 2802 4163; x_wconf 80' lang='grc' dir='ltr'>ὥσπερ</span> <span class='ocrx_word' id='word_1_606' title='bbox 2861 4088 3064 4165; x_wconf 75' lang='grc' dir='ltr'>ἔφημεν</span> <span class='ocrx_word' id='word_1_607' title='bbox 3110 4090 3336 4165; x_wconf 73' lang='grc' dir='ltr'>εὐγενῶς</span> <span class='ocrx_word' id='word_1_608' title='bbox 3384 4090 3473 4145; x_wconf 73' lang='grc' dir='ltr'><strong>καὶ</strong></span> <span class='ocrx_word' id='word_1_609' title='bbox 3532 4083 3765 4163; x_wconf 80' lang='grc' dir='ltr'>μεγαλο-</span> 
     </span>
    </p>
   </div>
   <div class='ocr_carea' id='block_1_89' title="bbox 2124 4175 3760 4258">
    <p class='ocr_par' dir='ltr' id='par_1_89' title="bbox 2124 4175 3760 4258">
     <span class='ocr_line' id='line_1_89' title="bbox 2124 4175 3760 4258; baseline -0.001 -24"><span class='ocrx_word' id='word_1_610' title='bbox 2124 4182 2336 4258; x_wconf 73' lang='grc' dir='ltr'>ψύχως·</span> <span class='ocrx_word' id='word_1_611' title='bbox 2396 4180 2483 4237; x_wconf 82' lang='grc' dir='ltr'><strong>καὶ</strong></span> <span class='ocrx_word' id='word_1_612' title='bbox 2531 4178 2716 4234; x_wconf 82' lang='grc' dir='ltr'>τούτου</span> <span class='ocrx_word' id='word_1_613' title='bbox 2752 4176 2965 4233; x_wconf 82' lang='grc' dir='ltr'>πολλῶν</span> <span class='ocrx_word' id='word_1_614' title='bbox 3012 4178 3107 4251; x_wconf 81' lang='grc' dir='ltr'>μὲν</span> <span class='ocrx_word' id='word_1_615' title='bbox 3167 4175 3426 4254; x_wconf 73' lang='grc' dir='ltr'>ὀφθαλμοὶ</span> <span class='ocrx_word' id='word_1_616' title='bbox 3486 4177 3760 4254; x_wconf 80' lang='grc' dir='ltr'>μάρτυρες,</span> 
     </span>
    </p>
   </div>
   <div class='ocr_carea' id='block_1_90' title="bbox 2121 4265 3761 4344">
    <p class='ocr_par' dir='ltr' id='par_1_90' title="bbox 2121 4265 3761 4344">
     <span class='ocr_line' id='line_1_90' title="bbox 2121 4265 3761 4344; baseline -0.004 -21"><span class='ocrx_word' id='word_1_617' title='bbox 2121 4270 2364 4344; x_wconf 72' lang='grc' dir='ltr'>μάλιστα</span> <span class='ocrx_word' id='word_1_618' title='bbox 2421 4267 2475 4323; x_wconf 79' lang='grc' dir='ltr'><strong>δὲ</strong></span> <span class='ocrx_word' id='word_1_619' title='bbox 2534 4273 2641 4322; x_wconf 81' lang='grc' dir='ltr'><strong>τῶν</strong></span> <span class='ocrx_word' id='word_1_620' title='bbox 2696 4267 2794 4334; x_wconf 73' lang='grc' dir='ltr'>τῆν</span> <span class='ocrx_word' id='word_1_621' title='bbox 2852 4268 3142 4341; x_wconf 73' lang='grc' dir='ltr'>ὑπηρεσίαν</span> <span class='ocrx_word' id='word_1_622' title='bbox 3186 4267 3384 4333; x_wconf 78' lang='grc' dir='ltr'>ταύτην</span> <span class='ocrx_word' id='word_1_623' title='bbox 3442 4265 3586 4339; x_wconf 73' lang='grc' dir='ltr'>αὐτῷ</span> <span class='ocrx_word' id='word_1_624' title='bbox 3640 4285 3761 4319; x_wconf 88' lang='grc' dir='ltr'>συν-</span> 
     </span>
    </p>
   </div>
   <div class='ocr_carea' id='block_1_91' title="bbox 2120 4351 3761 4439">
    <p class='ocr_par' dir='ltr' id='par_1_91' title="bbox 2120 4351 3761 4439">
     <span class='ocr_line' id='line_1_91' title="bbox 2120 4351 3761 4439; baseline -0.006 -23"><span class='ocrx_word' id='word_1_625' title='bbox 2120 4357 2494 4439; x_wconf 78' lang='grc' dir='ltr'>διαφεροντων’</span> <span class='ocrx_word' id='word_1_626' title='bbox 2559 4359 2612 4412; x_wconf 82' lang='lat' dir='ltr'><strong>o&#39;i</strong></span> <span class='ocrx_word' id='word_1_627' title='bbox 2669 4359 2757 4411; x_wconf 85' lang='grc' dir='ltr'><strong>καὶ</strong></span> <span class='ocrx_word' id='word_1_628' title='bbox 2828 4358 2890 4412; x_wconf 76' lang='grc' dir='ltr'>τὸ</span> <span class='ocrx_word' id='word_1_629' title='bbox 2948 4362 3157 4432; x_wconf 73' lang='grc' dir='ltr'>πρῶτον</span> <span class='ocrx_word' id='word_1_630' title='bbox 3198 4356 3264 4411; x_wconf 80' lang='grc' dir='ltr'><strong>τὰ</strong></span> <span class='ocrx_word' id='word_1_631' title='bbox 3309 4354 3506 4430; x_wconf 80' lang='grc' dir='ltr'>κομιδῆ</span> <span class='ocrx_word' id='word_1_632' title='bbox 3576 4351 3761 4433; x_wconf 77' lang='grc' dir='ltr'>φιλάν-</span> 
     </span>
    </p>
   </div>
   <div class='ocr_carea' id='block_1_92' title="bbox 387 4438 2048 4527">
    <p class='ocr_par' dir='ltr' id='par_1_92' title="bbox 387 4438 2035 4516">
     <span class='ocr_line' id='line_1_92' title="bbox 387 4438 2035 4516; baseline 0.006 -16"><span class='ocrx_word' id='word_1_633' title='bbox 387 4438 684 4516; x_wconf 84' lang='lat' dir='ltr'><strong>insignem</strong></span> <span class='ocrx_word' id='word_1_634' title='bbox 740 4439 1164 4515; x_wconf 85' lang='lat' dir='ltr'><strong>benignitatem</strong></span> <span class='ocrx_word' id='word_1_635' title='bbox 1210 4450 1268 4499; x_wconf 84' lang='lat' dir='ltr'><strong>ct</strong></span> <span class='ocrx_word' id='word_1_636' title='bbox 1317 4440 1898 4507; x_wconf 89' lang='lat' dir='ltr'><strong>commiserationem</strong></span> <span class='ocrx_word' id='word_1_637' title='bbox 1948 4452 2035 4511; x_wconf 89' lang='lat' dir='ltr'><strong>si-</strong></span> 
     </span>
    </p>
   </div>
   <div class='ocr_carea' id='block_1_93' title="bbox 2134 4438 3759 4527">
    <p class='ocr_par' dir='ltr' id='par_1_93' title="bbox 2134 4442 3759 4527">
     <span class='ocr_line' id='line_1_93' title="bbox 2134 4442 3759 4527; baseline -0.006 -22"><span class='ocrx_word' id='word_1_638' title='bbox 2134 4453 2302 4527; x_wconf 84' lang='grc' dir='ltr'>)ρωπα</span> <span class='ocrx_word' id='word_1_639' title='bbox 2333 4470 2495 4502; x_wconf 78' lang='grc' dir='ltr'>ταυτα</span> <span class='ocrx_word' id='word_1_640' title='bbox 2538 4447 2625 4502; x_wconf 87' lang='grc' dir='ltr'><strong>καὶ</strong></span> <span class='ocrx_word' id='word_1_641' title='bbox 2681 4443 2930 4517; x_wconf 56' lang='grc' dir='ltr'>συμπειθῆ</span> <span class='ocrx_word' id='word_1_642' title='bbox 2985 4458 3101 4509; x_wconf 81' lang='grc' dir='ltr'>τοῖς</span> <span class='ocrx_word' id='word_1_643' title='bbox 3154 4443 3335 4507; x_wconf 74' lang='grc' dir='ltr'>ἄλλοις</span> <span class='ocrx_word' id='word_1_644' title='bbox 3399 4446 3598 4519; x_wconf 71' lang='grc' dir='ltr'>ὁμοίως</span> <span class='ocrx_word' id='word_1_645' title='bbox 3628 4442 3759 4497; x_wconf 88' lang='grc' dir='ltr'>ἀπο-</span> 
     </span>
    </p>
   </div>
   <div class='ocr_carea' id='block_1_94' title="bbox 389 4528 2040 4613">
    <p class='ocr_par' dir='ltr' id='par_1_94' title="bbox 389 4528 2040 4613">
     <span class='ocr_line' id='line_1_94' title="bbox 389 4528 2040 4613; baseline 0.007 -25"><span class='ocrx_word' id='word_1_646' title='bbox 389 4528 615 4590; x_wconf 90' lang='lat' dir='ltr'><strong>militer</strong></span> <span class='ocrx_word' id='word_1_647' title='bbox 635 4536 814 4605; x_wconf 92' lang='lat' dir='ltr'><strong>atque</strong></span> <span class='ocrx_word' id='word_1_648' title='bbox 846 4529 946 4590; x_wconf 89' lang='lat' dir='ltr'><strong>alii</strong></span> <span class='ocrx_word' id='word_1_649' title='bbox 976 4538 1414 4609; x_wconf 87' lang='lat' dir='ltr'><strong>aversarentur,</strong></span> <span class='ocrx_word' id='word_1_650' title='bbox 1447 4530 1602 4593; x_wconf 90' lang='lat' dir='ltr'><strong>illius</strong></span> <span class='ocrx_word' id='word_1_651' title='bbox 1635 4534 1850 4596; x_wconf 85' lang='lat' dir='ltr'><strong>deinde.</strong></span> <span class='ocrx_word' id='word_1_652' title='bbox 1875 4557 2040 4613; x_wconf 78' lang='lat' dir='ltr'><strong>egre-</strong></span> 
     </span>
    </p>
   </div>
   <div class='ocr_carea' id='block_1_95' title="bbox 388 4617 2037 4699">
    <p class='ocr_par' dir='ltr' id='par_1_95' title="bbox 388 4617 2037 4699">
     <span class='ocr_line' id='line_1_95' title="bbox 388 4617 2037 4699; baseline 0.007 -21"><span class='ocrx_word' id='word_1_653' title='bbox 388 4617 540 4697; x_wconf 87' lang='lat' dir='ltr'><strong>giam</strong></span> <span class='ocrx_word' id='word_1_654' title='bbox 603 4618 840 4680; x_wconf 90' lang='lat' dir='ltr'><strong>reveriti</strong></span> <span class='ocrx_word' id='word_1_655' title='bbox 901 4618 1400 4694; x_wconf 86' lang='lat' dir='ltr'><strong>moderationem,</strong></span> <span class='ocrx_word' id='word_1_656' title='bbox 1463 4624 1728 4699; x_wconf 85' lang='lat' dir='ltr'><strong>persuasi</strong></span> <span class='ocrx_word' id='word_1_657' title='bbox 1796 4626 2037 4691; x_wconf 84' lang='lat' dir='ltr'><strong>fuerunt</strong></span> 
     </span>
    </p>
   </div>
   <div class='ocr_carea' id='block_1_96' title="bbox 384 4708 2034 4789">
    <p class='ocr_par' dir='ltr' id='par_1_96' title="bbox 384 4708 2034 4789">
     <span class='ocr_line' id='line_1_96' title="bbox 384 4708 2034 4789; baseline 0.005 -19"><span class='ocrx_word' id='word_1_658' title='bbox 384 4715 550 4770; x_wconf 82' lang='lat' dir='ltr'><strong>recte</strong></span> <span class='ocrx_word' id='word_1_659' title='bbox 579 4725 814 4789; x_wconf 86' lang='lat' dir='ltr'><strong>sapere,</strong></span> <span class='ocrx_word' id='word_1_660' title='bbox 844 4717 901 4770; x_wconf 92' lang='lat' dir='ltr'><strong>et</strong></span> <span class='ocrx_word' id='word_1_661' title='bbox 924 4710 1092 4788; x_wconf 81' lang='lat' dir='ltr'><strong>juxta</strong></span> <span class='ocrx_word' id='word_1_662' title='bbox 1122 4708 1591 4772; x_wconf 86' lang='lat' dir='ltr'><strong>imbecillitatem</strong></span> <span class='ocrx_word' id='word_1_663' title='bbox 1626 4712 1941 4778; x_wconf 90' lang='lat' dir='ltr'><strong>humanem</strong></span> <span class='ocrx_word' id='word_1_664' title='bbox 1977 4729 2034 4781; x_wconf 92' lang='lat' dir='ltr'><strong>et</strong></span> 
     </span>
    </p>
   </div>
   <div class='ocr_carea' id='block_1_97' title="bbox 389 4797 813 4861">
    <p class='ocr_par' dir='ltr' id='par_1_97' title="bbox 389 4797 813 4861">
     <span class='ocr_line' id='line_1_97' title="bbox 389 4797 813 4861; baseline -0.002 -3"><span class='ocrx_word' id='word_1_665' title='bbox 389 4797 813 4861; x_wconf 87' lang='lat' dir='ltr'><strong>humilitatem.</strong></span> 
     </span>
    </p>
   </div>
   <div class='ocr_carea' id='block_1_98' title="bbox 468 4885 2029 4967">
    <p class='ocr_par' dir='ltr' id='par_1_98' title="bbox 468 4885 2029 4967">
     <span class='ocr_line' id='line_1_98' title="bbox 468 4885 2029 4967; baseline 0.007 -20"><span class='ocrx_word' id='word_1_666' title='bbox 468 4888 567 4951; x_wconf 80' lang='lat'><strong>29.</strong></span> <span class='ocrx_word' id='word_1_667' title='bbox 595 4885 992 4960; x_wconf 83' lang='lat' dir='ltr'><strong>Quamobrem</strong></span> <span class='ocrx_word' id='word_1_668' title='bbox 1017 4886 1068 4947; x_wconf 87' lang='lat' dir='ltr'><strong>si</strong></span> <span class='ocrx_word' id='word_1_669' title='bbox 1097 4888 1229 4967; x_wconf 93' lang='lat' dir='ltr'><strong>quis</strong></span> <span class='ocrx_word' id='word_1_670' title='bbox 1252 4908 1384 4950; x_wconf 91' lang='lat' dir='ltr'><strong>eum</strong></span> <span class='ocrx_word' id='word_1_671' title='bbox 1411 4889 1625 4952; x_wconf 84' lang='lat' dir='ltr'><strong>dixerit</strong></span> <span class='ocrx_word' id='word_1_672' title='bbox 1650 4910 2029 4958; x_wconf 90' lang='lat' dir='ltr'><strong>communem</strong></span> 
     </span>
    </p>
   </div>
   <div class='ocr_carea' id='block_1_99' title="bbox 385 4979 2035 5059">
    <p class='ocr_par' dir='ltr' id='par_1_99' title="bbox 385 4979 2035 5059">
     <span class='ocr_line' id='line_1_99' title="bbox 385 4979 2035 5059; baseline 0.003 -19"><span class='ocrx_word' id='word_1_673' title='bbox 385 4987 646 5058; x_wconf 89' lang='lat' dir='ltr'><strong>portum,</strong></span> <span class='ocrx_word' id='word_1_674' title='bbox 684 4985 743 5039; x_wconf 92' lang='lat' dir='ltr'><strong>et</strong></span> <span class='ocrx_word' id='word_1_675' title='bbox 771 4995 1155 5039; x_wconf 91' lang='lat' dir='ltr'><strong>communem</strong></span> <span class='ocrx_word' id='word_1_676' title='bbox 1189 4979 1504 5042; x_wconf 66' lang='lat' dir='ltr'><strong>medicinae</strong></span> <span class='ocrx_word' id='word_1_677' title='bbox 1531 4982 1847 5059; x_wconf 84' lang='lat' dir='ltr'><strong>oﬂlcinam,</strong></span> <span class='ocrx_word' id='word_1_678' title='bbox 1874 5005 2035 5046; x_wconf 89' lang='lat' dir='ltr'><strong>com-</strong></span> 
     </span>
    </p>
   </div>
   <div class='ocr_carea' id='block_1_100' title="bbox 386 5067 2032 5148">
    <p class='ocr_par' dir='ltr' id='par_1_100' title="bbox 386 5067 2032 5148">
     <span class='ocr_line' id='line_1_100' title="bbox 386 5067 2032 5148; baseline 0.004 -19"><span class='ocrx_word' id='word_1_679' title='bbox 386 5085 630 5130; x_wconf 89' lang='lat' dir='ltr'><strong>munem</strong></span> <span class='ocrx_word' id='word_1_680' title='bbox 667 5067 934 5146; x_wconf 88' lang='lat' dir='ltr'><strong>domum,</strong></span> <span class='ocrx_word' id='word_1_681' title='bbox 962 5084 1282 5129; x_wconf 90' lang='lat' dir='ltr'><strong>commune</strong></span> <span class='ocrx_word' id='word_1_682' title='bbox 1326 5089 1505 5148; x_wconf 87' lang='lat' dir='ltr'><strong>penu,</strong></span> <span class='ocrx_word' id='word_1_683' title='bbox 1541 5082 1703 5134; x_wconf 84' lang='lat' dir='ltr'><strong>recte</strong></span> <span class='ocrx_word' id='word_1_684' title='bbox 1729 5074 1944 5135; x_wconf 81' lang='lat' dir='ltr'><strong>dixerit</strong></span> <span class='ocrx_word' id='word_1_685' title='bbox 1973 5085 2032 5136; x_wconf 94' lang='lat' dir='ltr'><strong>et</strong></span> 
     </span>
    </p>
   </div>
   <div class='ocr_carea' id='block_1_101' title="bbox 387 5154 2029 5239">
    <p class='ocr_par' dir='ltr' id='par_1_101' title="bbox 387 5154 2029 5239">
     <span class='ocr_line' id='line_1_101' title="bbox 387 5154 2029 5239; baseline 0.003 -20"><span class='ocrx_word' id='word_1_686' title='bbox 387 5165 784 5237; x_wconf 88' lang='lat' dir='ltr'><strong>congruenter</strong></span> <span class='ocrx_word' id='word_1_687' title='bbox 813 5154 2029 5239; x_wconf 75' lang='lat' dir='ltr'><strong>veritati,a3grotantium,esurientium,al-</strong></span> 
     </span>
    </p>
   </div>
   <div class='ocr_carea' id='block_1_102' title="bbox 385 5245 2027 5327">
    <p class='ocr_par' dir='ltr' id='par_1_102' title="bbox 385 5245 2027 5327">
     <span class='ocr_line' id='line_1_102' title="bbox 385 5245 2027 5327; baseline 0.004 -20"><span class='ocrx_word' id='word_1_688' title='bbox 385 5248 676 5324; x_wconf 85' lang='lat' dir='ltr'><strong>gentium,</strong></span> <span class='ocrx_word' id='word_1_689' title='bbox 712 5245 1262 5325; x_wconf 86' lang='lat' dir='ltr'><strong>peregrimantium.</strong></span> <span class='ocrx_word' id='word_1_690' title='bbox 1296 5245 1511 5307; x_wconf 87' lang='lat' dir='ltr'><strong>Eorum</strong></span> <span class='ocrx_word' id='word_1_691' title='bbox 1546 5251 1704 5310; x_wconf 87' lang='lat' dir='ltr'><strong>enim</strong></span> <span class='ocrx_word' id='word_1_692' title='bbox 1739 5256 2027 5327; x_wconf 87' lang='lat' dir='ltr'><strong>omnium,</strong></span> 
     </span>
    </p>
   </div>
   <div class='ocr_carea' id='block_1_103' title="bbox 385 5334 2033 5413">
    <p class='ocr_par' dir='ltr' id='par_1_103' title="bbox 385 5334 2033 5413">
     <span class='ocr_line' id='line_1_103' title="bbox 385 5334 2033 5413; baseline 0.005 -20"><span class='ocrx_word' id='word_1_693' title='bbox 385 5351 560 5411; x_wconf 88' lang='lat' dir='ltr'><strong>quam</strong></span> <span class='ocrx_word' id='word_1_694' title='bbox 585 5351 685 5413; x_wconf 86' lang='lat' dir='ltr'><strong>par</strong></span> <span class='ocrx_word' id='word_1_695' title='bbox 720 5344 1077 5411; x_wconf 85' lang='lat' dir='ltr'><strong>erat,curam</strong></span> <span class='ocrx_word' id='word_1_696' title='bbox 1112 5334 1372 5410; x_wconf 73' lang='lat' dir='ltr'><strong>gerebat.</strong></span> <span class='ocrx_word' id='word_1_697' title='bbox 1405 5336 1513 5405; x_wconf 88' lang='lat' dir='ltr'><strong>Qui</strong></span> <span class='ocrx_word' id='word_1_698' title='bbox 1540 5350 1735 5399; x_wconf 71' lang='lat' dir='ltr'><strong>autem</strong></span> <span class='ocrx_word' id='word_1_699' title='bbox 1763 5358 2033 5402; x_wconf 67' lang='lat' dir='ltr'><strong>eontem-</strong></span> 
     </span>
    </p>
   </div>
   <div class='ocr_carea' id='block_1_104' title="bbox 384 5421 2033 5504">
    <p class='ocr_par' dir='ltr' id='par_1_104' title="bbox 384 5421 2033 5504">
     <span class='ocr_line' id='line_1_104' title="bbox 384 5421 2033 5504; baseline 0.005 -23"><span class='ocrx_word' id='word_1_700' title='bbox 384 5430 629 5483; x_wconf 89' lang='lat' dir='ltr'><strong>neretur</strong></span> <span class='ocrx_word' id='word_1_701' title='bbox 651 5432 750 5482; x_wconf 89' lang='lat' dir='ltr'><strong>aut</strong></span> <span class='ocrx_word' id='word_1_702' title='bbox 776 5421 1210 5499; x_wconf 87' lang='lat' dir='ltr'><strong>despiceretur,</strong></span> <span class='ocrx_word' id='word_1_703' title='bbox 1239 5436 1555 5503; x_wconf 82' lang='lat' dir='ltr'><strong>propterea</strong></span> <span class='ocrx_word' id='word_1_704' title='bbox 1580 5429 1738 5504; x_wconf 68' lang='lat' dir='ltr'><strong>quud</strong></span> <span class='ocrx_word' id='word_1_705' title='bbox 1773 5440 1925 5489; x_wconf 76' lang='lat' dir='ltr'><strong>esset</strong></span> <span class='ocrx_word' id='word_1_706' title='bbox 1950 5432 2033 5490; x_wconf 86' lang='lat' dir='ltr'><strong>vi-</strong></span> 
     </span>
    </p>
   </div>
   <div class='ocr_carea' id='block_1_105' title="bbox 382 5507 2030 5589">
    <p class='ocr_par' dir='ltr' id='par_1_105' title="bbox 382 5507 2030 5589">
     <span class='ocr_line' id='line_1_105' title="bbox 382 5507 2030 5589; baseline 0.007 -21"><span class='ocrx_word' id='word_1_707' title='bbox 382 5507 459 5571; x_wconf 90' lang='lat' dir='ltr'><strong>lis</strong></span> <span class='ocrx_word' id='word_1_708' title='bbox 481 5519 540 5569; x_wconf 93' lang='lat' dir='ltr'><strong>et</strong></span> <span class='ocrx_word' id='word_1_709' title='bbox 561 5509 883 5582; x_wconf 90' lang='lat' dir='ltr'><strong>humilis,si</strong></span> <span class='ocrx_word' id='word_1_710' title='bbox 906 5510 1433 5589; x_wconf 72' lang='lat' dir='ltr'><strong>qutesivisses,illic</strong></span> <span class='ocrx_word' id='word_1_711' title='bbox 1466 5517 1799 5579; x_wconf 86' lang='lat' dir='ltr'><strong>invenisses</strong></span> <span class='ocrx_word' id='word_1_712' title='bbox 1830 5522 2030 5580; x_wconf 81' lang='lat' dir='ltr'><strong>nemi-</strong></span> 
     </span>
    </p>
   </div>
   <div class='ocr_carea' id='block_1_106' title="bbox 380 5596 2024 5690">
    <p class='ocr_par' dir='ltr' id='par_1_106' title="bbox 380 5596 2024 5690">
     <span class='ocr_line' id='line_1_106' title="bbox 380 5596 2024 5690; baseline 0.004 -26"><span class='ocrx_word' id='word_1_713' title='bbox 380 5614 540 5664; x_wconf 84' lang='lat' dir='ltr'><strong>nem:</strong></span> <span class='ocrx_word' id='word_1_714' title='bbox 574 5597 682 5658; x_wconf 87' lang='lat' dir='ltr'><strong>sed</strong></span> <span class='ocrx_word' id='word_1_715' title='bbox 718 5604 962 5677; x_wconf 89' lang='lat' dir='ltr'><strong>propter</strong></span> <span class='ocrx_word' id='word_1_716' title='bbox 990 5596 1105 5657; x_wconf 80' lang='lat' dir='ltr'><strong>hoc</strong></span> <span class='ocrx_word' id='word_1_717' title='bbox 1141 5599 1356 5676; x_wconf 89' lang='lat' dir='ltr'><strong>ipsum,</strong></span> <span class='ocrx_word' id='word_1_718' title='bbox 1380 5604 1539 5683; x_wconf 88' lang='lat' dir='ltr'><strong>quod</strong></span> <span class='ocrx_word' id='word_1_719' title='bbox 1572 5607 2024 5690; x_wconf 88' lang='lat' dir='ltr'><strong>esset,inquam,</strong></span> 
     </span>
    </p>
   </div>
   <div class='ocr_carea' id='block_1_107' title="bbox 2121 4532 3762 4613">
    <p class='ocr_par' dir='ltr' id='par_1_107' title="bbox 2121 4532 3762 4613">
     <span class='ocr_line' id='line_1_107' title="bbox 2121 4532 3762 4613; baseline -0.005 -19"><span class='ocrx_word' id='word_1_720' title='bbox 2121 4535 2461 4613; x_wconf 84' lang='grc' dir='ltr'>τρεπόμενοι,</span> <span class='ocrx_word' id='word_1_721' title='bbox 2527 4534 2714 4590; x_wconf 76' lang='grc' dir='ltr'>ἔπειτα</span> <span class='ocrx_word' id='word_1_722' title='bbox 2786 4536 2887 4601; x_wconf 78' lang='grc' dir='ltr'><strong>τὴν</strong></span> <span class='ocrx_word' id='word_1_723' title='bbox 2966 4532 3173 4601; x_wconf 69' lang='grc' dir='ltr'>πολλήν</span> <span class='ocrx_word' id='word_1_724' title='bbox 3245 4534 3445 4590; x_wconf 79' lang='grc' dir='ltr'>ἐκείνου</span> <span class='ocrx_word' id='word_1_725' title='bbox 3516 4532 3762 4596; x_wconf 83' lang='grc' dir='ltr'>δυσωπη-</span> 
     </span>
    </p>
   </div>
   <div class='ocr_carea' id='block_1_108' title="bbox 2117 4625 3751 4704">
    <p class='ocr_par' dir='ltr' id='par_1_108' title="bbox 2117 4625 3751 4704">
     <span class='ocr_line' id='line_1_108' title="bbox 2117 4625 3751 4704; baseline -0.005 -21"><span class='ocrx_word' id='word_1_726' title='bbox 2117 4630 2289 4690; x_wconf 73' lang='grc' dir='ltr'>θέντες</span> <span class='ocrx_word' id='word_1_727' title='bbox 2372 4627 2801 4704; x_wconf 80' lang='grc' dir='ltr'>μετριοπάθειαν,</span> <span class='ocrx_word' id='word_1_728' title='bbox 2872 4625 3189 4689; x_wconf 64' lang='grc' dir='ltr'>ἐπείσθησαν</span> <span class='ocrx_word' id='word_1_729' title='bbox 3274 4626 3435 4702; x_wconf 80' lang='grc' dir='ltr'>ὑγιῶς</span> <span class='ocrx_word' id='word_1_730' title='bbox 3522 4633 3751 4704; x_wconf 74' lang='grc' dir='ltr'>φρονεῖν,</span> 
     </span>
    </p>
   </div>
   <div class='ocr_carea' id='block_1_109' title="bbox 2116 4710 3751 4791">
    <p class='ocr_par' dir='ltr' id='par_1_109' title="bbox 2116 4710 3751 4791">
     <span class='ocr_line' id='line_1_109' title="bbox 2116 4710 3751 4791; baseline -0.006 -18"><span class='ocrx_word' id='word_1_731' title='bbox 2116 4719 2203 4774; x_wconf 80' lang='grc' dir='ltr'>καὶ</span> <span class='ocrx_word' id='word_1_732' title='bbox 2272 4714 2426 4780; x_wconf 77' lang='grc' dir='ltr'>ἀξίως</span> <span class='ocrx_word' id='word_1_733' title='bbox 2473 4718 2570 4781; x_wconf 75' lang='grc' dir='ltr'>τῆς</span> <span class='ocrx_word' id='word_1_734' title='bbox 2616 4713 2968 4791; x_wconf 77' lang='grc' dir='ltr'>ἀνθρωπίνης,</span> <span class='ocrx_word' id='word_1_735' title='bbox 3029 4711 3297 4777; x_wconf 82' lang='grc' dir='ltr'>ἀσθενείας</span> <span class='ocrx_word' id='word_1_736' title='bbox 3355 4714 3443 4769; x_wconf 82' lang='grc' dir='ltr'><strong>καὶ</strong></span> <span class='ocrx_word' id='word_1_737' title='bbox 3504 4710 3751 4770; x_wconf 84' lang='grc' dir='ltr'>ταπεινό-</span> 
     </span>
    </p>
   </div>
   <div class='ocr_carea' id='block_1_110' title="bbox 2115 4827 2301 4874">
    <p class='ocr_par' dir='ltr' id='par_1_110' title="bbox 2115 4827 2301 4874">
     <span class='ocr_line' id='line_1_110' title="bbox 2115 4827 2301 4874; baseline -0.032 0"><span class='ocrx_word' id='word_1_738' title='bbox 2115 4827 2301 4874; x_wconf 84' lang='grc' dir='ltr'>τητος.</span> 
     </span>
    </p>
   </div>
   <div class='ocr_carea' id='block_1_111' title="bbox 2196 4885 3749 4970">
    <p class='ocr_par' dir='ltr' id='par_1_111' title="bbox 2196 4885 3749 4970">
     <span class='ocr_line' id='line_1_111' title="bbox 2196 4885 3749 4970; baseline -0.005 -19"><span class='ocrx_word' id='word_1_739' title='bbox 2196 4885 2298 4954; x_wconf 77' lang='grc' dir='ltr'>κθ’.</span> <span class='ocrx_word' id='word_1_740' title='bbox 2351 4894 2520 4950; x_wconf 59' lang='lat' dir='ltr'><strong>&quot;sla-ce</strong></span> <span class='ocrx_word' id='word_1_741' title='bbox 2549 4894 2723 4950; x_wconf 82' lang='grc' dir='ltr'>κοινὸν</span> <span class='ocrx_word' id='word_1_742' title='bbox 2754 4894 2908 4951; x_wconf 69' lang='grc' dir='ltr'>αὐτὸν</span> <span class='ocrx_word' id='word_1_743' title='bbox 2963 4892 3014 4948; x_wconf 75' lang='grc' dir='ltr'>εἴ</span> <span class='ocrx_word' id='word_1_744' title='bbox 3046 4915 3125 4956; x_wconf 88' lang='grc' dir='ltr'><strong>τις</strong></span> <span class='ocrx_word' id='word_1_745' title='bbox 3158 4889 3292 4968; x_wconf 74' lang='grc' dir='ltr'>εἴπῃ</span> <span class='ocrx_word' id='word_1_746' title='bbox 3339 4889 3552 4970; x_wconf 83' lang='grc' dir='ltr'>λιμένα,</span> <span class='ocrx_word' id='word_1_747' title='bbox 3584 4889 3749 4948; x_wconf 84' lang='grc' dir='ltr'>κοινὸν</span> 
     </span>
    </p>
   </div>
   <div class='ocr_carea' id='block_1_112' title="bbox 2113 4979 3752 5063">
    <p class='ocr_par' dir='ltr' id='par_1_112' title="bbox 2113 4979 3752 5063">
     <span class='ocr_line' id='line_1_112' title="bbox 2113 4979 3752 5063; baseline -0.006 -21"><span class='ocrx_word' id='word_1_748' title='bbox 2113 4988 2370 5063; x_wconf 74' lang='grc' dir='ltr'>ἰατρεῖον,</span> <span class='ocrx_word' id='word_1_749' title='bbox 2404 4984 2588 5050; x_wconf 74' lang='grc' dir='ltr'>κοινὴν</span> <span class='ocrx_word' id='word_1_750' title='bbox 2647 4982 2847 5055; x_wconf 80' lang='grc' dir='ltr'>ἑστίαν,</span> <span class='ocrx_word' id='word_1_751' title='bbox 2882 4984 3068 5040; x_wconf 77' lang='grc' dir='ltr'>κοινὸν</span> <span class='ocrx_word' id='word_1_752' title='bbox 3122 4997 3394 5058; x_wconf 80' lang='grc' dir='ltr'>ταμιεῖον,</span> <span class='ocrx_word' id='word_1_753' title='bbox 3428 4982 3603 5045; x_wconf 77' lang='grc' dir='ltr'>καλῶς</span> <span class='ocrx_word' id='word_1_754' title='bbox 3646 4979 3752 5055; x_wconf 83' lang='grc' dir='ltr'>ἐρεῖ</span> 
     </span>
    </p>
   </div>
   <div class='ocr_carea' id='block_1_113' title="bbox 2113 5071 3748 5152">
    <p class='ocr_par' dir='ltr' id='par_1_113' title="bbox 2113 5071 3748 5152">
     <span class='ocr_line' id='line_1_113' title="bbox 2113 5071 3748 5152; baseline -0.006 -21"><span class='ocrx_word' id='word_1_755' title='bbox 2113 5078 2202 5131; x_wconf 61' lang='grc' dir='ltr'>καὶ</span> <span class='ocrx_word' id='word_1_756' title='bbox 2269 5074 2565 5152; x_wconf 73' lang='grc' dir='ltr'>συμφώνως</span> <span class='ocrx_word' id='word_1_757' title='bbox 2622 5071 2691 5146; x_wconf 71' lang='grc' dir='ltr'><strong>τῇ</strong></span> <span class='ocrx_word' id='word_1_758' title='bbox 2761 5071 3004 5144; x_wconf 78' lang='grc' dir='ltr'>ἀληθείᾳ,</span> <span class='ocrx_word' id='word_1_759' title='bbox 3067 5072 3361 5127; x_wconf 90' lang='grc' dir='ltr'>νοσούντων</span> <span class='ocrx_word' id='word_1_760' title='bbox 3434 5071 3748 5139; x_wconf 87' lang='grc' dir='ltr'>πεινώντων,</span> 
     </span>
    </p>
   </div>
   <div class='ocr_carea' id='block_1_114' title="bbox 2114 5156 3744 5241">
    <p class='ocr_par' dir='ltr' id='par_1_114' title="bbox 2114 5156 3744 5241">
     <span class='ocr_line' id='line_1_114' title="bbox 2114 5156 3744 5241; baseline -0.006 -21"><span class='ocrx_word' id='word_1_761' title='bbox 2114 5164 2384 5241; x_wconf 83' lang='grc' dir='ltr'>ῥιγώντων</span> <span class='ocrx_word' id='word_1_762' title='bbox 2439 5161 2884 5235; x_wconf 63' lang='grc' dir='ltr'>ἀποδημούντων</span> <span class='ocrx_word' id='word_1_763' title='bbox 2934 5162 3128 5225; x_wconf 86' lang='grc' dir='ltr'>πάντες</span> <span class='ocrx_word' id='word_1_764' title='bbox 3174 5161 3273 5239; x_wconf 85' lang='grc' dir='ltr'><strong>γὰρ</strong></span> <span class='ocrx_word' id='word_1_765' title='bbox 3316 5162 3563 5237; x_wconf 84' lang='grc' dir='ltr'>προνοίας</span> <span class='ocrx_word' id='word_1_766' title='bbox 3617 5156 3744 5214; x_wconf 73' lang='grc' dir='ltr'>ἀπέ-</span> 
     </span>
    </p>
   </div>
   <div class='ocr_carea' id='block_1_115' title="bbox 2115 5247 3748 5325">
    <p class='ocr_par' dir='ltr' id='par_1_115' title="bbox 2115 5247 3748 5325">
     <span class='ocr_line' id='line_1_115' title="bbox 2115 5247 3748 5325; baseline -0.007 -15"><span class='ocrx_word' id='word_1_767' title='bbox 2115 5253 2279 5310; x_wconf 76' lang='grc' dir='ltr'>λιϐον</span> <span class='ocrx_word' id='word_1_768' title='bbox 2311 5254 2453 5325; x_wconf 79' lang='grc' dir='ltr'>αὒτῷ</span> <span class='ocrx_word' id='word_1_769' title='bbox 2484 5257 2580 5318; x_wconf 80' lang='grc' dir='ltr'>τῆς</span> <span class='ocrx_word' id='word_1_770' title='bbox 2614 5250 2859 5316; x_wconf 75' lang='grc' dir='ltr'>δεούσης,</span> <span class='ocrx_word' id='word_1_771' title='bbox 2893 5248 3285 5325; x_wconf 84' lang='grc' dir='ltr'>Ἀμελούμενον</span> <span class='ocrx_word' id='word_1_772' title='bbox 3316 5247 3369 5305; x_wconf 73' lang='grc' dir='ltr'><strong>δὲ</strong></span> <span class='ocrx_word' id='word_1_773' title='bbox 3479 5249 3748 5325; x_wconf 78' lang='grc' dir='ltr'>παραθεω-</span> 
     </span>
    </p>
   </div>
   <div class='ocr_carea' id='block_1_116' title="bbox 2116 5331 3745 5421">
    <p class='ocr_par' dir='ltr' id='par_1_116' title="bbox 2116 5331 3745 5421">
     <span class='ocr_line' id='line_1_116' title="bbox 2116 5331 3745 5421; baseline -0.004 -19"><span class='ocrx_word' id='word_1_774' title='bbox 2116 5346 2395 5421; x_wconf 80' lang='grc' dir='ltr'>ρούμενον’</span> <span class='ocrx_word' id='word_1_775' title='bbox 2462 5341 2616 5419; x_wconf 74' lang='grc' dir='ltr'>εἴπερ</span> <span class='ocrx_word' id='word_1_776' title='bbox 2650 5340 2911 5411; x_wconf 76' lang='grc' dir='ltr'>ἐζήτησας</span> <span class='ocrx_word' id='word_1_777' title='bbox 2971 5338 3086 5395; x_wconf 79' lang='grc' dir='ltr'>ἐκεῖ</span> <span class='ocrx_word' id='word_1_778' title='bbox 3115 5338 3180 5394; x_wconf 80' lang='grc' dir='ltr'>δι’</span> <span class='ocrx_word' id='word_1_779' title='bbox 3214 5338 3480 5396; x_wconf 74' lang='grc' dir='ltr'>εὖτὲλειαν</span> <span class='ocrx_word' id='word_1_780' title='bbox 3510 5337 3649 5415; x_wconf 78' lang='grc' dir='ltr'>εὗρες</span> <span class='ocrx_word' id='word_1_781' title='bbox 3686 5331 3745 5386; x_wconf 68' lang='grc' dir='ltr'>ἂν</span> 
     </span>
    </p>
   </div>
   <div class='ocr_carea' id='block_1_117' title="bbox 2115 5421 3742 5503">
    <p class='ocr_par' dir='ltr' id='par_1_117' title="bbox 2115 5421 3742 5503">
     <span class='ocr_line' id='line_1_117' title="bbox 2162 5421 3710 5454; baseline -0.009 -4"><span class='ocrx_word' id='word_1_782' title='bbox 2162 5442 2178 5450; x_wconf 81' lang='grc'><strong>-</strong></span> <span class='ocrx_word' id='word_1_783' title='bbox 2310 5434 2321 5448; x_wconf 75' lang='grc' dir='ltr'><strong>ι</strong></span> <span class='ocrx_word' id='word_1_784' title='bbox 2543 5430 2618 5452; x_wconf 64' lang='grc' dir='ltr'>μ.</span> <span class='ocrx_word' id='word_1_785' title='bbox 2754 5430 2765 5447; x_wconf 78' lang='grc'>,</span> <span class='ocrx_word' id='word_1_786' title='bbox 2815 5429 2865 5449; x_wconf 53' lang='grc' dir='ltr'><strong>η,</strong></span> <span class='ocrx_word' id='word_1_787' title='bbox 2950 5432 2961 5449; x_wconf 85' lang='lat'><strong>,</strong></span> <span class='ocrx_word' id='word_1_788' title='bbox 3010 5430 3021 5444; x_wconf 84' lang='lat'><strong>.</strong></span> <span class='ocrx_word' id='word_1_789' title='bbox 3130 5428 3145 5445; x_wconf 54' lang='grc' dir='ltr'><strong>κ</strong></span> <span class='ocrx_word' id='word_1_790' title='bbox 3295 5436 3315 5444; x_wconf 75' lang='grc'><strong>,</strong></span> <span class='ocrx_word' id='word_1_791' title='bbox 3578 5428 3590 5446; x_wconf 85' lang='lat'><strong>,</strong></span> <span class='ocrx_word' id='word_1_792' title='bbox 3634 5422 3653 5454; x_wconf 53' lang='grc' dir='ltr'><em>λ</em></span> <span class='ocrx_word' id='word_1_793' title='bbox 3703 5421 3710 5433; x_wconf 90' lang='grc'><strong><em>.</em></strong></span> 
     </span>
     <span class='ocr_line' id='line_1_118' title="bbox 2115 5429 3742 5503; baseline -0.004 -14"><span class='ocrx_word' id='word_1_794' title='bbox 2115 5458 2221 5489; x_wconf 84' lang='grc' dir='ltr'><strong>των</strong></span> <span class='ocrx_word' id='word_1_795' title='bbox 2249 5453 2463 5490; x_wconf 84' lang='grc' dir='ltr'>παντων</span> <span class='ocrx_word' id='word_1_796' title='bbox 2508 5452 2713 5501; x_wconf 86' lang='grc' dir='ltr'>ουοενα,</span> <span class='ocrx_word' id='word_1_797' title='bbox 2744 5429 2840 5484; x_wconf 80' lang='grc' dir='ltr'>αλΑ</span> <span class='ocrx_word' id='word_1_798' title='bbox 2915 5450 3035 5486; x_wconf 67' lang='lat' dir='ltr'><strong>uoto</strong></span> <span class='ocrx_word' id='word_1_799' title='bbox 3086 5450 3183 5503; x_wconf 80' lang='grc' dir='ltr'><strong>μεν</strong></span> <span class='ocrx_word' id='word_1_800' title='bbox 3228 5448 3407 5502; x_wconf 85' lang='grc' dir='ltr'>τουτο,</span> <span class='ocrx_word' id='word_1_801' title='bbox 3442 5430 3504 5485; x_wconf 83' lang='grc' dir='ltr'>τὸ</span> <span class='ocrx_word' id='word_1_802' title='bbox 3545 5434 3742 5483; x_wconf 70' lang='grc' dir='ltr'>ευτελες</span> 
     </span>
    </p>
   </div>
   <div class='ocr_carea' id='block_1_118' title="bbox 2113 5508 3740 5601">
    <p class='ocr_par' dir='ltr' id='par_1_118' title="bbox 2113 5508 3740 5601">
     <span class='ocr_line' id='line_1_119' title="bbox 2113 5508 3740 5601; baseline -0.008 -23"><span class='ocrx_word' id='word_1_803' title='bbox 2113 5545 2275 5601; x_wconf 83' lang='grc' dir='ltr'>φημι,</span> <span class='ocrx_word' id='word_1_804' title='bbox 2330 5524 2418 5577; x_wconf 80' lang='grc' dir='ltr'>καὶ</span> <span class='ocrx_word' id='word_1_805' title='bbox 2481 5520 2791 5599; x_wconf 69' lang='grc' dir='ltr'>ἐλάχιστον,</span> <span class='ocrx_word' id='word_1_806' title='bbox 2844 5518 2930 5573; x_wconf 85' lang='grc' dir='ltr'>καὶ</span> <span class='ocrx_word' id='word_1_807' title='bbox 2995 5516 3232 5581; x_wconf 82' lang='grc' dir='ltr'>πλείονος</span> <span class='ocrx_word' id='word_1_808' title='bbox 3292 5516 3593 5592; x_wconf 71' lang='grc' dir='ltr'>ἀξιούμενος</span> 
     </span>
    </p>
   </div>
   <div class='ocr_carea' id='block_1_119' title="bbox 2111 5598 3739 5693">
    <p class='ocr_par' dir='ltr' id='par_1_119' title="bbox 2111 5598 3739 5693">
     <span class='ocr_line' id='line_1_120' title="bbox 2111 5598 3739 5693; baseline -0.008 -26"><span class='ocrx_word' id='word_1_809' title='bbox 2111 5598 2388 5693; x_wconf 77' lang='grc' dir='ltr'>προνοίαςο</span> <span class='ocrx_word' id='word_1_810' title='bbox 2448 5598 2701 5666; x_wconf 13' lang='grc' dir='ltr'>ὶπεὶνκαὶ</span> <span class='ocrx_word' id='word_1_811' title='bbox 2757 5607 2987 5687; x_wconf 76' lang='grc' dir='ltr'>Χριστὸς</span> <span class='ocrx_word' id='word_1_812' title='bbox 3040 5604 3096 5661; x_wconf 88' lang='grc' dir='ltr'><strong>ἐν</strong></span> <span class='ocrx_word' id='word_1_813' title='bbox 3152 5604 3486 5687; x_wconf 69' lang='grc' dir='ltr'>ἐλαχίστοις,</span> <span class='ocrx_word' id='word_1_814' title='bbox 3533 5600 3628 5662; x_wconf 68' lang='grc' dir='ltr'><strong>καί</strong></span> <span class='ocrx_word' id='word_1_815' title='bbox 3677 5598 3739 5655; x_wconf 82' lang='grc' dir='ltr'>τὰ</span> 
     </span>
    </p>
   </div>
  </div>
