4018 6136
324 263 442 329 499

1607 267 1888 332 MENSIS
1941 269 2390 334 JANUARlUS.

3609 263 3727 331 500

327 418 439 481 per
461 398 795 463 orationem
823 399 1006 463 veluti
1031 398 1104 460 ad
1124 395 1456 479 replendos
1474 405 1715 461 ventres
1748 419 1976 484 paupe-

2076 406 2135 468 εἰς
2225 406 2317 471 τὰς
2402 411 2508 463 τῶν
2618 406 2864 476 πενήτων
2945 403 3203 483 γαστέρας
3296 400 3730 480 πολυγονώτατον

321 508 459 553 rum
486 489 809 571 plurimum
835 490 1092 552 fructum
1120 487 1548 568 produxerant.
1587 489 1686 551 Sic
1713 507 1821 570 pro
1851 493 1980 571 ejus

325 580 631 660 proposito
661 581 819 643 Deus
840 581 1039 660 ipsum
1064 585 1152 639 est
1175 586 1691 654 remuneratus,et
1712 599 1822 660 pro
1847 583 1980 662 ejus

327 669 734 735 beneﬁcentia
762 671 820 732 in
855 686 1298 750 pauperes,non
1322 667 1513 729 solum
1539 667 1777 732 abunde
1799 671 1980 734 desu-

329 779 441 841 per
473 761 685 841 pluens
742 767 989 840 propter
1036 758 1170 838 ejus
1212 757 1556 818 muniﬁcam
1591 759 1976 836 voluntatem,

330 853 439 916 sed
467 852 643 913 etiam
675 849 970 922 efﬁciens,
1005 855 1068 908 ut
1099 846 1187 907 vir
1211 845 1316 907 ille
1347 851 1406 906 in
1440 846 1840 912 admiratione
1867 850 1978 912 ha-

329 942 577 1005 beretur
610 947 666 1001 et
697 936 1131 1010 celebraretur,
1164 942 1482 1016 propterea
1512 937 1670 1016 quod
1696 937 1773 999 sit
1793 939 1978 1001 mini-

329 1048 428 1094 me
454 1029 663 1092 falsum
699 1027 1089 1108 promissum.
1117 1023 1400 1086 Promisit
1427 1026 1590 1086 enim
1617 1045 1717 1088 eos
1745 1028 1978 1107 gloriﬁ-

330 1137 490 1194 care,
523 1118 625 1194 qui
659 1135 800 1179 eum
831 1116 1028 1177 sciunt
1060 1114 1402 1194 gloriﬁcare
1433 1133 1542 1195 per
1572 1133 1755 1195 Opera
1786 1117 1865 1178 12.

412 1208 512 1272 31.
548 1205 683 1268 Post
711 1207 826 1268 hoc
857 1213 1055 1284 autem
1085 1203 1246 1266 aliud
1272 1222 1513 1285 quoque
1537 1202 1798 1281 dicatur,
1819 1208 1976 1290 quod

332 1314 537 1379 parem
564 1294 836 1357 continet
856 1301 915 1356 et
935 1292 1258 1356 voluntatis
1284 1293 1846 1370 muniﬁcentiam,et
1869 1316 1976 1378 pa-

332 1385 530 1448 trandi
553 1383 826 1447 miraculi
855 1386 1158 1447 virtutem.
1177 1383 1411 1445 Rursus
1442 1389 1570 1443 erat
1605 1381 1739 1445 dies
1768 1384 1976 1467 festus,

336 1485 395 1540 et
415 1477 599 1537 festus
628 1472 898 1551 Virginis
933 1471 1038 1536 Dei
1066 1471 1271 1536 Matris
1305 1488 1319 1530 :
1371 1469 1433 1531 in
1484 1489 1627 1550 quo,
1663 1482 1983 1554 propterea

336 1564 500 1646 quod
531 1569 660 1626 erat
690 1561 860 1624 valde
889 1561 1139 1640 insignis
1171 1579 1240 1621 ac
1269 1560 1584 1632 solemnis,
1613 1569 1732 1623 tam
1769 1582 1982 1644 magna

337 1648 1546 1732 conveneratmultitudo(op0rtebatenim
1574 1659 1630 1710 et
1653 1650 1792 1714 festi
1805 1672 1983 1717 causa

2059 495 2461 570 γεωργήσασαι.
2521 493 2700 556 Οὕτως
2775 495 2932 551 αὐτὸν
3003 495 3032 550 ὁ
3091 495 3222 558 Θεὸς
3296 489 3568 568 ἠμείϐετο
3630 498 3728 560 τῆς

2061 583 2380 664 προθέσεως,
2441 584 2581 642 οὕτω
2635 586 2734 651 τῆς
2786 583 2902 663 περὶ
2973 583 3094 646 τοὺς
3146 582 3400 649 πένητας
3463 581 3716 658 εὖποιίας,

2061 673 2121 729 ού
2166 675 2329 747 μόνον
2372 673 2614 752 ἀφθόνως
2673 671 2872 731 ἄνωθεν
2912 672 3126 743 ὑετίζων
3169 669 3259 728 διὰ
3307 670 3418 738 τὴν
3479 671 3715 749 ἀφθονίαν

2061 767 2160 829 τῆς
2213 763 2596 842 προαιρέσεως,
2653 761 2792 818 ἀλλὰ
2842 767 3123 840 πανταχοῦ
3189 760 3607 835 θαυμαζόμενόν
3657 783 3710 818 τε

2062 852 2148 907 καὶ
2192 849 2568 930 περιᾳδόμενον
2611 852 2702 908 τὸν
2749 848 2908 928 ἄνδρα
2937 849 3210 923 δεικνύων,
3279 848 3373 909 διὰ
3418 851 3485 906 τὸ
3546 848 3711 924 ἄψαυ-

2065 961 2190 997 στον
2237 945 2333 1007 τῆς
2383 938 2732 1018 ἐπαγγελίας,
2788 938 3033 1011 Δοξάζειν
3061 939 3160 1018 γὰρ
3190 938 3574 1017 ἐπηγγείλατο
3605 939 3714 1005 τοὺς

2062 1026 2147 1086 διὰ
2177 1035 2282 1086 τῶν
2312 1028 2480 1108 ἔργων
2511 1028 2668 1086 αὒτὸν
2697 1028 2927 1100 δοξάζειν
2957 1028 3381 1104 ἐπισταμένους.
3501 1018 3504 1020 Ὗ

2142 1205 2258 1267 λα’.
2294 1207 2541 1285 Λεγέσθω
2567 1217 2845 1288 τοιγαροῦν
2884 1208 2970 1265 ἐπὶ
3015 1209 3185 1283 τούτῳ
3225 1208 3333 1266 καὶ
3379 1206 3596 1286 ἕτερον,
3630 1213 3727 1276 τῆς

2061 1297 2249 1373 ὁμοίας
2307 1298 2364 1354 ὃν
2425 1299 2534 1376 καὶ⁴
2578 1299 2694 1376 περὶ
2743 1299 2844 1366 τὴν
2899 1299 3201 1376 προαίρεσιν
3263 1296 3589 1377 δαψιλείας,
3635 1299 3729 1355 καί

2062 1387 2180 1464 περὶ
2235 1386 2336 1452 τὴν
2420 1389 2842 1466 θαυματουργίαν
2919 1386 3214 1452 δυνάμεως.
3306 1379 3516 1466 Ἐορτῆ
3568 1385 3728 1444 πάλιν

2061 1478 2153 1549 ἦν,
2196 1477 2284 1532 καὶ
2323 1476 2359 1542 ἡ
2407 1476 2563 1553 ἑορτὴ
2622 1481 2721 1543 τῆς
2780 1476 3041 1554 Παρθένου
3095 1478 3193 1534 καὶ
3252 1479 3643 1554 Θεομήτορος,
3677 1477 3730 1532 ἐν

2063 1565 2099 1642 ᾗ
2156 1563 2250 1620 διὰ
2292 1564 2352 1620 τὸ
2399 1563 2514 1620 λίαν
2570 1565 2835 1640 ἐπίσημον
2893 1567 3032 1623 οὕτω
3082 1589 3132 1624 τι
3191 1565 3334 1623 πολὺ
3399 1566 3639 1633 συνῆλθε
3668 1569 3729 1623 τὸ

2064 1652 2267 1716 πλῆθος
2322 1650 2450 1732 (ἔδει
2481 1654 2580 1733 γὰρ
2624 1655 2718 1711 καῖ
2769 1653 2854 1711 διὰ
2897 1655 2994 1723 τὴν
3026 1656 3122 1724 τῆς
3155 1657 3352 1734 έορτῆς
3388 1656 3568 1712 αἰτίαν
3600 1655 3731 1713 πολ-

340 1762 475 1807 esse
505 1743 722 1805 mullos
751 1741 1253 1814 celebraturos,et
1276 1741 1408 1820 ejus
1433 1741 1534 1822 qui
1566 1742 1702 1805 festi
1733 1743 1981 1805 celebri-

2076 1743 2186 1807 λοὺς
2219 1742 2363 1798 εἶναι
2396 1743 2528 1806 τοὺς
2557 1745 3022 1822 πανεγυρίζοντας,
3085 1744 3181 1802 καῖ
3228 1746 3331 1812 τὴν
3390 1755 3490 1805 τοῦ
3545 1767 3729 1812 πανη-

337 1841 517 1896 tatem
551 1829 894 1914 peragebat,
922 1831 1258 1905 dexteram,
1293 1838 1415 1910 aut,
1442 1837 1506 1891 ut
1530 1831 1728 1910 potius
1757 1832 1978 1910 dicam,

339 1921 968 2003 propositum,babere
988 1920 1167 1982 etiam
1186 1922 1620 1984 convenienter
1641 1921 1858 1984 multos
1881 1923 1984 2004 qui

337 2012 677 2091 alerentur)
701 2019 764 2074 ut
784 2029 858 2073 ne
885 2010 1238 2072 sufﬁcerent
1269 2009 1509 2090 quidem
1532 2010 1605 2072 ad
1641 2011 1982 2074 faciendum

340 2100 700 2164 accumbere
757 2118 861 2163 eos
918 2099 1019 2181 qui
1080 2098 1472 2174 accedebant,
1506 2099 1594 2161 illi
1624 2101 1842 2181 quibus
1871 2101 1986 2164 hoc

342 2191 728 2256 commissum
751 2190 964 2266 fuerat;
993 2195 1217 2251 tantum
1241 2187 1503 2264 abest,ut
1523 2188 1982 2271 haberentquod

343 2282 486 2345 satis
508 2286 671 2343 esset
689 2279 761 2342 ad
791 2298 895 2343 eos
926 2278 1202 2356 alendos,
1238 2278 1356 2340 nisi
1386 2278 1446 2340 in
1475 2279 1729 2358 singulis
1763 2281 1987 2342 mensis

343 2377 650 2453 oporteret
671 2388 856 2432 unum
883 2387 1097 2450 panem
1121 2365 1568 2450 apponere.Qui
1593 2377 1791 2430 autem
1814 2387 1988 2434 arcas

345 2461 623 2544 panarias
639 2468 776 2522 ante
791 2459 1144 2539 impleverat
1161 2457 1453 2519 Dominus
1475 2457 1662 2537 (larga
1675 2467 1733 2520 et
1745 2458 1989 2541 copiosa

343 2551 746 2630 dextera,qua3
761 2548 1112 2631 aperitur.et
1131 2546 1321 2610 nutrit
1339 2546 1630 2628 quidquid
1655 2546 1730 2609 ab
1751 2548 1878 2628 ipsa
1900 2555 1990 2610 est

341 2639 726 2719 creatum),is
748 2646 894 2701 tunc
923 2655 1161 2718 quoque
1186 2653 1423 2698 mensas
1456 2635 1747 2716 implevit,
1773 2637 1888 2711 vel,
1927 2643 1991 2698 ut

346 2731 544 2810 potius
567 2728 787 2804 dicam,
812 2736 1086 2790 ventres:
1113 2726 1265 2788 adeo
1283 2733 1349 2787 ut
1371 2745 1506 2788 cum
1531 2725 1990 2789 innumerabilis

339 2821 447 2882 ille
475 2817 784 2880 hominum
820 2823 1154 2879 conventus
1209 2815 1422 2877 fuisset
1454 2815 1667 2894 plenus
1697 2815 1770 2878 ad
1805 2817 1990 2878 satie-

347 2919 556 2983 tatem,
593 2915 678 2970 tot
707 2913 1144 2986 essentsportae
1176 2904 1590 2986 reliquiarum,
1621 2913 1688 2968 ut
1717 2906 1832 2987 ipsi
1850 2926 1991 2988 quo-

350 3017 467 3081 que
498 3000 600 3080 qui
629 2995 1060 3071 accubuerant,
1118 2995 1301 3057 multa
1349 2994 1595 3056 domum
1631 2995 1898 3073 tulerint,
1931 3003 1991 3060 et

2065 1839 2310 1910 γυριστοῦ
2352 1829 2545 1908 δεξιὰν,
2579 1833 2614 1902 ἢ
2647 1835 2740 1901 τὴν
2787 1836 3031 1913 πρόθεσιν
3089 1833 3294 1910 μᾶλλον
3347 1836 3534 1892 εἰπεῖν
3597 1835 3730 1890 ἀνα-

2065 1921 2242 1999 λόγως
2274 1925 2438 1988 αὐτῆς
2471 1921 2619 2002 ἔχειν
2663 1922 2757 1979 καὶ
2816 1923 2939 1987 τοὺς
2967 1924 3444 2004 τραφησομένους)
3479 1929 3556 1987 ὡς
3589 1921 3730 2000 μηδέ

2065 2013 2188 2075 τοὺς
2242 2010 2327 2068 ἐπ’
2374 2014 2517 2086 αὐτῷ
2558 2013 2916 2091 τεταγμένους
2973 2011 3310 2070 κατακλίνειν
3339 2014 3473 2076 τοὺς
3526 2014 3726 2071 εἰσιόν-

2066 2123 2161 2164 τας
2220 2102 2430 2180 ἆρκεϊν,
2489 2101 2567 2176 μή
2615 2122 2666 2159 τι
2726 2125 2788 2180 γε
2834 2103 3025 2159 καὶτὸ
3064 2102 3319 2180 αὔταρκες
3383 2105 3461 2168 έίς
3523 2105 3729 2184 τροφὴν

2069 2204 2361 2271 χορηγεῖν,
2404 2189 2545 2259 πλὴν
2573 2193 2618 2248 εἰ
2651 2193 2784 2248 κατὰ
2813 2193 2938 2268 μίαν
2968 2192 3074 2249 τῶν
3129 2197 3412 2267 τραπεζῶν
3473 2192 3568 2250 ἕνα
3628 2192 3732 2248 ἔδει

2069 2281 2160 2337 τὸν
2217 2278 2376 2360 ἄρτου
2432 2282 2795 2360 παρατιθέναι.
2861 2273 2917 2339 εΟ
2961 2281 3015 2337 δὲ
3059 2281 3163 2359 πρὸ
3191 2282 3400 2338 τούτων
3433 2284 3535 2345 τὰς
3567 2283 3733 2360 ἀρτο-

2068 2370 2234 2438 θήκας
2293 2369 2516 2446 τ’ληρῶν
2607 2371 2795 2448 Κύριος
2861 2368 2920 2450 (ἡ
2979 2369 3286 2447 πολυαρκὴς
3346 2373 3441 2427 καὶ
3506 2369 3732 2450 ἄφθονος

2071 2455 2213 2524 δεξιὰ
2267 2459 2300 2526 ἡ
2359 2458 2681 2537 ἀνοιγομένη
2741 2461 2830 2516 καὶ
2860 2465 2968 2517 πᾶν
3025 2462 3086 2516 τὸ
3142 2458 3232 2516 ὑπ’
3278 2462 3456 2528 αὐτῆς
3519 2460 3732 2518 κτισθὲν

2071 2547 2389 2628 τρέφουσα),
2423 2548 2576 2613 οὗτος
2605 2547 2670 2617 δὴ
2710 2550 2796 2606 καὶ
2826 2549 2948 2607 τότε
2994 2551 3090 2615 τὰς
3137 2550 3406 2628 τραπέζας
3458 2550 3728 2629 ὶπλήρου,

2071 2637 2106 2706 ἢ
2149 2638 2238 2694 καὶ
2291 2638 2386 2702 τὰς
2445 2637 2700 2716 γαστέρας
2746 2638 2950 2714 μᾶλλον
3010 2641 3181 2696 εἰπεῖν
3215 2657 3232 2676 ⁸
3293 2639 3441 2698 ὥστε
3496 2643 3590 2697 καὶ
3633 2646 3732 2707 τῆς

2074 2728 2477 2807 μυριανθρώπου
2526 2731 2842 2808 συναγωγῆς
2891 2729 3097 2798 ἐκείνης
3150 2730 3224 2793 εἷς
3255 2732 3418 2808 κόρον
3461 2729 3731 2798 πλησθεί-

2074 2841 2197 2887 σης,
2259 2825 2506 2874 τοσαῦται
2551 2824 2656 2876 τῶν
2714 2817 2983 2894 λειψάνων
3033 2822 3085 2874 αἱ
3140 2817 3386 2897 σπυρίδες
3433 2821 3603 2895 ἦσαν,
3656 2823 3731 2882 ὡς

2073 2908 2259 2971 αύτούς
2329 2929 2387 2963 τε
2458 2909 2581 2974 τοὺς
2651 2909 3060 2975 κατακλιθέντας
3136 2909 3313 2966 πολλὰ
3372 2911 3466 2967 καὶ
3541 2908 3730 2968 οἴκαδε

2073 2996 2494 3074 ἀπενέγκασθαι,
2528 2998 2618 3054 καὶ
2649 2999 2772 3062 τοὺς
2795 2997 3230 3076 διακονουμένους
3255 2999 3478 3077 ὕστερον
3523 3001 3729 3080 συχνὰς

348 3088 422 3152 iis
477 3087 578 3168 qui
626 3084 989 3160 serviebant,
1048 3102 1117 3148 ex
1178 3083 1253 3147 iis
1310 3083 1430 3147 sint
1473 3084 1733 3165 opiparze
1785 3094 1981 3166 postea

2076 3087 2133 3144 ἐκ
2160 3087 2357 3144 τούτων
2388 3091 2704 3166 παραθεῖναι
2735 3088 3018 3167 τραπέζας.

351 3196 577 3239 mensae
612 3175 920 3257 appositae.

428 3265 1036 3331 32.Videnturautem
1060 3262 1191 3325 haec
1217 3280 1352 3326 esse
1369 3262 1637 3327 difﬁcilia
1659 3283 1780 3328 non
1799 3264 1988 3327 solum

343 3358 420 3421 ad
441 3354 936 3436 imitandum,sed
965 3354 1143 3417 etiam
1167 3353 1240 3416 ad
1262 3353 1719 3428 laudandum,et
1735 3355 1808 3417 ad
1828 3364 1994 3418 recte

346 3446 765 3527 explicandum
821 3445 1114 3506 oratione.
1171 3442 1313 3516 Quis
1363 3443 1524 3506 enim
1556 3445 1752 3508 adhuc
1785 3443 1993 3508 videns

348 3536 660 3618 Egyptios
689 3534 1063 3597 conﬂuentes
1093 3532 1168 3594 ad
1201 3532 1400 3612 magni
1428 3534 1751 3596 Theodosii
1785 3553 1991 3596 mona-

347 3628 623 3704 sterium,
658 3642 778 3686 non
801 3621 1232 3685 existimaverit
1263 3621 1351 3683 vel
1409 3630 1620 3703 puteos
1650 3641 1784 3685 esse
1815 3631 1994 3686 tantae

348 3713 718 3776 multitudini
749 3712 1093 3774 defecturos
1116 3711 1190 3773 ad
1243 3710 1434 3773 solum
1468 3721 1670 3793 potum
1695 3711 1725 3772 ?
1753 3711 1846 3775 Illi
1877 3731 1992 3776 au-

349 3812 470 3865 tem
502 3803 581 3864 ita
610 3802 687 3865 ad
744 3801 1079 3864 satietatem
1147 3801 1427 3862 fruuntur
1477 3803 1792 3883 appositis,
1827 3811 1888 3864 ut
1919 3803 1993 3864 iis

351 3891 659 3972 etiam,qui
691 3899 825 3971 post
850 3891 1014 3970 ipsos
1037 3889 1737 3960 veniebant,sufﬁcerent
1757 3910 1890 3973 quae
1904 3910 1997 3954 re-

350 3981 794 4056 manserant,ad
828 3979 1160 4042 secundum
1199 3978 1711 4053 conviviquuis
1740 3999 1882 4060 ergo
1904 3983 1993 4042 vi—

350 4071 523 4146 dens,
557 4088 691 4150 quae
719 4070 782 4130 in
807 4069 1162 4131 hodiernum
1187 4086 1377 4149 usque
1397 4067 1558 4130 diem
1587 4070 1733 4131 ﬁunt
1752 4069 1812 4131 in
1841 4069 1993 4132 soli-

350 4158 714 4235 tudine,non
741 4159 940 4221 statim
965 4164 1058 4221 est
1079 4156 1395 4220 habiturus
1418 4157 1535 4220 ﬁde
1557 4159 1801 4238 dignum
1829 4159 2000 4222 testi-

2152 3265 2267 3343 λβ’.
2309 3265 2496 3325 ’Έοικε
2527 3265 2582 3323 δὲ
2612 3266 2778 3324 ταῦτα
2806 3271 2866 3327 οὒ
2922 3272 3258 3344 μιμησασθαι
3303 3270 3474 3346 μόνον
3505 3268 3726 3351 χαλεπᾶ

2074 3360 2238 3432 εἶναι,
2272 3355 2411 3414 ἀλλὰ
2451 3357 2539 3413 καὶ
2593 3356 2891 3436 ἐπαινέσαι,
2946 3359 3032 3414 καὶ
3086 3356 3266 3420 καλῶς
3327 3361 3408 3434 τῷ
3459 3359 3614 3438 λόγῳ
3643 3356 3724 3415 δι-

2074 3445 2329 3513 εξελθεῖν.
2375 3447 2462 3513 Τίς
2517 3448 2618 3524 γὰρ
2661 3449 2748 3503 καὶ
2797 3447 3109 3524 Αἰγυπτίους
3170 3451 3306 3524 ὁρῶν
3336 3450 3414 3513 εἷς
3475 3449 3557 3505 ἔτι
3613 3459 3727 3510 τοῖς

2073 3535 2359 3614 ἐγκαινίοις
2417 3537 2548 3613 πρὸς
2606 3536 2705 3603 τὴν
2765 3544 2857 3594 τοῦ
2906 3535 3144 3613 μεγάλου
3177 3537 3342 3611 μονὴν
3379 3537 3727 3618 συῤῥέοντας,

2073 3627 2172 3683 οὒκ
2226 3624 2520 3701 ἐπιλείψειν
2549 3623 2611 3680 ἂν
2643 3623 2696 3681 ἐν
2733 3625 2966 3700 τοσούτῳ
3009 3625 3200 3696 πλήθει
3256 3629 3389 3698 πρὸς
3441 3628 3610 3684 ποτόν
3665 3645 3725 3703 γε

2074 3715 2238 3791 μόνον
2263 3715 2528 3792 ἡγήσαιτο
2581 3714 2670 3770 καὶ
2711 3714 2778 3770 τὰ
2821 3717 3020 3795 φρέατα
3053 3732 3069 3789 ;
3123 3717 3182 3772 Οἱ
3213 3713 3268 3772 δέ
3301 3717 3472 3782 οὕτως
3517 3718 3594 3781 εἰς
3624 3715 3723 3771 κό-

2077 3828 2166 3882 ροι
2224 3802 2556 3861 ἆπολαϐοὖσι
2621 3810 2728 3860 τῶν
2784 3805 3214 3884 παρακειμένων,
3277 3805 3417 3863 ὥστε
3464 3807 3552 3863 καὶ
3606 3815 3722 3864 τοῖς

2078 3893 2198 3969 μετ’
2228 3895 2416 3957 αὐτοὺς
2479 3892 2684 3950 ἐπιοῦσι
2713 3894 2780 3950 τὰ
2830 3893 3262 3970 ὑπολελειμμένα
3314 3897 3448 3975 πρὸς
3478 3893 3721 3968 δευτέραν

2077 3984 2261 4062 ἀρκεῖν
2312 3984 2572 4042 ἑστίασιν.
2645 3983 2730 4045 Τίς
2786 3982 2874 4039 οὗν
2925 3990 3090 4040 ταῦτα
3149 3984 3313 4065 μέχρι
3372 3987 3462 4042 καὶ
3523 3991 3613 4042 νῦν
3668 3981 3720 4038 ἐν

2078 4073 2262 4149 ἐρήμῳ
2304 4070 2731 4148 διαπραττόμενοι
2789 4075 3048 4152 καθορῶν,
3099 4075 3196 4130 οὒκ
3248 4074 3394 4136 εὐθὺς
3458 4073 3720 4155 ἐχέγγυον

2082 4160 2181 4226 ἕξει
2235 4162 2336 4228 τὴν
2393 4161 2701 4239 μαρτυρίαν,
2749 4162 2823 4225 ὡς
2881 4164 2909 4218 ὁ
2953 4160 3039 4218 διὰ
3098 4161 3331 4228 Μωσέως
3385 4162 3476 4220 ἐπ’
3512 4159 3722 4241 ἐρημίᾳ

351 4250 809 4332 monium,quod
835 4254 934 4330 qui
958 4266 1065 4329 per
1085 4247 1347 4328 Moysem
1371 4247 1434 4311 in
1464 4247 1790 4311 solitudine
1811 4250 1981 4311 mira~

2080 4252 2336 4329 πρότερον
2421 4249 2713 4327 παράδοξον
2802 4241 3064 4330 οΙζϐραίοις
3141 4250 3416 4330 όμϐρήσας
3498 4253 3716 4332 τροφὴν,

352 4342 471 4400 bile
493 4343 657 4413 prius
679 4343 824 4414 pluit
847 4341 1098 4401 Hebraeis
1120 4341 1660 4408 nutrimentum,hic
1693 4342 1816 4414 ipse
1840 4357 1981 4400 nunt

2082 4343 2238 4403 αὐτὸς
2284 4341 2432 4405 οὗτος
2489 4341 2580 4397 καὶ
2641 4339 2728 4396 διὰ
2765 4338 3042 4398 Θεοδοσίου
3097 4341 3164 4397 τὰ
3207 4348 3295 4398 νῦν
3348 4339 3461 4420 (καὶ
3522 4342 3623 4418 γὰρ
3669 4337 3720 4395 ἐν

353 4445 592 4509 quoque
614 4445 724 4508 per
743 4426 1146 4489 Theodosium
1170 4426 1420 4506 (etenim
1448 4426 1504 4487 in
1530 4426 1770 4489 Christo
1798 4427 1981 4491 vivert

2082 4429 2292 4508 Χριστῷ
2317 4429 2413 4500 ζῇν
2443 4428 2776 4508 πιστεύεται)
2827 4430 2888 4484 τὸ
2929 4428 3068 4506 μέγα
3109 4436 3263 4485 τοῦτο
3305 4431 3391 4486 καὶ
3444 4428 3716 4487 θεσπέσιον

352 4517 638 4597 creditur)
665 4518 782 4580 hoc
804 4535 1042 4598 quoque
1084 4535 1361 4596 magnum
1395 4523 1453 4578 et
1482 4514 1756 4578 divinum
1789 4517 1981 4591 efﬁcit,

2081 4514 2315 4591 ἐκτελεϊ,
2374 4519 2462 4574 καὶ
2513 4519 2711 4596 τροφὴν
2741 4517 2956 4594 ἀνδράσι
3008 4519 3282 4581 τοσούτοις
3327 4521 3464 4577 κατὰ
3510 4521 3570 4576 τὸ
3623 4515 3717 4572 δα-

353 4616 414 4673 et
435 4616 518 4669 tot
541 4607 682 4668 viris
704 4607 1138 4668 nutrimentum
1163 4604 1409 4687 copiose
1439 4604 1816 4686 suppeditat?
1846 4606 1981 4670 Pro-

2082 4607 2236 4686 ψιλὲς
2295 4619 2585 4687 χορηγετ;
2654 4607 2752 4663 Διὰ
2801 4610 2967 4665 ταῦτα
3011 4609 3099 4665 καὶ
3154 4606 3386 4673 πολλοῦς
3418 4609 3548 4688 πρὸς
3577 4603 3716 4663 τόνδε

352 4709 563 4780 pterea
590 4715 731 4776 ergo
763 4697 981 4759 multos
1001 4713 1244 4778 quoque
1270 4695 1486 4759 videtis
1517 4695 1592 4758 ad
1619 4696 1777 4758 hunc
1800 4695 1981 4760 locun

2081 4700 2174 4755 τὸν
2217 4697 2381 4754 τόπον
2413 4695 2550 4761 ἴδοις
2583 4695 2988 4777 ἐπειγομένους,
3020 4699 3177 4754 αὐτὸν
3229 4698 3476 4778 ἀτεχνῶς
3519 4697 3719 4754 ἐκεῖνον

351 4789 724 4867 festinantes,
760 4785 920 4849 hunc
955 4786 1148 4867 ipsum
1188 4803 1399 4848 revera
1431 4803 1564 4848 esse
1593 4785 1762 4847 illum
1787 4787 1981 4849 existi-

2084 4792 2224 4845 εἶναι
2277 4786 2610 4865 νομίζοντας,
2643 4784 2725 4866 ἐφ’
2757 4788 2814 4843 ὃν
2849 4786 2945 4862 ἄρα
3001 4788 3088 4844 καὶ
3118 4788 3146 4844 ὁ
3177 4788 3372 4858 Σωτὴρ
3414 4789 3538 4852 τοὺς
3569 4783 3716 4842 πέντε

350 4886 608 4954 mantes,
646 4887 890 4958 pr0pter
917 4894 1096 4956 quem
1130 4874 1410 4938 Servator
1437 4884 1496 4938 et
1527 4875 1796 4957 quinque
1833 4876 1981 4957 priul

2081 4882 2332 4956 πρότερον
2363 4873 2547 4953 ἄρτους
2581 4874 2866 4954 εὐλόγησε,
2911 4877 3002 4933 καὶ
3049 4877 3306 4955 τοσαύτα,
3369 4875 3572 4958 ἀνδρῶν
3624 4897 3717 4954 χι-

353 4987 541 5049 panes
564 4967 962 5046 benedixit,et
984 4973 1070 5028 tot
1091 4965 1405 5028 hominum
1430 4965 1616 5028 millia
1638 4965 1784 5028 aluit
1804 4967 1876 5029 ad
1901 4984 1981 5028 sa-

2082 4965 2265 5028 λιάδας
2298 4967 2370 5027 εἷς
2421 4965 2580 5043 κόρον
2628 4964 2870 5042 ἔθρεψεν.
2917 4964 3085 5022 Ἀλλὰ
3135 4968 3225 5024 καὶ
3267 4972 3430 5024 ταῦτα
3491 4966 3586 5043 μὲν
3629 4960 3712 5018 οόι

349 5057 763 5122 tietatem.Sed
785 5057 911 5120 haec
941 5055 1183 5137 quidem
1204 5055 1283 5117 ita
1303 5074 1370 5118 se
1389 5053 1635 5118 habent.
1671 5055 1861 5119 Nobis
1889 5074 1981 5118 au-

2084 5077 2190 5121 τως
2223 5070 2237 5086 ⁸
2272 5055 2409 5131 ἡμῖν
2441 5052 2497 5110 δέ
2526 5051 2630 5122 ἤδη
2661 5056 2793 5134 πρὸς
2823 5055 2889 5112 τὰ
2919 5053 3042 5122 ἑξῆς
3073 5053 3235 5112 πάλιν
3266 5055 3426 5118 ίτέον.
3493 5106 3511 5118 ,

351 5158 469 5212 tem
501 5146 880 5211 redeundum
916 5153 1006 5208 est
1035 5145 1106 5209 ad
1129 5163 1223 5220 ea,
1260 5163 1394 5227 quae
1426 5152 1900 5226 consequuntur.

1839 5274 2071 5335 CAPUT
2107 5275 2251 5334 VIII.

1150 5377 1335 5442 Varla
1363 5375 1827 5440 valetudinaria
1857 5382 2194 5440 exstructa.
2229 5374 2651 5456 Energumcni
2680 5375 2946 5440 liberati.

407 5483 807 5556 33.Quoniam
822 5485 982 5549 enim
1001 5485 1365 5567 praecipuum
1382 5483 1671 5546 indicium
1698 5481 1863 5546 chari
1873 5483 2004 5545 tatis

437 5603 490 5648 ‘3
518 5603 569 5668 lI
603 5607 756 5684 Beg.
789 5621 854 5684 ιι,
888 5604 988 5672 30.
1075 5605 1126 5649 13
1157 5607 1306 5687 Reg.
1335 5621 1400 5668 ιι.

2167 5479 2285 5560 λγό
2331 5481 2484 5541 Ἐπεὶ
2513 5484 2612 5562 γὰρ
2643 5481 2841 5564 δεῖγμα
2869 5484 2930 5539 τὸ
2961 5484 3288 5563 κυριώτατον
3316 5483 3412 5551 τῆς
3463 5482 3586 5563 πρὸς
3626 5474 3707 5532 τὸν
