4018 6136
247 294 373 361 501

1232 291 1419 358 VITA
1462 293 1525 357 S.
1573 287 1983 356 THEODOSII
2023 287 2635 353 GCENOBIARCHIE.

3499 288 3616 358 502

241 430 484 500 πλησίον
555 429 771 510 ἀγάπης
848 432 884 499 ἡ
952 430 1069 508 περὶ
1137 428 1258 493 τοὺς
1316 434 1598 493 νοσοῦντας
1650 424 1892 502 κηδεμο-

1991 424 2037 484 in
2051 423 2509 504 proximum,est
2524 439 2669 485 cura
2691 439 2822 502 qum
2840 426 3066 501 geritur
3086 427 3469 508 aegrotorum;
3482 443 3617 509 quas

242 520 358 594 νία,
404 519 439 587 ἧ
469 519 558 575 καὶ
587 517 825 590 μάλιστα
853 518 914 573 τὸ
946 517 1240 583 παθητικὸν
1290 518 1447 590 ἡμῶν
1497 513 1644 572 οἶδεν
1698 514 1894 572 ἐκκαθ-

241 610 487 684 αίρεσθαι
537 614 636 675 τῆς
681 612 893 688 ψυχῆς,
941 605 1022 662 ὅτι
1067 603 1206 681 μηδέ
1248 605 1406 683 ἀρκεῖ
1462 606 1593 683 πρὸς
1622 603 1894 662 τελείωσιν

240 702 305 754 τὸ
368 705 641 755 πεινῶντα
682 697 873 776 θρέψαι
924 696 1013 752 τὸν
1045 692 1295 774 ἀδελφὸν,
1327 696 1415 750 καὶ
1446 695 1660 751 ποτίσαι
1690 692 1894 770 διψῶν-

239 809 337 859 τα,
384 784 536 851 ξένον
580 809 636 843 τε
666 788 755 843 καὶ
783 786 982 864 γυμνὸν
1033 783 1159 841 ὄντα
1216 784 1596 840 εἰσοικίσασθαι
1646 784 1736 839 καὶ
1795 804 1894 839 πε-

242 875 521 955 ριϐαλεῖν,
556 875 695 933 ἀλλὰ
725 877 855 947 πρὸς
899 875 1109 939 τούτοις
1152 872 1235 930 δεῖ
1279 874 1364 931 καὶ
1407 872 1772 953 συμπάσχειν,
1806 871 1899 928 ἵνα

244 966 329 1042 μὴ
359 968 422 1023 τὸ
471 965 640 1024 καλὸν
684 965 868 1027 ἁπλῶς
900 965 1087 1038 μόνον,
1135 962 1271 1019 ἀλλά
1312 964 1399 1019 καὶ
1447 961 1627 1021 καλῶς
1674 961 1900 1039 γινόμε-

258 1079 356 1113 νον
381 1058 441 1133 ᾗ,
473 1056 609 1112 καιά
652 1060 841 1134 ψυχῆς
884 1051 1090 1120 δηλαδὴ
1121 1052 1373 1126 διάθεσιν,
1434 1052 1573 1108 ὥστε
1623 1052 1699 1126 μὴ
1760 1051 1903 1129 χειρὶ

264 1146 457 1221 μόνον,
489 1143 626 1201 ἀλλὰ
655 1146 743 1199 καὶ
772 1148 928 1223 ψυχῇ
977 1144 1067 1198 τὸν
1115 1140 1265 1199 ἔλεον
1299 1137 1683 1198 ἒπιδείκνυσθαι
1717 1155 1730 1169 ⁶
1785 1139 1907 1203 οἶος

262 1237 357 1292 καὶ
390 1236 508 1312 περί
536 1239 694 1292 τοῦτ)
720 1233 786 1301 ἦν
831 1233 1063 1306 ἐκεῖνος,
1099 1234 1126 1288 ὁ
1157 1231 1317 1309 λόγος
1368 1229 1473 1302 ἤδη
1523 1228 1717 1298 δηλοῦν
1775 1227 1904 1305 βού-

256 1323 437 1384 λεται.
496 1333 654 1401 Τρεῖς
698 1319 1059 1398 οἰκοδομήσας
1105 1320 1314 1394 οἴκους,
1373 1322 1464 1376 τὸν
1525 1320 1623 1396 μὲν
1666 1332 1784 1382 τοϊς
1823 1316 1907 1374 διὰ

257 1414 490 1491 Χριστὸν
521 1413 758 1490 ἆζύγοις,
795 1412 982 1485 κόσμῳ
1011 1433 1070 1467 τε
1133 1412 1477 1488 σταυρωθετσι
1532 1410 1711 1482 παντὶ,
1772 1407 1904 1479 πρὸς

251 1504 361 1570 τὴν
422 1503 478 1559 ἐν
532 1502 819 1565 ἀσθενείαις
849 1508 944 1557 τοῦ
972 1501 1221 1576 σώματος
1266 1500 1544 1577 θεραπείαν
1574 1497 1857 1573 ἀπένειμεν
1887 1517 1904 1537 ο

253 1593 388 1649 εἶτα
445 1594 571 1657 τοὺς
603 1589 692 1648 δύο
749 1602 867 1654 τοϊς
910 1593 966 1646 ἓν
1019 1590 1208 1664 κόσμῳ
1238 1595 1367 1659 ζῶσι
1398 1590 1490 1644 καί
1526 1588 1904 1668 στρεφομένοις

250 1680 454 1754 ἀνῆκε,
505 1681 591 1736 καὶ
622 1680 821 1735 τούτων
867 1678 1039 1734 αὒςῶν
1088 1679 1179 1733 τὸν
1213 1678 1310 1752 μὲν
1340 1689 1456 1738 τοῖς
1494 1676 1904 1755 ὲπισημοτέροις

1980 512 2153 574 etiam
2184 513 2441 574 maxime
2459 511 2623 573 novit
2650 529 2901 591 purgare
2923 510 3226 592 patibilem
3260 523 3480 576 nostra;
3494 515 3619 579 ani-

1981 619 2093 663 ma:
2114 601 2486 666 facultatem:
2514 599 2797 681 quoniam
2826 618 2945 660 non
2969 600 3190 664 sufﬁcit
3207 601 3283 664 ad
3305 604 3622 684 perfectio-

1981 709 2143 765 nem,
2177 690 2424 753 fratrem
2459 690 2690 751 nutrire
2720 689 3116 764 esurientem,
3150 700 3211 752 et
3240 702 3446 773 potum
3478 694 3624 758 dare

1979 778 2308 859 sitienti,eu
2321 798 2497 859 mque
2518 779 2616 860 qui
2640 786 2729 841 est
2745 779 2965 860 hospes
2983 787 3041 839 et
3061 779 3353 857 nudus,in
3376 781 3621 847 domum

1980 869 2364 931 introducere
2395 878 2451 931 et
2480 870 2733 945 vestire;
2768 868 2873 931 sed
2908 875 3141 948 Oportet
3174 878 3465 951 praeterea
3494 875 3625 955 ejus

1981 958 2157 1019 etiam
2191 978 2324 1021 cum
2361 966 2564 1019 mutuo
2584 958 2839 1039 quodam
2868 975 3049 1020 sensu
3083 958 3385 1038 misereri,
3406 973 3471 1024 ut
3502 981 3622 1026 non

1984 1049 2060 1108 sit
2082 1048 2457 1110 solummodo
2482 1046 2843 1121 bonum,sed
2865 1047 3037 1109 etiam
3071 1046 3225 1110 bene
3258 1051 3465 1122 ﬁat,ex
3497 1054 3625 1114 ani-

1990 1155 2099 1198 mm
2121 1137 2351 1199 scilicet
2370 1136 2721 1198 affectione:
2749 1147 2815 1197 ut
2838 1154 2953 1197 non
2981 1154 3154 1198 manu
3186 1139 3621 1215 solum,verum

1990 1226 2165 1287 etiam
2189 1227 2384 1287 anima
2407 1225 2679 1287 ostendat
2699 1224 3407 1301 misericordiam.Qualis
3424 1238 3626 1294 autem

1988 1315 2093 1378 ille
2119 1323 2275 1377 esset
2304 1315 2364 1377 in
2393 1333 2461 1377 ea
2491 1333 2579 1390 re,
2607 1316 2729 1395 jam
2763 1315 2882 1377 vult
2912 1316 3223 1380 declarare
3255 1320 3623 1385 oratio.Cum

1990 1413 2111 1468 tres
2134 1409 2344 1467 domos
2365 1404 2737 1485 aediﬁcasset,
2770 1424 2951 1467 unam
2976 1406 3220 1486 quidem
3253 1408 3455 1490 iis,qui
3482 1428 3627 1491 pro-

1990 1503 2123 1575 pter
2169 1493 2467 1557 Christum
2500 1500 2671 1555 erant
2698 1494 2979 1573 sejuncti,
3014 1502 3072 1555 et
3103 1495 3211 1556 toti
3243 1497 3465 1559 mundo
3494 1516 3629 1559 cru-

1989 1583 2171 1659 ciﬁxi,
2206 1582 2412 1644 tribuit
2444 1581 2520 1644 ad
2552 1600 2753 1644 curam
2776 1582 3122 1663 corporisin
3156 1585 3626 1648 inﬁrmitatibus.

1990 1673 2221 1736 Deinde
2251 1672 2398 1735 duas
2432 1672 2704 1752 permisit
2752 1673 2846 1749 iis,
2875 1672 2976 1753 qui
3005 1672 3069 1735 in
3100 1674 3324 1736 mundo
3353 1674 3630 1739 vivebant

249 1772 347 1827 καὶ
401 1769 771 1848 σεμνοτέροις,
831 1770 923 1824 τὸν
966 1766 1018 1823 δὲ
1074 1780 1192 1830 τοῖς
1245 1765 1633 1843 εὐτελεστέροις
1680 1766 1765 1822 καὶ
1807 1772 1904 1834 τῆς

1991 1774 2049 1824 ει
2079 1762 2467 1824 versabantur
2501 1782 2515 1824 :
2551 1769 2608 1823 et
2639 1779 2708 1822 ex
2741 1762 2815 1823 iis
2864 1761 3010 1840 ipsis
3050 1780 3226 1823 unam
3258 1763 3500 1845 quidem
3529 1763 3626 1842 iis,

250 1859 461 1936 ἑτέρω)
520 1857 790 1933 δεομένοις
862 1857 1189 1934 ἐπικουρίας,
1251 1855 1419 1912 Ἀλλὰ
1495 1857 1582 1913 καὶ
1642 1868 1758 1919 τοῖς
1818 1854 1909 1912 ὑπ’

252 1950 429 2005 αὖτὸν
489 1961 761 2027 μοναχοϊς
820 1946 933 2003 ὅσοι
994 1948 1132 2023 γήρᾳ
1202 1947 1288 2001 καὶ
1366 1951 1573 2023 μακρᾶς
1630 1945 1909 2015 ἀσκήσεως

245 2039 449 2102 πόνοις
481 2039 582 2103 τὴν
614 2044 717 2093 τῶν
762 2035 1025 2111 σωμάτων
1069 2037 1227 2114 ἰσχὺν
1266 2034 1589 2091 ὑπολέλυντο
1639 2032 1760 2108 (ἔδει
1810 2035 1911 2112 γὰρ

247 2127 400 2202 μηδὲ
435 2133 592 2183 τοῦτο
616 2127 710 2191 τὰς
757 2123 1033 2183 Θεοδοσίου
1089 2122 1365 2203 φροντίῗας
1410 2121 1737 2204 διαφυγεῖν),
1784 2125 1910 2180 τού-

246 2231 381 2281 τοϊς
432 2216 488 2272 ὲν
537 2214 785 2286 ἰδιάζοντι
844 2215 992 2288 τόπῳ
1049 2217 1322 2289 προσῆκον
1374 2214 1680 2282 ἀναστήσας
1737 2235 1909 2291 γηρο-

248 2318 518 2381 κομεϊον,
564 2306 638 2368 εἰς
696 2303 873 2359 ἄνεσιν
944 2302 1129 2365 αύτοῖς
1169 2302 1337 2381 ἐφῆκε
1386 2300 1694 2380 πολημέρου
1747 2323 1914 2359 κακο-

251 2396 513 2463 παθείας,
573 2393 645 2460 ὥς
722 2416 861 2449 τισιν
931 2394 1154 2470 ἀγαθοῖς
1214 2391 1515 2469 ὁδοιπόροις
1574 2391 1632 2447 ἐκ
1704 2397 1909 2469 μακρᾶς

251 2483 386 2542 ὁδου
430 2483 527 2541 καί
584 2474 857 2563 βραχείαξ
899 2479 1003 2549 ἤδη
1061 2488 1322 2557 καμοῦσιν
1374 2482 1576 2538 οἰκεῖον
1604 2479 1907 2556 κατάλυμα.

255 2576 404 2646 Πρὸς
466 2574 693 2646 τούτοις,
764 2573 853 2627 καὶ
910 2583 1264 2645 νοσοκομεϊον
1337 2568 1516 2646 ἕτερον
1575 2572 1719 2643 αὐτῷ
1772 2590 1910 2625 κατ-

259 2664 583 2741 εσκεύαστο,
629 2662 695 2717 τὰ
726 2666 825 2729 τῆς
870 2661 1195 2735 συμπαθείας
1227 2659 1354 2737 ἔργα
1408 2665 1477 2735 τῇ
1522 2662 1793 2734 συμπαθεῖ
1836 2663 1912 2731 τῷ

260 2752 377 2809 ὄντι
409 2754 500 2808 καὶ
543 2749 904 2832 φιλανθρώπῳ
931 2755 1089 2829 ψυχῇ
1124 2768 1137 2782 ’
1195 2750 1221 2804 ὃ
1272 2750 1360 2806 καὶ
1391 2748 1616 2825 δώρημα
1657 2749 1908 2825 γυναικὸς

262 2847 333 2913 ἦν
375 2842 607 2915 κοσμίας
665 2838 864 2919 σφόδρα
921 2842 1010 2896 καὶ
1059 2840 1153 2895 τὸν
1200 2838 1396 2915 τρόπον
1438 2836 1739 2918 θεοφιλοῦς,
1791 2836 1907 2905 ἥτις

264 2933 422 2989 αὺτὸν
466 2929 783 3009 ἇγασαμένη
826 2933 926 2995 τῆς
984 2929 1339 3005 ἀγαθότητος,
1393 2927 1485 2984 τόν
1514 2949 1571 2983 τε
1603 2930 1754 2984 οἶκον
1808 2926 1906 3002 φέ-

265 3037 428 3100 ρουσα
484 3025 573 3078 καὶ
616 3019 811 3087 ἑαυτὴν
870 3020 962 3074 σὺν
1005 3016 1117 3093 ἅμα
1159 3016 1364 3080 τέκνοις
1423 3016 1567 3090 αύτῷ
1605 3017 1903 3095 χαρίζεται,

264 3111 453 3184 κόσμῳ
496 3110 596 3185 μὲν
652 3107 1056 3183 ἀποταξαμένη,
1106 3114 1221 3182 Θεῷ
1278 3105 1333 3163 δὲ
1378 3104 1512 3173 ὅλην
1546 3106 1737 3173 ἑαυτὴν
1782 3106 1967 3190 ἐπι-ο

267 3200 529 3277 τρέψασα,
565 3200 654 3256 καὶ
682 3198 774 3254 ὑπ’
802 3198 988 3273 ἐκείνῳ
1043 3203 1140 3274 ζῇν
1190 3197 1372 3259 αύτοῖς
1415 3195 1622 3259 τέκνοις
1676 3194 1905 3274 προελο-

274 3310 439 3364 μενη.

354 3555 455 3615 λδ’.
492 3553 638 3613 Ἀλλ’
669 3555 698 3612 ὅ
728 3577 787 3613 τε
817 3552 1084 3629 σύμϐολον
1114 3553 1508 3634 φιλανθρωπίας
1564 3552 1677 3609 εστὶ
1722 3551 1908 3626 μείζο-

272 3669 381 3722 νος,
414 3646 530 3703 ὅσοι
561 3648 662 3724 γὰρ
695 3646 747 3702 ἐν
779 3645 921 3724 ὄρεσι
964 3646 1054 3701 καὶ
1098 3644 1385 3709 σπηλαίοις
1428 3642 1528 3708 τὴν
1574 3640 1792 3719 ἀγωγὴν
1827 3637 1913 3695 διὰ

267 3739 494 3815 Χριστὸν
549 3737 675 3812 μὲν,
720 3735 863 3802 πλὴν
906 3733 965 3790 οὗ
1023 3733 1158 3790 κατᾶ
1199 3734 1423 3806 Χριστὸν
1472 3729 1685 3788 εἵλοντο
1733 3728 1914 3807 ἀλόγῳ

264 3828 348 3885 καὶ
406 3826 617 3904 ἀπαγετ
671 3826 959 3901 θερμότητι
1010 3824 1107 3890 τὴν
1160 3822 1387 3888 ἄσκησιν
1416 3819 1785 3896 μετελθόντες,
1821 3818 1911 3874 καὶ

262 3922 362 3983 τῆς
395 3916 497 3992 μὲν
544 3914 875 3991 ἀνθρωπίνης
917 3913 1184 3978 ἀσθενείας
1228 3914 1315 3969 καὶ
1373 3917 1478 3968 τῶν
1534 3915 1628 3966 τοῦ
1685 3909 1911 3986 Χριστοῦ

260 4006 544 4083 ῥημάτων,
605 4004 684 4060 ὄτι
731 4005 809 4078 μὴ
853 4004 1022 4083 χωρὶς
1082 4002 1284 4058 ἐκείνου
1344 3999 1606 4075 δυνάμεθά
1634 4021 1685 4055 τι
1729 4010 1909 4054 ποιεῖν

260 4092 705 4167 ἀπιλελησμὲνοι,
760 4091 907 4170 τύφῳ
940 4088 994 4146 δὲ
1038 4091 1247 4165 ματαίῳ
1290 4088 1387 4145 καί
1429 4088 1731 4167 φρονήματι
1785 4086 1905 4142 δια-

258 4183 400 4256 κένῳ
444 4181 770 4253 πεισθέντες,
817 4184 911 4237 καί
962 4180 1027 4236 τὰ
1058 4176 1475 4256 κατορθωθέντα,
1511 4177 1608 4255 φεῦ
1641 4174 1655 4235 ἰ
1694 4176 1907 4238 ἑαυτοῖς

260 4272 659 4349 ἐπιγράψαντες
714 4269 781 4349 (ὢ
823 4276 928 4325 τῶν
981 4268 1125 4343 ἐμῶν
1167 4266 1390 4326 κακῶνί
1448 4266 1492 4323 ὢ
1526 4267 1622 4332 τῆς
1655 4264 1906 4345 χαλεπῆς

262 4360 545 4435 ἀπονοίας,
607 4360 643 4427 ἢ
702 4359 928 4426 τάληθὲς
987 4360 1160 4414 εἰπεῖν
1205 4354 1409 4422 μᾶλλον
1454 4354 1633 4417 ἀνοίας
1669 4358 1682 4412 ί
1716 4354 1766 4409 τί
1806 4354 1907 4432 γὰρ

262 4451 360 4507 καί
420 4447 628 4526 δράσειε
691 4451 794 4504 τῶν
854 4447 1031 4504 καλῶν
1093 4447 1396 4517 ἀνθρωπίνη
1462 4447 1610 4525 φύσις
1652 4452 1747 4509 τῆς
1807 4442 1906 4511 σῆς

258 4542 626 4618 γυμνωθεϊσα,
667 4544 870 4617 Σῶτερ,
904 4536 1204 4614 ἐπικουρίας
1239 4555 1254 4615 ;
1308 4534 1408 4599 ’Ὃς
1441 4533 1526 4590 διὰ
1557 4540 1655 4602 τῆς
1683 4540 1781 4590 τοῦ
1812 4542 1905 4591 σοῦ

260 4631 542 4708 προφήτου
585 4619 810 4686 Ἠσαίου
854 4625 1116 4687 διδάσκεις
1172 4645 1240 4700 με
1275 4623 1521 4701 γλώττης
1555 4639 1569 4654 ⁹
1605 4624 1781 4689 ἀνῆκα
1813 4623 1906 4687 τὰς

263 4730 487 4798 χεῖρας,
546 4715 832 4794 λεγούσης,
894 4717 990 4773 καί
1060 4714 1450 4787 ἐξηρανοησαν,
1508 4712 1601 4769 καί
1661 4710 1906 4787 ἐγένοντο

264 4808 341 4872 ὠς
370 4808 574 4884 χόρτος
604 4806 759 4883 ξηρὸς
813 4805 898 4863 ἐπὶ
929 4804 1214 4879 δωμάτων,
1246 4806 1320 4867 ὼς
1346 4804 1627 4881 ἄγρωστις.
1664 4804 1722 4860 Τί
1751 4803 1904 4858 τοῦτο

263 4894 533 4963 δηλούσης
570 4915 588 4969 ;
617 4893 642 4918 ’¹
646 4905 738 4953 Οτι
770 4897 831 4952 τὸ
862 4900 960 4962 τῆς
990 4895 1186 4971 ἀρετῆς
1244 4893 1395 4957 ἄνθος
1446 4890 1828 4965 ἀποϐαλόντες,
1876 4892 1904 4946 ὃ

263 4984 365 5053 τήν
420 4987 520 5054 σὴν
565 4984 786 5065 ἔχοντες
826 5000 993 5064 χεῖρα
1020 4985 1318 5061 βοηθοῦσαν
1350 4979 1749 5059 περιεϐάλοντο,
1782 4980 1907 5037 εἶτα

265 5073 610 5151 ξηρανθέντες
642 5073 876 5151 ἐκλείψει
906 5079 1006 5141 τῆς
1056 5073 1199 5147 παρὰ
1243 5079 1337 5128 σοῦ
1390 5070 1671 5141 πιότητος,
1730 5069 1905 5147 ἀμορο

265 5163 384 5240 φίας
418 5164 681 5243 αἰσχύνην
712 5162 956 5225 ἐλεεινῶς
998 5159 1353 5237 ἠμφιέσαντο)
1388 5180 1402 5194 ·
1449 5161 1497 5215 οἱ
1539 5160 1710 5217 τοίνυν
1741 5157 1909 5224 οὕτως

267 5252 510 5321 ἀνοήτως
589 5254 948 5332 φρονήσαντες
982 5298 999 5324 ,
1074 5253 1159 5307 καὶ
1229 5252 1462 5308 tusco”
1524 5246 1907 5324 παραδοθέντες

267 5342 345 5416 τῷ
403 5347 618 5413 Σατανᾷ
645 5342 717 5404 εἰς
751 5339 963 5413 ὄλεθρον
1021 5342 1118 5407 τῆς
1150 5340 1370 5418 σαρκὸς,
1402 5338 1476 5401 ὥς
1507 5359 1637 5418 φησι
1670 5337 1905 5415 Παυλος,

267 5430 361 5487 ’ίνα
410 5432 474 5486 τὸ
506 5440 715 5503 πνεῦμα
750 5431 918 5510 σωθῆ,
952 5430 988 5498 ἢ
1019 5431 1104 5486 καὶ
1133 5428 1311 5490 ἄλλως
1342 5426 1631 5507 σφαλέντες
1660 5427 1755 5492 τὰς
1788 5425 1910 5508 φρὲ‹

270 5542 362 5585 νας
418 5522 506 5576 καὶ
565 5518 847 5597 διαφθορὰν
907 5520 1080 5576 αὐτῶν
1135 5517 1540 5591 ὕπομείναντες,
1606 5517 1693 5572 καί
1752 5518 1910 5573 οἱονεὶ

346 5624 420 5671 1³·
453 5630 633 5695 Joan.
666 5640 763 5703 xv,
796 5627 854 5690 5.
940 5624 993 5677 ιδ
1022 5627 1131 5690 lsa.
1168 5638 1389 5700 xxxvn,
1420 5620 1521 5698 27,
1544 5621 1712 5703 juxta
1735 5621 1914 5691 LXX.

1929 4493 1972 4545 D

1992 1852 2095 1933 qui
2117 1859 2289 1913 erant
2321 1850 2683 1931 insigniores
2714 1860 2772 1913 et
2800 1850 3203 1926 honestiores;
3226 1852 3471 1917 alteram
3491 1872 3631 1918 vero

1994 1942 2090 2014 iis,
2122 1947 2221 2022 qui
2267 1940 2698 2003 erantviliores
2724 1948 2782 2002 et
2812 1941 3226 2022 pauperiores,
3261 1953 3320 2004 et
3350 1942 3451 2024 qui
3484 1962 3634 2025 opus

1993 2030 2296 2093 habebant
2324 2032 2569 2093 alterius
2597 2029 2845 2092 auxilio.
2877 2029 3030 2103 Quin
3061 2030 3242 2093 etiam
3274 2031 3400 2094 suis
3434 2051 3637 2094 mona-

1993 2119 2146 2193 chis,
2179 2139 2433 2197 quorum
2487 2128 2733 2201 propter
2777 2119 3012 2181 senium
3063 2127 3125 2182 et
3174 2120 3411 2183 labores
3440 2120 3635 2200 longa)

1994 2208 2444 2270 exercitationis
2466 2208 2658 2270 soluta
2678 2219 2808 2271 erat
2836 2209 2918 2269 vis
2944 2207 3638 2290 membrorum(oporte-

1995 2297 2093 2359 bat
2114 2298 2271 2359 enim
2298 2315 2374 2359 ne
2392 2298 2506 2359 hoc
2525 2297 2769 2375 quidem
2792 2296 3052 2375 effugere
3070 2296 3395 2361 Theodosii
3417 2300 3638 2361 sollici-

1993 2387 2313 2467 tudinem),
2342 2385 2416 2448 iis
2447 2404 2582 2447 cum
2617 2385 2678 2448 in
2707 2385 2838 2447 loco
2871 2396 3144 2467 separato
3171 2395 3372 2467 aptum
3406 2395 3635 2451 exstru-

1993 2475 2177 2538 xisset
2197 2473 2779 2554 gerontocomion,id
2804 2474 2893 2536 eis
2916 2475 3189 2555 permisit
3207 2477 3279 2537 ad
3303 2477 3632 2539 recreatio-

1996 2583 2131 2627 nem
2164 2564 2465 2625 diuturnae
2494 2562 3146 2646 aﬁlictionis,tanquam
3180 2564 3355 2628 bonis
3385 2567 3631 2630 viatori—

1994 2654 2128 2726 bus,
2160 2652 2340 2730 longa
2370 2652 2467 2716 via
2498 2661 2555 2713 et
2583 2671 2797 2733 aspera
2822 2653 3630 2735 defessis,accommodatum

1994 2742 2393 2805 diversorum.
2428 2744 2726 2805 Praeterea
2753 2750 2955 2805 autem
2988 2743 3149 2807 aliud
3182 2749 3426 2823 quoque
3455 2745 3529 2808 ab
3560 2765 3633 2808 eo

1994 2841 2401 2895 constructum
2463 2841 2553 2895 est
2604 2832 3007 2913 noscomium,
3072 2852 3291 2915 nempe
3345 2834 3419 2897 ad
3451 2854 3637 2915 opera

1993 2921 2534 2984 commiserationis
2592 2939 2730 2983 vere
2787 2921 3184 2985 misericorde
3230 2930 3290 2986 et
3338 2924 3635 2988 clemente

1992 3011 2211 3075 anima:
2241 3010 2401 3093 quod
2432 3011 2611 3074 etiam
2640 3018 2768 3073 erat
2796 3011 3015 3075 denum
3044 3012 3314 3076 mulieris
3344 3032 3482 3077 vere
3514 3016 3630 3077 ho-

1992 3109 2176 3163 nesta:
2210 3100 2599 3180 moribusque
2630 3101 2739 3182 pie
2780 3109 2839 3163 et
2862 3101 3193 3181 religiosa:
3228 3121 3361 3184 quae
3390 3103 3632 3184 quidem

1993 3191 2127 3270 ejus
2148 3191 2455 3252 admirans
2486 3190 2835 3265 bonitatem,
2869 3190 3239 3273 domumque
3276 3199 3336 3255 et
3364 3193 3632 3273 seipsum

1991 3297 2125 3340 cum
2161 3278 2300 3341 ﬁliis
2331 3284 2385 3340 ei
2421 3280 2688 3358 largitur,
2728 3279 2950 3342 mundo
2980 3279 3220 3360 quidem
3252 3282 3630 3357 renuntians,

1992 3369 2116 3430 Deo
2145 3376 2345 3430 autem
2380 3375 2559 3430 totam
2614 3368 2875 3449 seipsam
2922 3368 3307 3449 permittens,
3343 3377 3402 3432 et
3426 3370 3634 3434 volens

1995 3465 2055 3519 ut
2086 3457 2178 3519 sui
2207 3457 2312 3520 ﬁlii
2345 3457 2458 3519 sub
2492 3457 2600 3519 illo
2632 3458 2921 3522 viverent.

2033 3546 2293 3619 34.Quin
2317 3547 2691 3624 etiam,quod
2718 3548 2907 3628 majus
2930 3547 3269 3629 estsignum
3291 3550 3634 3613 clementiae

1994 3642 2057 3701 et
2075 3636 2830 3718 benignitatis,quicunque
2852 3637 2912 3698 in
2934 3637 3232 3700 montibus
3252 3647 3313 3700 et
3328 3639 3632 3719 Speluncis

1996 3727 2218 3806 degere
2240 3725 2482 3806 quidem
2513 3732 2756 3807 prepter
2773 3726 3210 3802 Christum,sed
3232 3746 3353 3789 non
3374 3746 3445 3791 ex
3468 3727 3637 3791 Chri-

1999 3824 2113 3890 sto,
2147 3813 2938 3895 elegerant,inconsiderato
2970 3823 3028 3876 et
3059 3834 3176 3877 non
3206 3815 3405 3880 stabili
3428 3818 3632 3880 calore

1991 3904 2179 3966 secuti
2205 3903 2784 3979 exercitationem,ei
2805 3904 3083 3967 humanis
3097 3904 3339 3986 quidem
3363 3904 3633 3969 imbecil-

1992 3994 2259 4070 litatis,et
2281 3993 2505 4055 Christi
2526 3993 2847 4056 verborum
2872 3994 3112 4075 ‘3,quod
3127 3994 3465 4077 absqueillo
3481 3995 3634 4059 nihil

1994 4102 2307 4166 possumus
2338 4083 2554 4159 facere,
2589 4080 2797 4164 obliti;
2846 4083 3010 4146 inani
3040 4083 3193 4145 fastu
3224 4093 3283 4146 et
3308 4103 3456 4147 vana
3488 4103 3625 4165 per-

1994 4175 2154 4236 suasi
2177 4173 2607 4252 arrogantia,et
2622 4191 2756 4254 quae
2777 4183 2941 4236 recte
2959 4184 3271 4253 gesserant
3290 4174 3493 4236 miseri
3515 4175 3633 4237 sibi

1992 4264 2366 4326 ascribentes
2396 4266 2454 4341 (ο
2484 4280 2618 4323 mea
2652 4262 2822 4325 mala!
2844 4282 2877 4325 ο
2903 4263 3189 4344 grandem
3223 4263 3630 4339 insolentiam,

1991 4354 2079 4414 vel
2113 4352 2308 4432 potius
2334 4352 2658 4414 amentiam
2688 4353 2701 4411 !
2732 4352 2882 4424 Quid
2931 4353 3091 4414 enim
3125 4353 3264 4415 boni
3288 4353 3495 4416 fecerit
3523 4354 3635 4416 hu-

1993 4462 2164 4505 mana
2197 4449 2560 4517 natura,tuo,
2595 4461 2629 4503 ο
2654 4441 2950 4517 Salvator,
2979 4442 3200 4505 nudata
3228 4443 3449 4505 auxilio
3470 4442 3501 4502 ?
3530 4443 3633 4523 qui

1991 4552 2086 4594 me
2108 4531 2292 4594 doces
2317 4548 2423 4612 per
2445 4531 2707 4611 linguam
2735 4531 3637 4612 prophetre,dicentem:liemisi

1990 4640 2228 4703 manus,
2250 4633 2307 4683 et
2327 4629 2656 4696 aruerunt,
2683 4630 2738 4684 et
2756 4623 2909 4700 facti
2927 4630 3072 4685 sunt
3092 4630 3387 4703 tanquam
3420 4623 3633 4699 fenum

1987 4714 2209 4774 siccum
2233 4728 2419 4791 super
2438 4718 2918 4792 tecta,!anquam
2939 4730 3189 4794 gramen
3214 4712 3290 4773 η.
3316 4711 3467 4785 Quid
3493 4731 3633 4774 vero

1992 4820 2099 4882 per
2158 4802 2283 4863 haec
2334 4800 2675 4881 signiﬁcat?
2728 4801 2899 4875 Quod
2939 4802 3157 4863 amisso
3190 4803 3337 4863 ﬂore
3371 4802 3629 4875 virtutis,

1988 4910 2164 4973 quem
2185 4890 2285 4971 qui
2311 4899 2469 4952 tuam
2492 4888 2715 4952 habent
2739 4909 2974 4953 manum
2997 4910 3170 4972 opem
3189 4892 3632 4971 ferentem,am-

1991 4981 2148 5063 plexi
2179 4979 2569 5051 sunt,deinde
2600 4980 2883 5042 exsiccati
2912 4980 3152 5043 defectu
3181 4990 3296 5043 tute
3314 4979 3630 5061 pinguetu-

1991 5072 2424 5138 dtuis,dedecus
2446 5071 2826 5129 deformitatis
2844 5071 3250 5131 miserabiliter
3266 5072 3631 5145 induerunt.)

1992 5157 2108 5232 Qui
2136 5176 2275 5238 ergo
2297 5156 2385 5219 sic
2408 5155 2587 5219 stulte
2607 5164 2942 5232 senserant,
2975 5164 3036 5219 et
3066 5155 3202 5219 ideo
3225 5156 3429 5219 traditi
3462 5166 3635 5219 erant

1993 5247 2224 5312 Satanae
2252 5248 2324 5308 ad
2372 5245 2681 5308 interitum
2715 5251 2914 5307 carnis
2944 5246 3045 5320 η’,
3084 5253 3149 5307 ut
3176 5245 3257 5306 ait
3287 5246 3528 5321 Paulus,
3567 5254 3633 5309 ut

1992 5337 2191 5399 salvus
2220 5336 2319 5397 ﬁat
2351 5335 2625 5415 spiritus;
2656 5345 2761 5396 aut
2794 5332 3016 5414 alioqui
3048 5341 3253 5395 mente
3308 5343 3478 5396 erant
3505 5334 3632 5397 lassi

1993 5437 2050 5489 et
2070 5425 2529 5497 maleaﬁ‘ecti,et
2549 5440 2758 5504 prunas
2782 5422 3074 5484 dederant
3103 5423 3164 5483 in
3194 5441 3266 5484 eo
3297 5425 3461 5500 quod
3495 5443 3631 5503 pec-

1991 5527 2289 5596 caverant;
2310 5514 2690 5576 utdiscerent
2708 5531 2840 5574 cum
2863 5511 2921 5572 in
2946 5512 3176 5575 honore
3197 5515 3630 5589 essent,etfecti

2004 5626 2080 5669 μ’
2110 5623 2136 5686 I
2163 5620 2299 5688 Cor.
2329 5639 2388 5700 ν,
2421 5622 2482 5686 5.
