  <div class='ocr_page' id='page_1' title='image "/cluster/home/n/w/nwhite01/storage/ocr_20150623/114/mdp.39015028574344/259.png"; bbox 0 0 4018 6136; ppageno 0'>
   <div class='ocr_carea' id='block_1_1' title="bbox 371 282 489 351">
    <p class='ocr_par' dir='ltr' id='par_1_1' title="bbox 371 282 489 351">
     <span class='ocr_line' id='line_1_1' title="bbox 371 282 489 351; baseline -0.008 0"><span class='ocrx_word' id='word_1_1' title='bbox 371 282 489 351; x_wconf 87' lang='grc'><strong>503</strong></span> 
     </span>
    </p>
   </div>
   <div class='ocr_carea' id='block_1_2' title="bbox 1667 281 2435 346">
    <p class='ocr_par' dir='ltr' id='par_1_2' title="bbox 1667 281 2435 346">
     <span class='ocr_line' id='line_1_2' title="bbox 1667 281 2435 346; baseline 0.001 -3"><span class='ocrx_word' id='word_1_2' title='bbox 1667 282 1947 344; x_wconf 84' lang='lat' dir='ltr'><strong>MENSIS</strong></span> <span class='ocrx_word' id='word_1_3' title='bbox 1985 281 2435 346; x_wconf 83' lang='lat' dir='ltr'><strong>JANUARIUS.</strong></span> 
     </span>
    </p>
   </div>
   <div class='ocr_carea' id='block_1_3' title="bbox 3628 275 3743 343">
    <p class='ocr_par' dir='ltr' id='par_1_3' title="bbox 3628 275 3743 343">
     <span class='ocr_line' id='line_1_3' title="bbox 3628 275 3743 343; baseline 0.035 -3"><span class='ocrx_word' id='word_1_4' title='bbox 3628 275 3743 343; x_wconf 71' lang='grc'><strong>504</strong></span> 
     </span>
    </p>
   </div>
   <div class='ocr_carea' id='block_1_4' title="bbox 368 411 2007 501">
    <p class='ocr_par' dir='ltr' id='par_1_4' title="bbox 368 415 2007 501">
     <span class='ocr_line' id='line_1_4' title="bbox 368 415 2007 501; baseline -0.007 -18"><span class='ocrx_word' id='word_1_5' title='bbox 368 419 623 484; x_wconf 98' lang='lat' dir='ltr'><strong>rationis</strong></span> <span class='ocrx_word' id='word_1_6' title='bbox 653 426 989 501; x_wconf 80' lang='lat' dir='ltr'><strong>compotes,</strong></span> <span class='ocrx_word' id='word_1_7' title='bbox 1011 415 1346 496; x_wconf 76' lang='lat' dir='ltr'><strong>intelligere</strong></span> <span class='ocrx_word' id='word_1_8' title='bbox 1365 434 1433 478; x_wconf 83' lang='lat' dir='ltr'><strong>ac</strong></span> <span class='ocrx_word' id='word_1_9' title='bbox 1466 434 1717 477; x_wconf 86' lang='lat' dir='ltr'><strong>noscere</strong></span> <span class='ocrx_word' id='word_1_10' title='bbox 1736 416 2007 496; x_wconf 91' lang='lat' dir='ltr'><strong>opiﬁcem</strong></span> 
     </span>
    </p>
   </div>
   <div class='ocr_carea' id='block_1_5' title="bbox 2093 411 3742 501">
    <p class='ocr_par' dir='ltr' id='par_1_5' title="bbox 2096 411 3742 494">
     <span class='ocr_line' id='line_1_5' title="bbox 2096 411 3742 494; baseline 0 -23"><span class='ocrx_word' id='word_1_11' title='bbox 2096 416 2212 494; x_wconf 82' lang='grc' dir='ltr'>περὶ</span> <span class='ocrx_word' id='word_1_12' title='bbox 2263 418 2388 474; x_wconf 76' lang='grc' dir='ltr'>αὒτὸ</span> <span class='ocrx_word' id='word_1_13' title='bbox 2444 416 2505 472; x_wconf 81' lang='grc' dir='ltr'>τὸ</span> <span class='ocrx_word' id='word_1_14' title='bbox 2549 413 2948 491; x_wconf 78' lang='grc' dir='ltr'>πλημμελῆσαν</span> <span class='ocrx_word' id='word_1_15' title='bbox 3008 412 3342 493; x_wconf 78' lang='grc' dir='ltr'><strong>ὑποσχόντες</strong></span> <span class='ocrx_word' id='word_1_16' title='bbox 3403 411 3507 480; x_wconf 72' lang='grc' dir='ltr'><strong>τὴν</strong></span> <span class='ocrx_word' id='word_1_17' title='bbox 3567 435 3742 491; x_wconf 65' lang='grc' dir='ltr'>τιμωη</span> 
     </span>
    </p>
   </div>
   <div class='ocr_carea' id='block_1_6' title="bbox 369 505 2014 584">
    <p class='ocr_par' dir='ltr' id='par_1_6' title="bbox 369 505 2014 584">
     <span class='ocr_line' id='line_1_6' title="bbox 369 505 2014 584; baseline -0.005 -11"><span class='ocrx_word' id='word_1_18' title='bbox 369 520 427 573; x_wconf 89' lang='lat' dir='ltr'><strong>et</strong></span> <span class='ocrx_word' id='word_1_19' title='bbox 459 510 897 583; x_wconf 84' lang='lat' dir='ltr'><strong>auxiliatorem,</strong></span> <span class='ocrx_word' id='word_1_20' title='bbox 958 517 1014 569; x_wconf 91' lang='lat' dir='ltr'><strong>et</strong></span> <span class='ocrx_word' id='word_1_21' title='bbox 1066 525 1183 568; x_wconf 90' lang='lat' dir='ltr'><strong>non</strong></span> <span class='ocrx_word' id='word_1_22' title='bbox 1215 524 1346 567; x_wconf 90' lang='lat' dir='ltr'><strong>esse</strong></span> <span class='ocrx_word' id='word_1_23' title='bbox 1380 506 1594 584; x_wconf 76' lang='lat' dir='ltr'><strong>ingrati</strong></span> <span class='ocrx_word' id='word_1_24' title='bbox 1627 506 1688 566; x_wconf 88' lang='lat' dir='ltr'><strong>in</strong></span> <span class='ocrx_word' id='word_1_25' title='bbox 1719 524 1879 579; x_wconf 90' lang='lat' dir='ltr'><strong>eum,</strong></span> <span class='ocrx_word' id='word_1_26' title='bbox 1914 505 2014 584; x_wconf 89' lang='lat' dir='ltr'><strong>qui</strong></span> 
     </span>
    </p>
   </div>
   <div class='ocr_carea' id='block_1_7' title="bbox 369 594 2015 676">
    <p class='ocr_par' dir='ltr' id='par_1_7' title="bbox 369 594 2015 676">
     <span class='ocr_line' id='line_1_7' title="bbox 369 594 2015 676; baseline -0.004 -14"><span class='ocrx_word' id='word_1_27' title='bbox 369 601 460 662; x_wconf 88' lang='lat' dir='ltr'><strong>eis</strong></span> <span class='ocrx_word' id='word_1_28' title='bbox 492 600 746 662; x_wconf 78' lang='lat' dir='ltr'><strong>dederat</strong></span> <span class='ocrx_word' id='word_1_29' title='bbox 775 603 1070 676; x_wconf 82' lang='lat' dir='ltr'><strong>gratiam;</strong></span> <span class='ocrx_word' id='word_1_30' title='bbox 1109 598 1149 656; x_wconf 93' lang='lat' dir='ltr'><strong>ii</strong></span> <span class='ocrx_word' id='word_1_31' title='bbox 1206 594 1438 675; x_wconf 72' lang='lat' dir='ltr'><strong>experti</strong></span> <span class='ocrx_word' id='word_1_32' title='bbox 1488 602 1629 656; x_wconf 89' lang='lat' dir='ltr'><strong>sunt</strong></span> <span class='ocrx_word' id='word_1_33' title='bbox 1680 612 1813 655; x_wconf 92' lang='lat' dir='ltr'><strong>eum</strong></span> <span class='ocrx_word' id='word_1_34' title='bbox 1846 594 2015 655; x_wconf 86' lang='lat' dir='ltr'><strong>valde</strong></span> 
     </span>
    </p>
   </div>
   <div class='ocr_carea' id='block_1_8' title="bbox 368 684 2012 767">
    <p class='ocr_par' dir='ltr' id='par_1_8' title="bbox 368 684 2012 767">
     <span class='ocr_line' id='line_1_8' title="bbox 368 684 2012 767; baseline -0.005 -14"><span class='ocrx_word' id='word_1_35' title='bbox 368 690 719 767; x_wconf 89' lang='lat' dir='ltr'><strong>benignum,</strong></span> <span class='ocrx_word' id='word_1_36' title='bbox 756 696 814 749; x_wconf 89' lang='lat' dir='ltr'><strong>et</strong></span> <span class='ocrx_word' id='word_1_37' title='bbox 847 696 1094 767; x_wconf 80' lang='lat' dir='ltr'><strong>paterae</strong></span> <span class='ocrx_word' id='word_1_38' title='bbox 1127 685 1185 744; x_wconf 89' lang='lat' dir='ltr'><strong>in</strong></span> <span class='ocrx_word' id='word_1_39' title='bbox 1219 684 1383 764; x_wconf 76' lang='lat' dir='ltr'><strong>ipsos</strong></span> <span class='ocrx_word' id='word_1_40' title='bbox 1430 703 1496 745; x_wconf 90' lang='lat' dir='ltr'><strong>se</strong></span> <span class='ocrx_word' id='word_1_41' title='bbox 1528 692 1863 762; x_wconf 83' lang='lat' dir='ltr'><strong>gerentem.</strong></span> <span class='ocrx_word' id='word_1_42' title='bbox 1897 686 2012 745; x_wconf 82' lang='lat' dir='ltr'><strong>Pro</strong></span> 
     </span>
    </p>
   </div>
   <div class='ocr_carea' id='block_1_9' title="bbox 369 773 2011 854">
    <p class='ocr_par' dir='ltr' id='par_1_9' title="bbox 369 773 2011 854">
     <span class='ocr_line' id='line_1_9' title="bbox 369 773 2011 854; baseline -0.005 -11"><span class='ocrx_word' id='word_1_43' title='bbox 369 780 457 843; x_wconf 89' lang='lat' dir='ltr'><strong>eis</strong></span> <span class='ocrx_word' id='word_1_44' title='bbox 487 779 647 841; x_wconf 90' lang='lat' dir='ltr'><strong>enim</strong></span> <span class='ocrx_word' id='word_1_45' title='bbox 708 775 1171 848; x_wconf 85' lang='lat' dir='ltr'><strong>accendebatur,</strong></span> <span class='ocrx_word' id='word_1_46' title='bbox 1210 781 1491 853; x_wconf 86' lang='lat' dir='ltr'><strong>tanquam</strong></span> <span class='ocrx_word' id='word_1_47' title='bbox 1545 792 1651 850; x_wconf 89' lang='lat' dir='ltr'><strong>pro</strong></span> <span class='ocrx_word' id='word_1_48' title='bbox 1699 773 1835 834; x_wconf 87' lang='lat' dir='ltr'><strong>ﬁliis</strong></span> <span class='ocrx_word' id='word_1_49' title='bbox 1867 793 2011 854; x_wconf 92' lang='lat' dir='ltr'><strong>pro-</strong></span> 
     </span>
    </p>
   </div>
   <div class='ocr_carea' id='block_1_10' title="bbox 368 861 2008 949">
    <p class='ocr_par' dir='ltr' id='par_1_10' title="bbox 368 861 2008 949">
     <span class='ocr_line' id='line_1_10' title="bbox 368 861 2008 949; baseline -0.002 -20"><span class='ocrx_word' id='word_1_50' title='bbox 368 868 538 949; x_wconf 91' lang='lat' dir='ltr'><strong>priis,</strong></span> <span class='ocrx_word' id='word_1_51' title='bbox 572 875 631 929; x_wconf 91' lang='lat' dir='ltr'><strong>et</strong></span> <span class='ocrx_word' id='word_1_52' title='bbox 687 865 911 946; x_wconf 89' lang='lat' dir='ltr'><strong>alioqui</strong></span> <span class='ocrx_word' id='word_1_53' title='bbox 975 862 1273 925; x_wconf 83' lang='lat' dir='ltr'><strong>benevole</strong></span> <span class='ocrx_word' id='word_1_54' title='bbox 1331 861 1392 922; x_wconf 94' lang='lat' dir='ltr'><strong>in</strong></span> <span class='ocrx_word' id='word_1_55' title='bbox 1453 880 1557 923; x_wconf 90' lang='lat' dir='ltr'><strong>eos</strong></span> <span class='ocrx_word' id='word_1_56' title='bbox 1614 861 2008 927; x_wconf 82' lang='lat' dir='ltr'><strong>afﬁciebatur.</strong></span> 
     </span>
    </p>
   </div>
   <div class='ocr_carea' id='block_1_11' title="bbox 368 952 2010 1037">
    <p class='ocr_par' dir='ltr' id='par_1_11' title="bbox 368 952 2010 1037">
     <span class='ocr_line' id='line_1_11' title="bbox 368 952 2010 1037; baseline -0.004 -18"><span class='ocrx_word' id='word_1_57' title='bbox 368 957 631 1037; x_wconf 89' lang='lat' dir='ltr'><strong>Cumque</strong></span> <span class='ocrx_word' id='word_1_58' title='bbox 662 956 746 1016; x_wconf 91' lang='lat' dir='ltr'><strong>eis</strong></span> <span class='ocrx_word' id='word_1_59' title='bbox 779 954 1191 1016; x_wconf 83' lang='lat' dir='ltr'><strong>constituisset</strong></span> <span class='ocrx_word' id='word_1_60' title='bbox 1223 954 1417 1014; x_wconf 84' lang='lat' dir='ltr'><strong>locum</strong></span> <span class='ocrx_word' id='word_1_61' title='bbox 1452 952 1720 1028; x_wconf 90' lang='lat' dir='ltr'><strong>quietum</strong></span> <span class='ocrx_word' id='word_1_62' title='bbox 1756 960 1813 1013; x_wconf 90' lang='lat' dir='ltr'><strong>et</strong></span> <span class='ocrx_word' id='word_1_63' title='bbox 1843 961 2010 1013; x_wconf 88' lang='lat' dir='ltr'><strong>tran-</strong></span> 
     </span>
    </p>
   </div>
   <div class='ocr_carea' id='block_1_12' title="bbox 368 1042 2012 1126">
    <p class='ocr_par' dir='ltr' id='par_1_12' title="bbox 368 1042 2012 1126">
     <span class='ocr_line' id='line_1_12' title="bbox 368 1042 2012 1126; baseline -0.003 -19"><span class='ocrx_word' id='word_1_64' title='bbox 368 1046 646 1126; x_wconf 87' lang='lat' dir='ltr'><strong>quillum,</strong></span> <span class='ocrx_word' id='word_1_65' title='bbox 685 1044 959 1125; x_wconf 87' lang='lat' dir='ltr'><strong>permisit</strong></span> <span class='ocrx_word' id='word_1_66' title='bbox 988 1052 1051 1103; x_wconf 92' lang='lat' dir='ltr'><strong>ut</strong></span> <span class='ocrx_word' id='word_1_67' title='bbox 1106 1043 1167 1103; x_wconf 93' lang='lat' dir='ltr'><strong>in</strong></span> <span class='ocrx_word' id='word_1_68' title='bbox 1222 1059 1293 1101; x_wconf 92' lang='lat' dir='ltr'><strong>eo</strong></span> <span class='ocrx_word' id='word_1_69' title='bbox 1344 1048 1590 1118; x_wconf 80' lang='lat' dir='ltr'><strong>agerent</strong></span> <span class='ocrx_word' id='word_1_70' title='bbox 1624 1059 1637 1102; x_wconf 88' lang='lat'>:</span> <span class='ocrx_word' id='word_1_71' title='bbox 1676 1048 1737 1101; x_wconf 91' lang='lat' dir='ltr'><strong>ut</strong></span> <span class='ocrx_word' id='word_1_72' title='bbox 1769 1051 1925 1102; x_wconf 91' lang='lat' dir='ltr'><strong>esset</strong></span> <span class='ocrx_word' id='word_1_73' title='bbox 1958 1042 2012 1102; x_wconf 93' lang='lat' dir='ltr'><strong>ei</strong></span> 
     </span>
    </p>
   </div>
   <div class='ocr_carea' id='block_1_13' title="bbox 364 1129 2010 1213">
    <p class='ocr_par' dir='ltr' id='par_1_13' title="bbox 364 1129 2010 1213">
     <span class='ocr_line' id='line_1_13' title="bbox 364 1129 2010 1213; baseline -0.003 -16"><span class='ocrx_word' id='word_1_74' title='bbox 364 1133 808 1213; x_wconf 88' lang='lat' dir='ltr'><strong>quodammodo</strong></span> <span class='ocrx_word' id='word_1_75' title='bbox 858 1133 1114 1195; x_wconf 88' lang='lat' dir='ltr'><strong>alterum</strong></span> <span class='ocrx_word' id='word_1_76' title='bbox 1168 1130 1617 1205; x_wconf 83' lang='lat' dir='ltr'><strong>monasterium,</strong></span> <span class='ocrx_word' id='word_1_77' title='bbox 1654 1139 1711 1191; x_wconf 91' lang='lat' dir='ltr'><strong>et</strong></span> <span class='ocrx_word' id='word_1_78' title='bbox 1750 1129 1823 1191; x_wconf 90' lang='lat' dir='ltr'><strong>ob</strong></span> <span class='ocrx_word' id='word_1_79' title='bbox 1856 1132 2010 1192; x_wconf 83' lang='lat' dir='ltr'><strong>mul-</strong></span> 
     </span>
    </p>
   </div>
   <div class='ocr_carea' id='block_1_14' title="bbox 365 1220 2037 1307">
    <p class='ocr_par' dir='ltr' id='par_1_14' title="bbox 365 1220 2037 1307">
     <span class='ocr_line' id='line_1_14' title="bbox 365 1220 2037 1307; baseline -0.002 -22"><span class='ocrx_word' id='word_1_80' title='bbox 365 1224 685 1286; x_wconf 87' lang='lat' dir='ltr'><strong>titudinem</strong></span> <span class='ocrx_word' id='word_1_81' title='bbox 719 1241 952 1298; x_wconf 89' lang='lat' dir='ltr'><strong>eorum,</strong></span> <span class='ocrx_word' id='word_1_82' title='bbox 987 1221 1087 1302; x_wconf 91' lang='lat' dir='ltr'><strong>qui</strong></span> <span class='ocrx_word' id='word_1_83' title='bbox 1122 1232 1296 1282; x_wconf 86' lang='lat' dir='ltr'><strong>erant</strong></span> <span class='ocrx_word' id='word_1_84' title='bbox 1327 1220 1693 1298; x_wconf 83' lang='lat' dir='ltr'><strong>congregati,</strong></span> <span class='ocrx_word' id='word_1_85' title='bbox 1731 1228 1787 1281; x_wconf 89' lang='lat' dir='ltr'><strong>et</strong></span> <span class='ocrx_word' id='word_1_86' title='bbox 1812 1220 1885 1280; x_wconf 93' lang='lat' dir='ltr'><strong>ob</strong></span> <span class='ocrx_word' id='word_1_87' title='bbox 1921 1240 2037 1307; x_wconf 82' lang='grc' dir='ltr'><strong>οι·-¹</strong></span> 
     </span>
    </p>
   </div>
   <div class='ocr_carea' id='block_1_15' title="bbox 365 1309 2010 1389">
    <p class='ocr_par' dir='ltr' id='par_1_15' title="bbox 365 1309 2010 1389">
     <span class='ocr_line' id='line_1_15' title="bbox 365 1309 2010 1389; baseline -0.004 -14"><span class='ocrx_word' id='word_1_88' title='bbox 365 1314 567 1376; x_wconf 89' lang='lat' dir='ltr'><strong>dinem</strong></span> <span class='ocrx_word' id='word_1_89' title='bbox 597 1311 937 1386; x_wconf 91' lang='lat' dir='ltr'><strong>ministerii,</strong></span> <span class='ocrx_word' id='word_1_90' title='bbox 973 1321 1032 1371; x_wconf 92' lang='lat' dir='ltr'><strong>et</strong></span> <span class='ocrx_word' id='word_1_91' title='bbox 1060 1311 1134 1371; x_wconf 94' lang='lat' dir='ltr'><strong>ob</strong></span> <span class='ocrx_word' id='word_1_92' title='bbox 1163 1315 1383 1373; x_wconf 84' lang='lat' dir='ltr'><strong>statum</strong></span> <span class='ocrx_word' id='word_1_93' title='bbox 1416 1328 1622 1370; x_wconf 91' lang='lat' dir='ltr'><strong>eorum</strong></span> <span class='ocrx_word' id='word_1_94' title='bbox 1661 1311 1760 1389; x_wconf 89' lang='lat' dir='ltr'><strong>qui</strong></span> <span class='ocrx_word' id='word_1_95' title='bbox 1797 1309 2010 1369; x_wconf 88' lang='lat' dir='ltr'><strong>minis-</strong></span> 
     </span>
    </p>
   </div>
   <div class='ocr_carea' id='block_1_16' title="bbox 365 1397 2009 1480">
    <p class='ocr_par' dir='ltr' id='par_1_16' title="bbox 365 1397 2009 1480">
     <span class='ocr_line' id='line_1_16' title="bbox 365 1397 2009 1480; baseline -0.003 -15"><span class='ocrx_word' id='word_1_96' title='bbox 365 1402 622 1473; x_wconf 89' lang='lat' dir='ltr'><strong>trabant,</strong></span> <span class='ocrx_word' id='word_1_97' title='bbox 658 1408 717 1463; x_wconf 88' lang='lat' dir='ltr'><strong>et</strong></span> <span class='ocrx_word' id='word_1_98' title='bbox 766 1400 841 1462; x_wconf 93' lang='lat' dir='ltr'><strong>ob</strong></span> <span class='ocrx_word' id='word_1_99' title='bbox 888 1408 1191 1479; x_wconf 86' lang='lat' dir='ltr'><strong>sumptum</strong></span> <span class='ocrx_word' id='word_1_100' title='bbox 1225 1416 1461 1474; x_wconf 88' lang='lat' dir='ltr'><strong>eorum,</strong></span> <span class='ocrx_word' id='word_1_101' title='bbox 1498 1416 1632 1479; x_wconf 60' lang='lat' dir='ltr'><strong>quae</strong></span> <span class='ocrx_word' id='word_1_102' title='bbox 1662 1397 2009 1480; x_wconf 88' lang='lat' dir='ltr'><strong>suppedita-</strong></span> 
     </span>
    </p>
   </div>
   <div class='ocr_carea' id='block_1_17' title="bbox 366 1492 605 1554">
    <p class='ocr_par' dir='ltr' id='par_1_17' title="bbox 366 1492 605 1554">
     <span class='ocr_line' id='line_1_17' title="bbox 366 1492 605 1554; baseline -0.004 -1"><span class='ocrx_word' id='word_1_103' title='bbox 366 1492 605 1554; x_wconf 86' lang='lat' dir='ltr'><strong>bantur.</strong></span> 
     </span>
    </p>
   </div>
   <div class='ocr_carea' id='block_1_18' title="bbox 447 1575 2010 1659">
    <p class='ocr_par' dir='ltr' id='par_1_18' title="bbox 447 1575 2010 1659">
     <span class='ocr_line' id='line_1_18' title="bbox 447 1575 2010 1659; baseline -0.003 -16"><span class='ocrx_word' id='word_1_104' title='bbox 447 1582 547 1644; x_wconf 88' lang='grc'><strong>35.</strong></span> <span class='ocrx_word' id='word_1_105' title='bbox 582 1580 761 1659; x_wconf 84' lang='lat' dir='ltr'><strong>Magis</strong></span> <span class='ocrx_word' id='word_1_106' title='bbox 792 1597 932 1658; x_wconf 86' lang='lat' dir='ltr'><strong>ergo</strong></span> <span class='ocrx_word' id='word_1_107' title='bbox 961 1595 1135 1659; x_wconf 87' lang='lat' dir='ltr'><strong>quam</strong></span> <span class='ocrx_word' id='word_1_108' title='bbox 1171 1576 1450 1648; x_wconf 88' lang='lat' dir='ltr'><strong>aliorum,</strong></span> <span class='ocrx_word' id='word_1_109' title='bbox 1486 1576 1662 1655; x_wconf 87' lang='lat' dir='ltr'><strong>homo</strong></span> <span class='ocrx_word' id='word_1_110' title='bbox 1691 1575 1821 1652; x_wconf 89' lang='lat' dir='ltr'><strong>Dei,</strong></span> <span class='ocrx_word' id='word_1_111' title='bbox 1860 1578 2010 1638; x_wconf 85' lang='lat' dir='ltr'><strong>sicut</strong></span> 
     </span>
    </p>
   </div>
   <div class='ocr_carea' id='block_1_19' title="bbox 368 1664 2007 1745">
    <p class='ocr_par' dir='ltr' id='par_1_19' title="bbox 368 1664 2007 1745">
     <span class='ocr_line' id='line_1_19' title="bbox 368 1664 2007 1745; baseline -0.003 -13"><span class='ocrx_word' id='word_1_112' title='bbox 368 1669 1012 1743; x_wconf 70' lang='lat' dir='ltr'><strong>diximusvincebatur</strong></span> <span class='ocrx_word' id='word_1_113' title='bbox 1032 1666 1297 1745; x_wconf 90' lang='lat' dir='ltr'><strong>ipsorum</strong></span> <span class='ocrx_word' id='word_1_114' title='bbox 1319 1664 2007 1739; x_wconf 85' lang='lat' dir='ltr'><strong>commiseratione,etin</strong></span> 
     </span>
    </p>
   </div>
   <div class='ocr_carea' id='block_1_20' title="bbox 2098 502 3739 581">
    <p class='ocr_par' dir='ltr' id='par_1_20' title="bbox 2098 502 3739 581">
     <span class='ocr_line' id='line_1_20' title="bbox 2098 502 3739 581; baseline 0.001 -22"><span class='ocrx_word' id='word_1_115' title='bbox 2098 506 2233 581; x_wconf 81' lang='grc' dir='ltr'>ρίαν,</span> <span class='ocrx_word' id='word_1_116' title='bbox 2280 505 2369 561; x_wconf 78' lang='grc' dir='ltr'>’ίνα</span> <span class='ocrx_word' id='word_1_117' title='bbox 2413 509 2650 580; x_wconf 79' lang='grc' dir='ltr'>μάθωσιν</span> <span class='ocrx_word' id='word_1_118' title='bbox 2707 505 2759 561; x_wconf 81' lang='grc' dir='ltr'><strong>ἐν</strong></span> <span class='ocrx_word' id='word_1_119' title='bbox 2792 507 2924 580; x_wconf 78' lang='grc' dir='ltr'>τιμῇ</span> <span class='ocrx_word' id='word_1_120' title='bbox 2971 504 3115 567; x_wconf 79' lang='grc' dir='ltr'>ὄντες</span> <span class='ocrx_word' id='word_1_121' title='bbox 3148 504 3233 559; x_wconf 81' lang='grc' dir='ltr'><strong>καὶ</strong></span> <span class='ocrx_word' id='word_1_122' title='bbox 3263 502 3480 580; x_wconf 83' lang='grc' dir='ltr'>λογικοὶ</span> <span class='ocrx_word' id='word_1_123' title='bbox 3510 506 3739 579; x_wconf 86' lang='grc' dir='ltr'>γενόμε-</span> 
     </span>
    </p>
   </div>
   <div class='ocr_carea' id='block_1_21' title="bbox 2098 590 3731 671">
    <p class='ocr_par' dir='ltr' id='par_1_21' title="bbox 2098 590 3731 671">
     <span class='ocr_line' id='line_1_21' title="bbox 2098 590 3731 671; baseline 0.001 -24"><span class='ocrx_word' id='word_1_124' title='bbox 2098 615 2176 648; x_wconf 87' lang='grc' dir='ltr'><strong>νοι</strong></span> <span class='ocrx_word' id='word_1_125' title='bbox 2209 594 2435 650; x_wconf 75' lang='grc' dir='ltr'><strong>συνιέναι</strong></span> <span class='ocrx_word' id='word_1_126' title='bbox 2481 595 2569 650; x_wconf 85' lang='grc' dir='ltr'>καί</span> <span class='ocrx_word' id='word_1_127' title='bbox 2625 596 2715 651; x_wconf 80' lang='grc' dir='ltr'>τὸν</span> <span class='ocrx_word' id='word_1_128' title='bbox 2780 592 3112 671; x_wconf 75' lang='grc' dir='ltr'>Δημιουργδν</span> <span class='ocrx_word' id='word_1_129' title='bbox 3170 590 3368 648; x_wconf 80' lang='grc' dir='ltr'>εἰδέναι</span> <span class='ocrx_word' id='word_1_130' title='bbox 3407 596 3492 647; x_wconf 76' lang='grc' dir='ltr'><strong>καὶ</strong></span> <span class='ocrx_word' id='word_1_131' title='bbox 3520 594 3731 670; x_wconf 82' lang='grc' dir='ltr'>βοηθὸν,</span> 
     </span>
    </p>
   </div>
   <div class='ocr_carea' id='block_1_22' title="bbox 2095 680 3731 763">
    <p class='ocr_par' dir='ltr' id='par_1_22' title="bbox 2095 680 3731 763">
     <span class='ocr_line' id='line_1_22' title="bbox 2095 680 3731 763; baseline 0.001 -24"><span class='ocrx_word' id='word_1_132' title='bbox 2095 686 2189 739; x_wconf 85' lang='grc' dir='ltr'><strong>καί</strong></span> <span class='ocrx_word' id='word_1_133' title='bbox 2250 685 2326 758; x_wconf 76' lang='grc' dir='ltr'>μὴ</span> <span class='ocrx_word' id='word_1_134' title='bbox 2385 687 2513 760; x_wconf 80' lang='grc' dir='ltr'>πρὸς</span> <span class='ocrx_word' id='word_1_135' title='bbox 2571 685 2727 740; x_wconf 74' lang='grc' dir='ltr'>αὒτὸν</span> <span class='ocrx_word' id='word_1_136' title='bbox 2785 686 2876 740; x_wconf 88' lang='grc' dir='ltr'><strong>τόν</strong></span> <span class='ocrx_word' id='word_1_137' title='bbox 2937 705 3083 763; x_wconf 79' lang='grc' dir='ltr'>σφισι</span> <span class='ocrx_word' id='word_1_138' title='bbox 3136 680 3410 738; x_wconf 79' lang='grc' dir='ltr'>δεδωγὸεα</span> <span class='ocrx_word' id='word_1_139' title='bbox 3454 684 3545 749; x_wconf 76' lang='grc' dir='ltr'>τὴν</span> <span class='ocrx_word' id='word_1_140' title='bbox 3576 685 3731 763; x_wconf 68' lang='grc' dir='ltr'>χάριν</span> 
     </span>
    </p>
   </div>
   <div class='ocr_carea' id='block_1_23' title="bbox 2095 771 3728 849">
    <p class='ocr_par' dir='ltr' id='par_1_23' title="bbox 2095 771 3728 849">
     <span class='ocr_line' id='line_1_23' title="bbox 2095 771 3728 849; baseline 0 -22"><span class='ocrx_word' id='word_1_141' title='bbox 2095 774 2432 849; x_wconf 68' lang='grc' dir='ltr'>ἀγνωμονεῖν</span> <span class='ocrx_word' id='word_1_142' title='bbox 2468 791 2481 806; x_wconf 85' lang='grc'><em>’</em></span> <span class='ocrx_word' id='word_1_143' title='bbox 2532 777 2673 829; x_wconf 72' lang='grc' dir='ltr'>οὗτοι</span> <span class='ocrx_word' id='word_1_144' title='bbox 2720 772 2954 847; x_wconf 83' lang='grc' dir='ltr'>μάλιστα</span> <span class='ocrx_word' id='word_1_145' title='bbox 2998 771 3374 849; x_wconf 69' lang='grc' dir='ltr'>φιλανθρώπου</span> <span class='ocrx_word' id='word_1_146' title='bbox 3434 773 3607 829; x_wconf 74' lang='grc' dir='ltr'>τούτου</span> <span class='ocrx_word' id='word_1_147' title='bbox 3636 772 3728 829; x_wconf 72' lang='grc' dir='ltr'><strong>καί</strong></span> 
     </span>
    </p>
   </div>
   <div class='ocr_carea' id='block_1_24' title="bbox 2096 861 3726 942">
    <p class='ocr_par' dir='ltr' id='par_1_24' title="bbox 2096 861 3726 942">
     <span class='ocr_line' id='line_1_24' title="bbox 2096 861 3726 942; baseline 0.002 -26"><span class='ocrx_word' id='word_1_148' title='bbox 2096 867 2365 940; x_wconf 74' lang='grc' dir='ltr'>πατρικῶς</span> <span class='ocrx_word' id='word_1_149' title='bbox 2397 861 2620 942; x_wconf 75' lang='grc' dir='ltr'>ἔχοντος</span> <span class='ocrx_word' id='word_1_150' title='bbox 2654 864 2771 939; x_wconf 86' lang='grc' dir='ltr'>περὶ</span> <span class='ocrx_word' id='word_1_151' title='bbox 2823 863 3010 924; x_wconf 65' lang='grc' dir='ltr'>αὖτοὺς</span> <span class='ocrx_word' id='word_1_152' title='bbox 3065 861 3449 938; x_wconf 69' lang='grc' dir='ltr'>ἐπειράθησαν,</span> <span class='ocrx_word' id='word_1_153' title='bbox 3491 864 3582 918; x_wconf 77' lang='grc' dir='ltr'>Καὶ</span> <span class='ocrx_word' id='word_1_154' title='bbox 3635 866 3726 940; x_wconf 72' lang='grc' dir='ltr'>γὰρ</span> 
     </span>
    </p>
   </div>
   <div class='ocr_carea' id='block_1_25' title="bbox 2094 948 3730 1031">
    <p class='ocr_par' dir='ltr' id='par_1_25' title="bbox 2094 948 3730 1031">
     <span class='ocr_line' id='line_1_25' title="bbox 2094 948 3730 1031; baseline 0.002 -27"><span class='ocrx_word' id='word_1_155' title='bbox 2094 951 2167 1013; x_wconf 86' lang='grc' dir='ltr'>ὼς</span> <span class='ocrx_word' id='word_1_156' title='bbox 2224 951 2424 1006; x_wconf 80' lang='grc' dir='ltr'>τέκνων</span> <span class='ocrx_word' id='word_1_157' title='bbox 2488 950 2655 1007; x_wconf 69' lang='grc' dir='ltr'>αὐτῶν</span> <span class='ocrx_word' id='word_1_158' title='bbox 2711 950 2853 1007; x_wconf 82' lang='grc' dir='ltr'>ἰδίων</span> <span class='ocrx_word' id='word_1_159' title='bbox 2900 950 3256 1026; x_wconf 85' lang='grc' dir='ltr'>περιεκαίετο,</span> <span class='ocrx_word' id='word_1_160' title='bbox 3290 972 3358 1006; x_wconf 89' lang='grc' dir='ltr'><strong>τα</strong></span> <span class='ocrx_word' id='word_1_161' title='bbox 3393 972 3452 1006; x_wconf 88' lang='grc' dir='ltr'><strong>τε</strong></span> <span class='ocrx_word' id='word_1_162' title='bbox 3484 948 3620 1016; x_wconf 71' lang='grc' dir='ltr'>ἄλλα</span> <span class='ocrx_word' id='word_1_163' title='bbox 3645 974 3730 1031; x_wconf 61' lang='lat' dir='ltr'><strong>(pt-</strong></span> 
     </span>
    </p>
   </div>
   <div class='ocr_carea' id='block_1_26' title="bbox 2095 1038 3737 1116">
    <p class='ocr_par' dir='ltr' id='par_1_26' title="bbox 2095 1038 3737 1116">
     <span class='ocr_line' id='line_1_26' title="bbox 2095 1038 3737 1116; baseline 0.001 -22"><span class='ocrx_word' id='word_1_164' title='bbox 2095 1038 2402 1116; x_wconf 75' lang='grc' dir='ltr'>λοστόργως</span> <span class='ocrx_word' id='word_1_165' title='bbox 2435 1038 2680 1097; x_wconf 83' lang='grc' dir='ltr'>διέκειτο.</span> <span class='ocrx_word' id='word_1_166' title='bbox 2724 1042 2821 1098; x_wconf 75' lang='grc' dir='ltr'>Καὶ</span> <span class='ocrx_word' id='word_1_167' title='bbox 2870 1044 3034 1097; x_wconf 83' lang='grc' dir='ltr'>τόπον</span> <span class='ocrx_word' id='word_1_168' title='bbox 3083 1040 3268 1104; x_wconf 67' lang='grc' dir='ltr'>ατότοῖς</span> <span class='ocrx_word' id='word_1_169' title='bbox 3300 1040 3576 1105; x_wconf 76' lang='grc' dir='ltr'><strong>ἀποτάξας</strong></span> <span class='ocrx_word' id='word_1_170' title='bbox 3607 1043 3737 1109; x_wconf 81' lang='grc' dir='ltr'>ἡσύ-</span> 
     </span>
    </p>
   </div>
   <div class='ocr_carea' id='block_1_27' title="bbox 2096 1128 3738 1207">
    <p class='ocr_par' dir='ltr' id='par_1_27' title="bbox 2096 1128 3738 1207">
     <span class='ocr_line' id='line_1_27' title="bbox 2096 1128 3738 1207; baseline 0.003 -25"><span class='ocrx_word' id='word_1_171' title='bbox 2096 1131 2219 1207; x_wconf 76' lang='grc' dir='ltr'>χιόν</span> <span class='ocrx_word' id='word_1_172' title='bbox 2264 1152 2320 1185; x_wconf 89' lang='grc' dir='ltr'><strong>τε</strong></span> <span class='ocrx_word' id='word_1_173' title='bbox 2356 1131 2438 1186; x_wconf 60' lang='grc' dir='ltr'><strong>καὶ</strong></span> <span class='ocrx_word' id='word_1_174' title='bbox 2471 1129 2730 1207; x_wconf 81' lang='grc' dir='ltr'>γαληνὸν,</span> <span class='ocrx_word' id='word_1_175' title='bbox 2786 1130 2837 1185; x_wconf 77' lang='grc' dir='ltr'>ἐν</span> <span class='ocrx_word' id='word_1_176' title='bbox 2879 1135 3020 1204; x_wconf 77' lang='grc' dir='ltr'>αὒτῴ</span> <span class='ocrx_word' id='word_1_177' title='bbox 3075 1128 3275 1206; x_wconf 65' lang='grc' dir='ltr'>διάγειν</span> <span class='ocrx_word' id='word_1_178' title='bbox 3331 1128 3628 1201; x_wconf 64' lang='grc' dir='ltr'>ἔπι-ἔτρεπεν</span> <span class='ocrx_word' id='word_1_179' title='bbox 3670 1134 3738 1197; x_wconf 81' lang='grc' dir='ltr'>ὡς</span> 
     </span>
    </p>
   </div>
   <div class='ocr_carea' id='block_1_28' title="bbox 2094 1218 3737 1297">
    <p class='ocr_par' dir='ltr' id='par_1_28' title="bbox 2094 1218 3737 1297">
     <span class='ocr_line' id='line_1_28' title="bbox 2094 1218 3737 1297; baseline 0.003 -25"><span class='ocrx_word' id='word_1_180' title='bbox 2094 1218 2290 1292; x_wconf 78' lang='grc' dir='ltr'>τρόπον</span> <span class='ocrx_word' id='word_1_181' title='bbox 2319 1220 2436 1276; x_wconf 79' lang='grc' dir='ltr'>τινὰ</span> <span class='ocrx_word' id='word_1_182' title='bbox 2496 1220 2854 1297; x_wconf 66' lang='grc' dir='ltr'>ῐαοναστήριον</span> <span class='ocrx_word' id='word_1_183' title='bbox 2902 1220 3080 1296; x_wconf 81' lang='grc' dir='ltr'>ἕτερον</span> <span class='ocrx_word' id='word_1_184' title='bbox 3111 1219 3253 1292; x_wconf 78' lang='grc' dir='ltr'>αὒτῷ</span> <span class='ocrx_word' id='word_1_185' title='bbox 3279 1219 3456 1292; x_wconf 76' lang='grc' dir='ltr'>εἶναι,</span> <span class='ocrx_word' id='word_1_186' title='bbox 3492 1224 3570 1291; x_wconf 84' lang='grc' dir='ltr'>τῷ</span> <span class='ocrx_word' id='word_1_187' title='bbox 3598 1220 3737 1291; x_wconf 77' lang='grc' dir='ltr'>πλή-</span> 
     </span>
    </p>
   </div>
   <div class='ocr_carea' id='block_1_29' title="bbox 2092 1307 3739 1385">
    <p class='ocr_par' dir='ltr' id='par_1_29' title="bbox 2092 1307 3739 1385">
     <span class='ocr_line' id='line_1_29' title="bbox 2092 1307 3739 1385; baseline 0.002 -23"><span class='ocrx_word' id='word_1_188' title='bbox 2092 1310 2169 1362; x_wconf 89' lang='grc' dir='ltr'><strong>θει</strong></span> <span class='ocrx_word' id='word_1_189' title='bbox 2212 1328 2268 1363; x_wconf 84' lang='grc' dir='ltr'><strong>τε</strong></span> <span class='ocrx_word' id='word_1_190' title='bbox 2320 1314 2424 1363; x_wconf 87' lang='grc' dir='ltr'><strong>τῶν</strong></span> <span class='ocrx_word' id='word_1_191' title='bbox 2473 1307 2915 1385; x_wconf 76' lang='grc' dir='ltr'><strong>συνειλεγμένων,</strong></span> <span class='ocrx_word' id='word_1_192' title='bbox 2970 1309 3058 1363; x_wconf 83' lang='grc' dir='ltr'><strong>καὶ</strong></span> <span class='ocrx_word' id='word_1_193' title='bbox 3089 1314 3156 1384; x_wconf 80' lang='grc' dir='ltr'>τῇ</span> <span class='ocrx_word' id='word_1_194' title='bbox 3189 1307 3329 1373; x_wconf 78' lang='grc' dir='ltr'>ταξει</span> <span class='ocrx_word' id='word_1_195' title='bbox 3362 1309 3465 1374; x_wconf 67' lang='grc' dir='ltr'>τῆς</span> <span class='ocrx_word' id='word_1_196' title='bbox 3494 1307 3739 1385; x_wconf 83' lang='grc' dir='ltr'>λειτουρ-</span> 
     </span>
    </p>
   </div>
   <div class='ocr_carea' id='block_1_30' title="bbox 2092 1396 3739 1474">
    <p class='ocr_par' dir='ltr' id='par_1_30' title="bbox 2092 1396 3739 1474">
     <span class='ocr_line' id='line_1_30' title="bbox 2092 1396 3739 1474; baseline 0.002 -23"><span class='ocrx_word' id='word_1_197' title='bbox 2092 1400 2231 1473; x_wconf 76' lang='grc' dir='ltr'>γίας,</span> <span class='ocrx_word' id='word_1_198' title='bbox 2257 1403 2325 1472; x_wconf 82' lang='grc' dir='ltr'>τῇ</span> <span class='ocrx_word' id='word_1_199' title='bbox 2354 1419 2409 1452; x_wconf 88' lang='grc' dir='ltr'><strong>τε</strong></span> <span class='ocrx_word' id='word_1_200' title='bbox 2439 1398 2759 1454; x_wconf 75' lang='grc' dir='ltr'>καταστάσει</span> <span class='ocrx_word' id='word_1_201' title='bbox 2793 1405 2896 1453; x_wconf 82' lang='grc' dir='ltr'><strong>τῶν</strong></span> <span class='ocrx_word' id='word_1_202' title='bbox 2930 1396 3377 1472; x_wconf 72' lang='grc' dir='ltr'>διακονουμένων,</span> <span class='ocrx_word' id='word_1_203' title='bbox 3415 1398 3505 1453; x_wconf 80' lang='grc' dir='ltr'><strong>καὶ</strong></span> <span class='ocrx_word' id='word_1_204' title='bbox 3538 1404 3607 1474; x_wconf 77' lang='grc' dir='ltr'>τῇ</span> <span class='ocrx_word' id='word_1_205' title='bbox 3637 1402 3739 1456; x_wconf 87' lang='grc' dir='ltr'><strong>τῶν</strong></span> 
     </span>
    </p>
   </div>
   <div class='ocr_carea' id='block_1_31' title="bbox 2091 1485 2781 1564">
    <p class='ocr_par' dir='ltr' id='par_1_31' title="bbox 2091 1485 2781 1564">
     <span class='ocr_line' id='line_1_31' title="bbox 2091 1485 2781 1564; baseline 0 -24"><span class='ocrx_word' id='word_1_206' title='bbox 2091 1488 2514 1564; x_wconf 62' lang='grc' dir='ltr'>χορηγολμένων</span> <span class='ocrx_word' id='word_1_207' title='bbox 2547 1485 2781 1564; x_wconf 71' lang='grc' dir='ltr'>δαπάνῃ,</span> 
     </span>
    </p>
   </div>
   <div class='ocr_carea' id='block_1_32' title="bbox 2172 1574 3741 1660">
    <p class='ocr_par' dir='ltr' id='par_1_32' title="bbox 2172 1574 3741 1660">
     <span class='ocr_line' id='line_1_32' title="bbox 2172 1574 3741 1660; baseline 0.004 -31"><span class='ocrx_word' id='word_1_208' title='bbox 2172 1574 2278 1637; x_wconf 67' lang='grc' dir='ltr'>λε’,</span> <span class='ocrx_word' id='word_1_209' title='bbox 2346 1574 2554 1634; x_wconf 82' lang='grc' dir='ltr'>Μῦλλον</span> <span class='ocrx_word' id='word_1_210' title='bbox 2613 1577 2701 1632; x_wconf 73' lang='grc' dir='ltr'><strong>οὖν</strong></span> <span class='ocrx_word' id='word_1_211' title='bbox 2733 1578 2837 1633; x_wconf 86' lang='grc' dir='ltr'><strong>τῶν</strong></span> <span class='ocrx_word' id='word_1_212' title='bbox 2869 1575 3044 1632; x_wconf 66' lang='grc' dir='ltr'>ἄλλων</span> <span class='ocrx_word' id='word_1_213' title='bbox 3076 1579 3102 1632; x_wconf 82' lang='grc' dir='ltr'>ὁ</span> <span class='ocrx_word' id='word_1_214' title='bbox 3134 1580 3226 1632; x_wconf 70' lang='grc' dir='ltr'>τοῦ</span> <span class='ocrx_word' id='word_1_215' title='bbox 3269 1584 3405 1634; x_wconf 77' lang='grc' dir='ltr'>Θεοῦ</span> <span class='ocrx_word' id='word_1_216' title='bbox 3438 1576 3741 1660; x_wconf 78' lang='grc' dir='ltr'>ἅνθρωπος,</span> 
     </span>
    </p>
   </div>
   <div class='ocr_carea' id='block_1_33' title="bbox 2091 1663 3740 1744">
    <p class='ocr_par' dir='ltr' id='par_1_33' title="bbox 2091 1663 3740 1744">
     <span class='ocr_line' id='line_1_33' title="bbox 2091 1663 3740 1744; baseline 0.002 -24"><span class='ocrx_word' id='word_1_217' title='bbox 2091 1663 2270 1738; x_wconf 78' lang='grc' dir='ltr'>ὥσπερ</span> <span class='ocrx_word' id='word_1_218' title='bbox 2326 1664 2551 1744; x_wconf 71' lang='grc' dir='ltr'>ἔφημεν,</span> <span class='ocrx_word' id='word_1_219' title='bbox 2615 1670 2681 1743; x_wconf 79' lang='grc' dir='ltr'>τῇ</span> <span class='ocrx_word' id='word_1_220' title='bbox 2739 1667 2855 1743; x_wconf 83' lang='grc' dir='ltr'>περὶ</span> <span class='ocrx_word' id='word_1_221' title='bbox 2919 1666 3107 1729; x_wconf 70' lang='grc' dir='ltr'>αὖτοὺς</span> <span class='ocrx_word' id='word_1_222' title='bbox 3162 1665 3360 1732; x_wconf 70' lang='grc' dir='ltr'>ἥττητο</span> <span class='ocrx_word' id='word_1_223' title='bbox 3415 1670 3740 1742; x_wconf 72' lang='grc' dir='ltr'>συμπαθείᾳ,</span> 
     </span>
    </p>
   </div>
   <div class='ocr_carea' id='block_1_34' title="bbox 2537 1714 2551 1744">
    <p class='ocr_par' dir='ltr' id='par_1_34' title="bbox 2537 1714 2551 1744">
     <span class='ocr_line' id='line_1_34' title="bbox 2537 1714 2551 1744; baseline 0 0"><span class='ocrx_word' id='word_1_224' title='bbox 2537 1714 2551 1744; x_wconf 66' lang='lat'><strong><em>3</em></strong></span> 
     </span>
    </p>
   </div>
   <div class='ocr_carea' id='block_1_35' title="bbox 370 1753 2007 1835">
    <p class='ocr_par' dir='ltr' id='par_1_35' title="bbox 370 1754 1980 1835">
     <span class='ocr_line' id='line_1_35' title="bbox 370 1754 1980 1835; baseline -0.004 -14"><span class='ocrx_word' id='word_1_225' title='bbox 370 1760 456 1821; x_wconf 91' lang='lat' dir='ltr'><strong>eis</strong></span> <span class='ocrx_word' id='word_1_226' title='bbox 477 1759 825 1821; x_wconf 88' lang='lat' dir='ltr'><strong>recreandis</strong></span> <span class='ocrx_word' id='word_1_227' title='bbox 849 1774 1121 1835; x_wconf 85' lang='lat' dir='ltr'><strong>magnam</strong></span> <span class='ocrx_word' id='word_1_228' title='bbox 1137 1754 1671 1815; x_wconf 86' lang='lat' dir='ltr'><strong>adhibebatcuram</strong></span> <span class='ocrx_word' id='word_1_229' title='bbox 1688 1765 1743 1814; x_wconf 85' lang='lat' dir='ltr'><strong>et</strong></span> <span class='ocrx_word' id='word_1_230' title='bbox 1758 1755 1980 1830; x_wconf 86' lang='lat' dir='ltr'><strong>diligen</strong></span> 
     </span>
    </p>
   </div>
   <div class='ocr_carea' id='block_1_36' title="bbox 2093 1753 3742 1835">
    <p class='ocr_par' dir='ltr' id='par_1_36' title="bbox 2093 1753 3742 1834">
     <span class='ocr_line' id='line_1_36' title="bbox 2093 1753 3742 1834; baseline 0.003 -26"><span class='ocrx_word' id='word_1_231' title='bbox 2093 1755 2177 1808; x_wconf 78' lang='grc' dir='ltr'><strong>καὶ</strong></span> <span class='ocrx_word' id='word_1_232' title='bbox 2235 1756 2393 1809; x_wconf 72' lang='grc' dir='ltr'><strong>ί)τ·τότε</strong></span> <span class='ocrx_word' id='word_1_233' title='bbox 2457 1763 2581 1830; x_wconf 82' lang='grc' dir='ltr'>γοῦν</span> <span class='ocrx_word' id='word_1_234' title='bbox 2639 1757 2727 1811; x_wconf 85' lang='grc' dir='ltr'><strong>καὶ</strong></span> <span class='ocrx_word' id='word_1_235' title='bbox 2771 1757 3034 1832; x_wconf 64' lang='grc' dir='ltr'>νήφοντας</span> <span class='ocrx_word' id='word_1_236' title='bbox 3084 1753 3405 1829; x_wconf 68' lang='grc' dir='ltr'>καταλάϐοι,</span> <span class='ocrx_word' id='word_1_237' title='bbox 3439 1759 3742 1834; x_wconf 70' lang='grc' dir='ltr'>θερμότατα</span> 
     </span>
    </p>
   </div>
   <div class='ocr_carea' id='block_1_37' title="bbox 367 1844 2007 1924">
    <p class='ocr_par' dir='ltr' id='par_1_37' title="bbox 367 1844 2007 1924">
     <span class='ocr_line' id='line_1_37' title="bbox 367 1844 2007 1924; baseline -0.004 -13"><span class='ocrx_word' id='word_1_238' title='bbox 367 1848 533 1924; x_wconf 88' lang='lat' dir='ltr'><strong>tiam,</strong></span> <span class='ocrx_word' id='word_1_239' title='bbox 568 1857 626 1910; x_wconf 90' lang='lat' dir='ltr'><strong>et</strong></span> <span class='ocrx_word' id='word_1_240' title='bbox 665 1866 768 1909; x_wconf 91' lang='lat' dir='ltr'><strong>eos</strong></span> <span class='ocrx_word' id='word_1_241' title='bbox 813 1845 1234 1921; x_wconf 88' lang='lat' dir='ltr'><strong>consolabatur</strong></span> <span class='ocrx_word' id='word_1_242' title='bbox 1257 1844 1453 1904; x_wconf 88' lang='lat' dir='ltr'><strong>verbis</strong></span> <span class='ocrx_word' id='word_1_243' title='bbox 1477 1844 1629 1922; x_wconf 86' lang='lat' dir='ltr'><strong>aptis</strong></span> <span class='ocrx_word' id='word_1_244' title='bbox 1655 1844 1723 1903; x_wconf 90' lang='lat' dir='ltr'><strong>ad</strong></span> <span class='ocrx_word' id='word_1_245' title='bbox 1759 1862 2007 1924; x_wconf 91' lang='lat' dir='ltr'><strong>persua-</strong></span> 
     </span>
    </p>
   </div>
   <div class='ocr_carea' id='block_1_38' title="bbox 370 1932 2005 2012">
    <p class='ocr_par' dir='ltr' id='par_1_38' title="bbox 370 1932 2005 2012">
     <span class='ocr_line' id='line_1_38' title="bbox 370 1932 2005 2012; baseline -0.004 -13"><span class='ocrx_word' id='word_1_246' title='bbox 370 1939 623 2001; x_wconf 87' lang='lat' dir='ltr'><strong>dendam</strong></span> <span class='ocrx_word' id='word_1_247' title='bbox 649 1933 1513 2012; x_wconf 87' lang='lat' dir='ltr'><strong>tolerantiam.Nequaquam,o</strong></span> <span class='ocrx_word' id='word_1_248' title='bbox 1535 1932 2005 2011; x_wconf 53' lang='lat' dir='ltr'><strong>ﬁlii,dicens.ne.</strong></span> 
     </span>
    </p>
   </div>
   <div class='ocr_carea' id='block_1_39' title="bbox 367 2021 2006 2108">
    <p class='ocr_par' dir='ltr' id='par_1_39' title="bbox 367 2021 2006 2108">
     <span class='ocr_line' id='line_1_39' title="bbox 367 2021 2006 2108; baseline -0.002 -22"><span class='ocrx_word' id='word_1_249' title='bbox 367 2046 667 2108; x_wconf 87' lang='lat' dir='ltr'><strong>quaquam</strong></span> <span class='ocrx_word' id='word_1_250' title='bbox 691 2022 1167 2096; x_wconf 89' lang='lat' dir='ltr'><strong>resolvamini,et</strong></span> <span class='ocrx_word' id='word_1_251' title='bbox 1188 2022 1550 2083; x_wconf 85' lang='lat' dir='ltr'><strong>enervemini</strong></span> <span class='ocrx_word' id='word_1_252' title='bbox 1568 2021 1676 2081; x_wconf 88' lang='lat' dir='ltr'><strong>hac</strong></span> <span class='ocrx_word' id='word_1_253' title='bbox 1695 2023 2006 2100; x_wconf 87' lang='lat' dir='ltr'><strong>temporali</strong></span> 
     </span>
    </p>
   </div>
   <div class='ocr_carea' id='block_1_40' title="bbox 367 2111 2008 2195">
    <p class='ocr_par' dir='ltr' id='par_1_40' title="bbox 367 2111 2008 2195">
     <span class='ocr_line' id='line_1_40' title="bbox 367 2111 2008 2195; baseline -0.004 -16"><span class='ocrx_word' id='word_1_254' title='bbox 367 2115 686 2179; x_wconf 77' lang='lat' dir='ltr'><strong>afﬂictione</strong></span> <span class='ocrx_word' id='word_1_255' title='bbox 717 2117 924 2195; x_wconf 90' lang='lat' dir='ltr'><strong>Neque</strong></span> <span class='ocrx_word' id='word_1_256' title='bbox 956 2114 1069 2174; x_wconf 88' lang='lat' dir='ltr'><strong>hoc</strong></span> <span class='ocrx_word' id='word_1_257' title='bbox 1101 2111 1299 2171; x_wconf 83' lang='lat' dir='ltr'><strong>verbis</strong></span> <span class='ocrx_word' id='word_1_258' title='bbox 1322 2112 1589 2171; x_wconf 83' lang='lat' dir='ltr'><strong>videatur</strong></span> <span class='ocrx_word' id='word_1_259' title='bbox 1619 2112 2008 2191; x_wconf 88' lang='lat' dir='ltr'><strong>optandum,a</strong></span> 
     </span>
    </p>
   </div>
   <div class='ocr_carea' id='block_1_41' title="bbox 367 2201 2005 2282">
    <p class='ocr_par' dir='ltr' id='par_1_41' title="bbox 367 2201 2005 2282">
     <span class='ocr_line' id='line_1_41' title="bbox 367 2201 2005 2282; baseline -0.005 -12"><span class='ocrx_word' id='word_1_260' title='bbox 367 2209 493 2270; x_wconf 88' lang='lat' dir='ltr'><strong>Deo</strong></span> <span class='ocrx_word' id='word_1_261' title='bbox 518 2205 762 2267; x_wconf 91' lang='lat' dir='ltr'><strong>omnino</strong></span> <span class='ocrx_word' id='word_1_262' title='bbox 787 2223 904 2265; x_wconf 84' lang='lat' dir='ltr'><strong>non</strong></span> <span class='ocrx_word' id='word_1_263' title='bbox 927 2201 1243 2279; x_wconf 81' lang='lat' dir='ltr'><strong>corrigi.1u</strong></span> <span class='ocrx_word' id='word_1_264' title='bbox 1263 2201 1569 2261; x_wconf 86' lang='lat' dir='ltr'><strong>laboribus</strong></span> <span class='ocrx_word' id='word_1_265' title='bbox 1601 2201 2005 2282; x_wconf 87' lang='lat' dir='ltr'><strong>enim,inquit,</strong></span> 
     </span>
    </p>
   </div>
   <div class='ocr_carea' id='block_1_42' title="bbox 368 2290 2011 2372">
    <p class='ocr_par' dir='ltr' id='par_1_42' title="bbox 368 2290 2011 2372">
     <span class='ocr_line' id='line_1_42' title="bbox 368 2290 2011 2372; baseline -0.004 -16"><span class='ocrx_word' id='word_1_266' title='bbox 368 2295 506 2357; x_wconf 87' lang='lat' dir='ltr'><strong>etin</strong></span> <span class='ocrx_word' id='word_1_267' title='bbox 524 2294 775 2372; x_wconf 84' lang='lat' dir='ltr'><strong>ﬂagellis</strong></span> <span class='ocrx_word' id='word_1_268' title='bbox 794 2290 1552 2369; x_wconf 85' lang='lat' dir='ltr'><strong>castigareJerusalem.Sic</strong></span> <span class='ocrx_word' id='word_1_269' title='bbox 1577 2290 1720 2349; x_wconf 88' lang='lat' dir='ltr'><strong>dicit</strong></span> <span class='ocrx_word' id='word_1_270' title='bbox 1736 2292 1891 2351; x_wconf 86' lang='lat' dir='ltr'><strong>Deus</strong></span> <span class='ocrx_word' id='word_1_271' title='bbox 1906 2308 2011 2369; x_wconf 89' lang='lat' dir='ltr'><strong>per</strong></span> 
     </span>
    </p>
   </div>
   <div class='ocr_carea' id='block_1_43' title="bbox 366 2380 2005 2459">
    <p class='ocr_par' dir='ltr' id='par_1_43' title="bbox 366 2380 2005 2459">
     <span class='ocr_line' id='line_1_43' title="bbox 366 2380 2005 2459; baseline -0.012 -11"><span class='ocrx_word' id='word_1_272' title='bbox 366 2385 685 2448; x_wconf 82' lang='lat' dir='ltr'><strong>Jeremiam</strong></span> <span class='ocrx_word' id='word_1_273' title='bbox 722 2400 736 2444; x_wconf 89' lang='lat'>:</span> <span class='ocrx_word' id='word_1_274' title='bbox 779 2384 999 2443; x_wconf 77' lang='lat' dir='ltr'><strong>Anima</strong></span> <span class='ocrx_word' id='word_1_275' title='bbox 1026 2398 1160 2441; x_wconf 88' lang='lat' dir='ltr'><strong>mea</strong></span> <span class='ocrx_word' id='word_1_276' title='bbox 1184 2388 1633 2459; x_wconf 77' lang='lat' dir='ltr'><strong>uunquamule</strong></span> <span class='ocrx_word' id='word_1_277' title='bbox 1657 2380 1893 2459; x_wconf 64' lang='lat' dir='ltr'><strong>dt&#39;ﬁciat</strong></span> <span class='ocrx_word' id='word_1_278' title='bbox 1928 2381 2005 2443; x_wconf 70' lang='grc' dir='ltr'><strong>ιδ,</strong></span> 
     </span>
    </p>
   </div>
   <div class='ocr_carea' id='block_1_44' title="bbox 368 2469 2007 2553">
    <p class='ocr_par' dir='ltr' id='par_1_44' title="bbox 368 2469 2007 2553">
     <span class='ocr_line' id='line_1_44' title="bbox 368 2469 2007 2553; baseline -0.005 -15"><span class='ocrx_word' id='word_1_279' title='bbox 368 2476 625 2553; x_wconf 84' lang='lat' dir='ltr'><strong>Castigat</strong></span> <span class='ocrx_word' id='word_1_280' title='bbox 649 2470 947 2542; x_wconf 88' lang='lat' dir='ltr'><strong>enim,sed</strong></span> <span class='ocrx_word' id='word_1_281' title='bbox 973 2469 1233 2544; x_wconf 83' lang='lat' dir='ltr'><strong>benigne</strong></span> <span class='ocrx_word' id='word_1_282' title='bbox 1259 2489 1272 2529; x_wconf 90' lang='lat'><strong>:</strong></span> <span class='ocrx_word' id='word_1_283' title='bbox 1300 2469 1385 2529; x_wconf 81' lang='lat' dir='ltr'><strong>Et</strong></span> <span class='ocrx_word' id='word_1_284' title='bbox 1408 2471 1905 2547; x_wconf 72' lang='lat' dir='ltr'><strong>castigatomnem</strong></span> <span class='ocrx_word' id='word_1_285' title='bbox 1928 2470 2007 2547; x_wconf 83' lang='lat' dir='ltr'><strong>ﬁ-</strong></span> 
     </span>
    </p>
   </div>
   <div class='ocr_carea' id='block_1_45' title="bbox 364 2557 2006 2643">
    <p class='ocr_par' dir='ltr' id='par_1_45' title="bbox 364 2557 2006 2643">
     <span class='ocr_line' id='line_1_45' title="bbox 364 2557 2006 2643; baseline -0.005 -17"><span class='ocrx_word' id='word_1_286' title='bbox 364 2563 721 2643; x_wconf 79' lang='lat' dir='ltr'><strong>lium,quem</strong></span> <span class='ocrx_word' id='word_1_287' title='bbox 748 2563 1242 2639; x_wconf 75' lang='lat' dir='ltr'><strong>recipil,possum</strong></span> <span class='ocrx_word' id='word_1_288' title='bbox 1271 2558 1507 2617; x_wconf 85' lang='lat' dir='ltr'><strong>discere</strong></span> <span class='ocrx_word' id='word_1_289' title='bbox 1534 2576 1601 2617; x_wconf 87' lang='lat' dir='ltr'><strong>ex</strong></span> <span class='ocrx_word' id='word_1_290' title='bbox 1629 2557 1827 2617; x_wconf 86' lang='lat' dir='ltr'><strong>divina</strong></span> <span class='ocrx_word' id='word_1_291' title='bbox 1842 2560 2006 2620; x_wconf 86' lang='lat' dir='ltr'><strong>Scri-</strong></span> 
     </span>
    </p>
   </div>
   <div class='ocr_carea' id='block_1_46' title="bbox 365 2647 2006 2735">
    <p class='ocr_par' dir='ltr' id='par_1_46' title="bbox 365 2647 2006 2735">
     <span class='ocr_line' id='line_1_46' title="bbox 365 2647 2006 2735; baseline -0.001 -22"><span class='ocrx_word' id='word_1_292' title='bbox 365 2662 540 2735; x_wconf 88' lang='lat' dir='ltr'><strong>ptura</strong></span> <span class='ocrx_word' id='word_1_293' title='bbox 569 2653 647 2727; x_wconf 77' lang='grc'><strong>16,</strong></span> <span class='ocrx_word' id='word_1_294' title='bbox 675 2652 822 2712; x_wconf 86' lang='lat' dir='ltr'><strong>adeo</strong></span> <span class='ocrx_word' id='word_1_295' title='bbox 854 2658 913 2709; x_wconf 91' lang='lat' dir='ltr'><strong>ut</strong></span> <span class='ocrx_word' id='word_1_296' title='bbox 935 2648 1257 2727; x_wconf 83' lang='lat' dir='ltr'><strong>disciplina</strong></span> <span class='ocrx_word' id='word_1_297' title='bbox 1278 2647 1409 2726; x_wconf 85' lang='lat' dir='ltr'><strong>ejus</strong></span> <span class='ocrx_word' id='word_1_298' title='bbox 1449 2655 1509 2735; x_wconf 90' lang='lat' dir='ltr'><strong>et</strong></span> <span class='ocrx_word' id='word_1_299' title='bbox 1542 2647 1851 2724; x_wconf 82' lang='lat' dir='ltr'><strong>castigatio</strong></span> <span class='ocrx_word' id='word_1_300' title='bbox 1888 2668 2006 2711; x_wconf 89' lang='lat' dir='ltr'><strong>non</strong></span> 
     </span>
    </p>
   </div>
   <div class='ocr_carea' id='block_1_47' title="bbox 367 2734 2005 2815">
    <p class='ocr_par' dir='ltr' id='par_1_47' title="bbox 367 2734 2005 2815">
     <span class='ocr_line' id='line_1_47' title="bbox 367 2734 2005 2815; baseline -0.002 -14"><span class='ocrx_word' id='word_1_301' title='bbox 367 2741 442 2801; x_wconf 91' lang='lat' dir='ltr'><strong>sit</strong></span> <span class='ocrx_word' id='word_1_302' title='bbox 472 2743 593 2810; x_wconf 68' lang='lat' dir='ltr'><strong>irae,</strong></span> <span class='ocrx_word' id='word_1_303' title='bbox 622 2739 727 2815; x_wconf 90' lang='lat' dir='ltr'><strong>sed</strong></span> <span class='ocrx_word' id='word_1_304' title='bbox 765 2738 1127 2812; x_wconf 82' lang='lat' dir='ltr'><strong>dilectionis,</strong></span> <span class='ocrx_word' id='word_1_305' title='bbox 1161 2736 1230 2796; x_wconf 89' lang='lat' dir='ltr'><strong>ad</strong></span> <span class='ocrx_word' id='word_1_306' title='bbox 1264 2734 1697 2795; x_wconf 87' lang='lat' dir='ltr'><strong>correctionem</strong></span> <span class='ocrx_word' id='word_1_307' title='bbox 1728 2748 2005 2814; x_wconf 88' lang='lat' dir='ltr'><strong>peccato-</strong></span> 
     </span>
    </p>
   </div>
   <div class='ocr_carea' id='block_1_48' title="bbox 365 2823 2007 2907">
    <p class='ocr_par' dir='ltr' id='par_1_48' title="bbox 365 2823 2007 2907">
     <span class='ocr_line' id='line_1_48' title="bbox 365 2823 2007 2907; baseline -0.001 -17"><span class='ocrx_word' id='word_1_308' title='bbox 365 2848 523 2899; x_wconf 82' lang='lat' dir='ltr'><strong>rum,</strong></span> <span class='ocrx_word' id='word_1_309' title='bbox 562 2828 805 2888; x_wconf 89' lang='lat' dir='ltr'><strong>inducta</strong></span> <span class='ocrx_word' id='word_1_310' title='bbox 857 2835 1101 2907; x_wconf 90' lang='lat' dir='ltr'><strong>propter</strong></span> <span class='ocrx_word' id='word_1_311' title='bbox 1157 2823 1619 2901; x_wconf 82' lang='lat' dir='ltr'><strong>benignitatem.</strong></span> <span class='ocrx_word' id='word_1_312' title='bbox 1656 2824 1887 2886; x_wconf 82' lang='lat' dir='ltr'><strong>Bonum</strong></span> <span class='ocrx_word' id='word_1_313' title='bbox 1920 2837 2007 2889; x_wconf 91' lang='lat' dir='ltr'><strong>est</strong></span> 
     </span>
    </p>
   </div>
   <div class='ocr_carea' id='block_1_49' title="bbox 367 2912 2007 2997">
    <p class='ocr_par' dir='ltr' id='par_1_49' title="bbox 367 2912 2007 2997">
     <span class='ocr_line' id='line_1_49' title="bbox 367 2912 2007 2997; baseline -0.002 -17"><span class='ocrx_word' id='word_1_314' title='bbox 367 2936 534 2997; x_wconf 86' lang='lat' dir='ltr'><strong>ergo,</strong></span> <span class='ocrx_word' id='word_1_315' title='bbox 571 2939 605 2979; x_wconf 93' lang='grc' dir='ltr'><strong>ο</strong></span> <span class='ocrx_word' id='word_1_316' title='bbox 641 2918 949 2987; x_wconf 80' lang='lat' dir='ltr'><strong>fratres,et</strong></span> <span class='ocrx_word' id='word_1_317' title='bbox 983 2914 1147 2975; x_wconf 82' lang='lat' dir='ltr'><strong>valde</strong></span> <span class='ocrx_word' id='word_1_318' title='bbox 1181 2912 1426 2989; x_wconf 86' lang='lat' dir='ltr'><strong>bonum,</strong></span> <span class='ocrx_word' id='word_1_319' title='bbox 1450 2932 1581 2973; x_wconf 88' lang='lat' dir='ltr'><strong>cum</strong></span> <span class='ocrx_word' id='word_1_320' title='bbox 1607 2914 1705 2974; x_wconf 89' lang='lat' dir='ltr'><strong>hic</strong></span> <span class='ocrx_word' id='word_1_321' title='bbox 1726 2916 2007 2995; x_wconf 89' lang='lat' dir='ltr'><strong>spiritua-</strong></span> 
     </span>
    </p>
   </div>
   <div class='ocr_carea' id='block_1_50' title="bbox 369 3002 2006 3084">
    <p class='ocr_par' dir='ltr' id='par_1_50' title="bbox 369 3002 2006 3084">
     <span class='ocr_line' id='line_1_50' title="bbox 369 3002 2006 3084; baseline -0.001 -14"><span class='ocrx_word' id='word_1_322' title='bbox 369 3008 508 3070; x_wconf 88' lang='lat' dir='ltr'><strong>liter</strong></span> <span class='ocrx_word' id='word_1_323' title='bbox 526 3006 791 3084; x_wconf 84' lang='lat' dir='ltr'><strong>castigati</strong></span> <span class='ocrx_word' id='word_1_324' title='bbox 816 3003 1129 3083; x_wconf 82' lang='lat' dir='ltr'><strong>fuerimus,</strong></span> <span class='ocrx_word' id='word_1_325' title='bbox 1156 3002 1274 3062; x_wconf 91' lang='lat' dir='ltr'><strong>illic</strong></span> <span class='ocrx_word' id='word_1_326' title='bbox 1303 3004 1640 3063; x_wconf 76' lang='lat' dir='ltr'><strong>Dominicas</strong></span> <span class='ocrx_word' id='word_1_327' title='bbox 1666 3006 1864 3082; x_wconf 85' lang='lat' dir='ltr'><strong>plagas</strong></span> <span class='ocrx_word' id='word_1_328' title='bbox 1889 3025 2006 3068; x_wconf 90' lang='lat' dir='ltr'><strong>non</strong></span> 
     </span>
    </p>
   </div>
   <div class='ocr_carea' id='block_1_51' title="bbox 370 3092 1981 3176">
    <p class='ocr_par' dir='ltr' id='par_1_51' title="bbox 370 3092 1981 3176">
     <span class='ocr_line' id='line_1_51' title="bbox 370 3092 1981 3176; baseline -0.002 -17"><span class='ocrx_word' id='word_1_329' title='bbox 370 3096 627 3176; x_wconf 86' lang='lat' dir='ltr'><strong>experiri</strong></span> <span class='ocrx_word' id='word_1_330' title='bbox 663 3117 676 3155; x_wconf 89' lang='lat'>:</span> <span class='ocrx_word' id='word_1_331' title='bbox 710 3105 925 3156; x_wconf 89' lang='lat' dir='ltr'><strong>etcum</strong></span> <span class='ocrx_word' id='word_1_332' title='bbox 973 3094 1069 3154; x_wconf 88' lang='lat' dir='ltr'><strong>hic</strong></span> <span class='ocrx_word' id='word_1_333' title='bbox 1095 3092 1169 3153; x_wconf 87' lang='lat' dir='ltr'><strong>ad</strong></span> <span class='ocrx_word' id='word_1_334' title='bbox 1198 3102 1431 3171; x_wconf 88' lang='lat' dir='ltr'><strong>tempus</strong></span> <span class='ocrx_word' id='word_1_335' title='bbox 1460 3092 1665 3152; x_wconf 83' lang='lat' dir='ltr'><strong>alllicti</strong></span> <span class='ocrx_word' id='word_1_336' title='bbox 1695 3093 1981 3156; x_wconf 82' lang='lat' dir='ltr'><strong>fuerimus</strong></span> 
     </span>
    </p>
   </div>
   <div class='ocr_carea' id='block_1_52' title="bbox 368 3182 2005 3268">
    <p class='ocr_par' dir='ltr' id='par_1_52' title="bbox 368 3182 2005 3268">
     <span class='ocr_line' id='line_1_52' title="bbox 368 3182 2005 3268; baseline -0.001 -21"><span class='ocrx_word' id='word_1_337' title='bbox 368 3204 500 3268; x_wconf 67' lang='lat' dir='ltr'><strong>quin</strong></span> <span class='ocrx_word' id='word_1_338' title='bbox 524 3186 701 3247; x_wconf 87' lang='lat' dir='ltr'><strong>ﬁnem</strong></span> <span class='ocrx_word' id='word_1_339' title='bbox 730 3203 846 3245; x_wconf 91' lang='lat' dir='ltr'><strong>non</strong></span> <span class='ocrx_word' id='word_1_340' title='bbox 870 3184 1403 3244; x_wconf 85' lang='lat' dir='ltr'><strong>habenttormenta</strong></span> <span class='ocrx_word' id='word_1_341' title='bbox 1419 3182 1823 3260; x_wconf 65' lang='lat' dir='ltr'><strong>elfugereﬂic</strong></span> <span class='ocrx_word' id='word_1_342' title='bbox 1848 3185 2005 3246; x_wconf 88' lang='lat' dir='ltr'><strong>enim</strong></span> 
     </span>
    </p>
   </div>
   <div class='ocr_carea' id='block_1_53' title="bbox 367 3272 2010 3356">
    <p class='ocr_par' dir='ltr' id='par_1_53' title="bbox 367 3272 2010 3356">
     <span class='ocr_line' id='line_1_53' title="bbox 367 3272 2010 3356; baseline -0.001 -19"><span class='ocrx_word' id='word_1_343' title='bbox 367 3276 517 3337; x_wconf 86' lang='lat' dir='ltr'><strong>nihil</strong></span> <span class='ocrx_word' id='word_1_344' title='bbox 543 3275 871 3356; x_wconf 79' lang='lat' dir='ltr'><strong>pati,longe</strong></span> <span class='ocrx_word' id='word_1_345' title='bbox 895 3282 985 3334; x_wconf 92' lang='lat' dir='ltr'><strong>est</strong></span> <span class='ocrx_word' id='word_1_346' title='bbox 1008 3273 1247 3351; x_wconf 83' lang='lat' dir='ltr'><strong>gravius</strong></span> <span class='ocrx_word' id='word_1_347' title='bbox 1269 3290 1444 3353; x_wconf 88' lang='lat' dir='ltr'><strong>quam</strong></span> <span class='ocrx_word' id='word_1_348' title='bbox 1470 3272 1608 3350; x_wconf 84' lang='lat' dir='ltr'><strong>pati:</strong></span> <span class='ocrx_word' id='word_1_349' title='bbox 1638 3281 1694 3333; x_wconf 91' lang='lat' dir='ltr'><strong>et</strong></span> <span class='ocrx_word' id='word_1_350' title='bbox 1716 3275 2010 3336; x_wconf 82' lang='lat' dir='ltr'><strong>excedere</strong></span> 
     </span>
    </p>
   </div>
   <div class='ocr_carea' id='block_1_54' title="bbox 366 3361 2011 3446">
    <p class='ocr_par' dir='ltr' id='par_1_54' title="bbox 366 3361 2011 3446">
     <span class='ocr_line' id='line_1_54' title="bbox 366 3361 2011 3446; baseline -0.001 -19"><span class='ocrx_word' id='word_1_351' title='bbox 366 3384 399 3427; x_wconf 90' lang='lat' dir='ltr'><strong>e</strong></span> <span class='ocrx_word' id='word_1_352' title='bbox 430 3366 551 3427; x_wconf 88' lang='lat' dir='ltr'><strong>vita</strong></span> <span class='ocrx_word' id='word_1_353' title='bbox 605 3363 829 3446; x_wconf 88' lang='lat' dir='ltr'><strong>absque</strong></span> <span class='ocrx_word' id='word_1_354' title='bbox 886 3361 1344 3437; x_wconf 86' lang='lat' dir='ltr'><strong>tentationibus,</strong></span> <span class='ocrx_word' id='word_1_355' title='bbox 1381 3370 1443 3421; x_wconf 91' lang='lat' dir='ltr'><strong>ut</strong></span> <span class='ocrx_word' id='word_1_356' title='bbox 1473 3364 1646 3439; x_wconf 87' lang='lat' dir='ltr'><strong>cujus</strong></span> <span class='ocrx_word' id='word_1_357' title='bbox 1679 3381 1794 3422; x_wconf 92' lang='lat' dir='ltr'><strong>non</strong></span> <span class='ocrx_word' id='word_1_358' title='bbox 1837 3363 2011 3425; x_wconf 90' lang='lat' dir='ltr'><strong>fuerit</strong></span> 
     </span>
    </p>
   </div>
   <div class='ocr_carea' id='block_1_55' title="bbox 364 3450 2006 3534">
    <p class='ocr_par' dir='ltr' id='par_1_55' title="bbox 364 3450 2006 3534">
     <span class='ocr_line' id='line_1_55' title="bbox 364 3450 2006 3534; baseline -0.001 -18"><span class='ocrx_word' id='word_1_359' title='bbox 364 3464 617 3534; x_wconf 86' lang='lat' dir='ltr'><strong>purgata</strong></span> <span class='ocrx_word' id='word_1_360' title='bbox 650 3456 900 3517; x_wconf 88' lang='lat' dir='ltr'><strong>materia</strong></span> <span class='ocrx_word' id='word_1_361' title='bbox 936 3460 1313 3533; x_wconf 89' lang='lat' dir='ltr'><strong>peccatorum</strong></span> <span class='ocrx_word' id='word_1_362' title='bbox 1347 3450 1544 3511; x_wconf 88' lang='lat' dir='ltr'><strong>multis</strong></span> <span class='ocrx_word' id='word_1_363' title='bbox 1562 3452 2006 3531; x_wconf 69' lang='lat' dir='ltr'><strong>afﬂictionibus,</strong></span> 
     </span>
    </p>
   </div>
   <div class='ocr_carea' id='block_1_56' title="bbox 362 3541 2006 3627">
    <p class='ocr_par' dir='ltr' id='par_1_56' title="bbox 362 3541 2006 3627">
     <span class='ocr_line' id='line_1_56' title="bbox 362 3541 2006 3627; baseline -0.001 -21"><span class='ocrx_word' id='word_1_364' title='bbox 362 3545 517 3627; x_wconf 87' lang='lat' dir='ltr'><strong>quod</strong></span> <span class='ocrx_word' id='word_1_365' title='bbox 543 3554 631 3606; x_wconf 90' lang='lat' dir='ltr'><strong>est</strong></span> <span class='ocrx_word' id='word_1_366' title='bbox 672 3552 943 3623; x_wconf 88' lang='lat' dir='ltr'><strong>apertum</strong></span> <span class='ocrx_word' id='word_1_367' title='bbox 993 3542 1283 3603; x_wconf 88' lang='lat' dir='ltr'><strong>indicium</strong></span> <span class='ocrx_word' id='word_1_368' title='bbox 1332 3541 1696 3602; x_wconf 88' lang='lat' dir='ltr'><strong>terribilium</strong></span> <span class='ocrx_word' id='word_1_369' title='bbox 1724 3542 2006 3604; x_wconf 85' lang='lat' dir='ltr'><strong>afﬂictio-</strong></span> 
     </span>
    </p>
   </div>
   <div class='ocr_carea' id='block_1_57' title="bbox 364 3633 2008 3714">
    <p class='ocr_par' dir='ltr' id='par_1_57' title="bbox 364 3633 2008 3714">
     <span class='ocr_line' id='line_1_57' title="bbox 364 3633 2008 3714; baseline -0.001 -19"><span class='ocrx_word' id='word_1_370' title='bbox 364 3644 597 3708; x_wconf 84' lang='lat' dir='ltr'><strong>num,et</strong></span> <span class='ocrx_word' id='word_1_371' title='bbox 621 3635 935 3695; x_wconf 87' lang='lat' dir='ltr'><strong>nothorum</strong></span> <span class='ocrx_word' id='word_1_372' title='bbox 963 3634 1368 3714; x_wconf 85' lang='lat' dir='ltr'><strong>potius,quam</strong></span> <span class='ocrx_word' id='word_1_373' title='bbox 1393 3648 1825 3707; x_wconf 79' lang='lat' dir='ltr'><strong>germanorum</strong></span> <span class='ocrx_word' id='word_1_374' title='bbox 1853 3633 2008 3695; x_wconf 86' lang='lat' dir='ltr'><strong>ﬁlio-</strong></span> 
     </span>
    </p>
   </div>
   <div class='ocr_carea' id='block_1_58' title="bbox 366 3720 2005 3803">
    <p class='ocr_par' dir='ltr' id='par_1_58' title="bbox 366 3720 2005 3803">
     <span class='ocr_line' id='line_1_58' title="bbox 366 3720 2005 3803; baseline -0.002 -18"><span class='ocrx_word' id='word_1_375' title='bbox 366 3742 501 3785; x_wconf 88' lang='lat' dir='ltr'><strong>rum</strong></span> <span class='ocrx_word' id='word_1_376' title='bbox 525 3722 757 3803; x_wconf 84' lang='lat' dir='ltr'><strong>signum</strong></span> <span class='ocrx_word' id='word_1_377' title='bbox 798 3722 1069 3782; x_wconf 83' lang='lat' dir='ltr'><strong>evidens.</strong></span> <span class='ocrx_word' id='word_1_378' title='bbox 1107 3720 1458 3800; x_wconf 78' lang='lat' dir='ltr'><strong>Quanquam</strong></span> <span class='ocrx_word' id='word_1_379' title='bbox 1488 3738 1563 3780; x_wconf 91' lang='lat' dir='ltr'><strong>ne</strong></span> <span class='ocrx_word' id='word_1_380' title='bbox 1588 3720 1731 3781; x_wconf 90' lang='lat' dir='ltr'><strong>illud</strong></span> <span class='ocrx_word' id='word_1_381' title='bbox 1766 3722 2005 3801; x_wconf 90' lang='lat' dir='ltr'><strong>quidem</strong></span> 
     </span>
    </p>
   </div>
   <div class='ocr_carea' id='block_1_59' title="bbox 366 3808 2008 3889">
    <p class='ocr_par' dir='ltr' id='par_1_59' title="bbox 366 3808 2008 3889">
     <span class='ocr_line' id='line_1_59' title="bbox 366 3808 2008 3889; baseline -0.002 -14"><span class='ocrx_word' id='word_1_382' title='bbox 366 3814 609 3875; x_wconf 90' lang='lat' dir='ltr'><strong>omnino</strong></span> <span class='ocrx_word' id='word_1_383' title='bbox 634 3810 1019 3873; x_wconf 82' lang='lat' dir='ltr'><strong>conturbabit</strong></span> <span class='ocrx_word' id='word_1_384' title='bbox 1043 3808 1310 3869; x_wconf 90' lang='lat' dir='ltr'><strong>animum</strong></span> <span class='ocrx_word' id='word_1_385' title='bbox 1339 3826 1545 3868; x_wconf 85' lang='lat' dir='ltr'><strong>eorum</strong></span> <span class='ocrx_word' id='word_1_386' title='bbox 1572 3809 1670 3889; x_wconf 90' lang='lat' dir='ltr'><strong>qui</strong></span> <span class='ocrx_word' id='word_1_387' title='bbox 1689 3811 2008 3888; x_wconf 77' lang='lat' dir='ltr'><strong>Sapiunt,si</strong></span> 
     </span>
    </p>
   </div>
   <div class='ocr_carea' id='block_1_60' title="bbox 366 3896 2010 3980">
    <p class='ocr_par' dir='ltr' id='par_1_60' title="bbox 366 3896 2010 3980">
     <span class='ocr_line' id='line_1_60' title="bbox 366 3896 2010 3980; baseline -0.001 -17"><span class='ocrx_word' id='word_1_388' title='bbox 366 3904 630 3980; x_wconf 85' lang='lat' dir='ltr'><strong>ﬁgmenti</strong></span> <span class='ocrx_word' id='word_1_389' title='bbox 654 3899 843 3961; x_wconf 86' lang='lat' dir='ltr'><strong>divini</strong></span> <span class='ocrx_word' id='word_1_390' title='bbox 866 3898 1101 3959; x_wconf 79' lang='lat' dir='ltr'><strong>daemon</strong></span> <span class='ocrx_word' id='word_1_391' title='bbox 1128 3897 1316 3958; x_wconf 87' lang='lat' dir='ltr'><strong>evadit</strong></span> <span class='ocrx_word' id='word_1_392' title='bbox 1348 3897 1647 3957; x_wconf 89' lang='lat' dir='ltr'><strong>dominus.</strong></span> <span class='ocrx_word' id='word_1_393' title='bbox 1669 3896 1810 3957; x_wconf 87' lang='lat' dir='ltr'><strong>Nam</strong></span> <span class='ocrx_word' id='word_1_394' title='bbox 1838 3900 2010 3961; x_wconf 88' lang='lat' dir='ltr'><strong>datur</strong></span> 
     </span>
    </p>
   </div>
   <div class='ocr_carea' id='block_1_61' title="bbox 363 3984 2007 4071">
    <p class='ocr_par' dir='ltr' id='par_1_61' title="bbox 363 3984 2007 4071">
     <span class='ocr_line' id='line_1_61' title="bbox 363 3984 2007 4071; baseline 0 -23"><span class='ocrx_word' id='word_1_395' title='bbox 363 3989 610 4071; x_wconf 84' lang='lat' dir='ltr'><strong>quidem</strong></span> <span class='ocrx_word' id='word_1_396' title='bbox 630 3988 716 4049; x_wconf 93' lang='lat' dir='ltr'><strong>eis</strong></span> <span class='ocrx_word' id='word_1_397' title='bbox 742 3996 997 4067; x_wconf 85' lang='lat' dir='ltr'><strong>potestas</strong></span> <span class='ocrx_word' id='word_1_398' title='bbox 1020 3984 1090 4046; x_wconf 91' lang='lat' dir='ltr'><strong>ab</strong></span> <span class='ocrx_word' id='word_1_399' title='bbox 1110 3985 1308 4065; x_wconf 86' lang='lat' dir='ltr'><strong>eo,qui</strong></span> <span class='ocrx_word' id='word_1_400' title='bbox 1332 3985 1863 4065; x_wconf 80' lang='lat' dir='ltr'><strong>creavit,lanquam</strong></span> <span class='ocrx_word' id='word_1_401' title='bbox 1883 3989 2007 4068; x_wconf 87' lang='lat' dir='ltr'><strong>qui</strong></span> 
     </span>
    </p>
   </div>
   <div class='ocr_carea' id='block_1_62' title="bbox 366 4073 2009 4158">
    <p class='ocr_par' dir='ltr' id='par_1_62' title="bbox 366 4073 2009 4158">
     <span class='ocr_line' id='line_1_62' title="bbox 366 4073 2009 4158; baseline -0.002 -17"><span class='ocrx_word' id='word_1_402' title='bbox 366 4079 614 4141; x_wconf 88' lang='lat' dir='ltr'><strong>busdam</strong></span> <span class='ocrx_word' id='word_1_403' title='bbox 642 4074 1021 4158; x_wconf 89' lang='lat' dir='ltr'><strong>punitoribus</strong></span> <span class='ocrx_word' id='word_1_404' title='bbox 1052 4075 1171 4153; x_wconf 90' lang='lat' dir='ltr'><strong>(hei</strong></span> <span class='ocrx_word' id='word_1_405' title='bbox 1199 4073 1343 4134; x_wconf 90' lang='lat' dir='ltr'><strong>mihi</strong></span> <span class='ocrx_word' id='word_1_406' title='bbox 1366 4074 1436 4153; x_wconf 86' lang='lat' dir='ltr'><strong>l),</strong></span> <span class='ocrx_word' id='word_1_407' title='bbox 1464 4074 1533 4134; x_wconf 90' lang='lat' dir='ltr'><strong>ad</strong></span> <span class='ocrx_word' id='word_1_408' title='bbox 1562 4073 2009 4152; x_wconf 85' lang='lat' dir='ltr'><strong>castigationem</strong></span> 
     </span>
    </p>
   </div>
   <div class='ocr_carea' id='block_1_63' title="bbox 365 4162 2009 4247">
    <p class='ocr_par' dir='ltr' id='par_1_63' title="bbox 365 4162 2009 4247">
     <span class='ocr_line' id='line_1_63' title="bbox 365 4162 2009 4247; baseline -0.002 -17"><span class='ocrx_word' id='word_1_409' title='bbox 365 4167 626 4230; x_wconf 84' lang='lat' dir='ltr'><strong>ﬁliorum</strong></span> <span class='ocrx_word' id='word_1_410' title='bbox 654 4166 755 4247; x_wconf 87' lang='lat' dir='ltr'><strong>qui</strong></span> <span class='ocrx_word' id='word_1_411' title='bbox 780 4162 1885 4243; x_wconf 85' lang='lat' dir='ltr'><strong>declinarunt.Daturautem,quantum</strong></span> <span class='ocrx_word' id='word_1_412' title='bbox 1910 4166 2009 4227; x_wconf 90' lang='lat' dir='ltr'><strong>ille</strong></span> 
     </span>
    </p>
   </div>
   <div class='ocr_carea' id='block_1_64' title="bbox 361 4251 2010 4334">
    <p class='ocr_par' dir='ltr' id='par_1_64' title="bbox 361 4251 2010 4334">
     <span class='ocr_line' id='line_1_64' title="bbox 361 4251 2010 4334; baseline -0.002 -15"><span class='ocrx_word' id='word_1_413' title='bbox 361 4256 524 4319; x_wconf 88' lang='lat' dir='ltr'><strong>novit</strong></span> <span class='ocrx_word' id='word_1_414' title='bbox 546 4256 822 4317; x_wconf 90' lang='lat' dir='ltr'><strong>sufﬁcere</strong></span> <span class='ocrx_word' id='word_1_415' title='bbox 845 4253 917 4315; x_wconf 90' lang='lat' dir='ltr'><strong>ad</strong></span> <span class='ocrx_word' id='word_1_416' title='bbox 941 4251 1413 4331; x_wconf 84' lang='lat' dir='ltr'><strong>castigationem,</strong></span> <span class='ocrx_word' id='word_1_417' title='bbox 1439 4271 1553 4313; x_wconf 93' lang='lat' dir='ltr'><strong>non</strong></span> <span class='ocrx_word' id='word_1_418' title='bbox 1586 4260 1869 4332; x_wconf 85' lang='lat' dir='ltr'><strong>quantum</strong></span> <span class='ocrx_word' id='word_1_419' title='bbox 1896 4255 2010 4334; x_wconf 88' lang='lat' dir='ltr'><strong>ipsi</strong></span> 
     </span>
    </p>
   </div>
   <div class='ocr_carea' id='block_1_65' title="bbox 362 4340 2009 4423">
    <p class='ocr_par' dir='ltr' id='par_1_65' title="bbox 362 4340 2009 4423">
     <span class='ocr_line' id='line_1_65' title="bbox 362 4340 2009 4423; baseline -0.001 -18"><span class='ocrx_word' id='word_1_420' title='bbox 362 4344 704 4408; x_wconf 76' lang='lat' dir='ltr'><strong>volunt.\&#39;ix</strong></span> <span class='ocrx_word' id='word_1_421' title='bbox 729 4344 887 4406; x_wconf 90' lang='lat' dir='ltr'><strong>enim</strong></span> <span class='ocrx_word' id='word_1_422' title='bbox 917 4350 1232 4423; x_wconf 89' lang='lat' dir='ltr'><strong>parcerent</strong></span> <span class='ocrx_word' id='word_1_423' title='bbox 1264 4340 1742 4421; x_wconf 90' lang='lat' dir='ltr'><strong>hominibus,qui</strong></span> <span class='ocrx_word' id='word_1_424' title='bbox 1770 4361 1842 4403; x_wconf 92' lang='lat' dir='ltr'><strong>ne</strong></span> <span class='ocrx_word' id='word_1_425' title='bbox 1866 4343 2009 4403; x_wconf 85' lang='lat' dir='ltr'><strong>bru-</strong></span> 
     </span>
    </p>
   </div>
   <div class='ocr_carea' id='block_1_66' title="bbox 1989 3143 2068 3194">
    <p class='ocr_par' dir='ltr' id='par_1_66' title="bbox 1989 3143 2068 3194">
     <span class='ocr_line' id='line_1_66' title="bbox 1989 3143 2068 3194; baseline 0 0"><span class='ocrx_word' id='word_1_426' title='bbox 1989 3143 2068 3194; x_wconf 79' lang='grc' dir='ltr'>Ὀ</span> 
     </span>
    </p>
   </div>
   <div class='ocr_carea' id='block_1_67' title="bbox 2092 1843 3749 1922">
    <p class='ocr_par' dir='ltr' id='par_1_67' title="bbox 2092 1843 3749 1922">
     <span class='ocr_line' id='line_1_67' title="bbox 2092 1843 3749 1922; baseline 0.002 -25"><span class='ocrx_word' id='word_1_427' title='bbox 2092 1844 2221 1919; x_wconf 67' lang='grc' dir='ltr'>πρὸς</span> <span class='ocrx_word' id='word_1_428' title='bbox 2280 1844 2470 1906; x_wconf 66' lang='grc' dir='ltr'>αὐτοὺς</span> <span class='ocrx_word' id='word_1_429' title='bbox 2517 1843 2716 1900; x_wconf 79' lang='grc' dir='ltr'>ἐδείκνυ</span> <span class='ocrx_word' id='word_1_430' title='bbox 2773 1846 2839 1900; x_wconf 79' lang='grc' dir='ltr'>τὰ</span> <span class='ocrx_word' id='word_1_431' title='bbox 2882 1844 3195 1922; x_wconf 76' lang='grc' dir='ltr'>σπλάγχνα,</span> <span class='ocrx_word' id='word_1_432' title='bbox 3243 1844 3361 1900; x_wconf 82' lang='grc' dir='ltr'>λίαν</span> <span class='ocrx_word' id='word_1_433' title='bbox 3408 1867 3465 1900; x_wconf 86' lang='grc' dir='ltr'><strong>τε</strong></span> <span class='ocrx_word' id='word_1_434' title='bbox 3513 1844 3749 1920; x_wconf 81' lang='grc' dir='ltr'>κηδεμο-</span> 
     </span>
    </p>
   </div>
   <div class='ocr_carea' id='block_1_68' title="bbox 2091 1931 3748 2012">
    <p class='ocr_par' dir='ltr' id='par_1_68' title="bbox 2091 1931 3748 2012">
     <span class='ocr_line' id='line_1_68' title="bbox 2091 1931 3748 2012; baseline 0.004 -26"><span class='ocrx_word' id='word_1_435' title='bbox 2091 1939 2251 1995; x_wconf 87' lang='grc' dir='ltr'>νικῶς</span> <span class='ocrx_word' id='word_1_436' title='bbox 2288 1931 2564 2010; x_wconf 69' lang='grc' dir='ltr'>ἀνεκτᾶτο,</span> <span class='ocrx_word' id='word_1_437' title='bbox 2601 1935 2688 1988; x_wconf 82' lang='grc' dir='ltr'><strong>καὶ</strong></span> <span class='ocrx_word' id='word_1_438' title='bbox 2721 1932 2900 2010; x_wconf 84' lang='grc' dir='ltr'>λόγοις</span> <span class='ocrx_word' id='word_1_439' title='bbox 2962 1933 3286 1998; x_wconf 70' lang='grc' dir='ltr'>ἐπιτηδείοις</span> <span class='ocrx_word' id='word_1_440' title='bbox 3344 1937 3484 2012; x_wconf 68' lang='grc' dir='ltr'>πρὸς</span> <span class='ocrx_word' id='word_1_441' title='bbox 3544 1937 3748 2008; x_wconf 75' lang='grc' dir='ltr'>ὑπομο-</span> 
     </span>
    </p>
   </div>
   <div class='ocr_carea' id='block_1_69' title="bbox 2090 2020 3749 2101">
    <p class='ocr_par' dir='ltr' id='par_1_69' title="bbox 2090 2020 3749 2101">
     <span class='ocr_line' id='line_1_69' title="bbox 2090 2020 3749 2101; baseline 0.004 -26"><span class='ocrx_word' id='word_1_442' title='bbox 2090 2045 2186 2087; x_wconf 89' lang='grc' dir='ltr'><strong>νην</strong></span> <span class='ocrx_word' id='word_1_443' title='bbox 2218 2020 2452 2099; x_wconf 72' lang='grc' dir='ltr'>ἤλειφεν.</span> <span class='ocrx_word' id='word_1_444' title='bbox 2521 2024 2607 2089; x_wconf 77' lang='grc' dir='ltr'>Μὴ</span> <span class='ocrx_word' id='word_1_445' title='bbox 2665 2021 2751 2101; x_wconf 79' lang='grc' dir='ltr'><strong>δὴ,</strong></span> <span class='ocrx_word' id='word_1_446' title='bbox 2811 2021 3007 2098; x_wconf 76' lang='grc' dir='ltr'>λέγων,</span> <span class='ocrx_word' id='word_1_447' title='bbox 3040 2026 3085 2077; x_wconf 81' lang='grc' dir='ltr'>ὦ</span> <span class='ocrx_word' id='word_1_448' title='bbox 3119 2024 3295 2086; x_wconf 73' lang='grc' dir='ltr'>τέκνα,</span> <span class='ocrx_word' id='word_1_449' title='bbox 3333 2023 3608 2097; x_wconf 81' lang='grc' dir='ltr'>μηδαμῶς</span> <span class='ocrx_word' id='word_1_450' title='bbox 3652 2026 3749 2080; x_wconf 68' lang='grc' dir='ltr'>εκ·-</span> 
     </span>
    </p>
   </div>
   <div class='ocr_carea' id='block_1_70' title="bbox 2091 2109 3744 2191">
    <p class='ocr_par' dir='ltr' id='par_1_70' title="bbox 2091 2109 3744 2191">
     <span class='ocr_line' id='line_1_70' title="bbox 2091 2109 3744 2191; baseline 0.005 -28"><span class='ocrx_word' id='word_1_451' title='bbox 2091 2109 2277 2165; x_wconf 77' lang='grc' dir='ltr'>λύεσθε</span> <span class='ocrx_word' id='word_1_452' title='bbox 2304 2116 2371 2185; x_wconf 79' lang='grc' dir='ltr'>τῇ</span> <span class='ocrx_word' id='word_1_453' title='bbox 2415 2113 2719 2190; x_wconf 60' lang='grc' dir='ltr'>προσκαίρῳ</span> <span class='ocrx_word' id='word_1_454' title='bbox 2776 2112 2943 2185; x_wconf 80' lang='grc' dir='ltr'>ταύτῃ</span> <span class='ocrx_word' id='word_1_455' title='bbox 3000 2115 3347 2185; x_wconf 80' lang='grc' dir='ltr'>κακοπαθείᾳ,</span> <span class='ocrx_word' id='word_1_456' title='bbox 3411 2112 3546 2187; x_wconf 81' lang='grc' dir='ltr'>μηδ’</span> <span class='ocrx_word' id='word_1_457' title='bbox 3606 2115 3744 2191; x_wconf 76' lang='grc' dir='ltr'>ἀγα-</span> 
     </span>
    </p>
   </div>
   <div class='ocr_carea' id='block_1_71' title="bbox 2092 2199 3745 2280">
    <p class='ocr_par' dir='ltr' id='par_1_71' title="bbox 2092 2199 3745 2280">
     <span class='ocr_line' id='line_1_71' title="bbox 2092 2199 3745 2280; baseline 0.003 -25"><span class='ocrx_word' id='word_1_458' title='bbox 2092 2201 2264 2263; x_wconf 83' lang='grc' dir='ltr'>πητὸν</span> <span class='ocrx_word' id='word_1_459' title='bbox 2307 2202 2435 2271; x_wconf 75' lang='grc' dir='ltr'>ὕμτν</span> <span class='ocrx_word' id='word_1_460' title='bbox 2491 2203 2644 2256; x_wconf 70' lang='grc' dir='ltr'>τοῦτο</span> <span class='ocrx_word' id='word_1_461' title='bbox 2675 2199 2893 2256; x_wconf 88' lang='grc' dir='ltr'>δοκείτω</span> <span class='ocrx_word' id='word_1_462' title='bbox 2924 2203 2983 2255; x_wconf 81' lang='grc' dir='ltr'>τὸ</span> <span class='ocrx_word' id='word_1_463' title='bbox 3026 2202 3365 2257; x_wconf 74' lang='grc' dir='ltr'>παντάπασιν</span> <span class='ocrx_word' id='word_1_464' title='bbox 3419 2203 3570 2258; x_wconf 74' lang='grc' dir='ltr'>εἶναι</span> <span class='ocrx_word' id='word_1_465' title='bbox 3606 2205 3745 2280; x_wconf 80' lang='grc' dir='ltr'><strong>παρᾶ</strong></span> 
     </span>
    </p>
   </div>
   <div class='ocr_carea' id='block_1_72' title="bbox 2094 2290 3745 2369">
    <p class='ocr_par' dir='ltr' id='par_1_72' title="bbox 2094 2290 3745 2369">
     <span class='ocr_line' id='line_1_72' title="bbox 2094 2290 3745 2369; baseline 0.003 -26"><span class='ocrx_word' id='word_1_466' title='bbox 2094 2296 2226 2345; x_wconf 73' lang='grc' dir='ltr'>Θεοῦ</span> <span class='ocrx_word' id='word_1_467' title='bbox 2284 2290 2621 2355; x_wconf 78' lang='grc' dir='ltr'>ἀνουθέτητοι</span> <span class='ocrx_word' id='word_1_468' title='bbox 2658 2310 2671 2324; x_wconf 83' lang='grc'>⁶</span> <span class='ocrx_word' id='word_1_469' title='bbox 2723 2292 2778 2344; x_wconf 72' lang='grc' dir='ltr'>ἒν</span> <span class='ocrx_word' id='word_1_470' title='bbox 2824 2290 3009 2352; x_wconf 80' lang='grc' dir='ltr'>πόνοις</span> <span class='ocrx_word' id='word_1_471' title='bbox 3055 2292 3177 2367; x_wconf 77' lang='grc' dir='ltr'>γὰρ,</span> <span class='ocrx_word' id='word_1_472' title='bbox 3224 2293 3376 2369; x_wconf 73' lang='grc' dir='ltr'>φησὶ,</span> <span class='ocrx_word' id='word_1_473' title='bbox 3415 2294 3508 2348; x_wconf 80' lang='grc' dir='ltr'><strong>καὶ</strong></span> <span class='ocrx_word' id='word_1_474' title='bbox 3546 2293 3599 2346; x_wconf 74' lang='grc' dir='ltr'>ἐν</span> <span class='ocrx_word' id='word_1_475' title='bbox 3646 2292 3745 2366; x_wconf 82' lang='grc' dir='ltr'><strong>μά-</strong></span> 
     </span>
    </p>
   </div>
   <div class='ocr_carea' id='block_1_73' title="bbox 2683 2377 3424 2455">
    <p class='ocr_par' dir='ltr' id='par_1_73' title="bbox 2683 2377 3424 2455">
     <span class='ocr_line' id='line_1_73' title="bbox 2683 2377 3424 2455; baseline -0.001 -19"><span class='ocrx_word' id='word_1_476' title='bbox 2683 2377 3058 2455; x_wconf 77' lang='grc' dir='ltr'>’ίερουσαλήμ.</span> <span class='ocrx_word' id='word_1_477' title='bbox 3136 2377 3286 2435; x_wconf 58' lang='grc' dir='ltr'>Οὕτω</span> <span class='ocrx_word' id='word_1_478' title='bbox 3351 2378 3424 2435; x_wconf 84' lang='grc' dir='ltr'><strong>δι’</strong></span> 
     </span>
    </p>
   </div>
   <div class='ocr_carea' id='block_1_74' title="bbox 2092 2468 3739 2548">
    <p class='ocr_par' dir='ltr' id='par_1_74' title="bbox 2092 2468 3739 2548">
     <span class='ocr_line' id='line_1_74' title="bbox 2092 2468 3739 2548; baseline 0.002 -26"><span class='ocrx_word' id='word_1_479' title='bbox 2092 2469 2250 2548; x_wconf 74' lang='grc' dir='ltr'>φησίν</span> <span class='ocrx_word' id='word_1_480' title='bbox 2296 2471 2322 2524; x_wconf 83' lang='grc' dir='ltr'><strong>ὁ</strong></span> <span class='ocrx_word' id='word_1_481' title='bbox 2368 2468 2499 2532; x_wconf 85' lang='grc' dir='ltr'>Θεός</span> <span class='ocrx_word' id='word_1_482' title='bbox 2535 2488 2547 2502; x_wconf 85' lang='lat'><strong><em>°</em></strong></span> <span class='ocrx_word' id='word_1_483' title='bbox 2602 2472 2821 2540; x_wconf 65' lang='grc' dir='ltr'>Μήποτε</span> <span class='ocrx_word' id='word_1_484' title='bbox 2853 2475 3060 2545; x_wconf 64' lang='grc' dir='ltr'>ἀποστῇ</span> <span class='ocrx_word' id='word_1_485' title='bbox 3092 2471 3125 2536; x_wconf 79' lang='grc' dir='ltr'>ἡ</span> <span class='ocrx_word' id='word_1_486' title='bbox 3165 2470 3316 2548; x_wconf 62' lang='grc' dir='ltr'>ψυχὴ</span> <span class='ocrx_word' id='word_1_487' title='bbox 3348 2493 3459 2526; x_wconf 67' lang='grc' dir='ltr'><strong>μου</strong></span> <span class='ocrx_word' id='word_1_488' title='bbox 3486 2471 3596 2526; x_wconf 79' lang='grc' dir='ltr'><strong>ἀπὸ</strong></span> <span class='ocrx_word' id='word_1_489' title='bbox 3628 2474 3739 2527; x_wconf 72' lang='grc' dir='ltr'><strong>σοῦ⁹</strong></span> 
     </span>
    </p>
   </div>
   <div class='ocr_carea' id='block_1_75' title="bbox 2092 2555 3741 2638">
    <p class='ocr_par' dir='ltr' id='par_1_75' title="bbox 2092 2555 3741 2638">
     <span class='ocr_line' id='line_1_75' title="bbox 2092 2555 3741 2638; baseline 0.001 -25"><span class='ocrx_word' id='word_1_490' title='bbox 2092 2555 2326 2614; x_wconf 79' lang='grc' dir='ltr'>παιδεύει</span> <span class='ocrx_word' id='word_1_491' title='bbox 2359 2558 2480 2635; x_wconf 74' lang='grc' dir='ltr'>γὰρ,</span> <span class='ocrx_word' id='word_1_492' title='bbox 2539 2556 2674 2613; x_wconf 73' lang='grc' dir='ltr'>ἄλλα</span> <span class='ocrx_word' id='word_1_493' title='bbox 2723 2556 3132 2636; x_wconf 75' lang='grc' dir='ltr'>φιλανθρώπως,</span> <span class='ocrx_word' id='word_1_494' title='bbox 3166 2560 3253 2613; x_wconf 74' lang='grc' dir='ltr'><strong>καὶ</strong></span> <span class='ocrx_word' id='word_1_495' title='bbox 3290 2574 3565 2638; x_wconf 80' lang='grc' dir='ltr'>μαστιγοῖ</span> <span class='ocrx_word' id='word_1_496' title='bbox 3602 2563 3741 2616; x_wconf 71' lang='grc' dir='ltr'>παν-</span> 
     </span>
    </p>
   </div>
   <div class='ocr_carea' id='block_1_76' title="bbox 2091 2646 3742 2729">
    <p class='ocr_par' dir='ltr' id='par_1_76' title="bbox 2091 2646 3742 2729">
     <span class='ocr_line' id='line_1_76' title="bbox 2091 2646 3742 2729; baseline 0.001 -28"><span class='ocrx_word' id='word_1_497' title='bbox 2091 2669 2154 2701; x_wconf 86' lang='grc' dir='ltr'><strong>τα</strong></span> <span class='ocrx_word' id='word_1_498' title='bbox 2187 2649 2321 2718; x_wconf 70' lang='grc' dir='ltr'>υἱὸν,</span> <span class='ocrx_word' id='word_1_499' title='bbox 2381 2649 2522 2725; x_wconf 74' lang='grc' dir='ltr'>παρὰ</span> <span class='ocrx_word' id='word_1_500' title='bbox 2564 2652 2660 2713; x_wconf 78' lang='grc' dir='ltr'>τῆς</span> <span class='ocrx_word' id='word_1_501' title='bbox 2702 2652 2842 2710; x_wconf 76' lang='grc' dir='ltr'>θείας</span> <span class='ocrx_word' id='word_1_502' title='bbox 2907 2646 3022 2726; x_wconf 73' lang='grc' dir='ltr'>ἔχω</span> <span class='ocrx_word' id='word_1_503' title='bbox 3067 2648 3347 2707; x_wconf 68' lang='grc' dir='ltr'>μανθάνειν</span> <span class='ocrx_word' id='word_1_504' title='bbox 3392 2655 3639 2729; x_wconf 65' lang='grc' dir='ltr'>Γραφῆς,</span> <span class='ocrx_word' id='word_1_505' title='bbox 3687 2649 3742 2705; x_wconf 81' lang='grc' dir='ltr'>ὃν</span> 
     </span>
    </p>
   </div>
   <div class='ocr_carea' id='block_1_77' title="bbox 2090 2734 3738 2817">
    <p class='ocr_par' dir='ltr' id='par_1_77' title="bbox 2090 2734 3738 2817">
     <span class='ocr_line' id='line_1_77' title="bbox 2090 2734 3738 2817; baseline 0.004 -27"><span class='ocrx_word' id='word_1_506' title='bbox 2090 2734 2451 2814; x_wconf 77' lang='grc' dir='ltr'>παραδέχεται</span> <span class='ocrx_word' id='word_1_507' title='bbox 2489 2752 2501 2767; x_wconf 81' lang='grc'><strong><em>⁸</em></strong></span> <span class='ocrx_word' id='word_1_508' title='bbox 2550 2736 2687 2792; x_wconf 82' lang='grc' dir='ltr'>ὥστε</span> <span class='ocrx_word' id='word_1_509' title='bbox 2735 2736 2825 2792; x_wconf 89' lang='grc' dir='ltr'><strong>καί</strong></span> <span class='ocrx_word' id='word_1_510' title='bbox 2881 2737 2979 2802; x_wconf 77' lang='grc' dir='ltr'>τὴν</span> <span class='ocrx_word' id='word_1_511' title='bbox 3057 2734 3321 2810; x_wconf 80' lang='grc' dir='ltr'>παιδείαν,</span> <span class='ocrx_word' id='word_1_512' title='bbox 3388 2738 3486 2795; x_wconf 71' lang='grc' dir='ltr'><strong>οὒκ</strong></span> <span class='ocrx_word' id='word_1_513' title='bbox 3549 2739 3738 2817; x_wconf 62' lang='grc' dir='ltr'>ὀργῆς,</span> 
     </span>
    </p>
   </div>
   <div class='ocr_carea' id='block_1_78' title="bbox 2090 2824 3742 2906">
    <p class='ocr_par' dir='ltr' id='par_1_78' title="bbox 2090 2824 3742 2906">
     <span class='ocr_line' id='line_1_78' title="bbox 2090 2824 3742 2906; baseline 0.004 -28"><span class='ocrx_word' id='word_1_514' title='bbox 2090 2824 2227 2881; x_wconf 80' lang='grc' dir='ltr'>ἀλλὰ</span> <span class='ocrx_word' id='word_1_515' title='bbox 2260 2831 2490 2903; x_wconf 76' lang='grc' dir='ltr'>στοργῆς</span> <span class='ocrx_word' id='word_1_516' title='bbox 2537 2826 2681 2881; x_wconf 72' lang='grc' dir='ltr'>εἶναι</span> <span class='ocrx_word' id='word_1_517' title='bbox 2738 2824 2965 2902; x_wconf 82' lang='grc' dir='ltr'>μᾶλλον,</span> <span class='ocrx_word' id='word_1_518' title='bbox 3002 2828 3075 2888; x_wconf 77' lang='grc' dir='ltr'><strong>εἷς</strong></span> <span class='ocrx_word' id='word_1_519' title='bbox 3108 2824 3386 2904; x_wconf 81' lang='grc' dir='ltr'>διόρθωσιν</span> <span class='ocrx_word' id='word_1_520' title='bbox 3419 2833 3529 2883; x_wconf 83' lang='grc' dir='ltr'><strong>τῶν</strong></span> <span class='ocrx_word' id='word_1_521' title='bbox 3564 2831 3742 2906; x_wconf 66' lang='grc' dir='ltr'>ἡμαρ-</span> 
     </span>
    </p>
   </div>
   <div class='ocr_carea' id='block_1_79' title="bbox 2090 2914 3741 2995">
    <p class='ocr_par' dir='ltr' id='par_1_79' title="bbox 2090 2914 3741 2995">
     <span class='ocr_line' id='line_1_79' title="bbox 2090 2914 3741 2995; baseline 0.002 -27"><span class='ocrx_word' id='word_1_522' title='bbox 2090 2914 2335 2987; x_wconf 78' lang='grc' dir='ltr'>τημένων</span> <span class='ocrx_word' id='word_1_523' title='bbox 2397 2914 2733 2992; x_wconf 70' lang='grc' dir='ltr'>ἐπαγομένην</span> <span class='ocrx_word' id='word_1_524' title='bbox 2795 2914 2880 2970; x_wconf 79' lang='grc' dir='ltr'>διὰ</span> <span class='ocrx_word' id='word_1_525' title='bbox 2933 2916 3307 2993; x_wconf 69' lang='grc' dir='ltr'>χρηστότητα.</span> <span class='ocrx_word' id='word_1_526' title='bbox 3381 2916 3568 2975; x_wconf 75' lang='grc' dir='ltr'>Καλὸν</span> <span class='ocrx_word' id='word_1_527' title='bbox 3630 2920 3741 2995; x_wconf 70' lang='grc' dir='ltr'>οὖν,</span> 
     </span>
    </p>
   </div>
   <div class='ocr_carea' id='block_1_80' title="bbox 2090 3001 3743 3084">
    <p class='ocr_par' dir='ltr' id='par_1_80' title="bbox 2090 3001 3743 3084">
     <span class='ocr_line' id='line_1_80' title="bbox 2090 3001 3743 3084; baseline 0.004 -27"><span class='ocrx_word' id='word_1_528' title='bbox 2090 3001 2325 3080; x_wconf 70' lang='grc' dir='ltr'>ἀδελφοί,</span> <span class='ocrx_word' id='word_1_529' title='bbox 2361 3005 2448 3060; x_wconf 73' lang='grc' dir='ltr'><strong>καί</strong></span> <span class='ocrx_word' id='word_1_530' title='bbox 2478 3003 2673 3084; x_wconf 73' lang='grc' dir='ltr'>σφόδρα</span> <span class='ocrx_word' id='word_1_531' title='bbox 2702 3003 2866 3062; x_wconf 81' lang='grc' dir='ltr'>καλὸν</span> <span class='ocrx_word' id='word_1_532' title='bbox 2917 3010 3188 3083; x_wconf 82' lang='grc' dir='ltr'>πατρικῶς</span> <span class='ocrx_word' id='word_1_533' title='bbox 3239 3006 3468 3063; x_wconf 75' lang='grc' dir='ltr'>ἐνταῦθα</span> <span class='ocrx_word' id='word_1_534' title='bbox 3521 3005 3743 3063; x_wconf 87' lang='grc' dir='ltr'>παιδευ-</span> 
     </span>
    </p>
   </div>
   <div class='ocr_carea' id='block_1_81' title="bbox 2093 2372 3745 2457">
    <p class='ocr_par' dir='ltr' id='par_1_81' title="bbox 2093 2372 3745 2457">
     <span class='ocr_line' id='line_1_81' title="bbox 2093 2372 3745 2457; baseline 0.004 -25"><span class='ocrx_word' id='word_1_535' title='bbox 2093 2400 2233 2453; x_wconf 84' lang='grc' dir='ltr'>στιγι</span> <span class='ocrx_word' id='word_1_536' title='bbox 2291 2378 2593 2445; x_wconf 85' lang='grc' dir='ltr'>παιδεύθητι</span> <span class='ocrx_word' id='word_1_537' title='bbox 2683 2377 3058 2455; x_wconf 76' lang='grc' dir='ltr'>Ἰερουσαλήμ.</span> <span class='ocrx_word' id='word_1_538' title='bbox 3136 2377 3286 2435; x_wconf 58' lang='grc' dir='ltr'>Οὕτω</span> <span class='ocrx_word' id='word_1_539' title='bbox 3351 2378 3424 2435; x_wconf 84' lang='grc' dir='ltr'><strong>δι’</strong></span> <span class='ocrx_word' id='word_1_540' title='bbox 3488 2372 3745 2457; x_wconf 78' lang='grc' dir='ltr'>Ἱερεμίου</span> 
     </span>
    </p>
   </div>
   <div class='ocr_carea' id='block_1_82' title="bbox 2089 3092 3743 3175">
    <p class='ocr_par' dir='ltr' id='par_1_82' title="bbox 2089 3092 3743 3175">
     <span class='ocr_line' id='line_1_82' title="bbox 2089 3092 3743 3175; baseline 0.004 -29"><span class='ocrx_word' id='word_1_541' title='bbox 2089 3092 2271 3156; x_wconf 79' lang='grc' dir='ltr'>θέντας</span> <span class='ocrx_word' id='word_1_542' title='bbox 2348 3096 2492 3169; x_wconf 76' lang='grc' dir='ltr'>ἡμᾶς</span> <span class='ocrx_word' id='word_1_543' title='bbox 2570 3102 2909 3151; x_wconf 78' lang='grc' dir='ltr'>Δεσποτικῶν</span> <span class='ocrx_word' id='word_1_544' title='bbox 2993 3094 3198 3152; x_wconf 73' lang='grc' dir='ltr'>ἐκεῖθεν</span> <span class='ocrx_word' id='word_1_545' title='bbox 3286 3097 3361 3169; x_wconf 79' lang='grc' dir='ltr'>μὴ</span> <span class='ocrx_word' id='word_1_546' title='bbox 3420 3101 3743 3175; x_wconf 79' lang='grc' dir='ltr'>πειραθῆναι</span> 
     </span>
    </p>
   </div>
   <div class='ocr_carea' id='block_1_83' title="bbox 2092 3181 3746 3264">
    <p class='ocr_par' dir='ltr' id='par_1_83' title="bbox 2092 3181 3746 3264">
     <span class='ocr_line' id='line_1_83' title="bbox 2092 3181 3746 3264; baseline 0.005 -28"><span class='ocrx_word' id='word_1_547' title='bbox 2092 3181 2342 3260; x_wconf 84' lang='grc' dir='ltr'>πληγῶν,</span> <span class='ocrx_word' id='word_1_548' title='bbox 2388 3187 2482 3239; x_wconf 67' lang='grc' dir='ltr'><strong>καὶ</strong></span> <span class='ocrx_word' id='word_1_549' title='bbox 2531 3186 2660 3262; x_wconf 82' lang='grc' dir='ltr'>πρὸς</span> <span class='ocrx_word' id='word_1_550' title='bbox 2685 3186 2867 3263; x_wconf 83' lang='grc' dir='ltr'>καιρὸν</span> <span class='ocrx_word' id='word_1_551' title='bbox 2898 3183 2999 3240; x_wconf 86' lang='grc' dir='ltr'><strong>ῶδε</strong></span> <span class='ocrx_word' id='word_1_552' title='bbox 3064 3184 3595 3262; x_wconf 71' lang='grc' dir='ltr'>ταλαιπωρήσαντας</span> <span class='ocrx_word' id='word_1_553' title='bbox 3651 3189 3746 3264; x_wconf 75' lang='grc' dir='ltr'><strong>βαι</strong></span> 
     </span>
    </p>
   </div>
   <div class='ocr_carea' id='block_1_84' title="bbox 2094 3270 3743 3353">
    <p class='ocr_par' dir='ltr' id='par_1_84' title="bbox 2094 3270 3743 3353">
     <span class='ocr_line' id='line_1_84' title="bbox 2094 3270 3743 3353; baseline 0.001 -27"><span class='ocrx_word' id='word_1_554' title='bbox 2094 3270 2281 3335; x_wconf 72' lang='grc' dir='ltr'>σανους</span> <span class='ocrx_word' id='word_1_555' title='bbox 2327 3272 2423 3328; x_wconf 71' lang='grc' dir='ltr'><strong>οὒκ</strong></span> <span class='ocrx_word' id='word_1_556' title='bbox 2463 3272 2696 3352; x_wconf 59' lang='grc' dir='ltr'>ἐχούσας</span> <span class='ocrx_word' id='word_1_557' title='bbox 2750 3272 2913 3349; x_wconf 82' lang='grc' dir='ltr'>πέρας</span> <span class='ocrx_word' id='word_1_558' title='bbox 2964 3270 3264 3353; x_wconf 62' lang='grc' dir='ltr'>διαφυγεῖν,</span> <span class='ocrx_word' id='word_1_559' title='bbox 3320 3276 3392 3331; x_wconf 83' lang='grc' dir='ltr'>Τὸ</span> <span class='ocrx_word' id='word_1_560' title='bbox 3423 3275 3533 3352; x_wconf 72' lang='grc' dir='ltr'>γὰρ</span> <span class='ocrx_word' id='word_1_561' title='bbox 3579 3274 3743 3346; x_wconf 78' lang='grc' dir='ltr'>μηδὲν</span> 
     </span>
    </p>
   </div>
   <div class='ocr_carea' id='block_1_85' title="bbox 2093 3361 3746 3441">
    <p class='ocr_par' dir='ltr' id='par_1_85' title="bbox 2093 3361 3746 3441">
     <span class='ocr_line' id='line_1_85' title="bbox 2093 3361 3746 3441; baseline 0.006 -28"><span class='ocrx_word' id='word_1_562' title='bbox 2093 3363 2312 3417; x_wconf 70' lang='grc' dir='ltr'>ενταῦθα</span> <span class='ocrx_word' id='word_1_563' title='bbox 2341 3366 2532 3418; x_wconf 77' lang='grc' dir='ltr'>παθεῖν</span> <span class='ocrx_word' id='word_1_564' title='bbox 2563 3361 2965 3441; x_wconf 79' lang='grc' dir='ltr'>ψαλεπώτερον,</span> <span class='ocrx_word' id='word_1_565' title='bbox 3002 3367 3087 3417; x_wconf 83' lang='grc' dir='ltr'><strong>καὶ</strong></span> <span class='ocrx_word' id='word_1_566' title='bbox 3121 3365 3180 3418; x_wconf 82' lang='grc' dir='ltr'>τὸ</span> <span class='ocrx_word' id='word_1_567' title='bbox 3239 3372 3566 3439; x_wconf 80' lang='grc' dir='ltr'>πειρασμῶν</span> <span class='ocrx_word' id='word_1_568' title='bbox 3626 3364 3746 3423; x_wconf 77' lang='grc' dir='ltr'>ἄνευ</span> 
     </span>
    </p>
   </div>
   <div class='ocr_carea' id='block_1_86' title="bbox 2093 3451 3743 3529">
    <p class='ocr_par' dir='ltr' id='par_1_86' title="bbox 2093 3451 3743 3529">
     <span class='ocr_line' id='line_1_86' title="bbox 2093 3451 3743 3529; baseline 0.001 -24"><span class='ocrx_word' id='word_1_569' title='bbox 2093 3451 2184 3505; x_wconf 80' lang='grc' dir='ltr'><strong>τὸν</strong></span> <span class='ocrx_word' id='word_1_570' title='bbox 2241 3451 2353 3526; x_wconf 85' lang='grc' dir='ltr'>βίον</span> <span class='ocrx_word' id='word_1_571' title='bbox 2410 3451 2740 3525; x_wconf 74' lang='grc' dir='ltr'>ὑπεξελθεῖν,</span> <span class='ocrx_word' id='word_1_572' title='bbox 2776 3457 2852 3525; x_wconf 76' lang='grc' dir='ltr'><strong>μὴ</strong></span> <span class='ocrx_word' id='word_1_573' title='bbox 2896 3453 2993 3517; x_wconf 78' lang='grc' dir='ltr'><strong>τὴν</strong></span> <span class='ocrx_word' id='word_1_574' title='bbox 3024 3451 3156 3518; x_wconf 73' lang='grc' dir='ltr'>ὕλην</span> <span class='ocrx_word' id='word_1_575' title='bbox 3198 3454 3303 3506; x_wconf 77' lang='grc' dir='ltr'><strong>τῶν</strong></span> <span class='ocrx_word' id='word_1_576' title='bbox 3332 3453 3743 3529; x_wconf 55' lang='grc' dir='ltr'>ἁμαρτημάτων</span> 
     </span>
    </p>
   </div>
   <div class='ocr_carea' id='block_1_87' title="bbox 2091 3538 3742 3622">
    <p class='ocr_par' dir='ltr' id='par_1_87' title="bbox 2091 3538 3742 3622">
     <span class='ocr_line' id='line_1_87' title="bbox 2091 3538 3703 3616; baseline 0.002 -21"><span class='ocrx_word' id='word_1_577' title='bbox 2091 3538 2317 3595; x_wconf 64' lang='grc' dir='ltr'>πολλου</span> <span class='ocrx_word' id='word_1_578' title='bbox 2350 3538 2757 3597; x_wconf 83' lang='grc' dir='ltr'>διακαθαοθέντα</span> <span class='ocrx_word' id='word_1_579' title='bbox 2814 3540 3017 3616; x_wconf 76' lang='grc' dir='ltr'>θλίψεσι</span> <span class='ocrx_word' id='word_1_580' title='bbox 3146 3564 3158 3579; x_wconf 64' lang='grc' dir='ltr'><strong>ι</strong></span> <span class='ocrx_word' id='word_1_581' title='bbox 3196 3540 3207 3563; x_wconf 82' lang='lat'><strong><em>&#39;</em></strong></span> <span class='ocrx_word' id='word_1_582' title='bbox 3420 3580 3421 3583; x_wconf 61' lang='grc' dir='ltr'><strong>η</strong></span> <span class='ocrx_word' id='word_1_583' title='bbox 3537 3544 3558 3587; x_wconf 68' lang='grc' dir='ltr'><em>ἓ</em></span> <span class='ocrx_word' id='word_1_584' title='bbox 3678 3549 3703 3558; x_wconf 76' lang='grc'><em>“</em></span> 
     </span>
     <span class='ocr_line' id='line_1_88' title="bbox 2222 3563 3742 3622; baseline 0.002 -29"><span class='ocrx_word' id='word_1_585' title='bbox 2222 3582 2230 3593; x_wconf 79' lang='grc'><em>.</em></span> <span class='ocrx_word' id='word_1_586' title='bbox 2278 3585 2318 3603; x_wconf 77' lang='lat'><strong>.,</strong></span> <span class='ocrx_word' id='word_1_587' title='bbox 2575 3599 2583 3617; x_wconf 39' lang='grc'><strong><em>³</em></strong></span> <span class='ocrx_word' id='word_1_588' title='bbox 2881 3582 2893 3593; x_wconf 80' lang='grc'><strong>.</strong></span> <span class='ocrx_word' id='word_1_589' title='bbox 3023 3585 3042 3618; x_wconf 86' lang='grc'><strong>,</strong></span> <span class='ocrx_word' id='word_1_590' title='bbox 3108 3563 3384 3619; x_wconf 59' lang='grc' dir='ltr'>γνωρισμα</span> <span class='ocrx_word' id='word_1_591' title='bbox 3417 3564 3593 3622; x_wconf 81' lang='grc' dir='ltr'>σαφ..ς</span> <span class='ocrx_word' id='word_1_592' title='bbox 3637 3566 3742 3600; x_wconf 84' lang='grc' dir='ltr'><strong>των</strong></span> 
     </span>
    </p>
   </div>
   <div class='ocr_carea' id='block_1_88' title="bbox 2092 3627 3740 3710">
    <p class='ocr_par' dir='ltr' id='par_1_88' title="bbox 2092 3627 3740 3710">
     <span class='ocr_line' id='line_1_89' title="bbox 2092 3627 3740 3710; baseline 0.002 -27"><span class='ocrx_word' id='word_1_593' title='bbox 2092 3628 2210 3683; x_wconf 73' lang='grc' dir='ltr'>ἐκεῖ</span> <span class='ocrx_word' id='word_1_594' title='bbox 2279 3628 2705 3704; x_wconf 78' lang='grc' dir='ltr'>τεταμιευμένων</span> <span class='ocrx_word' id='word_1_595' title='bbox 2789 3627 3026 3710; x_wconf 71' lang='grc' dir='ltr'>φοϐερῶν</span> <span class='ocrx_word' id='word_1_596' title='bbox 3094 3629 3350 3704; x_wconf 81' lang='grc' dir='ltr'>θλίψεων,</span> <span class='ocrx_word' id='word_1_597' title='bbox 3417 3636 3512 3689; x_wconf 83' lang='grc' dir='ltr'>καὶ</span> <span class='ocrx_word' id='word_1_598' title='bbox 3573 3633 3740 3688; x_wconf 83' lang='grc' dir='ltr'>νόθων</span> 
     </span>
    </p>
   </div>
   <div class='ocr_carea' id='block_1_89' title="bbox 2094 3716 3740 3797">
    <p class='ocr_par' dir='ltr' id='par_1_89' title="bbox 2094 3716 3740 3797">
     <span class='ocr_line' id='line_1_90' title="bbox 2094 3716 3740 3797; baseline 0.002 -25"><span class='ocrx_word' id='word_1_599' title='bbox 2094 3716 2299 3791; x_wconf 82' lang='grc' dir='ltr'>μᾶλλον</span> <span class='ocrx_word' id='word_1_600' title='bbox 2330 3718 2365 3786; x_wconf 77' lang='grc' dir='ltr'><strong>ἢ</strong></span> <span class='ocrx_word' id='word_1_601' title='bbox 2396 3719 2525 3796; x_wconf 76' lang='grc' dir='ltr'>ὑπὲρ</span> <span class='ocrx_word' id='word_1_602' title='bbox 2582 3720 2707 3774; x_wconf 77' lang='grc' dir='ltr'>υἱῶν</span> <span class='ocrx_word' id='word_1_603' title='bbox 2756 3722 2991 3795; x_wconf 83' lang='grc' dir='ltr'>γνησίων</span> <span class='ocrx_word' id='word_1_604' title='bbox 3035 3720 3253 3797; x_wconf 67' lang='grc' dir='ltr'>ἐναργὲς</span> <span class='ocrx_word' id='word_1_605' title='bbox 3285 3718 3579 3794; x_wconf 78' lang='grc' dir='ltr'>σύμϐολον.</span> <span class='ocrx_word' id='word_1_606' title='bbox 3647 3721 3740 3778; x_wconf 77' lang='grc' dir='ltr'><strong>Καὶ</strong></span> 
     </span>
    </p>
   </div>
   <div class='ocr_carea' id='block_1_90' title="bbox 2093 3807 3736 3886">
    <p class='ocr_par' dir='ltr' id='par_1_90' title="bbox 2093 3807 3736 3886">
     <span class='ocr_line' id='line_1_91' title="bbox 2093 3807 3736 3886; baseline 0.003 -26"><span class='ocrx_word' id='word_1_607' title='bbox 2093 3807 2201 3880; x_wconf 75' lang='grc' dir='ltr'>μὴν</span> <span class='ocrx_word' id='word_1_608' title='bbox 2263 3807 2379 3863; x_wconf 68' lang='grc' dir='ltr'>οὔδε</span> <span class='ocrx_word' id='word_1_609' title='bbox 2440 3808 2616 3865; x_wconf 73' lang='grc' dir='ltr'>ἐκεῖνο</span> <span class='ocrx_word' id='word_1_610' title='bbox 2675 3809 2887 3870; x_wconf 81' lang='grc' dir='ltr'>πάντως</span> <span class='ocrx_word' id='word_1_611' title='bbox 2943 3809 3049 3865; x_wconf 85' lang='grc' dir='ltr'><strong>τῶν</strong></span> <span class='ocrx_word' id='word_1_612' title='bbox 3100 3809 3492 3886; x_wconf 67' lang='grc' dir='ltr'>εὖφρονούντων</span> <span class='ocrx_word' id='word_1_613' title='bbox 3524 3810 3736 3867; x_wconf 78' lang='grc' dir='ltr'>διασείει</span> 
     </span>
    </p>
   </div>
   <div class='ocr_carea' id='block_1_91' title="bbox 2089 3895 3734 3975">
    <p class='ocr_par' dir='ltr' id='par_1_91' title="bbox 2089 3895 3734 3975">
     <span class='ocr_line' id='line_1_92' title="bbox 2089 3895 3734 3975; baseline 0.004 -25"><span class='ocrx_word' id='word_1_614' title='bbox 2089 3897 2182 3950; x_wconf 76' lang='grc' dir='ltr'>τὸν</span> <span class='ocrx_word' id='word_1_615' title='bbox 2210 3897 2493 3973; x_wconf 81' lang='grc' dir='ltr'>λογισμὸν,</span> <span class='ocrx_word' id='word_1_616' title='bbox 2530 3899 2573 3953; x_wconf 80' lang='grc' dir='ltr'>εἰ</span> <span class='ocrx_word' id='word_1_617' title='bbox 2603 3895 2803 3971; x_wconf 85' lang='grc' dir='ltr'>δαίμων</span> <span class='ocrx_word' id='word_1_618' title='bbox 2850 3899 3079 3975; x_wconf 74' lang='grc' dir='ltr'>κυριεύει</span> <span class='ocrx_word' id='word_1_619' title='bbox 3131 3905 3223 3953; x_wconf 76' lang='grc' dir='ltr'>τοῦ</span> <span class='ocrx_word' id='word_1_620' title='bbox 3254 3902 3438 3954; x_wconf 75' lang='grc' dir='ltr'><strong>θεῖκοῦ</strong></span> <span class='ocrx_word' id='word_1_621' title='bbox 3469 3900 3734 3975; x_wconf 78' lang='grc' dir='ltr'>πλάσμα-</span> 
     </span>
    </p>
   </div>
   <div class='ocr_carea' id='block_1_92' title="bbox 2091 3982 3733 4063">
    <p class='ocr_par' dir='ltr' id='par_1_92' title="bbox 2091 3982 3733 4063">
     <span class='ocr_line' id='line_1_93' title="bbox 2091 3982 3733 4063; baseline 0.002 -25"><span class='ocrx_word' id='word_1_622' title='bbox 2091 4005 2204 4046; x_wconf 84' lang='grc' dir='ltr'>τος.</span> <span class='ocrx_word' id='word_1_623' title='bbox 2244 3982 2452 4041; x_wconf 84' lang='grc' dir='ltr'>Δίδοται</span> <span class='ocrx_word' id='word_1_624' title='bbox 2511 3985 2606 4060; x_wconf 77' lang='grc' dir='ltr'>μὲν</span> <span class='ocrx_word' id='word_1_625' title='bbox 2665 3987 2763 4063; x_wconf 69' lang='grc' dir='ltr'><strong>γὰρ</strong></span> <span class='ocrx_word' id='word_1_626' title='bbox 2811 3986 2992 4050; x_wconf 75' lang='grc' dir='ltr'>αὒτοϊς</span> <span class='ocrx_word' id='word_1_627' title='bbox 3050 3985 3256 4052; x_wconf 77' lang='grc' dir='ltr'>ἐξουσία</span> <span class='ocrx_word' id='word_1_628' title='bbox 3314 3990 3455 4062; x_wconf 81' lang='grc' dir='ltr'>παρὰ</span> <span class='ocrx_word' id='word_1_629' title='bbox 3500 3998 3596 4046; x_wconf 74' lang='grc' dir='ltr'><strong>τοῦ</strong></span> <span class='ocrx_word' id='word_1_630' title='bbox 3628 3988 3733 4044; x_wconf 86' lang='grc' dir='ltr'>κτί-</span> 
     </span>
    </p>
   </div>
   <div class='ocr_carea' id='block_1_93' title="bbox 2093 4075 3732 4152">
    <p class='ocr_par' dir='ltr' id='par_1_93' title="bbox 2093 4075 3732 4152">
     <span class='ocr_line' id='line_1_94' title="bbox 2093 4075 3732 4152; baseline 0.003 -24"><span class='ocrx_word' id='word_1_631' title='bbox 2093 4095 2305 4141; x_wconf 81' lang='grc' dir='ltr'>σαντος,</span> <span class='ocrx_word' id='word_1_632' title='bbox 2372 4075 2604 4151; x_wconf 75' lang='grc' dir='ltr'>καθάπερ</span> <span class='ocrx_word' id='word_1_633' title='bbox 2658 4076 2763 4131; x_wconf 86' lang='grc' dir='ltr'>τισὶ</span> <span class='ocrx_word' id='word_1_634' title='bbox 2805 4075 3102 4139; x_wconf 77' lang='grc' dir='ltr'>κολασταῖς</span> <span class='ocrx_word' id='word_1_635' title='bbox 3162 4078 3235 4141; x_wconf 79' lang='grc' dir='ltr'>εἷς</span> <span class='ocrx_word' id='word_1_636' title='bbox 3280 4077 3406 4133; x_wconf 72' lang='grc' dir='ltr'>υίῶν</span> <span class='ocrx_word' id='word_1_637' title='bbox 3438 4077 3732 4152; x_wconf 77' lang='grc' dir='ltr'>ἐκτραπέν-</span> 
     </span>
    </p>
   </div>
   <div class='ocr_carea' id='block_1_94' title="bbox 2094 4164 3736 4243">
    <p class='ocr_par' dir='ltr' id='par_1_94' title="bbox 2094 4164 3736 4243">
     <span class='ocr_line' id='line_1_95' title="bbox 2094 4164 3736 4243; baseline 0.001 -27"><span class='ocrx_word' id='word_1_638' title='bbox 2094 4184 2223 4241; x_wconf 86' lang='grc' dir='ltr'>των,</span> <span class='ocrx_word' id='word_1_639' title='bbox 2287 4164 2462 4237; x_wconf 69' lang='grc' dir='ltr'>οῗμοι,</span> <span class='ocrx_word' id='word_1_640' title='bbox 2530 4164 2926 4243; x_wconf 72' lang='grc' dir='ltr'>σωφρονισμόν.</span> <span class='ocrx_word' id='word_1_641' title='bbox 2993 4164 3200 4221; x_wconf 74' lang='grc' dir='ltr'>Δίδοται</span> <span class='ocrx_word' id='word_1_642' title='bbox 3238 4166 3292 4220; x_wconf 78' lang='grc' dir='ltr'><strong>δὲ</strong></span> <span class='ocrx_word' id='word_1_643' title='bbox 3343 4164 3462 4221; x_wconf 81' lang='grc' dir='ltr'>καθ’</span> <span class='ocrx_word' id='word_1_644' title='bbox 3498 4168 3622 4224; x_wconf 75' lang='grc' dir='ltr'>ὅσον</span> <span class='ocrx_word' id='word_1_645' title='bbox 3677 4166 3736 4221; x_wconf 81' lang='grc' dir='ltr'>ἃν</span> 
     </span>
    </p>
   </div>
   <div class='ocr_carea' id='block_1_95' title="bbox 2096 4251 3735 4331">
    <p class='ocr_par' dir='ltr' id='par_1_95' title="bbox 2096 4251 3735 4331">
     <span class='ocr_line' id='line_1_96' title="bbox 2096 4251 3735 4331; baseline 0.001 -24"><span class='ocrx_word' id='word_1_646' title='bbox 2096 4251 2303 4315; x_wconf 69' lang='grc' dir='ltr'>ἐκεῖνος</span> <span class='ocrx_word' id='word_1_647' title='bbox 2356 4251 2472 4309; x_wconf 73' lang='grc' dir='ltr'>οἶδε</span> <span class='ocrx_word' id='word_1_648' title='bbox 2525 4254 2619 4321; x_wconf 77' lang='grc' dir='ltr'>τὴν</span> <span class='ocrx_word' id='word_1_649' title='bbox 2650 4253 2891 4309; x_wconf 81' lang='grc' dir='ltr'>παιδείαν</span> <span class='ocrx_word' id='word_1_650' title='bbox 2925 4253 3131 4331; x_wconf 77' lang='grc' dir='ltr'>ἀρκεῖν,</span> <span class='ocrx_word' id='word_1_651' title='bbox 3171 4257 3229 4312; x_wconf 71' lang='grc' dir='ltr'><strong>οὗ</strong></span> <span class='ocrx_word' id='word_1_652' title='bbox 3268 4254 3387 4311; x_wconf 82' lang='grc' dir='ltr'>καθ’</span> <span class='ocrx_word' id='word_1_653' title='bbox 3421 4256 3548 4311; x_wconf 75' lang='grc' dir='ltr'>ὅσον</span> <span class='ocrx_word' id='word_1_654' title='bbox 3597 4255 3735 4312; x_wconf 72' lang='grc' dir='ltr'>αὒτοὶ</span> 
     </span>
    </p>
   </div>
   <div class='ocr_carea' id='block_1_96' title="bbox 2095 4340 3732 4424">
    <p class='ocr_par' dir='ltr' id='par_1_96' title="bbox 2095 4340 3732 4424">
     <span class='ocr_line' id='line_1_97' title="bbox 2095 4340 3732 4424; baseline 0.001 -28"><span class='ocrx_word' id='word_1_655' title='bbox 2095 4341 2397 4417; x_wconf 64' lang='grc' dir='ltr'>βοὲλονται.</span> <span class='ocrx_word' id='word_1_656' title='bbox 2459 4340 2620 4399; x_wconf 71' lang='grc' dir='ltr'>Ἐπεί</span> <span class='ocrx_word' id='word_1_657' title='bbox 2674 4343 2854 4424; x_wconf 75' lang='grc' dir='ltr'>σχολῆ</span> <span class='ocrx_word' id='word_1_658' title='bbox 2899 4365 2959 4420; x_wconf 88' lang='grc' dir='ltr'><strong>γε</strong></span> <span class='ocrx_word' id='word_1_659' title='bbox 3018 4342 3078 4397; x_wconf 81' lang='grc' dir='ltr'>ἂν</span> <span class='ocrx_word' id='word_1_660' title='bbox 3135 4349 3238 4397; x_wconf 89' lang='grc' dir='ltr'><strong>τῶν</strong></span> <span class='ocrx_word' id='word_1_661' title='bbox 3270 4343 3732 4424; x_wconf 70' lang='grc' dir='ltr'>ἀνθρώπωνέφείο</span> 
     </span>
    </p>
   </div>
   <div class='ocr_carea' id='block_1_97' title="bbox 361 4428 2007 4521">
    <p class='ocr_par' dir='ltr' id='par_1_97' title="bbox 361 4428 1999 4521">
     <span class='ocr_line' id='line_1_98' title="bbox 361 4428 1999 4521; baseline -0.002 -26"><span class='ocrx_word' id='word_1_662' title='bbox 361 4435 437 4495; x_wconf 92' lang='lat' dir='ltr'><strong>tis</strong></span> <span class='ocrx_word' id='word_1_663' title='bbox 468 4433 710 4514; x_wconf 76' lang='lat' dir='ltr'><strong>quidem</strong></span> <span class='ocrx_word' id='word_1_664' title='bbox 740 4440 1162 4521; x_wconf 84' lang='lat' dir='ltr'><strong>pepercerunt,</strong></span> <span class='ocrx_word' id='word_1_665' title='bbox 1194 4440 1255 4494; x_wconf 91' lang='lat' dir='ltr'><strong>ut</strong></span> <span class='ocrx_word' id='word_1_666' title='bbox 1289 4449 1456 4493; x_wconf 83' lang='lat' dir='ltr'><strong>sacra</strong></span> <span class='ocrx_word' id='word_1_667' title='bbox 1493 4430 1712 4521; x_wconf 83' lang='lat' dir='ltr'><strong>docent</strong></span> <span class='ocrx_word' id='word_1_668' title='bbox 1740 4428 1999 4509; x_wconf 89' lang='lat' dir='ltr'><strong>Evange-</strong></span> 
     </span>
    </p>
   </div>
   <div class='ocr_carea' id='block_1_98' title="bbox 2093 4428 3732 4521">
    <p class='ocr_par' dir='ltr' id='par_1_98' title="bbox 2098 4431 3732 4510">
     <span class='ocr_line' id='line_1_99' title="bbox 2098 4431 3732 4510; baseline -0.001 -23"><span class='ocrx_word' id='word_1_669' title='bbox 2098 4453 2282 4510; x_wconf 82' lang='grc' dir='ltr'>σαντο,</span> <span class='ocrx_word' id='word_1_670' title='bbox 2314 4431 2370 4488; x_wconf 76' lang='grc' dir='ltr'>οἳ</span> <span class='ocrx_word' id='word_1_671' title='bbox 2425 4433 2514 4488; x_wconf 87' lang='grc' dir='ltr'><strong>καί</strong></span> <span class='ocrx_word' id='word_1_672' title='bbox 2567 4439 2673 4489; x_wconf 84' lang='grc' dir='ltr'><strong>τῶν</strong></span> <span class='ocrx_word' id='word_1_673' title='bbox 2732 4433 2964 4510; x_wconf 76' lang='grc' dir='ltr'>ἀλόγων,</span> <span class='ocrx_word' id='word_1_674' title='bbox 3025 4435 3096 4495; x_wconf 84' lang='grc' dir='ltr'>ὡς</span> <span class='ocrx_word' id='word_1_675' title='bbox 3144 4435 3209 4488; x_wconf 73' lang='grc' dir='ltr'>τὰ</span> <span class='ocrx_word' id='word_1_676' title='bbox 3265 4435 3378 4507; x_wconf 68' lang='grc' dir='ltr'>ἱερὰ</span> <span class='ocrx_word' id='word_1_677' title='bbox 3410 4432 3732 4491; x_wconf 73' lang='grc' dir='ltr'>διδάσκουσιν</span> 
     </span>
    </p>
   </div>
   <div class='ocr_carea' id='block_1_99' title="bbox 362 4519 2007 4603">
    <p class='ocr_par' dir='ltr' id='par_1_99' title="bbox 362 4519 2007 4603">
     <span class='ocr_line' id='line_1_100' title="bbox 362 4519 2007 4603; baseline -0.003 -18"><span class='ocrx_word' id='word_1_678' title='bbox 362 4524 443 4586; x_wconf 88' lang='lat' dir='ltr'><strong>lia</strong></span> <span class='ocrx_word' id='word_1_679' title='bbox 474 4524 551 4584; x_wconf 80' lang='grc' dir='ltr'><strong>Π.</strong></span> <span class='ocrx_word' id='word_1_680' title='bbox 585 4520 1045 4603; x_wconf 86' lang='lat' dir='ltr'><strong>Conspiciamur</strong></span> <span class='ocrx_word' id='word_1_681' title='bbox 1103 4538 1242 4600; x_wconf 87' lang='lat' dir='ltr'><strong>ergo</strong></span> <span class='ocrx_word' id='word_1_682' title='bbox 1307 4538 1414 4600; x_wconf 89' lang='lat' dir='ltr'><strong>per</strong></span> <span class='ocrx_word' id='word_1_683' title='bbox 1443 4520 1597 4580; x_wconf 84' lang='lat' dir='ltr'><strong>hanc</strong></span> <span class='ocrx_word' id='word_1_684' title='bbox 1628 4519 2007 4599; x_wconf 85' lang='lat' dir='ltr'><strong>disciplinam</strong></span> 
     </span>
    </p>
   </div>
   <div class='ocr_carea' id='block_1_100' title="bbox 361 4609 2008 4692">
    <p class='ocr_par' dir='ltr' id='par_1_100' title="bbox 361 4609 2008 4692">
     <span class='ocr_line' id='line_1_101' title="bbox 361 4609 2008 4692; baseline -0.003 -17"><span class='ocrx_word' id='word_1_685' title='bbox 361 4631 605 4676; x_wconf 86' lang='lat' dir='ltr'><strong>sensum</strong></span> <span class='ocrx_word' id='word_1_686' title='bbox 653 4611 927 4692; x_wconf 88' lang='lat' dir='ltr'><strong>accipere</strong></span> <span class='ocrx_word' id='word_1_687' title='bbox 960 4628 1166 4671; x_wconf 91' lang='lat' dir='ltr'><strong>eorum</strong></span> <span class='ocrx_word' id='word_1_688' title='bbox 1201 4628 1336 4689; x_wconf 85' lang='lat' dir='ltr'><strong>quae</strong></span> <span class='ocrx_word' id='word_1_689' title='bbox 1368 4609 1769 4690; x_wconf 85' lang='lat' dir='ltr'><strong>peccavimus,</strong></span> <span class='ocrx_word' id='word_1_690' title='bbox 1806 4617 1863 4670; x_wconf 88' lang='lat' dir='ltr'><strong>et</strong></span> <span class='ocrx_word' id='word_1_691' title='bbox 1891 4628 2008 4670; x_wconf 92' lang='lat' dir='ltr'><strong>non</strong></span> 
     </span>
    </p>
   </div>
   <div class='ocr_carea' id='block_1_101' title="bbox 362 4698 2005 4782">
    <p class='ocr_par' dir='ltr' id='par_1_101' title="bbox 362 4698 2005 4782">
     <span class='ocr_line' id='line_1_102' title="bbox 362 4698 2005 4782; baseline -0.004 -16"><span class='ocrx_word' id='word_1_692' title='bbox 362 4720 541 4781; x_wconf 87' lang='lat' dir='ltr'><strong>egere</strong></span> <span class='ocrx_word' id='word_1_693' title='bbox 562 4701 693 4764; x_wconf 89' lang='lat' dir='ltr'><strong>aliis</strong></span> <span class='ocrx_word' id='word_1_694' title='bbox 717 4702 903 4782; x_wconf 83' lang='lat' dir='ltr'><strong>plagis</strong></span> <span class='ocrx_word' id='word_1_695' title='bbox 921 4698 1312 4779; x_wconf 87' lang='lat' dir='ltr'><strong>gravioribus,</strong></span> <span class='ocrx_word' id='word_1_696' title='bbox 1336 4699 1493 4780; x_wconf 93' lang='lat' dir='ltr'><strong>quod</strong></span> <span class='ocrx_word' id='word_1_697' title='bbox 1519 4699 1841 4759; x_wconf 87' lang='lat' dir='ltr'><strong>incorrecti</strong></span> <span class='ocrx_word' id='word_1_698' title='bbox 1877 4718 2005 4760; x_wconf 88' lang='lat' dir='ltr'><strong>ma-</strong></span> 
     </span>
    </p>
   </div>
   <div class='ocr_carea' id='block_1_102' title="bbox 362 4787 2001 4874">
    <p class='ocr_par' dir='ltr' id='par_1_102' title="bbox 362 4787 2001 4874">
     <span class='ocr_line' id='line_1_103' title="bbox 362 4787 2001 4874; baseline -0.004 -20"><span class='ocrx_word' id='word_1_699' title='bbox 362 4811 609 4856; x_wconf 90' lang='lat' dir='ltr'><strong>neamus</strong></span> <span class='ocrx_word' id='word_1_700' title='bbox 641 4799 773 4874; x_wconf 91' lang='lat' dir='ltr'><strong>post</strong></span> <span class='ocrx_word' id='word_1_701' title='bbox 804 4787 1414 4869; x_wconf 87' lang='lat' dir='ltr'><strong>plagam.Efﬁciamur</strong></span> <span class='ocrx_word' id='word_1_702' title='bbox 1446 4787 1678 4869; x_wconf 82' lang='lat' dir='ltr'><strong>probati</strong></span> <span class='ocrx_word' id='word_1_703' title='bbox 1711 4807 1819 4869; x_wconf 87' lang='lat' dir='ltr'><strong>per</strong></span> <span class='ocrx_word' id='word_1_704' title='bbox 1850 4789 2001 4849; x_wconf 66' lang='grc' dir='ltr'><strong>³1Πί-</strong></span> 
     </span>
    </p>
   </div>
   <div class='ocr_carea' id='block_1_103' title="bbox 358 4877 2004 4954">
    <p class='ocr_par' dir='ltr' id='par_1_103' title="bbox 358 4877 2004 4954">
     <span class='ocr_line' id='line_1_104' title="bbox 358 4877 2004 4954; baseline -0.005 -8"><span class='ocrx_word' id='word_1_705' title='bbox 358 4880 816 4954; x_wconf 84' lang='lat' dir='ltr'><strong>ctionem.Quod</strong></span> <span class='ocrx_word' id='word_1_706' title='bbox 841 4890 1050 4941; x_wconf 89' lang='lat' dir='ltr'><strong>contra</strong></span> <span class='ocrx_word' id='word_1_707' title='bbox 1075 4884 1336 4939; x_wconf 88' lang='lat' dir='ltr'><strong>nostram</strong></span> <span class='ocrx_word' id='word_1_708' title='bbox 1364 4879 1723 4938; x_wconf 83' lang='lat' dir='ltr'><strong>voluntatem</strong></span> <span class='ocrx_word' id='word_1_709' title='bbox 1748 4887 1837 4939; x_wconf 91' lang='lat' dir='ltr'><strong>est</strong></span> <span class='ocrx_word' id='word_1_710' title='bbox 1867 4877 2004 4938; x_wconf 88' lang='lat' dir='ltr'><strong>illa-</strong></span> 
     </span>
    </p>
   </div>
   <div class='ocr_carea' id='block_1_104' title="bbox 360 4966 2002 5055">
    <p class='ocr_par' dir='ltr' id='par_1_104' title="bbox 360 4966 2002 5055">
     <span class='ocr_line' id='line_1_105' title="bbox 360 4966 2002 5055; baseline -0.005 -20"><span class='ocrx_word' id='word_1_711' title='bbox 360 4983 509 5055; x_wconf 82' lang='lat' dir='ltr'><strong>tum,</strong></span> <span class='ocrx_word' id='word_1_712' title='bbox 541 4972 642 5033; x_wconf 80' lang='lat' dir='ltr'><strong>ﬁat</strong></span> <span class='ocrx_word' id='word_1_713' title='bbox 669 4970 849 5033; x_wconf 89' lang='lat' dir='ltr'><strong>etiam</strong></span> <span class='ocrx_word' id='word_1_714' title='bbox 887 4967 1194 5049; x_wconf 88' lang='lat' dir='ltr'><strong>proprium</strong></span> <span class='ocrx_word' id='word_1_715' title='bbox 1230 4966 1571 5041; x_wconf 90' lang='lat' dir='ltr'><strong>voluntatis,</strong></span> <span class='ocrx_word' id='word_1_716' title='bbox 1611 4967 1668 5028; x_wconf 90' lang='lat' dir='ltr'><strong>in</strong></span> <span class='ocrx_word' id='word_1_717' title='bbox 1724 4985 1794 5027; x_wconf 93' lang='lat' dir='ltr'><strong>eo</strong></span> <span class='ocrx_word' id='word_1_718' title='bbox 1846 4967 2002 5048; x_wconf 92' lang='lat' dir='ltr'><strong>quod</strong></span> 
     </span>
    </p>
   </div>
   <div class='ocr_carea' id='block_1_105' title="bbox 360 5057 2004 5139">
    <p class='ocr_par' dir='ltr' id='par_1_105' title="bbox 360 5057 2004 5139">
     <span class='ocr_line' id='line_1_106' title="bbox 360 5057 2004 5139; baseline -0.005 -13"><span class='ocrx_word' id='word_1_719' title='bbox 360 5066 663 5126; x_wconf 88' lang='lat' dir='ltr'><strong>moderate</strong></span> <span class='ocrx_word' id='word_1_720' title='bbox 691 5060 950 5122; x_wconf 84' lang='lat' dir='ltr'><strong>feramus</strong></span> <span class='ocrx_word' id='word_1_721' title='bbox 972 5076 1040 5120; x_wconf 88' lang='lat' dir='ltr'><strong>ea</strong></span> <span class='ocrx_word' id='word_1_722' title='bbox 1072 5075 1202 5139; x_wconf 80' lang='lat' dir='ltr'><strong>quae</strong></span> <span class='ocrx_word' id='word_1_723' title='bbox 1244 5057 1623 5135; x_wconf 87' lang='lat' dir='ltr'><strong>contigerunt</strong></span> <span class='ocrx_word' id='word_1_724' title='bbox 1656 5076 1668 5119; x_wconf 91' lang='lat'>:</span> <span class='ocrx_word' id='word_1_725' title='bbox 1699 5063 1755 5117; x_wconf 87' lang='lat' dir='ltr'><strong>et</strong></span> <span class='ocrx_word' id='word_1_726' title='bbox 1783 5057 2004 5135; x_wconf 81' lang='lat' dir='ltr'><strong>gratias</strong></span> 
     </span>
    </p>
   </div>
   <div class='ocr_carea' id='block_1_106' title="bbox 359 5145 2001 5232">
    <p class='ocr_par' dir='ltr' id='par_1_106' title="bbox 359 5145 2001 5232">
     <span class='ocr_line' id='line_1_107' title="bbox 359 5145 2001 5232; baseline -0.005 -19"><span class='ocrx_word' id='word_1_727' title='bbox 359 5170 602 5232; x_wconf 84' lang='lat' dir='ltr'><strong>agamus</strong></span> <span class='ocrx_word' id='word_1_728' title='bbox 634 5149 712 5225; x_wconf 90' lang='lat' dir='ltr'><strong>ei,</strong></span> <span class='ocrx_word' id='word_1_729' title='bbox 749 5148 851 5231; x_wconf 92' lang='lat' dir='ltr'><strong>qui</strong></span> <span class='ocrx_word' id='word_1_730' title='bbox 900 5147 1099 5210; x_wconf 88' lang='lat' dir='ltr'><strong>intulit</strong></span> <span class='ocrx_word' id='word_1_731' title='bbox 1148 5146 1527 5226; x_wconf 84' lang='lat' dir='ltr'><strong>disciplinam</strong></span> <span class='ocrx_word' id='word_1_732' title='bbox 1565 5145 1795 5224; x_wconf 83' lang='lat' dir='ltr'><strong>legibus</strong></span> <span class='ocrx_word' id='word_1_733' title='bbox 1824 5145 2001 5207; x_wconf 85' lang='lat' dir='ltr'><strong>beni-</strong></span> 
     </span>
    </p>
   </div>
   <div class='ocr_carea' id='block_1_107' title="bbox 358 5232 2003 5320">
    <p class='ocr_par' dir='ltr' id='par_1_107' title="bbox 358 5232 2003 5320">
     <span class='ocr_line' id='line_1_108' title="bbox 358 5232 2003 5320; baseline -0.002 -19"><span class='ocrx_word' id='word_1_734' title='bbox 358 5241 766 5320; x_wconf 75' lang='lat' dir='ltr'><strong>gnitatistse</strong></span> <span class='ocrx_word' id='word_1_735' title='bbox 791 5239 1179 5319; x_wconf 87' lang='lat' dir='ltr'><strong>percussit,et</strong></span> <span class='ocrx_word' id='word_1_736' title='bbox 1209 5232 1338 5316; x_wconf 88' lang='lat' dir='ltr'><strong>ipse</strong></span> <span class='ocrx_word' id='word_1_737' title='bbox 1372 5255 1481 5298; x_wconf 92' lang='lat' dir='ltr'><strong>nos</strong></span> <span class='ocrx_word' id='word_1_738' title='bbox 1509 5237 1762 5297; x_wconf 89' lang='lat' dir='ltr'><strong>sanabit.</strong></span> <span class='ocrx_word' id='word_1_739' title='bbox 1789 5233 1860 5295; x_wconf 90' lang='lat' dir='ltr'><strong>Et</strong></span> <span class='ocrx_word' id='word_1_740' title='bbox 1890 5236 2003 5298; x_wconf 91' lang='lat' dir='ltr'><strong>hoc</strong></span> 
     </span>
    </p>
   </div>
   <div class='ocr_carea' id='block_1_108' title="bbox 355 5324 2022 5408">
    <p class='ocr_par' dir='ltr' id='par_1_108' title="bbox 355 5324 2022 5408">
     <span class='ocr_line' id='line_1_109' title="bbox 355 5324 2022 5408; baseline -0.004 -17"><span class='ocrx_word' id='word_1_741' title='bbox 355 5329 547 5391; x_wconf 88' lang='lat' dir='ltr'><strong>habeo</strong></span> <span class='ocrx_word' id='word_1_742' title='bbox 574 5346 608 5389; x_wconf 88' lang='lat' dir='ltr'><strong>a</strong></span> <span class='ocrx_word' id='word_1_743' title='bbox 635 5328 939 5408; x_wconf 88' lang='lat' dir='ltr'><strong>prophetis</strong></span> <span class='ocrx_word' id='word_1_744' title='bbox 975 5347 987 5389; x_wconf 93' lang='lat'>:</span> <span class='ocrx_word' id='word_1_745' title='bbox 1026 5327 1329 5389; x_wconf 78' lang='lat' dir='ltr'><strong>Percuti&#39;et</strong></span> <span class='ocrx_word' id='word_1_746' title='bbox 1363 5334 1421 5388; x_wconf 80' lang='lat' dir='ltr'><strong>et</strong></span> <span class='ocrx_word' id='word_1_747' title='bbox 1463 5324 1767 5405; x_wconf 79' lang='lat' dir='ltr'><strong>alligabit,</strong></span> <span class='ocrx_word' id='word_1_748' title='bbox 1795 5332 1848 5386; x_wconf 81' lang='lat' dir='ltr'><strong>et</strong></span> <span class='ocrx_word' id='word_1_749' title='bbox 1879 5342 2022 5388; x_wconf 84' lang='lat' dir='ltr'><strong>non.</strong></span> 
     </span>
    </p>
   </div>
   <div class='ocr_carea' id='block_1_109' title="bbox 358 5416 1259 5481">
    <p class='ocr_par' dir='ltr' id='par_1_109' title="bbox 358 5416 1259 5481">
     <span class='ocr_line' id='line_1_110' title="bbox 358 5416 1259 5481; baseline -0.003 -4"><span class='ocrx_word' id='word_1_750' title='bbox 358 5416 632 5481; x_wconf 80' lang='lat' dir='ltr'><strong>tardabit</strong></span> <span class='ocrx_word' id='word_1_751' title='bbox 663 5416 744 5478; x_wconf 83' lang='lat' dir='ltr'><strong>ad</strong></span> <span class='ocrx_word' id='word_1_752' title='bbox 771 5417 1148 5480; x_wconf 73' lang='lat' dir='ltr'><strong>curationem</strong></span> <span class='ocrx_word' id='word_1_753' title='bbox 1180 5416 1259 5474; x_wconf 84' lang='grc'><strong>18.</strong></span> 
     </span>
    </p>
   </div>
   <div class='ocr_carea' id='block_1_110' title="bbox 440 5572 1902 5656">
    <p class='ocr_par' dir='ltr' id='par_1_110' title="bbox 440 5572 1902 5656">
     <span class='ocr_line' id='line_1_111' title="bbox 440 5572 1902 5656; baseline -0.001 -17"><span class='ocrx_word' id='word_1_754' title='bbox 440 5578 491 5621; x_wconf 82' lang='lat'><strong>15</strong></span> <span class='ocrx_word' id='word_1_755' title='bbox 516 5575 737 5639; x_wconf 86' lang='lat' dir='ltr'><strong>Jerem.</strong></span> <span class='ocrx_word' id='word_1_756' title='bbox 766 5591 850 5651; x_wconf 71' lang='lat' dir='ltr'><strong>vn,</strong></span> <span class='ocrx_word' id='word_1_757' title='bbox 881 5577 917 5638; x_wconf 92' lang='lat'><strong>8</strong></span> <span class='ocrx_word' id='word_1_758' title='bbox 940 5577 1111 5656; x_wconf 81' lang='lat' dir='ltr'><strong>juxta</strong></span> <span class='ocrx_word' id='word_1_759' title='bbox 1139 5573 1307 5638; x_wconf 83' lang='lat' dir='ltr'><strong>LXX.</strong></span> <span class='ocrx_word' id='word_1_760' title='bbox 1394 5573 1447 5619; x_wconf 74' lang='grc' dir='ltr'><strong>ίθ</strong></span> <span class='ocrx_word' id='word_1_761' title='bbox 1474 5572 1660 5637; x_wconf 88' lang='lat' dir='ltr'><strong>Hebr.</strong></span> <span class='ocrx_word' id='word_1_762' title='bbox 1697 5590 1807 5649; x_wconf 82' lang='lat' dir='ltr'><strong>xu,</strong></span> <span class='ocrx_word' id='word_1_763' title='bbox 1841 5576 1902 5637; x_wconf 85' lang='lat'><strong>6.</strong></span> 
     </span>
    </p>
   </div>
   <div class='ocr_carea' id='block_1_111' title="bbox 1984 5574 2554 5653">
    <p class='ocr_par' dir='ltr' id='par_1_111' title="bbox 1984 5574 2554 5653">
     <span class='ocr_line' id='line_1_112' title="bbox 1984 5574 2554 5653; baseline -0.005 -13"><span class='ocrx_word' id='word_1_764' title='bbox 1984 5574 2042 5622; x_wconf 70' lang='grc'><strong>⁸⁷</strong></span> <span class='ocrx_word' id='word_1_765' title='bbox 2069 5575 2269 5640; x_wconf 78' lang='lat' dir='ltr'><strong>Matth.</strong></span> <span class='ocrx_word' id='word_1_766' title='bbox 2303 5590 2423 5653; x_wconf 83' lang='lat' dir='ltr'><strong>vui,</strong></span> <span class='ocrx_word' id='word_1_767' title='bbox 2455 5574 2554 5639; x_wconf 79' lang='lat'><strong>59.</strong></span> 
     </span>
    </p>
   </div>
   <div class='ocr_carea' id='block_1_112' title="bbox 2101 4520 3731 4600">
    <p class='ocr_par' dir='ltr' id='par_1_112' title="bbox 2101 4520 3731 4600">
     <span class='ocr_line' id='line_1_113' title="bbox 2101 4520 3731 4600; baseline -0.001 -24"><span class='ocrx_word' id='word_1_768' title='bbox 2101 4520 2423 4597; x_wconf 76' lang='grc' dir='ltr'>Εὖαγγέλια,</span> <span class='ocrx_word' id='word_1_769' title='bbox 2479 4522 2555 4595; x_wconf 82' lang='grc' dir='ltr'>μὴ</span> <span class='ocrx_word' id='word_1_770' title='bbox 2600 4523 2932 4597; x_wconf 79' lang='grc' dir='ltr'>φεισάμενοι.</span> <span class='ocrx_word' id='word_1_771' title='bbox 2997 4524 3259 4594; x_wconf 81' lang='grc' dir='ltr'>Φανιῦμεν</span> <span class='ocrx_word' id='word_1_772' title='bbox 3316 4532 3595 4600; x_wconf 77' lang='grc' dir='ltr'>τοιγαροῦν</span> <span class='ocrx_word' id='word_1_773' title='bbox 3652 4521 3731 4578; x_wconf 76' lang='grc' dir='ltr'>διὰ</span> 
     </span>
    </p>
   </div>
   <div class='ocr_carea' id='block_1_113' title="bbox 2094 4608 3731 4688">
    <p class='ocr_par' dir='ltr' id='par_1_113' title="bbox 2094 4608 3731 4688">
     <span class='ocr_line' id='line_1_114' title="bbox 2094 4608 3731 4688; baseline 0.001 -21"><span class='ocrx_word' id='word_1_774' title='bbox 2094 4615 2191 4676; x_wconf 78' lang='grc' dir='ltr'>τῆς</span> <span class='ocrx_word' id='word_1_775' title='bbox 2245 4608 2483 4673; x_wconf 83' lang='grc' dir='ltr'>παιδείας</span> <span class='ocrx_word' id='word_1_776' title='bbox 2529 4611 2725 4676; x_wconf 78' lang='grc' dir='ltr'>ταύτης</span> <span class='ocrx_word' id='word_1_777' title='bbox 2759 4611 3009 4678; x_wconf 66' lang='grc' dir='ltr'>αἴσθησιν</span> <span class='ocrx_word' id='word_1_778' title='bbox 3053 4609 3325 4684; x_wconf 77' lang='grc' dir='ltr'>δεξάμενοι</span> <span class='ocrx_word' id='word_1_779' title='bbox 3384 4616 3489 4667; x_wconf 85' lang='grc' dir='ltr'><strong>τῶν</strong></span> <span class='ocrx_word' id='word_1_780' title='bbox 3552 4615 3731 4688; x_wconf 77' lang='grc' dir='ltr'>ἡμαρ-</span> 
     </span>
    </p>
   </div>
   <div class='ocr_carea' id='block_1_114' title="bbox 2089 4697 3722 4778">
    <p class='ocr_par' dir='ltr' id='par_1_114' title="bbox 2089 4697 3722 4778">
     <span class='ocr_line' id='line_1_115' title="bbox 2089 4697 3722 4778; baseline -0.001 -24"><span class='ocrx_word' id='word_1_781' title='bbox 2089 4699 2361 4773; x_wconf 83' lang='grc' dir='ltr'>τημένων,</span> <span class='ocrx_word' id='word_1_782' title='bbox 2396 4701 2482 4755; x_wconf 88' lang='grc' dir='ltr'><strong>καὶ</strong></span> <span class='ocrx_word' id='word_1_783' title='bbox 2513 4701 2590 4771; x_wconf 78' lang='grc' dir='ltr'>μὴ</span> <span class='ocrx_word' id='word_1_784' title='bbox 2620 4700 2922 4777; x_wconf 79' lang='grc' dir='ltr'>βαρυτέρων</span> <span class='ocrx_word' id='word_1_785' title='bbox 2982 4697 3158 4755; x_wconf 72' lang='grc' dir='ltr'>ἄλλων</span> <span class='ocrx_word' id='word_1_786' title='bbox 3208 4706 3431 4778; x_wconf 63' lang='grc' dir='ltr'>πληγῶν</span> <span class='ocrx_word' id='word_1_787' title='bbox 3462 4699 3722 4776; x_wconf 88' lang='grc' dir='ltr'>δεόμενοι,</span> 
     </span>
    </p>
   </div>
   <div class='ocr_carea' id='block_1_115' title="bbox 2089 4786 3726 4866">
    <p class='ocr_par' dir='ltr' id='par_1_115' title="bbox 2089 4786 3726 4866">
     <span class='ocr_line' id='line_1_116' title="bbox 2089 4786 3726 4866; baseline 0 -23"><span class='ocrx_word' id='word_1_788' title='bbox 2089 4792 2150 4845; x_wconf 80' lang='grc' dir='ltr'>τὸ</span> <span class='ocrx_word' id='word_1_789' title='bbox 2210 4802 2391 4863; x_wconf 75' lang='grc' dir='ltr'>μεῖναι</span> <span class='ocrx_word' id='word_1_790' title='bbox 2447 4791 2584 4862; x_wconf 78' lang='grc' dir='ltr'>μετὰ</span> <span class='ocrx_word' id='word_1_791' title='bbox 2643 4789 2740 4855; x_wconf 78' lang='grc' dir='ltr'>τὴν</span> <span class='ocrx_word' id='word_1_792' title='bbox 2787 4789 3005 4866; x_wconf 76' lang='grc' dir='ltr'>πληγὴν</span> <span class='ocrx_word' id='word_1_793' title='bbox 3054 4786 3385 4863; x_wconf 80' lang='grc' dir='ltr'>ἀδιόρθωτοι.</span> <span class='ocrx_word' id='word_1_794' title='bbox 3454 4791 3726 4864; x_wconf 84' lang='grc' dir='ltr'>Γενώμεθα</span> 
     </span>
    </p>
   </div>
   <div class='ocr_carea' id='block_1_116' title="bbox 2088 4874 3725 4957">
    <p class='ocr_par' dir='ltr' id='par_1_116' title="bbox 2088 4874 3725 4957">
     <span class='ocr_line' id='line_1_117' title="bbox 2088 4874 3725 4957; baseline -0.002 -23"><span class='ocrx_word' id='word_1_795' title='bbox 2088 4878 2298 4953; x_wconf 83' lang='grc' dir='ltr'>δόκιμοι</span> <span class='ocrx_word' id='word_1_796' title='bbox 2357 4877 2441 4934; x_wconf 85' lang='grc' dir='ltr'><strong>δια</strong></span> <span class='ocrx_word' id='word_1_797' title='bbox 2496 4880 2593 4944; x_wconf 74' lang='grc' dir='ltr'>τῆς</span> <span class='ocrx_word' id='word_1_798' title='bbox 2653 4878 2880 4953; x_wconf 79' lang='grc' dir='ltr'>θλίψεως</span> <span class='ocrx_word' id='word_1_799' title='bbox 2920 4895 2934 4909; x_wconf 79' lang='grc'><strong>⁸</strong></span> <span class='ocrx_word' id='word_1_800' title='bbox 2992 4881 3051 4933; x_wconf 80' lang='grc' dir='ltr'>τὸ</span> <span class='ocrx_word' id='word_1_801' title='bbox 3100 4874 3411 4947; x_wconf 70' lang='grc' dir='ltr'>ἂϐουλήτως</span> <span class='ocrx_word' id='word_1_802' title='bbox 3445 4877 3725 4957; x_wconf 79' lang='grc' dir='ltr'>ἐπενεχθέν</span> 
     </span>
    </p>
   </div>
   <div class='ocr_carea' id='block_1_117' title="bbox 2088 4964 3720 5046">
    <p class='ocr_par' dir='ltr' id='par_1_117' title="bbox 2088 4964 3720 5046">
     <span class='ocr_line' id='line_1_118' title="bbox 2088 4964 3720 5046; baseline -0.002 -23"><span class='ocrx_word' id='word_1_803' title='bbox 2088 4968 2318 5046; x_wconf 81' lang='grc' dir='ltr'>γενέσθω</span> <span class='ocrx_word' id='word_1_804' title='bbox 2374 4968 2463 5024; x_wconf 88' lang='grc' dir='ltr'><strong>καί</strong></span> <span class='ocrx_word' id='word_1_805' title='bbox 2519 4967 2874 5045; x_wconf 76' lang='grc' dir='ltr'>προαιρέσεως</span> <span class='ocrx_word' id='word_1_806' title='bbox 2935 4964 3096 5040; x_wconf 74' lang='grc' dir='ltr'>ἴδιον,</span> <span class='ocrx_word' id='word_1_807' title='bbox 3142 4966 3195 5022; x_wconf 79' lang='grc' dir='ltr'>ὲν</span> <span class='ocrx_word' id='word_1_808' title='bbox 3266 4974 3342 5039; x_wconf 80' lang='grc' dir='ltr'>τῷ</span> <span class='ocrx_word' id='word_1_809' title='bbox 3398 4968 3465 5023; x_wconf 80' lang='grc' dir='ltr'>τὰ</span> <span class='ocrx_word' id='word_1_810' title='bbox 3522 4987 3720 5042; x_wconf 77' lang='grc' dir='ltr'>συμπε-</span> 
     </span>
    </p>
   </div>
   <div class='ocr_carea' id='block_1_118' title="bbox 2087 5054 3721 5136">
    <p class='ocr_par' dir='ltr' id='par_1_118' title="bbox 2087 5054 3721 5136">
     <span class='ocr_line' id='line_1_119' title="bbox 2087 5054 3721 5136; baseline -0.004 -23"><span class='ocrx_word' id='word_1_811' title='bbox 2087 5058 2247 5114; x_wconf 85' lang='grc' dir='ltr'>σόντα</span> <span class='ocrx_word' id='word_1_812' title='bbox 2278 5059 2459 5133; x_wconf 73' lang='grc' dir='ltr'>πρᾴως</span> <span class='ocrx_word' id='word_1_813' title='bbox 2489 5056 2807 5135; x_wconf 77' lang='grc' dir='ltr'>διενεγκεῖν,</span> <span class='ocrx_word' id='word_1_814' title='bbox 2843 5057 2933 5112; x_wconf 89' lang='grc' dir='ltr'><strong>καί</strong></span> <span class='ocrx_word' id='word_1_815' title='bbox 2962 5056 3121 5136; x_wconf 69' lang='grc' dir='ltr'>χάριν</span> <span class='ocrx_word' id='word_1_816' title='bbox 3154 5054 3492 5132; x_wconf 72' lang='grc' dir='ltr'>ὁμολογῆσαι</span> <span class='ocrx_word' id='word_1_817' title='bbox 3520 5064 3595 5130; x_wconf 84' lang='grc' dir='ltr'>τῷ</span> <span class='ocrx_word' id='word_1_818' title='bbox 3622 5056 3721 5120; x_wconf 76' lang='grc' dir='ltr'>τὴν</span> 
     </span>
    </p>
   </div>
   <div class='ocr_carea' id='block_1_119' title="bbox 2087 5145 3716 5224">
    <p class='ocr_par' dir='ltr' id='par_1_119' title="bbox 2087 5145 3716 5224">
     <span class='ocr_line' id='line_1_120' title="bbox 2087 5145 3716 5224; baseline -0.003 -21"><span class='ocrx_word' id='word_1_819' title='bbox 2087 5145 2325 5203; x_wconf 83' lang='grc' dir='ltr'>παιδείαν</span> <span class='ocrx_word' id='word_1_820' title='bbox 2397 5148 2581 5221; x_wconf 86' lang='grc' dir='ltr'>νόμοις</span> <span class='ocrx_word' id='word_1_821' title='bbox 2666 5146 2992 5223; x_wconf 77' lang='grc' dir='ltr'>ἐπαγαγόντι</span> <span class='ocrx_word' id='word_1_822' title='bbox 3072 5146 3495 5224; x_wconf 75' lang='grc' dir='ltr'>φιλανθρωπίας.</span> <span class='ocrx_word' id='word_1_823' title='bbox 3563 5145 3716 5206; x_wconf 75' lang='grc' dir='ltr'>Αὐτὸς</span> 
     </span>
    </p>
   </div>
   <div class='ocr_carea' id='block_1_120' title="bbox 2089 5232 3718 5316">
    <p class='ocr_par' dir='ltr' id='par_1_120' title="bbox 2089 5232 3718 5316">
     <span class='ocr_line' id='line_1_121' title="bbox 2089 5232 3718 5316; baseline -0.004 -23"><span class='ocrx_word' id='word_1_824' title='bbox 2089 5236 2519 5314; x_wconf 78' lang='grc' dir='ltr'>πεπαίδευκε,καί</span> <span class='ocrx_word' id='word_1_825' title='bbox 2547 5237 2704 5299; x_wconf 68' lang='grc' dir='ltr'>αὐτὸς</span> <span class='ocrx_word' id='word_1_826' title='bbox 2738 5235 2923 5292; x_wconf 78' lang='grc' dir='ltr'>ἰάσατο</span> <span class='ocrx_word' id='word_1_827' title='bbox 2946 5236 3113 5311; x_wconf 79' lang='grc' dir='ltr'>ἡμᾶς·</span> <span class='ocrx_word' id='word_1_828' title='bbox 3154 5237 3239 5290; x_wconf 83' lang='grc' dir='ltr'><strong>καί</strong></span> <span class='ocrx_word' id='word_1_829' title='bbox 3269 5241 3422 5290; x_wconf 70' lang='grc' dir='ltr'>τοῦτο</span> <span class='ocrx_word' id='word_1_830' title='bbox 3451 5236 3565 5316; x_wconf 75' lang='grc' dir='ltr'>ἔχω</span> <span class='ocrx_word' id='word_1_831' title='bbox 3585 5232 3718 5311; x_wconf 74' lang='grc' dir='ltr'>παρὰ</span> 
     </span>
    </p>
   </div>
   <div class='ocr_carea' id='block_1_121' title="bbox 2083 5322 3716 5406">
    <p class='ocr_par' dir='ltr' id='par_1_121' title="bbox 2083 5322 3716 5406">
     <span class='ocr_line' id='line_1_122' title="bbox 2083 5322 3716 5406; baseline -0.004 -24"><span class='ocrx_word' id='word_1_832' title='bbox 2083 5333 2189 5382; x_wconf 87' lang='grc' dir='ltr'><strong>τῶν</strong></span> <span class='ocrx_word' id='word_1_833' title='bbox 2219 5328 2503 5406; x_wconf 78' lang='grc' dir='ltr'>προφητῶν</span> <span class='ocrx_word' id='word_1_834' title='bbox 2540 5344 2555 5359; x_wconf 88' lang='grc'><strong>·</strong></span> <span class='ocrx_word' id='word_1_835' title='bbox 2589 5324 2807 5390; x_wconf 78' lang='grc' dir='ltr'>πατάξει</span> <span class='ocrx_word' id='word_1_836' title='bbox 2838 5326 2927 5380; x_wconf 90' lang='grc' dir='ltr'><strong>καί</strong></span> <span class='ocrx_word' id='word_1_837' title='bbox 2977 5325 3232 5399; x_wconf 82' lang='grc' dir='ltr'>μοτώσει,</span> <span class='ocrx_word' id='word_1_838' title='bbox 3267 5325 3357 5380; x_wconf 84' lang='grc' dir='ltr'><strong>καὶ</strong></span> <span class='ocrx_word' id='word_1_839' title='bbox 3386 5326 3447 5381; x_wconf 75' lang='grc' dir='ltr'>οὗ</span> <span class='ocrx_word' id='word_1_840' title='bbox 3477 5322 3716 5403; x_wconf 76' lang='grc' dir='ltr'>βραδυνεϊ</span> 
     </span>
    </p>
   </div>
   <div class='ocr_carea' id='block_1_122' title="bbox 2083 5415 2543 5493">
    <p class='ocr_par' dir='ltr' id='par_1_122' title="bbox 2083 5415 2543 5493">
     <span class='ocr_line' id='line_1_123' title="bbox 2083 5415 2543 5493; baseline -0.007 -20"><span class='ocrx_word' id='word_1_841' title='bbox 2083 5418 2215 5493; x_wconf 84' lang='grc' dir='ltr'>πρὸς</span> <span class='ocrx_word' id='word_1_842' title='bbox 2246 5417 2345 5482; x_wconf 76' lang='grc' dir='ltr'>τὴν</span> <span class='ocrx_word' id='word_1_843' title='bbox 2376 5415 2543 5478; x_wconf 73' lang='grc' dir='ltr'>ἴασιν,</span> 
     </span>
    </p>
   </div>
   <div class='ocr_carea' id='block_1_123' title="bbox 2642 5572 3085 5649">
    <p class='ocr_par' dir='ltr' id='par_1_123' title="bbox 2642 5572 3085 5649">
     <span class='ocr_line' id='line_1_124' title="bbox 2642 5572 3085 5649; baseline -0.011 -10"><span class='ocrx_word' id='word_1_844' title='bbox 2642 5572 2696 5617; x_wconf 79' lang='grc'><strong>¹⁸</strong></span> <span class='ocrx_word' id='word_1_845' title='bbox 2736 5573 2876 5639; x_wconf 81' lang='lat' dir='ltr'><strong>Ose.</strong></span> <span class='ocrx_word' id='word_1_846' title='bbox 2911 5590 2992 5649; x_wconf 84' lang='lat' dir='ltr'><strong>v1,</strong></span> <span class='ocrx_word' id='word_1_847' title='bbox 3023 5573 3085 5639; x_wconf 75' lang='grc'>2.</span> 
     </span>
    </p>
   </div>
  </div>
