4018 6136
267 322 378 392 505

1198 288 1433 390 ίνΙΤΑ
1476 322 1535 387 s.
1584 318 1984 387 THEODOSII
2031 322 2643 392 COENOBIARCHE.

3521 322 3643 402 506

339 460 473 539 λς’.
524 466 707 522 Ταῦτα
742 458 914 541 λέγων
944 461 972 517 ὃ
1000 459 1296 534 Θαυμάσιος
1329 456 1606 522 Θεοδόσιος
1652 465 1782 515 πᾶσι
1815 459 1901 533 μὲι

2054 456 2299 521 36.Haec
2322 459 2531 524 dicens
2552 463 2925 528 admirabilis
2950 463 3643 541 Theodosius,omnibus

258 554 355 621 τὴν
424 553 792 632 παραψυχήν·
838 550 947 607 ἔστι
1019 551 1107 614 οἷς
1155 548 1209 606 δὲ
1281 550 1367 604 καὶ
1426 546 1744 625 ἀπαλλαγὴν
1816 554 1908 603 τοῦ

258 644 559 716 νοσήματος
604 641 958 713 ἐμνησεύετο⁹
1020 653 1138 701 τοῖς
1179 637 1363 698 ἄλλοις
1423 639 1676 714 γενναίως
1733 637 1908 716 φέρειν

256 733 319 788 τὰ
376 731 615 810 δυσχερῇ
688 736 986 805 παραινῶν,
1048 731 1139 785 καὶ
1210 729 1403 785 πείθων
1474 725 1906 805 λυσιτελεστέραν

257 820 574 899 ἀπαλλαγῆς
637 822 793 877 εἶναι
854 821 950 887 νὴν
1007 819 1062 875 ἐν
1119 819 1322 882 τούτοις
1378 815 1669 889 ὃπςμονῆν,
1730 816 1907 892 Ταύτῃ

259 933 335 967 τοι
367 912 455 967 καὶ
496 909 673 966 πλέον
733 908 985 987 Θεοδοσίῃ
1043 911 1104 964 τὸ
1148 905 1598 985 σπουδαζόμενον,
1655 905 1758 983 οὔχ
1824 906 1907 959 ἱνα

264 999 575 1065 ἀπαλλάξειε
654 1007 749 1057 τοῦ
801 999 1091 1060 λυποῦντος
1149 998 1269 1057 τοὺς
1329 1000 1512 1057 κακῶς
1570 995 1904 1074 πάσχοντας,

271 1087 379 1145 ἀλλ’
418 1090 505 1147 ἵνα
563 1090 775 1149 πείσειε
821 1086 1025 1165 μᾶλλον
1062 1087 1314 1168 εὐψύχως
1367 1085 1542 1165 φέρειν
1582 1085 1670 1141 καὶ
1711 1104 1907 1162 καρτε-

271 1196 383 1258 ρως.

1991 548 2231 629 quidem
2288 553 2643 628 prerurabat
2692 556 3186 631 consolationem,
3223 565 3284 618 et
3337 557 3639 622 nonnullis

1993 638 2169 698 etiam
2201 657 2233 698 a
2266 641 2473 703 morbo
2505 642 2919 707 liberationem
2949 668 2962 710 :
3015 646 3159 708 alios
3190 645 3546 724 admonens,
3574 653 3642 711 ut

1989 724 2125 787 forti
2154 734 2213 786 et
2244 748 2457 806 magno
2478 734 2675 793 animo
2708 736 2933 797 ferrent
2962 754 3094 798 eam
3129 736 3549 811 calamitatem,
3578 744 3644 800 et

1992 818 2362 895 persuadens
2389 838 2523 883 esse
2555 822 2760 886 utilius
2790 844 2919 886 eam
2952 826 3209 888 tolerare
3247 844 3428 903 quam
3462 825 3534 886 ab
3566 842 3639 890 ea

1992 908 2371 968 liberarLHac
2396 920 2616 973 ratione
2643 918 2957 985 plurimum
2993 921 3163 976 studii
3189 921 3436 991 ponebat
3457 918 3641 978 Theo-

1992 992 2217 1067 dosius,
2246 1015 2361 1057 non
2388 1007 2450 1060 ut
2472 1003 2705 1083 eos,qui
2730 1005 2884 1065 male
2907 1005 3228 1075 habebant,
3256 1004 3540 1067 liberaret
3560 1005 3636 1069 ab

1994 1099 2064 1144 eo
2096 1084 2251 1175 quod
2278 1098 2402 1149 erat
2429 1089 2516 1150 eis
2537 1093 2852 1154 molestum
2878 1115 2892 1174 ;
2921 1096 3022 1156 sed
3059 1105 3121 1154 ut
3146 1095 3338 1174 potius
3369 1098 3456 1154 eis
3491 1111 3636 1175 per-

1994 1174 2276 1238 suaderet
2307 1186 2368 1241 ut
2399 1196 2467 1241 ea
2500 1180 2639 1245 forti
2671 1191 2728 1245 et
2760 1202 2971 1265 magno
3003 1185 3200 1246 animo
3231 1184 3481 1246 ferrent.

1769 1273 1993 1332 CAPUT
2030 1275 2121 1333 1X.

1102 1380 1282 1443 Varia
1314 1380 1534 1458 templa
1566 1382 1912 1442 exstructo.
1946 1376 2326 1444 Exercitatio
2350 1387 2800 1451 monachorum.

321 1483 422 1564 λζ’.
468 1490 645 1550 Ἀλλὰ
681 1494 780 1569 γὰρ
812 1489 957 1556 ὅπως
987 1490 1076 1546 καὶ
1105 1501 1221 1551 τοῖς
1254 1486 1435 1549 ἄλλοις
1468 1487 1667 1544 ἐκείνου
1698 1486 1889 1547 καλοῖς

2057 1486 2154 1553 37.
2190 1494 2305 1554 Sed
2333 1496 2492 1558 enim
2524 1499 2824 1580 quomodo
2856 1500 3110 1561 aliorum
3148 1499 3307 1560 illius
3329 1500 3625 1562 bonorum

257 1585 371 1648 τοὺς
412 1583 691 1660 ἀκροατας
749 1580 1120 1651 sauciocum;
1195 1579 1245 1633 τί
1314 1578 1416 1656 γὰρ
1465 1579 1537 1639 ὡς
1609 1576 1663 1631 ἐν
1720 1576 1909 1637 σπάνει

255 1673 687 1752 κατορθωμάτων
734 1666 1000 1746 διατριϐὰς
1047 1673 1123 1738 τῷ
1151 1666 1298 1743 λόγῳ
1355 1667 1748 1742 περινοήσομεν
1785 1682 1800 1739 ;
1833 1667 1909 1730 τίς

252 1786 345 1840 γαρ
408 1769 516 1818 τῶν
564 1762 795 1817 ἐνταῦθα
852 1756 1182 1829 τελουμένων
1232 1754 1503 1829 ὕμνορδιῶν
1565 1756 1792 1820 ὰκούσας
1850 1754 1908 1811 οὗ

251 1854 609 1931 θελχθήσεται
675 1850 774 1924 μὲν
818 1848 1011 1921 ἀκοὴν,
1044 1848 1332 1914 ἡσθήσεται
1384 1844 1437 1900 δὲ
1494 1847 1703 1925 ψυχὴν,
1751 1866 1904 1921 σκιρ-

251 1943 394 2011 τήσει
430 1940 484 1996 δὲ
541 1941 756 2016 θερμῶς
789 1937 886 2004 τήν
930 1933 1168 2013 καρδίαν,
1201 1937 1288 1990 καὶ
1333 1935 1398 1989 τὰ
1428 1934 1590 2013 χείλη
1636 1938 1767 2012 πρὸς
1812 1933 1905 1987 εὐ-

250 2033 447 2108 φημίαν
509 2038 609 2087 τοῦ
685 2028 957 2085 πλάσαντο
1015 2026 1223 2095 κινήσει
1282 2024 1588 2102 προθύμως,
1647 2023 1791 2087 ὅπως
1852 2022 1905 2079 ἐν

247 2118 512 2198 διαφόροις
570 2120 680 2192 μὲν
738 2130 860 2178 ταῖς
906 2115 1199 2192 γλώσσαις,
1233 2115 1337 2169 ὑπὸ
1400 2110 1453 2168 δὲ
1500 2120 1626 2186 μιᾶς
1680 2112 1901 2189 γνώμης

249 2231 302 2265 τε
349 2212 434 2265 καὶ
488 2208 655 2274 δόξης
687 2205 898 2279 ᾅδονται
942 2203 1249 2284 φιλοοέωςς
1296 2202 1506 2279 ’Ὥσπερ
1536 2203 1635 2279 γὰρ
1679 2201 1762 2258 ἐπὶ
1807 2200 1903 2256 λύ-

249 2320 335 2375 ρας
391 2305 469 2372 τῷ
527 2294 803 2371 ἀμοιϐαίῳ
845 2298 1102 2372 κροῗματι
1133 2294 1193 2348 τὸ
1227 2290 1476 2370 διάφορον
1537 2296 1641 2346 τῶν
1710 2291 1901 2370 φωνῶν

249 2390 420 2466 ῥδθμῷ
472 2392 826 2464 συγκιρνᾶται
883 2380 1211 2460 παραδόξως,
1250 2379 1387 2437 οὕτω
1442 2378 1505 2445 δὴ
1538 2383 1624 2437 καὶ
1681 2383 1901 2435 ἒνταῦθα

249 2483 322 2550 τῷ
378 2476 622 2555 διαφόρῳ
678 2481 784 2531 τῶν
841 2472 1124 2550 γλωσσῶν,
1157 2470 1397 2535 ποικίλος
1454 2492 1531 2531 τις
1596 2470 1682 2524 καὶ
1741 2471 1898 2544 ἄκρι-

1995 1580 2188 1658 epulis
2208 1583 2508 1647 auditores
2531 1588 2900 1667 excipiamus
2923 1588 2953 1649 ‘I
2982 1588 3133 1661 Quid
3162 1589 3346 1668 enim,
3377 1589 3631 1669 perinde

1992 1686 2059 1728 ac
2082 1670 2131 1732 si
2156 1670 2354 1733 desint
2384 1695 2480 1737 res
2505 1679 2788 1757 praeclare
2821 1678 2893 1740 ab
2927 1697 2996 1740 eo
3028 1686 3234 1757 gestae,
3259 1676 3631 1757 excogitabia

1992 1777 2148 1832 mus,
2183 1767 2686 1842 quemadmodum
2740 1772 3039 1849 possimus
3068 1768 3371 1830 immorari
3399 1768 3461 1829 in
3491 1785 3632 1830 ora-

1991 1848 2198 1910 tione?
2235 1854 2375 1925 Quis
2392 1857 2549 1917 enim
2576 1876 2711 1919 cum
2739 1848 2863 1932 eas,
2890 1878 3022 1939 quae
3044 1860 3141 1920 hic
3169 1859 3339 1932 ﬁunt,
3373 1856 3631 1920 audierit

1987 1943 2475 2012 bymnodiasmon
2501 1951 2859 2010 demulcetur
2879 1952 3110 2022 quidem
3142 1950 3631 2016 auributhetatur

1988 2034 2183 2086 autem
2237 2030 2459 2105 animo,
2494 2033 2678 2094 corde
2733 2041 2933 2094 autem
2963 2032 3358 2095 vehementer
3404 2030 3626 2107 exsilit,

1990 2126 2387 2197 promptoque
2419 2129 2477 2181 et
2509 2121 2688 2181 alacri
2720 2122 2918 2182 animo
2963 2121 3129 2182 labra
3162 2128 3359 2182 movet
3388 2120 3462 2183 ad
3495 2120 3631 2182 lau-

1988 2203 2243 2265 dandum
2273 2227 2405 2267 eum
2432 2212 2529 2287 qui
2562 2210 2726 2286 fecit,
2759 2212 2915 2290 quod
2945 2211 3197 2272 diversis
3225 2208 3468 2291 quidem
3515 2209 3636 2271 lin-

1982 2293 2113 2371 guis
2148 2316 2261 2356 una
2282 2306 2477 2357 autem
2503 2308 2702 2360 mente
2727 2310 2789 2360 et
2812 2300 3110 2361 sententia
3136 2308 3428 2361 canentur
3451 2298 3546 2377 pie
3570 2306 3631 2361 et

1980 2382 2602 2473 religiosewunmodo
2630 2389 2788 2449 enim
2826 2390 2885 2450 in
2912 2389 3058 2468 lyra,
3088 2408 3154 2450 ea
3189 2407 3320 2467 quae
3349 2388 3416 2449 fit
3449 2386 3627 2449 vicis-

1979 2475 2089 2532 sim
2138 2476 2494 2552 pulsalione,
2532 2486 3015 2557 contemperatur
3061 2497 3270 2541 vocum
3317 2476 3631 2539 diversitas

251 2564 351 2629 ϐὡς
412 2566 734 2644 ἐναρμόνιος
766 2561 1000 2634 ἐξᾳδεται
1048 2560 1234 2634 ὕμνος,
1293 2561 1355 2616 Ὃ
1385 2560 1485 2636 γὰρ
1526 2561 1688 2622 σοφὸς
1746 2560 1897 2620 οὗτος

1991 2579 2232 2627 numero
2254 2566 2596 2628 admirabili
2625 2589 2640 2643 ;
2678 2568 2751 2629 ita
2780 2568 2960 2629 etiam
2987 2568 3083 2629 hic
3113 2585 3347 2648 quoque
3371 2564 3633 2628 diversis

251 2656 404 2735 ἀνὴρ,
439 2656 631 2733 ὥσπερ
690 2657 716 2710 ὁ
751 2651 915 2709 πάλαι
966 2647 1233 2715 Βεσελεὴλ
1261 2650 1288 2704 ὁ
1344 2652 1441 2713 τῆς
1473 2648 1613 2711 θείας
1670 2645 1892 2724 ἀρχιτέ-

1991 2650 2473 2734 lingui<,quidam
2502 2658 2695 2717 varius
2726 2668 2780 2717 et
2805 2657 2976 2717 valde
3000 2645 3330 2718 concinnus
3359 2663 3633 2717 cantatur

254 2767 387 2802 κτων
445 2749 685 2817 σκηνῆς,
722 2763 1004 2822 σοφωτατα
1060 2738 1123 2805 δὴ
1176 2739 1262 2793 καὶ
1318 2735 1576 2792 κάλλιστα
1621 2736 1738 2812 περὶ
1793 2738 1892 2802 τὴν

1991 2743 2373 2819 lymnuleic
2396 2745 2572 2806 etiam
2595 2745 2688 2805 vir
2705 2745 2971 2825 sapiens,
2998 2746 3151 2807 sicut
3182 2744 3323 2806 olim
3346 2741 3628 2808 Beseleel

254 2837 414 2908 μονὴν
474 2834 681 2899 ταύτην
724 2831 823 2898 τὴν
878 2830 1029 2906 ἁγίαν
1087 2830 1384 2905 οἰκονομεῖ,
1427 2824 1683 2901 τέσσαράς
1723 2847 1780 2881 τε
1809 2829 1887 2881 ἱε-

1993 2829 2176 2892 divini
2231 2833 2591 2895 architector
2648 2824 3037 2906 tabernaculi,
3082 2833 3524 2913 sapientissime
3571 2842 3630 2895 et

255 2924 367 3001 ροὺς
411 2923 599 2986 οἴκους
633 2922 771 2978 εἴσω
828 2919 1024 2984 ταύτης
1072 2915 1371 2990 οἰκοδομεῖ·
1413 2917 1488 2969 ὧν
1531 2918 1624 2972 τὸν
1660 2916 1755 2989 μὲν
1816 2917 1901 2971 ἕνα

1997 2923 2387 2992 pulcherrime
2409 2924 2701 2997 dispensat
2722 2935 2776 2982 et
2806 2928 3170 2983 administrat
3199 2927 3257 2982 in
3291 2926 3400 2982 hoc
3429 2935 3629 2983 sancto

254 3024 365 3075 τοῖς
414 3012 512 3078 τὴν
550 3002 786 3066 Ἐλλάδα
834 3006 1077 3085 γλῶτταν
1121 3004 1464 3082 προιεμένοις
1519 3004 1736 3084 ἀνῆκε),
1771 3005 1824 3060 ἐν

1998 3012 2452 3083 monasterio,et
2478 3020 2729 3090 quatuor
2749 3010 2907 3072 aedes
2925 3012 3080 3074 intra
3103 3011 3160 3072 id
3195 3010 3449 3072 aedificat
3477 3010 3630 3090 (l7).

255 3102 337 3157 καὶ
391 3101 540 3174 αὐτῷ
570 3099 665 3155 καί
699 3105 775 3170 τῷ
822 3119 972 3176 χορῳ
1000 3100 1105 3151 τῶν
1155 3093 1335 3150 ἄλλων
1366 3095 1614 3172 Πατέρων
1646 3097 1672 3150 ὁ
1734 3095 1901 3169 ὕμνος

1992 3095 2073 3158 Ex
2134 3097 2352 3176 quibus
2384 3117 2560 3160 unam
2611 3099 2851 3179 quidem
2897 3099 3124 3163 dimisit
3152 3100 3245 3173 iis,
3281 3102 3381 3180 qui
3429 3099 3630 3179 lingua

259 3189 425 3268 ᾔδετο.
487 3190 584 3247 Ἐν
615 3191 686 3254 τῆ
744 3185 966 3263 δευτέρῳ
996 3183 1050 3240 δὲ
1111 3185 1169 3240 τὸ
1213 3189 1318 3239 τῶν
1388 3186 1602 3239 Βεσσῶν
1633 3185 1785 3260 γένος
1838 3191 1901 3258 τῇ

1992 3187 2199 3249 Graeca
2230 3198 2501 3261 utuntur,
2531 3189 2587 3249 in
2621 3209 2734 3270 qua
2768 3199 2824 3249 et
2866 3189 2994 3269 ipse
3027 3198 3085 3250 et
3114 3189 3362 3251 aliorum
3397 3207 3634 3270 quoque

267 3279 475 3357 σφετέρᾳ
533 3277 684 3357 φωνῆ
738 3281 816 3348 τῷ
856 3280 1019 3348 κοινῷ
1081 3272 1327 3347 Δεσπύτῃ
1376 3272 1470 3336 τὰς
1505 3272 1671 3351 εὐχὰς
1717 3271 1906 3330 ἀπεδί-

272 3364 375 3428 δου.
429 3370 529 3425 Τὸν
556 3365 611 3422 δὲ
654 3368 829 3444 τρίτον
859 3366 920 3419 τὸ
963 3365 1066 3419 τῶν
1119 3360 1416 3437 Ἀρμενίων
1447 3360 1608 3437 φύλον
1666 3362 1903 3442 εἰλήχα-

278 3478 376 3534 σιν,
405 3455 456 3511 ἐν
496 3459 541 3531 ᾧ
581 3456 642 3525 δὴ
675 3456 762 3512 καὶ
823 3454 978 3511 αὗτοῖ
1023 3452 1090 3519 τῆ
1138 3450 1344 3527 πατρίῳ
1400 3448 1615 3527 γλώττῃ
1655 3458 1728 3524 τῷ
1788 3460 1903 3524 Θεῷ

272 3546 384 3609 τοὺς
435 3547 622 3622 ὕμνους
654 3546 932 3623 ἀνέφερον.
995 3542 1096 3600 Τὸν
1142 3539 1370 3619 ἔσχατον
1415 3539 1468 3596 δὲ
1498 3539 1593 3597 καί
1651 3563 1901 3618 τεταρτον

267 3633 357 3708 ἰδίᾳ
386 3635 520 3696 πάνυ
548 3641 657 3692 τῶν
704 3633 880 3690 ἄλλων
927 3634 974 3690 οἱ
1004 3631 1260 3706 δαιμονίῳ
1290 3636 1425 3708 φορᾷ
1453 3629 1678 3710 κάτοχοι
1709 3631 1896 3710 εἶχον,

263 3728 306 3782 οἱ
365 3726 543 3791 ἄλλως
604 3723 899 3803 παράφοροί
955 3742 1013 3777 τε
1075 3722 1161 3776 καὶ
1217 3721 1309 3778 τὰς
1372 3717 1561 3799 φρένας
1617 3718 1897 3794 διεθαρμέ-

258 3838 363 3885 νου,
408 3820 484 3873 ὧν
529 3817 618 3872 καὶ
649 3817 676 3870 ὃ
722 3812 881 3889 λόγος
925 3808 1029 3878 ἤδη
1075 3811 1278 3888 φθάσας
1310 3808 1571 3881 ἐμνήσθη,
1606 3809 1767 3865 ὁπότε
1811 3810 1897 3865 καὶ

257 3907 394 3964 αὐτοὶ
450 3908 670 3983 νήφοιεν
731 3902 845 3976 μεθ’
904 3900 1068 3980 ἔσχον
1129 3902 1201 3961 εἱς
1259 3898 1567 3977 ὑπουργίαν,
1615 3898 1668 3953 ἐν
1726 3900 1896 3970 τούτῳ

256 3992 316 4063 δὴ
342 4003 417 4070 τῷ
455 3987 691 4070 ’Υψίστῳ
719 3993 814 4054 τὰς
847 3990 1232 4065 ἀναπέμοντες.

327 4169 439 4239 λη’.
490 4169 642 4228 Ούτω
684 4167 871 4230 αὐτοῖς
901 4169 928 4222 ὂ
960 4168 1057 4232 τῆς
1087 4162 1348 4238 ὑμνῳδίαις
1382 4163 1690 4221 ἐπετελεῖτο
1720 4166 1892 4220 κανὼν

1988 3279 2219 3337 Patrum
2247 3282 2459 3338 chorus
2491 3284 2766 3353 hymnum
2789 3284 3047 3339 canebat.
3073 3282 3135 3338 In
3164 3280 3412 3338 secunda
3438 3293 3630 3338 autem

1986 3381 2177 3441 genus
2221 3365 2543 3426 Bessorum
2579 3367 2691 3439 (18)
2721 3384 2828 3427 sua
2858 3384 3000 3426 voce
3032 3363 3338 3426 communi
3371 3365 3626 3427 Domino

1988 3452 2271 3514 fundebat
2302 3472 2533 3533 preces.
2568 3454 2828 3516 Tertiam
2879 3463 3077 3517 autem
3108 3454 3315 3515 sortita
3342 3453 3453 3514 fuit
3478 3472 3627 3532 gens

1988 3542 2632 3621 Armeniorum(19):in
2661 3563 2771 3624 qua
2790 3544 3027 3624 quidem
3046 3542 3156 3623 ipsi
3170 3560 3408 3624 quoquo
3424 3541 3627 3621 lingua

1984 3632 2169 3711 patria
2202 3630 2323 3692 Deo
2368 3632 2619 3712 hymnos
2674 3632 3049 3694 emittebant.
3081 3631 3363 3695 Ultimam
3422 3641 3618 3693 autem

1982 3729 2038 3780 et
2069 3728 2341 3800 quartam
2391 3739 2659 3783 seorsum
2693 3721 2765 3784 ab
2796 3722 2949 3795 aliis,
2985 3721 3026 3782 ii
3058 3727 3157 3800 qui
3188 3721 3558 3783 vexabantur
3588 3740 3624 3783 a

1979 3808 2275 3872 daemone:
2311 3810 2412 3886 qui
2446 3828 2581 3871 cum
2619 3821 2781 3872 erant
2815 3811 3040 3891 alioqui
3074 3809 3288 3873 furiosi
3320 3818 3379 3871 et
3408 3817 3621 3872 emotaa

1979 3897 2217 3972 mentis,
2255 3907 2318 3960 ut
2344 3907 2480 3960 ante
2513 3900 2915 3973 meminimus,
2950 3919 3087 3961 cum
3140 3899 3253 3978 ipsi
3288 3899 3362 3960 ad
3392 3917 3457 3961 se
3509 3915 3615 3958 re-

1984 3988 2132 4048 versi
2160 3995 2330 4050 erant
2358 3990 2701 4068 composita:
2736 3989 3117 4063 mentis,cum
3152 3989 3246 4062 iis,
3269 3989 3368 4069 qui
3393 3987 3479 4048 eis
3505 3988 3621 4048 mi-

1978 4076 2333 4149 nistrabant,
2371 4080 2428 4138 in
2460 4097 2529 4140 ea
2559 4097 2770 4159 preces
2801 4079 3154 4140 emittebant
3187 4076 3516 4140 Altissimo.

2041 4166 2321 4228 38.1taab
2347 4168 2431 4229 eis
2457 4168 2847 4248 peragebatur
2869 4167 3208 4248 hymnodiae
3232 4165 3349 4245 (20)
3385 4167 3617 4245 regula,

253 4261 381 4317 κατὰ
409 4264 474 4318 τὸ
517 4261 798 4338 εἰρημενον
832 4256 1055 4317 ἑπτάκις
1085 4255 1182 4322 τῆς
1211 4254 1416 4333 ἡμέρας
1461 4256 1537 4328 τῷ
1570 4262 1893 4331 Δημιουργῴ

1991 4274 2106 4337 ιυερ
2130 4257 2223 4335 (ut
2252 4243 2475 4318 dictum
2502 4243 2859 4337 estisepties
2882 4243 2942 4318 in
2979 4257 3076 4319 die
3106 4243 3616 4317 oti‘erebatur'Deo

258 4351 466 4406 πάντων
521 4347 939 4427 ἀναφερόμενος,
985 4343 1157 4400 Ἀλλὰ
1213 4354 1374 4402 ναῦτα
1431 4344 1527 4414 μὲν
1583 4345 1673 4399 τὸν
1732 4342 1894 4399 ἄλλον

1991 4348 2412 4409 miversorum.
2440 4346 2556 4408 Sed
2584 4347 2709 4407 haec
2733 4346 2974 4426 quidem
2998 4346 3113 4407 alio
3139 4356 3431 4425 tempore.
3464 4344 3613 4407 Nam

255 4441 455 4513 καιρόν
516 4438 631 4494 ἐπεὶ
688 4437 778 4493 ὅτε
850 4457 910 4513 γε
969 4434 1078 4490 τῶν
1135 4440 1347 4489 σεπτῶν
1413 4431 1523 4488 ἔδει
1595 4448 1892 4510 μετασχεῖν

1991 4440 2205 4511 mando
2228 4442 2523 4510 Oportebat
2546 4440 2862 4496 veneranda
2885 4441 3223 4510 participare
3241 4448 3614 4504 sacramenta.

254 4529 576 4604 μυστηρίων,
610 4523 808 4604 σφόδρα
865 4524 1045 4586 καλῶς
1111 4521 1256 4601 ἔχων
1302 4520 1425 4597 παρ’
1480 4524 1667 4584 αὐτοῖς
1723 4521 1895 4577 ἔκειτο

1991 4531 2073 4586 lex
2100 4534 2224 4586 erat
2244 4525 2400 4604 apud
2424 4543 2525 4587 eos
2554 4524 2799 4604 pulchre
2830 4523 3152 4586 admodum
3178 4523 3516 4598 constituta,
3552 4533 3619 4584 ut

256 4617 435 4693 νόμος,
470 4615 608 4673 ὥστε
648 4614 814 4693 μέχρι
861 4614 959 4688 μὲν
1004 4614 1111 4669 τῶν
1147 4611 1510 4667 θεοπνεύστων
1556 4609 1895 4687 Εὖαγγελίων

1991 4632 2158 4689 isque
2180 4619 2248 4675 ad
2272 4617 2544 4673 divinitus
2570 4619 2845 4688 inspirata
2880 4617 3179 4688 Evangelia
3217 4618 3617 4687 unusquisque

253 4709 380 4764 κατὰ
437 4707 539 4774 τὴν
569 4706 763 4762 οἶκείαν
823 4703 1042 4759 ἕκαστον
1088 4699 1381 4766 εκκλησίαν
1414 4698 1524 4775 ἅμα
1566 4700 1655 4756 καὶ
1712 4698 1891 4775 γλῶτ-

1991 4703 2037 4761 in
2073 4720 2181 4762 sua
2214 4702 2468 4763 ecclesia
2517 4701 2692 4763 simul
2727 4714 2783 4763 et
2818 4701 3036 4782 lingua,
3072 4701 3330 4763 divinam
3383 4701 3616 4763 audiret

317 4837 430 4906 (l7)
475 4836 793 4893 accessisse
826 4836 883 4891 S.
922 4832 1308 4906 Theodosium
1344 4831 1413 4886 ad
1467 4839 1686 4901 partem
1720 4830 1894 4906 taurae
1978 4834 2182 4893 Ovidio
2241 4838 2410 4891 etiam
2455 4836 2700 4892 Danubii
2763 4836 2972 4894 accolae
3010 4836 3315 4900 habentur,
3348 4841 3403 4892 et
3459 4833 3615 4892 Getis

250 4902 1004 4983 occidentelis_,_qibidemque
1033 4905 1391 4983 exstruxisse
1456 4902 1893 4983 monasterium.
1976 4906 2168 4972 vicini,
2202 4910 2275 4964 ita
2310 4908 2350 4963 l.
2386 4920 2446 4964 tu
2481 4909 2755 4979 Tristium,
2790 4908 2934 4979 eleg.
2968 4907 2998 4963 3
3033 4922 3048 4965 :

251 4980 487 5036 refertur
516 4980 570 5035 in
607 4973 726 5037 Vita
758 4978 814 5034 S.
855 4973 1016 5033 Babae
1046 4992 1062 5044 ;
1116 4990 1238 5046 quae
1274 4974 1343 5029 de
1374 4974 1480 5028 hac
1509 4973 1880 5046 ampliatione

251 5051 610 5119 intelligenda
644 5066 768 5106 esse
800 5049 1053 5104 lelmUS
1085 5045 1148 5103 in’
1177 5045 1626 5119 Proiegomenis.

314 5114 628 5191 (18)'Bessi:
659 5136 762 5177 seu
796 5121 1010 5191 Bessae.
1045 5114 1722 5191 populiiborealeshsunt.
1761 5114 1880 5191 Me-

250 5186 415 5249 minit
466 5207 666 5250 eorum
725 5192 781 5248 S..
841 5186 1118 5247 Paulinus
1169 5190 1477 5259 episcopus
1536 5186 1783 5259 Nolanus
1817 5187 1878 5243 in
1978 5252 1989 5259 _
2085 5249 2096 5259 _
2499 5251 2530 5259 __
2733 5250 2752 5259 ,
2793 5252 2823 5259 ,,
2876 5250 2894 5259 ,
3086 5252 3091 5255 ,

283 5248 524 5321 oemate—
559 5248 849 5320 de’reditu
897 5262 952 5316 S.
1005 5248 1218 5317 Nleetae'
1248 5261 1304 5313 in
1347 5248 1602 5325 Daciam,
1636 5257 1788 5328 quod
1844 5259 1873 5313 Ἰ
1961 5252 2047 5328 gn
2085 5249 2209 5328 base
2263 5266 2461 5328 eorum
2499 5251 2690 5328 lingua
2730 5250 2832 5307 fuit
2872 5250 3307 5328 fortassis,‘q‘uze
3344 5248 3453 5328 hoc
3500 5260 3618 5328 vero

1964 5322 2260 5378 Slavonica
2314 5321 2544 5383 dicitur.
2579 5318 2633 5377 et
2664 5321 2772 5378 late
2806 5336 2902 5388 per
2941 5318 3402 5391 Septentrionem
3436 5319 3492 5374 in
3522 5320 3612 5375 ol-

1964 5391 2097 5450 ﬁcio
2127 5393 2522 5450 ecclesiastico
2557 5402 2894 5462 usurpatur.

2033 5488 2154 5558 (19)
2181 5488 2261 5559 De
2294 5486 2484 5559 lingua
2518 5488 2826 5559 Armenica
2856 5484 3318 5559 quaedamhabet
3349 5488 3610 5546 Athana-

1963 5556 2085 5617 sius
2114 5556 2421 5616 Kircheru’s
2451 5567 2644 5615 noster
2676 5560 2735 5613 in
2767 5558 3088 5614 Prodromo
3121 5556 3322 5629 Copto.

2032 5643 2147 5718 (20)
2177 5643 2462 5716 Antiquiis
2491 5644 2766 5704 horarum
2798 5640 3210 5701 canonicarum
3250 5656 3415 5705 usus.

2032 5082 2378 5142 Sauromatae
2402 5085 2632 5157 cingunt
2658 5089 2785 5158 fera
2802 5101 2973 5158 genu,
2985 5084 3234 5157 Bessique
3265 5084 3542 5155 Galataeque.

274 5350 470 5394 anuar.
505 5335 790 5399 dedimus,
826 5334 920 5391 ubi
952 5347 1011 5389 n.
1052 5332 1118 5386 22
1161 5331 1282 5386 haec
1314 5332 1470 5386 canit
1502 5348 1517 5395 ;

414 5435 554 5491 ham
581 5432 748 5489 simul
777 5432 934 5489 terris
963 5429 1257 5499 animisque
1296 5425 1449 5492 duri,

416 5506 494 5561 Et
520 5520 622 5562 sua
650 5502 804 5559 Bessi
830 5503 946 5559 niue
982 5501 1250 5565 duriores,

414 5574 566 5632 Nunc
595 5574 882 5704 oragaett'.
915 5572 1047 5628 duce
1078 5576 1127 5628 te
1155 5573 1456 5643 gregantur

752 5644 864 5702 acts
897 5644 959 5703 in
985 5643 1189 5705 aulam.
