4018 6136
326 295 439 374 307

1618 305 1900 372 MENSIS
1938 304 2389 373 JANUARIUS.

3575 299 3695 370 508

326 454 531 503 vocem
566 452 582 515 ;
626 441 828 519 postea
856 444 1056 501 autem
1101 457 1314 501 omnes
1366 447 1874 518 congregarentur
1901 441 1964 503 in

2063 457 2142 500 ταν
2196 449 2296 512 τῆς
2325 445 2466 503 θείας
2524 444 2735 502 ἀκούειν
2780 446 2984 523 φωνῆς,
3017 440 3077 498 τό
3105 439 3161 498 δὲ
3217 441 3300 500 ἰπὶ
3352 444 3564 510 τούτοις
3622 447 3697 512 είς

328 548 470 604 una,
532 528 802 611 exceptis
857 528 1288 607 daemoniacis;
1349 530 1410 591 in
1476 547 1686 607 magna
1744 529 1977 595 scilicet

330 620 673 684 Graecorum
725 618 1000 680 ecclesia.
1037 618 1206 692 Quod
1238 618 1479 699 quidem
1510 619 1572 681 in
1615 619 1970 684 hodiernum

330 727 520 790 usque
548 709 705 771 diem
738 708 964 771 faciunt
997 729 1011 772 :
1048 715 1107 769 et
1136 707 1257 771 illic
1311 718 1448 771 sunt
1478 709 1802 789 participes
1832 728 1969 772 san-

331 798 749 863 ctiﬁcatorum.

412 889 511 951 39.
526 886 589 949 Et
611 886 749 967 quid
774 906 924 967 opus
954 897 1046 950 est
1066 886 1266 949 omnia
1297 906 1640 963 recensere,
1665 889 1845 966 illius,
1872 891 1969 953 in-

333 996 537 1057 quam,
572 976 728 1039 sacri
759 977 1014 1056 pastoris
1044 986 1101 1039 et
1141 978 1381 1057 gregis;
1417 987 1475 1040 et
1535 987 1729 1041 utrum
1764 998 1969 1042 eorum

335 1067 522 1148 magis
551 1066 885 1129 admiretur
915 1067 1050 1148 quis
1080 1067 1469 1143 virtutem,an
1500 1069 1974 1133 multitudinem?

331 1155 475 1219 Nam
502 1174 651 1237 quos
681 1163 801 1217 tota
826 1173 933 1220 sua
972 1156 1089 1218 vita
1121 1158 1394 1238 parturiit
1415 1157 1826 1238 spiritualiter,
1865 1178 1971 1239 pa-

335 1255 504 1308 terne
539 1255 732 1308 autem
759 1245 1055 1318 nutriit,et
1075 1247 1297 1309 deinde
1320 1248 1496 1309 etiam
1519 1248 1589 1309 ad
1616 1249 1801 1310 Deum
1830 1251 1972 1311 emi-

332 1335 575 1409 sit,cum
602 1335 851 1415 pulchre
873 1354 1038 1397 suam
1064 1336 1238 1397 vitam
1268 1336 1830 1411 ﬁniissent,fuerunt
1857 1358 1973 1400 nu-

333 1442 500 1488 mero
519 1425 784 1486 sexcenti
816 1433 873 1485 et
896 1425 1213 1503 nonaginta
1236 1433 1377 1488 tres.
1405 1427 1567 1499 Quos
1589 1437 1783 1489 autem
1819 1447 1973 1509 prae-

335 1514 795 1595 fectus(2i),qui
820 1523 949 1595 post
970 1515 1135 1575 illum
1162 1516 1980 1594 successitmonaslerio,fue-

332 1612 478 1666 runt
498 1604 808 1684 plusquam
827 1606 1544 1687 quadringenti,paternce
1568 1608 1796 1669 virtutis
1812 1626 1981 1689 aper-

337 1701 464 1756 tum
494 1699 804 1753 servantes
831 1693 1262 1774 characterem,
1292 1696 1392 1756 lilii
1427 1705 1651 1776 patrem
1684 1705 1975 1771 amantes,

2056 533 2182 607 μίαν
2226 534 2429 597 πάντας
2459 532 2602 600 πλὴν
2652 539 2757 589 τῶν
2787 530 3159 606 δαιμονώντων
3193 533 3293 602 τήν
3343 532 3589 610 μεγάλην
3631 532 3698 603 δὴ

2055 629 2162 679 τῶν
2218 621 2579 690 Ἑλληνιστῶν
2642 620 2927 689 ἐκκλησίαν
2988 622 3338 698 ἀθροίζεσθαι*
3397 622 3426 679 ὃ
3482 625 3568 681 καὶ
3621 626 3697 687 είς

2054 709 2200 789 δεῦρο
2255 711 2529 777 ποιοῦντές
2589 713 2687 769 εἶσι
2730 710 2961 768 καὶτῶν
3008 709 3362 787 ἆγιασματων
3417 711 3530 770 ἐκεῖ
3581 735 3685 789 μεν

2053 799 2294 881 τέχουσι,

2136 888 2244 952 λθ¹.
2296 891 2394 947 Καὶ
2436 890 2485 945 τί
2544 888 2629 946 δεῖ
2684 889 2858 946 πάντα
2912 889 3254 970 καταλέφειν,
3293 890 3359 946 τὰ
3413 896 3504 947 τοῦ
3554 891 3688 969 ἱεροῦ

2054 978 2202 1037 τοῦδε
2245 978 2525 1054 ποιμένος,
2558 980 2729 1059 φημί,
2759 980 2846 1035 καὶ
2889 980 3137 1053 ποιμνίου
3170 1000 3186 1060 ς
3242 984 3330 1037 καὶ
3371 980 3597 1059 πότερον
3636 979 3691 1037 ξίν

2055 1090 2135 1131 τις
2167 1070 2339 1125 αὐτῶν
2378 1068 2667 1147 ἁγιάσαιτο
2694 1069 2793 1135 τῆν
2852 1067 3043 1146 ἀρετὴν
3075 1069 3112 1137 ἢ
3170 1071 3230 1126 τὸ
3261 1068 3464 1136 πλῆθος
3500 1088 3518 1146 ;
3573 1067 3698 1147 Παρ⁹

2055 1158 2187 1225 ὅλην
2219 1159 2313 1232 μὲν
2354 1157 2453 1235 γὰρ
2512 1158 2671 1215 αἱ)τοῦ
2719 1158 2817 1225 τὴν
2872 1158 3016 1229 ζωὴν
3062 1160 3148 1220 οὒς
3184 1157 3334 1215 ὤδινε
3377 1159 3477 1234 μὲν
3531 1179 3699 1218 πνευ-

2058 1255 2323 1327 ματικῶς,
2383 1248 2709 1326 ἀνεθρέψατο
2766 1246 2821 1302 δὲ
2882 1254 3181 1323 πατρικῶς,
3232 1249 3357 1305 εἶτα
3416 1249 3504 1305 καὶ
3562 1249 3702 1323 πρὸς

2058 1339 2188 1394 Θεὸν
2244 1336 2658 1416 παρεπέμψατο,
2707 1335 2883 1402 καλῶς
2939 1338 3030 1393 τὸν
3088 1339 3291 1394 ἑαυτῶν
3345 1337 3458 1413 βίον
3513 1335 3701 1393 διατε-

2058 1424 2339 1493 λέσαντας,
2392 1439 2539 1503 τρεΐς
2600 1427 2685 1481 γαὶ
2742 1424 3092 1495 ἐννενήκοντα
3143 1427 3232 1483 καὶ
3289 1425 3551 1491 ἑξακόσιοι
3610 1426 3704 1481 τὸν

2063 1516 2277 1595 ἄριθμὸν
2337 1516 2496 1580 ἦσαν·
2532 1516 2618 1579 οὒς
2650 1512 2701 1568 δὲ
2732 1512 2851 1589 μετ’
2908 1515 3115 1572 ἐκεῖνον
3169 1515 3543 1593 ἀφηγούμενος
3602 1520 3702 1581 τῆς

2061 1609 2231 1679 μονῆς
2287 1602 2559 1683 διεδέχετο
2607 1601 2816 1665 πλείους
2861 1610 2966 1660 τῶν
3009 1606 3362 1683 τετρακοσίων
3403 1605 3705 1685 ἐτύγχανον

2060 1695 2233 1772 ὄντες,
2268 1699 2411 1771 σαφῆ
2472 1693 2563 1748 τὸν
2608 1698 2931 1771 χαρακτῆρα
2972 1695 3071 1759 τῆς
3128 1700 3391 1772 πατρικῆς
3442 1696 3708 1765 σώζοντες

336 1789 397 1846 et
420 1781 523 1843 lilii
559 1781 661 1862 qui
689 1782 1008 1859 insigniter
1036 1782 1387 1845 amabantur
1410 1803 1442 1846 a
1469 1785 1851 1865 patre.Causa
1880 1804 1974 1846 au-

2063 1784 2276 1861 ἆρετης,
2333 1784 2430 1838 οἱοὶ
2500 1779 2873 1859 φιλοπάτορες,
2949 1782 3044 1838 καί
3118 1782 3277 1840 τέκνα
3347 1781 3704 1863 διαφερόντως

336 1882 455 1934 tem
482 1873 723 1943 amoris,
744 1872 843 1951 qui
870 1878 997 1933 erat
1028 1873 1084 1932 in
1111 1874 1408 1955 utrisque,
1433 1886 1559 1936 erat
1591 1895 1705 1935 non
1741 1885 1972 1951 natura,

335 1979 467 2042 quze
490 1971 579 2024 est
601 1979 700 2023 res
721 1961 896 2023 laude
922 1980 1133 2023 carens
1158 1973 1216 2025 et
1250 1964 1665 2040 mercede;sed
1694 1964 1846 2025 bona
1870 1983 1973 2026 vo-

334 2050 532 2111 luntas
555 2056 611 2110 et
638 2050 857 2111 bonum
892 2051 1073 2111 animi
1108 2052 1471 2127 institutum,
1502 2054 1784 2115 amansid
1820 2053 1975 2134 quod

334 2138 559 2201 bonum
604 2149 692 2200 est
726 2148 781 2201 et
832 2141 1169 2218 honestum,
1209 2152 1267 2203 et
1300 2142 1435 2204 ideo
1467 2143 1700 2205 laudem
1735 2147 1977 2207 omnino

332 2233 684 2290 meretur.Et
706 2248 933 2305 possem
958 2236 1186 2307 quidem
1212 2236 1401 2293 dicure
1420 2250 1549 2294 cum
1583 2252 1785 2309 magna
1815 2239 1979 2296 volu-

334 2326 665 2399 ptate,quot
689 2327 978 2403 pastores,
1007 2329 1151 2396 quot
1174 2321 1488 2400 episcopos
1509 2322 1635 2402 ('22)
1666 2323 1980 2402 protulerit

332 2408 465 2486 ejus
487 2408 849 2483 educatio,et
867 2420 1011 2489 quot
1042 2428 1108 2470 ex
1130 2410 1259 2489 ejus
1284 2410 1491 2472 ovibus
1512 2411 1752 2473 fuerunt
1773 2422 1975 2491 pasto-

328 2516 426 2560 res
448 2497 721 2571 aliorum,
744 2508 801 2559 et
821 2500 1179 2577 praefuerunt
1208 2501 1393 2562 sacris
1422 2503 1799 2564 monasteriis
1828 2503 1975 2582 (23),

331 2605 447 2649 non
474 2592 580 2662 ipsi
608 2601 866 2648 amantes
886 2593 1315 2661 imperium,sed
1344 2596 1788 2666 potiusjudicati
1819 2597 1977 2666 digni

334 2676 436 2758 qui
466 2677 857 2754 imperarent,
883 2685 941 2737 et
964 2678 1121 2755 digni
1147 2679 1360 2758 quibus
1380 2681 1731 2741 crederetur
1763 2680 1977 2760 praefe-

336 2772 501 2827 ctura
531 2765 862 2825 animarum
895 2786 907 2829 :
974 2780 1028 2828 et
1064 2777 1201 2846 quot
1236 2768 1495 2830 solitarie
1524 2769 1789 2830 vixerunt
1825 2788 1969 2850 pro-

335 2861 467 2935 pter
489 2854 706 2933 quietis
737 2873 803 2914 ac
830 2855 1051 2917 silentii
1083 2857 1466 2925 desiderium,
1501 2866 1558 2919 et
1585 2860 1969 2938 cupiditatem

335 2944 627 3021 majorum
654 2945 1331 3025 certaminum:quorum
1358 2947 1659 3007 nonnullis
1692 2948 1976 3027 producta

332 3032 443 3094 fuit
470 3032 815 3094 exercitatio
850 3050 1037 3111 usque
1059 3034 1130 3094 ad
1149 3035 1443 3112 octoginta
1470 3045 1744 3106 annos.et
1765 3039 1850 3098 eis
1872 3056 1976 3098 an-

2062 1873 2218 1951 πατρὶ
2261 1872 2617 1949 στεργόμενα,
2674 1872 2822 1926 Αἱτία
2876 1869 2929 1926 δὲ
2973 1873 3074 1938 τῆς
3121 1872 3175 1928 ὲν
3232 1873 3502 1951 ἑκατέροις
3544 1896 3706 1953 στορ-

2060 1968 2160 2037 γῆς
2218 1965 2277 2018 οὗ
2320 1961 2472 2038 φύσις
2526 1960 2616 2033 ἦν,
2651 1965 2872 2037 πρᾶγμα
2930 1959 3160 2016 ἐπαίνων
3219 1961 3420 2038 ἔρημον
3464 1964 3550 2019 καὶ
3609 1986 3709 2038 μιο

2060 2055 2220 2124 σοῶν,
2284 2048 2423 2105 ἀλλὰ
2475 2050 2777 2125 προαίρεσις
2820 2049 2992 2127 ἀγαθὴ
3042 2050 3103 2105 τὸ
3163 2049 3329 2106 καλὸν
3383 2051 3704 2129 στέργουσα,

2061 2142 2148 2196 καὶ
2202 2138 2287 2194 διὰ
2320 2146 2470 2194 τοῦτο
2527 2137 2739 2202 πάντως
2771 2139 2857 2193 καὶ
2887 2139 3161 2218 στεφάνων
3212 2139 3351 2212 ἀξία,
3384 2143 3481 2198 Καὶ
3539 2142 3708 2221 εἶχον

2062 2230 2123 2284 ἂν
2157 2229 2293 2302 μετὰ
2352 2226 2560 2293 πολλῆς
2604 2228 2781 2304 λέγειν
2812 2232 2911 2294 τῆς
2968 2226 3190 2302 ἡδονῆς,
3224 2226 3379 2291 ὅσους
3421 2229 3707 2305 ποιμένας,

2061 2318 2214 2379 ὅσους
2271 2316 2600 2378 ἐωισκόπους
2644 2318 2673 2383 ἦ
2729 2317 2886 2371 αὐτοῦ
2942 2318 3271 2395 προήνεγκεν
3330 2319 3542 2395 ἀγωγή⁶
3605 2317 3709 2374 ὅσα

2060 2430 2118 2463 τε
2187 2409 2291 2462 τῶν
2350 2410 2507 2465 αὐτοῦ
2564 2403 2840 2481 προϐάτων
2902 2406 3151 2479 ποιμένες
3217 2404 3395 2469 ἄλλως
3454 2408 3708 2486 γεγόνασι

2062 2498 2148 2552 καὶ
2205 2494 2623 2575 φροιτιστηρίων
2683 2497 2836 2570 ἱερῶν
2891 2492 3250 2574 ἒξηγήσαντο⁷
3284 2500 3379 2555 οὐκ
3406 2498 3550 2553 αὐτοὶ
3607 2496 3707 2564 τῆς

2060 2585 2239 2663 ἀρχῆς
2311 2582 2643 2661 ἔρασθέντες,
2704 2580 2842 2637 ἀλλὰ
2910 2581 3098 2663 ἄρχειν
3166 2583 3371 2659 μᾶλλον
3441 2584 3705 2661 γριθέντες

2062 2671 2217 2748 ἄξιοι,
2253 2679 2574 2749 προστασίαν
2631 2692 2689 2727 τε
2737 2672 3078 2739 πιστεῦθῆναι
3132 2673 3325 2752 ψυχῶν
3383 2672 3702 2744 ἐπιτήδειον

2061 2763 2174 2819 ὅσοι
2221 2784 2276 2817 τε
2338 2760 2453 2817 καθ’
2500 2762 2714 2822 ἑαυτοὺς
2773 2759 3097 2836 βεϐιώκασιν
3138 2762 3369 2842 ἡσυχίας
3414 2765 3562 2834 πόθῳ
3616 2765 3708 2819 καὶ

2055 2851 2279 2928 ἡγώνων
2335 2853 2591 2925 μειζόνων
2622 2849 2891 2929 ἐπιθυμίᾳ,
2927 2852 3001 2905 ὧν
3047 2849 3202 2915 ἐνίοις
3246 2855 3344 2907 καὶ
3392 2855 3464 2916 εἷς
3494 2850 3705 2930 ὁγδοή-

2058 2963 2218 2997 κοντα
2248 2940 2472 3018 χρόνους
2505 2942 2539 3008 ἧ
2584 2937 2810 3005 ἄσκησις
2848 2940 3140 3017 παρετάθη,
3172 2941 3261 2995 καὶ
3313 2941 3374 2995 τὸ
3409 2946 3511 2997 τῶν
3565 2940 3702 2998 ἐτῶν

2059 3029 2262 3097 πλῆθος
2308 3029 2491 3090 αὐτοῖς
2563 3029 2767 3105 πρώθος
2823 3026 3050 3085 πλούτου
3112 3036 3471 3105 πνευματικοῦ
3532 3031 3702 3098 συνή-

336 3139 547 3184 norum
584 3120 901 3183 multitudo
932 3130 1312 3202 congregavit
1342 3126 1782 3187 multitudinem
1819 3127 1971 3188 divi-

2063 3125 2259 3198 θροισε.
2324 3117 2403 3173 Δι’
2447 3118 2519 3173 ὧν
2552 3119 2765 3173 πάντων
2813 3116 3091 3181 Θεοδόσιος
3139 3119 3450 3195 ἐγνωρίζετό
3508 3141 3564 3176 τε
3615 3121 3707 3177 καὶ

338 3212 550 3272 tiarum
585 3210 963 3290 spiritalium.
992 3213 1109 3275 Per
1128 3231 1258 3292 quae
1291 3214 1490 3275 omnia
1511 3216 1981 3292 cognoscebatur

333 3309 392 3362 et
418 3300 853 3380 praedicabatur
873 3300 1272 3382 Theodosius,
1302 3310 1359 3363 et
1383 3304 1434 3364 ei
1467 3323 1714 3367 aureum
1741 3324 1980 3367 conser-

328 3388 574 3450 vabatur
606 3407 819 3468 genus,
855 3390 1010 3471 quod
1043 3392 1295 3465 honore,
1332 3394 1595 3472 inquam,
1631 3395 1976 3458 antecellit:

328 3498 439 3559 per
465 3498 597 3559 qua:
645 3479 700 3541 ei
759 3480 1160 3560 implebantur
1209 3482 1440 3543 fructus
1471 3495 1529 3543 et
1572 3484 1881 3563 manipuli,
1918 3492 1977 3546 et

332 3586 568 3631 merces
601 3569 947 3646 augebatur.
974 3570 1060 3632 De
1092 3588 1455 3651 unoquoque
1485 3591 1625 3650 ergo
1657 3591 1858 3633 eorum
1892 3574 1972 3634 li-

329 3656 541 3742 benter
592 3660 961 3720 meminisset
1013 3661 1221 3740 oratio,
1260 3662 1370 3722 nisi
1419 3662 1853 3742 produceretur
1899 3663 1973 3724 ad

329 3740 918 3811 immoderationem.
980 3746 1227 3827 Oportet
1284 3740 1433 3828 ergo
1483 3750 1686 3830 paucis
1742 3752 1971 3832 dicere,

331 3835 561 3896 nullum
597 3837 779 3897 fuisse
813 3838 1087 3898 relictum
1123 3837 1345 3913 locum,
1381 3846 1479 3919 qui
1514 3859 1631 3900 non
1673 3840 1974 3903 commodi

333 3933 394 3986 et
424 3925 699 3987 utilitatis
729 3926 951 4005 aliquid
987 3946 1054 3987 ex
1093 3946 1162 3988 eo
1198 3928 1274 3988 sit
1303 3938 1679 3990 consecutus.

416 4015 515 4076 40.
574 4016 891 4094 Postquam
925 4034 1064 4094 ergo
1110 4016 1290 4096 hujus
1318 4019 1426 4078 viri
1456 4017 1639 4078 divini
1669 4017 1821 4078 fama
1871 4036 1978 4097 per

329 4105 673 4167 universum
698 4105 904 4165 orbem
938 4113 1110 4166 terrae
1127 4106 1249 4184 jam
1279 4106 1975 4182 pervasisset,etvirtutis

334 4196 635 4259 studiosas
665 4196 737 4257 ad
757 4214 822 4257 se
851 4196 1187 4258 attraxisset
1218 4198 1447 4259 animas
1481 4219 1495 4278 ;
1534 4198 1701 4258 multi
1735 4197 1973 4278 quidem

331 4302 401 4346 ex
434 4284 908 4359 militibus,bella
931 4286 1178 4346 multum
1202 4287 1719 4367 valcrejubentes,
1740 4289 1974 4349 refere-

332 4372 546 4434 bantur
568 4373 627 4435 in
657 4392 969 4435 numerum
996 4375 1127 4454 ejus
1152 4376 1653 4455 phalangiszmulti
1677 4386 1870 4439 autem
1907 4396 1975 4439 ex

2059 3207 2401 3285 ἒκηρύττετο,
2451 3206 2536 3262 καὶ
2580 3207 2640 3261 τὸ
2705 3206 2935 3284 χρύσοῦν
2979 3208 3121 3263 αἰ,τῶ
3187 3205 3472 3278 διεσώζετο
3526 3208 3703 3286 γένος,

2060 3302 2192 3372 τιμῇ
2234 3295 2376 3373 λέγω
2410 3297 2469 3351 τὸ
2500 3308 2742 3372 κρεῖττον
2781 3315 2796 3365 ;
2839 3294 2905 3350 δι’
2937 3296 3010 3352 ὠν
3043 3299 3182 3369 αὒτῷ
3212 3299 3259 3352 οἱ
3301 3301 3494 3375 καρποὶ
3522 3301 3611 3355 καὶ
3639 3299 3707 3355 τὰ

2060 3385 2338 3465 δράγματα
2396 3383 2755 3450 ἐπληθύνοντο
2811 3385 2897 3439 καὶ
2954 3387 2981 3440 6
3051 3386 3238 3460 μισθὸς
3294 3387 3506 3453 ηὔξανε.
3582 3390 3710 3467 Περὶ

2060 3476 2285 3531 ἑκάστου
2352 3474 2628 3550 τοιγαροῦν
2674 3476 2845 3530 αὐτῶν
2886 3471 3056 3540 ἡδέως
3115 3473 3176 3530 ἂν
3236 3478 3264 3531 6
3324 3473 3485 3553 λόγος
3529 3476 3707 3554 {py-1,-

2059 3568 2181 3637 σθη,
2218 3566 2262 3620 εἰ
2308 3564 2385 3637 μὴ
2420 3564 2550 3636 πρὸς
2606 3562 2855 3636 ἀμετρίαν
2886 3564 3042 3626 αὐτὸς
3087 3565 3444 3642 παρετείνετο.
3485 3575 3584 3623 Δεῖ
3613 3569 3704 3624 οὖν

2059 3653 2373 3715 συνελόντας
2419 3653 2616 3728 εἰπεῖν,
2668 3649 2749 3707 ὅτι
2816 3651 2954 3725 μηδὲ
3013 3653 3108 3726 μία
3163 3652 3357 3733 σχεδὸν
3406 3656 3698 3735 ὑπελείφθη

2058 3744 2235 3821 χώρα,
2270 3742 2305 3809 ἢ
2357 3742 2436 3816 μὴ
2481 3740 2744 3796 ἀπέλαυσε
2802 3745 2900 3807 τῆς
2958 3740 3161 3798 ἐκεῖθεν
3219 3744 3529 3808 ἐπιστασίας
3588 3745 3700 3822 ἄμα

2059 3835 2145 3890 ναὶ
2174 3830 2456 3913 ὠφελείας,

2140 3998 2221 4085 μ’.
2277 4008 2424 4066 Ἐπεὶ
2458 4008 2544 4063 οὖν
2602 4008 2629 4062 6
2682 4009 2826 4069 θεῖος
2883 4006 3033 4073 οὗτος
3065 4009 3197 4090 ἀνὴρ
3235 4009 3319 4067 διὰ
3351 4012 3528 4079 πάσης
3589 4011 3693 4080 ἤδη

2058 4105 2155 4166 τῆς
2199 4096 2514 4172 οἰκουμένης
2559 4101 2627 4172 τῇ
2671 4097 2825 4174 φήμῃ
2880 4095 3146 4180 διέτρεχε,
3207 4102 3297 4157 καί
3336 4102 3431 4165 τὰς
3475 4100 3694 4181 φιλαρέ-

2057 4212 2178 4253 τους
2224 4188 2493 4245 ἐπεσπᾶτο
2554 4187 2735 4265 ψυχὰς
2794 4184 2986 4243 πολλοι
3047 4189 3146 4262 μὲν
3195 4190 3301 4247 τῶν
3357 4196 3696 4269 στρατιωτῶν

2057 4277 2232 4337 πολλὰ
2290 4275 2498 4356 χαίρειν
2527 4273 2793 4349 πολέμους
2838 4276 3076 4338 εἰπόντες
3130 4279 3204 4341 είς
3260 4281 3360 4345 τὴν
3406 4278 3557 4337 τοῦδε
3587 4279 3693 4358 φά-

2058 4369 2234 4445 λαγγα
2264 4366 2672 4441 μετετάττοντο⁶
2719 4361 2907 4420 πολλοὶ
2937 4363 2992 4420 δὲ
3042 4367 3129 4422 καὶ
3184 4369 3289 4423 τὼν
3322 4366 3375 4423 ἓν
3431 4369 3693 4443 ἀξιώμασι

331 4461 406 4522 iis
440 4481 702 4543 quoque,
725 4464 823 4544 qui
848 4450 1513 4543 valebantdignitate,et
1544 4466 1803 4527 honores
1837 4466 1973 4527 fue-

2063 4459 2144 4515 καὶ
2201 4467 2384 4530 νιματς
2443 4450 2809 4530 περιϐλέπτων
2856 4452 2909 4508 ἐν
2964 4453 3069 4526 ἴσῳ
3123 4457 3212 4513 καὶ
3253 4457 3473 4535 ὀνείροις
3530 4466 3694 4515 ταῦτα

332 4559 465 4611 rant
488 4541 950 4625 consecu‘ti,haac
977 4570 1094 4612 non
1119 4541 1292 4614 secus
1323 4564 1497 4634 atque
1521 4555 1751 4617 somnia
1770 4554 1974 4635 despi-

2063 4544 2565 4625 περιφρονήσαντες,
2618 4542 2654 4610 ἢ
2711 4541 2917 4635 μᾶλλον
2962 4546 3035 4605 ὡς
3088 4543 3253 4608 ἄλλας
3311 4547 3555 4623 σειρῆνας
3607 4549 3694 4605 Eni

333 4639 583 4716 cientes,
605 4649 703 4702 aut
729 4644 923 4722 potius
955 4650 1013 4701 ut
1036 4642 1180 4703 alias
1199 4629 1450 4719 sirenas,
1477 4662 1605 4724 quie
1636 4629 1974 4706 demulcent

2063 4643 2211 4710 κακῷ
2265 4639 2371 4690 τῶν
2402 4632 2781 4710 προσεχόντων
2820 4629 3104 4710 θελγούσάς
3148 4635 3389 4713 ἀφέντες,
3425 4634 3535 4711 ὅλῳ
3574 4636 3695 4694 ποδί

330 4728 404 4790 ad
437 4719 779 4811 eorum,qui
811 4750 913 4795 eas
942 4734 1278 4797 attendunt.
1305 4719 1974 4814 exitium,dimittentes,

2063 4728 2192 4804 πρὸς
2251 4723 2406 4779 αὒτδν
2449 4720 2711 4800 ἐχώρουν,
2742 4720 2842 4824 ait:
2882 4719 2965 4777 διὰ
2996 4725 3223 4799 Χριστὸν
3251 4723 3459 4790 ἀδοξςιν
3515 4726 3691 4794 ἀληθῆ

332 4830 453 4880 toto
474 4823 620 4894 pede
639 4809 715 4882 ad
731 4824 921 4894 ipsum
944 4827 1629 4897 contendebant,propter
1658 4809 1972 4894 Christum,

2063 4814 2213 4880 δόξαν
2266 4812 2356 4869 καὶ
2400 4812 2624 4886 κρείττω
2655 4810 2742 4865 καὶ
2788 4809 2952 4878 αὐτῆς
2983 4811 3127 4868 εἶναι
3168 4813 3438 4889 βασιλείας
3467 4816 3691 4873 πιστεύ-

333 4906 723 4986 ignominiam
758 4927 957 4972 veram
986 4929 1120 4973 esse
1147 4910 1397 4990 gloriam
1428 4920 1485 4972 et
1517 4915 1643 4992 ipso
1672 4912 1847 4974 etiam
1871 4931 1971 4974 re-

403 5111 517 5193 (21)
547 5112 652 5193 ilic
675 5122 760 5172 est
786 5115 1146 5193 Sophronius
1199 5116 1315 5193 ille,
1350 5120 1514 5192 cuius
1546 5119 1763 5192 legatus
1795 5121 1975 5193 Hesy-

331 5182 516 5262 chius_
555 5186 729 5262 hujus
764 5182 1089 5247 monasterii
1134 5182 1438 5262 presbyter
1463 5207 1569 5262 pro
1602 5182 1671 5249 Eo
1719 5182 1972 5250 interfuit

334 5254 557 5336 synodo
587 5254 1230 5336 constantinopolita'ne
1251 5254 1369 5336 sub
1389 5254 1697 5336 Mefnna.De
1729 5275 1974 5336 utroque

333 5334 521 5403 actum
582 5341 640 5385 In
675 5328 982 5403 Prolegom
1039 5333 1157 5390 Sub
1202 5336 1309 5391 hoc
1345 5334 1670 5403 Saphronio
1700 5345 1800 5395 aut
1854 5328 1974 5392 non

336 5395 524 5477 multo
547 5395 1172 5477 post.ha_nc'bistoriam
1202 5405 1237 5460 S
1291 5395 1596 5462 Theodosii
1629 5407 1973 5477 descriptam

335 5467 737 5547 ex_gubj_tincts
773 5471 939 5547 laude
969 5475 1332 5533 subditorum
1366 5488 1653 5547 putamus.

406 5535 523 5619 ςεε)
547 5535 756 5619 Egbis
784 5535 1383 5619 Julianusepiscopus'
1409 5547 1829 5619 Bostrensis,de
1863 5562 1979 5619 quo

337 5606 486 5664 inire
514 5622 572 5665 n.
598 5608 657 5667 7t
691 5622 746 5671 et
775 5627 948 5683 supra
981 5617 1039 5671 in
1060 5606 1382 5690 Prolegom.
1409 5618 1491 5678 Ita
1520 5606 1775 5695 tempore
1802 5606 1979 5680 Joan-

2054 4918 2263 4968 σαντες⁶
2297 4898 2489 4958 πολλοὶ
2518 4897 2573 4954 δέ
2603 4899 2690 4955 καὶ
2718 4904 2822 4954 τῶν
2870 4899 2925 4955 ἐν
2953 4900 3163 4975 παιδείᾳ
3192 4902 3404 4981 μεγάλα
3431 4902 3691 4981 λαμψάν-

2054 5107 2144 5165 nis
2174 5104 2390 5180 nesciit
2423 5100 2788 5180 Theodosius
2834 5104 3069 5180 quidam
3109 5114 3338 5180 creatus
3364 5108 3690 5180 cpiscopus

2053 5175 2439 5257 Qapitoliadis,
2480 5174 2548 5257 de
2603 5188 2734 5257 quo_
2774 5174 3059 5257 ἱηςΡς-ᾳιο
3109 5174 3437 5257 spiritali;
3469 5193 3518 5235 c.
3567 5174 3689 5238 1'09.

2055 5246 2194 5309 Tres
2269 5246 2522 5320 episcopi
2595 5246 2860 5303 morienti
2935 5246 3263 5307 Theodosio
3335 5251 3642 5310 adfuerunt
3674 5292 3689 5316 .

2055 5337 2114 5380 n.
2147 5322 2239 5379 84.

2126 5394 2243 5463 (23)
2290 5393 2537 5463 Finierat
2565 5403 2695 5463 cum
2727 5388 2785 5446 S.
2812 5390 3005 5463 _Saba,
3034 5406 3102 5449 ex
3134 5393 3543 5453 commissione
3588 5394 3689 5450 Sa-

2060 5460 3092 5537 lustiiepiscopiHierosolymitani,
3146 5465 3388 5537 reliquis
3441 5466 3687 5524 circum-

2060 5538 2209 5595 circa
2235 5532 2614 5597 monasteriis.
2643 5532 2783 5591 Vide
2816 5532 3242 5607 Prolegomena,
3274 5536 3301 5611 §
3332 5536 3383 5593 5.
