4018 6136
3477 303 3594 374 510

241 317 351 386 509
1218 315 1404 386 VITA
1449 322 1508 384 S.
1557 316 1963 385 THEODOSII
2005 311 2602 380 CENOBIARGHE.

237 475 337 512 των
359 450 570 531 βίϐλους
610 454 686 508 ῶν
731 450 1024 533 ἆξείχοντο,
1091 453 1325 532 καθάπερ
1372 459 1533 512 τινῶν
1593 460 1774 530 μαζῶν
1830 453 1858 521 ἢ

1949 470 2064 531 gno
2084 451 2394 514 meliorem
2418 447 2924 513 credentes.Multi
2945 455 3140 509 autem
3164 464 3234 508 ex
3257 444 3329 508 iis
3350 462 3588 525 quoque

232 548 444 622 πηγῶν,
482 544 519 612 ἢ
551 544 620 606 ὡς
676 541 1052 623 ἆντρυφήματα
1096 542 1212 600 λίαν
1275 542 1481 617 ἥδιστα,
1532 545 1562 612 ἢ
1606 546 1679 608 ὼς
1737 543 1858 599 θεά-

1956 543 2056 619 qui
2091 549 2260 602 erant
2291 539 2560 619 insignes
2581 537 3133 615 eruditione,libros
3154 535 3370 617 quibus
3399 534 3594 596 adhae-

227 655 367 711 ματα
427 632 616 689 κάλλει
661 630 923 689 κάλλιστα
967 631 1300 712 παριδόντες,
1368 634 1661 713 ἠγάπησαν
1719 632 1858 707 μᾶλ-

1951 630 2185 706 rebant,
2220 639 2497 710 tanquam
2535 628 2832 708 aliquibus
2860 628 3148 690 uberibus
3177 634 3276 686 aut
3306 624 3588 700 fontibus,

223 724 313 781 λον
352 729 461 780 τῶν
529 724 895 800 εἰσαγωγικῶν
953 722 1238 802 στοιχείων
1291 727 1387 790 τῆς
1446 723 1583 779 κατὰ
1641 723 1863 800 Χριστὸν

221 814 436 892 ἀγωγῆς
496 812 760 890 ἅψασθαι,
825 812 1045 887 κρότους
1099 832 1146 868 τε
1193 811 1277 868 καὶ
1334 811 1643 875 πολιτικοὺς
1703 811 1860 868 ἐπαί-

220 923 334 966 νους
406 899 769 964 ἀπολιπόντες
849 900 1181 979 ἀνθρωπίνης
1253 901 1431 968 πάσης
1491 901 1700 982 σοφίας,
1763 901 1860 968 τὴν

223 990 305 1049 διὰ
334 991 560 1067 Χριστὸν
593 989 799 1068 μωρίαν
854 992 1309 1068 προτετιμήκασιν
1347 1006 1360 1019 ⁸
1397 991 1485 1054 οῖς
1516 989 1630 1048 λίαν
1664 991 1860 1056 ἐπιτη-

229 1079 374 1145 δείως
415 1081 441 1134 ὃ
482 1079 681 1157 ἀγαθὸς
712 1081 871 1143 αὖτος
901 1079 1108 1159 ἐχρῆτο
1142 1080 1365 1156 ποιμὴν,
1415 1095 1531 1143 τοῖς
1584 1082 1680 1156 μὲν
1712 1081 1862 1136 ἀσθε-

232 1167 481 1244 νεστέροις
561 1167 825 1246 κουφίζων
909 1169 1028 1233 τοὺς
1107 1169 1326 1244 πόνους,
1389 1184 1507 1234 τοῖς
1566 1171 1860 1246 ἀκμαιοτέ-

229 1279 340 1336 ροις
391 1255 440 1312 δὲ
481 1263 575 1312 τὸν
609 1257 850 1332 κάματον
907 1257 1236 1338 πλεονάζων,
1272 1260 1345 1322 ὡς
1392 1261 1531 1334 μήτε
1561 1261 1621 1316 τὸ
1651 1259 1862 1324 ἀσθενὲς

227 1346 566 1424 ἀπαγορεύειν
625 1351 693 1423 τῇ
747 1346 994 1425 ἀμετρίᾳ,
1063 1347 1201 1422 μήτε
1261 1350 1322 1404 τὸ
1365 1350 1587 1429 ἰσχυρὸν
1643 1347 1864 1427 ὑϐρίζειν

224 1436 280 1492 οὗ
327 1435 669 1510 πιεζόμενον,
729 1437 859 1513 πρὶς
921 1435 1122 1500 πάντας
1180 1435 1475 1494 ποικίλλων
1533 1437 1719 1494 ἑαυτὸν
1776 1439 1865 1496 καὶ

221 1531 556 1600 πνευματικῇ
616 1524 772 1604 σοφίᾳ
831 1522 1322 1606 μεταϐαλλόμενος,
1385 1529 1443 1584 οὗ
1500 1526 1673 1602 ῥάϐδῳ
1731 1551 1862 1584 παι-

224 1612 401 1686 δεύων,
465 1613 614 1668 ἀλλὰ
667 1612 814 1689 λόγῳ
869 1612 1251 1692 παιδαγωγῶν,
1298 1617 1444 1694 λόγῳ
1499 1617 1654 1676 ἅλατι
1709 1618 1864 1691 ἠρτυο

219 1704 355 1779 μένῳ
384 1702 684 1776 ἁπτομένῳ
737 1723 796 1758 τε
830 1708 929 1770 τῆς
980 1705 1190 1783 ψυχῆς,
1244 1707 1333 1761 καὶ
1373 1705 1720 1780 διικνουμένφ
1771 1708 1863 1781 μὲ-

1944 719 2035 780 vel
2089 729 2363 800 tanquam
2421 718 2887 797 jucundissimas
2943 718 3298 798 voluptates,
3333 715 3420 776 vel
3455 722 3592 776 tan-

1945 827 2121 890 quam
2151 809 2554 888 pulcherrima
2581 808 2920 888 Spectacula
2957 803 3592 887 despicantes,malue-

1943 907 2082 960 runt
2102 900 2394 978 attingere
2419 897 2823 959 institutiones
2845 898 3280 958 elementorum
3299 895 3594 974 vitae,qua3

1945 1006 2014 1050 ex
2034 989 2268 1052 Christo
2293 988 2508 1066 agitur;
2542 988 2890 1068 relictisque
2911 986 3216 1068 plausibus
3239 994 3295 1045 et
3317 983 3592 1045 laudibus

1946 1078 2520 1151 civilibus,humauze
2544 1077 2854 1156 sapientiae
2883 1076 3266 1156 praetulerunt
3295 1091 3590 1152 eam,quaa

1947 1175 2038 1230 est
2062 1175 2306 1248 propter
2337 1167 2995 1239 Christum,stultitiam.
3023 1165 3248 1236 Quibus
3267 1162 3584 1224 admodum

1945 1266 2081 1338 apte
2105 1267 2251 1318 usus
2272 1258 2379 1318 fuit
2402 1257 2496 1318 hic
2525 1256 2714 1318 bonus
2729 1253 3450 1336 pastor,imbecil|ioribus
3465 1254 3591 1332 qui-

1947 1348 2083 1408 dem
2119 1347 2356 1408 labores
2373 1347 2886 1424 allevans,augens
2907 1355 3102 1406 autem
3126 1341 3586 1421 robustioribus;

1946 1436 2095 1497 adeo
2119 1445 2183 1497 ut
2201 1455 2394 1516 neque
2418 1435 2801 1496 imbecillitas
2824 1435 3268 1514 opprimeretur
3292 1431 3588 1493 immode-

1945 1525 2200 1599 ratione,
2232 1543 2432 1604 neque
2465 1525 2618 1585 vires
2641 1524 3073 1585 insolescerent
3101 1529 3148 1583 si
3177 1542 3294 1583 non
3326 1521 3590 1600 compri-

1948 1623 2278 1695 merentur;
2315 1633 2453 1692 erga
2479 1632 2689 1674 omnes
2723 1615 2982 1693 seipsum
3017 1612 3340 1674 varianset
3361 1618 3592 1670 mutans

1945 1703 2202 1784 spiritali
2237 1704 2527 1784 sapientia
2563 1721 2575 1761 :
2609 1723 2725 1764 non
2762 1704 2916 1782 virga
2947 1703 3263 1780 castigans,
3299 1700 3404 1762 sed
3456 1716 3589 1759 ser-

218 1814 307 1873 χρι
359 1793 447 1848 καὶ
502 1793 702 1869 βάθους
732 1798 837 1848 τῶν
897 1803 990 1852 τοῦ
1049 1794 1138 1850 νοῦ
1179 1795 1518 1874 κινημάτων,
1552 1797 1622 1861 ὡς
1655 1797 1716 1852 ἃν
1759 1797 1858 1852 ἀπὸ

1949 1812 2127 1854 mone
2161 1793 2498 1865 instituens,
2527 1811 2806 1854 sermone
2837 1793 2959 1853 sale
2991 1792 3322 1865 condito,et
3351 1787 3589 1869 quiani-

217 1885 310 1944 τῆς
362 1888 470 1937 τῶν
534 1880 708 1959 ἔργων
767 1880 1062 1960 παῤῥησίας
1104 1884 1203 1949 τὴν
1244 1885 1400 1964 ἰσχὺν
1457 1884 1626 1964 ἔχων,
1686 1887 1858 1962 Ταύτῃ

1951 1900 2104 1942 mam
2139 1882 2589 1961 penetrabat.ac
2623 1882 2983 1962 pervadebat
3015 1898 3210 1958 uSque
3240 1879 3310 1940 ad
3337 1876 3586 1958 profun-

217 1992 294 2028 τοι
323 1971 411 2027 καὶ
443 1969 782 2048 παρακαλῶν
813 1969 1038 2032 πολλοῖς
1089 1969 1310 2052 φοϐερὸς
1352 1975 1440 2048 ἧν,
1473 1976 1558 2032 καὶ
1603 1975 1865 2050 επιτιμῶν

217 2059 301 2116 καὶ
328 2061 588 2123 ποθεινὸς
617 2062 706 2116 καί
739 2058 859 2128 ἡδὺς
892 2059 948 2116 ἐν
977 2061 1166 2122 ἅπασι.

1947 1971 2090 2031 dum
2126 1981 2390 2032 motuum
2427 1973 2671 2050 mentis,
2704 1984 2766 2030 ut
2802 1972 2903 2050 qui
2935 1972 3050 2031 vim
3086 1969 3335 2031 haberet
3365 1984 3437 2028 ex
3464 1965 3591 2045 ipsa

1948 2078 2194 2140 operum
2258 2060 2492 2122 tiducia.
2557 2062 2640 2121 Ea
2696 2061 2928 2122 ratione
2984 2070 3042 2122 et
3091 2057 3433 2129 consolans,
3464 2061 3593 2116 erat

1948 2149 2153 2210 multis
2185 2149 2513 2222 terribilis;
2567 2158 2626 2211 et
2679 2151 3023 2229 increpans,
3077 2143 3502 2212 desiderabilis
3533 2150 3592 2204 et

1939 2239 2244 2318 jucundus
2279 2243 2337 2300 in
2369 2238 2668 2301 omnibus.

1745 2357 1977 2416 CAPUT
1999 2357 2060 2413 X.

1271 2457 1480 2520 Sacra:
1509 2457 1644 2536 ejus
1676 2457 1960 2519 lectiones
1988 2463 2044 2520 et
2073 2458 2543 2520 exhortationes.

296 2581 410 2664 μα’.
447 2591 542 2654 τίς
578 2589 721 2646 οὕτω
743 2591 832 2646 καί
863 2603 978 2655 τοῖς
1029 2589 1259 2654 πολλοῖς
1311 2590 1515 2667 ὁμιλῶν
1576 2590 1865 2672 ὠφελιμὼ-

222 2701 392 2754 τατος,
427 2680 519 2735 καί
577 2679 670 2744 τὰς
728 2680 998 2750 αἰσθήσεις
1047 2693 1392 2759 συναγαγεῖν,
1428 2683 1516 2737 καί
1573 2682 1708 2736 εἵσω
1766 2699 1862 2736 πα-

223 2769 544 2846 ρασκευάσαι
602 2768 770 2824 νεύειν
827 2769 1206 2844 ἱκανώτατος;
1271 2771 1342 2832 ὡς
1401 2769 1455 2825 ὲν
1509 2769 1710 2827 πλείονι
1769 2792 1862 2846 γα-

219 2855 350 2933 λήνῃ
391 2864 588 2914 τοῦτον
618 2860 675 2913 ὲν
720 2857 869 2934 μέσῳ
930 2856 1186 2938 θορύϐων,
1231 2859 1264 2930 ἢ
1295 2860 1415 2925 τοὺς
1445 2859 1498 2916 ἐν
1529 2859 1715 2939 ἐρήμῳ
1744 2857 1859 2915 διας

223 2945 412 3022 τελεῖν,
456 2947 552 3004 καί
591 2946 706 3022 ἅμα
761 2949 852 3005 τὸν
911 2949 1066 3004 αὐτὸν
1126 2949 1263 3023 μετὰ
1308 2947 1541 3019 πλήθους
1601 2971 1659 3006 τε
1717 2953 1859 3004 εἶναι

2026 2590 2279 2662 41.Ουίε
2311 2590 2389 2652 ita
2419 2590 2632 2666 fuit,et
2664 2608 2799 2650 cum
2836 2588 3038 2650 multis
3065 2587 3581 2666 couversans,uti-

1945 2680 2236 2754 lissimus,
2271 2689 2327 2741 et
2358 2681 2427 2742 ad
2463 2698 2677 2742 sensus
2707 2679 3100 2758 colligendos,
3129 2687 3186 2740 et
3211 2677 3283 2737 ad
3318 2677 3588 2738 efﬁcien-

1945 2769 2083 2829 dum
2111 2776 2175 2828 ut
2198 2767 2355 2830 intro
2391 2776 2907 2841 converterentur,
2936 2767 3280 2846 aptissimus
3304 2763 3328 2826 ?
3349 2765 3498 2826 adeo
3526 2771 3590 2824 ut

1946 2858 1995 2918 is
2020 2861 2077 2918 in
2113 2858 2321 2935 maiori
2357 2867 2511 2919 esset
2545 2857 2973 2936 tranquillitate
3010 2856 3069 2916 in
3093 2853 3591 2916 mediistumulti-

1945 2946 2076 3026 bus,
2113 2965 2286 3027 quam
2319 2947 2358 3007 ii
2390 2947 2490 3027 qui
2523 2958 2661 3007 sunt
2693 2948 2751 3006 in
2771 2946 3121 3016 solitudine;
3144 2953 3201 3004 et
3224 2943 3382 3004 idem
3408 2942 3587 3003 simul

223 3037 303 3092 καὶ
339 3034 588 3110 ίδιάζειν,
638 3038 726 3094 καὶ
767 3039 829 3094 τὸ
873 3038 971 3112 μὲν
1001 3041 1276 3094 ποιεῖσθαι
1306 3043 1410 3094 τῶν
1454 3037 1655 3110 ἀλλων,
1698 3039 1760 3094 τὸ
1805 3036 1857 3093 δὲ

1944 3045 2100 3097 esset
2131 3047 2190 3097 et
2224 3055 2358 3097 cum
2414 3035 2818 3108 multitudine,
2854 3044 2913 3095 et
2963 3042 3320 3113 separatus;
3353 3041 3410 3093 et
3440 3031 3586 3122 illud

226 3127 406 3182 οὶκείαν
463 3126 759 3208 ὠφέλειαν,
808 3126 1010 3202 μᾶλλον
1055 3127 1110 3184 δὲ
1153 3128 1349 3184 οἰκείαν
1400 3126 1467 3184 δι’
1513 3127 1853 3208 ἀμφοτέρων,

227 3213 369 3294 ε’ίπερ
410 3212 506 3294 ἄρα
579 3217 646 3273 τὸ
715 3218 821 3272 τῶν
896 3215 1126 3284 πλησίον
1169 3215 1427 3296 ὠφελεῖν,
1473 3216 1658 3272 ἑαυτὸν
1717 3216 1856 3273 ἐστὶν

232 3303 444 3383 ὢγελεῖν
484 3304 754 3383 ἄντικρυς.
819 3303 889 3364 ”Ο
951 3305 1008 3362 δὲ
1053 3307 1139 3364 καὶ
1197 3308 1497 3385 σύγχρονον
1556 3309 1700 3381 αὐτῷ
1757 3313 1856 3372 τῆς

235 3398 393 3469 ζωῆς,
445 3396 530 3451 καὶ
586 3395 707 3452 οἷον
751 3395 1048 3474 ἀναγκαῖόν
1091 3417 1142 3452 τι
1203 3397 1289 3451 καὶ
1321 3397 1402 3452 ἀεὶ
1457 3397 1852 3475 παρεπόμενον,

236 3483 268 3550 ἡ
312 3482 412 3538 τῶν
449 3483 598 3540 θείων
624 3483 820 3562 λογίων
878 3485 1178 3562 ἀνάγνωσις
1222 3484 1310 3558 ἧν,
1357 3484 1424 3552 ἢν
1455 3489 1515 3544 οὔ
1545 3487 1764 3564 χρόνος,
1799 3489 1858 3542 οὗ

231 3571 395 3643 νόσος,
446 3574 502 3630 οὗ
565 3576 763 3652 γῆρας,
826 3573 922 3631 οὒκ
1002 3573 1136 3632 ἄλλο
1197 3597 1246 3630 τι
1303 3580 1409 3631 τῶν
1459 3573 1856 3649 συμϐαινόντων

226 3658 486 3719 διέκοπτεν
522 3683 539 3700 ο
601 3662 740 3719 ἀλλά
788 3665 885 3720 καί
929 3664 1162 3727 ἀσθενῶς
1207 3663 1416 3744 ἔχοντι,
1465 3665 1550 3720 καὶ
1580 3662 1682 3730 ἤδη
1727 3664 1858 3738 πρὸς

223 3753 379 3827 γῆρας
409 3751 649 3832 ἔσχατον
677 3751 887 3831 ἥκοντι,
938 3755 1028 3809 καὶ
1079 3751 1216 3828 μηδὲ
1266 3751 1506 3830 προιέναι
1547 3755 1640 3808 τοῦ
1671 3751 1859 3810 λοιποῦ

223 3838 414 3916 δυνατῷ
456 3844 596 3917 ὃντι,
644 3844 679 3912 ἡ
722 3841 900 3918 βίϐλος
932 3843 986 3898 ἐν
1016 3845 1200 3922 χερσὶν
1231 3847 1319 3916 ἦν,
1354 3845 1447 3899 καί
1483 3843 1634 3899 πόνοι
1666 3843 1858 3905 πόνους

226 3930 403 3987 ἐνίκων
444 3933 575 3995 τοὺς
619 3938 713 3990 τοῦ
757 3933 976 4010 γήρους,
1025 3932 1196 4013 φημί,
1231 3934 1443 4000 καὶτῆς
1477 3931 1762 4009 ἂῤῥωστίας
1812 3934 1859 3987 οἱ

223 4024 311 4088 τῆς
353 4019 592 4095 μελέτης
633 4037 646 4052 ⁸
679 4019 765 4101 ἐφ’
795 4021 883 4084 οὒς
912 4022 1009 4089 τῆς
1039 4022 1241 4100 ἡμέρας
1273 4022 1351 4098 μὴ
1403 4020 1750 4100 ἐξαρκούσης,
1797 4023 1858 4077 τὸ

220 4106 417 4175 ἐκείνης
447 4117 565 4191 φῶς
598 4112 625 4166 ὁ
658 4108 854 4190 λύχνος
887 4109 942 4165 ἐν
972 4108 1106 4176 νυξὶν
1138 4109 1466 4184 ἀνεπλήρου.

1943 3125 2188 3203 quidem
2224 3125 2380 3199 aliis,
2409 3127 2521 3188 hoc
2555 3144 2692 3186 vero
2725 3123 2838 3185 sibi
2872 3125 3116 3186 afferret
3145 3121 3590 3188 utilitatrmyel

1941 3235 2108 3277 suam
2132 3216 2328 3296 potius
2355 3233 2461 3296 per
2485 3223 2827 3294 utrumque;
2844 3214 3138 3295 siquidem
3159 3213 3366 3291 juvare
3385 3216 3590 3292 proxi-

1941 3325 2129 3379 mum,
2177 3314 2267 3366 est
2295 3314 2506 3385 aperte
2534 3307 2747 3384 juvare
2778 3304 3064 3382 seipsum.
3103 3302 3272 3375 Quod
3301 3311 3499 3363 autem
3533 3309 3594 3363 et

1940 3396 2266 3474 permansit
2313 3413 2446 3456 cum
2481 3413 2552 3456 eo
2605 3401 2728 3455 toto
2760 3393 2891 3454 vitae
2924 3411 3049 3454 suae
3077 3404 3375 3471 tempore,
3411 3399 3468 3452 et
3499 3401 3590 3454 est

1939 3483 2126 3544 veluti
2157 3483 2562 3545 necessarium
2587 3482 2810 3561 aliquid
2841 3489 2900 3542 et
2923 3500 3170 3561 semper
3186 3498 3586 3559 consequens,

1941 3580 2067 3633 erat
2087 3572 2428 3633 divinorum
2456 3572 2634 3633 lectio
2656 3571 3056 3651 eloquiorum:
3087 3587 3260 3650 quam
3288 3587 3406 3631 non
3432 3579 3589 3630 tem-

1943 3680 2076 3742 pus,
2110 3680 2228 3722 non
2259 3660 2525 3737 morbus,
2563 3680 2678 3722 non
2715 3661 2974 3731 senium,
3011 3679 3130 3719 non
3163 3658 3388 3733 aliquid
3420 3657 3586 3719 aliud

1943 3769 2011 3812 ex
2043 3750 2283 3831 iis,quae
2313 3750 2614 3825 accidunt,
2651 3749 2996 3828 interrupit.
3031 3747 3187 3820 Quin
3240 3748 3416 3808 etiam
3451 3765 3586 3806 cum

1932 3841 2057 3920 jam
2094 3848 2250 3903 esset
2281 3840 2834 3920 imbecillis,etjam
2869 3839 2941 3900 ad
2975 3847 3298 3900 extremam
3332 3836 3591 3897 venisset

1941 3938 2449 4004 senectutem,nec
2465 3929 2539 3989 de
2557 3939 2772 3990 castero
2799 3936 2996 4008 posset
3015 3927 3270 4008 amplius
3285 3924 3586 4006 progredi,

1939 4018 2098 4081 liber
2128 4028 2256 4079 erat
2288 4019 2345 4080 in
2375 4017 2744 4092 manibus,et
2768 4015 3417 4080 vincebanturlabores
3439 4034 3470 4076 a
3495 4015 3588 4077 la-

1942 4107 2213 4184 boribus;
2238 4127 2270 4169 a
2303 4106 3327 4189 meditationis,inquam,laboribus
3349 4105 3590 4167 labores

219 4198 547 4260 senectutis
581 4205 640 4259 et
669 4197 1114 4261 imbecillitatis.
1149 4199 1238 4262 Ad
1267 4218 1421 4281 quos
1473 4217 1607 4260 cum
1640 4197 1770 4260 dies
1804 4217 1924 4260 non
1955 4198 2280 4273 sufficeret,
2315 4198 2476 4260 illius
2518 4201 2710 4260 lucem
2744 4197 2988 4259 lucerna
3017 4195 3330 4276 supplebat
3360 4195 3420 4255 in
3447 4211 3594 4255 noc-

220 4284 398 4349 tibus.

292 4375 416 4452 μβ’.
460 4377 616 4435 Ἐπεὶ
675 4376 730 4434 δὲ
787 4379 878 4434 καὶ
922 4377 1194 4454 ἄνθρωπον
1239 4376 1366 4434 ὅντα
1407 4376 1510 4433 ἔδει
1538 4375 1736 4448 δήποτε
1762 4378 1856 4433 καί

2019 4375 2117 4437 42.
2156 4378 2453 4450 Quoniam
2480 4385 2676 4439 autem
2703 4395 2836 4439 cum
2864 4387 3027 4438 esset
3048 4375 3251 4447 homo,
3280 4375 3594 4453 oportebat

213 4478 398 4540 καμεῖν
441 4467 540 4523 καί
604 4468 730 4544 πρὸς
791 4469 913 4530 τοὺς
960 4467 1190 4534 πολλοὺς
1235 4469 1342 4524 τῶν
1404 4468 1581 4524 πόνων
1643 4467 1856 4544 ἀπαγο-

219 4559 411 4634 ρεῦσαι,
443 4559 545 4637 οὐχ
596 4555 726 4636 εἶχε
770 4556 868 4632 μὲν
913 4557 1051 4613 ὥστε
1101 4558 1188 4614 καὶ
1239 4555 1422 4629 ᾄδουσι
1458 4569 1572 4621 τοῖς
1604 4554 1858 4635 ἀδελφοῖς

219 4645 398 4709 νυκτὸς
461 4658 825 4722 συμπαρεῖναι
877 4648 964 4703 καὶ
1036 4647 1134 4702 ὃσα
1177 4645 1260 4702 δεῖ
1307 4659 1588 4724 παραινεῖν
1625 4667 1639 4682 ο
1704 4647 1731 4701 ὁ
1802 4644 1856 4700 δὲ

221 4739 290 4800 τῷ
355 4735 600 4812 ὑπηρέτῃ
671 4733 769 4792 ὅσα
828 4737 916 4792 καὶ
985 4735 1200 4813 γλώττῃ
1260 4737 1564 4815 χρώμενος,
1613 4736 1667 4800 ὃς
1713 4738 1856 4807 αὖτῷ

222 4826 350 4883 κατὰ
403 4829 602 4907 χεῖρᾶς
656 4829 718 4884 τὸ
771 4826 909 4906 ὕδωρ
947 4827 1184 4907 ἒπιχὲων
1215 4827 1304 4900 ἦν,
1355 4825 1429 4884 δι’
1475 4827 1674 4883 ἐκείνου
1719 4824 1856 4894 δῆλα

224 4914 338 4976 τοῖς
383 4913 640 4996 ἀδελφοῖς
700 4917 950 4989 καθίστη,
1002 4920 1081 4979 τίς
1151 4938 1210 4973 τε
1272 4920 1299 4972 ὁ
1358 4922 1454 4984 τῆς
1497 4915 1638 4990 (βῆς
1689 4915 1856 4992 ἄρξων

223 5001 388 5082 ἔσται,
419 5004 518 5061 καί
549 5007 627 5071 τίς
681 5009 708 5063 ὁ
741 5007 840 5074 τὴν
891 5007 1192 5084 ἀνάγνωσιν
1234 5007 1553 5081 καθημένοις
1588 5007 1852 5083 ποιήσων,

225 5091 306 5147 καὶ
346 5095 422 5155 τίς
456 5095 484 5149 ὁ
516 5101 610 5152 τοῦ
651 5105 819 5174 χοροῦ
861 5095 1224 5172 ἡγησόμενος.
1252 5104 1426 5154 Trita
1455 5095 1508 5151 δὲ
1540 5094 1627 5151 δύο
1657 5095 1855 5151 τούτων

225 5180 377 5258 χάριν
406 5181 598 5256 ἐποίει,
630 5185 717 5240 καὶ
747 5188 890 5259 αὐτῷ
922 5185 1020 5260 μὲν
1071 5186 1216 5241 εἶναι
1267 5187 1364 5252 τὴν
1409 5183 1698 5263 ἀγρυπνίαν
1728 5206 1856 5239 συν-

222 5273 324 5348 εχῆ
369 5271 795 5350 μηχανώμενος,
827 5273 1046 5339 ἐκείνοις
1076 5272 1131 5329 δὲ
1172 5276 1264 5331 τὸν
1310 5275 1509 5332 κανόνα
1551 5273 1646 5341 τῆς
1691 5294 1855 5329 πνευ-

223 5358 450 5430 ματικῆς
506 5363 835 5439 λειτουργίας
881 5362 1178 5438 ἀμέμπτως
1240 5363 1627 5424 ἐπιτελεῖσθαι,
1689 5361 1856 5419 Ἀλλά

223 5449 401 5510 νυκτὸς
459 5448 558 5522 μὲν
643 5450 834 5507 οὗτωσὶ
907 5454 983 5526 τῷ
1039 5452 1261 5531 μεγάλῳ
1315 5455 1380 5511 τὰ
1442 5451 1860 5519 ἑκκλησιαστιγὰ

225 5536 660 5617 παραγγέλματα,
707 5540 908 5618 ἡμέρας
959 5539 1012 5596 δὲ
1059 5543 1369 5619 προσιόντες
1436 5541 1576 5614 αὒτῷ
1625 5544 1671 5597 οἱ
1724 5542 1859 5596 κατὰ

221 5623 416 5700 πνεῦμα
446 5627 790 5704 γεννηθέντες
834 5633 931 5688 υἱοὶ
983 5631 1076 5696 τὰς
1129 5630 1418 5710 ἐρωτήσεις
1448 5629 1551 5705 ἰδίᾳ
1592 5628 1858 5709 λογισμοῦ

1943 4485 2082 4528 eum
2108 4485 2241 4528 esse
2265 4467 2466 4528 multis
2491 4467 2793 4530 defessum
2809 4474 2868 4527 et
2891 4467 3237 4528 exhaustum
3263 4463 3590 4540 laboribus,

1945 4575 2063 4617 non
2093 4565 2325 4636 poterat
2347 4558 2591 4638 quidem
2629 4566 2806 4618 noctu
2839 4575 2957 4617 una
2991 4574 3124 4617 esse
3154 4574 3287 4616 cum
3313 4555 3596 4617 fratribus

1942 4646 2394 4718 cauentibus,et
2417 4647 2746 4707 admonere
2773 4664 2901 4724 quae
2927 4644 3239 4726 oportebat
3270 4662 3281 4703 :
3321 4645 3594 4706 ministro

1939 4743 2136 4796 autem
2165 4745 2444 4813 tanquam
2469 4737 2672 4804 lingua
2688 4735 2994 4816 utens,qui
3010 4736 3062 4795 ei
3081 4733 3590 4815 fundebataquam

1943 4823 2346 4902 manibus,per
2367 4844 2503 4888 eum
2529 4824 2900 4904 significabat
2925 4823 3588 4903 fratribus.etquisnam

1937 4924 2101 4976 esset
2129 4915 2429 4976 canticum
2491 4917 2866 4995 incepturus,
2901 4922 2958 4975 et
3006 4915 3282 4990 quisnam
3319 4913 3589 4974 facturus

1939 5002 2256 5065 lectionem
2292 5003 2668 5077 sedentibus,
2706 5011 2766 5064 et
2825 5004 2958 5083 quis
2987 5006 3236 5064 chorum
3273 5002 3587 5066 ducturus.

1938 5093 2076 5154 Hzec
2108 5101 2304 5154 autem
2339 5093 2596 5155 faciebat
2624 5093 2714 5153 his
2758 5091 2992 5154 duabus
3022 5092 3098 5154 de
3129 5092 3350 5167 causis,
3385 5101 3443 5152 et
3472 5091 3588 5153 sibi

1940 5180 2181 5262 quidem
2220 5181 2564 5260 providens,
2601 5188 2663 5241 ut
2694 5181 2929 5242 assidue
2960 5180 3319 5260 vigilaret,et
3349 5179 3489 5254 illis,
3527 5187 3590 5241 ut

1940 5271 2206 5350 regulam
2232 5270 2520 5350 spiritalis
2551 5269 2727 5332 ofﬁcii
2753 5278 3068 5331 servarent
3098 5269 3247 5332 citra
3271 5268 3450 5330 ullam
3482 5286 3550 5330 re

1943 5360 2432 5439 prehensionem.
2467 5359 2582 5422 Sed
2620 5367 2796 5419 noctu
2827 5359 2954 5420 haec
2985 5358 3226 5438 quidem
3253 5357 3342 5419 illi
3372 5375 3586 5437 magno

1944 5458 2115 5510 erant
2145 5457 2441 5530 praecepta
2491 5447 2945 5522 ecclesiastica;
2979 5447 3242 5508 interdiu
3274 5455 3476 5508 autem
3511 5448 3583 5508 ad

1942 5557 2075 5600 eum
2101 5537 2478 5612 accedentes,
2505 5538 2606 5617 qui
2631 5546 2802 5598 erant
2825 5555 2894 5598 ex
2921 5537 3136 5618 spiritu
3161 5543 3212 5597 et
3237 5536 3424 5615 geniti
3451 5536 3582 5610 filii,

1941 5645 2077 5691 eum
2101 5645 2371 5691 seorsum
2396 5625 2845 5708 interrogabant
2869 5633 3112 5710 propter
3133 5625 3579 5706 cogitationem,
