4018 6136
349 300 458 370 511

1635 311 1799 375 ΜΕΝ
1803 309 1915 374 SIS
1962 310 2416 376 JANUARIUS.

3600 302 3741 377 512

348 458 478 522 quae
535 439 622 502 eis
681 438 967 502 afferebat
1029 439 1387 505 molestiam.
1446 443 1665 520 Aperte
1693 450 1889 503 autem
1923 462 1963 503 e;

2075 446 2235 524 χάριν
2280 445 2689 528 διενοχλοῦντος
2718 445 2917 505 Ιιποίου.
2952 443 3182 523 Παρῇνει
3241 440 3423 521 μέντοι
3471 445 3541 504 τὰ
3585 448 3723 526 πρὸς

346 530 652 611 suadebat,
689 550 819 609 quae
868 531 1255 610 pertinebant
1299 532 1369 591 ad
1408 549 1609 592 eorum
1646 532 1986 612 utilitatem,

2074 534 2333 613 ὡφέὶειαν
2378 543 2638 614 φανερῶς,
2671 540 2730 594 οὗ
2773 535 2919 613 λόγῳ
2962 534 3221 596 διδάσκων
3251 537 3426 615 μόνῳ,
3459 534 3601 594 ἀλλά
3625 538 3725 594 καὶ

344 639 462 682 non
494 637 776 682 sermone
800 622 989 681 solum
1023 620 1382 695 docens,sed
1418 622 1592 682 etiam
1630 622 1746 683 vita
1768 639 1836 683 ea
1857 641 1963 703 qua

2072 624 2172 699 βίῳ
2214 625 2278 681 τὰ
2306 624 2572 704 λεγόμενα
2602 623 2851 699 βεϐαιῶν.

344 709 694 774 dicebantur
726 711 1115 772 conﬁrmans.

426 800 659 872 43.Quo
686 800 926 880 quidem
962 809 1231 879 tempore
1256 809 1405 872 erat,
1440 800 1599 880 quod
1628 800 1830 872 ﬁebat.
1866 819 1985 862 nou

345 891 547 971 procul
579 908 611 951 a
645 889 956 950 miraculo.
993 888 1135 950 Nam
1172 890 1257 949 vir
1287 890 1412 960 ille,
1439 891 1542 967 qui
1575 900 1881 952 externam
1911 910 1984 951 ne

340 989 672 1061 gustaverat
694 979 933 1060 quidem
964 979 1466 1057 sapientiam,etin
1487 979 1651 1040 libris
1673 982 1980 1059 gentilium

343 1089 415 1133 ne
452 1071 705 1149 linguam
764 1070 1009 1146 quidem
1043 1078 1418 1142 exercuerat,
1473 1078 1632 1130 tanta
1666 1070 1982 1132 verborum

337 1160 510 1239 copia
540 1158 794 1221 faciebat
822 1159 1285 1240 admonitiones,
1323 1168 1383 1219 ut
1416 1160 1611 1220 nullus
1643 1161 1981 1239 eorum,qui

338 1251 398 1312 in
434 1251 526 1311 his
555 1249 725 1311 libris
755 1259 1287 1319 consenuerant,et
1308 1257 1432 1309 arte
1455 1248 1693 1309 dieendi
1719 1250 1980 1327 linguam

337 1339 477 1400 satis
509 1338 999 1409 acuerant,facile
1033 1347 1278 1417 possent
1309 1356 1443 1399 cum
1483 1358 1552 1398 eo
1587 1340 1976 1400 contendere.

338 1428 600 1493 Docebat
634 1429 832 1507 itaque
862 1446 980 1490 non
1024 1445 1095 1489 ex
1126 1428 1390 1488 humana
1420 1427 1737 1506 sapientia,
1770 1428 1875 1488 sed
1907 1447 1976 1490 ex

337 1519 531 1595 gratia
550 1518 692 1580 boni
724 1517 978 1598 Spiritus
1022 1517 1139 1597 rqui
1190 1518 1261 1577 ad
1315 1534 1450 1577 eum
1484 1517 1661 1577 veluti
1694 1517 1924 1578 dixerat
1958 1536 1972 1579 :

337 1611 474 1668 Ecce
500 1612 627 1668 dedi
651 1612 819 1668 verba
840 1626 957 1667 mea
986 1611 1043 1663 in
1070 1626 1129 1666 os
1161 1614 1310 1666 tuum
1343 1611 1388 1642 '9
1416 1610 1647 1668 9°.sicut
1671 1612 1804 1665 olim
1829 1611 1981 1667 Jere-

341 1694 861 1774 mizesapientil,ex
886 1691 1332 1772 seipsoquidem
1352 1692 1531 1752 multa
1553 1692 1978 1773 dicens,eaque

2149 792 2265 878 μγ’,
2316 802 2481 859 ’Ἐνθα
2525 803 2589 870 δὴ
2644 805 2730 860 καὶ
2769 808 2828 863 οῦ
2871 803 3049 881 πόρῥω
3081 806 3349 879 θαύματος
3379 806 3438 862 τὸ
3464 808 3698 885 πραττό-

2067 911 2222 963 μενον
2293 892 2382 959 ἧν,
2438 893 2603 968 ’Λνηρ
2675 894 2774 970 γὰρ
2832 893 3039 959 ἐκεῖνος
3089 894 3184 961 τῆς
3248 897 3459 969 θύραθεν
3517 900 3695 975 σοφίας

2066 975 2320 1056 ἄγευστος
2378 982 2473 1053 ὢν,
2533 983 2630 1038 καὶ
2683 981 2829 1038 οὐδὲν
2887 983 2987 1051 τὴν
3043 982 3288 1061 γλῶτταν
3325 985 3378 1041 ἂν
3422 998 3545 1047 ταῖς
3599 993 3701 1041 τῶν

2069 1059 2342 1135 Ἐλλήνων
2399 1070 2603 1147 βίϐλοις
2661 1073 2903 1141 ἀσκήσας
2952 1059 3088 1146 μετᾶ
3158 1068 3424 1140 τοσαύτης
3469 1073 3710 1153 εὒρῥοίας

2065 1156 2202 1233 διῄει
2231 1161 2326 1223 τὰς
2359 1161 2716 1237 παραινέσεις,
2751 1163 2823 1225 ὡς
2880 1160 3082 1235 μηδένα
3135 1170 3240 1220 τῶν
3280 1166 3336 1219 ἓν
3365 1176 3490 1227 ταῖς
3520 1165 3715 1221 τοιαύ-

2063 1268 2178 1312 ταις
2223 1253 2709 1327 καταγηρασάντων
2766 1249 2992 1326 βίὸλοις,
3052 1254 3139 1310 καὶ
3169 1254 3363 1315 ἱκανῶς
3398 1254 3495 1320 τὴν
3526 1253 3716 1331 γλῶτ-

2064 1357 2153 1391 ταν
2212 1336 2266 1392 ἐν
2322 1340 2569 1417 ῥητορεία
2611 1339 2905 1415 θηξάντων,
2950 1339 3138 1418 ῥαδίως
3211 1342 3353 1415 αὒτῷ
3410 1341 3710 1417 διαμιλλᾶ-

2062 1428 2181 1481 σθαι
2253 1424 2522 1487 δύνασθαι.
2591 1427 2894 1486 Ἐδίδασκεν
2950 1430 3041 1486 οὖν
3114 1431 3209 1489 οὒκ
3257 1430 3309 1497 ἐξ
3372 1432 3713 1510 ἀνθρωπίνης

2062 1516 2267 1591 σοφίας,
2330 1516 2452 1573 ἀλλ’
2511 1517 2569 1573 ἐκ
2641 1519 2863 1598 χάριτος
2939 1527 3034 1575 τοῦ
3110 1520 3309 1596 ἀγαθοῦ
3368 1522 3711 1601 Πνεύματεος⁹

2061 1606 2219 1660 οἱονεὶ
2248 1607 2335 1661 καὶ
2392 1608 2524 1684 πρὸς
2580 1610 2735 1666 αὔτὸν
2792 1609 3067 1685 εἰρηκότος
3104 1627 3117 1640 '
3154 1609 3287 1666 Ἰδοὺ
3316 1608 3520 1667 δέδωκα
3580 1613 3709 1674 τοὺς

2061 1692 2252 1775 λόγους
2310 1718 2411 1769 μου
2455 1698 2530 1760 εἰς
2593 1699 2652 1753 τὸ
2710 1698 2886 1770 στόμα
2940 1721 3057 1775 σου,
3111 1698 3291 1770 ὥσπερ
3350 1700 3516 1756 πάλαι
3569 1702 3709 1770 πρὸς

336 1772 658 1865 elegantia,
689 1784 869 1845 multa
890 1794 1089 1844 autem
1114 1782 1286 1842 etiam
1318 1801 1384 1841 ex
1410 1780 1584 1841 dictis
1607 1783 1963 1860 apostolicis.

2063 1772 2317 1858 Ἰερεμίαν
2378 1788 2516 1862 φημὶ
2572 1788 2665 1841 τὸν
2722 1788 2908 1863 σοφὸν,
2971 1772 3149 1845 πολλὰ.
3207 1789 3306 1860 μὲν
3363 1787 3456 1867 ἀφ’
3514 1789 3711 1846 ἑαυτοῦ

336 1874 584 1935 Maxime
598 1881 794 1935 autem
812 1874 1023 1933 crebro
1046 1870 1371 1931 recordans
1390 1870 1729 1929 salutariam
1755 1875 1973 1933 consti-

337 1965 630 2025 tutionum
662 1970 721 2023 et
749 1963 1223 2040 sermonum,qui
1257 1961 1558 2019 instruunt
1589 1962 1656 2019 ad
1694 1966 1970 2021 exercita~

339 2053 810 2131 tionem.Magni,
851 2052 1115 2131 inquam,
1142 2049 1550 2127 Basilii,rujus
1584 2049 1764 2110 etiam
1797 2050 1970 2110 vitam

334 2141 604 2219 imitans,
640 2152 697 2203 et
756 2142 883 2220 ejus
941 2138 1229 2201 orationis
1265 2156 1474 2215 magno
1507 2147 1708 2216 raptus
1740 2158 1968 2212 amore,

332 2230 606 2291 studebat
636 2231 896 2292 animam
923 2228 1165 2309 quidem
1200 2227 1361 2287 illius
1393 2228 1680 2295 moribus,
1707 2228 1967 2306 linguam

317 2329 519 2381 autem
538 2320 668 2400 ejus
683 2337 900 2380 ornare
923 2317 1461 2398 cloquentia.Certe
1489 2336 1591 2392 per
1613 2318 1799 2396 ipsam
1826 2336 1970 2395 quo-

319 2427 438 2487 que
473 2408 814 2488 proferebat
846 2425 1079 2488 ea,quae
1102 2415 1238 2467 sunt
1263 2423 1465 2466 rerum
1493 2406 1651 2466 illius
1678 2406 1966 2485 pulcher-

320 2498 1631 2573 rima,meditandoassumensetconservans
1656 2493 1961 2560 memoria.

322 2606 455 2667 qum
487 2596 729 2667 possent
764 2586 1021 2667 prompti
1067 2586 1248 2646 animi
1293 2585 1553 2644 studium
1589 2585 1840 2662 injicere
1870 2584 1965 2643 vel

321 2676 800 2738 socordioribus.
832 2677 1061 2738 Bonum
1100 2687 1292 2734 autem
1324 2673 1501 2733 fuerit
1532 2672 1769 2732 illorum
1800 2674 1964 2752 ipso-

322 2783 457 2824 rum
497 2783 734 2845 quoque
768 2764 1117 2824 meminisse
1147 2760 1494 2835 verborum,
1519 2780 1649 2839 quo:
1674 2760 1966 2821 memoria

322 2861 532 2915 tenere
566 2872 725 2914 curm
761 2861 889 2914 erat
919 2850 1278 2913 Theodosio.

406 2942 982 3022 44.Bogo,Fratres,
1015 2958 1121 3020 per
1142 2940 1491 3002 charitatem
1515 2936 1755 2999 Domini
1776 2939 1962 3000 nostri

318 3033 457 3095 Jesu
491 3032 734 3111 Christi,
766 3032 867 3112 qui
900 3031 1066 3091 dedit
1090 3029 1352 3110 seipsum
1380 3044 1485 3104 pro
1521 3028 1781 3105 peccatis
1817 3047 1960 3089 uos-

2055 1874 2144 1928 καὶ
2190 1874 2446 1952 χαριέντα
2489 1873 2685 1952 λέγων,
2735 1874 2910 1931 πολλὰ
2962 1874 3135 1932 δὲκαὶ
3177 1884 3284 1932 τῶν
3328 1877 3709 1935 ἂποστολικῶν

2054 1962 2286 2037 ῥήσεων,
2333 1960 2579 2020 Μάλιστα
2634 1963 2689 2018 δὲ
2739 1963 2904 2027 πολὺς
2935 1967 3002 2030 ἦν
3033 1972 3139 2021 τῶν
3171 1967 3450 2043 σωτηρίων
3505 1966 3704 2025 διατά-

2055 2050 2185 2116 ξεων
2230 2053 2597 2131 μεμνημένος,
2646 2054 2733 2109 καὶ
2791 2061 2897 2109 τῶν
2956 2057 3265 2121 ἁσκητικῶν
3316 2055 3516 2131 λόγων,
3584 2065 3703 2113 Βα-

2056 2138 2255 2196 σιλείου
2313 2144 2450 2220 φημὶ
2508 2150 2600 2197 τοῦ
2663 2141 2927 2219 Μεγάλου,
2980 2146 3041 2199 οῦ
3093 2146 3179 2200 καὶ
3224 2146 3315 2199 τὸν
3350 2145 3464 2220 βίον
3495 2148 3705 2219 μιμού-

2054 2252 2237 2304 μενος,
2297 2232 2384 2286 καὶ
2440 2239 2546 2286 τῶν
2590 2231 2766 2310 λόγων
2809 2233 3078 2310 ἐρωτικῶς
3123 2233 3294 2312 ἔχων,
3329 2234 3545 2290 ἔσπευδε
3594 2237 3702 2303 τὴν

2051 2318 2148 2394 μὲν
2208 2320 2393 2398 ψυχὴν
2451 2323 2574 2383 τοῖς
2633 2321 2832 2377 ἐκείνου
2886 2322 3127 2397 τρόποις,
3188 2323 3288 2389 τὴν
3346 2322 3400 2379 δὲ
3451 2323 3703 2401 γλῶτταν

2050 2421 2165 2471 τοῖς
2212 2408 2392 2485 λόγοις
2451 2422 2702 2482 κοσμεῖν.
2737 2408 2955 2482 Ἀμέλει
3012 2400 3101 2466 καὶ
3157 2409 3226 2465 δι’
3273 2413 3437 2479 αὒτῆς
3466 2400 3699 2493 Ῠπροῆγε

2049 2498 2115 2553 τὰ
2164 2496 2427 2552 κάλλιστα
2473 2504 2577 2552 τῶν
2619 2499 2840 2572 ἐκείνου,
2890 2498 3089 2575 μελέτῃ
3140 2523 3197 2557 τε
3260 2499 3578 2578 προσὶαϐὼν
3609 2507 3699 2561 καὶ

2050 2589 2237 2661 μνήμῃ
2288 2585 2653 2663 διαφυλάττων
2728 2586 2830 2644 ὅσα
2901 2591 3192 2666 προθυμίας
3250 2591 3464 2667 κέντρον
3523 2590 3701 2667 ἐμϐα-

2047 2674 2164 2730 λεῖν
2206 2675 2429 2741 ἠδυνατο
2473 2678 2560 2731 καὶ
2616 2677 3018 2751 ῥᾳθυμοτέρως.
3083 2678 3257 2735 Καλὸν
3299 2678 3353 2734 δὲ
3400 2681 3490 2735 καὶ
3522 2680 3699 2737 αὒτῶν

2046 2764 2260 2820 ἐκείνων
2317 2763 2769 2839 διαμνημονεῦσαι
2823 2766 2931 2821 τῙὸν
2988 2766 3189 2843 λόγων,
3253 2771 3431 2846 ὧνπερ
3484 2767 3549 2836 δὴ
3607 2772 3699 2827 καὶ

2048 2852 2308 2927 Θεοδοσίῳ
2337 2851 2421 2909 διὰ
2454 2853 2672 2927 μνήμης
2698 2854 2851 2933 ’ἐχειν
2877 2855 3129 2929 ἐπιμελὲς
3162 2858 3253 2922 ἦν.

2126 2940 2235 3016 μδ’.
2285 2940 2555 3022 Ἀδελφοί,
2612 2942 2697 2999 διὰ
2736 2944 2835 3011 τῆς
2894 2944 3113 3023 ἀγάπης
3170 2953 3262 3002 τοῦ
3308 2950 3495 3024 Κυρίου
3539 2950 3699 3023 ἡμῶν

2045 3030 2220 3098 Ἰησοῦ
2266 3034 2516 3107 Χριστοῦ,
2578 3040 2670 3089 τοῦ
2727 3030 2907 3099 δόντος
2967 3034 3155 3091 ἑαυτὸν
3184 3037 3315 3111 ὑπὲρ
3345 3038 3452 3094 τῶν
3506 3038 3696 3117 ἁμαρ-

319 3121 882 3199 tris,aggrediamur
911 3120 1231 3200 aliquando
1255 3136 1457 3178 curam
1484 3136 1695 3193 gerere
1720 3126 1955 3179 nostra-

2051 3121 2167 3176 τιῶν
2211 3119 2390 3194 ἡμῶν,
2435 3121 2696 3195 ἁψώμεθα
2754 3143 2884 3179 ποτε
2943 3124 3036 3192 τῆς
3098 3124 3368 3202 φροντίδος
3433 3133 3542 3183 τῶν
3585 3132 3693 3203 ψυ-

317 3227 449 3271 rum
484 3212 820 3271 animarum
859 3231 872 3273 :
909 3210 1118 3271 dolore
1170 3207 1498 3268 efficiamur
1529 3205 1603 3266 ob
1635 3208 1956 3268 vanitatem

318 3300 450 3361 vitae
473 3308 694 3361 nostrae
713 3301 1027 3379 prmteritaa
1052 3316 1065 3356 :
1101 3297 1483 3357 decertemus
1508 3313 1614 3375 pro
1639 3295 1854 3358 futuris
1884 3296 1957 3357 ad

315 3389 563 3468 gloriam
591 3388 697 3451 Dei
716 3398 773 3449 et
803 3390 931 3451 Filii
957 3388 1169 3450 sui.Ne
1192 3402 1609 3447 remaneamus
1633 3385 1692 3445 in
1721 3385 1830 3448 hac
1853 3404 1957 3448 so-

316 3478 517 3541 cordia
539 3487 598 3540 et
633 3479 880 3553 molitie,
920 3495 1184 3557 praesens
1213 3474 1452 3554 quidem
1496 3492 1738 3553 semper
1768 3476 1955 3537 otium

316 3568 794 3640 admittentes,in
827 3567 1152 3629 crastinum
1181 3573 1380 3626 autem
1414 3563 1576 3625 diem
1602 3574 1659 3624 et
1684 3565 1961 3644 perendi-

318 3676 485 3737 num,
523 3658 885 3737 principium
927 3674 1172 3738 operum
1209 3655 1584 3717 differentes:
1610 3672 1685 3715 ne
1708 3657 1753 3714 si
1790 3673 1957 3715 com-

317 3747 603 3826 prehensi
628 3747 917 3808 fuerimus
944 3746 1017 3807 ab
1042 3764 1135 3825 eo,
1156 3746 1256 3826 qui
1281 3754 1515 3805 nostras
1535 3744 1766 3804 animas
1784 3744 1955 3806 deci-

318 3834 427 3912 pit,
460 3852 835 3915 nequaquam
869 3836 1141 3897 instrUcti
1164 3832 1469 3913 Operibus,
1504 3831 1894 3894 excludamur
1923 3851 1957 3893 a

320 3923 588 3985 thalamo
610 3926 826 4003 gaudii:
858 3926 1076 3987 frustra
1096 3936 1292 3985 autem
1314 3933 1370 3983 et
1392 3924 1693 3983 incassum
1729 3924 1955 3984 deﬂea-

318 4012 788 4092 mus,despectui
816 4015 967 4077 male
985 4014 1251 4077 habitum
1269 4012 1951 4090 vitastempuslugentes,

317 4110 457 4164 tunc
482 4104 722 4184 quando
756 4105 900 4166 nihil
926 4104 1157 4184 juvabit
1181 4122 1309 4182 eos,
1337 4102 1437 4183 qui
1456 4109 1633 4178 agent
1655 4101 1955 4181 paaniten-

316 4191 482 4253 tiam.
517 4194 689 4255 Nunc
720 4200 808 4255 est
841 4202 1077 4274 tempus
1106 4192 1492 4271 acceptabile,
1523 4208 1679 4251 nunc
1712 4198 1802 4250 est
1828 4189 1958 4251 dies

314 4282 678 4346 salutis.Hoc
702 4294 794 4345 est
813 4294 1046 4364 tempus
1075 4281 1469 4364 pcenitentite,
1500 4279 1644 4340 illud
1667 4297 1954 4340 remune-

311 4372 716 4435 rationis.Hoc
737 4384 822 4435 est
847 4382 1081 4453 tempus
1098 4370 1566 4452 operandi,illud
1587 4387 1723 4430 vero
1746 4368 1957 4431 dandae

314 4461 635 4525 mercedis.
670 4462 794 4523 Hoc
823 4472 912 4523 est
939 4461 1291 4533 tolerantiae,
1332 4460 1481 4521 illud
1506 4458 1950 4522 consolationis.

2051 4456 2468 4524 αισθαποδόσεως
2504 4475 2518 4490 ⁸

314 4547 483 4611 Nunc
515 4549 671 4612 Deus
695 4561 783 4612 est
804 4554 1041 4631 adjutor
1074 4570 1303 4621 eorum,
1336 4550 1437 4631 qui
1468 4557 1895 4609 convertuntur
1923 4567 1957 4609 a

316 4638 469 4699 mala
503 4640 633 4715 via;
689 4651 826 4703 tunc
878 4641 990 4702 erit
1051 4639 1360 4715 terribilis,
1386 4648 1443 4700 et
1474 4639 1574 4719 qui
1608 4638 1806 4717 decipi
1835 4656 1954 4699 non

314 4729 556 4811 poterit,
591 4734 957 4795 examinator
976 4734 1274 4794 actionum
1302 4740 1357 4792 et
1386 4732 1724 4796 verborum.
1760 4737 1817 4789 et
1844 4747 1953 4789 co-

311 4820 686 4898 gitationum.
722 4826 893 4885 Nunc
923 4823 1175 4884 fruimur
1207 4821 1522 4902 patientia;
1556 4829 1693 4879 tunc
1718 4819 1951 4898 justum

313 4928 743 4988 cognoscemus
787 4912 1109 4991 judicium,
1143 4910 1379 4992 quando
1415 4908 1950 4983 resurrexerimus,

314 5000 410 5059 alii
445 5000 683 5081 quidem
720 5004 790 5062 ad
823 5015 1114 5063 aeternum
1141 4998 1633 5081 supplicium,alii
1658 5006 1856 5057 autem
1879 4998 1951 5057 ad

312 5089 491 5149 vitam
515 5101 892 5163 mternam,et
912 5091 1165 5171 recipiet
1185 5089 1601 5169 unusquisque
1624 5104 1956 5163 congruen-

315 5186 405 5237 ter
427 5198 551 5240 sua:
572 5180 998 5260 operationiln
1021 5181 1177 5260 quod
1204 5189 1437 5259 tempus
1456 5178 1688 5239 Christo
1708 5175 1957 5237 obedire

313 5266 663 5342 differimus,
699 5269 799 5350 qui
839 5270 1060 5332 vocavit
1091 5288 1199 5331 nos
1227 5270 1301 5332 ad
1334 5287 1583 5347 regnum
1619 5285 1790 5326 suum
1827 5283 1953 5327 cce-

315 5354 495 5417 leste?
516 5356 643 5419 Non
667 5359 1182 5438 expergiscemur‘?
1205 5359 1332 5421 Non
1356 5378 1464 5420 nos
1487 5356 1900 5419 revocabimus
1922 5372 1955 5415 α

315 5441 431 5503 vita
461 5455 770 5520 consueta,
805 5450 875 5509 ad
930 5450 1357 5529 perfectionem
1411 5442 1755 5525 Evangelii?
1790 5445 1950 5516 Quo-

397 5616 449 5661 19
498 5620 553 5668 ³ο
576 5620 800 5689 Jerem.
831 5640 876 5705 Ι,
908 5625 969 5686 9.

2041 3216 2158 3289 χῶν
2187 3212 2342 3285 ἡμῶν
2378 3230 2391 3245 ⁸
2439 3211 2760 3286 λυπηθῶμεν
2799 3211 2882 3268 ἐπὶ
2927 3220 2994 3289 τῇ
3053 3216 3377 3289 ματαιότητι
3422 3223 3514 3273 τοῦ
3544 3239 3688 3295 προ-

2041 3298 2295 3364 λαϐόντος
2350 3301 2465 3376 βίου
2499 3319 2515 3335 '
2581 3300 2967 3377 ἀγωνισώμεθα
3010 3304 3140 3380 ὑπὲρ
3198 3308 3304 3361 τῶν
3377 3305 3694 3381 μελλόντων

2041 3392 2113 3453 εἰς
2158 3388 2309 3454 δόξαν
2367 3398 2499 3449 Θεοῦ
2543 3392 2628 3445 καὶ
2681 3399 2772 3448 τοῦ
2819 3393 2942 3450 Υίοῦ
3000 3392 3185 3453 αὐτοῦ.
3247 3394 3334 3462 Μὴ
3364 3401 3433 3471 τῇ
3460 3396 3694 3472 ῥᾳθυμίᾳ

2042 3482 2128 3535 καὶ
2171 3482 2237 3554 τῇ
2298 3478 2509 3535 ἐκλύσει
2560 3481 2727 3556 ταύτῃ
2760 3481 3221 3558 ἐναπομείνωμεν,
3255 3484 3317 3540 τὸ
3365 3486 3464 3559 μὲν
3518 3485 3694 3564 παρὸν

2040 3568 2121 3623 ἀεὶ
2163 3567 2247 3623 διὰ
2300 3569 2550 3645 ῥᾳθυμίας
2607 3569 2937 3646 προιέμενοι,
2987 3575 3119 3650 πρὸς
3169 3570 3225 3628 δὲ
3253 3574 3314 3629 τὸ
3357 3574 3538 3653 αὔριον
3598 3577 3693 3633 καὶ

2040 3659 2101 3714 τό
2159 3656 2279 3724 ἑξῆς
2322 3660 2417 3724 τὴν
2479 3658 2654 3738 ἆρχῆν
2710 3666 2817 3715 τῶν
2875 3662 3041 3738 ἔργων
3099 3661 3523 3737 ὑπερτιθέμενοι,
3587 3664 3685 3721 ’ίνα

2042 3747 2119 3822 μὴ
2163 3746 2586 3825 καταληφθέντες
2656 3749 2759 3803 ὑπὸ
2831 3758 2924 3807 τοῦ
2978 3749 3292 3813 ἀπατῶντος
3343 3752 3440 3815 τὰς
3500 3754 3691 3832 ψυχὰς

2037 3837 2213 3909 ἡμῶν,
2270 3834 2628 3911 ἀπαράσκευοι
2682 3837 2787 3891 τῶν
2835 3836 3024 3915 ἔργων.
3075 3838 3172 3905 τῆς
3216 3840 3311 3914 μὲν
3361 3847 3535 3919 χαρᾶς
3595 3849 3692 3898 τοῦ

2039 3925 2318 3999 νυμορῶνος
2376 3924 2814 3998 ἆποκλεισθῶμεν
2850 3941 2861 3954 '
2926 3926 3062 4003 ἀργὰ
3092 3925 3147 3982 δὲ
3181 3929 3272 3984 καὶ
3299 3927 3535 3995 ἀνόνητα
3580 3952 3691 4004 με-

2041 4013 2401 4092 τακλαίωμεν,
2435 4014 2528 4069 τὸν
2574 4019 2751 4077 κακῶς
2784 4015 3145 4090 παροραθέντα
3192 4025 3284 4075 τοῦ
3334 4018 3447 4093 βίου
3490 4020 3688 4098 χρόνον

2040 4101 2367 4179 ὀδυρόμενοι,
2400 4104 2521 4158 τότε
2565 4102 2653 4158 ὅτε
2697 4101 2844 4159 οὐδὲν
2903 4103 3064 4159 πλέον
3097 4104 3243 4161 ἔσται
3278 4118 3393 4168 τοῖς
3429 4128 3683 4184 μεταμε-

2041 4190 2339 4265 λουμένοις.
2376 4201 2476 4249 Νῦν
2524 4194 2705 4269 καιρὸς
2758 4191 3165 4270 εὐπρόσδεκτος,
3219 4200 3306 4251 νῦν
3339 4196 3515 4274 ἡμέρα
3570 4219 3686 4255 σω-

2041 4282 2247 4357 τηρίας.
2294 4281 2457 4344 Οὗτος
2514 4283 2541 4336 6
2600 4282 2730 4337 αἰὼν
2786 4287 2884 4347 τῆς
2942 4284 3251 4357 μετανοίας,
3284 4284 3493 4348 ἐκεῖνος
3527 4288 3554 4342 6
3587 4287 3683 4355 τῆς

2039 4367 2447 4432 ἀνταποδόσεως
2482 4385 2496 4401 ⁸
2554 4370 2702 4434 οὗτος
2789 4375 2888 4437 τῆς
2960 4370 3227 4447 ἐργασίας,
3317 4372 3524 4437 ἐκεῖνος
3581 4380 3681 4442 τῆς

2582 4462 2732 4523 οὗτος
2790 4459 2886 4527 τῆς
2961 4462 3262 4535 ὑπομονῆς,
3318 4464 3526 4528 ἐκεῖνος
3583 4465 3684 4532 τῆς

2040 4548 2452 4627 παρακλήσεως.
2500 4558 2602 4607 Νῦν
2674 4550 2871 4625 βοηθὸς
2930 4556 3036 4605 τῶν
3094 4552 3520 4631 ἐπιστρεφόντων
3576 4553 3684 4611 ἀπὸ

2038 4645 2136 4704 τῆς
2181 4635 2302 4694 ὁδοῦ
2359 4638 2529 4705 κακῆς
2565 4641 2593 4694 6
2638 4643 2795 4711 Θεὸς,
2856 4641 2977 4695 τότε
3010 4636 3234 4718 φοϐερὸς
3267 4643 3355 4698 καὶ
3398 4642 3682 4722 ἀπάραλό-

2038 4748 2220 4803 γιστος
2280 4732 2386 4783 τῶν
2449 4727 2789 4804 ἀνθρωπίνων
2848 4726 3088 4805 πράξεών
3142 4750 3201 4784 τε
3254 4728 3351 4785 καῖ
3423 4733 3682 4807 ῥημάτων

2039 4817 2124 4873 καὶ
2194 4815 2528 4890 ἐνθυμήσεων
2603 4816 2909 4886 ἐξεταστής.
3004 4824 3104 4875 Νῦν
3168 4818 3261 4886 τῆς
3320 4822 3683 4898 μακροθυμίας

2035 4904 2400 4979 ἀπολαύομεν,
2448 4904 2570 4962 τότε
2614 4908 2710 4973 τὴν
2754 4904 3096 4973 δικαιοσύνην
3161 4911 3501 4990 γνωσόμεθα,
3556 4910 3682 4969 ὅταν

2036 4995 2373 5068 ἀναστῶμεν,
2429 4996 2477 5050 οἱ
2534 4996 2631 5070 μὲν
2689 4997 2764 5058 εἰς
2825 4994 3045 5052 κόλασιν
3102 4999 3337 5070 αἰώνιον,
3399 5002 3450 5055 oi
3505 4998 3561 5055 δὲ
3610 5002 3683 5065 εἷς

2035 5085 2178 5154 ζωὴν
2235 5084 2473 5155 αἰώνιον,
2509 5086 2603 5141 καί
2655 5082 2904 5151 ἀπολάϐη
2942 5085 3168 5150 ἕκαστος
3200 5089 3337 5144 κατὰ
3365 5089 3465 5155 τὴν
3497 5087 3683 5167 πρᾶξιν

2037 5176 2215 5235 αὗτοῦ.
2278 5175 2362 5236 Εἷς
2419 5176 2533 5231 τίνα
2602 5175 2785 5249 καιρὸν
2841 5174 3222 5252 ῦπερτιθέμεθα
3279 5176 3379 5245 τὴν
3437 5178 3682 5245 ὑπακοὴν

2034 5270 2125 5320 τοῦ
2184 5270 2410 5339 Χριστοῦ
2466 5271 2557 5321 τοῦ
2614 5262 2936 5329 καλέσαντος
2994 5264 3139 5338 ἡμᾶς
3185 5267 3258 5331 εἷς
3316 5266 3416 5333 τὴν
3445 5266 3679 5346 ἐπουρά-

2035 5375 2142 5409 νιον
2188 5355 2345 5409 αὐτοῦ
2401 5354 2724 5432 βασιλείαν;
2769 5355 2863 5410 οὐκ
2921 5353 3276 5434 inﬁmum;
3337 5355 3433 5412 οὔκ
3465 5356 3677 5413 ἀνακα-

2709 5402 2724 5432 Ὶ

2033 5442 2294 5517 λεσόμεθα
2326 5443 2542 5509 ἑαυτοὺς
2584 5443 2689 5500 ἀπὸ
2731 5450 2824 5500 τοῦ
2867 5444 3004 5500 κατὰ
3061 5445 3336 5514 συνήθειαν
3365 5445 3480 5522 βίου
3542 5447 3677 5523 πρὸς
