4018 6136
268 284 394 357 513

1268 283 1454 356 VITA
1497 292 1555 354 S.
1604 286 2008 353 THEODOSII
2043 278 2652 352 CCENOBIARCHE.

3520 274 3637 350 514

267 428 374 493 τὴν
418 423 687 503 ἀκριϐείαν
754 432 850 483 τοῦ
912 424 1282 507 Εὐαγγελίους
1350 432 1468 490 Πῶς
1525 425 1581 481 ἐν
1622 423 1918 505 ὀφθαλμοῖς

2008 422 2180 486 modo
2195 423 2385 485 oculis
2405 419 2927 501 apprehendemus
2946 416 3111 495 illum
3131 417 3460 489 terribilem
3484 421 3641 483 etin-

268 513 565 591 ληψόμεθα
604 514 703 582 τῆν
749 514 960 593 ἡμέραν
1017 514 1225 583 ἐκείνην
1299 518 1484 590 Κυρίου
1539 515 1636 581 τὴν
1695 512 1920 592 φοϐερὰν

265 606 361 662 καὶ
404 605 665 683 ἐπιφανῆ,
700 607 758 660 ὲν
788 606 824 679 ᾗ
855 605 974 667 τοὺς
1022 604 1120 677 μὲν
1161 607 1216 660 ὲν
1262 603 1405 676 δεξιᾷ
1458 612 1554 661 τοῦ
1608 605 1794 680 Κυρίου
1837 600 1921 659 διὰ

260 699 379 750 τῶν
438 694 679 769 πράξεων
739 699 845 749 τῶν
908 694 1122 771 ἀγαθῶν
1178 695 1620 772 προσεγγίζοντας
1680 692 1923 768 βασιλεία

266 786 511 861 οὖρανιῖη
542 780 871 858 ὑποδέξεται,
904 784 1025 845 τοὺς
1056 782 1111 838 δὲ
1159 784 1290 861 πρὸς
1347 783 1447 849 τὴν
1502 782 1779 860 ἀριστερὰν
1842 779 1922 836 διὰ

264 873 370 940 τὴν
429 872 657 948 ἐρηυίαν
702 879 808 927 τῶν
848 872 1060 949 ἀγαθῶν
1109 870 1276 951 ἔργων
1328 870 1709 950 ἆποῤῥιφέντας
1767 869 1923 947 γέεν-

271 982 340 1016 να
384 962 549 1029 πυρὸς
606 961 694 1015 καὶ
749 961 940 1022 σιιότος
1002 959 1215 1017 αἰώνιον
1270 959 1602 1036 κατακρύψει
1645 962 1734 1015 καὶ
1793 959 1924 1036 βρυ-

279 1050 422 1126 γμὸς
462 1046 691 1105 ὀδόντων
727 1066 744 1123 ;
795 1039 986 1124 Ἡμεῖς
1033 1048 1090 1106 δὲ
1132 1049 1402 1128 βασιλείας
1448 1053 1681 1128 οὐρανῶν
1736 1050 1922 1106 ἐπιθυ-

281 1151 414 1215 μεῖν
443 1138 691 1217 λέγομεν,
744 1136 798 1204 ἐξ
856 1142 930 1194 ὧν
975 1139 1028 1195 δὲ
1073 1137 1292 1196 δυνατὸν
1337 1139 1621 1218 ἐπιτυχεῖν
1653 1140 1817 1206 αὐτῆς
1861 1139 1920 1194 οὒ

281 1227 613 1307 φοντίζομεν,
659 1226 799 1283 ἀλλὰ
841 1225 1045 1301 μηδένα
1117 1229 1279 1285 πόνον
1349 1229 1479 1303 ὅπερ
1523 1227 1746 1295 ἐντολῆς
1811 1239 1920 1287 Κυι

274 1315 392 1395 ρίου
436 1315 883 1395 καταδεχόμενοι,
916 1323 1022 1373 τῶν
1054 1314 1190 1374 ἴσων
1222 1339 1280 1375 τε
1308 1323 1483 1394 τιμῶν
1512 1316 1776 1383 τεύξεσθαι
1802 1331 1919 1382 τοῖς

272 1405 444 1484 μέχρι
486 1407 711 1463 θανάτου
754 1408 887 1485 πρὸς
929 1408 1029 1474 τὴν
1073 1409 1330 1486 ἁμαρτίαν
1364 1409 1829 1488 ἀντικαταστᾶσιν,
1864 1408 1920 1464 ὲν

271 1495 347 1571 τῇ
378 1494 701 1568 ματαιότητι
730 1504 823 1554 τοῦ
855 1496 972 1555 νοὸς
1009 1495 1383 1570 ὑποτιθέμεθα.

360 1571 471 1657 με’.
540 1586 673 1639 Εἶτα
732 1583 898 1663 μέχρι
958 1585 1146 1641 τούτου
1218 1583 1533 1663 διαπεράνας
1590 1586 1680 1642 τὸν
1735 1585 1918 1664 λόγον,

267 1669 418 1727 ἔστιν
450 1670 541 1728 ὅτε
572 1671 755 1728 καὶτὰ
802 1670 929 1750 παρ’
976 1673 1166 1730 ἑαυτου
1223 1676 1489 1751 προστίθει
1548 1673 1647 1731 ὅσα
1689 1696 1746 1731 τε
1790 1678 1920 1750 πρὸς

263 1760 519 1827 ὁπαγοὴν
597 1761 811 1839 ἐγείρει,
872 1763 961 1818 καὶ
1017 1760 1117 1818 ὅσα
1192 1765 1324 1842 πρὸς
1384 1765 1659 1840 ὑπομονὴν
1718 1764 1920 1844 ἀλείφει

264 1851 366 1906 καὶ
438 1849 617 1907 συνδεῖ
671 1851 800 1926 πρὸς
870 1851 1147 1925 ὁμόνοιαν,
1233 1853 1506 1930 Προστίθει
1565 1851 1619 1908 δὲ
1676 1855 1741 1909 τὰ
1798 1854 1920 1933 παρ’

265 1940 471 1995 ἑαυτοῦ
528 1941 632 2019 οὔχ
657 1941 731 2002 ὡς
758 1939 819 1997 ἄν
847 1961 927 2003 τις
957 1940 1433 2021 φιλοτιμούμενος,
1481 1941 1599 1998 ἀλλ’
1630 1945 1702 2008 ὡς
1734 1944 1796 2000 ἃν
1825 1944 1919 2000 καί

265 2030 437 2093 αὐτὸς
462 2031 671 2093 ἓκεϊνος
699 2028 764 2084 τὰ
813 2029 910 2087 ἴσα
969 2044 1182 2109 φρονεῖν
1230 2030 1650 2107 ἐνδεικνύμενος,
1696 2035 1782 2089 καὶ
1810 2033 1923 2107 ἅμα

266 2119 345 2173 τὰ
387 2131 507 2182 τοῖς
550 2118 715 2175 πάλαι
747 2118 845 2192 μὲν
894 2118 994 2186 ἤδη
1038 2120 1284 2196 ῥηθέντα,
1335 2125 1613 2196 συντομίας
1674 2120 1728 2177 δὲ
1761 2123 1922 2201 χάριν

266 2210 369 2264 καὶ
426 2207 679 2285 μεγέθους
732 2206 967 2272 διανοίας
1025 2211 1145 2270 τοὺς
1231 2208 1462 2273 πολλοὺς
1520 2209 1918 2290 ὑπερϐαίνοντα,

270 2298 436 2362 αὐτὸς
464 2309 589 2360 ταῖς
626 2298 750 2367 παρ’
814 2299 998 2354 ἑαυτοῦ
1041 2300 1370 2376 προσθήκαις
1428 2301 1731 2378 σαφέστατα
1786 2304 1922 2357 καθ-

270 2388 441 2442 ιστῶν
485 2383 623 2452 δῆλά
664 2407 722 2441 τε
785 2388 873 2443 καὶ
927 2389 1139 2444 ὲνώπτα
1182 2394 1313 2445 πᾶσι
1372 2390 1712 2462 ποιούμενος.
1773 2388 1921 2446 Ἀλλ’

274 2474 447 2541 οὕτως
507 2475 605 2548 μὲν
664 2475 691 2530 ὃ
748 2477 885 2553 ἱερὸς
942 2475 1220 2542 Θεοδόσιος
1276 2482 1353 2551 τῷ
1393 2477 1752 2550 διδασκιλικῷ
1807 2477 1919 2533 διέ-

276 2585 448 2641 πρεπε
508 2563 654 2642 λόγῳ
688 2580 703 2595 ⁶
747 2573 823 2637 τῷ
866 2565 921 2620 δὲ.
979 2563 1288 2642 δογματικῴ
1340 2573 1453 2627 πῶς
1500 2568 1597 2641 ἄρα
1646 2568 1797 2646 εἶχε,
1832 2569 1920 2622 καὶ

278 2653 443 2714 ποῖος
499 2655 589 2710 τὸν
649 2655 767 2731 περὶ
821 2662 985 2711 ταῦτα
1015 2654 1176 2731 λόγον
1207 2654 1243 2722 ἢ
1273 2655 1434 2726 ζῆλον
1487 2656 1644 2734 ἐτύγγ
1660 2678 1779 2712 ανεν
1803 2656 1915 2734 div;

276 2742 314 2810 ἢ
356 2743 547 2799 τούτου
604 2744 704 2817 μὲν
748 2745 905 2823 χάριν
968 2743 1084 2800 οὐδὲ
1134 2745 1484 2801 πυνθάνεσθαι
1518 2745 1645 2825 δεϊ;
1708 2746 1800 2801 ἅτε
1855 2745 1919 2812 δὴ

274 2838 384 2888 τῶν
439 2832 773 2909 πραγμάτων
829 2839 1011 2912 φωνῆς
1087 2832 1266 2900 πάσης
1327 2835 1640 2912 τρανότερον
1702 2838 1922 2912 φθεγγο-

277 2920 480 2999 μένων,
511 2923 600 2976 καὶ
629 2923 720 2978 τὸν
752 2922 882 2999 ὑπὲρ
942 2924 1038 2990 τῆς
1095 2921 1360 2988 εὐσεϐείας
1411 2917 1572 2993 ζῆλον
1604 2926 1760 2980 αὖτοῦ
1787 2946 1920 3002 τρα-

279 3012 494 3090 νότερον
523 3011 895 3088 κηρυττόντων
930 3033 946 3081 ;
984 3010 1203 3070 Ἐκεῖνα
1231 3011 1286 3067 δὲ
1316 3011 1399 3068 δεῖ
1445 3012 1648 3086 μᾶλλον
1675 3013 1921 3083 ἐκζητεϊν

276 3097 536 3175 ἀκριϐῶς,
580 3102 659 3164 τίς
686 3100 785 3178 ἄρα
828 3100 1048 3175 γλῶσσα
1093 3099 1351 3173 εύμουσος
1403 3104 1498 3158 καί
1550 3104 1721 3159 εἰπεῖν
1780 3102 1920 3178 ἁγα-

280 3188 372 3262 θὴ,
402 3190 479 3252 ὡς
511 3190 576 3246 τὰ
628 3195 727 3255 τῆς
772 3190 971 3248 ἐκείνου
1008 3190 1257 3267 γλώσσης
1315 3194 1541 3268 τρόπαια
1570 3192 1748 3254 καλῶς
1780 3192 1918 3258 ἐξει-
1938 3181 1980 3231 (λ

282 3289 435 3341 πεῖν,
493 3279 655 3342 Οὗτος
712 3280 812 3355 γὰρ
841 3280 909 3335 τὰ
939 3280 1038 3352 μὲι
1066 3278 1205 3335 ἄλλα
1238 3281 1410 3337 πάντα
1455 3281 1776 3357 πραότατος,
1833 3284 1920 3338 καὶ

289 3369 528 3423 νικᾶσθαι
578 3367 783 3443 μᾶλλον
836 3366 1038 3440 καλῶς,
1095 3368 1128 3435 i‘,
1161 3374 1307 3441 νικᾷν
1336 3369 1431 3425 οὒκ
1460 3370 1749 3433 ἐπαινετῶς
1783 3393 1918 3443 προ-

292 3454 601 3529 θυμότατος.
661 3457 839 3515 Ὅπου
893 3455 946 3512 δὲ
1000 3457 1063 3524 ἧν
1112 3459 1241 3533 πρὸς
1286 3456 1553 3516 εὐσέϐειαν
1604 3462 1632 3515 ὁ
1662 3459 1917 3539 κίνδυνος,

290 3542 361 3612 ἧν
399 3544 814 3624 ἰσχυρογνώμων
892 3546 1009 3602 ἐκεῖ
1092 3545 1393 3622 Θεοδόσιος,
1458 3550 1543 3606 καὶ
1600 3548 1765 3604 εἴκων
1822 3552 1921 3616 τὴν

282 3629 523 3691 ἔνστασιν
565 3633 761 3710 οὐδενὶ,
807 3634 1109 3715 φιλόνεικός
1164 3656 1245 3700 τις
1294 3638 1449 3717 ψυχὴ
1501 3639 1587 3693 καὶ
1616 3636 1917 3711 ἆνένδοτος,

279 3723 383 3801 πῦρ
424 3721 662 3804 φλέγων,
694 3725 733 3792 ἢ
765 3723 922 3790 πέλυξ
980 3725 1217 3804 κόπτων,
1262 3725 1296 3793 ἢ
1353 3727 1583 3804 ῥομφαία
1641 3735 1918 3806 μαχητοῦ,

275 3810 344 3868 τὰ
394 3812 489 3880 τῆς
530 3816 674 3879 θείας
734 3815 900 3892 φάναι
958 3820 1193 3895 Γραφῆς,
1252 3813 1613 3890 δεικνύμενος.
1647 3817 1921 3893 Τεκμήρια

273 3898 329 3957 δὲ
377 3909 467 3960 τοῦ
509 3902 672 3982 λόγοο
703 3902 880 3960 πολλὰ
910 3902 1008 3979 μὲν
1036 3906 1126 3961 καὶ
1156 3903 1313 3979 ἄλλα,
1349 3904 1467 3979 ἐμοὶ
1520 3903 1572 3960 δὲ
1622 3906 1709 3960 καὶ
1740 3904 1794 3961 ἓν
1847 3908 1919 3970 εἷς

274 3992 503 4068 μνήμην
533 3993 772 4050 ἆόκέσει.

2002 513 2231 591 signem
2256 514 2415 573 diem
2442 508 2771 584 Domini,in
2807 527 2924 589 quo
2957 525 3062 568 eos
3092 506 3469 588 quidem,qui
3494 508 3640 570 dex-

2006 610 2147 663 terae
2193 600 2454 674 Domini,
2491 618 2599 679 per
2627 597 2814 660 bonas
2843 596 3322 677 appropinquant
3351 596 3638 674 actiones,

2006 691 2261 771 excipiet
2290 707 2537 765 regnum
2574 687 2853 763 Domini;
2884 704 2986 748 eos
3016 704 3181 759 vero,
3217 686 3318 765 qui
3351 685 3422 747 ad
3455 686 3643 749 sinis-

2010 788 2157 840 tram
2184 789 2320 840 sunt
2358 775 2597 856 abjecti,
2634 782 2947 856 propterea
2974 774 3130 854 quod
3151 792 3182 835 a
3220 774 3393 835 bonis
3421 773 3646 837 deserti

2007 868 2126 929 sint
2151 865 2791 949 operibus,abscondet
2819 864 3094 943 gehenna
3117 862 3359 942 ignis,et
3381 864 3646 927 tenebrae

2006 966 2268 1032 aeternae,
2304 964 2363 1018 et
2394 955 2614 1017 stridor
2644 954 2960 1016 dentium?
3002 951 3122 1013 Nos
3154 962 3350 1015 autem
3386 954 3645 1017 dicimus

2006 1046 2247 1127 quidem
2283 1065 2392 1107 nos
2418 1063 2639 1125 cupere
2670 1061 2917 1120 regnum
2980 1042 3265 1104 scelerum
3296 1062 3313 1117 ;
3345 1060 3411 1106 ea
3445 1053 3641 1105 autem

2004 1155 2120 1197 non
2139 1133 2669 1215 curamus,quibus
2692 1133 2751 1193 id
2773 1131 3073 1208 possimus
3094 1135 3364 1212 assequi:
3399 1132 3505 1194 sed
3538 1151 3644 1214 pro

2005 1235 2299 1304 praecepto
2321 1222 2557 1286 Domini
2580 1222 2805 1283 nullum
2830 1221 3097 1282 laborem
3130 1221 3552 1301 suscipientes,
3582 1223 3643 1286 in

2001 1316 2253 1376 vanitate
2318 1314 2534 1375 mentis
2584 1311 2996 1372 existimamus
3043 1328 3151 1372 nos
3209 1328 3343 1371 esse
3384 1313 3645 1391 aequales

2003 1404 2265 1466 honores
2294 1410 2723 1464 consecuturos
2753 1399 2828 1459 iis
2881 1397 2982 1477 qui
3041 1416 3229 1478 usque
3278 1399 3349 1460 ad
3388 1408 3637 1463 mortem

2002 1493 2291 1555 resistunt
2325 1502 2535 1554 contra
2562 1497 2896 1571 peccatum.

2081 1580 2567 1645 45.Deimlecum
2589 1580 2898 1662 hucusque
2925 1575 3273 1658 perfecisset
3289 1578 3644 1662 orationem,

2004 1688 2434 1750 nonnunquam
2459 1687 2528 1730 ea
2558 1656 2905 1744 etiam,quaa
2928 1656 3041 1728 sua
3072 1666 3553 1748 erant,addebat,
3586 1656 3647 1733 et

1946 1811 1983 1864 Β
2005 1779 2137 1864 qum
2158 1760 2493 1861 escitabant
2512 1755 3103 1864 adobedient'iam,et
3137 1753 3423 1864 parabant
3549 1767 3645 1864 to-

2009 1849 2344 1923 lerantiam,
2384 1859 2443 1911 et
2499 1847 2785 1909 uniebant
2831 1845 2903 1907 ad
2938 1846 3341 1907 concordiam.
3374 1845 3649 1910 Addebat

2008 1947 2204 2001 autem
2229 1958 2355 2013 sua,
2394 1956 2510 1999 non
2534 1944 2599 1998 ut
2619 1935 2915 2016 quispiam
2939 1953 3004 1997 se
3022 1934 3255 2014 jactans
3278 1945 3334 1997 et
3356 1936 3645 2017 glorians,

2005 2029 2110 2090 sed
2134 2031 2231 2108 qui
2255 2030 2517 2107 seipsum
2545 2026 2892 2087 ostenderet
2912 2024 3118 2086 eadem
3144 2025 3643 2088 sentirezetsimul

2007 2137 2075 2178 ea
2089 2117 2624 2196 quidem,quaajam
2656 2115 2816 2176 dicta
2837 2123 2971 2174 sunt
2994 2131 3028 2174 a
3048 2111 3370 2189 veteribus,
3406 2123 3649 2196 propter

2007 2207 2353 2267 brevitatem
2374 2224 2512 2266 vero
2540 2204 2626 2265 vel
2653 2203 2965 2265 sententiae
2992 2201 3648 2284 magnitudinem,vulgi

2005 2302 2239 2373 captum
2275 2294 2597 2368 excedunt,
2633 2294 2758 2372 ipse
2782 2291 2906 2353 suis
2930 2291 3353 2352 additamentis
3382 2292 3649 2354 reddens

2004 2382 2770 2463 apertiora,manifestaque
2792 2389 2850 2442 et
2876 2380 3035 2441 clara
3057 2378 3318 2440 reddens
3342 2381 3641 2445 omnibus.

2004 2473 2206 2548 Atque
2237 2474 2324 2533 sic
2354 2471 2591 2547 quidem
2643 2468 2917 2530 utebatur
2948 2486 3118 2529 sacer
3149 2467 3519 2530 Theodosius
3551 2489 3640 2545 ea,

2002 2580 2135 2641 quae
2165 2561 2237 2621 ad
2288 2561 2626 2621 docendum
2685 2556 3164 2637 comparabatur,
3217 2559 3526 2641 oratione;
3575 2578 3644 2622 ea

2004 2668 2289 2730 vero,qua
2315 2650 2631 2710 traduntur
2647 2645 3253 2726 dogmata,quomodo
3273 2664 3339 2707 se
3360 2647 3643 2712 habebat?

2005 2741 2076 2801 Et
2095 2740 2227 2819 quis
2253 2748 2379 2800 erat
2405 2738 2537 2817 ejus
2556 2737 2616 2797 in
2644 2738 2714 2797 iis
2736 2753 2933 2797 sermo
2957 2732 3215 2796 etzelns?
3236 2735 3408 2797 Anne
3433 2736 3506 2799 de
3529 2740 3642 2800 hoc

2004 2828 2244 2908 quidem
2278 2838 2368 2889 est
2393 2826 2846 2900 sciscitantium,
2874 2832 3079 2903 utpote
3111 2824 3269 2903 quod
3301 2842 3398 2885 res
3429 2844 3642 2888 omnes

2005 2918 2320 2998 loquantur
2351 2920 2557 2993 quavis
2589 2934 2735 2976 voce
2766 2914 3121 2994 apertius,et
3155 2913 3283 2992 ejus
3312 2913 3504 2976 zelum
3537 2934 3642 2995 pro

2005 3007 2219 3087 pietate
2244 3007 2598 3086 praelicent?
2614 3006 2759 3067 [llud
2781 3012 2980 3065 autem
3000 3011 3087 3064 est
3107 3003 3306 3083 potius
3328 3003 3642 3081 diligenter

2006 3097 2695 3174 quaeremlum,qusanam
2716 3093 2917 3172 lingua
2936 3092 3012 3154 sit
3035 3092 3268 3153 erudita
3284 3100 3343 3152 et
3366 3093 3641 3172 facunda,

2005 3202 2067 3245 ut
2100 3188 2282 3266 possit
2312 3196 2475 3247 recte
2500 3184 2798 3262 eitplicare
2820 3183 2976 3243 illius
3000 3183 3221 3261 linguae
3244 3185 3642 3261 tropaeaNam

2004 3275 2055 3336 is
2107 3275 2345 3355 quidem
2404 3276 2462 3335 in
2521 3275 2573 3334 al
2603 3274 2652 3333 is
2710 3271 2986 3333 omnibus
3039 3280 3168 3332 erat
3225 3273 3640 3335 mansuetissi-

2007 3382 2160 3443 mus,
2194 3373 2252 3424 et
2286 3363 2789 3443 promptissimus,
2821 3369 2883 3421 ut
2925 3362 3175 3421 honeste
3209 3359 3406 3437 potius
3438 3362 3642 3425 vince-

2004 3465 2192 3526 retur,
2228 3474 2405 3532 quam
2445 3474 2557 3514 non
2594 3451 2974 3513 laudabiliter
3003 3448 3408 3526 vinceret,Ubi
3442 3459 3644 3514 autem

2005 3554 2129 3604 erat
2182 3544 2243 3604 in
2278 3545 2497 3615 pietate
2527 3555 2585 3604 et
2618 3560 2754 3603 vera
2801 3538 3090 3618 religione
3123 3538 3480 3618 periculum,
3517 3552 3646 3603 erat

2007 3632 2130 3693 illic
2158 3630 2353 3692 stabili
2387 3642 2444 3692 et
2467 3630 2603 3692 forti
2625 3637 2921 3691 sententia
2938 3627 3400 3702 Theodosius,et
3421 3630 3643 3692 nullius

2003 3719 2257 3781 cedebat
2280 3719 2697 3801 objectioni,ut
2715 3722 2811 3798 qui
2836 3727 3188 3779 cerneretur
3202 3717 3324 3779 acri
3349 3727 3406 3779 et
3429 3720 3643 3781 invicto

2003 3811 2226 3889 animo,
2261 3810 2414 3886 ignis
2445 3814 2934 3881 comburens,aut
2966 3806 3193 3869 securis
3227 3807 3644 3883 scindens,aut

2003 3901 2306 3971 romphaea
2336 3899 2700 3980 pugnatoris,
2737 3905 2800 3959 ut
2853 3898 3044 3959 dicam
3092 3915 3225 3977 quae
3255 3897 3472 3959 divinae
3506 3908 3646 3960 sunt

2003 3989 2498 4069 Scripturaanus
2529 3996 2727 4050 autem
2761 3986 2917 4067 quod
2952 3987 3107 4053 dico.
3136 3995 3483 4065 argumenta
3504 3998 3642 4049 sunt

2006 4093 2191 4141 multa
2217 4080 2458 4161 quidem
2490 4078 2780 4152 alia,mihi
2809 4087 3006 4140 autem
3031 4078 3290 4141 sufficiet
3320 4097 3503 4141 unum
3534 4098 3636 4142 re-

2004 4169 2229 4232 ducere
2263 4172 2319 4232 in
2357 4171 2730 4232 memoriam.

1790 4330 2023 4389 CAPUT
2055 4330 2145 4387 XI.

966 4454 1327 4518 Anastasius
1354 4455 1505 4534 imp.
1538 4457 1798 4534 pecunia
1829 4464 2020 4518 tentet
2049 4460 2401 4537 pervertere
2442 4452 2513 4518 S.
2553 4452 2966 4517 Theodosium.

367 4597 517 4674 μς¹ο
548 4595 788 4673 ’Ήνεγκέ
841 4617 972 4653 ποτε
1002 4599 1090 4654 καὶ
1146 4601 1173 4654 ὁ
1218 4597 1333 4655 καθ’
1379 4597 1521 4670 ἡμᾶς
1553 4601 1732 4678 καιρὸς
1768 4600 1921 4675 βασι-

2088 4598 2189 4661 46.
2224 4595 2386 4658 Tulit
2418 4595 2736 4677 aliquando
2768 4606 3034 4659 nostrum
3067 4596 3191 4678 (‘24)
3223 4616 3460 4680 quoque
3490 4608 3647 4663 tem-

285 4688 406 4761 λὲα,
467 4689 534 4745 τὰ
610 4686 711 4762 μὲν
792 4685 1085 4765 ἔμπροσθεν
1162 4689 1232 4753 ὡς
1294 4688 1611 4766 παράδεισον
1669 4698 1867 4768 τρυφῆς
1908 4710 1919 4721 ·

289 4785 444 4837 τοῦτο
498 4775 565 4844 δὴ
606 4778 668 4832 τὸ
698 4774 1038 4857 φαινόμενον,
1070 4777 1137 4835 τὰ
1180 4775 1233 4833 δὲ
1263 4775 1548 4834 τελευταῖα
1577 4775 1752 4834 πεδίον
1783 4778 1926 4857 ἀφα-

359 4943 471 5015 (et)
530 4942 678 4999 Hinc
735 4952 1034 5002 auctorem
1075 4953 1430 5003 coaetaneum
1485 4944 1540 5001 S.
1604 4944 1929 5003 Theodosio

288 5015 468 5073 fuisse
500 5023 678 5085 patet,
704 5024 765 5072 ut
792 5029 966 5085 supra
997 5016 1275 5073 diximus.

360 5028 468 5072 Issa
500 5028 678 5141 petet,
704 5028 765 5072 ut
792 5029 966 5085 supra
997 5028 1275 5073 ammus.

360 5085 491 5170 (ξό).
535 5100 564 5142 s
595 5096 684 5170 est
735 5087 1100 5170 Anastasius,
1136 5088 1625 5170 ‘quimlmple'ium
1678 5088 1932 5170 suscepit

290 5157 530 5229 Olybrio
552 5156 677 5214 solo
716 5158 954 5214 consule
1002 5173 1095 5215 an.
1129 5160 1209 5215 Ch
1263 5156 1548 5217 49L'Sub
1583 5162 1692 5216 hoc
1721 5157 1934 5215 vixisse

289 5229 345 5285 S.
366 5226 769 5285 Theodosium
794 5230 1271 5287 Cmnohisrcham
1303 5240 1465 5288 notat
1493 5231 1696 5287 Suidss
1716 5229 1792 5287 ad
1811 5244 1928 5288 ver-

290 5301 425 5357 bum
456 5299 817 5356 Anastasius.

357 5370 476 5439 (26)
507 5371 853 5440 Priusquam
888 5371 1194 5440 imperium
1228 5381 1573 5440 capesseret,
1599 5371 1929 5439 Euphemio

288 5443 640 5514 patriarcha)
684 5442 1137 5499 Ctialcedonensi
1186 5443 1600 5514 professionem
1636 5443 1762 5499 ﬁdei
1803 5445 1933 5499 chi-

256 5512 584 5645 -iographo
622 5527 729 5593 suo
774 5522 1034 5571 testatum
1074 5512 1246 5596 dedit.
1307 5514 1430 5593 Mox
1488 5515 1684 5586 iniqua
1719 5514 1934 5575 tributa

289 5592 453 5645 sustu
483 5594 551 5645 it.
583 5592 950 5645 manustrstus
978 5594 1158 5645 aratis
1178 5584 1633 5645 contulit.multa
1657 5588 1932 5645 praeiere

289 5584 551 5656 sustulit,
583 5585 950 5656 magistratus
978 5587 1158 5657 gratis
1178 5584 1633 5657 eontulit,multa
1657 5588 1932 5658 praeiere

2015 4709 2121 4769 pus
2168 4691 2586 4770 imperatorem
2644 4690 2793 4771 ('25),
2829 4692 2928 4770 qui
2970 4692 3132 4772 prius
3154 4692 3397 4772 quidem
3423 4693 3640 4775 fuerat,

2010 4793 2288 4854 quantum
2309 4784 2949 4854 apparebat,paradisus
2964 4784 3269 4855 voluptatis
3290 4784 3649 4855 (26),postre-

2014 4941 2335 5011 constituit,
2366 4943 2732 5015 quibuseius
2761 4943 2924 5000 initia
2963 4957 3229 5015 magnam
3263 4958 3422 5013 spem
3459 4954 3515 5000 et
3544 4959 3649 5001 ex-

2014 5015 2425 5085 spectationem
2444 5014 2711 5072 omnibus
2735 5014 3215 5072 attuleruntldeo
3229 5015 3391 5071 Felix
3407 5015 3478 5071 ΙΙΙ
3502 5030 3647 5085 papa

2014 5085 2100 5140 illi
2132 5084 2385 5155 scripsit,
2418 5100 2474 5157 in
2501 5084 2626 5155 ejus
2650 5087 2949 5153 seimperi'
2981 5084 3645 5157 promotionegaudere,

2016 5167 2075 5213 ut
2106 5162 2348 5226 testatur
2379 5155 2549 5226 huius
2598 5171 2865 5216 successo
2926 5157 3187 5213 Gelasius
3216 5164 3270 5213 in
3313 5155 3646 5215 Commoni-

2009 5230 2157 5284 torio
2192 5226 2262 5282 ad
2294 5224 2696 5298 Faustum,qui
2722 5240 2774 5283 et
2809 5231 2867 5283 in
2907 5228 3146 5297 epistola
3181 5228 3252 5283 ad
3285 5229 3475 5298 ipsum
3500 5232 3647 5287 Ana-

2011 5299 2250 5354 Stasium
2311 5311 2482 5353 mzssa
2543 5297 2736 5354 laudat
2791 5303 3043 5370 studium
3082 5297 3391 5367 pietatis’in
3427 5311 3645 5370 privata

2013 5370 2151 5431 vita,
2191 5383 2306 5439 quo
2347 5388 2368 5418 ι
2411 5378 2618 5435 optant
2648 5382 2874 5441 semper
2915 5368 3035 5426 ﬁeri
3072 5372 3357 5440 particeps
3392 5368 3647 5441 promis-

2014 5445 2195 5498 sionis
2227 5445 2464 5504 aeternae,
2502 5461 2522 5488 ι
2570 5449 2678 5497 etc.
2719 5439 2857 5509 Ejus
2887 5439 3084 5512 adhuc
3131 5443 3339 5509 privati
3376 5439 3644 5512 pietatem

2014 5524 2356 5584 craterasque
2385 5520 2623 5571 νιιιιιιθε
2655 5512 2932 5582 praedicat
2965 5510 3284 5583 Cedrenus.
