4018 6136
450 278 565 348 515

1743 267 2026 334 MENSIS
2061 266 2515 333 JANUARIUS.

3685 281 3793 348 516

451 434 546 478 mo
573 410 699 496 (27)
720 417 916 473 autem
941 407 1121 471 rebus
1148 407 1255 471 fuit
1277 407 1555 487 cognitus
1577 425 1822 488 campus
1841 406 2078 496 destrui

2170 414 2360 496 νισμοῦ
2403 419 2518 472 τοῖς
2570 408 2845 488 πράγμασι
2890 412 3302 489 γνωριζόμενον,
3336 414 3430 472 καὶ
3481 415 3670 472 τούτων
3708 417 3787 476 ἕνα

457 492 694 578 ctionis,
730 509 788 562 et
829 518 984 560 unus
1015 497 1249 558 scilicet
1279 514 1350 558 ex
1383 497 1456 559 iis
1495 497 1834 578 pastoribus
1865 494 1966 575 qui
1997 492 2088 553 sui

452 594 652 676 gregis
697 609 835 653 oves
870 589 1226 676 dispergunt
1257 595 1316 647 et
1349 587 1696 666 perdunt,et
1727 603 1832 646 eos
1855 581 2089 676 turbida

457 673 662 769 potant
693 675 1178 769 subversione.Et
1201 684 1264 769 ut
1294 676 1523 755 reliqua
1556 676 1711 736 illius
1744 673 2090 755 praetermit-

451 764 722 848 tam,hoc
755 767 994 849 quidem
1029 764 1472 846 accipiet,quod
1498 773 1628 845 post
1649 782 1757 824 nos
1774 768 2083 849 sequetur,

462 875 715 943 tempus.
751 848 958 937 Neque
990 855 1146 916 enim
1181 873 1285 932 par
1310 863 1401 915 est
1430 863 1494 915 ut
1517 855 1573 915 id
1599 853 1912 943 mandetur
1932 848 2089 943 obli-

454 939 608 1015 vioni
630 961 874 1031 propter
899 962 1283 1024 eos,quorum
1309 951 1400 1006 est
1421 943 1616 1004 scelus
1649 941 1883 1020 insigne
1913 957 1925 1002 :
1961 939 2086 1019 qui,

453 1052 514 1104 ut
544 1026 688 1101 dicit
716 1026 922 1107 Isaias,
956 1035 1302 1112 concipiunt
1343 1034 1636 1106 laborem,
1671 1039 1730 1092 et
1759 1026 2085 1108 pariunt"

447 1131 839 1211 iniquitatem
869 1125 944 1185 εί.
998 1122 1222 1203 Impius
1254 1124 1428 1201 (heu)
1456 1123 1578 1183 sive
1609 1119 1680 1180 ab
1711 1119 1845 1181 aliis
1875 1117 1948 1211 ad
1975 1118 2088 1179 hoc

451 1207 666 1292 motus,
692 1223 813 1277 sive
831 1217 988 1276 hunc
1013 1214 1371 1274 sceleratum
1398 1212 1579 1273 fetum
1608 1230 1677 1272 ex
1700 1227 1764 1270 se
1788 1207 2084 1288 produxe-

444 1312 522 1371 rit
540 1307 805 1378 (Stultus
830 1303 1426 1382 cnim,inquit,stutta
1449 1302 1819 1381 loquetur,et
1837 1315 1940 1360 cor
1961 1297 2088 1375 ejus

446 1417 609 1463 vana
633 1394 1010 1473 castigabit),
1039 1393 1408 1470 Patrum,qui
1439 1394 1637 1454 Niceze
1673 1389 1795 1469 (28)
1825 1388 2080 1459 fuerunt,

447 1507 615 1550 sacra
647 1486 943 1562 dogmata,
998 1490 1274 1561 tanquam
1311 1489 1570 1541 montem
1605 1478 1746 1540 Sion
1781 1486 1838 1538 et
1870 1475 2082 1536 turrim

448 1573 829 1645 fortitudinis,
883 1571 1115 1632 scilicet
1169 1570 1546 1648 aggreditur;
1581 1569 1681 1628 illa
1710 1565 1949 1647 quidem
1984 1583 2085 1623 vo-

2170 491 2376 562 δηλαδὴ
2433 498 2541 554 τῶν
2597 498 2865 572 ποιμένων
2922 506 3028 556 τῶν
3073 499 3557 580 διασιορπιζόντων
3597 507 3787 564 καὶάπ-

2172 582 2439 642 ολλύντων
2492 588 2558 642 τὰ
2615 586 2854 665 πρόϐατα
2911 595 3011 654 τῆς
3064 590 3264 647 ἑαυτῶν
3319 597 3522 668 νομῆς,
3555 597 3634 651 καὶ
3669 596 3785 653 ἀνα.

2170 674 2373 750 τροπὴν
2415 674 2634 752 θολερὰν
2695 678 2825 734 αὒτὰ
2881 678 3256 754 ποτιζόντων,,
3290 682 3382 738 καὶ
3412 681 3509 738 ’ίνα
3567 683 3619 740 τὰ
3664 685 3780 743 ἄλλα

2169 768 2277 818 τῶν
2319 763 2520 820 ἐκείνου
2567 767 2740 842 παρῶ,
2779 765 2916 822 ἀλλὰ
2976 769 3131 826 τοῦτό
3175 789 3236 846 γε
3291 772 3386 826 καὶ
3431 773 3458 826 ὁ
3506 771 3612 845 μεθ’
3655 776 3774 848 ἡμᾶς

2174 849 2436 917 ἐκδέξεται
2469 856 2687 933 χρόνος,
2748 855 2897 912 Ἐπεὶ
2947 854 3085 931 μηδὲ
3135 857 3302 928 λήθης
3337 859 3482 924 ὅλως
3513 859 3644 918 ἐστὶν
3663 863 3770 928 ἄξιον

2175 936 2257 994 διὰ
2311 943 2432 1006 τοὺς
2490 950 2765 1022 περιττοὺς
2816 945 2914 1012 τὴν
2958 948 3170 1020 κακίαν,
3217 947 3295 1018 οἳ,
3346 950 3409 1004 τὸ
3442 957 3537 1006 τοῦ
3569 940 3774 1033 Ἠσαίου,

2173 1028 2352 1086 κύουσι
2413 1031 2572 1089 πόνον
2642 1034 2729 1089 καὶ
2788 1055 3056 1091 τικτουσιν
3117 1035 3366 1110 ἀνομίαν.
3417 1029 3477 1096 Ὀ
3527 1028 3783 1119 δυσσεϐὴς,

2171 1123 2294 1196 φεῦ,
2350 1119 2462 1174 εἴτε
2517 1120 2640 1199 παρ’
2702 1120 2879 1179 ἄλλων
2934 1124 3006 1186 εἷς
3045 1133 3198 1182 τοῦτο
3257 1129 3523 1202 κινηθεὶς,
3583 1127 3688 1184 εἴτε
3716 1131 3790 1185 καὶ

2168 1206 2294 1306 παρ’
2349 1208 2536 1266 ἑαυτοῦ
2593 1213 2654 1268 τὸ
2715 1213 2943 1288 πονηρὸν
3003 1217 3146 1270 τουτὶ
3203 1217 3554 1294 προενεγκὼν
3607 1218 3790 1298 κύημα,

2169 1297 2250 1366 (Ὁ
2296 1297 2395 1376 γὰρ
2454 1301 2654 1374 μωρὸς,
2719 1305 2870 1379 φησι,
2935 1304 3088 1380 μωρὰ
3131 1302 3384 1378 λαλήσει,
3432 1307 3524 1362 καὶ
3574 1307 3608 1374 ἦ
3637 1297 3798 1384 καρδία

2168 1384 2324 1440 αὐτοῦ
2382 1389 2584 1462 μάταια
2656 1392 2888 1465 νοήσει),
2952 1405 3071 1454 τοῖς
3134 1395 3300 1469 ἱεροῖς
3359 1400 3471 1450 τῶν
3515 1394 3569 1451 ἐν
3627 1397 3797 1469 Νικαίᾳ

2171 1473 2442 1557 Πατέρων,
2502 1479 2574 1542 ὡς
2618 1480 2694 1553 τῷ
2753 1481 2892 1536 Σιὼν
2945 1480 3053 1558 ὄρει
3112 1484 3199 1538 καὶ
3243 1489 3322 1556 τῷ
3369 1484 3560 1562 πύρφψ
3604 1482 3797 1552 δηλαδὴ

2168 1565 2266 1628 τῆς
2323 1566 2508 1645 ἰσχύος
2543 1568 2828 1625 ἐπιτίθεται
2875 1567 3134 1647 δόγμασιν
3169 1587 3184 1602 ⁸
3237 1573 3430 1629 ἓκεῖνα
3475 1573 3574 1648 μὲν
3606 1573 3800 1631 ἀθετεῖ-

451 1669 582 1729 lens
611 1660 906 1740 abrogari,
938 1659 1134 1720 valere
1167 1669 1364 1720 autem
1400 1656 1754 1720 sententiam
1786 1655 2078 1733 (29)Ace—

2167 1654 2308 1732 σθαι,
2342 1669 2558 1732 κρατεῖν
2603 1656 2657 1713 δὲ
2700 1657 2800 1725 τὴν
2831 1664 2934 1714 τῶν
2988 1658 3326 1738 Ἀκεφὰλων,
3378 1660 3580 1740 ἄλογον
3627 1660 3686 1717 ἅν
3729 1685 3801 1726 τις

455 1755 792 1837 pbalorum,
829 1768 1004 1830 quam
1038 1767 1072 1808 a
1125 1750 1353 1809 ratione
1383 1747 1660 1821 alienam,
1698 1751 1755 1804 et
1785 1761 1920 1804 vere
1951 1741 2078 1799 ἀκέ-

2167 1741 2313 1799 εῗποι
2344 1791 2363 1818 ,
2423 1747 2510 1802 καὶ
2540 1747 2844 1837 ’,ἀκέφαλον
2913 1746 3064 1813 δόξαν
3123 1751 3534 1830 προῃρημένος,
3595 1752 3802 1831 Μὶγνυσι

450 1824 640 1927 enim,
676 1824 788 1902 hoc
821 1824 932 1914 e-st,
967 1846 1268 1900 carentem
1297 1837 1654 1917 capile,jure
1682 1833 1814 1913 quis
1843 1832 2078 1893 dixerit.

2169 1844 2445 1910 τοιγαροῦν
2506 1834 2571 1911 τῇ
2631 1834 2904 1910 δυναστείᾳ
2961 1839 3060 1905 τὴν
3128 1842 3482 1918 κακουργίαν,
3558 1824 3694 1898 ὥστε
3748 1847 3808 1918 τῇ

447 1921 730 1996 Potentiae
785 1937 982 1990 autem
1036 1927 1323 1989 admiscet
1381 1924 1848 2004 improbitatem,
1883 1921 2084 1983 uthac

447 2023 688 2105 quidem
712 2017 1150 2098 deciperet,illa
1164 2035 1304 2078 vero
1321 2015 1596 2076 effectum
1622 2015 1903 2105 redderet
1923 2011 2084 2090 quod

447 2103 843 2175 contendebat
881 2128 895 2167 :
932 2115 993 2168 ut
1025 2123 1217 2186 neque
1251 2106 1359 2180 vis,
1395 2106 1444 2166 si
1501 2114 1659 2166 esset
1709 2103 1970 2166 immista
2027 2109 2085 2162 et

449 2199 837 2282 persuasione
870 2196 1116 2257 minime
1144 2194 1872 2274 contemperala,molesta
1897 2190 2086 2252 videri

446 2281 656 2372 possit,
694 2299 752 2349 et
783 2287 958 2368 plane
989 2285 1266 2360 violenta,
1289 2293 1350 2345 ut
1383 2301 1515 2364 qua;
1544 2283 1728 2344 robur
1755 2281 2086 2372 accepisset

448 2369 517 2444 ex
561 2379 686 2441 sola
709 2376 1024 2439 occasione
1059 2395 1075 2449 ;
1125 2392 1320 2454 neque
1372 2389 1578 2434 rursus
1613 2372 1998 2453 persuadere,
2035 2369 2084 2429 si

447 2471 747 2550 impotens
777 2467 871 2540 sit,
907 2466 956 2526 si
988 2462 1308 2538 imbecilla,
1335 2471 1393 2524 et
1423 2461 1577 2543 quod
1610 2461 1793 2541 possit
1823 2477 2008 2540 pauca
2027 2466 2085 2520 et

447 2559 604 2640 apud
635 2574 853 2638 paucos
879 2554 1139 2615 efﬁcere.

525 2637 814 2708 47.7Hinc
845 2642 992 2704 alios
1019 2641 1261 2718 quidem
1290 2659 1360 2701 ex
1385 2639 1684 2719 episcopis
1703 2637 2082 2700 adoriebatur

449 2737 628 2798 minis
659 2742 715 2795 et
744 2732 968 2795 exsiliis
1005 2731 1152 2811 (30),
1178 2731 1326 2790 alios
1347 2738 1542 2791 autem
1566 2729 1890 2789 honoribus
1915 2737 1970 2788 et
1993 2746 2081 2788 as-

445 2821 878 2888 sentationibus
906 2841 919 2883 :
946 2831 1002 2881 et
1046 2838 1472 2893 nonnunquam
1498 2819 1674 2879 etiam
1696 2833 2081 2897 corrumpere

447 2913 789 2997 pecunia,et
819 2929 988 2972 suum
1027 2909 1245 2970 malum
1282 2909 1533 2969 aliorum
1559 2926 1798 2987 quoque
1822 2907 2084 2981 efﬁcere,

451 2996 512 3066 et
543 3002 814 3065 morbum
851 3000 1300 3060 communicare
1331 2997 1752 3073 contendebat;
1791 2996 2087 3056 mutabilis

446 3113 565 3155 non
593 3091 788 3152 minus
813 3108 987 3170 quam
1013 3091 1281 3162 Proteus,
1307 3095 1369 3148 ut
1394 3089 1735 3150 Graecorum
1759 3086 1971 3146 fabulae
1992 3086 2083 3147 lo-

2169 1921 2267 1995 μὲν
2364 1923 2595 1997 ἀπατᾷν,
2659 1931 2727 2002 τῇ
2812 1924 2866 1982 δὲ
2953 1927 3128 1983 ἀνύειν
3212 1930 3273 1984 τὸ
3359 1927 3804 2006 σπουδαζόμενον,

2167 2011 2261 2066 ’ίνα
2318 2015 2456 2087 μήτε
2539 2015 2600 2070 τὰ
2685 2017 2907 2094 ἷσχυρόν
2962 2014 3187 2091 ἄμικτον
3245 2018 3306 2073 ὃν
3378 2019 3472 2075 καὶ
3546 2022 3626 2094 μὴ
3694 2041 3808 2076 πει.

2165 2103 2255 2157 θοῖ
2311 2103 2659 2180 κεκραμένον,
2723 2104 2958 2184 λυπηρὸν
3003 2104 3128 2184 δόξῃ
3174 2109 3259 2164 καὶ
3319 2111 3573 2188 καθαρῶς
3623 2109 3803 2186 βίαιον,

2167 2190 2229 2246 ἐκ
2287 2199 2378 2247 τοῦ
2458 2203 2641 2270 καιροῦ
2711 2197 2874 2268 μόνου
2943 2196 3042 2262 τήν
3126 2197 3283 2275 ἰσχὺν
3379 2197 3631 2277 εἰληφὸς,
3686 2199 3806 2273 μήτ’

2167 2283 2232 2335 αὖ
2287 2281 2446 2336 πᾶλιν
2501 2285 2561 2338 τὸ
2619 2285 2815 2339 πείθειν
2845 2282 3044 2362 ἔρημον
3098 2283 3409 2350 δυναστείας
3470 2287 3803 2367 ὑπολειφθὲν,

2168 2369 2379 2435 ἀσθενὲς
2412 2371 2527 2451 εἴη,
2572 2374 2660 2429 καὶ
2693 2375 2853 2452 μικρᾶ
2883 2376 2968 2431 καὶ
3018 2375 3160 2453 παρὰ
3190 2390 3408 2454 μικροῖς
3441 2377 3620 2436 ἀνύειν
3651 2377 3803 2437 δυνά-

2167 2481 2351 2531 μενον,

2245 2640 2354 2713 μζ’.
2392 2639 2662 2698 Ἐντεῦθεν
2713 2642 2833 2706 τοὺς
2879 2641 2975 2716 μὲν
3020 2641 3271 2706 ἀπειλαῖς
3329 2647 3422 2703 καὶ
3482 2644 3797 2724 ὑπερορίαις,

2162 2729 2281 2793 τοὺς
2311 2727 2364 2784 δὲ
2409 2743 2596 2804 τιμαῖς
2643 2731 2728 2786 καὶ
2771 2729 3075 2794 κολακείαις
3130 2733 3236 2789 τῶν
3265 2733 3584 2792 ἐπισκόπων
3630 2734 3798 2811 δπῄει,

2171 2817 2245 2874 ἔτι
2289 2817 2344 2874 δε
2378 2821 2465 2883 οὒς
2525 2821 2608 2876 καὶ
2670 2821 2947 2899 χρήμασιν
3003 2821 3381 2904 ὑποκλέπτειν,
3429 2825 3611 2882 καὶτὸ
3656 2824 3801 2879 αὐτοῦ

2169 2910 2332 2964 κακὸν
2383 2911 2470 2964 καὶ
2526 2907 2702 2964 ἄλλων
2755 2923 2934 2966 ποιεῖν
2963 2909 3202 2992 ἔσπευδε,
3241 2915 3324 2969 καὶ
3356 2920 3459 2980 τῆς
3493 2917 3652 2970 νοσου
3707 2932 3801 2987 με·

2169 2995 2459 3070 ταδιδόναι,
2519 2997 2614 3053 οἷσί
2669 3021 2750 3062 τις
2811 3001 3076 3074 Πρωτεὺς,
3107 3003 3182 3064 ὡς
3216 3023 3278 3058 τα
3313 3001 3600 3073 Ἑλλήνιον
3634 3002 3800 3082 φασὶν,

2170 3087 2524 3161 ἐξαλλάττων,
2581 3090 2669 3144 καὶ
2725 3088 2968 3152 ποικίλος
3024 3090 3122 3157 τὴν
3181 3091 3404 3169 γνώμην
3477 3092 3660 3169 ὥσπερ
3713 3091 3801 3154 τὴν

443 3191 727 3265 quuntur,
759 3190 821 3242 et
853 3198 968 3240 non
1004 3179 1198 3239 minus
1232 3186 1452 3251 mente,
1495 3194 1669 3256 quam
1704 3177 1804 3238 ille
1835 3184 2076 3256 aspectu

2167 3179 2280 3252 ὄψιν
2327 3178 2533 3241 ἐκεῖνος
2593 3179 2894 3255 γινόμενος.
2930 3179 3051 3236 Ἐπὶ
3081 3201 3214 3236 πασι
3251 3181 3425 3240 τοίνυν
3459 3184 3548 3237 καὶ
3600 3181 3674 3254 τῷ
3703 3198 3794 3254 με·

442 3271 979 3335 varius.Postremo
1006 3277 1198 3329 autem
1224 3267 1377 3328 hanc
1403 3285 1639 3346 quoque
1662 3285 1934 3345 magnam
1960 3273 2078 3326 tur-

438 3363 552 3424 rim
577 3358 1240 3442 aggrediturMachinae
1272 3366 1470 3419 autem
1506 3365 1673 3417 erant
1702 3375 1910 3417 aurum
1941 3372 1956 3430 ;
1992 3354 2048 3416 id

438 3473 553 3536 que
570 3471 686 3513 non
715 3457 1282 3532 paucum,utposset
1302 3447 1743 3521 contemni,sed
1769 3445 1927 3526 quod
1949 3445 2078 3507 red-

437 3545 561 3606 ibat
591 3542 663 3603 ad
696 3558 988 3600 summam
1020 3537 1259 3616 triginta
1310 3537 1597 3598 librarum
1636 3557 1650 3596 :
1685 3545 1930 3616 eratque
1960 3536 2072 3597 do-

436 3652 579 3694 num
606 3650 723 3691 non
744 3628 902 3689 nude
927 3637 983 3688 et
1007 3636 1213 3707 aperte
1238 3625 1484 3700 donum,
1512 3645 1587 3686 ne
1619 3644 1735 3686 non
1761 3626 2072 3705 accipere-

437 3732 554 3794 tur,
583 3728 645 3780 ut
667 3719 822 3799 quod
847 3717 1247 3796 suspicionem
1279 3725 1514 3795 pareret
1538 3714 1798 3776 avaritiae
1834 3732 1846 3772 :
1878 3714 1982 3775 sed
2013 3713 2072 3775 id

437 3827 671 3891 quoque
721 3807 1054 3867 occultabat
1110 3814 1433 3884 prietextus
1484 3805 1794 3883 speciosus
1821 3813 1878 3865 et
1907 3804 2076 3865 valde

438 3896 1016 3981 probabilis,nempe
1043 3903 1422 3974 pauperes,et
1442 3912 1573 3973 qua:
1603 3901 1771 3953 erant
1796 3911 2077 3954 necessa-

439 3988 530 4049 ria
553 3987 623 4047 ad
658 4003 798 4046 usus
824 3984 1094 4044 Fratrum
1122 3983 1671 4061 aegrotantiumﬂis
1701 3984 1884 4042 virum
1907 4000 2080 4042 cona-

443 4078 615 4139 batur
647 4075 970 4152 ingenuum
1001 4073 1276 4150 redigere
1308 4072 1367 4131 in
1402 4071 1849 4132 servitutem.Et
1884 4071 1936 4131 si
1970 4070 2078 4130 bo-

439 4185 583 4228 num
619 4164 919 4226 existimas
946 4169 1003 4223 et
1033 4171 1260 4240 gratum
1295 4161 1521 4239 piorum
1557 4160 1770 4220 animis
1801 4159 1883 4232 id,
1923 4159 2076 4238 quod

437 4275 470 4317 a
505 4267 626 4330 te,o
657 4256 745 4315 vir
771 4252 1033 4332 egregie,
1065 4252 1519 4328 inuovatur,ego
1553 4251 1631 4310 illi
1673 4249 1945 4322 dixerim,
1973 4268 2080 4310 cur

437 4365 556 4406 non
591 4346 661 4406 ab
695 4363 763 4405 eo
801 4343 929 4422 ipso
961 4340 1113 4401 sinis
1165 4340 1320 4400 trahi
1382 4348 1700 4413 amatores,
1738 4350 1795 4400 et
1843 4341 2079 4420 propria

431 4435 591 4496 vinci
622 4431 1070 4514 pulchritudine
1102 4448 1205 4491 eos
1229 4429 1485 4510 quisunt
1510 4429 2074 4510 pulchriamatores;

431 4523 540 4585 sed
572 4523 631 4583 id
667 4523 936 4602 pecuniis
984 4538 1162 4581 ornas
1215 4528 1271 4580 et
1325 4519 1697 4594 muneribus,
1735 4518 1892 4599 quod
1927 4518 2074 4580 solet
2098 4523 2415 4588 ῡάκαλλεῖς

435 4612 566 4674 fieri
603 4611 872 4692 turpibus
905 4620 962 4671 et
1015 4608 1408 4683 deformibus,
1465 4617 1528 4669 ut
1574 4627 1706 4688 quae
1736 4610 1852 4670 sint
1882 4608 2076 4671 aliena

433 4712 789 4764 ornamenta
822 4709 880 4764 et
908 4699 1158 4762 artiﬁcia
1178 4697 1208 4756 ?

509 4862 560 4906 ει
593 4862 708 4945 Isa,
741 4881 858 4940 th,
891 4864 952 4926 4.
1039 4861 1102 4911 93
1134 4862 1244 4924 Isa.
1278 4878 1459 4938 xxxu,
1496 4861 1554 4925 6.

503 4997 616 5067 (2'1)
650 4999 816 5054 Anno
854 4999 1083 5069 imperii
1115 4996 1168 5069 2,
1206 4995 1414 5069 Christi
1460 4995 1582 5069 492,
1619 4996 2071 5068 chirographum

469 5069 808 5142 rofessionis
849 5067 981 5126 ﬁdei
1017 5069 1086 5142 ab
1123 5067 1440 5142 Euphem‘io
1471 5067 1580 5122 sibi
1613 5067 1845 5142 restitui
1873 5067 2066 5142 jussit.

453 5151 504 5199 ta
569 5139 866 5198 Cedrenus
920 5151 972 5196 et
1011 5139 1308 5197 Theodrus
1369 5139 1572 5195 Lector
1601 5136 1898 5198 ϐοηθειαηῖ
1937 5143 1972 5198 Ι.
2009 5159 2068 5204 η.

426 5213 571 5269 Dein
603 5212 698 5267 ιώ(
715 5225 847 5268 rum
871 5213 1079 5282 cuique
1114 5212 1442 5283 fecit_quam
1475 5209 1647 5266 vellet
1680 5211 1950 5283 amplecti
1975 5229 2071 5272 se-

425 5293 600 5355 ctam.
645 5283 936 5355 Eyagrius
966 5279 1002 5339 ιζ
1037 5295 1124 5345 Ill,
1160 5296 1211 5355 c,
1249 5279 1338 5336 30.

511 5353 642 5433 (28)
675 5353 1006 5417 Concordat
1037 5372 1149 5417 ms.
1178 5354 1475 5433 (ira-cum,
1512 5365 1632 5433 τοῖς
1658 5357 1823 5433 ἱεροῖς
1867 5362 1972 5411 τῶν
2014 5359 2069 5413 ἐν

428 5431 618 5514 Nutth
644 5433 1042 5514 Πατέρων.8εό
1059 5432 1378 5509 utrobique
1398 5431 2065 5514 mendumz'legendum,

426 5513 726 5641 ἒθῐέῖῑιιςυὲιί
759 5516 856 5585 qui
907 5513 1265 5571 Chalcedone
1317 5514 1571 5578 fuerunt,
1615 5533 1637 5563 ι
1676 5523 1734 5570 ut
1767 5513 2064 5587 sequentia

563 5603 588 5639 ει
629 5600 656 5639 a
735 5628 745 5638 .

563 5600 745 5639 arant.

403 5687 406 5689 -
499 5654 611 5727 (29)
649 5655 731 5712 De
766 5655 1074 5726 Acephalis
1119 5662 1309 5711 actum
1363 5656 1428 5710 to
1465 5655 1708 5714 Januar.
1745 5655 1804 5713 in
1841 5657 1962 5718 Vita
2004 5661 2065 5718 S.

2161 3267 2311 3346 γάλῳ
2361 3268 2531 3341 τούτῳ
2588 3268 2771 3346 πύργῳ
2830 3267 3178 3343 προσϐάλλει.
3256 3275 3353 3327 Καὶ
3392 3273 3455 3327 τὸ
3501 3270 3801 3349 μηχάνημα

2161 3359 2359 3437 χρυσὸς
2395 3357 2480 3436 ἦν,
2528 3359 2726 3435 χρυσὸς
2785 3359 2880 3414 οὒκ
2919 3357 3120 3436 ὀλίγος,
3155 3357 3292 3414 ὥστε
3323 3362 3414 3416 καὶ
3445 3358 3795 3439 παροφθῆναι,

2159 3446 2298 3502 ἀλλὰ
2351 3448 2438 3502 καὶ
2481 3447 2554 3508 εἷς
2603 3447 2885 3524 τριάκοντα
2918 3449 3080 3527 φημὶ,
3115 3447 3292 3524 λίτρας
3324 3450 3794 3529 παρατεινόμενος⁶

2159 3538 2246 3591 καὶ
2303 3536 2336 3596 ἦ
2393 3535 2560 3613 δωρεὰ
2608 3537 2669 3592 οὒ
2725 3535 2893 3615 δωρεὰ
2942 3542 3157 3614 γυμνῶς
3201 3558 3259 3592 τε
3304 3539 3392 3596 καὶ
3456 3537 3797 3614 ἀκαλύπτους,

2156 3629 2245 3682 ’ἱνα
2303 3627 2380 3700 μὴ
2429 3623 2495 3680 δι’
2547 3626 2798 3690 ὑπονοίας
2842 3625 3045 3706 ’ἔχουσα
3075 3629 3136 3683 τὸ
3179 3626 3512 3707 φιλόχρυσον
3542 3622 3797 3704 ὰπρόσδε-

2159 3738 2280 3779 κτος
2335 3717 2512 3791 μείνῃ,
2575 3714 2712 3771 ἀλλὰ
2765 3717 2852 3774 καὶ
2933 3717 3192 3796 πρόφασις
3243 3716 3544 3793 ἐπέκρυπτε
3601 3714 3792 3779 ταύτην

2159 3805 2502 3883 εὐπρόσωπος
2546 3805 2634 3860 καὶ
2690 3806 2886 3872 πιθανὴ
2942 3804 3083 3879 λίαν,
3132 3807 3180 3862 οἱ
3209 3807 3442 3873 πένητες
3476 3807 3563 3862 καὶ
3594 3806 3627 3872 ἡ
3686 3801 3795 3880 περὶ

2164 3901 2276 3959 τοῦς
2337 3900 2615 3959 νοσοῦντας
2672 3899 2778 3949 τῶν
2822 3892 3063 3974 ἀδελφῶν
3121 3894 3411 3959 εὒδάπανος
3457 3895 3641 3976 χρεία.
3674 3900 3793 3950 Τοι-

2162 3986 2335 4047 οότοις
2380 3983 2624 4061 ἐπειρᾶτο
2655 3981 2868 4042 δουλοῦν
2928 3987 3018 4040 τὸν
3080 3984 3370 4063 ἐλεύθερον.
3412 3989 3511 4044 Καὶ
3542 3985 3586 4040 εἶ
3642 3979 3794 4038 καλὸν

2160 4073 2250 4139 εἴη
2311 4073 2398 4129 καὶ
2467 4072 2688 4152 ἀρέσκον
2747 4073 3004 4152 φιλοθέων
3039 4079 3248 4154 ψυχαῖς
3304 4076 3364 4130 τὸ
3394 4076 3498 4131 ὑπὸ
3527 4082 3641 4148 σοῦ,
3675 4091 3794 4150 γεν-

2160 4176 2303 4238 ναῖε,
2337 4163 2843 4238 καιθοτομούμενον,
2878 4165 3041 4240 φαίην
3097 4164 3158 4222 ἂν
3204 4166 3336 4243 πρὸς
3383 4165 3568 4238 αὐτὸν,
3614 4162 3663 4217 τί
3716 4159 3789 4232 μὴ

2162 4254 2249 4324 ἐᾷς
2309 4253 2522 4309 αὐτόθεν
2580 4252 2754 4308 ἕλκειν
2811 4254 2931 4317 τοὺς
2997 4253 3245 4330 ἐραστὰς,
3307 4252 3400 4310 καί
3448 4253 3560 4328 ἰδίῳ
3617 4246 3790 4308 κάλλει
3884 4273 3886 4276 ·

2162 4347 2467 4423 χειροῦσθαι
2539 4350 2660 4407 τοὺς
2727 4340 3073 4421 φιλοκάλους,
3131 4340 3271 4399 ἀλλα
3338 4345 3616 4423 χρήμασιν
3673 4335 3790 4395 αὐτὸ

2161 4436 2248 4491 καὶ
2306 4432 2532 4512 δωρεαῖς
2591 4430 2980 4512 περιστέλλεις,
3027 4433 3054 4488 ὃ
3119 4433 3239 4511 περὶ
3268 4433 3361 4496 τὰς
3409 4431 3675 4512 ἀμόρφους
3704 4423 3786 4482 καὶ

2477 4532 2740 4598 ποιοῦσιν,
2800 4519 3096 4598 ἀλλοτρίοις
3153 4522 3471 4597 κοσμήμασι
3522 4522 3608 4578 καὶ
3656 4537 3782 4594 τεχ-

2158 4611 2388 4688 νάσμασι
2421 4630 2443 4689 ;

2152 4996 2390 5058 Joannis
2421 4995 2649 5070 Camilli
2678 4995 2814 5053 Boni
2854 5010 2913 5054 n.
2966 4997 3002 5054 2
3041 5006 3098 5055 et
3126 4997 3184 5070 in
3217 4998 3337 5058 Vita
3368 4993 3423 5056 S.
3457 4986 3778 5070 Agathonis.

2151 5071 2436 5130 Cedrenus
2468 5068 2669 5125 scribit
2719 5070 3082 5140 Anastasium
3116 5069 3298 5129 fuisse
3326 5073 3381 5128 in
3415 5064 3617 5127 baefesl
3644 5064 3780 5140 Acta;

2153 5126 2486 5214 pilatorum,
2547 5153 2650 5196 seu
2713 5126 3522 5214 Synchytarum._acvtaﬁentm
3559 5126 3779 5210 concilii

2154 5212 2644 5272 Chalcedonensis
2681 5213 3010 5268 authentica
3047 5221 3102 5267 et
3135 5212 3301 5270 altari
3341 5215 3526 5270 ablata
3569 5214 3782 5264 consct—

2155 5286 2639 5413 gisgtgatqueigni
2674 5281 2976 5340 tradidisse
3008 5281 3176 5340 docet
3205 5284 3564 5357 Nicephorus
3593 5279 3633 5334 Ι.
3663 5280 3773 5336 XVI.

2226 5446 2337 5574 ρο)
2369 5445 2447 5529 ita
2475 5445 2624 5514 pulsi
2648 5443 2705 5526 in
2726 5442 3000 5501 exsilium
3026 5445 3366 5528 patriarcha:
3390 5434 3774 5505 Constantino-

2257 5529 2390 5574 ttant
2423 5517 2781 5574 Eunhemrus
2812 5524 2864 5571 et
2901 5515 3302 5574 Macedonius:
3337 5528 3581 5574 auorum
3605 5513 3771 5567 secta-

2153 5513 2390 5590 politani
2423 5513 2781 5592 Euphemius
2812 5524 2873 5592 et
2901 5513 3302 5592 Macedonius;
3337 5528 3581 5592 quorum
3605 5513 3771 5592 secta-

2153 5583 2330 5657 iores,
2375 5583 2608 5656 exsilio,
2637 5587 3016 5658 relegatione,
3048 5583 3510 5658 accusationibus
3549 5583 3764 5653 iniquis.

2153 5671 2251 5721 aut
2280 5661 2568 5719 bonorum
2603 5657 2998 5732 publicatione
3029 5657 3223 5718 afﬂicti
3254 5671 3409 5721 sunt.
