4018 6136
297 294 417 370 517

1298 302 1483 370 VITA
1528 305 1587 369 s.
1635 293 2040 371 THEODOSII
2084 297 2697 371 C(ENOBIARCHAB.
3560 288 3676 369 sis

381 439 506 517 μη’.
541 438 703 505 Γνοὺς
733 442 825 496 οὗν
868 442 896 497 ὸ
938 440 1103 520 μέγας
1138 441 1200 498 τὸ
1228 442 1331 497 ὑπὸ
1383 445 1483 511 τῆς
1513 447 1703 519 μικρᾶς
1749 439 1954 505 ἐκείνης

2088 436 2335 501 48.Cum
2354 453 2494 515 ergo
2517 433 2891 512 cognovisset
2910 432 3013 495 ille
3036 449 3287 514 magnus
3309 432 3368 494 id
3391 432 3548 514 quod
3575 432 3678 495 ﬂe-

299 530 392 586 καὶ
449 528 619 607 μικρά
650 529 944 608 φρονούσης
1000 532 1183 608 ψυχῆς
1217 532 1454 604 ματαίως
1506 528 1627 585 κατ’
1674 531 1829 585 αὐτοῦ
1858 548 1954 602 με-

2042 525 2138 588 bat
2158 525 2233 587 ab
2256 525 2356 587 illa
2378 524 2590 606 pusilla
2623 532 2680 585 et
2699 524 2929 604 abjecta
2959 522 3181 592 anima,
3206 530 3433 584 temere
3459 521 3676 585 adver-

305 617 649 698 λετώμενον,
706 624 863 674 τοῦτο
892 616 957 684 δὴ
989 619 1048 673 τὸ
1093 620 1187 674 τοῦ
1214 617 1376 695 λόγου
1404 616 1556 683 ἀετὸς
1596 619 1665 683 ἧν
1693 620 1749 673 ἓν
1800 616 1954 697 νεφέ-

2040 632 2141 677 sus
2169 633 2234 676 se
2265 615 2623 694 comparari,
2649 625 2799 687 erat,
2830 621 2891 674 ut
2919 612 3090 689 vulgo
3116 610 3358 684 dicitur,
3383 610 3579 693 aquila
3612 611 3676 673 in

302 708 439 771 λαις
470 707 715 773 ἄληπτος
768 711 855 763 καὶ
886 707 1206 787 ἀχείρωτος,
1241 705 1444 782 μᾶλλον
1488 705 1542 762 δὲ
1572 710 1661 763 καὶ
1718 708 1958 784 αἱροῦντα

305 799 478 876 αἱρεῖ,
525 798 619 853 τὸν
650 793 864 865 δοκήσει
915 796 1055 873 μόνῃ
1084 811 1205 861 ταῖς
1248 795 1542 863 ἀληθείαις.
1611 797 1676 853 Τὸ
1706 795 1804 870 μὲν
1856 795 1956 872 γὰρ

292 888 525 967 χρυσίον
600 886 696 942 οὐκ
753 885 1076 960 ἀπωθεῖται,
1136 887 1351 960 μήποτε
1422 886 1508 941 καὶ
1581 881 1706 960 δόξῃ
1778 884 1955 954 μάτην

294 979 579 1050 ὒπονοεῖν,
640 975 727 1031 καὶ
783 972 1081 1030 σκανδάλου
1138 976 1410 1053 παράσχοι
1477 974 1594 1031 τινὰ
1666 973 1952 1053 πρόφασιν,

305 1064 473 1133 διπλῆ
532 1063 587 1120 δὲ
638 1069 835 1138 ζημιοῖ
875 1064 967 1119 τὸν
1020 1061 1301 1136 πολέμιον,
1334 1062 1446 1138 ἅμα
1505 1062 1603 1137 μὶν
1656 1063 1954 1141 γρημάτων

310 1156 619 1226 ἀποστερῶν
680 1152 767 1210 καὶ
826 1151 1004 1218 ἄλλως
1062 1152 1475 1232 φιλοχρήματον
1523 1152 1670 1232 ὄντα,
1716 1151 1827 1227 ἅμα
1901 1150 1956 1207 δὲ

311 1245 401 1300 καὶ
458 1243 549 1307 τὰς
608 1239 825 1307 ἐλπίδας
885 1241 979 1304 αῖς
1040 1240 1320 1321 ἐπωχεῖτο
1365 1243 1595 1317 ματαίας
1652 1243 1742 1298 καὶ
1800 1241 1954 1303 κενὰς

305 1329 627 1404 ἀποδείξεις,
660 1332 745 1387 καῖ
809 1328 957 1388 οὒδὶν
1006 1334 1136 1408 πρὸς
1188 1331 1248 1386 τὸ
1300 1332 1499 1387 σκοπὸν
1536 1330 1766 1410 ἐχούσας
1822 1331 1952 1386 ἀκό-

304 1421 518 1477 λουθον·
569 1418 690 1476 ἀλλ’
748 1420 807 1475 ὃν
856 1419 1007 1499 ἔχειν
1065 1419 1119 1475 ἒν
1169 1418 1351 1480 πέδαις
1395 1417 1497 1486 ἤδη
1550 1419 1737 1476 λέοντα
1793 1418 1953 1494 ᾤετο,

300 1517 494 1568 τοῦτον
554 1507 676 1566 κατ’
739 1511 898 1567 αὐτοῦ
926 1509 1225 1587 θερμότατα
1286 1507 1540 1585 διεγείρας
1584 1511 1672 1565 καὶ
1715 1508 1957 1587 λαμπρὸς

298 1603 485 1680 φανεὶς
545 1600 605 1655 τὸ
664 1600 762 1666 τῆς
828 1600 1146 1678 παροιμίας,
1196 1598 1277 1653 ὅτι
1338 1600 1467 1675 πρὸς
1527 1596 1712 1654 λέοντα
1769 1598 1956 1675 δορκάς

299 1678 500 1768 μάχης
550 1687 776 1756 ἥπτετο.
837 1678 929 1752 Ὠς
990 1689 1090 1766 γὰρ
1141 1686 1240 1756 ἢδη
1285 1690 1372 1744 καὶ
1428 1690 1456 1743 ὁ
1499 1689 1679 1765 καιρὸς
1739 1688 1955 1759 ἐνέστη,

2040 702 2391 778 nubibus,ut
2412 703 2512 784 qui
2536 721 2648 764 nec
2670 710 2873 782 posset
2892 701 3019 781 capi
3051 719 3161 762 nec
3184 700 3473 777 vinci;sed
3505 716 3677 763 reveo

2037 810 2103 852 ra
2131 793 2327 872 potius
2344 810 2481 854 eum
2506 790 2793 872 capit,qui
2814 788 3300 852 simulabat.Nam
3318 806 3526 851 aurum
3549 788 3679 870 qui-

2039 880 2173 942 dem
2202 900 2314 942 non
2336 880 2595 961 repellit,
2626 899 2701 941 ne
2731 879 2883 941 forte
2902 879 3199 941 videretur
3225 888 3452 941 temere
3474 877 3674 959 suspi-

2040 970 2185 1044 cari,
2220 981 2279 1032 et
2307 970 2656 1031 otfensionis
2677 968 2932 1049 aliquam
2959 968 3251 1048 praeberet
3270 969 3669 1030 occasionem:

2038 1063 2137 1118 sed
2163 1062 2378 1132 duplici
2395 1063 2605 1119 damno
2628 1061 2801 1118 aﬂlcit
2822 1060 3414 1129 adversarium,simul
3437 1061 3673 1135 quidem

2040 1148 2275 1229 privans
2307 1148 2599 1228 pecuniis,
2628 1166 2761 1209 cum
2797 1154 2954 1208 esset
2984 1146 3209 1227 alioqui
3239 1164 3467 1222 avarus,
3495 1152 3553 1207 et
3584 1146 3675 1207 si-

2039 1238 2160 1299 mul
2192 1237 2365 1299 etiam
2392 1256 2556 1317 spem
2587 1255 2791 1298 vanam
2816 1245 2872 1296 et
2900 1237 3139 1297 inanem
3174 1236 3523 1313 ostendens,
3560 1253 3677 1316 qua

2038 1326 2453 1398 ducebatur,et
2476 1344 2608 1407 qua:
2632 1326 2779 1386 nihil
2804 1324 3057 1385 habebat
3078 1324 3151 1384 ad
3182 1342 3426 1405 scopum
3453 1325 3677 1405 pertin-

2039 1414 2330 1492 gens.Setl
2361 1433 2535 1497 quem
2559 1415 2795 1477 leonem
2821 1412 3282 1475 existimabatse
3300 1414 3422 1493 jam
3455 1412 3677 1475 habere

2039 1506 2100 1565 in
2131 1506 2379 1585 pedicis,
2404 1524 2540 1567 eum
2565 1523 2696 1566 cum
2729 1506 2785 1566 in
2804 1522 2868 1565 se
2886 1502 3247 1564 concitasset
3267 1503 3674 1565 vehementis-

2039 1594 2214 1665 sime,
2250 1596 2533 1675 praeclare
2578 1596 2858 1668 ostendit,
2895 1602 2960 1653 ut
2990 1601 3079 1653 est
3109 1595 3167 1652 in
3200 1592 3535 1672 proverbio,
3572 1609 3674 1654 ca-

2039 1702 2242 1764 pream
2268 1685 2477 1747 iniisse
2502 1703 2757 1764 pugnam
2780 1683 3061 1744 adversus
3089 1682 3351 1744 leonem.
3372 1683 3519 1745 Nam
3538 1700 3675 1744 cum

293 1778 559 1841 κάκεῖνος
622 1778 817 1855 ἀπῄτει
866 1780 952 1833 καὶ
1010 1776 1136 1854 παρ’
1174 1776 1334 1836 αὐτοῦ
1366 1780 1463 1842 τὴν
1522 1776 1833 1855 ὁμολογίαν,
1867 1778 1954 1833 καὶ

2038 1773 2152 1852 jam
2180 1782 2416 1855 tempus
2444 1774 2806 1847 advenisset,
2836 1781 2891 1833 et
2917 1772 3017 1835 ille
3046 1771 3119 1832 ab
3142 1791 3213 1833 eo
3235 1771 3504 1852 petiisset
3528 1789 3678 1833 con-

295 1866 652 1945 παρέστησαν
712 1868 759 1923 οἰ
818 1866 903 1923 ἐπὶ
959 1867 1132 1941 τούτῳ
1187 1865 1539 1944 πεμφθέντες,
1587 1866 1807 1925 ἐιταὺθά
1864 1889 1953 1942 μοι

2038 1863 2384 1946 fessionem,
2419 1872 2476 1925 et
2501 1864 2782 1925 adessent
2813 1863 2917 1943 qui
2961 1881 3029 1922 ea
3057 1863 3128 1923 de
3155 1880 3332 1923 causa
3363 1860 3528 1923 missi
3557 1862 3681 1923 fue-

291 1956 494 2012 σκόπει
554 1957 618 2011 τὸ
662 1953 906 2034 ἀνδρικόν
960 1955 1119 2014 αὐτοῦ
1174 1959 1269 2023 τῆς
1322 1960 1508 2035 ψυχῆς
1552 1956 1641 2013 καὶ
1682 1968 1947 2033 γενναῖον.

2038 1963 2188 2029 rant,
2227 1954 2324 2015 hic
2370 1954 2514 2015 mihi
2547 1954 2864 2015 considera
2915 1952 3046 2031 ejus
3079 1951 3264 2012 animi
3297 1950 3574 2013 virtutem
3620 1958 3682 2013 et

296 2045 632 2124 Συναγαγὼν
672 2044 772 2123 γὰρ
829 2047 962 2120 ὁμοῦ
1013 2046 1214 2108 πάντας
1275 2044 1401 2106 to"):
1458 2048 1556 2112 τήν
1602 2043 1804 2123 ἐρήμου
1847 2067 1953 2101 πο-

300 2133 490 2203 λέτας,
521 2135 609 2190 καὶ
652 2134 835 2211 καιρὸν
880 2135 1024 2189 εἶναι
1072 2135 1234 2189 εἰπὼν
1284 2132 1344 2188 τὰ
1390 2135 1720 2211 προφητικὸν
1778 2134 1954 2190 ἐκεῖνο

302 2222 471 2302 πέρᾶς
526 2221 676 2302 ἔχειν
722 2222 1103 2303 παράγγελμα,
1138 2223 1166 2278 ὃ
1209 2225 1301 2280 τὸν
1344 2228 1510 2301 πρᾶον
1540 2222 1748 2280 κελεῦει
1800 2223 1953 2301 γενέ-

310 2316 436 2369 σθαι
501 2312 786 2391 μαχητὴν,
821 2315 908 2368 καὶ
941 2314 1069 2389 πρὸς
1103 2313 1222 2375 τοὺς
1281 2317 1380 2378 τῆς
1411 2310 1674 2373 εὐσεϐείας
1734 2312 1957 2387 ἀλείψας

309 2402 551 2481 ἀγῶνας,
616 2401 772 2462 αὒτὸς
817 2403 1140 2480 στρατηγὸς,
1198 2403 1357 2463 αὐτὸς
1416 2402 1765 2479 στρατιώτης,
1804 2402 1956 2466 αὐτὸς

309 2490 555 2569 ἀριστεὺς
612 2488 667 2546 ἔν
710 2497 839 2547 πᾶσι
884 2498 1093 2568 πρῶτος
1152 2488 1434 2571 ἐδείκνυιο,
1467 2492 1554 2547 καὶ
1584 2490 1667 2546 διὰ
1700 2492 1956 2569 γραμμά-

311 2603 419 2637 των
448 2585 528 2653 τῷ
568 2578 786 2656 βασιλεῖ
843 2579 1215 2642 συνεπλέκετο,
1254 2581 1352 2637 Καὶ
1382 2578 1567 2648 ἣδιστα
1612 2580 1709 2655 μὲν
1754 2580 1818 2636 ἂν
1871 2584 1960 2638 καὶ

305 2677 416 2726 τῶν
475 2667 794 2735 ἀποδείξεων
850 2669 1023 2725 αὒτῶν
1073 2668 1288 2726 ἐκείνων
1339 2671 1836 2746 ἐμνημονεύσαμεν,
1870 2674 1959 2737 αἷς

308 2756 593 2824 Θεοδόσιος
654 2763 799 2838 σοιφῆ
848 2757 1100 2836 φλυαρίαν
1161 2758 1228 2814 τά
1284 2759 1608 2837 ἰσχυρότατα
1650 2766 1726 2834 τῷ
1780 2759 1958 2818 δοκεῖν

303 2848 413 2906 τῶν
467 2844 878 2927 προϐληθέντων
934 2845 1196 2913 ἀπέδειξε·
1258 2857 1352 2906 τοῦ
1412 2851 1618 2923 μήκους
1683 2848 1737 2905 δὲ
1796 2850 1956 2930 χάριν

2035 2042 2628 2105 fortitudinem.Nam
2651 2062 2788 2103 cum
2811 2060 3023 2102 omnes
3049 2040 3226 2103 simul
3260 2047 3683 2119 congregasset

2041 2131 2201 2193 cives
2233 2132 2665 2207 solitudinis,et
2694 2132 2940 2192 dixisset
2973 2149 3102 2191 esse
3136 2139 3371 2210 tempus
3405 2140 3472 2191 ut
3499 2132 3680 2192 tinem

2041 2223 2343 2302 acciperet
2397 2220 2619 2282 dictum
2654 2220 2798 2281 illud
2834 2220 3267 2300 propheticum,
3304 2219 3465 2296 quod
3509 2219 3682 2299 jubet

2045 2312 2246 2372 mitem
2278 2311 2404 2371 ﬁeri
2431 2317 2907 2389 pugnatorem,et
2931 2327 3036 2369 eos
3065 2308 3439 2370 instruxisset
3459 2310 3530 2369 ad
3553 2326 3682 2370 sus-

2040 2399 2315 2479 cipienda
2371 2401 2702 2479 propietate
2738 2399 3083 2471 certamina,
3118 2416 3182 2459 se
3239 2398 3501 2460 ostendit
3545 2414 3680 2460 esse

2043 2490 2351 2568 ducem,se
2380 2488 2658 2561 militem,
2682 2505 2747 2549 se
2770 2490 2957 2547 virum
2987 2496 3253 2548 strenum
3280 2496 3337 2548 et
3358 2487 3595 2561 fortem,
3622 2494 3683 2549 et

2043 2578 2300 2658 primum
2329 2578 2387 2638 in
2405 2577 2768 2650 omnibus,et
2792 2596 2926 2638 cum
2946 2577 3303 2657 imperatore
3324 2593 3430 2657 per
3451 2576 3682 2638 litteras

2042 2680 2128 2727 est
2147 2670 2595 2743 congressusEt
2619 2669 2996 2726 libentissime
3029 2669 3261 2740 quidem
3283 2670 3682 2728 meminissem

2044 2756 2277 2818 illarum
2305 2757 2563 2836 ipsarum
2594 2754 3033 2833 probationum,
3069 2753 3285 2833 quibus
3304 2754 3680 2817 Theodosius

2038 2853 2273 2924 apertas
2307 2865 2491 2924 nugas
2528 2862 2659 2905 esse
2690 2843 2945 2905 ostendit
2977 2862 3068 2918 ea,
3103 2863 3236 2924 quae
3258 2862 3324 2904 ex
3359 2844 3681 2924 propositis

300 2938 392 2994 καί
448 2938 513 2993 τὰ
546 2944 636 2994 νῦν
691 2936 1080 3016 στοχαζόμενοι
1132 2935 1370 3017 (πολλῶν
1402 2940 1504 3015 γὰρ
1547 2937 1607 2993 ἂν
1638 2937 1823 3006 ἐδέησε
1871 2942 1954 2996 καὶ

2040 2934 2394 2997 videbantur
2416 2953 2548 2996 esse
2572 2933 3069 3015 validissima;sed
3105 2941 3344 3013 propter
3367 2933 3682 3012 prolixita-

300 3032 504 3106 χειρῶν
538 3027 630 3082 καὶ
686 3023 935 3105 βίϐλων),
969 3026 1065 3093 τῆς
1125 3025 1217 3083 ἐπὶ
1273 3026 1408 3083 τέλει
1438 3027 1609 3103 μόνης
1662 3028 1954 3107 παρρησίας

2038 3034 2182 3100 tem,
2212 3034 2267 3086 et
2288 3044 2356 3086 ea
2388 3035 2687 3105 spectans,
2715 3024 2791 3085 de
2822 3023 3037 3104 quibus
3053 3024 3243 3101 agitur
3270 3022 3330 3083 in
3365 3022 3684 3102 praesentia

299 3114 806 3190 ἰπιμνησθήσομαι,
873 3115 1048 3181 Δῆλον
1117 3117 1217 3195 γὰρ
1296 3118 1380 3173 καὶ
1454 3115 1620 3181 οὕτως
1681 3115 1828 3174 ἔσται
1887 3117 1953 3175 δι’

2042 3115 2261 3195 (multis
2293 3117 2451 3175 enim
2505 3114 2962 3208 manibusopus
2993 3121 3148 3208 esset
3170 3122 3229 3174 et
3258 3112 3453 3192 libris)
3484 3114 3682 3208 solum

300 3203 487 3283 ὀλίγου
540 3205 602 3259 τὸ
646 3211 738 3261 τοῦ
768 3203 953 3283 ἀνδρὸς
1004 3203 1276 3284 ἐλεύθερόν
1324 3228 1379 3262 τε
1427 3207 1510 3262 καί
1568 3206 1949 3272 ἀταπείνωτον,

2040 3206 2373 3265 meminero
2402 3208 2527 3281 ejus
2561 3203 2802 3264 dicendi
2833 3202 3147 3277 libertatis,
3184 3221 3300 3282 qua
3329 3220 3469 3264 usus
3499 3211 3588 3263 est
3620 3202 3682 3263 in

304 3297 446 3371 Εἶχε
475 3291 531 3350 δὲ
562 3291 664 3350 ὧδε
691 3294 758 3350 τὰ
802 3295 1171 3373 γεγραμμένα.

2038 3295 2158 3355 ﬁne
2190 3296 2285 3356 Sic
2320 3293 2480 3355 enim
2506 3292 2708 3372 paucis
2739 3292 3290 3371 ostendetur,quam
3323 3300 3482 3353 esset
3500 3292 3680 3353 homo

2038 3383 2280 3458 liber,et
2302 3383 2403 3463 qui
2436 3398 2811 3461 nequaquam
2847 3380 3028 3460 dejici
3058 3380 3391 3460 deprimive
3422 3388 3677 3461 poterat.

2036 3471 2136 3535 Sic
2165 3482 2362 3534 autem
2396 3470 2616 3533 habent
2647 3490 2738 3545 ea,
2773 3488 2906 3549 quae
2932 3470 3151 3548 scripta
3192 3479 3351 3531 sunt.

1791 3633 2023 3694 CAPUT
2063 3634 2178 3690 XII.

985 3756 1263 3839 Epistola
1293 3759 1357 3824 S.
1394 3757 1718 3823 Theodosii
1744 3761 1824 3823 ad
1854 3762 2305 3841 imperatorem,
2337 3767 2390 3820 et
2421 3758 2601 3837 hujus
2623 3772 2997 3837 responsum.

381 3891 505 3965 μθ’.
543 3889 644 3947 Δύο
672 3896 782 3948 τῶν
812 3891 1176 3969 προκειμένων
1227 3894 1388 3971 ἡμῖν,
1422 3896 1467 3951 ὦ
1495 3894 1733 3972 βασιλεῦ,
1771 3896 1806 3963 ἢ
1857 3897 1953 3972 ζῇν

2118 3893 2217 3954 46.
2252 3894 2398 3955 Cum
2437 3890 2555 3971 (3t)
2596 3893 2717 3951 haec
2771 3888 2889 3950 duo
2920 3889 3039 3950 sint
3072 3886 3245 3951 nobis
3279 3888 3603 3973 proposita,
3639 3911 3676 3958 ο

296 3982 541 4061 αἰσχρῶς
601 3981 689 4037 καὶ
737 3979 1088 4059 ἀνελευθέρως
1152 3986 1269 4047 τοῖς
1330 3982 1649 4062 Ἀκεφάλοις
1709 4007 1951 4042 συναπα-

2038 3983 2382 4062 imperator,
2416 3980 2499 4041 vel
2535 3980 2789 4059 turpiter
2813 3988 2877 4039 et
2906 3978 3282 4041 illiberaliter
3312 3982 3504 4044 vivere
3526 4001 3678 4045 con-

293 4070 557 4150 χθέντας,
600 4070 635 4137 ἢ
686 4072 866 4126 θανεῖν
922 4069 1102 4135 καλῶς
1154 4085 1271 4137 τοῖς
1315 4073 1491 4149 ὀρθοῖς
1536 4075 1641 4131 τῶν
1700 4074 1949 4154 Πατέρων

2038 4070 2347 4133 sentiendo
2382 4068 2723 4149 Acepltalis,
2761 4069 2851 4131 vel
2883 4069 3137 4131 honeste
3183 4071 3334 4132 mori
3363 4072 3674 4152 sequendo

293 4157 717 4222 ἀκολουθοῦντας
747 4156 1032 4240 δόγμασιν,
1078 4160 1187 4217 ἴσθι
1245 4164 1336 4217 τὸν
1366 4162 1588 4220 θάνατον
1631 4165 1770 4237 ἡμῖν
1799 4164 1942 4221 εἶναι

2038 4171 2196 4223 recta
2218 4167 2454 4222 Patrum
2486 4161 2788 4236 dogmata;
2811 4163 2961 4219 scito
2999 4170 3249 4219 mortem
3283 4179 3315 4221 a
3348 4160 3521 4222 nobis
3542 4180 3677 4226 esse

294 4246 680 4325 προτιμητέον.
730 4255 989 4306 Τοσοῦτον
1034 4250 1134 4328 γὰρ
1166 4248 1373 4327 ξδέομεν
1414 4258 1533 4318 τοῦς
1562 4266 1771 4317 καινοῖς
1817 4257 1941 4310 τού-

2038 4250 2493 4332 praelerandam.
2528 4246 2783 4309 Tantum
2834 4247 2995 4309 enim
3027 4247 3217 4321 abest,
3250 4256 3316 4310 ut
3344 4249 3473 4312 haec
3522 4266 3678 4313 nova

296 4358 413 4399 τοις
470 4336 687 4394 ἕπεσθαι
739 4335 1019 4415 δόγμασιν,
1056 4338 1181 4396 ὅσον
1236 4343 1340 4420 οὖχ
1384 4342 1548 4416 ἡμεῖς
1604 4344 1757 4401 μόνοι
1809 4341 1945 4399 κατά

2038 4356 2357 4420 sequamur
2378 4338 2675 4416 dogmata,
2714 4344 2777 4396 ut
2803 4355 2921 4397 non
2946 4337 3141 4398 solum
3172 4336 3233 4398 in
3260 4338 3389 4400 loco
3410 4338 3679 4403 mansuri

298 4426 491 4506 χώραν
549 4398 972 4502 μενοῦμενυτοῖς
999 4398 1345 4507 ’προλαϐοὖᾶ
1398 4398 1582 4505 νόμοις
1612 4434 1717 4486 τῶν
1778 4433 1950 4488 Πατέ-

2038 4398 2247 4505 simus,
2284 4398 2694 4509 praecedentes
2723 4425 2959 4487 Patrum
2991 4426 3154 4505 leges
3174 4436 3535 4509 sequentes;
3567 4430 3677 4494 sed

302 4537 411 4593 ρων
470 4522 838 4595 ποιχοῦντες·
879 4514 1018 4572 ἀλλά
1070 4518 1156 4572 καὶ
1202 4518 1325 4582 τοὺς
1382 4516 1562 4585 ἤλλως
1592 4519 1736 4598 παρά
1791 4527 1955 4577 ταῦτα

308 4601 622 4682 πρεσϐεύειν
704 4604 1154 4685 ἀνασχομένουςῗ,
1238 4606 1641 4685 ἀποκηρύξομεν
1724 4608 1953 4674 εὐσεϐῶς

310 4695 401 4749 καὶ
456 4693 747 4769 ἀναθέματι
818 4692 1302 4772 καθυποϐολοῦμεν·
1383 4700 1444 4756 οὗ
1501 4698 1597 4773 μὲν
1663 4697 1800 4755 ἀλλὰ
1870 4700 1952 4756 καὶ

312 4783 785 4863 χειροτονούμενόν
851 4805 970 4840 τινα
1047 4790 1155 4841 τῶν
1236 4785 1553 4866 Ἀκεφάλων
1636 4790 1766 4868 πρὸς
1836 4789 1954 4865 βίαν

310 4873 478 4945 ἡμεῖς
537 4875 597 4931 οὗ
627 4870 1043 4951 παραδεξόμεθα.
1102 4874 1249 4941 Μηδὲ
1307 4876 1516 4955 γένοιτό
1564 4899 1719 4957 ποτε,
1765 4879 1953 4957 Χριστὲ

313 4959 563 5041 Βασιλεῦ,
599 4960 695 5017 οιᾶν
738 4983 787 5016 τι
816 4968 1055 5018 τοιοῦτον
1120 4965 1319 5040 συμϐῇ,
1349 4966 1441 5021 τὸν
1471 4964 1654 5044 ἔφορον
1684 4966 1779 5035 τῆς
1810 4965 1952 5035 ἀλη-

310 5051 451 5116 θείας
507 5051 639 5107 Θεὺν
693 5050 928 5128 μάρτυρα
985 5052 1365 5128 ποιησάμενοι⁴
1424 5053 1627 5130 μᾶλλον
1687 5056 1741 5112 δὲ
1800 5056 1954 5114 αὐτὸν

312 5138 520 5197 ἐκεῖνον
576 5142 751 5196 εἰπεῖν
806 5140 895 5196 τὸν
954 5146 1042 5196 νῦν
1096 5140 1183 5199 ὑπ’
1215 5147 1389 5202 αὐτῶν
1442 5143 1952 5227 βλασφημούμενον,

314 5227 513 5306 μέχρις
598 5228 835 5304 αἵματος
907 5229 1355 5300 ἀντικαταστῆναι
1429 5233 1728 5311 θελήσομεν
1760 5254 1777 5271 ⁸
1862 5238 1952 5293 καὶ

313 5314 489 5397 ὥςπερ
541 5316 671 5396 ὑπὲρ
719 5315 987 5397 πατρίδος,
1034 5318 1197 5387 οὕτως
1247 5321 1451 5398 μᾶλλον
1493 5324 1621 5403 ὑπὲρ
1651 5330 1751 5392 τῆς
1794 5326 1950 5395 ὀρθῆς

383 5448 504 5521 (31)
536 5447 808 5521 Epistolis
838 5449 961 5506 haec
1011 5451 1339 5511 referuntur
1369 5470 1400 5512 a
1452 5455 1697 5513 Baronio
1738 5455 1809 5513 ad
1857 5470 1950 5514 an.

313 5518 894 5599 9h._5il.'Eiusdem
953 5525 1191 5595 spiritus
1229 5536 1284 5584 et
1340 5526 1444 5584 zeli
1482 5534 1666 5599 exstat
1712 5527 1955 5599 epistola

314 5592 371 5651 8.
429 5591 591 5652 Saba
619 5591 693 5649 ad
729 5591 1131 5664 imperatorem
1173 5609 1298 5669 quas
1327 5611 1421 5656 an.
1481 5597 1689 5656 Christ.
1723 5591 1826 5656 5'13
1861 5614 1957 5660 re-

2037 4538 2136 4581 eos
2160 4523 2458 4591 etiaru,qui
2484 4533 2685 4592 praeter
2709 4520 2828 4578 haec
2854 4520 2967 4578 alia
2990 4523 3137 4579 tueri
3160 4522 3556 4592 sustinuerint.
3584 4527 3678 4597 pie

2038 4606 2470 4681 abdicabimus,
2504 4615 2564 4667 et
2595 4605 2953 4685 subjicimus
2982 4608 3347 4671 anathemati
3375 4626 3389 4671 :
3424 4610 3530 4672 sed
3561 4629 3676 4675 nec

2038 4695 2225 4758 ullum
2253 4716 2320 4758 ex
2351 4694 2676 4776 Acephalis
2708 4695 3069 4771 ordinatum,
3098 4714 3204 4777 per
3235 4698 3350 4759 vim
3374 4699 3673 4781 suscipie-

2040 4786 2368 4851 mus.Ahsit
2389 4794 2450 4846 ut
2466 4786 2578 4847 hoc
2609 4785 2771 4861 ﬁat,o
2795 4786 2921 4848 Rex
2944 4784 3198 4849 Christel
3234 4796 3292 4848 et
3313 4787 3363 4847 si
3390 4788 3507 4851 tale
3527 4788 3675 4866 quid

2036 4874 2643 4955 contigerit,veritatis
2666 4877 2850 4938 Deum
2887 4876 3207 4956 praesidem
3242 4884 3546 4955 testantes,
3579 4877 3673 4941 vel

2039 4964 2236 5046 potius
2260 4965 2424 5026 illum
2448 4963 2777 5045 ipsum,qui
2809 4983 2965 5027 nunc
2988 4964 3061 5027 ab
3094 4965 3238 5047 ipsis
3258 4966 3586 5029 maledictis
3617 4977 3677 5030 et

2038 5054 2408 5135 blasphemis
2429 5055 2944 5135 appetitur,usque
2960 5054 3032 5115 ad
3060 5056 3409 5133 sanguinem
3435 5056 3677 5121 resiste-

2038 5163 2192 5207 mus:
2222 5153 2282 5206 et
2310 5144 2608 5225 quomodo
2641 5162 2746 5224 pro
2781 5144 2991 5224 patria,
3027 5144 3108 5207 ita
3138 5147 3326 5208 multo
3352 5148 3535 5225 magis
3566 5165 3673 5228 pro

2032 5242 2193 5297 recta
2224 5234 2342 5296 ﬁde
2391 5233 2650 5295 libenter
2676 5235 2905 5295 animas
2956 5235 3408 5315 protundemus,
3441 5236 3679 5300 etiamsi

2033 5322 2163 5404 ipsa
2178 5330 2383 5385 sancta
2404 5321 2536 5384 loca
2556 5321 2675 5400 igni
2708 5323 3013 5404 perdenda
3044 5322 3225 5385 visuri
3258 5342 3492 5407 sumus,
3517 5324 3676 5399 Quid

2037 5457 2218 5515 fertur
2252 5474 2278 5513 ε
2315 5457 2568 5538 ῌθτοοὶο
2599 5472 2635 5538 :_
2676 5456 2809 5538 licet
2839 5472 2957 5516 non
2991 5467 3236 5531 constet,
3265 5473 3381 5535 quo
3436 5473 3676 5538 quasque

2037 5539 2294 5599 tempore
2326 5529 2497 5586 fuerit
2526 5530 2761 5600 scripta.
