4018 6136
417 242 536 310 519

1715 248 1879 318 ΜΕΝ
1885 250 1996 316 SIS
2035 254 2487 322 JANUARIUS.

3649 254 3752 325 520

418 382 579 444 enim
628 400 777 463 opus
806 399 941 445 esse
974 376 1104 443 solo
1135 383 1403 458 nomine,
1443 384 1682 464 quando
1712 386 1842 466 ipsa
1885 405 2041 449 sacra

2138 389 2366 453 πίστεως
2425 390 2591 459 ἠδεως
2652 391 2745 455 τὰς
2792 389 2971 470 ψυχὰς
3034 390 3356 467 προσόμεθα,
3420 389 3517 443 κᾶν
3586 390 3751 457 αὖτοὺς

422 488 629 534 revera
655 471 998 534 afﬁciuntur
1030 471 1393 534 contumelia
1423 471 1447 533 ?
1479 472 1596 535 Nos
1627 493 1766 553 ergo
1797 475 1917 553 (32)
1945 495 2056 538 ne-

421 579 713 642 quaquam
787 560 1174 622 admittenms
1231 560 1455 640 aliquid
1527 565 1774 633 sentire,
1832 573 2056 625 tantum

419 649 593 714 abest
619 658 685 711 ut
717 650 943 724 dicere,
980 649 1137 730 quod
1167 649 1465 729 discrepet
1495 670 1528 712 a
1558 655 1777 714 sanctis
1801 663 1857 713 et
1888 672 2057 716 oecu-

420 740 679 803 menicis
733 738 1025 801 conciliis.
1083 738 1167 800 Ex
1225 738 1444 818 quibus
1503 740 1762 820 primum
1816 743 2055 823 quidem

422 839 669 893 ornatur
699 828 982 890 trecentis
1004 826 1216 889 decem
1238 838 1294 889 et
1325 839 1459 891 octo
1491 830 1785 906 Patribus,
1806 832 2057 912 quicum

420 918 703 982 adversus
733 918 938 978 Arium
976 917 1036 977 in
1090 927 1295 979 sancto
1328 917 1553 999 Spiritu
1583 921 1780 981 Nicem
1837 940 2057 983 conve-

419 1014 670 1083 nissent,
698 1007 1062 1070 anathemati
1096 1008 1382 1069 miserum
1410 1007 1757 1088 subjiciunt,
1795 1021 1902 1072 eta
1932 1030 2057 1073 cor-

418 1116 563 1177 pore
592 1095 951 1159 abscindunt
971 1095 1770 1172 ecclesiastico,alienantem
1803 1118 1836 1160 a
1868 1101 2057 1162 l’atris

414 1186 674 1250 essentia
724 1204 882 1260 eum,
918 1184 1018 1265 qui
1051 1195 1142 1247 est
1186 1195 1392 1247 natura
1427 1188 1636 1260 Filius,
1676 1198 1733 1249 et
1784 1189 2056 1251 introdu-

415 1285 652 1341 centem
708 1275 987 1354 dogmata
1019 1275 1215 1337 aliena
1261 1295 1294 1336 a
1325 1287 1486 1338 recta
1539 1277 1678 1339 ﬁde.
1715 1277 2055 1340 Secundum

411 1375 611 1428 autem
664 1364 925 1444 impulsu
984 1363 1181 1425 divino
1242 1374 1663 1445 congregatum
1739 1368 2053 1429 adversum

412 1453 854 1533 Macedonium,
889 1458 987 1532 qui
1022 1454 1146 1530 ipse
1179 1474 1414 1536 quoque
1445 1456 1734 1518 scelerate
1766 1457 2057 1539 loqueba-

413 1553 513 1607 tur
539 1544 821 1606 adversus
850 1541 1074 1603 bonum
1106 1541 1416 1623 Spiritum,
1451 1564 1589 1606 eum
1620 1545 1877 1610 abdicat.
1904 1549 2053 1609 Ter-

414 1640 560 1696 tium
613 1644 809 1695 autem
859 1633 1140 1694 adversus
1186 1634 1492 1713 profanam
1526 1644 1583 1697 et
1631 1639 2051 1699 exsecrandam

2143 475 2207 544 δὴ
2266 481 2385 536 τοὺς
2446 482 2621 557 ἁγίους
2687 481 2876 536 τόπους
2924 479 3056 555 πυρὺ
3113 481 3422 553 θεασώμεθα
3493 482 3747 555 φθειρτιμέο

2144 589 2284 631 νους.
2347 571 2407 626 Τί
2455 571 2554 647 γὰρ
2613 569 2677 637 δὴ
2736 571 2822 625 καὶ
2878 568 3064 648 ὄφελος
3120 568 3378 642 ὀνόματος
3433 565 3614 641 μόνου,
3646 567 3750 625 ὅταν

2142 658 2271 713 αὐτὰ
2326 658 2450 735 γοῦν
2482 661 2546 715 τὰ
2605 660 2716 736 ἱερὰ
2761 660 3047 738 πράγματα
3098 655 3521 733 καθυϐρίζητκι;
3578 660 3643 714 ΟΞ)
3667 659 3747 731 μὲν

2141 745 2231 801 οὖν
2288 746 2452 821 ἡμέῖς
2483 747 2684 821 ἀπᾴδον
2712 772 2764 805 τι
2820 754 2925 803 τῶν
2955 748 3221 824 τεσσάρων
3280 746 3447 823 ἁγίων
3477 747 3566 800 καὶ
3599 746 3740 801 οἰκου-

2142 842 2374 908 μενικῶν
2427 837 2657 894 συνόδων
2700 840 2982 917 φρονῆσαι,
3018 839 3148 912 μήτι
3192 857 3252 913 γε
3299 836 3384 891 κοὶ
3430 834 3597 890 εἰπεῖν
3632 832 3736 900 ὅλως

2142 924 2556 1001 παραδεξόμεθαο
2617 930 2691 982 ὧν
2748 931 2784 998 ἡ
2858 926 2953 995 μὲν
3024 927 3210 1003 πρώτη
3278 937 3393 989 τοῖς
3462 927 3743 1000 τριακοσίοις

2143 1010 2267 1070 δέκα
2326 1017 2414 1072 καὶ
2442 1017 2586 1072 ὀκτὼ
2637 1030 2924 1091 κοσμεῖται
2977 1014 3263 1091 Πατράσιν,
3298 1015 3351 1070 οἳ
3386 1014 3522 1068 κατὰ
3576 1012 3749 1088 Ἀρείου

2143 1100 2197 1155 ἐν
2255 1101 2387 1179 ἁγίῳ
2454 1105 2713 1179 Πνεύματσ
2778 1106 2896 1181 περὶ
2953 1105 3051 1169 τὴν
3124 1101 3343 1160 Νικαίαν
3418 1102 3750 1172 συνελθόντες,

2140 1190 2431 1266 ἀναθεματι
2481 1196 2571 1249 τὸν
2601 1192 2778 1249 ὰθλιον
2808 1190 3163 1250 ὑποϐάλλουσί
3215 1212 3270 1246 τε
3299 1192 3394 1245 καὶ
3430 1196 3520 1244 τοῦ
3570 1188 3753 1257 ἐκκλη-

2140 1273 2716 1359 σιαστικοῦῖξσώματος
2776 1282 3190 1357 ἀποτὲμνουσιν,
3251 1277 3624 1355 ἀλλοτριοῦντα
3673 1284 3755 1347 τῆς

2140 1372 2231 1425 τοῦ
2289 1373 2494 1448 Πατρὸς
2527 1372 2707 1436 οὐσίας
2760 1374 2850 1428 τὸν
2883 1375 3032 1451 φύσει
3084 1372 3226 1449 Υἱὸν,
3258 1371 3345 1425 καὶ
3374 1366 3627 1445 ἀλλότρια
3668 1374 3756 1435 τῆς

2142 1460 2318 1535 ὑγιοῦς
2376 1461 2605 1525 πίστεως
2676 1460 3081 1538 δογματίζοντα,
3147 1452 3206 1515 Ἠ
3265 1456 3482 1536 δευτέρα
3545 1456 3597 1511 δὲ
3640 1459 3759 1514 κατὰ

2138 1546 2460 1605 Μακεδονίου
2517 1552 2837 1619 θεοκινήτως
2897 1552 3351 1627 συναθροισθεῖσα,
3418 1546 3622 1623 πονηρὰ
3685 1548 3760 1603 καὶ

2142 1637 2295 1692 αὖτὸν
2353 1640 2488 1694 κατὰ
2549 1649 2641 1698 τοῦ
2698 1640 2892 1716 ἀγαθοῦ
2924 1638 3278 1715 φθεγγόμενον
3323 1637 3623 1710 πνεύματος
3678 1634 3760 1690 ἐκ-

408 1722 673 1803 linguam
730 1720 1149 1810 Nestoriitqui
1182 1723 1311 1802 ipse
1355 1742 1593 1805 quoque
1624 1725 1882 1787 absurda
1930 1736 2041 1788 erat

2137 1725 2409 1802 κηρίντει.
2464 1729 2558 1785 Καὶ
2618 1730 2647 1796 ἡ
2693 1731 2841 1804 τρίτη
2893 1726 2948 1783 δὲ
3001 1729 3138 1784 κατὰ
3187 1726 3470 1804 Νεστορίου
3524 1730 3622 1791 τῆς
3674 1726 3760 1801 βε-

411 1812 648 1875 locutus
696 1812 981 1873 adversus
1012 1809 1230 1873 Christi
1283 1813 1482 1874 carnis
1513 1825 1806 1895 susceptae
1851 1818 2050 1876 consi-

409 1903 581 1978 lium,
617 1900 864 1980 pulchre
893 1900 1117 1977 Ephesi
1167 1901 1467 1965 convenit.
1515 1902 1656 1965 Post
1708 1904 1853 1978 haac,
1894 1905 2051 1984 quod

404 1991 541 2065 fuit,
574 1992 748 2053 etiam
803 1987 1183 2053 Chalcedone
1239 2001 1655 2053 sescentorum
1707 2003 1764 2053 et
1813 1994 2052 2073 triginta

404 2080 737 2143 divinorum
784 2078 1024 2140 Patrum
1056 2095 1070 2141 :
1108 2080 1208 2160 qui
1242 2099 1375 2141 cum
1424 2082 1597 2142 etiam
1633 2100 1701 2142 ea
1732 2082 2048 2165 dixissent,

405 2188 539 2250 quas
567 2166 1003 2231 conveniebant
1035 2168 1357 2248 prioribus,
1395 2179 1454 2231 et
1503 2171 1601 2250 qui
1636 2169 1720 2231 illi
1755 2172 2046 2249 dixerant,

400 2258 598 2322 adhuc
646 2258 980 2320 accuratius
1027 2261 1469 2338 exposuissent,
1503 2259 1805 2321 infelicem
1838 2272 1895 2322 et
1946 2281 2048 2323 ex-

398 2348 757 2412 secrandum
810 2346 1139 2426 Eutychem
1173 2366 1290 2408 una
1317 2365 1451 2409 cum
1496 2346 1770 2410 Nestorio
1803 2349 2046 2413 abscin-

400 2438 552 2501 dunt
578 2457 613 2499 a
633 2454 885 2517 corpore
915 2436 1295 2511 Ecclesiae,et
1326 2437 1500 2499 ﬁdem
1535 2439 1888 2501 conﬁrmant
1909 2460 2050 2523 apo-

399 2527 671 2591 stolicam
704 2547 716 2589 :
755 2535 813 2588 et
841 2528 1183 2607 quicunque
1218 2546 1333 2588 non
1368 2528 1447 2589 ita
1482 2528 1804 2602 sentiebat,
1841 2530 2048 2592 decer-

397 2627 549 2679 nunt
582 2636 715 2679 esse
762 2616 1023 2678 alienum
1057 2615 1130 2677 ab
1179 2616 1469 2680 Ecclesia.
1506 2617 1804 2679 Adversus
1834 2620 1960 2681 haec
1992 2629 2051 2682 et

400 2707 555 2786 ignis
582 2707 1042 2780 accendatur,et
1063 2707 1226 2767 ensis
1256 2716 1590 2780 acuatur,et
1625 2726 1783 2768 mors
1815 2728 2049 2789 quoque

396 2796 571 2858 nobis
599 2794 818 2858 acerba
842 2795 1270 2869 afferatur,imo
1304 2795 1528 2869 vero,si
1554 2796 1684 2856 ﬁeri
1719 2798 2042 2877 possit,pro

396 2903 520 2948 una
550 2885 1043 2965 innumerabiles;
1072 2904 1179 2946 nos
1212 2902 1352 2945 vero
1384 2904 1683 2964 nunquam
1723 2888 2043 2965 prodemus

397 2993 596 3037 veram
622 2973 1204 3053 religionem,neque
1226 2992 1318 3048 ea,
1339 2993 1468 3054 quae
1494 2985 1657 3035 recte
1691 2977 2043 3055 placuerunt

2134 1812 2303 1884 δήλου
2359 1816 2604 1893 γλώττης
2659 1819 2747 1872 καὶ
2803 1823 2995 1896 μιαρᾶς
3052 1813 3227 1872 ἄτοπα
3291 1817 3379 1871 καὶ
3425 1812 3585 1870 αὐτοῦ
3639 1814 3763 1870 κατὰ

2135 1904 2231 1970 τῆς
2316 1905 2617 1969 οἱκονοπὶας
2700 1912 2926 1983 Χριστοῦ
3008 1902 3366 1984 φθεγξαμένου
3443 1903 3497 1959 ἐν
3571 1901 3765 1983 Ἐφέσῳ

2134 1992 2311 2058 καλῶς
2349 1994 2719 2064 συνελήλυθεν,
2770 1993 2887 2052 Ἐπὶ
2944 1997 3145 2055 τούτοις
3201 1995 3288 2049 καὶ
3339 1996 3372 2060 ἡ
3436 1993 3491 2047 ἐν
3553 1991 3763 2059 Καλκη-

2133 2079 2242 2138 δόνι
2310 2092 2415 2140 τῶν
2471 2083 2752 2149 ἑξακοσίων
2811 2085 3092 2164 τριάκοντα
3157 2083 3424 2161 θεοφόρων
3498 2082 3762 2161 Πκτέρων,

2135 2175 2188 2228 οἳ
2245 2172 2340 2229 καὶ
2371 2177 2514 2231 αῦτοὶ
2573 2173 2777 2247 συνῳδὰ
2808 2189 2923 2236 τοῖς
2985 2170 3335 2250 προλαϐοῦσιν
3390 2169 3652 2242 εἰπόντες,
3687 2178 3765 2232 καὶ

2132 2261 2197 2316 τὰ
2258 2262 2472 2318 ἐκείνων
2530 2261 2605 2319 ἔτι
2649 2261 3125 2342 ἐξακριϐώσαντας,
3178 2265 3390 2339 Εὐτυχῆ
3451 2262 3543 2316 τὸν
3596 2260 3763 2338 ἀτυχῆ

2131 2353 2218 2406 καὶ
2248 2352 2613 2408 κατάπνυστον
2643 2352 2753 2425 ἅμα
2809 2354 3071 2429 Νεστορίῳ
3102 2353 3192 2406 τοῦ
3219 2352 3358 2426 ἱερου
3400 2351 3502 2416 τῆς
3536 2347 3762 2415 Ἐκκλη-

2132 2440 2246 2505 σίας
2298 2439 2623 2507 ἐκκόπτοησι
2680 2441 2950 2512 σώματος,
2985 2440 3084 2507 τὴν
3143 2436 3511 2508 ἀποστολικήν
3543 2459 3600 2493 τε
3653 2434 3762 2492 δια-

2134 2530 2440 2606 κρατύνουσι
2492 2533 2689 2602 πίστιν,
2723 2531 2810 2585 καὶ
2868 2530 3040 2585 πάντα
3069 2529 3158 2584 τὸν
3209 2529 3286 2602 μὴ
3321 2526 3461 2583 οὕτω
3516 2533 3761 2604 φθονοῦν-

2130 2639 2194 2673 τα
2239 2618 2382 2683 ξένον
2437 2620 2579 2675 εἶναι
2612 2617 2706 2686 τῆς
2751 2617 3071 2683 Ἐκκλησίας
3117 2624 3343 2694 Χριστοῦ
3371 2615 3758 2691 δογματίζουσι.

2133 2707 2270 2782 Πρὸς
2331 2714 2491 2763 ταῦτα
2551 2711 2639 2762 καὶ
2693 2716 2794 2785 πῦρ
2849 2707 3111 2781 ἁπτέσθω,
3148 2708 3235 2761 καὶ
3296 2704 3441 2784 ξίφος
3501 2704 3758 2781 θηγέσθω,

2125 2796 2403 2872 ἐπειγέσθω
2472 2793 2526 2853 δὲ
2583 2798 2666 2851 καὶ
2727 2797 2754 2852 ὸ
2826 2798 3012 2872 πικρὸς
3084 2792 3200 2850 καθ’
3273 2793 3432 2867 ἡμῶν
3518 2796 3753 2865 θάνατος,

2126 2884 2326 2958 μᾶλλον
2376 2884 2429 2939 δὲ
2489 2885 2599 2941 ἀνθ’
2660 2886 2798 2958 ἐνὸς,
2858 2886 2919 2941 ἃν
2974 2885 3248 2964 ἐγχωροῦν
3306 2886 3368 2960 ᾖ,
3430 2885 3630 2956 μυρέοι·
3694 2884 3758 2946 ὡς

2124 2971 2309 3028 οὔποτ’
2356 2973 2417 3027 ἃν
2474 2971 2753 3049 προθῶμεν
2817 2972 2973 3047 ἧμεῖς
3032 2973 3128 3038 τὴν
3192 2970 3488 3051 εῦσεϐειαν,
3537 2969 3650 3030 οῦδὲ
3701 2970 3758 3024 τὰ

2124 3060 2300 3126 καλῶς
2368 3059 2587 3127 δόξαντα
2654 3076 2766 3122 τοῖς
2816 3062 3047 3140 Πατράσι
3106 3069 3179 3133 τῷ
3222 3061 3433 3117 ἀθετεῖν
3506 3060 3757 3133 ἂτιμάσο-

395 3062 695 3166 Patribus,
732 3082 801 3126 ea
830 3062 1174 3171 abrogando
1209 3061 1425 3143 probro
1447 3064 1779 3171 alticiemus
1833 3064 2041 3127 Testes
2057 3119 2099 3171 Ο

398 3153 521 3216 sint
577 3172 780 3216 eorum
815 3154 1089 3227 sudores,
1124 3171 1275 3231 quos
1305 3171 1409 3233 pro
1444 3154 1559 3214 [ide
1617 3167 2036 3233 susceperunt,

2128 3174 2245 3226 μεν,
2310 3151 2379 3208 Οὔ
2411 3152 2486 3224 μὰ
2544 3159 2662 3215 τοῦς
2696 3152 2826 3229 ὸπὲρ
2879 3157 2976 3217 τῆς
3021 3151 3247 3215 πίστεως
3292 3150 3464 3208 αὐτῶν
3522 3149 3755 3228 ἱδρῶτας,

396 3252 457 3306 et
506 3243 706 3305 multae
735 3241 1174 3304 dimicationes.
1225 3240 1341 3304 Sed
1396 3261 1462 3303 ea
1494 3243 1820 3305 manebunt
1870 3245 2039 3306 ﬁrma

2128 3243 2212 3297 καὶ
2270 3241 2335 3297 τά
2406 3239 2582 3296 πολλὰ
2654 3244 2966 3316 σκάμματα,
3028 3240 3163 3296 ἀλλὰ
3236 3253 3391 3314 μενεῖ
3442 3243 3607 3296 ταῦτα
3676 3239 3757 3294 καὶ

396 3343 456 3398 et
484 3333 840 3407 immobilia,
870 3342 930 3395 et
961 3333 1115 3413 apud
1152 3351 1282 3405 nos,
1319 3341 1377 3393 et
1434 3334 1586 3413 apud
1623 3353 1744 3408 eos,
1781 3354 1929 3414 quos
1958 3335 2041 3395 fas

2128 3331 2247 3407 παρ’
2293 3332 2430 3403 ἡμῖν
2459 3331 2545 3385 καὶ
2600 3329 2726 3398 παρ’
2756 3334 2840 3395 οἷς
2874 3331 3018 3387 ὅσιον
3049 3328 3360 3386 ἀκολουθεῖν
3421 3336 3539 3403 Θεῷ
3570 3351 3624 3384 τε
3679 3327 3758 3383 καὶ

396 3435 487 3486 est
546 3435 606 3484 et
637 3423 827 3486 Deum
862 3430 920 3483 et
974 3411 1083 3482 nos
1113 3421 1304 3501 sequi.
1356 3411 1695 3484 Paxvautcm
1747 3411 1877 3499 Dei,
1912 3443 2041 3501 quae

2128 3423 2263 3494 ἡμῖν
2293 3419 2539 3484 ἀκίνητα.
2603 3411 2662 3475 Ἠ
2697 3418 2751 3475 δὲ
2808 3421 2991 3497 εἰρήνη
3024 3427 3113 3477 τοῦ
3149 3426 3281 3475 Θεοῦ
3341 3420 3375 3486 ἡ
3433 3419 3757 3497 ὑπερέχουσα

395 3521 639 3594 superat
687 3530 925 3574 omnem
984 3521 1273 3585 mentem,
1307 3511 1385 3572 sit
1436 3523 1634 3573 custos
1665 3524 1739 3573 et-
1767 3511 1885 3574 dux
1919 3523 2035 3575 tuae

391 3603 691 3685 potentiae.

472 3691 571 3755 50.
608 3690 752 3753 Cum
787 3692 938 3752 hanc
965 3691 1289 3770 imperator
1328 3690 1657 3770 accepisset
1691 3691 2031 3771 epistolam,

391 3779 640 3842 mittens
658 3789 719 3841 et
743 3781 855 3840 vim
879 3780 1179 3848 aiferre,et
1209 3780 1409 3840 conari
1439 3780 1893 3858 persuadere,se
1921 3802 2031 3862 po-

390 3868 510 3930 tius
540 3870 919 3941 submittens,
949 3886 1261 3947 aggressus
1293 3880 1381 3929 est
1413 3887 1475 3929 se
1519 3870 1593 3930 de
1624 3870 1696 3929 iis
1725 3888 2028 3939 excusare,

391 3976 643 4039 quorum
675 3957 1084 4033 accusabatur,
1119 3964 1178 4018 et
1212 3958 1299 4018 sic
1330 3961 1669 4037 composuit
1701 3961 2030 4039 epistolam:

390 4047 583 4128 Hujus
626 4047 1049 4125 innovationis,
1080 4067 1115 4109 o
1149 4049 1326 4108 homo
1358 4046 1488 4121 Dei,
1526 4066 1634 4109 nos
1682 4068 1799 4109 non
1830 4069 2036 4111 sumus

390 4148 684 4201 auctores.
726 4135 965 4200 Testem
996 4137 1369 4198 conﬁdenter
1400 4138 1879 4218 invocamus,qui
1913 4158 2035 4199 om-

391 4229 496 4291 nia
510 4227 830 4296 cernit,Dei
850 4227 1225 4289 oculumzsed
1249 4226 1322 4287 ab
1348 4227 1467 4287 illis
1487 4228 1674 4287 oritur
1695 4227 1792 4289 hic
1816 4237 2029 4303 motus,

387 4337 560 4399 quos,
590 4322 720 4399 plus
751 4336 933 4395 quam
967 4317 1092 4391 alii,
1122 4315 1437 4396 oportebat
1470 4318 1591 4378 haec
1629 4318 1925 4380 honorare
1955 4319 2033 4379 si-

386 4407 594 4469 lentio.
646 4409 821 4468 Nunc
853 4415 1047 4467 autem
1097 4406 1413 4487 cupientes
1462 4406 1682 4486 singuli
1713 4411 1887 4486 primi
1940 4410 2022 4469 vi»

2117 3510 2292 3567 πάντα
2361 3516 2480 3565 νοῦν
2552 3507 2717 3588 φύλαξ
2788 3510 2880 3575 εἴη
2940 3510 3028 3566 καὶ
3100 3507 3294 3586 ὁδηγὸς
3382 3516 3476 3564 τοῦ
3544 3508 3754 3586 κράτους

2117 3622 2232 3661 σου.

2196 3678 2265 3746 ν’.
2328 3688 2535 3755 Ταύτην
2593 3686 2872 3761 δεξάμενος
2904 3689 2930 3742 ὁ
2984 3684 3233 3763 βασιλεὺς
3293 3686 3388 3754 τὴν
3442 3683 3747 3758 ἐπιστολὴν,

2118 3781 2264 3842 εὐθὺς
2318 3786 2441 3856 γοῦν
2501 3780 2562 3833 τὸ
2616 3778 2882 3852 βιάζεσθαι
2954 3778 3041 3833 καὶ
3098 3778 3158 3832 τὸ
3227 3781 3507 3853 πειρᾶσθαι
3564 3777 3753 3832 πείθειν

2118 3870 2291 3947 ἀφεὶς,
2357 3870 2429 3930 εἷς
2489 3865 2779 3944 ἀπολογίαν
2840 3864 3042 3941 μᾶλλον
3099 3863 3179 3921 διὰ
3235 3867 3447 3945 Γραφῆς
3506 3866 3633 3942 ὑπὲρ
3683 3864 3753 3917 ὧν

2118 3960 2307 4035 ᾐτιᾶτο
2364 3967 2617 4035 πρότερον
2674 3957 2976 4035 ὕφειμάνως
3035 3955 3256 4035 ἐχώρει,
3315 3957 3403 4012 καὶ
3448 3956 3587 4012 οὕτω
3642 3973 3748 4012 πως

2119 4049 2398 4105 συνέταττε
2452 4045 2552 4112 τὴν
2597 4044 2907 4112 ἐπιστολὴν.
2967 4050 3074 4112 Τῆς
3138 4046 3477 4120 γαινοτομίας
3534 4044 3748 4116 ταύτης,

2118 4140 2163 4195 ὦ
2220 4137 2458 4215 ἄνθρωπε
2516 4143 2607 4193 τοῦ
2668 4134 2821 4208 Θεοῦ,
2876 4136 2981 4215 οὐχ
3035 4136 3199 4211 ἡμεῖς
3259 4133 3457 4191 αἴτιον·
3525 4134 3748 4211 μάρτυρα

2115 4225 2421 4304 θαῤῥοῧντες
2491 4223 2886 4298 ἐπι-καλούμεθα
2947 4226 3038 4280 τὸν
3097 4225 3273 4281 πάντα
3341 4223 3607 4300 βλέποντα
3659 4224 3743 4276 τοῦ

2117 4324 2247 4373 Θεοῦ
2301 4313 2593 4393 οφθαλμόνο
2626 4312 2765 4368 ἀλλὰ
2823 4313 2945 4391 παρ’
2997 4313 3212 4369 ἐκείνων
3264 4315 3298 4381 ἡ
3343 4336 3545 4370 τουτων
3595 4311 3740 4375 κίνη-

2115 4429 2192 4466 σις
2227 4406 2313 4465 οὒς
2370 4404 2472 4460 ἔδει
2506 4402 2706 4478 μᾶλλον
2765 4409 2869 4459 τῶν
2899 4401 3074 4459 ἄλλων
3135 4408 3315 4479 σιωπῇ
3365 4410 3530 4459 ταῦτα
3565 4405 3733 4475 τιμᾷν.

389 4496 521 4558 deri
553 4506 612 4557 et
642 4495 879 4557 dicendi
913 4479 1192 4557 facultate
1221 4504 1279 4557 et
1332 4479 1640 4573 dignitate,
1675 4479 1905 4576 seipsos
1935 4497 2028 4558 fe-

2128 4495 2220 4553 Νῦν
2275 4493 2328 4549 δὲ
2383 4494 2690 4571 ὀρεγόμενοι
2750 4500 2841 4549 τοῦ
2888 4498 3098 4569 πρῶτος
3157 4495 3328 4550 αὐτῶν
3378 4491 3599 4555 ἕκαστος
3651 4487 3734 4543 δυ-

386 4585 573 4661 riunt,
612 4598 671 4647 et
723 4603 829 4646 nos
859 4586 928 4646 ad
966 4604 1031 4646 se
1064 4585 1315 4645 invicem
1368 4586 1689 4645 attrahunt.
1720 4586 1869 4657 Quid
1923 4606 2031 4647 nos

388 4693 530 4755 ergo
564 4675 725 4737 aliud
748 4676 1225 4754 oportetlacere,
1255 4673 1662 4753 quam,dumii
1696 4685 2029 4751 moventur,

387 4782 501 4827 nos
534 4783 649 4827 non
681 4765 855 4825 simul
890 4763 1135 4838 moveri,
1167 4764 1268 4824 sed
1304 4765 1563 4843 quietem
1597 4764 1880 4845 amplecti
1917 4783 1930 4828 :
1966 4779 2033 4827 ut

389 4854 475 4915 sic
505 4852 868 4934 persuadere
902 4852 1199 4932 possimus
1236 4852 1346 4928 eis,
1385 4852 1485 4932 qui
1516 4853 1614 4914 hic
1642 4872 1880 4915 movere
1907 4864 2031 4915 sta-

387 4945 632 5018 tuerint,
667 4942 916 5005 dimissa
969 4942 1068 5004 tali
1099 4951 1504 5017 contentione,
1540 4961 1656 5004 una
1716 4943 2030 5007 nobiscum

382 5032 700 5111 quiescere
732 5040 759 5096 ?
793 5033 1053 5097 Omnino
1086 5032 1245 5093 enim
1295 5040 1453 5093 tuam
1487 5051 1602 5093 non
1633 5032 1774 5093 latet
1825 5034 2022 5112 pieta-

379 5132 526 5198 tem,
550 5123 704 5204 quod
732 5124 971 5203 quidam
1007 5122 1288 5184 monachi
1315 5130 1374 5184 et
1402 5121 1627 5190 clerici,
1655 5123 1753 5198 qui
1787 5133 2013 5185 rectam

381 5213 521 5274 ﬁdei
552 5212 666 5274 sibi
697 5210 1394 5287 vindicantsententiam,
1421 5213 1548 5273 llth
1576 5229 1816 5273 movere
1854 5231 2025 5275 scan-

455 5347 568 5415 (32)
600 5349 655 5403 S.
690 5346 867 5403 Sabas
925 5348 982 5401 in
1015 5361 1116 5402 sua
1149 5346 1217 5402 ad
1251 5347 1491 5416 imperat
1525 5346 1761 5415 epistola
1800 5362 1814 5402 :
1853 5366 1873 5395 ι
1909 5346 2024 5403 Nos

383 5431 521 5487 ergo
558 5432 664 5472 nec
698 5424 980 5485 patiemur
1010 5418 1228 5487 aliquid
1286 5417 1446 5473 aliud
1476 5418 1685 5473 addere
1715 5426 1918 5487 praeter
1958 5433 2022 5474 ea

384 5501 512 5558 qua)
558 5488 785 5544 decreta
816 5498 949 5543 sunt
987 5504 1028 5558 a_
1052 5489 1318 5545 trecentis
1369 5489 1563 5558 decem
1597 5500 1649 5544 et
1681 5501 1808 5544 uoto
1840 5487 2025 5545 Patri-

294 5606 299 5611 .
380 5555 489 5618 bus
539 5559 639 5630 qui
697 5558 929 5615 luerunt
984 5555 1216 5627 Nicaeae,
1278 5567 1331 5615 et
1391 5557 1601 5629 tribus,
1639 5572 1768 5630 quae
1827 5569 2021 5631 postea

2115 4586 2272 4656 νέμει
2332 4604 2388 4639 τε
2419 4582 2581 4661 λόγου
2629 4584 2718 4639 καὶ
2747 4580 3005 4655 ἀξιώματι
3063 4583 3353 4661 φαίνεσθαι,
3386 4580 3646 4652 ἀλλήλους
3683 4595 3733 4632 τε

2114 4672 2390 4750 βάλλουσι,
2427 4679 2513 4728 καὶ
2570 4675 2712 4745 ἡμᾶς
2743 4673 2873 4749 πρὸς
2929 4671 3139 4736 ἑαυτοὺς
3185 4670 3515 4733 ἁνθέλκουσι.
3563 4670 3616 4728 Τί
3654 4663 3728 4720 οὖν

2113 4764 2290 4840 ἕτερον
2340 4765 2482 4837 ἡμᾶς
2540 4763 2653 4840 χρὴ
2699 4774 2898 4836 ποιεῖν,
2931 4761 2966 4828 ἢ
3033 4762 3228 4824 τούτοις
3285 4762 3611 4835 κινουμένοις
3664 4752 3730 4830 μὴ

2115 4856 2495 4930 συγκινεῖσθαι,
2560 4849 2699 4906 ἀλλά
2762 4850 2861 4916 τὴν
2931 4852 3160 4928 ἡσυχίαν
3232 4850 3599 4923 ἀσπάζεσθαις
3666 4839 3732 4901 ἵν’

2116 4943 2252 4999 οὕτω
2308 4945 2493 4998 πεῖσαι
2547 4940 2850 5014 δυνηθῶμεν
2894 4942 2981 4996 καὶ
3035 4940 3155 5002 τοὺς
3213 4939 3379 4996 ταῦτα
3423 4932 3733 5018 προειρημέ-

2108 5054 2225 5092 νοος
2276 5044 2468 5102 κινεῖν,
2504 5029 2797 5107 ἀφεμένους
2859 5031 3111 5095 τοιαύτης
3170 5028 3482 5108 ἐρεσχελίας
3513 5034 3624 5084 νοῦν
3676 5024 3735 5088 ἧο

2106 5121 2367 5200 συχᾶζεεν
2412 5121 2570 5193 ἡμῖν.
2620 5120 2837 5180 Πάντως
2870 5120 2970 5197 γὰρ
3016 5123 3110 5178 οὐκ
3140 5116 3337 5186 ἄδῆλον
3386 5128 3540 5178 τοῦτο
3570 5121 3632 5191 τῇ
3672 5114 3732 5185 σῇ

2104 5208 2388 5285 θεοσιϐείᾳ,
2428 5212 2503 5273 ὡς
2554 5209 2790 5287 μοναχοί
2829 5230 2970 5271 τινες
3027 5209 3117 5265 καὶ
3144 5206 3397 5288 κληρικοί
3455 5202 3732 5286 ὀρθοδοξίας

2107 5351 2441 5402 consecutae
2512 5350 2666 5406 sunt,
2708 5340 2969 5412 synodis,
3033 5355 3141 5399 nec
3203 5342 3518 5413 quidquam
3580 5338 3730 5413 aliter

2108 5418 2390 5473 innovare
2425 5434 2439 5481 ;
2481 5416 2580 5469 sed
2617 5426 2718 5482 pro
2746 5410 2755 5412 ἡ
2779 5413 2861 5484 eis
2890 5416 3060 5469 etiam
3091 5410 3315 5470 animas
3363 5410 3727 5484 profundere.

2107 5498 2162 5545 et
2194 5485 2674 5559 innumerabiles,
2705 5486 2749 5541 si
2784 5483 2909 5541 ﬁeri
2961 5486 3164 5556 possit,
3197 5483 3407 5542 mortes
3440 5485 3607 5559 parati
3638 5493 3731 5538 su-

2107 5573 2235 5617 mus
2266 5558 2582 5629 suscipere.
2620 5576 2641 5606 ι
