4018 6136
222 262 327 337 521
1201 272 1388 341 VITA
1431 277 1492 339 S.
1539 275 1844 342 THEODO

1935 277 1948 339 l
1989 262 2602 340 COENOBIARCHzE.
3473 273 3592 345 522

216 401 369 471 δῆθεν
409 405 876 485 ἀντιποιούμενοι,
932 409 1000 465 τὰ
1040 413 1259 464 τοιαῦτα
1303 406 1570 466 σκάνδαλα
1628 431 1847 476 κεκινη-

1935 409 2087 483 dala,
2125 409 2378 488 seipsos,
2434 416 2495 470 ut
2553 409 2836 484 diximus,
2895 408 3202 471 studentes
3261 409 3589 472 ostendere

216 515 388 565 κασιν,
454 495 680 560 ἑαυτοὺς
722 495 890 561 δεῖξαι
936 494 1338 576 σπουδάζοντες,
1397 497 1577 574 ὥσπερ
1628 497 1847 577 ἔφημεν,

1943 496 2164 577 primas
2224 498 2497 560 obtinere
2553 508 2747 578 partes
2808 499 2868 559 in
2898 499 3106 560 harum
3139 516 3340 560 rerum
3374 497 3586 577 cogni-

214 580 494 650 ἔπειλῆθαι
545 591 658 640 τῶν
727 585 998 661 πρωτείων
1050 585 1107 640 εν
1161 585 1238 660 τῷ
1286 593 1450 642 ταῦτα
1492 585 1704 662 εἰδέναι,
1771 589 1847 644 καῖ

1943 587 2144 657 tione;
2201 595 2260 647 et
2319 586 2481 667 quod
2541 587 2892 667 mysterium
2943 596 3000 648 et
3030 587 3210 649 ﬁdem
3243 588 3305 648 in
3337 606 3443 648 ore
3478 605 3586 648 suo

211 671 272 726 τὸ
331 670 634 750 μυστήριον
680 675 768 730 καὶ
820 676 920 742 τὴν
973 675 1146 732 πίστιν
1205 689 1320 738 τοῖς
1379 677 1639 751 στόμασιν
1688 681 1847 736 unum

1940 675 2391 737 circumferant.
2453 675 2596 748 Qum
2681 676 2923 757 quidem
2981 695 3116 737 cum
3177 695 3296 737 non
3359 677 3590 756 possint

210 759 534 837 περιφέρειν.
645 762 814 840 "Amp
898 763 1193 841 ἀνθρώποις
1279 763 1634 831 ἀκατάληπτα
1704 765 1851 837 ὅντα,

211 845 354 904 οὐδὲν
413 847 600 928 ἕτερον
657 852 693 916 ἣ
750 853 984 927 ψεύστας
1067 849 1294 914 ἐκείνους
1381 855 1468 908 καὶ
1524 855 1855 934 συκοφάντας

211 936 646 997 ἀποδεικνύουσιν
681 957 695 969 ’
761 939 876 998 ὅθεν
951 945 1040 998 καὶ
1094 941 1307 1019 μεγάλη
1364 944 1500 1016 ἡμῖν
1559 943 1667 998 ἀπὸ
1726 952 1858 1002 Θεοῦ

215 1026 606 1108 ἀγανάκτησις,
667 1030 778 1086 ἀνθ’
837 1029 911 1086 ὧν
969 1033 1252 1106 νομίζομεν
1305 1034 1366 1086 τὸ
1423 1033 1738 1111 μυστήριον,
1800 1033 1858 1088 οὗ

216 1113 499 1190 μυστήριον
587 1121 754 1197 εἶναι,
817 1118 934 1176 οὐδὲ
993 1122 1080 1175 καὶ
1142 1120 1202 1174 ἐκ
1245 1119 1474 1184 πίστεως
1541 1120 1853 1178 συνεστάναι

220 1205 406 1278 μόνης,
451 1205 578 1262 ἀλλ’
626 1206 679 1272 ἐξ
728 1207 943 1264 ἀτόπων
985 1207 1275 1288 φλυαριῶν,
1321 1210 1408 1264 καὶ
1450 1230 1854 1286 κατηγορουμεν

217 1295 319 1348 τῶν
371 1293 696 1359 διδαξάντων
725 1298 868 1369 ἡμᾶς
922 1298 1094 1354 πίστει
1138 1299 1226 1353 καὶ
1283 1299 1558 1372 μυστηρίῳ
1613 1299 1677 1353 τὰ
1733 1303 1853 1354 θεῖα

216 1377 472 1445 σέϐεσθαι,
541 1375 950 1463 ’Υπεεεύξασθαι
1008 1388 1095 1442 οὗν
1159 1391 1255 1452 τῆς
1319 1385 1642 1453 Ἐκιιλησίας
1697 1385 1852 1462 εἴπερ

213 1470 331 1526 ποτὲ
378 1475 465 1527 καὶ
524 1479 620 1529 νῦν
680 1477 823 1548 ἡμᾶς
879 1475 1013 1553 χρὴ,
1075 1474 1467 1553 φιλανθρώποις
1526 1475 1729 1549 ὄμμασι
1763 1478 1854 1531 τὸν

213 1561 334 1614 Θεὸν
384 1559 707 1641 ἐπιϐλέψαι,
762 1563 858 1620 καί
914 1566 1128 1642 εἰρήνην
1159 1577 1281 1626 ταῖς
1318 1563 1661 1632 Ἐκκλησίάις
1697 1566 1855 1621 αὑτοῦ

211 1647 488 1726 βραϐεῦσαι
552 1661 735 1716 κακῶς
808 1652 946 1710 οὕτω
1007 1651 1354 1730 διγιρημέναις
1411 1651 1495 1709 διά
1564 1653 1665 1719 τὴν
1747 1661 1852 1710 τῶν

1941 765 2370 846 comprehendi
2419 766 2495 826 ab
2526 764 2895 839 hominibus,
2930 764 3079 827 nihil
3105 764 3263 826 aliud
3299 783 3478 842 quam
3507 764 3584 825 il-

1937 854 2027 915 los
2060 855 2379 916 mendaces
2431 854 2748 916 ostendunt
2804 863 2863 914 et
2900 855 3324 934 sycophantas.
3357 852 3436 915 Ex
3469 872 3586 932 quo

1939 943 2115 1004 etiam
2151 942 2554 1022 proﬁciscitur
2582 961 2800 1021 magna
2854 942 2960 1004 Dei
2994 942 3055 1003 in
3087 961 3195 1003 nos
3230 941 3580 1019 indignatio,

1938 1050 2007 1092 eo
2040 1031 2196 1111 quod
2231 1031 2648 1092 existimamus
2683 1032 3028 1111 mysterium
3065 1050 3184 1091 non
3239 1049 3373 1092 esse
3421 1049 3579 1110 mys-

1941 1120 2177 1193 terium,
2214 1137 2322 1180 nec
2354 1137 2426 1181 ex
2453 1120 2581 1180 sola
2609 1118 2727 1181 ﬁde
2757 1121 3037 1181 consistet
3059 1139 3114 1194 e,
3143 1119 3245 1181 sed
3277 1139 3344 1180 ex
3377 1117 3585 1180 absur-

1937 1209 2029 1269 dis
2060 1209 2230 1286 nugis
2263 1230 2275 1266 :
2312 1216 2372 1269 et
2401 1208 2872 1270 condemnamus
2904 1228 3029 1283 eos,
3067 1214 3164 1288 qui
3198 1227 3304 1269 nos
3356 1207 3582 1269 docue-

1936 1307 2075 1358 runt
2129 1297 2244 1358 ﬁde
2293 1307 2351 1359 et
2404 1297 2690 1375 mysterio
2720 1296 2920 1358 divina
2954 1298 3246 1359 venerari.
3283 1295 3403 1358 Vos
3437 1316 3580 1375 ergo

1937 1405 2097 1448 nunc
2129 1405 2370 1467 quoque
2398 1394 2654 1466 oportet,
2689 1386 2740 1447 si
2785 1405 3071 1466 unquam,
3123 1404 3295 1447 orare
3324 1406 3431 1466 pro
3462 1386 3580 1448 Ec-

1937 1475 2140 1554 clesia,
2175 1485 2237 1536 ut
2268 1493 2376 1535 nos
2423 1475 2699 1552 benignis
2749 1473 2939 1535 oculis
2971 1475 3241 1554 aspiciat,
3279 1484 3336 1535 et
3368 1494 3574 1554 pacem

1936 1564 2060 1625 suis
2088 1563 2370 1624 conciliet
2394 1561 2850 1642 Ecclesiis,quaa
2881 1572 2998 1622 tam
3034 1563 3184 1624 male
3209 1573 3348 1623 sunt
3375 1565 3580 1626 divisa

1937 1661 2180 1733 propter
2210 1651 2406 1713 studia
2435 1651 2702 1732 ipsorum
2753 1651 3102 1731 prwsulnm.
3139 1652 3284 1724 Quae
3315 1661 3514 1713 autem
3545 1672 3580 1715 a

211 1736 472 1815 προέδρων
532 1744 712 1800 αὐτῶν
770 1743 1092 1818 προαίρεσιν,
1145 1744 1208 1798 Ai
1261 1741 1315 1796 δὲ
1389 1741 1668 1798 σιαλεϊσαι
1727 1743 1847 1816 παρ’

1937 1740 2102 1802 vobis
2136 1741 2332 1801 missas
2363 1748 2502 1801 sunt
2533 1740 2804 1819 eulogia),
2841 1759 2942 1802 eas
2971 1740 3292 1801 admodum
3327 1740 3587 1802 libenter

209 1824 350 1900 ὐμῶν
407 1827 654 1908 εὐλογίαι
696 1828 864 1898 ἡδέως
919 1830 1052 1907 ἄγαν
1096 1833 1232 1905 ἡμῖν
1283 1828 1602 1909 ἐδέχθησαν,
1634 1832 1722 1886 καὶ
1752 1833 1851 1898 τὴν

209 1914 472 1989 ἣμετέραν
561 1921 870 1997 προαίρεσιν
949 1919 1094 1981 ὅπως
1153 1919 1272 2000 ἔχει
1335 1917 1746 1997 ἀναγγέλλουσιν
1804 1921 1850 1976 οἱ

209 2003 326 2081 παρ’
359 2007 510 2079 ὅμῶν
541 2006 940 2086 ἀπεσταλμένοι
972 2005 1215 2073 εὐλαϐεῖς
1237 2029 1375 2083 μονα
1385 2009 1496 2087 χοί,
1535 2032 1556 2063 ι
1589 2011 1684 2066 Καὶ
1713 2006 1851 2064 οὕτω

204 2093 298 2166 μὲν
327 2096 361 2160 ἡ
391 2093 684 2167 ἐπιστολή,

281 2182 700 2242 να”Αλλ““
844 2187 868 2199 -
1055 2187 1074 2206 έι
1187 2209 1214 2221 -
1410 2187 1420 2196 ·
1615 2189 1629 2208 π
1795 2189 1806 2204 ·

376 2231 390 2244 .
575 2209 610 2242 α
654 2209 744 2243 τον
775 2209 940 2243 ταυτα
971 2191 1249 2264 γραψανια
1281 2186 1502 2262 βασιλέα
1546 2209 1632 2243 και
1662 2210 1849 2264 μικρον

204 2271 315 2328 τότε
373 2280 473 2340 τῆς
536 2277 728 2349 μανίας
786 2275 1132 2350 ἐνδεδωκότα,
1187 2277 1457 2345 στήσαντα
1501 2275 1555 2331 δὲ
1613 2279 1700 2333 καὶ
1759 2279 1851 2333 τὸν

209 2362 338 2417 κατά
379 2365 478 2429 τῆς
511 2364 678 2437 ὀρθῆς
732 2363 912 2439 δόξης,
969 2363 1174 2439 μᾶλλον
1218 2363 1273 2420 δὲ
1333 2366 1466 2420 κατά
1511 2367 1606 2430 τῆς
1665 2366 1852 2423 ἑαυτοῦ

207 2449 440 2529 κεφαλῆς
501 2452 768 2533 πόλεμον,
817 2455 876 2512 οὗ
921 2454 1056 2510 πολὺ
1098 2456 1156 2510 τὸ
1187 2457 1240 2508 ἓν
1284 2455 1434 2528 μέσῳ
1476 2455 1563 2509 καὶ
1594 2453 1848 2526 μετάνοια

210 2534 461 2610 λαμϐάνει
564 2541 712 2611 δεινή
749 2559 763 2573 ⁸
841 2545 928 2600 καὶ
1013 2547 1291 2620 καθοπερεὶ
1385 2541 1846 2617 μεταμεληθέντα,

214 2626 252 2680 Il
296 2627 390 2682 καί
435 2633 632 2708 μικρὸν
687 2630 828 2696 ὅλως
885 2629 1122 2688 εὐσεϐεῖν
1167 2630 1463 2707 προείλετο,
1522 2631 1731 2699 πολλήν
1792 2652 1848 2686 τε

213 2715 440 2773 εύκολίαν
492 2719 685 2776 ἑαυτοῦ
739 2720 1118 2797 κατεγίνωσκε,
1181 2721 1267 2774 καὶ
1319 2721 1448 2796 πρὸς
1497 2721 1563 2774 τά
1594 2719 1848 2797 πρότερον

215 2801 446 2879 ἆπανῂει,
495 2807 701 2885 ’Ἐργον
744 2810 842 2886 γὰρ
888 2808 1126 2880 ἀληθῶς,
1172 2809 1244 2871 ὡς
1293 2809 1320 2862 ὁ
1349 2806 1532 2884 λογος,
1563 2806 1684 2863 ὅσον
1715 2808 1846 2863 ἀπο-

216 2892 392 2968 τρέψαι
459 2898 760 2971 κνώμενον,
820 2897 988 2952 Πάλιν
1065 2896 1156 2954 οὖν
1220 2897 1356 2952 κατά
1423 2896 1520 2960 τῆς
1580 2894 1845 2962 εὐσεϐείας

217 2984 624 3065 προγράμματα,
683 2989 771 3042 καὶ
831 2985 993 3041 πάλιν
1036 2989 1064 3041 ὁ
1123 2983 1376 3062 γεννάδας
1435 2985 1587 3048 οὗτος
1645 2985 1845 3063 μάρτυς

1933 1828 2357 1908 suscepimus:
2424 1839 2690 1890 nostrum
2752 1837 2950 1890 autem
3001 1829 3177 1910 quale
3231 1828 3310 1890 sit
3341 1830 3580 1891 institu-

1935 1925 2082 1992 tum,
2144 1917 2586 1980 annuntiabunt
2647 1918 2723 1998 pii
2789 1919 3088 1991 monachi,
3160 1917 3260 1997 qui
3319 1936 3353 1978 a
3412 1917 3581 1980 vobis

1935 2005 2103 2068 missi
2133 2015 2296 2069 sunt.
2327 2031 2353 2063 ι
2390 2005 2459 2067 Et
2490 2007 2605 2069 hoc
2634 2006 2877 2086 quidem
2915 2006 3089 2068 modo
3120 2023 3186 2068 se
3219 2005 3427 2067 habuit
3458 2007 3586 2088 epi-

1933 2094 2109 2156 stola.

2013 2183 2110 2243 51.
2148 2181 2372 2245 Verum
2406 2184 2967 2264 imperatorem,qui
3004 2183 3130 2245 haec
3161 2183 3400 2264 quidem
3423 2185 3578 2246 scri~

1934 2281 2159 2353 pserat,
2196 2285 2254 2336 et
2311 2284 2452 2336 tunc
2511 2275 2585 2335 de
2643 2275 2844 2336 furore
2895 2274 3202 2354 paululum
3235 2271 3574 2347 remiserat,

1933 2371 1992 2422 et
2019 2360 2243 2424 bellum
2277 2363 2435 2443 quod
2498 2363 2787 2424 adversus
2846 2371 3070 2424 rectam
3104 2361 3447 2442 opinionem
3485 2359 3575 2420 vel

1932 2470 2104 2512 suum
2166 2451 2362 2530 potius
2419 2461 2595 2532 caput
2656 2450 2923 2530 gerebat,
2981 2459 3396 2529 represserat;
3450 2469 3569 2510 non

1935 2540 2118 2601 multo
2154 2540 2468 2620 interjecto
2501 2541 2716 2620 Spatio,
2750 2541 2944 2618 gravis
2971 2540 3131 2600 subit
3163 2540 3514 2618 paenitentia
3559 2558 3572 2598 :

1931 2637 1989 2689 et
2021 2629 2269 2708 perinde
2302 2647 2370 2690 ac
2425 2630 2476 2690 si
2535 2647 2670 2691 eum
2726 2630 3061 2708 paeniteret,
3115 2627 3275 2705 quod
3327 2628 3570 2688 omnino

1933 2735 2137 2796 parum
2173 2735 2304 2778 esse
2336 2718 2468 2798 pius
2498 2718 2822 2792 statuisset,
2855 2725 2912 2778 et
2941 2736 3005 2778 se
3036 2715 3333 2778 facilitatis
3362 2717 3564 2777 nimiae

1927 2805 2380 2886 condemnaret,
2435 2807 2508 2867 ad
2570 2805 2771 2885 priora
2827 2815 2916 2868 est
2959 2824 3257 2868 reversus.
3310 2804 3566 2867 Difﬁcile

1927 2892 2086 2954 enim
2121 2903 2234 2967 est,
2269 2903 2331 2957 ut
2360 2903 2451 2955 est
2495 2899 2555 2955 in
2588 2894 2927 2974 proverbio,
2958 2896 3189 2955 asinum
3221 2893 3562 2956 confrican-

1928 2990 2045 3043 tem
2079 2993 2376 3047 avertere.
2433 2983 2662 3045 Rursus
2715 3002 2854 3063 ergo
2883 2983 3082 3046 edicta
3110 2984 3397 3046 adversus
3428 2982 3561 3062 pie-

223 3072 442 3143 αὶμάτων
509 3077 710 3154 χωρὶς,
771 3074 888 3152 εἴγε
958 3076 1051 3137 τὰς
1143 3073 1500 3152 προαιρέσεις,
1573 3073 1710 3130 ἀλλὰ
1766 3075 1844 3148 μὴ

1935 3079 2150 3147 tatem;
2183 3089 2510 3154 rursusque
2565 3073 2838 3153 egregius
2893 3083 3110 3152 martyr
3137 3073 3290 3135 citra
3318 3069 3564 3149 sangui-

600 3165 930 3243 πραγμάτων
1013 3161 1253 3228 ἐκϐάσεις

1354 3163 1612 3240 προσήκει
1709 3183 1841 3218 σκο-

1935 3180 2064 3224 nem
2095 3179 2110 3237 ;
2147 3161 2442 3242 siquidem
2474 3161 2911 3224 consideranda
2943 3170 3035 3224 est
3063 3161 3422 3236 voluntas,et
3445 3179 3562 3222 non

1928 3267 2132 3312 rerum
2169 3249 2387 3314 exitus.

1686 3369 1914 3429 CAPUT
1953 3370 2099 3427 XIII.

1367 3469 1567 3551 Zelus,
1603 3477 1661 3532 et
1688 3468 1977 3532 exsilium
2015 3469 2166 3548 ﬁdei
2205 3485 2415 3532 causa.

305 3584 398 3663 νβ’.
445 3591 660 3648 Πάντων
706 3591 805 3669 γὰρ
849 3590 1278 3671 ἀμηχανούντων
1336 3591 1420 3646 καὶ
1480 3589 1839 3668 ἀπορούντων,

228 3675 306 3730 καὶ
357 3683 454 3733 τῶν
510 3680 613 3755 μὲν
665 3685 734 3757 τῇ
777 3679 1091 3761 βλασφημίᾳ
1134 3679 1591 3757 συνηγορούντων,
1639 3682 1745 3733 τῶν
1788 3675 1842 3732 δὲ

224 3764 301 3818 καὶ
341 3762 572 3842 δαψιλῶς
619 3767 916 3847 ἀντιλέγειν
970 3770 1288 3842 ὀκνούντων,
1321 3766 1456 3832 ἴσως
1488 3765 1542 3822 δὲ
1599 3767 1687 3822 καὶ
1744 3771 1841 3832 τῆς

225 3848 272 3908 ἕν
322 3855 483 3930 τούτῳ
542 3857 838 3938 παρρησίας
896 3865 972 3932 τῷ
1015 3862 1177 3932 κοινῷ
1229 3857 1392 3932 Πατρὶ
1449 3855 1843 3934 παραψωρούν-

223 3959 340 4018 των,
396 3949 480 4002 καὶ
552 3947 735 4026 ὥσπερ
792 3954 1093 4026 στρατηγοῦ
1148 3946 1538 4024 περιμενόντων
1600 3946 1663 4000 τὸ
1721 3943 1843 4001 σύν-

224 4031 378 4107 θημα,
417 4035 538 4094 τότε
602 4036 688 4112 δὴ,
749 4035 878 4093 τότα
929 4036 1093 4103 δῆλον
1150 4037 1480 4109 καθίσταται,
1549 4036 1714 4090 ὁποῖα
1756 4036 1845 4089 οὖν

221 4120 300 4175 καὶ
351 4125 410 4180 τὸ
452 4128 648 4204 γῆρας,
705 4126 832 4183 ὅταν
875 4127 952 4201 τῷ
994 4128 1142 4198 ζήλῳ
1193 4123 1511 4202 ῥωννύηται,
1540 4124 1671 4202 πρὸς
1721 4123 1843 4184 τοὺς

223 4206 339 4284 ὒπὶρ
393 4220 482 4270 τοῦ
524 4215 692 4272 καλοῦ
743 4213 1012 4280 κινδύνους
1078 4214 1398 4270 νεανιεύεται
1434 4231 1451 4248 ο
1513 4211 1843 4291 γραμμάτων

225 4296 423 4356 butum
477 4306 566 4361 καὶ
648 4305 1023 4377 θεσπισμάτων
1081 4302 1442 4380 ὀλιγωρήσας,
1495 4300 1729 4358 ἀπειλῶν
1787 4323 1842 4356 τε

229 4389 432 4473 μυρίων,
477 4391 660 4473 ὄχλων
719 4417 776 4450 τε
835 4395 900 4450 τά
946 4391 1209 4470 βασιλέως
1261 4397 1317 4448 ἑν
1370 4391 1476 4466 ἴσῳ
1505 4392 1594 4446 καὶ
1623 4392 1688 4446 τά
1721 4390 1844 4446 Θεῖα

309 4483 651 4556 ωπουμένων,
746 4483 833 4539 καί
903 4488 1243 4560 στρατιωτῶν
1311 4482 1430 4546 τοὺς
1487 4479 1731 4538 τοιοῦτόν
1793 4499 1842 4535 τι

228 4564 590 4643 φθεγξαμένους
658 4570 1086 4651 ἐπιτηρούντων,
1164 4571 1375 4626 πάντων
1449 4569 1658 4632 ἐκεῖνος
1719 4569 1843 4625 τού-

227 4668 322 4706 των
362 4659 448 4713 οἷα
505 4663 674 4715 κινῶν
729 4661 941 4739 ψόφων,
981 4658 1401 4739 καταφρονήσας,
1449 4659 1536 4714 καὶ
1564 4661 1658 4720 οὒκ
1687 4659 1846 4712 αὕτοῦ

231 4744 437 4819 μᾶλλον,
499 4749 636 4806 ἀλλά
694 4748 892 4806 παίδων
923 4749 1067 4805 εἶναι
1100 4750 1262 4805 εἰπὼν
1297 4749 1539 4810 τοιαύτας
1583 4747 1842 4826 ὑποφρίτ-

229 4845 326 4884 τειν
379 4835 621 4914 βροντὰς,
681 4837 896 4901 λέοντος
954 4834 1144 4901 ὑποδὺς
1205 4836 1447 4912 ὅρμημα,
1495 4837 1583 4892 καὶ
1653 4835 1726 4899 εἷς
1784 4836 1844 4889 τὸ

231 4927 313 5006 τοῦ
367 4929 498 4983 [leo-5
552 4928 690 5006 ἱερὸν
747 4925 1016 5001 εἰσελθὼν,
1069 4925 1155 4982 ἐπ’
1208 4924 1507 5003 ὄκρίϐοθτός
1537 4945 1592 4980 τε
1623 4921 1842 5002 ἀναϐὰς,

234 5003 288 5062 οὗ
331 5011 418 5078 τὰς
477 5003 801 5094 ἀναγνώσεις
871 5017 995 5079 τοὺς
1043 5015 1206 5093 ἱερεῖς
1257 5026 1435 5071 ποιεῖν
1494 5013 1740 5088 σύνηθες,
1777 5016 1844 5088 τῇ

233 5101 360 5176 χειρὶ
410 5112 565 5184 σιγὴν
644 5112 721 5180 τῷ
777 5103 967 5174 πλήθει
1026 5105 1276 5177 σημήνας
1335 5104 1421 5158 καὶ
1491 5102 1587 5169 τὴν
1661 5100 1845 5178 φωνὴν

233 5184 410 5273 ἧπάρας
443 5210 459 5227 ⁹
528 5193 592 5252 Εἴ
671 5214 776 5268 τις,
835 5193 963 5273 ἔφη,
1036 5193 1130 5255 τάς
1188 5193 1442 5269 τέσσαρας
1501 5190 1654 5267 ἅγίας
1714 5211 1838 5248 συν-

235 5270 367 5344 6δσὶυις
419 5283 494 5356 μὴ
542 5284 730 5350 ἰπίσης
775 5270 890 5359 τοῖς
942 5281 1218 5359 τέσσαρσιν
1251 5278 1594 5358 Εύαγγελίοις
1623 5281 1840 5357 ἡγοῖτο,

2005 3587 2107 3649 52.
2139 3589 2282 3650 Cum
2315 3603 2524 3647 omnes
2555 3593 2754 3647 essent
2794 3585 2968 3666 plane
2999 3583 3234 3646 consilii
3267 3589 3475 3664 inopes
3506 3593 3563 3645 et

1925 3673 2090 3737 dubii
2109 3674 2250 3754 quid
2273 3681 2608 3755 agerent;et
2627 3673 2724 3736 alii
2739 3673 2978 3754 quidem
3005 3672 3564 3754 blasphemiam(33)

1925 3763 2444 3839 defenderent,alii
2471 3778 2668 3826 autem
2706 3772 3050 3825 vererentur
3077 3763 3164 3823 vel
3187 3761 3564 3823 solummodo

1927 3853 2365 3930 contradicere;
2392 3853 2644 3916 fortasse
2667 3861 2862 3915 autem
2893 3857 3068 3914 etiam
3093 3852 3202 3913 hac
3226 3851 3284 3912 in
3307 3868 3372 3912 re
3396 3868 3564 3910 com-

1929 3943 2096 4004 muni
2123 3943 2304 4016 Patri,
2339 3943 2580 4004 dicendi
2611 3941 2884 4003 libertate
2937 3940 3248 4014 cederent,
3285 3949 3343 4000 et
3372 3938 3559 3999 veluti

1926 4031 2098 4094 ducis
2119 4032 2354 4111 signum
2381 4038 2818 4111 exspectarent:
2843 4036 2981 4090 tunc
3003 4037 3142 4090 tunc
3163 4027 3364 4090 evadit
3382 4027 3564 4086 mani-

1928 4119 2368 4203 festum,qualis
2393 4119 2569 4182 etiam
2597 4125 2896 4193 senectus,
2918 4117 3156 4198 quando
3185 4117 3308 4178 zelo
3339 4117 3564 4177 conﬁr-

1929 4218 2146 4290 matur,
2182 4228 2248 4272 se
2278 4210 2513 4273 fortiter
2545 4219 2604 4272 et
2625 4207 2975 4288 juveniliter
2994 4206 3145 4285 gerit
3165 4206 3448 4268 adversus
3473 4221 3563 4278 ea,

1926 4319 2056 4380 quae
2088 4318 2192 4379 pro
2225 4298 2382 4361 bono
2415 4307 2474 4360 et
2524 4298 2779 4360 honesto
2838 4296 3246 4376 suscipiuntur
3277 4292 3572 4375 pericula.

1929 4390 2172 4451 Contem
2185 4388 2297 4470 ptis
2322 4388 2480 4448 enim
2507 4387 2625 4450 illis
2649 4385 2888 4465 scriptis
2909 4393 2962 4446 et
2983 4383 3571 4462 decretis,minisque

1929 4476 2495 4548 innumerabilibus,
2535 4475 2828 4557 turbaque
2880 4494 3015 4554 qua:
3062 4474 3484 4554 imperatorem
3515 4479 3576 4532 et

1928 4565 2118 4628 Deum
2143 4584 2213 4627 ex
2264 4583 2430 4646 aequo
2462 4563 2870 4643 reverebatur,
2906 4563 3314 4642 militibusque
3345 4562 3441 4642 qui
3473 4578 3574 4621 eos

1930 4653 2447 4734 observarent,qui
2481 4662 2684 4715 essent
2719 4653 2832 4713 tale
2862 4651 3002 4732 quid
3031 4651 3274 4731 dicturi;
3299 4649 3418 4710 illis
3439 4667 3573 4709 om-

1930 4744 2110 4805 nibus
2142 4743 2519 4821 contemptis,
2574 4749 2853 4822 tanquam
2907 4741 3072 4801 vanis
3105 4739 3477 4818 strepitibus,
3517 4746 3576 4799 et

1869 4869 1910 4920 ο
1929 4833 2138 4895 dicens
2157 4852 2273 4894 non
2308 4850 2440 4894 esse
2472 4831 2783 4911 suum,sed
2810 4849 3143 4920 puerorum
3167 4827 3574 4920 talia_ho_rrere

1931 4920 2412 5002 tonitrua,leonis
2443 4920 2782 5000 suscipiens
2805 4919 3265 4998 impetum,cum
3299 4915 3406 4977 Dei
3429 4923 3576 4976 tem-

1929 5012 2089 5091 plum
2122 5017 2280 5073 esset
2309 5011 2700 5090 ingressus,et
2729 5016 3072 5088 suggestum
3093 5003 3571 5076 conscendisset,

1927 5101 1987 5162 in
2019 5119 2137 5181 quo
2167 5099 2364 5162 solent
2393 5100 2594 5178 legere
2627 5095 2991 5172 sacerdotes,
3029 5113 3205 5157 manu
3235 5092 3456 5174 populo
3487 5091 3574 5181 si-

1929 5179 2216 5266 gniﬁcans
2248 5188 2922 5265 silentium,vocemque
2953 5183 3236 5246 attollens
3271 5200 3284 5242 :
3317 5182 3379 5242 Si
3412 5179 3571 5259 quis,

1929 5278 2404 5358 inquit,quatuor
2423 5284 2663 5338 sanctas
2685 5275 2942 5355 synodos
2966 5291 3086 5334 non
3120 5271 3264 5332 tanti
3288 5288 3420 5332 esse
3443 5272 3576 5333 exi-

303 5397 408 5473 (33)
435 5401 743 5466 Cedrenus
771 5400 982 5466 scribit
1032 5401 1249 5464 multos
1279 5401 1613 5482 episcopos,
1651 5398 1712 5462 in
1743 5405 1989 5479 gratiam
2044 5398 2448 5478 imperatoris,
2485 5394 2976 5460 Chalcedonense
3022 5391 3343 5454 concilium
3373 5392 3572 5473 impu-

238 5490 428 5550 nasse
438 5530 448 5542 .

450 5591 709 5654 PATROL.
746 5592 858 5653 Gn.
904 5590 1108 5654 CXIV.

3186 5581 3256 5645 17
