4018 6136
471 276 590 368 ὲ»ἳέ

1766 295 2044 363 MENSIS
2100 288 2551 364 IANUARIUS.

3720 292 3824 365 5‘14

470 438 690 508 stimat,
725 436 926 519 quanti
959 445 1213 518 quatuor
1258 435 1596 516 Evangelia,
1649 436 1727 496 sit
1772 435 2084 495 anathema

2199 434 2431 508 ἀνάθεμα
2506 432 2666 495 ἔστω,
2742 440 2915 490 Ταῦτα
2969 433 3156 505 εἰπὼν,
3214 435 3299 489 καὶ
3374 432 3558 509 ὥσπερ
3620 429 3825 509 ἔγγελος

471 528 610 592 Haec
641 548 773 589 cum
805 527 1072 597 dixisset,
1122 534 1180 585 et
1236 536 1512 604 tanquam
1546 524 1793 600 angelus
1826 524 2110 604 populum

470 617 813 679 adduxisset
846 619 902 677 in
960 615 1437 687 admirationem,
1487 624 1547 673 et
1597 630 1801 673 vocem
1837 611 2114 672 omnibus

470 705 787 767 ademisset
811 721 929 783 prae
953 703 1225 763 miraculi
1250 701 1682 779 magnitudine,
1706 702 1945 762 silentio
1969 720 2111 781 pro-

470 794 630 857 cedit
661 811 767 873 per
799 793 1060 854 medium
1120 810 1326 852 eorum
1387 791 1708 852 tacentium
1744 798 1803 851 et
1834 801 2109 871 tanquam

471 882 919 954 dormientium,
954 889 1011 941 et
1034 880 1500 941 existimantium
1524 897 1589 939 se
1610 883 1905 939 somnium
1942 880 2111 939 vide-

470 988 557 1043 re,
595 989 712 1031 non
745 977 939 1030 autem
998 986 1136 1028 vere
1197 967 1257 1028 id
1313 968 1472 1048 quod
1528 966 1728 1028 ﬁebat.
1764 966 1829 1026 Et
1860 966 1966 1027 fuit
1998 966 2111 1027 hoc

469 1059 708 1140 quidem
765 1060 873 1119 viri
932 1065 1339 1135 strategema:
1391 1075 1461 1118 ex
1508 1076 1625 1136 quo
1659 1056 1846 1117 dictas
1872 1074 2109 1135 quoque

466 1157 699 1208 sanctas
729 1145 985 1227 synodos
1017 1146 1076 1206 in
1110 1145 1300 1206 sacris
1331 1145 1627 1225 diptychis
1652 1144 1953 1206 collocare
1982 1151 2105 1204 sta-

466 1244 733 1298 tuerunt.

547 1324 649 1389 53.
682 1322 826 1387 Cum
853 1331 984 1403 post
1017 1324 1140 1384 haec
1171 1330 1367 1383 autem
1418 1322 1567 1383 nihil
1591 1331 1747 1383 esset.
1776 1330 2106 1397 cunctatus,

467 1424 524 1478 et
538 1433 648 1476 nec
668 1430 875 1494 parum
890 1411 1129 1490 quidem
1146 1411 1307 1472 subst
1320 1411 1683 1477 itisset,obiit
1705 1411 2111 1490 civitatesqum

466 1510 638 1566 erant
693 1499 1106 1570 circumcirca,
1167 1499 1492 1579 discipulos
1524 1507 1581 1559 et
1611 1499 1758 1560 alios
1788 1499 2010 1559 zelotas
2041 1519 2110 1558 ex

466 1591 815 1664 solitudine,
851 1589 1028 1649 veluti
1062 1589 1301 1669 quidam
1353 1588 1471 1649 dux
1505 1588 1623 1666 (34)
1658 1589 1976 1654 exercitus.
2010 1605 2112 1648 eos

466 1682 569 1760 qui
594 1679 703 1740 sub
734 1697 799 1738 se
827 1686 1017 1752 erant,
1040 1678 1353 1750 inducens,
1382 1676 1610 1756 primus
1642 1694 1847 1755 canos,
1881 1677 2111 1755 primus

2195 522 2542 591 καταπλήξας
2586 524 2647 577 τὸ
2703 521 2926 596 πλῆθος,
2988 523 3201 581 πάντων
3257 543 3316 578 τε
3364 522 3466 586 τὴν
3518 520 3698 596 φωνὴν
3737 522 3824 600 ἆο-

2198 613 2332 668 ελὼν
2388 615 2463 684 τῷ
2507 610 2719 686 μεγέθει
2767 617 2859 666 τοῦ
2903 610 3198 683 θαύματος,
3230 610 3361 686 σιγῇ
3394 607 3482 663 διὰ
3515 608 3689 680 μέσων
3741 610 3824 664 αὒ-

2197 707 2301 757 τῶν
2371 704 2642 779 σιγώντων
2702 699 2922 778 ἐχώρει,
2991 699 3273 775 καθαπερεὶ
3336 696 3705 755 καθευδόντων
3752 700 3828 754 καὶ

2196 789 2322 865 θναρ
2371 788 2585 864 βλέπειν
2631 788 2908 860 οἰομένων,
2946 786 3049 864 οὔχ
3081 788 3154 848 ὡς
3187 785 3404 851 ἀληθῶς
3441 786 3501 839 τὸ
3538 786 3827 861 γενόμενον.

2199 882 2294 934 Καὶ
2338 884 2490 933 τοῦτο
2522 876 2617 949 μὲν
2664 882 2871 931 τοιοῦτο
2921 882 3012 930 τοῦ
3071 873 3252 951 ἀνδρὸς
3310 875 3705 951 στρατήγημα,
3754 875 3828 952 ἀφ’

2193 967 2253 1021 οὗ
2281 963 2344 1031 δὴ
2392 966 2479 1021 καὶ
2534 966 2628 1020 τὰς
2662 964 2945 1041 εἰρημένας
2978 964 3129 1040 ἁγίας
3159 961 3410 1025 συνόδους
3442 966 3501 1018 ἓν
3537 975 3654 1025 τοῖς
3684 963 3828 1039 ἱεροῖς

2192 1051 2473 1132 διπτύχοις
2507 1052 2557 1117 ἐξ
2591 1053 2792 1109 ἐκείνου
2823 1052 3033 1108 τάττειν
3064 1050 3338 1124 ἐνόμισαν,

2272 1310 2377 1396 νγ’,
2420 1320 2563 1375 Μετὰ
2595 1316 2651 1373 δὲ
2698 1327 2859 1377 ταῦτα
2910 1315 3079 1390 μηδὲν
3130 1317 3436 1392 μελλήσας,
3493 1315 3635 1393 μηδέ
3668 1319 3836 1391 μικρὸν

2193 1411 2436 1487 ὲπισλὼν
2492 1409 2587 1467 τὰς
2632 1406 2782 1471 πέριξ
2839 1408 2977 1483 διῄει
3026 1406 3235 1478 πόλεις,
3273 1409 3393 1470 τοὺς
3451 1408 3720 1486 φοιτητὰς
3759 1409 3838 1462 καὶ

2193 1496 2384 1559 ἄλλους
2416 1496 2662 1567 ζηλωτὰς
2693 1495 2753 1551 ἐκ
2802 1500 2900 1562 τῆς
2959 1495 3209 1575 ἐρημίας,
3259 1497 3509 1574 καθάπερ
3544 1517 3624 1558 τις
3655 1517 3836 1572 στρατ·

2197 1588 2352 1660 ηγὸς,
2412 1585 2530 1649 τοὺς
2586 1584 2674 1639 ὕπ’
2736 1585 2893 1638 αὺτὸν
2951 1583 3310 1660 ἐπειγόμενος,
3385 1586 3416 1638 ὁ
3481 1590 3696 1661 πρῶτος
3751 1584 3840 1649 τὴν

2192 1672 2406 1751 ⁸ιτολιιέιν,
2465 1674 2674 1749 πρῶτός
2736 1693 2790 1727 τε
2835 1674 2932 1739 τὴν
2996 1672 3284 1749 προθυμίαν
3348 1671 3791 1745 ἐπιδεικνύμενος
3823 1687 3836 1701 ⁸

467 1769 643 1830 etiam
668 1765 992 1826 ostendens
1017 1771 1354 1845 promptum
1379 1765 1560 1837 animi
1586 1764 1873 1825 studium:
1902 1782 2097 1824 omnes

2194 1762 2394 1821 πάντας
2468 1761 2717 1839 περιϊὼν,
2781 1767 2909 1816 πᾶσι
2971 1762 3037 1816 τὰ
3116 1761 3289 1816 πάντα
3344 1762 3668 1838 γινόμενος,
3729 1761 3839 1824 τοὺς

465 1856 699 1933 obiens,
734 1854 923 1914 factus
964 1854 1164 1914 omnia
1193 1851 1499 1932 omnibus,
1531 1854 1819 1913 certiores
1848 1852 2097 1913 reddens

2191 1847 2516 1927 ἀμφιϐόλους
2576 1849 2957 1928 πληροφορῶν,
3011 1850 3133 1911 τοὺς
3182 1845 3427 1925 βεϐαίους
3461 1848 3839 1926 ἐπιστηρίζων,

467 1962 569 2006 eos
589 1943 688 2023 qui
711 1940 1284 2012 dubitabant,adhuc
1308 1940 1668 2001 conﬁrmans
1690 1939 1921 2019 eos,qui
1940 1947 2097 1999 erant

2191 1936 2469 1994 διανιστῶν
2528 1940 2649 2002 τοὺς
2735 1938 3140 2017 ῥᾳθυμοτέρως,
3203 1943 3308 1993 τῶν
3374 1939 3673 2014 προθύμων
3731 1936 3841 1991 ἐπι-

464 2030 733 2106 stabiles;
760 2048 863 2090 eos
888 2029 1277 2108 excitans,qui
1304 2036 1471 2089 erant
1492 2027 2097 2101 socordiores,eorum

2188 2029 2372 2083 τείνων
2437 2027 2526 2093 τὴν
2599 2026 2935 2101 ἐπιμέλειαν,
3003 2029 3128 2088 τοὺς
3181 2024 3500 2089 δειλιῶντας
3564 2023 3840 2102 ὲπιθαρῤυ-

465 2122 564 2202 qui
593 2126 765 2181 erant
795 2127 1069 2198 prompto
1099 2127 1157 2177 et
1200 2117 1380 2177 alacri
1411 2116 1597 2177 animi
1628 2117 1846 2194 studio,
1882 2134 2097 2193 augens

2193 2140 2315 2184 νων,
2377 2131 2493 2178 τοῖς
2548 2114 2963 2192 ἀγωνιζομένοις
3007 2112 3447 2191 ἐγκελευόμενος,
3509 2111 3696 2193 φοϐῶν
3726 2113 3840 2175 τοὺς

466 2207 870 2286 diligentiam;
908 2207 1136 2267 addens
1166 2207 1432 2265 animum
1476 2205 1575 2284 iis,
1615 2205 1713 2285 qui
1746 2204 2097 2265 extimesce-

2186 2204 2503 2268 ἀντιπάλους
2569 2204 2644 2278 τῷ
2702 2203 2970 2280 ἀπροσίτῳ
3038 2208 3136 2268 τῆς
3200 2205 3614 2280 γενναιότητος,
3674 2206 3840 2256 πᾶσαν

465 2295 609 2358 bant
636 2316 651 2369 ;
683 2295 1003 2356 adhortans
1023 2294 1254 2374 eos,qui
1287 2293 1700 2363 decertabant;
1735 2305 1969 2353 terrens
1992 2292 2097 2353 ad-

2186 2295 2454 2370 αἱρετικῆν
2531 2290 3057 2368 προκαταλαμϐάνων
3147 2292 3303 2348 νόσον
3359 2294 3438 2365 τῷ
3517 2291 3685 2369 τάιει
3741 2295 3834 2356 τῆς

462 2383 943 2464 versarios,quod
981 2392 1096 2444 tam
1132 2392 1289 2443 esset
1320 2400 1532 2459 magno
1559 2401 1626 2443 ac
1647 2398 1940 2460 generoso
1972 2380 2097 2441 ani-

2184 2385 2436 2459 ἱατρείας,
2497 2379 2756 2436 διδάσκων
2800 2380 3063 2453 ἃπαντας,
3125 2382 3197 2444 ὡς
3231 2383 3257 2436 ὁ
3301 2387 3395 2436 τοῦ
3461 2386 3605 2436 Θεοῦ
3672 2379 3835 2456 Λόγος

462 2490 582 2547 mo,
620 2482 681 2534 ut
711 2473 782 2534 ad
815 2490 949 2532 eum
982 2490 1102 2532 non
1128 2480 1355 2551 pateret
1372 2471 1594 2545 aditus;
1620 2470 1932 2531 medicinae
1952 2470 2102 2531 cele-

459 2561 634 2623 ritate
682 2578 922 2622 omnem
988 2560 1331 2620 hazreticum
1383 2558 1652 2619 morbum
1689 2559 2098 2636 praiveniens;

461 2650 687 2712 docens
734 2665 964 2720 omnes,
997 2648 1153 2726 quod
1208 2646 1313 2708 Dei
1366 2645 1628 2707 Verbum
1683 2646 2101 2725 essetquidem

461 2737 622 2799 idem
656 2735 832 2796 simul
867 2738 1024 2797 Deus
1059 2743 1115 2795 et
1145 2736 1345 2808 homo,
1382 2753 1497 2795 una
1547 2743 1742 2796 autem
1778 2734 2105 2813 hypostasis

460 2824 586 2886 sive
612 2841 892 2905 persona.
926 2833 1244 2900 utrumque
1268 2840 1476 2882 eorum
1514 2821 1741 2884 habens
1775 2823 2102 2896 natura,di-

460 2912 767 2974 vinitatem
793 2911 1023 2973 scilicet
1055 2919 1111 2971 et
1138 2911 1594 2973 humanitatem.

540 3000 742 3063 54.Αὰ
772 3018 841 3061 ea
867 3009 1088 3070 autem,
1126 3017 1257 3078 quae
1286 2998 1444 3059 dicta
1472 3006 1629 3070 sunt,
1656 2999 1960 3076 probanda
1990 2999 2095 3060 ad-

436 3087 624 3151 ..duxit
654 3088 813 3150 illam
866 3096 1129 3149 sanctam
1159 3086 1446 3167 synodum
1481 3088 1909 3148 uacumenicam
1940 3090 2095 3167 (35),

458 3196 574 3258 qua
598 3178 728 3258 ipsa
755 3195 992 3257 quoque
1021 3178 1095 3235 de
1117 3176 1352 3237 Christo
1376 3176 1464 3236 sic
1507 3177 1647 3254 agit,
1681 3184 1740 3236 et
1772 3194 1839 3236 ea
1870 3176 2100 3239 ratione

457 3267 661 3346 effugit
721 3265 1152 3327 declinationes
1206 3264 1646 3337 haereticorum,
1698 3283 1829 3344 qua)
1860 3266 2096 3327 ﬁuntin

456 3363 772 3431 utramque
802 3363 1051 3433 partem.
1107 3351 1257 3413 Nam
1319 3369 1415 3421 eo,
1477 3353 1691 3433 inquit,
1729 3355 1886 3433 quod
1918 3372 2093 3415 unam

455 3444 810 3506 conﬁteatur
828 3442 1415 3522 personam,repe|lit
1438 3441 1678 3522 impiam
1702 3441 1956 3504 Nestorii
1983 3444 2097 3505 hae-

453 3534 635 3595 resim
667 3550 680 3595 :
716 3550 788 3594 eo
814 3540 1034 3608 autem,
1070 3531 1228 3611 quod
1263 3550 1379 3591 nnn
1433 3542 1613 3608 neget
1644 3530 1791 3591 duas
1824 3540 2090 3605 naturas,

452 3620 794 3701 Eutychetis
816 3630 874 3682 et
903 3619 1172 3682 Dioscuri
1200 3620 1383 3697 magis
1409 3620 1651 3698 impiam
1677 3619 1949 3681 exturbat
1981 3624 2095 3683 haz-

452 3710 633 3771 resim
669 3730 682 3771 :
719 3727 913 3788 neque
968 3708 1269 3782 similiter,
1323 3718 1385 3768 ut
1416 3708 1751 3781 Nestorius,
1787 3710 2090 3770 Christum

451 3815 639 3859 unum
666 3798 937 3858 dividens
955 3797 1014 3857 in
1035 3798 1182 3858 duos
1206 3796 1357 3857 ﬁlios
1382 3806 1440 3857 et
1471 3798 1819 3876 hyposlases
1848 3815 1863 3872 ;
1900 3818 2092 3880 neque

452 3884 731 3946 similiter
761 3901 830 3947 ac
856 3884 1171 3963 Eutyches,
1206 3893 1262 3945 et
1294 3884 1635 3959 Dioscorus,
1672 3893 1731 3946 et
1761 3886 1939 3946 etiam
1975 3891 2089 3950 Se-

2186 2469 2278 2537 εῗη
2324 2472 2421 2544 μὲν
2453 2471 2610 2533 αὐτὸς
2642 2472 2776 2542 ὁμοῦ
2810 2471 2939 2532 Θεὸς
2974 2472 3057 2526 καὶ
3109 2468 3407 2547 ἅνθρωπος,
3444 2468 3546 2542 μία
3600 2467 3658 2523 δὲ
3712 2467 3835 2523 τού-

2183 2583 2276 2617 του
2307 2559 2617 2628 ὑπόστασις,
2654 2558 2759 2614 εἴτ’
2788 2559 2877 2614 οὖν
2922 2560 3225 2636 πρόσωπον,
3260 2559 3414 2637 φύσει
3458 2558 3668 2614 τούτων
3704 2556 3829 2611 ἑκάς

2183 2668 2333 2725 τερον
2393 2646 2595 2725 ἔχουσα
2654 2645 2744 2711 τὴν
2801 2646 3028 2711 θεότητα
3081 2642 3286 2711 δηλαδή
3331 2649 3418 2700 καὶ
3466 2645 3576 2710 τὴν
3626 2644 3829 2720 ἀνθρω-

2186 2757 2394 2802 ποτητα
2404 2783 2417 2796 .

2261 2992 2358 3063 νδ..
2409 2994 2615 3068 Ἱλιανήν
2671 2999 2725 3056 δὲ
2765 3004 3128 3057 πιστώσασθαι
3186 3002 3250 3057 τὰ
3301 3003 3561 3076 εἰρημένα
3595 3001 3686 3056 ιιαὶ
3735 2999 3823 3066 τὴν

2183 3090 2335 3166 ἁγίαν
2396 3092 2603 3155 ἐκείνην
2651 3088 2743 3144 καῖ
2805 3090 3179 3164 οἰκουμενικὴν
3232 3090 3520 3168 παρήγαγε
3585 3086 3819 3159 σύνοδον,

2183 3178 2320 3235 οὕτω
2380 3177 2768 3256 πρεσϐεύουσαν
2850 3179 2978 3256 ὑπὲρ
3063 3186 3289 3256 Χριστοῦ
3344 3181 3433 3235 καὶ
3497 3179 3696 3250 αὐτὴν,
3741 3176 3823 3232 καὶ

2180 3269 2348 3343 ταύτῃ
2409 3269 2502 3331 τὰς
2558 3267 2641 3323 ἐπ’
2697 3268 2971 3343 ἀμφότερα
3041 3275 3146 3323 τῶν
3204 3270 3487 3345 αἱρετικῶν
3550 3286 3822 3342 παρατρο-

2178 3357 2281 3418 πὰς
2340 3355 2740 3435 διαφεύγουσαν.
2802 3363 2888 3428 Τῷ
2941 3358 3037 3420 μὲν
3088 3358 3185 3433 γὰρ
3228 3356 3305 3428 ἓν,
3342 3357 3497 3435 φησὶ,
3535 3363 3822 3435 πρόσωπον

2178 3445 2489 3521 ὁμολογεῖν,
2549 3446 2647 3509 τὴν
2707 3443 2934 3510 δυσσεϐἠ
2989 3453 3081 3501 τοῦ
3128 3447 3408 3521 Νεστορίου
3466 3446 3683 3522 αἳρεσιν
3741 3439 3821 3496 δι-

2176 3537 2396 3589 ωθεῖται
2432 3550 2445 3564 ’
2480 3535 2559 3607 τῷ
2587 3533 2641 3589 δὲ
2677 3535 2773 3595 τὰς
2805 3532 2894 3589 δύο
2951 3534 3132 3610 φύσεις
3191 3534 3269 3608 μὴ
3326 3531 3696 3608 ἐξαρνετσθαι,
3728 3530 3820 3595 τὴν

2176 3620 2250 3678 ἔτι
2306 3621 2714 3699 δυσσεϐεστέραν
2761 3622 3026 3701 Εὖτυχοῦς
3075 3643 3132 3677 τε
3184 3624 3280 3677 καί
3333 3623 3634 3700 Διοσκόρου
3694 3641 3819 3676 ουν-

2175 3712 2378 3784 αίρεσεν
2459 3709 2862 3784 ἀποκρούεται·
2940 3712 3076 3783 μήτε
3161 3710 3300 3765 κατὰ
3385 3710 3680 3787 Νεστόριον
3747 3705 3817 3767 εἷς

2174 3799 2313 3861 υἱοὺς
2357 3795 2445 3853 δύο
2500 3800 2589 3852 καὶ
2645 3798 2961 3860 δποστάσεις
3023 3798 3222 3871 ὁμοίως
3265 3798 3357 3854 τὸν
3400 3796 3492 3855 ἕνα
3540 3795 3816 3876 διαιροῦσα

2174 3887 2422 3965 Χριστὸν,
2472 3887 2612 3960 μήτε
2655 3887 2762 3958 μὴν
2824 3887 3040 3966 Εὐτυχῇ
3083 3890 3181 3941 καὶ
3223 3886 3515 3964 Διοσκόρῳ,
3569 3888 3708 3966 πρὸς
3761 3882 3813 3937 δὲ

446 3990 625 4035 verus
654 3972 805 4050 (36),
840 3972 899 4031 in
930 3992 1103 4033 unam
1136 3973 1511 4034 confundens
1563 3984 1857 4049 naturam,
1914 3978 2090 4038 unius

2184 3977 2258 4031 tati
2302 3976 2521 4052 Σευήρῳ
2561 3973 2976 4053 παραπλησίως,
3021 3976 3093 4039 εἷς
3161 3975 3286 4049 μίαν
3343 3974 3656 4054 συγχέουσα
3712 3970 3813 4051 φύ-

445 4062 679 4125 scllicet
699 4061 917 4123 Christi
937 4061 1306 4122 divinitatem
1350 4071 1409 4124 et
1439 4062 1895 4124 humanitatem.
1938 4068 2084 4127 Nam

2184 4085 2276 4135 rw,
2324 4063 2423 4129 τὴν
2460 4069 2553 4119 τοῦ
2610 4064 2727 4126 ἑνὸς
2790 4064 3016 4136 Χριστοῦ
3058 4065 3289 4130 θεότητά
3330 4083 3388 4119 τε
3413 4066 3501 4119 καὶ
3530 4060 3808 4142 ἀνθρωπό-

446 4150 580 4231 plus
601 4168 777 4231 quam
808 4167 912 4226 par
931 4150 1011 4210 sit
1033 4149 1210 4210 habet
1235 4151 1642 4231 unusquisque
1669 4170 1901 4214 eorum:
1937 4172 2089 4215 unus

2184 4174 2329 4217 ςητα,
2380 4150 2544 4207 Πλέον
2602 4152 2701 4228 γὰρ
2743 4151 2781 4219 ἢ
2832 4151 3010 4213 καλῶς
3058 4151 3175 4230 ἔχει
3221 4152 3422 4207 τούτων
3479 4151 3732 4223 ἕκαστος,
3781 4148 3808 4203 ὃ

444 4238 686 4320 quidem
720 4237 955 4316 fugiens
987 4237 1522 4310 divisionem,alter
1554 4259 1689 4301 vero
1717 4242 2086 4319 conjunctio-

2184 4241 2265 4295 ιὲν
2322 4241 2421 4305 τὴν
2477 4238 2748 4316 διαίρεσιν,
2798 4242 2823 4294 ὁ
2873 4239 2927 4295 δὲ
2978 4240 3077 4306 τὴν
3119 4241 3410 4317 συναίρεσιν
3465 4240 3800 4320 ἀποφεύγων·

444 4345 581 4387 nem
611 4344 624 4384 :
653 4326 752 4386 ille
795 4326 1037 4406 quidem
1091 4325 1161 4386 ad
1200 4327 1315 4386 hoc
1349 4335 1409 4386 ut
1442 4330 1593 4389 duos
1624 4329 1851 4391 diceret
1880 4330 2033 4392 ﬁlios
2066 4353 2082 4404 ;

2184 4352 2192 4382 ι
2250 4328 2349 4402 μὲν
2399 4329 2474 4389 εἰς
2529 4329 2590 4383 τὸ
2632 4326 2720 4384 δύο
2779 4326 2956 4405 λέγειν
2999 4329 3163 4402 υἱοὺς,
3224 4332 3272 4383 οἱ
3314 4327 3368 4383 δὲ
3412 4330 3485 4390 εἰς
3549 4331 3612 4384 τὸ
3671 4322 3801 4400 μηδὲ

441 4413 547 4475 alii
570 4432 732 4490 vero,
767 4423 828 4474 ut
852 4433 927 4475 ne
967 4433 1149 4474 unum
1176 4415 1420 4494 quidem
1450 4418 1687 4495 prOprie
1709 4418 1892 4479 ﬁlium
1931 4421 2081 4482 fate-

2184 4417 2257 4472 τὸν
2301 4415 2390 4472 ἕνα
2451 4417 2638 4492 κυρίως
2698 4416 2989 4494 ὁμολογεῖν
3046 4417 3238 4480 ἀθλίως
3295 4416 3569 4482 ἒξέπεσον.
3609 4427 3800 4476 Νεστο-

439 4506 901 4577 rentur,misere
925 4503 1294 4564 exciderunt.
1322 4502 1466 4563 Nam
1500 4507 1774 4568 Nestorio
1807 4509 2075 4587 quidem,

2184 4508 2258 4578 δίῳ
2301 4511 2397 4579 μὲν
2431 4506 2530 4583 γὰρ
2559 4510 2637 4577 τῷ
2671 4502 2891 4560 δεδιέναι
2933 4502 3088 4571 δῆθεν
3134 4506 3231 4572 τὴν
3288 4507 3569 4586 σύγχυσιν,
3617 4504 3794 4585 σχέσει

439 4593 722 4670 quoniam
740 4591 941 4671 utique
964 4591 1892 4668 timebatconfusionem,vcnitin
1918 4616 2080 4658 men-

2184 4595 2325 4650 ιόνον
2380 4593 2609 4659 ἒπὴλθεν
2654 4594 2828 4649 εἰπεῖν
2882 4595 2969 4649 καὶ
3020 4593 3134 4665 ἀξίᾳ
3165 4589 3268 4649 εἴτ’
3300 4592 3389 4649 οὖν
3436 4596 3671 4663 αὖθεντίᾳ
3699 4591 3788 4656 τήν

441 4687 588 4754 tem,
619 4689 681 4741 ut
707 4679 933 4741 diceret
977 4678 1326 4741 habitudine
1358 4681 1548 4742 solum
1584 4693 1640 4743 et
1668 4683 1951 4763 dignitate
1972 4706 2077 4747 seu

2184 4688 2257 4749 τῆς
2341 4684 2596 4749 θεότητος
2679 4680 2867 4738 ἕνωσιν
2950 4683 3191 4759 γενέσθαι
3277 4687 3343 4756 τῇ
3399 4681 3782 4760 ἀνθρωπότητι,

438 4769 788 4831 auctoritate
811 4768 1025 4830 factam
1051 4785 1183 4829 esse
1223 4768 1548 4831 divinitatis
1592 4771 2074 4850 conjunctionem

2184 4771 2297 4827 {ista
2356 4773 2492 4847 μετὰ
2550 4771 2654 4829 τῶν
2704 4771 2909 4851 ούσεων
2962 4769 3060 4827 καῖ
3117 4770 3433 4834 ὑποστάσεις
3486 4773 3623 4828 πάνυ
3670 4769 3786 4826 δοσ-

510 4935 631 5006 (3ι)
658 4935 785 4994 Haec
817 4936 987 4994 refert
1024 4937 1306 4994 Baronius
1339 4937 1410 4995 ad
1440 4952 1534 4995 an.
1587 4937 1688 4998 Ch.
1723 4940 1850 5008 511,
1885 4942 1978 4997 ubi
2017 4957 2074 5000 n.

435 5006 636 5082 36,7ita
671 5008 993 5082 exclamat:
1052 5029 1073 5058 ι
1122 5008 1251 5082 Hoc
1289 5019 1580 5082 certamen
1642 5006 1845 5082 magni
1894 5013 2078 5070 Theo-

435 5080 606 5161 dosii.
638 5093 808 5150 quem
843 5078 950 5134 vita
985 5080 1206 5149 angelis
1232 5080 1392 5161 haud
1426 5078 1791 5161 imparaeti'n
1828 5083 2077 5161 editione

435 5154 736 5221 signorum
795 5164 862 5205 ac
920 5154 1379 5221 propugnatione
1439 5154 1729 5209 catholicae
1798 5157 2072 5219 veritatis,

433 5219 711 5292 apostolis
728 5219 1136 5288 comparanda;
1163 5220 1403 5277 miriﬁce
1425 5225 1769 5282 nobilitavit.
1799 5224 1879 5280 Ita
1911 5228 2077 5295 plane

432 5291 625 5348 decuit
656 5305 972 5362 ptreconetn
1027 5294 1282 5349 Veritatis
1330 5291 1730 5362 hujuscemodi
1762 5298 2076 5352 confessio-

429 5360 892 5433 nis_tnsignibus_
917 5363 1207 5433 decorari,
1248 5383 1269 5413 ι
1317 5360 1424 5419 etc.

502 5430 618 5504 (35)
650 5430 1485 5504 Chalcedonensem‘intelligit

502 5502 616 5579 (36)
649 5500 751 5579 Hic
778 5500 1007 5579 plenius
1044 5500 1429 5579 describitur“
1452 5506 1513 5561 in
1567 5505 1677 5563 Vita
1713 5506 1766 5562 S.
1804 5506 1983 5575 Sabai,
2017 5507 2074 5565 in

430 5570 595 5647 cujus
625 5570 793 5642 epist;
822 5574 990 5628 citata
1052 5572 1377 5645 appellatur
1428 5593 1452 5627 ι
1497 5579 1758 5635 omnium
1790 5570 2074 5637 malorum

2160 4948 2360 4996 auctor
2391 4946 2562 5011 atque
2595 4937 2799 5011 origo:
2820 4959 2842 4988 ι
2880 4937 3059 5011 Idem,
3082 4958 3116 5011 Δα
3140 4935 3495 5011 Clementiae
3526 4947 3581 4995 et
3611 4935 3787 5011 Probo

2158 5023 2309 5067 coss.
2376 5008 2479 5066 an.‘
2531 5009 2660 5065 Chr.
2703 5008 2830 5073 513,
2892 5009 3247 5079 Eutychetis,
3282 5008 3533 5078 perﬁdiae
3587 5008 3786 5079 culter.

2161 5080 2463 5138 AnaStasio
2486 5080 2702 5137 Caesare
2729 5077 3176 5144 volente,sedem
3211 5077 3466 5135 Fiaviani
3497 5077 3787 5138 antisdtis.

2161 5166 2230 5207 ex
2264 5152 2547 5208 monacho
2583 5151 2765 5207 factus
2796 5154 3125 5220 episcopus,
3158 5152 3454 5220 occupavit
3487 5168 3509 5201 ι
3545 5149 3624 5208 Ita
3660 5151 3789 5205 Mar-

2161 5222 2405 5278 rellinus
2437 5225 2497 5278 in
2531 5222 2742 5278 Chron.
2776 5220 2955 5291 Hujus
3003 5236 3060 5277 in
3102 5222 3416 5278 monachos
3471 5220 3646 5291 Syria;
3676 5221 3791 5275 dira

2161 5294 2486 5361 persecutio
2510 5304 2561 5349 et
2590 5291 2925 5348 carniﬁcina
2951 5294 3195 5348 refertur
3222 5294 3279 5347 in
3310 5295 3545 5361 epistola
3567 5292 3633 5347 ad
3657 5291 3809 5349 Hor-‘

2162 5364 2405 5435 misdatn
2441 5377 2645 5433 papam
2669 5367 2893 5435 scripta
2929 5362 3001 5419 ab
3024 5361 3488 5420 arahimandritis
3514 5375 3569 5435 et
3601 5375 3794 5435 mona-

2161 5434 2313 5508 chis_
2346 5432 2613 5508 secundae
2662 5432 2843 5508 Syriae
2863 5450 2906 5508 ;_
2939 5443 3123 5508 exstat
3160 5448 3226 5508 ea
3265 5447 3413 5508 cum
3461 5432 3792 5508 subscriptis

2160 5503 2497 5562 nominibus
2530 5505 2676 5561 inter
2706 5503 2979 5575 epistolas
3019 5504 3348 5561 Hormisdte.
