4018 6136
337 325 442 396 531

1628 315 1910 384 MENSIS
1949 319 2401 383 JANUARIUS.

3593 317 3702 384 532

344 465 542 530 studio
572 461 951 535 tenebantur,
981 463 1037 520 et
1067 457 1480 534 unusquisque
1510 455 1581 516 ad
1605 473 1775 517 suum
1804 453 1985 516 rediit

2092 456 2373 527 ῖαζόμενον,
2431 455 2521 511 καὶ
2575 455 2636 510 τὸ
2697 454 2897 510 οἰκεῖον
2953 452 3172 519 ἕκαστος
3232 452 3499 534 ἀπείληφε
3543 459 3703 532 φρόν-

342 561 768 618 monasterium
802 574 818 625 ;
863 549 1039 610 modo
1062 547 1303 628 quidem
1347 545 1469 606 ibat
1504 546 1811 608 Bethleem
1845 561 1984 605 ora-

2092 545 2362 622 τιστήριον,
2417 550 2505 600 νῦν
2548 543 2648 617 μὲν
2708 545 2780 607 είς
2848 544 3092 616 Βηθλεὲμ
3148 547 3176 600 6
3232 557 3483 622 γενναῖος
3545 544 3706 620 εὒχῆς

344 645 526 706 tionis
551 660 730 704 causa
757 641 853 702 hic
886 640 974 698 vir
1009 636 1351 716 praeclarus;
1375 634 1549 695 modo
1579 653 1712 695 cum
1737 642 1986 705 orasset,

2069 634 2228 712 χάριν
2283 632 2501 711 ἐχώρει,
2540 642 2627 692 νῦν
2683 631 2737 688 δὲ
2791 631 3208 710 προσευξάμενος
3261 633 3562 711 ἀνήρχετο.
3611 633 3708 689 Τὸν

343 733 777 796 revertabatur.
807 729 1074 806 Magnum
1106 732 1303 785 autem
1341 724 1602 786 laborem
1635 723 1873 784 itineris
1899 740 1990 782 re-

2092 723 2232 778 τόνον
2291 721 2344 776 δὲ
2376 723 2468 778 τὸν
2524 721 2586 778 έκ
2617 727 2715 787 τῆς
2758 719 2878 778 ὁδοῦ
2899 721 3063 779 πολὺν
3095 719 3219 778 ὅντα
3249 720 3549 800 διαπαύων,
3579 720 3714 796 παρᾶ

347 840 582 896 creans,
608 817 844 880 divertit
867 817 938 877 ad
973 811 1469 876 Marcionum.Vir
1499 811 1597 873 hic
1620 819 1750 873 erat
1779 813 1993 890 plenus

348 909 748 991 spiritualium
777 911 1121 984 gratiarum.
1155 901 1298 962 Cum
1346 911 1544 963 autem
1578 900 1887 991 venissent
1917 899 1989 959 ad

347 989 677 1078 amplexus,
711 1004 768 1056 et
791 1013 854 1056 se
885 993 1135 1053 invicem
1163 991 1458 1070 spirituali
1479 989 1992 1070 impetiissentos-

349 1088 650 1155 culo,cum
675 1102 743 1145 eo
766 1085 964 1143 anima
991 1097 1230 1160 quoque
1259 1078 1708 1156 congrediente,
1735 1079 1991 1154 primum

351 1175 591 1256 quidem
625 1173 733 1233 fuit
758 1173 845 1233 eis
866 1168 1138 1250 apposita
1171 1186 1374 1229 mensa
1405 1166 1993 1246 sermonum,quibus

352 1264 634 1344 praeclare
679 1280 818 1322 suos
851 1257 1174 1340 pascebant
1225 1258 1480 1330 animos,
1515 1275 1579 1318 se
1629 1256 1996 1318 oblectantes

351 1362 690 1415 sanctorum
733 1350 1012 1430 eloquiis,
1046 1356 1103 1409 et
1129 1366 1338 1408 senum
1399 1346 1828 1419 narationibus,
1858 1360 1993 1405 cum

352 1441 571 1522 quibus
626 1437 1036 1501 intercedebat
1084 1437 1171 1498 eis
1230 1455 1464 1497 morum
1522 1435 1816 1513 cognatio.
1851 1432 1996 1522 Cum

351 1520 549 1593 autem
613 1538 845 1609 tempus
906 1528 1202 1594 invitaret.
1247 1536 1312 1586 ut
1351 1525 1764 1587 meminissent
1819 1520 1997 1583 etiam

355 1619 627 1680 alimenti
659 1617 1075 1697 corporis,non
1108 1614 1314 1676 aderat
1344 1613 1583 1694 quidem
1609 1614 1998 1682 frumentum,

355 1717 420 1770 ut
481 1707 653 1788 panis
688 1715 1134 1787 apponeretur:
1187 1706 1407 1764 lentem
1462 1712 1658 1763 autem
1691 1698 2002 1778 discipulis

2077 817 2362 887 Μαρκιανῴ
2431 811 2704 867 καταλύει.
2783 807 2945 888 Ἀνὴρ
3005 813 3156 874 οὗτος
3217 813 3416 885 μεστὸς
3485 810 3717 890 χαρίτων

2075 905 2468 973 πνευματικῶν.
2535 891 2626 962 Ὠς
2687 899 2775 954 οὖν
2833 901 2906 961 εἷς
2958 900 3245 972 ἀσπασμὸν
3295 898 3592 976 συνῆλγον,
3637 899 3720 956 καὶ

2076 987 2380 1067 φιλήματυς
2440 986 2730 1063 μετέδοσαν
2774 986 3028 1055 ἀλληλοις
3083 995 3468 1062 πνευματικοί),
3517 994 3596 1060 τῷ
3641 1009 3722 1066 φι-

2077 1076 2280 1150 λήματι
2329 1080 2529 1133 τούτων
2573 1078 2972 1155 συνερχομένης
3031 1078 3117 1133 καὶ
3146 1083 3246 1145 τῆς
3289 1078 3507 1157 ψυχῆς,
3541 1083 3719 1153 πρῶτα

2076 1167 2172 1240 μὲν
2242 1169 2429 1228 αὺτοῖς
2473 1167 2508 1233 ἡ
2565 1167 2672 1221 τῶδ
2729 1165 2904 1243 λόγων
2963 1167 3196 1246 τράπεζα
3253 1165 3593 1244 παρετίθέτο,
3635 1165 3720 1226 οἷς

2076 1256 2163 1311 καὶ
2223 1256 2354 1310 πύνυ
2413 1255 2668 1330 λαμπρῶς
2739 1257 2835 1318 τὰς
2910 1257 3092 1335 ψυχὰς
3164 1257 3465 1329 εἱστιῶντο,
3525 1254 3720 1332 λογίοις

2080 1343 2244 1421 ἁγίων
2303 1343 2398 1401 καί
2449 1342 2786 1420 διηγήμασιν
2846 1344 3198 1422 ἐντρυφῶντες
3254 1345 3552 1423 γερόντων,
3595 1366 3722 1421 συγ-

2082 1435 2250 1510 γενῶς
2294 1437 2477 1495 αὺτοῖς
2536 1436 2626 1490 τὸν
2685 1434 2882 1511 τρόπον
2938 1432 3312 1509 διακειμένων,
3391 1433 3547 1490 Ἐπεὶ
3590 1431 3645 1489 δὲ
3701 1435 3726 1488 6

2083 1524 2265 1599 καιρὸς
2322 1521 2500 1578 ἐκάλει
2543 1524 2631 1579 καὶ
2682 1523 2880 1602 τροφῆς
2916 1525 3215 1590 μνησθῆναι
3253 1527 3576 1598 σωματικῆς
3635 1534 3726 1578 σῖ·-

2081 1634 2169 1672 τος
2235 1611 2333 1685 μὲν
2366 1612 2424 1667 οὗ
2479 1611 2652 1689 παρῆν
2710 1611 2801 1667 ἴνα
2844 1613 2930 1666 καὶ
2979 1610 3135 1688 ἄρτος
3193 1615 3493 1690 παρατεθῇ·
3555 1615 3729 1690 φακῆν

2084 1699 2138 1756 δὲ
2209 1714 2328 1764 τοῖς
2375 1705 2642 1774 μαθηταῖς
2701 1703 2729 1756 ὁ
2799 1701 3040 1779 χρηστὸς
3112 1702 3416 1776 Μαρκιανὸς
3491 1700 3731 1756 ἐκέλευεν

354 1798 536 1875 jussit
583 1813 842 1876 coquere
871 1794 1062 1855 bonus
1113 1793 1468 1856 Marcianus.
1511 1793 1585 1854 Et
1617 1791 1716 1853 illa
1758 1789 1998 1870 quidem

2092 1789 2256 1863 ἕψειν.
2328 1791 2424 1847 Καὶ
2481 1792 2516 1858 ἡ
2575 1789 2672 1863 μὲν
2743 1789 2916 1865 ἄρτων
2973 1791 3137 1868 χωρὶς
3182 1791 3515 1867 παρετίθετο”
3579 1789 3731 1866 γνοὺς

355 1886 466 1946 fuit
520 1885 791 1965 apposita
821 1886 953 1944 sine
1007 1902 1176 1961 pane.
1213 1881 1358 1944 Cum
1404 1887 1598 1942 autem
1632 1879 2006 1965 cognovisset

362 1964 615 2052 magnus
664 1972 1039 2034 Theodosius
1095 1981 1212 2032 tam
1264 1979 1530 2050 apertam
1583 1970 1866 2049 inopiam,
1902 1964 2004 2045 qui

359 2080 542 2140 egens
594 2075 741 2134 erat,
777 2061 885 2121 fuit
913 2061 1082 2121 dives
1114 2061 1171 2120 in
1216 2059 1438 2139 inopia,
1472 2060 1722 2138 ipseque
1755 2072 2001 2132 magno-

359 2169 503 2230 pere
555 2149 849 2225 studebat,
884 2160 949 2211 ut
1008 2149 1238 2211 lautiori
1271 2148 1537 2208 convivio
1586 2147 2006 2224 exciperentur

359 2240 646 2319 hospites.
694 2240 876 2301 Jussit
906 2257 1047 2318 ergo
1078 2238 1396 2317 discipulo,
1431 2246 1492 2299 ut
1522 2256 1553 2298 e
1585 2254 1725 2316 pera
1781 2233 2006 2314 profer-

355 2338 450 2389 ret
509 2347 716 2408 panes,
751 2348 898 2410 quos
958 2337 1264 2408 paraverat
1318 2327 1389 2388 ad
1449 2326 1751 2388 viaticum.
1787 2322 1858 2384 Et
1917 2321 2003 2382 illi

361 2416 602 2496 quidem
642 2417 913 2497 producti
947 2425 1080 2477 sunt
1111 2429 1170 2478 et
1200 2416 1479 2496 appositi.
1518 2416 1557 2478 li
1592 2433 1730 2476 vero
1765 2421 2006 2492 propter

2085 1876 2140 1933 δὲ
2185 1880 2212 1933 6
2247 1879 2416 1954 μέγας
2459 1879 2558 1943 τὴν
2591 1877 2789 1934 ἔνδειαν
2834 1877 2972 1934 οὕτω
3029 1883 3336 1956 καταφανῆ,
3368 1878 3628 1940 πλούσιος
3681 1877 3733 1932 έν

2087 1967 2304 2045 ἀπόροις
2348 1969 2375 2022 6
2427 1965 2607 2033 Ιενδεὴς
2652 1969 2742 2046 ῆν,
2782 1967 2878 2023 καί
2929 1969 3087 2031 αὐτὸς
3121 1968 3297 2039 ἑστιᾷν
3347 1965 3562 2041 μᾶλλον
3617 1967 3733 2029 τούς

2087 2053 2388 2121 ξενίσαντας
2474 2055 2840 2134 ἐφιλοτιμεῖτο
2874 2104 2888 2118 .
2977 2054 3319 2122 Ἐπέσκηπτε
3403 2059 3583 2112 τοίνυν
3665 2058 3738 2127 τῷ

2088 2146 2304 2217 μαθητῇ
2357 2143 2462 2198 τῶν
2521 2143 2731 2200 ἑνοδίων
2789 2143 2958 2222 ἄρτων
3017 2151 3115 2212 τῆς
3173 2147 3346 2220 πήρας
3410 2145 3735 2223 ἐξενεγκεῖν,

2087 2233 2174 2288 καὶ
2235 2235 2282 2288 οἱ
2340 2233 2438 2306 μὲν
2475 2231 2725 2310 ἐξήγοντό
2778 2255 2834 2289 τε
2890 2235 2978 2289 καὶ
3033 2235 3398 2310 παρετίθεντο·
3459 2235 3508 2290 οἱ
3552 2232 3609 2288 δὲ
3661 2236 3738 2288 εί-

2087 2328 2311 2378 στιῶντο
2369 2320 2453 2377 διὰ
2481 2324 2543 2378 τὸ
2597 2321 2816 2402 φαιδρὸν
2851 2328 2952 2389 τῆς
3005 2323 3224 2399 ἀγάπης
3254 2337 3371 2386 τοῖς
3430 2322 3738 2399 ἀναγκαίοις

2086 2412 2157 2474 ὡς
2189 2425 2484 2488 περιττοῖς.

353 2505 730 2579 charitatem,
767 2525 897 2586 quae
958 2507 1236 2584 laetificat,
1273 2525 1390 2566 non
1449 2504 1645 2565 minus
1682 2507 1904 2564 lautum
1939 2497 2322 2560 celebrarunt
2374 2499 2706 2560 convivium
2739 2518 2807 2561 ex
2860 2500 2955 2574 iis,
2991 2519 3125 2580 quae
3171 2508 3340 2562 erant
3369 2500 3733 2564 necessaria.

359 2613 532 2674 quam
565 2595 614 2654 si
650 2595 857 2676 prolati
890 2605 1091 2657 essent
1121 2593 1239 2656 cibi
1270 2594 1579 2672 superflui.

441 2682 624 2745 62.Ul
645 2683 794 2745 solet
817 2693 1011 2746 autem
1039 2684 1193 2756 ﬁeri,
1221 2701 1535 2744 sermones
1559 2699 1798 2761 quoque
1820 2679 2006 2740 admi-

2169 2675 2279 2754 ξβ¹.
2341 2679 2447 2736 Οἷα
2482 2677 2536 2734 δὲ
2585 2677 2638 2734 ἐν
2667 2693 2786 2744 τοῖς
2836 2683 3098 2744 τοιούτοις
3130 2679 3302 2758 φιλεῖ,
3336 2683 3738 2758 προσμίγυνται

273 2822 284 2833 .
363 2780 608 2833 scentur
639 2773 928 2845 convivio,
965 2784 1023 2833 et
1053 2773 1397 2851 complures
1425 2791 1490 2832 ex
1518 2771 1589 2831 iis
1616 2770 1878 2850 lepidiet
1901 2769 2004 2847 ju-

2092 2767 2177 2822 καί
2233 2765 2481 2842 λόγοιτῇ
2525 2766 2779 2842 ἑστιάσει,
2813 2770 2902 2824 καὶ
2944 2771 2992 2825 οἱ
3034 2768 3247 2831 πλείους
3279 2771 3452 2827 αὐτῶν
3514 2770 3737 2848 χαρίεν-

367 2860 570 2921 eundi.
610 2862 890 2923 Hilariter
931 2869 1125 2922 autem
1158 2861 1392 2921 divinus
1423 2879 1558 2920 eum
1593 2859 1835 2938 rogabat
1860 2858 2006 2919 Mar-

2092 2876 2201 2916 τες.
2263 2858 2438 2925 Ἠζίου
2495 2857 2584 2910 καὶ
2635 2857 2725 2912 νῦν
2767 2860 2795 2913 6
2854 2861 2999 2923 θεῖος
3058 2859 3360 2934 Μαρκιανὸς
3393 2861 3454 2914 ἒν
3518 2857 3740 2936 φαιδρό-

368 2949 975 3024 cianus,dicens:Noli
1003 2969 1158 3029 aegre
1182 2950 1336 3011 ferre
1365 2956 1523 3010 tanta
1549 2948 1702 3009 fame
1732 2946 2006 3009 laborans

2092 2961 2233 3009 τητι·
2286 2946 2369 3001 Mi.
2413 2942 2796 3024 δυσχεραίνειν,
2859 2945 3055 3027 λέγων,
3106 2947 3245 3004 οὕτω
3300 2947 3476 3014 ξενίαν
3544 2947 3740 3021 λιμώτ-

368 3039 832 3119 hospitium,nec
851 3040 1140 3120 conqueri
1164 3039 1318 3116 quod
1348 3057 1556 3118 panem
1578 3037 1744 3099 vobis
1769 3055 1886 3097 non
1908 3055 2006 3115 ap-

2092 3055 2305 3107 τουσαν,
2339 3034 2475 3108 μηδὲ
2521 3034 2820 3114 μέμφεσθαι
2875 3037 2918 3092 εἰ
2955 3038 3032 3108 μὴ
3077 3036 3263 3113 ἄρτους
3311 3039 3444 3112 ὑμῖν
3508 3036 3737 3114 παρέθε-

370 3128 914 3206 posuerimus,cum
942 3129 1308 3189 frumentum
1343 3125 1514 3187 nobis
1535 3125 1852 3186 admodum
1883 3135 2012 3186 tur-

378 3216 534 3293 piter
585 3215 888 3288 defecerit,
951 3216 1094 3280 Cum
1154 3217 1267 3277 hoc
1317 3216 1587 3295 dixisset,
1647 3213 2016 3276 admirabilis

367 3305 741 3367 Theodosius
769 3307 978 3368 deﬁxis
999 3305 1188 3367 oculis
1210 3306 1268 3366 iu
1289 3304 1535 3367 barbam
1560 3303 2016 3379 Marciani,vidit

361 3412 611 3473 granum
643 3395 947 3469 frumenti,
984 3397 1141 3474 quod
1180 3395 1382 3456 nescio
1415 3395 1571 3455 unde
1604 3393 1926 3468 ceciderat;
1959 3401 2016 3452 et

363 3484 529 3545 illinc
550 3485 789 3545 sustulit
813 3485 986 3546 hilari
1013 3493 1071 3546 et
1094 3493 1262 3545 cauta
1291 3485 1555 3557 dextera,
1581 3493 1639 3544 et
1669 3483 1834 3544 dixit:
1865 3481 2016 3543 Ecce

363 3573 756 3634 frumentum.
791 3573 1099 3646 Quomodo
1133 3591 1272 3652 ergo
1304 3572 1503 3634 dicitis
1532 3590 1634 3633 vos
1681 3590 1857 3649 egere
1889 3571 2016 3632 fru-

369 3661 602 3724 mento?
633 3661 704 3721 Et
725 3663 836 3723 hoc
863 3662 1106 3742 quidem
1142 3661 1214 3723 ab
1238 3680 1308 3722 eo
1339 3661 1685 3734 dictum,vel
1719 3662 1891 3722 etiam
1925 3661 2008 3722 fa-

369 3759 530 3809 ctum
561 3749 754 3810 fuerat
785 3750 982 3830 lepide
1004 3761 1060 3812 et
1081 3751 1479 3828 juoundeJlle
1500 3760 1696 3812 autem
1730 3770 1862 3812 cum
1889 3770 2016 3830 gra-

365 3855 532 3908 num,
561 3846 838 3918 tanquam
875 3841 1174 3918 egregiam
1238 3840 1494 3920 aliquam
1528 3850 1586 3900 et
1637 3848 2011 3920 praestantem

370 3928 965 4005 sementem,supinis
990 3928 1262 3990 manibus
1292 3931 1642 4008 accepisset,
1668 3929 1724 3988 id
1760 3929 1924 4008 ponit
1954 3930 2014 3990 in

365 4013 583 4074 horreo
608 4015 911 4088 frumenti,
951 4017 1202 4079 credens
1226 4035 1354 4078 eam
1380 4019 1509 4078 sine
1541 4016 1742 4077 labore
1766 4018 2012 4078 multum

363 4106 585 4162 fructus
616 4109 944 4171 allaturam.
967 4118 1023 4167 et
1051 4124 1176 4166 esse
1199 4119 1599 4178 superaturam
1633 4109 2016 4180 agricolarum

365 4190 738 4255 industriam.
755 4194 815 4256 ld
836 4203 1028 4255 autem
1059 4194 1111 4254 ei
1137 4193 1351 4254 accidit
1374 4195 1546 4272 longe
1567 4193 1822 4274 amplius
1847 4203 1904 4256 et
1925 4213 2020 4256 co-

369 4279 802 4362 piosius,quam
830 4283 1135 4362 sperabat.
1170 4285 1317 4345 Nam
1342 4301 1472 4344 cum
1507 4289 1775 4363 sequenti
1808 4285 1903 4344 die
1929 4303 2016 4345 es-

2097 3125 2218 3198 μέν,
2281 3130 2370 3178 τοῦ
2454 3123 2600 3179 σίτοϋ
2659 3123 2894 3201 ἀγεννῶς
2959 3123 3076 3181 λίαν
3145 3124 3507 3188 ἅπολιπόντος
3569 3127 3736 3200 ἡμᾶς.

2095 3214 2262 3270 Τοῦτο
2313 3212 2574 3284 εἰπόντος,
2611 3215 2637 3268 6
2689 3215 2990 3289 θαυμαστὸς
3045 3214 3321 3279 Θεοδόσιος
3353 3221 3430 3289 τῷ
3494 3222 3738 3292 Μαρκια-

2097 3307 2184 3356 νού
2240 3302 2460 3376 πώγωνι
2517 3302 2780 3381 ἀτενίσας,
2839 3303 2927 3358 καὶ
2989 3303 3132 3360 σίτου
3201 3305 3399 3361 κόκκον
3460 3302 3588 3360 ἰδὼν
3649 3306 3740 3360 οὐκ

2098 3388 2223 3447 οἶδα
2267 3391 2424 3446 πόθεν
2480 3391 2852 3460 έπειπεσόντα,
2905 3392 3109 3449 ἒκεῖθέν
3165 3415 3222 3449 τε
3281 3393 3408 3466 ᾅσας
3453 3392 3612 3469 ίλαρᾷ
3657 3390 3739 3447 καὶ

2098 3478 2480 3558 πεφυλαγμένη
2521 3481 2588 3548 τῆ
2645 3478 2806 3553 δεξιᾷ⁶
2865 3479 3021 3561 Ἰδοὺ,
3076 3481 3193 3556 ἔτη,
3255 3485 3343 3539 καὶ
3386 3496 3567 3546 σῖτος·
3630 3486 3736 3541 πῶς

2099 3567 2188 3622 οὗν
2231 3567 2385 3641 ὑμεῖς
2440 3589 2571 3646 φατε
2627 3568 2773 3624 σίτου
2831 3567 3247 3646 διαπορεῖσθαι;
3310 3573 3396 3627 καὶ
3455 3578 3615 3628 τοῦτο
3646 3568 3740 3643 μὲν

2099 3653 2164 3721 δὴ
2222 3655 2516 3734 χαριέντως
2577 3655 2712 3732 ἄγαν
2755 3662 2898 3733 αὐτῷ
2941 3660 3030 3714 καί
3058 3659 3174 3735 μεθ’
3229 3659 3422 3729 ἡδονῆς
3455 3659 3646 3738 εἴρητο
3703 3655 3735 3724 ἢ

2099 3746 2185 3800 καὶ
2256 3744 2552 3822 πέπρακτο.
2628 3745 2870 3810 Ἐκεῖνος
2928 3747 2983 3803 δὲ
3041 3749 3275 3825 καθάπερ
3345 3748 3466 3806 τινα
3537 3748 3729 3824 σπόρον

2098 3834 2284 3909 εὖγενῆ
2342 3854 2399 3889 τε
2448 3836 2535 3890 καὶ
2594 3835 2791 3913 ἀγαθὸν
2861 3837 3105 3914 ὑπογίαις
3162 3840 3253 3894 τὸν
3323 3840 3522 3895 κόκκον
3581 3833 3733 3915 χερσὶ

2097 3921 2378 3996 δεξάμενος
2432 3931 2509 3997 τῷ
2546 3931 2639 3981 τοῦ
2693 3929 2836 3982 σίτου
2893 3925 3122 3993 ἔντίθησι
3166 3929 3411 4001 ταμιείῳ,
3477 3924 3732 3983 πιστεύων

2101 4009 2222 4068 ἄνευ
2281 4014 2456 4070 πόνων
2505 4013 2670 4070 πολύν
2714 4018 2855 4089 αὐτῷ
2913 4018 3004 4072 τὸν
3051 4019 3253 4092 καρπὸν
3295 4017 3469 4074 οἴσειν
3525 4017 3612 4072 καὶ
3671 4013 3734 4068 τὰ

2099 4107 2350 4178 γεωργῶν
2411 4104 2668 4173 νικήσειν.
2729 4103 2856 4162 Τόδε
2898 4104 2997 4182 ἄρα
3053 4119 3298 4180 κρεῖττον
3359 4106 3506 4180 αύτῷ
3561 4123 3731 4180 παραυ

2101 4189 2236 4246 πολὺ
2290 4192 2512 4247 καὶτῶν
2555 4191 2778 4248 ἐλπίδων
2826 4194 3059 4264 ἀπήντα·
3095 4195 3169 4258 ὣς
3231 4197 3328 4273 γὰρ
3357 4196 3456 4262 τὴν
3499 4194 3592 4251 τοῦ
3642 4214 3732 4247 σι·-

2101 4278 2266 4342 τῶνος
2331 4280 2482 4358 θύραν
2554 4281 2647 4349 τῆς
2704 4281 2956 4349 ἐπιούσης
3014 4282 3207 4358 ἔμελλε
3265 4282 3550 4360 διανοίγειν
3607 4279 3729 4357 (τῶν

367 4379 458 4428 set
480 4369 660 4431 horre
692 4373 906 4433 ostium
935 4381 1252 4450 aperturas
1283 4372 1341 4451 (ο
1365 4390 1578 4433 arcana
1613 4370 2006 4448 tua,Domine,

2103 4366 2416 4445 ἆποῤῥήτων
2472 4391 2585 4444 σου,
2623 4371 2888 4444 Δέσποτα,
2921 4374 3298 4452 θαυμασίων),
3332 4375 3426 4446 ὁρᾷ
3477 4375 3544 4430 τὰ
3598 4367 3729 4426 ἔνδον

364 4456 702 4534 miracula!)
737 4462 893 4522 videt
924 4481 1054 4540 quae
1105 4461 1263 4523 intus
1295 4470 1464 4522 erant
1496 4461 1671 4536 plena
1705 4462 2014 4537 fructibus,

365 4546 463 4624 qui
494 4563 700 4610 revera
725 4563 1125 4630 provenerant
1149 4550 1373 4630 absque
1401 4550 1891 4628 agricultura,aut
1919 4571 2017 4630 po-

366 4634 482 4694 tius
514 4653 646 4696 cum
679 4640 1041 4716 agricultura
1062 4640 1244 4701 solius
1267 4639 1730 4701 orationis.Cum
1754 4658 1891 4720 ergo
1920 4642 2017 4702 ni-

363 4721 448 4784 hil
485 4736 642 4786 esset
674 4729 731 4789 in
764 4748 834 4790 eo
865 4737 1180 4790 cunctatus
1209 4729 1568 4800 Marcianus,
1602 4737 1798 4791 statim
1835 4731 2014 4793 mittit

363 4829 550 4873 unum
584 4834 654 4878 ex
679 4819 803 4878 suis
835 4819 1144 4898 discipulis
1179 4819 1246 4880 ad
1274 4836 1546 4896 magnum
1582 4819 2008 4893 Theodosium,

367 4900 421 4961 ei
446 4903 786 4982 signiﬁcans
821 4909 1034 4969 mirum
1062 4919 1119 4969 et
1147 4908 1510 4970 ineffabilem
1543 4908 1629 4969 rei
1650 4919 2014 4984 eventum,et

367 4989 543 5052 simul
573 4995 642 5054 ad
661 4996 1034 5058 admirabilis
1056 4997 1376 5078 spectaculi
1397 4998 1737 5058 societatem
1761 5017 1895 5060 eum
1913 5019 2010 5061 vo-

363 5091 524 5136 cans.
555 5082 854 5154 Postquam
882 5101 1018 5159 ergo
1041 5087 1087 5142 is
1110 5100 1341 5157 quoque
1367 5087 1754 5151 venit,ostium
1778 5088 2011 5159 quidem

363 5180 485 5226 erat
509 5187 714 5242 parum
743 5187 1027 5246 apertum,
1055 5179 1404 5234 frumentum
1433 5187 1620 5233 autem
1644 5193 1672 5234 a
1698 5180 1887 5247 seipso
1912 5193 2014 5237 ex-

364 5261 723 5332 trudebatur,
749 5279 880 5323 curn
916 5281 1028 5324 non
1060 5275 1254 5335 posset
1284 5268 1556 5323 horreum
1587 5281 1792 5336 capere
1818 5269 2014 5327 multi-

365 5345 707 5416 tudinem,et
729 5356 809 5409 sic
827 5370 896 5411 ex
921 5371 988 5411 eo
1007 5356 1352 5426 permultum
1400 5357 1553 5411 loras
1590 5354 2010 5416 effundebatur.

365 5431 484 5494 Hoc
502 5447 586 5494 est
608 5441 898 5509 prioribus
929 5459 1157 5517 quoque
1188 5445 1395 5514 simile,
1421 5453 1472 5499 et
1497 5443 1779 5503 miraculo
1811 5446 1882 5504 de
1899 5462 2002 5518 pa-

361 5528 533 5587 nibus
551 5528 700 5584 nihil
725 5531 1022 5596 dissimile,
1047 5533 1200 5603 quod
1231 5535 1368 5591 olim
1400 5548 1562 5589 meus
1586 5532 1771 5590 effecit
1803 5535 2002 5597 Chris-

359 5626 458 5678 tus
483 5615 640 5677 93-37.
673 5615 817 5678 Nam
843 5638 958 5680 una
978 5624 1223 5682 omnino
1249 5631 1338 5683 est
1366 5622 1679 5705 utriusque
1702 5632 1997 5705 operatio:

440 5719 581 5774 33.27
609 5719 811 5786 Matth.
850 5740 946 5786 xiv
979 5733 1038 5788 et
1068 5742 1164 5792 xv.

2103 4458 2246 4512 σίτου
2305 4456 2702 4536 πεπληρωμένα
2755 4467 2973 4536 καρπῶν
3033 4461 3200 4524 οὕτως
3252 4465 3633 4540 αγεωργήτωκ,
3695 4454 3726 4521 ἦ

2100 4544 2303 4620 μᾶλλον
2350 4548 2622 4624 γεωργίων
2666 4551 2837 4622 μόνης
2884 4550 3081 4628 εὐχῆς,
3139 4549 3317 4618 Μηδὲν
3366 4551 3451 4608 οὖν
3503 4554 3531 4608 ὁ
3587 4554 3723 4623 Μαρ-

2098 4635 2277 4695 κιανὸς
2343 4634 2399 4690 ἐν
2444 4638 2616 4709 τούτῳ
2673 4637 2948 4710 μελλήσας
2989 4637 3080 4695 ἕνα
3123 4643 3229 4696 τῶν
3285 4645 3441 4699 αὐτοῦ
3485 4634 3718 4716 μαθητών

2099 4721 2184 4778 ἐπὶ
2236 4724 2327 4780 τὸν
2373 4724 2540 4802 μέγαν
2595 4725 2873 4784 Θεοδόσιον
2915 4730 2988 4792 ὡς
3049 4729 3220 4808 τάχος
3269 4729 3555 4805 ἐκπέμπει,
3591 4746 3717 4804 γινω-

2096 4813 2248 4890 ρίζων
2308 4813 2452 4887 αὖτῳ
2503 4825 2594 4875 τοῦ
2644 4816 2955 4894 πράγματος
3012 4817 3072 4874 τὸ
3127 4818 3450 4897 ἀπόῤῥητον,
3483 4820 3571 4875 καὶ
3621 4813 3722 4886 ἅμα

2097 4903 2228 4977 πρὸς
2274 4903 2551 4958 κοινωνίαν
2582 4909 2682 4972 τῆς
2716 4905 3006 4978 παραδόξου
3058 4908 3178 4968 θέας
3210 4910 3302 4964 τὸν
3345 4907 3504 4987 ἄνδρα
3533 4903 3718 4964 καλῶν.

2097 4992 2190 5052 Ὠς
2251 4990 2339 5047 οὖν
2368 4991 2499 5058 ἦλθε
2561 4993 2654 5049 καί
2687 4995 2862 5066 οὗτος,
2895 4999 2946 5052 αἱ
3004 4997 3101 5070 μὲν
3129 4998 3278 5076 θύραι
3334 4999 3512 5076 βραχύ
3542 5019 3586 5052 τι
3644 4989 3720 5046 δι-

2099 5081 2398 5156 ηνοίγοντο,
2435 5084 2462 5137 ὁ
2521 5095 2669 5144 σῖτος
2723 5083 2774 5138 δὲ
2831 5085 2917 5162 ὑφ’
2970 5087 3155 5144 ἑαυτοῦ
3213 5087 3484 5159 ἐξωθεῖτο,
3532 5083 3723 5158 στέγειν

2097 5174 2198 5236 τῆς
2257 5168 2524 5239 ἀποθήκες
2583 5174 2645 5227 τὸ
2701 5171 2902 5239 πλῆθος
2964 5175 3022 5230 οὑ
3079 5173 3400 5251 δυναμένης,
3448 5175 3540 5232 καί
3597 5170 3722 5229 οὕτω

2097 5259 2262 5322 πολὺς
2322 5258 2386 5325 ῆν
2423 5259 2522 5325 ἔξω
2553 5262 2978 5342 καταχεόμενος.
3043 5271 3205 5322 Τοῦτο
3254 5267 3487 5330 καὶτοῖς
3543 5259 3724 5340 προλαο

2097 5347 2275 5405 ϐοὗσιν
2335 5349 2542 5422 ὅμοιον,
2592 5353 2679 5407 καί
2734 5361 2828 5410 τοῦ
2882 5354 3000 5430 περὶ
3047 5354 3169 5415 τοὺς
3229 5352 3416 5430 ἄρτους
3471 5355 3720 5428 θαύματος

2084 5437 2208 5496 κατ’
2269 5437 2417 5496 οὐδὲν
2490 5439 2766 5520 ἀνόμοιον,
2822 5439 2952 5521 ὅπερ
3012 5444 3040 5498 6
3098 5443 3225 5518 ἐμὸς
3284 5445 3514 5522 Χριστὸς
3568 5438 3719 5498 πάλαι

2083 5531 2502 5606 θαυματουργεῖ.
2573 5529 2728 5586 Ἐπεὶ
2797 5533 2886 5586 καὶ
2957 5532 3052 5605 μία
3112 5533 3324 5589 πάντοῖν
3402 5531 3488 5588 ἐπ’
3533 5531 3718 5605 ἀμφοῖν

2083 5619 2116 5690 ἡ
2179 5614 2436 5694 ἐνέργεια,
2473 5616 2612 5686 πλὴν
2671 5617 2797 5678 ὅσον
2830 5618 2945 5675 ἐκεῖ
3003 5619 3100 5695 μὲν
3131 5622 3286 5686 αὑτὸς
3343 5621 3409 5692 ἦν
3439 5619 3614 5701 παρών
3667 5633 3716 5669 τε
