4018 6136
220 273 341 345 533
1235 283 1423 346 VITA
1468 283 1541 345 S.‘
1575 283 1982 348 THEODOSII
2026 276 2637 349 C(ENOBIARCH/E.
3500 272 3617 343 534

216 414 315 471 καῖ
362 417 834 493 θαυματουργῶν,
892 414 1113 473 ἐνταῦθα
1148 416 1202 472 δὲ
1256 424 1333 488 τῷ
1383 418 1561 491 οἰκείῳ
1606 417 1888 493 θεράποντι

1986 416 2089 476 nisi
2121 417 2278 496 quod
2313 414 2435 475 illic
2467 413 2708 494 quidem
2740 412 2869 491 ipse
2894 419 3018 472 erat
3048 426 3312 491 praesens
3329 416 3388 471 et
3416 408 3614 471 admi-

217 511 311 560 τοῦ
369 503 671 575 θαύματος
728 502 970 580 ὑπηρέτῃ
1031 503 1337 583 χρώμενος,
1410 503 1591 582 ὥσπερ
1651 500 1750 577 ἄρα
1794 506 1891 560 καὶ

1986 503 2280 580 nistrans;
2315 504 2411 564 hic
2469 510 2666 563 autem
2721 519 2828 561 suo
2884 499 3106 561 famulo
3139 508 3311 559 utens
3341 497 3617 559 ministro

214 604 342 655 τοῖς
407 589 759 651 ἀποστόλοις
820 591 1099 670 πρότερον,
1139 594 1284 652 Μετὰ
1338 601 1464 670 γοῦν
1493 601 1649 655 τοῦτο
1692 590 1776 651 δεῖ
1806 592 1895 649 καὶ

1986 592 2283 666 miraculi,
2318 593 2467 653 sicut
2505 590 2670 668 prius
2721 607 2957 668 quoque
2989 588 3297 668 apostolis.
3334 589 3474 650 Post
3499 586 3615 650 hoc

218 678 435 738 ἑκείνου
472 679 545 736 ἐπ
561 682 914 753 ιμνησθῆναι.

1986 688 2173 748 autem
2206 688 2441 761 oportet
2471 678 2632 741 illius
2661 696 2903 758 quoque
2940 674 3313 738 meminisse.

1738 842 1967 903 CAPUT
2024 844 2131 901 XV.

1035 970 1493 1034 Submemmi:
1551 971 2049 1050 abortionumque
2103 969 2418 1050 depulsum
2471 967 2832 1047 periculum.

309 1126 414 1207 ξγ’,
465 1130 620 1198 Γυνή
672 1151 752 1195 τις
789 1127 1013 1207 πατρίδα
1055 1131 1153 1204 μὲν
1211 1134 1449 1211 αὐχοῦσα
1491 1132 1586 1199 τὴν
1637 1130 1892 1197 Ἀλεξάν-

234 1217 430 1292 δρειαν,
482 1216 721 1291 πλούτῳ
751 1216 806 1273 δὲ
856 1220 1079 1293 κομῶσι
1137 1220 1315 1298 βαθεῖ,
1382 1218 1619 1297 λεγέσθω
1674 1222 1761 1277 καὶ
1819 1226 1895 1293 τῷ

229 1306 419 1379 πολὶῷ
446 1320 720 1381 κρεῖττον
750 1309 915 1373 αὐτῆς
977 1309 1063 1364 καὶ
1118 1306 1335 1376 δοθῆναι
1366 1308 1572 1383 μᾶλλον
1602 1311 1674 1373 εἰς
1726 1308 1893 1376 ἀκοήν

229 1395 394 1469 ἄξιον,
461 1394 552 1452 ὅτι
620 1397 711 1453 καὶ
770 1396 1070 1453 πλουτοῦσα
1127 1401 1309 1476 τρόπω
1362 1406 1611 1478 χρηστῷ,
1666 1400 1752 1454 καὶ
1780 1400 1895 1474 βίου

227 1487 497 1561 πρόνοιαν
563 1489 850 1565 θεοφιλοῦς
910 1487 1131 1565 ἔχουσα,
1185 1487 1351 1561 Αὕτη,
1387 1490 1478 1544 τὸν
1507 1489 1618 1544 υἱὸν
1662 1485 1894 1544 λαϐοῦσα

231 1575 569 1654 (μονογενὴς
637 1573 694 1630 δὲ
752 1577 903 1638 οὗτος
964 1578 1121 1656 αὐτῇ,
1182 1576 1275 1633 καί
1335 1578 1494 1651 μόνος
1554 1574 1785 1651 ἀκριϐῶς
1828 1578 1894 1633 τὰ

225 1671 317 1720 τοῦ
375 1662 578 1740 γένους
644 1665 925 1742 σπέρματα
964 1665 1164 1739 σώζων,
1200 1664 1255 1720 ἐν
1298 1667 1518 1743 ἐαυτῷ),
1552 1666 1732 1746 ἐφοίτα
1762 1667 1892 1743 πρὸς

228 1753 326 1819 τὴν
384 1752 602 1826 μονήν,
654 1756 743 1810 καὶ
786 1768 904 1819 τοῖς
937 1759 1089 1811 ποσὶν
1122 1755 1279 1811 αότὸν
1308 1755 1399 1812 τοῦ
1431 1753 1667 1832 μεγάλου
1697 1753 1893 1811 Θεοδο-

228 1844 341 1897 σίου
397 1842 716 1919 προς-ἦγεν,
778 1847 838 1901 '0
903 1857 1028 1900 παῖς
1089 1844 1271 1918 μέντοι
1327 1847 1416 1901 καὶ
1488 1847 1607 1921 πρὶν
1660 1845 1693 1913 ἢ
1751 1844 1894 1921 παρά

228 1932 324 1999 τῆς
361 1934 580 2009 μητρὸς
616 1937 1017 2012 προσαχθῆναι,
1054 1936 1126 2000 ὡς
1180 1934 1445 2013 πόῤῥωθεν
1482 1933 1587 1991 ἴδοι
1635 1939 1726 1990 τοι
1760 1942 1892 1990 Θεο-

228 2018 432 2093 δόσιον,
498 2021 660 2083 εὒθὺς
740 2045 923 2078 το.”τον
979 2023 1187 2080 ἐκεῖνον
1250 2024 1394 2080 εἷνάι
1452 2023 1765 2102 ἀνέκραγεν,
1837 2024 1895 2085 ὃς

2056 1131 2374 1193 63.Mulier
2391 1128 2684 1210 quaedam,
2712 1128 2809 1188 cui
2834 1125 3085 1204 insignis
3108 1126 3296 1207 patria
3319 1135 3445 1188 erat
3472 1126 3617 1189 Ale-

1976 1216 2599 1299 xandria,ingentibus
2627 1224 2825 1277 autem
2858 1215 3200 1276 abundabat
3229 1215 3445 1295 opibus
3476 1235 3490 1276 :
3524 1214 3617 1275 di-

1978 1318 2145 1369 catur
2176 1309 2233 1369 id
2265 1308 2439 1367 etiam
2477 1306 2635 1385 quod
2688 1313 2814 1365 erat
2872 1302 2933 1363 in
2993 1322 3062 1364 ea
3095 1303 3282 1364 multo
3315 1304 3531 1366 melius
3558 1312 3619 1364 et

1977 1397 2214 1473 dignius
2246 1396 2402 1476 quod
2436 1393 2816 1456 commitatur
2845 1392 3347 1472 auribus,nempe
3376 1391 3535 1474 quod
3561 1399 3622 1453 et

1978 1487 2144 1547 dives
2173 1494 2303 1547 erat
2356 1484 2529 1545 bonis
2563 1482 2849 1555 moribus,
2886 1489 2945 1542 et
2974 1499 3179 1543 curam
3210 1482 3460 1562 gerebat
3489 1484 3621 1543 vitat

1978 1575 2088 1656 piae
2116 1594 2184 1637 ac
2209 1573 2524 1653 religiosae.
2590 1571 2671 1632 Ea
2717 1590 2850 1633 cum
2885 1571 3217 1650 accepisset
3248 1570 3432 1632 tilium
3463 1573 3621 1650 (erat

1973 1674 2172 1726 autem
2192 1664 2288 1725 hic
2309 1664 2363 1724 ei
2385 1662 2816 1742 unigenitus,et
2838 1660 3002 1722 solus
3023 1662 3084 1723 in
3104 1679 3171 1722 se
3194 1669 3358 1722 recte
3375 1674 3619 1722 servans

1977 1753 2208 1815 semina
2230 1747 2848 1832 generis),ventitabat
2869 1749 2941 1810 ad
2976 1751 3499 1824 monasterium,et
3519 1746 3621 1810 ad-

1977 1842 2237 1904 ducebat
2258 1859 2394 1902 eum
2420 1840 2491 1901 ad
2520 1840 2703 1920 pedes
2726 1839 2923 1917 magni
2945 1837 3460 1901 Theodosii.Puer
3479 1853 3617 1899 vero

1978 1934 2154 1993 etiam
2197 1941 2514 2011 antequam
2546 1928 2950 1991 adduceretur
2978 1947 3011 1990 a
3044 1937 3255 2003 matre,
3282 1927 3385 1989 ubi
3417 1925 3621 2007 procul

1979 2021 2122 2082 vidit
2148 2018 2352 2083 Theod
2366 2018 2856 2098 oslum,protinus
2885 2016 3053 2078 illum
3084 2035 3216 2079 esse
3244 2017 3618 2092 exclamavit,

232 2112 390 2165 αὒτδν
436 2110 529 2167 ἐπὶ
578 2118 679 2168 τοῦ
738 2114 962 2190 φρέατος
1018 2111 1230 2193 ἀνέχων
1280 2118 1346 2188 τῇ
1393 2112 1544 2192 χειρῖ
1574 2110 1891 2174 διεσωσατο.

1986 2111 2078 2191 qui
2110 2128 2245 2169 eum
2281 2126 2467 2187 super
2492 2116 2733 2187 puteum
2768 2107 3073 2193 sustinens
3099 2103 3619 2168 conservavit.Ro-

236 2197 614 2277 Ἐρωτωμένη
676 2197 729 2255 δὲ
760 2202 795 2268 ἡ
840 2201 972 2277 γυ·ιὲ⁵
1004 2199 1031 2256 ὅ
1067 2224 1110 2256 τι
1170 2202 1297 2257 ποτὲ
1343 2200 1441 2279 ἄρα
1472 2204 1547 2275 τῷ
1579 2200 1731 2257 παιδί
1762 2202 1893 2276 βού-

233 2286 384 2344 λεται
437 2290 507 2344 τὰ
539 2287 835 2368 λεχθέντα,
874 2290 1187 2362 συμπαίζειν
1218 2293 1317 2365 μὲν
1367 2290 1525 2346 αὺτὸν
1572 2290 1722 2367 ἔλεγε
1776 2303 1893 2354 τοϊς

239 2377 566 2444 ἡλικιώταις
633 2384 698 2453 τῇ
757 2376 966 2450 παιδείᾳ
1025 2380 1385 2457 προσέχοντα,
1432 2381 1518 2435 καὶ
1574 2380 1894 2455 ἀπροόπτως

242 2472 346 2521 τῶν
397 2470 455 2522 ἓν
520 2469 684 2522 ποσὶν
729 2467 925 2546 ξιοντα
978 2469 1051 2533 εἷς
1090 2467 1254 2547 φρέαρ
1288 2474 1700 2548 κατενεχθῆναι,
1735 2470 1897 2547 φρέαρ

246 2557 324 2611 δτι
371 2556 704 2630 βαθύτατον,
761 2558 821 2613 Οἱ
880 2555 976 2615 μὲν
1033 2564 1121 2613 οὖν
1179 2558 1436 2634 παρόντες
1477 2566 1568 2614 τοῦ
1596 2558 1768 2635 ἀώρου
1798 2562 1894 2613 κα⁵ι

246 2652 433 2722 πικροῦ
477 2642 643 2710 δῆθεν
697 2645 923 2701 θανάτου
978 2647 1067 2702 τὸν
1122 2644 1289 2702 παῖδα
1354 2645 1613 2717 ὠδύροντο
1648 2663 1661 2677 °
1731 2644 1895 2709 οὒδεὶς

248 2733 343 2809 γὰρ
389 2734 456 2802 ἦν
488 2737 534 2808 ᾦ
708 2731 827 2798 δόξα
872 2734 937 2800 ἦν
980 2735 1070 2791 τόν
1130 2733 1301 2792 παῖδα
1333 2736 1478 2800 εὐθὺς
1533 2737 1893 2812 ἀποπνιγῆναι

250 2837 361 2884 τοῖς
409 2819 590 2886 ὕδασι,
656 2822 717 2879 Τί
773 2823 873 2899 γὰρ
917 2825 1006 2879 καὶ
1050 2821 1181 2899 ᾅλλο
1226 2822 1451 2898 ἔμελλον
1496 2822 1618 2879 ὅσον
1670 2824 1775 2880 ἀπὸ
1806 2830 1897 2880 τοῦ

255 2911 566 2987 πράγματος
625 2912 996 2991 ὑποπτεύειν,
1053 2895 1276 2968 Ἔπειτα
1361 2915 1449 2968 καὶ
1526 2911 1895 2992 φιλάνθρωπόν

255 3019 304 3054 τι
363 3007 642 3064 ποιοῦντες
703 3001 941 3057 καθίασιν
1003 3001 1220 3065 ἑαυτοὺς
1264 3001 1409 3065 εὐθὺς
1459 3003 1531 3059 εἰς
1587 3005 1648 3057 τὸ
1705 3000 1891 3079 φρέαρ,

261 3090 361 3168 οὐχ
409 3087 501 3144 ’ἶνα
561 3089 773 3145 ἐκεῖνον
834 3090 1154 3168 πρότερονῆ
1199 3091 1287 3146 καὶ
1319 3089 1606 3146 ἀποθανεῖν
1637 3087 1895 3168 λάϐωσιν,

264 3172 386 3252 (ποῦ
411 3177 509 3252 γαρ
539 3177 604 3245 ἧν
640 3176 827 3233 τούτου
885 3179 971 3233 καὶ
1019 3179 1178 3254 μικρά
1235 3200 1315 3242 τις
1360 3177 1507 3243 ἐλπίς
1545 3177 1585 3255 ;)
1629 3177 1751 3233 ἀλλ’
1806 3177 1898 3233 ἵνα

274 3264 419 3322 αὖτιῶ
470 3268 528 3321 τὸ
586 3273 748 3340 σῶμα
787 3267 888 3345 πρὸ
920 3271 1016 3333 τῆς
1045 3264 1324 3345 διαφθορᾶς
1376 3266 1671 3323 ἀνελύσωσι
1732 3265 1897 3342 δῶρον

282 3361 531 3433 συμιρορᾶς
599 3357 794 3431 μητρὶ,
874 3357 963 3411 καὶ
1048 3355 1217 3428 θέαμα
1293 3358 1482 3434 πικρὸν
1567 3356 1893 3434 ὀφθαλμοῖς,

282 3441 363 3495 καὶ
401 3441 600 3521 κέντρον
665 3443 882 3524 ὀδύνης,
957 3447 1191 3522 καθάπερ
1246 3467 1296 3500 τι
1354 3443 1414 3501 ἐκ
1469 3445 1719 3522 ναυαγίου
1774 3442 1894 3500 δια-

276 3530 449 3607 σωθὲν,
498 3534 722 3611 φευκτόν
780 3554 836 3589 τε
896 3532 1007 3607 ἅμα
1052 3533 1141 3588 καὶ
1183 3534 1425 3589 ποθεινὸν
1457 3533 1728 3610 μητρῲοις
1787 3532 1893 3607 ὅμ-

273 3639 421 3692 μασιν
432 3667 443 3679 ,

344 3705 433 3772 ξδ’.
488 3709 643 3767 Ἐπεὶ
696 3709 751 3767 δὲ
798 3710 1087 3783 κατῆλθον,
1150 3709 1541 3785 ἐπικαθήμενον
1598 3710 1757 3767 αὖτὸν
1804 3710 1897 3766 εὖ-

267 3796 435 3872 ρόντες
491 3812 613 3861 τοῖς
658 3797 832 3878 ὕδασι,
864 3802 952 3854 καὶ
987 3797 1105 3856 οὒδέ
1150 3786 1326 3878 βραχύ
1378 3822 1427 3855 τι
1478 3798 1895 3873 καταδυόμενον,

264 3884 377 3940 ἀλλ’
430 3886 754 3968 ἐνεχόμενον
800 3888 980 3967 ὥσπερ
1035 3887 1137 3943 ὑπό
1183 3909 1332 3953 τινος
1378 3896 1616 3967 στερεοῦ,
1669 3889 1899 3967 ἀχανεῖς

267 3971 469 4046 ἔμενον,
502 3977 824 4052 ἐθαύμαζον,
872 3978 1194 4056 ἠποροῦντο,
1228 3979 1323 4033 οὒκ
1353 3978 1516 4058 εἶχον
1547 3977 1574 4033 ὅ
1625 4000 1675 4033 τι
1707 3978 1768 4033 ἂν
1800 3977 1898 4055 ἄρα

268 4060 445 4135 ἐπὶτῷ
492 4066 750 4139 θεωμένῳ
806 4065 1175 4135 διενοήσαντο.
1236 4066 1382 4132 Πλὴν
1438 4065 1576 4121 ἀλλά
1618 4073 1711 4122 τοῦ
1766 4066 1894 4122 ὕδα-

269 4173 351 4216 τος
406 4153 814 4229 ἀνελκύσαντες,
861 4157 949 4211 καὶ
1001 4159 1073 4218 ὡς
1119 4157 1179 4211 οὗ
1241 4156 1380 4217 θείας
1435 4155 1730 4223 ἐπισκοπῆς
1779 4154 1898 4211 ἀνευ

271 4242 328 4294 τὸ
379 4249 599 4321 πρᾶγμα
642 4244 884 4321 γενέσθαι
942 4244 1120 4306 καλῶς
1166 4244 1434 4320 κρίναντες
1483 4244 1771 4318 ἀνηρώτων
1809 4264 1822 4278 ·
1871 4247 1898 4298 ὁ

272 4323 323 4382 δὲ
353 4334 594 4411 μοναχάν
636 4355 756 4389 τινα
799 4333 901 4411 ἔφη
932 4335 1267 4410 πάρα-στῆναί
1297 4355 1415 4406 μοι,
1449 4336 1507 4389 τὸ
1554 4342 1766 4411 σχῆμα,
1800 4334 1899 4399 τὴν

274 4414 550 4493 ἀναϐολὴν,
597 4423 696 4488 τὴν
740 4423 955 4502 μορφὴν
990 4420 1221 4499 τοιάνδε,
1253 4423 1317 4476 τὰ
1377 4422 1671 4499 παράσημα
1729 4423 1897 4478 πάντα

277 4512 363 4560 τοῦ
424 4512 621 4587 Πατρός
666 4510 838 4590 λέγων
895 4511 1108 4567 ἐοικότα
1153 4513 1284 4588 πρὸς
1336 4513 1395 4567 τὸ
1427 4511 1740 4588 ἀκρότατον,
1807 4516 1901 4567 Καὶ

351 4594 394 4626 ι,
681 4603 694 4617 ρ
1088 4603 1101 4619 \
1231 4601 1248 4613 δ
1360 4599 1372 4615 ι
1474 4602 1485 4617 ι
1529 4603 1537 4613 -
1784 4598 1841 4617 5"

279 4612 457 4650 τουιου
516 4622 604 4673 μοι
647 4623 696 4654 σι
732 4612 943 4679 χεῖρες,
977 4623 1129 4679 φησι,
1164 4622 1256 4655 του
1312 4623 1388 4673 μη
1442 4604 1581 4660 ευθυς
1621 4613 1737 4662 τοῖς
1782 4618 1900 4655 001-

280 4702 355 4735 σιν
409 4684 753 4745 ἐναποθανεῖν
817 4688 1009 4762 αἴτιοι,
1067 4689 1359 4768 ἀνέχουσαί
1419 4710 1484 4761 με
1543 4688 1745 4763 καλῶς,
1806 4693 1898 4745 καὶ

279 4768 547 4853 ὑπέρτερον
576 4778 720 4834 εἶναι
748 4785 851 4833 τῶν
881 4776 1085 4835 ὑδάτων
1118 4779 1633 4854 παρασκευάζουσαι,

356 4943 447 5011 ξε’.
519 4962 691 5012 Ταῦτα
750 4956 785 5021 ἡ
856 4955 1038 5028 μήτηρ
1110 4951 1410 5030 animum
1465 4958 1554 5008 καὶ
1608 4954 1902 5032 προστίθει,

288 5032 481 5118 ὅτιπερ,
516 5038 601 5107 ἘΞ
632 5043 834 5101 ἐκείνου
863 5044 971 5119 ἐγὼ
1012 5045 1103 5097 τὸν
1148 5041 1317 5097 παῖδα
1342 5040 1598 5115 λαϐοῦσα,
1632 5042 1816 5105 πόλεις
1846 5064 1903 5098 τε

291 5125 370 5179 καὶ
425 5128 605 5204 κώμας
666 5134 752 5188 καὶ
810 5131 905 5207 ὄρη
962 5134 1051 5187 καὶ
1105 5132 1371 5209 κρημνοὺς
1427 5132 1657 5208 περίειμι
1716 5133 1905 5197 πόνους

290 5213 629 5297 ὒσισταμὲνη,
660 5219 892 5283 πολλοὺς
951 5219 1073 5295 μὲν,
1120 5222 1213 5277 οὐκ
1256 5217 1441 5284 ἀηδεῖς
1500 5220 1578 5298 δὲ,
1639 5220 1785 5283 ὅπως
1842 5219 1903 5275 ἀν

298 5322 379 5372 μοι
430 5310 503 5380 τῷ
550 5316 754 5387 σωτῆρι
816 5321 1132 5389 περιτυχεῖν
1187 5310 1345 5364 αὖτοῦ
1401 5308 1631 5385 γένοιτο.
1694 5318 1793 5368 Νῦν
1851 5308 1905 5365 δὲ

296 5389 541 5467 πάῤῥωθεν
585 5401 738 5457 αὐτὸν
793 5402 821 5455 ὁ
880 5412 1011 5462 παῖς
1066 5400 1335 5475 ἐπιγνοὺς,
1370 5402 1455 5455 καὶ
1485 5398 1603 5472 ἐμοὶ
1637 5405 1702 5474 τῇ
1745 5402 1908 5476 μητρὶ

303 5482 478 5567 μαθεῖν
506 5483 687 5558 ἔδωκε,
748 5491 838 5544 καί
898 5488 1146 5565 κηρύττει
1188 5493 1372 5543 τοῦτον
1422 5487 1692 5567 ἐπιφανῶς
1750 5488 1907 5544 ἐλευ-

302 5564 410 5647 δέρᾳ
440 5571 646 5650 γλώττῃ
677 5579 762 5632 καὶ
818 5564 1063 5639 ὅπονοίας
1110 5576 1286 5643 πάσης
1343 5576 1436 5632 mi
1471 5564 1688 5653 ψεύδους
1731 5579 1906 5656 κρείτ-

1975 2205 2107 2277 gata
2140 2204 2336 2258 autem
2374 2195 2615 2269 mulier,
2650 2193 2937 2273 quidnam
2968 2192 3081 2255 sibi
3110 2193 3337 2255 vellent
3366 2211 3456 2270 ea,
3489 2210 3625 2273 qua

1977 2286 2333 2347 dicebantur
2356 2303 2389 2344 a
2413 2282 3009 2363 puero.dicebateum
3025 2281 3263 2361 quidem
3280 2283 3491 2343 lusisse
3504 2300 3623 2343 una

1979 2394 2113 2436 cum
2139 2374 2506 2455 aequalibus;
2534 2390 2669 2433 cum
2695 2381 2893 2432 autem
2918 2370 3058 2431 ludo
3086 2378 3245 2431 esset
3265 2376 3623 2444 intentus,et

1982 2483 2097 2525 non
2132 2463 2483 2542 praevideret
2513 2479 2645 2541 qum
2694 2467 2863 2521 erant
2907 2459 2967 2519 in
3004 2458 3281 2539 pedibus,
3314 2459 3618 2538 dejectum

1976 2553 2162 2614 fuisse
2192 2553 2253 2613 in
2289 2561 2823 2631 puteum,eumque
2856 2547 3491 2628 profundissimum.Et
3511 2547 3622 2624 qui

1977 2643 2223 2703 aderant
2252 2640 2517 2719 quidem,
2546 2640 2925 2700 immaturam
2958 2646 3018 2699 et
3051 2635 3326 2697 acerbam
3362 2649 3621 2698 mortem

1980 2733 2147 2811 pueri
2170 2725 2686 2791 deﬂebant.Nemo
2707 2727 2865 2787 enim
2891 2726 3150 2805 erat,qui
3172 2743 3291 2786 non
3316 2724 3622 2787 existima-

1980 2829 2073 2882 ret
2095 2837 2343 2899 puerum
2368 2816 2552 2878 fuisse
2572 2816 2766 2877 statim
2793 2812 2867 2876 ab
2885 2833 3033 2895 aqua
3057 2814 3434 2875 suﬂ‘ocatum.
3462 2813 3617 2886 Quid

1979 2909 2137 2970 enim
2171 2928 2240 2969 ex
2274 2926 2342 2969 ea
2370 2924 2438 2968 re
2471 2913 2744 2986 poterant
2771 2903 2931 2965 aliud
2991 2902 3333 2981 snspicari?
3388 2901 3621 2964 Deinde

1979 3001 2157 3061 etiam
2181 3016 2246 3060 se
2274 2997 2535 3057 humane
2553 2991 3502 3074 gerentes,seipsosdemittuntin
3518 3010 3621 3073 pu-

1981 3100 2164 3159 teum,
2194 3105 2312 3147 non
2338 3094 2402 3146 ut
2425 3103 2559 3147 eum
2581 3084 2922 3162 acciperent
2943 3091 3264 3160 antequam
3285 3089 3624 3142 moreretur

1982 3176 2301 3258 (quomodo
2318 3175 2477 3237 enim
2495 3174 2624 3254 ejus
2650 3191 2782 3234 esse
2808 3180 3004 3253 posset
3025 3169 3269 3250 velspes
3292 3170 3616 3249 minima?),

1982 3263 2087 3326 sed
2107 3273 2171 3324 ut
2194 3273 2512 3342 antequam
2538 3258 3186 3339 corrumperetur,ejus
3206 3276 3425 3337 corpus
3441 3266 3623 3319 attra-

1982 3352 2404 3424 herent,matri
2426 3350 2673 3412 domum
2698 3347 3137 3417 calamitatis,et
3155 3345 3438 3409 acerbum
3471 3364 3622 3408 ocu-

1981 3441 2056 3502 lis
2077 3440 2507 3520 spectaculum,
2539 3446 2596 3498 et
2626 3435 2930 3497 stimulum
2962 3434 3209 3508 doloris,
3234 3442 3516 3509 tanquam
3548 3452 3621 3497 ex

1980 3529 2286 3607 naufragio
2309 3533 2721 3591 conservatum
2732 3523 2936 3601 ,simul
2969 3532 3026 3585 et
3051 3522 3400 3603 fugiendum
3432 3532 3491 3586 et
3517 3522 3622 3585 de-

1977 3618 2365 3680 siderandum
2404 3616 2608 3677 matris
2638 3613 2853 3677 oculis.

2060 3707 2490 3787 64.Postquam
2518 3713 2716 3767 autem
2742 3701 3279 3778 descenderunt,et
3298 3720 3432 3763 eum
3456 3702 3620 3765 inve-

1982 3805 2202 3858 nerunt
2232 3796 2545 3857 sedentem
2598 3810 2781 3875 super
2837 3810 3046 3873 aquas,
3092 3800 3151 3852 et
3182 3810 3294 3854 nec
3321 3791 3620 3853 tantillum

1981 3886 2223 3966 quidem
2260 3884 2684 3962 madefactum,
2716 3883 2819 3943 sed
2852 3882 2956 3962 qui
3001 3880 3410 3943 sustinebatur
3437 3881 3624 3943 veluti

1978 3975 2053 4036 ab
2071 3975 2270 4055 aliquo
2289 3972 2615 4043 solido,ore
2636 3979 2843 4051 aperto
2869 3968 3615 4045 manebant,mirabantur,

1980 4063 2355 4135 dubitabant,
2385 4060 2729 4123 nesciebant
2749 4058 3034 4140 quidnam
3060 4059 3393 4138 cogitarent.
3413 4057 3490 4120 de
3519 4077 3615 4136 eo,

1980 4156 2137 4233 quod
2171 4151 2653 4214 cernebant.Sed
2686 4168 2824 4211 cum
2859 4167 2993 4210 eum
3031 4167 3103 4210 ex
3131 4149 3304 4228 aquis
3329 4149 3619 4210 extraxis-

1982 4253 2140 4313 sent,
2159 4253 2216 4302 et
2243 4260 2360 4301 non
2384 4240 2610 4320 absque
2637 4239 2838 4300 divina
2863 4237 3236 4318 providentia
3255 4255 3381 4298 rem
3405 4237 3619 4299 factam

1981 4332 2166 4393 fuisse
2185 4331 2581 4410 judicassent,
2608 4347 2744 4389 eum
2778 4329 3070 4406 rogabant
3102 4345 3116 4389 :
3153 4329 3203 4388 is
3233 4326 3380 4388 dixit
3409 4344 3619 4408 quem-

1981 4420 2115 4480 dam
2149 4420 2409 4482 astitisse
2462 4418 2849 4494 monachum,
2907 4416 3007 4478 tali
3053 4417 3282 4489 habitu,
3316 4415 3534 4478 amictu
3569 4423 3628 4477 et

1982 4511 2173 4571 forma
2196 4507 2759 4588 praeditum,dicens
2781 4506 2986 4567 omnia
3007 4505 3431 4586 insignia,quie
3451 4512 3628 4569 erant

1981 4600 2176 4663 Patris
2195 4597 2523 4663 Theodosii
2544 4598 2719 4675 longe
2743 4596 3145 4658 simillima.Et
3168 4597 3370 4675 hujus,
3404 4595 3624 4672 inquit,

1988 4689 2131 4751 mihi
2167 4707 2376 4750 manus
2406 4706 2604 4748 causae
2640 4694 2801 4759 sunt,
2837 4703 2913 4747 ne
2946 4684 3006 4745 in
3046 4684 3220 4764 aquis
3266 4683 3626 4755 interierim,

1922 4768 2118 4859 unae
2150 4797 2244 4840 me
2274 4787 2437 4839 recte
2469 4774 2864 4847 sustinebant,
2892 4784 2949 4836 et
2974 4773 3313 4836 efﬁciebant
3339 4782 3406 4834 ut
3432 4791 3627 4835 essem

1986 4869 2155 4949 aquis
2186 4867 2485 4947 superior.

2067 4959 2165 5019 65.
2196 4956 2332 5018 Haec
2368 4964 2558 5017 mater
2590 4963 2647 5016 et
2679 4954 2966 5016 narrabat
2995 4961 3055 5014 et
3086 4950 3406 5031 adjiciebat
3436 4969 3450 5013 :
3476 4948 3623 5026 Ego,

1986 5046 2202 5126 inquit,
2233 5064 2369 5105 cum
2434 5063 2503 5104 ex
2556 5043 2661 5104 illo
2712 5054 2988 5121 tempore
3018 5039 3205 5101 ﬁlium
3233 5039 3627 5119 accepissem,

1989 5138 2168 5196 urbes
2191 5134 2342 5195 obeo
2366 5142 2425 5193 et
2443 5132 2605 5193 vicos
2628 5137 2687 5191 et
2705 5138 2939 5191 montes
2961 5136 3019 5190 et
3040 5126 3631 5208 praacipitiaJabores

1989 5224 2259 5295 subiens,
2295 5222 2513 5283 multos
2538 5219 2813 5297 quidem,
2850 5218 2952 5279 sed
2995 5236 3114 5278 non
3147 5215 3534 5296 injucundos,
3567 5224 3632 5278 ut

1990 5314 2198 5374 liceret
2223 5310 2368 5372 mihi
2391 5308 2660 5371 incidere
2688 5308 2748 5368 in
2772 5308 2900 5385 ejus
2921 5309 3489 5368 servatoremNunc
3517 5321 3629 5366 au-

1993 5410 2108 5462 tem
2143 5420 2277 5461 cum
2308 5398 2546 5459 eminus
2577 5415 2713 5458 eum
2746 5395 2985 5473 agnovit
3018 5394 3198 5469 (ilius,
3225 5392 3371 5456 mihi
3392 5411 3630 5475 quoque

1992 5491 2166 5550 matri
2191 5488 2357 5550 dedit
2374 5494 2438 5548 ut
2459 5492 2941 5564 agnosceremzet
2959 5502 3094 5546 eum
3113 5492 3320 5564 aperte
3342 5480 3632 5564 praedicat

1990 5577 2180 5641 libera
2213 5576 2435 5658 lingua,
2472 5582 2531 5638 et
2552 5591 2683 5659 quae
2699 5574 3105 5657 suspicionem
3130 5590 3371 5637 omnem
3387 5579 3634 5651 superat
