4018 6136
368 303 485 370 535

1669 304 1947 368 MENSIS
1986 303 2441 368 JANUARIUS.

3649 295 3761 360 536

373 447 431 502 et
453 437 829 500 mendacium
845 452 1085 516 ,meqne
1115 434 1342 515 gaudio
1364 435 1649 515 repletam
1673 442 1732 496 et
1758 435 2004 501 admira-

2107 462 2240 515 τονι,
2273 440 2415 516 κάμὲ
2445 438 2500 498 δὲ
2530 447 2704 522 χαρᾶς
2759 441 2848 497 καὶ
2888 439 3153 516 θαύματος
3217 435 3620 512 πληρωθεῖσαν
3673 433 3761 490 καί

373 529 560 602 tione,
597 536 655 588 et
681 527 862 590 veluti
897 523 1153 606 quodam
1226 523 1430 585 divino
1487 525 1687 586 furore
1716 527 2022 604 percitam,

370 637 493 680 non
529 618 668 678 sinit
705 616 1043 694 quiescere.
1087 613 1224 675 Haec
1285 632 1418 677 cum
1473 613 1744 691 dixisset,
1775 616 1846 676 ad
1880 637 2029 698 opus

373 724 609 789 quoque
635 710 910 780 accessit,
948 711 1008 765 ut
1039 722 1172 784 qua;
1203 703 1481 783 protinus
1511 705 1582 766 ad
1614 723 1805 784 genua
1840 707 2028 786 patris

371 797 806 864 advolveretur,
837 803 897 854 et
925 793 1087 854 illius
1117 793 1362 872 vestigia
1390 791 1679 855 ambabus
1703 804 2018 873 prensaret

373 883 739 950 manibus,et
761 881 1308 960 complecterentur
1327 880 1508 942 labris
1528 881 1702 942 simul
1720 883 2010 958 etanimo,

372 973 592 1035 calidas
611 973 667 1032 in
703 989 772 1031 ea
801 970 1088 1050 lacrymas
1110 969 1450 1031 effundens:
1477 978 1534 1030 et
1557 979 2016 1048 servatorem,et

369 1063 504 1122 vitae
521 1073 983 1136 auctorem,non
1009 1060 1201 1120 solum
1228 1058 1476 1136 ﬁlii,sed
1500 1077 1622 1120 suae
1643 1078 1878 1141 quoque
1897 1079 2008 1122 ma-

366 1169 546 1229 gnum
582 1168 796 1210 vocans
825 1147 1231 1210 Theodosium
1271 1168 1286 1208 :
1331 1167 1542 1210 revera
1565 1147 1725 1210 enim
1753 1150 1808 1212 ei
1832 1151 2016 1212 fuisse

369 1239 624 1302 futuram
651 1239 938 1317 deinceps
961 1238 1135 1298 vitam
1165 1256 1281 1297 non
1337 1238 1597 1309 vitalem,
1633 1245 1731 1300 aut
1765 1239 1852 1301 vel
1886 1240 2016 1320 ipsa

369 1338 562 1391 morte
594 1331 768 1408 longe
806 1327 1248 1394 amariorem.si
1280 1336 1396 1388 tam
1430 1328 1871 1410 intempestive,
1911 1331 2010 1390 in-

371 1419 517 1500 quit,
553 1425 615 1480 et
645 1417 866 1478 misere
897 1418 950 1477 ei
983 1417 1142 1478 ﬁlius
1173 1417 1526 1480 interiisset.

450 1507 551 1572 66.
586 1507 790 1569 Potest
847 1513 1045 1567 autem
1105 1506 1295 1567 oratio
1324 1525 1564 1588 quoque
1595 1506 1818 1588 aliquid
1850 1509 2010 1570 aliud

371 1595 801 1672 dicere,simile
828 1594 1212 1676 praecedenti.
1255 1593 1401 1657 Nam
1431 1596 1702 1676 qumdam
1730 1598 1842 1658 alia
1876 1616 2011 1658 mu-

371 1685 505 1762 lier,
535 1703 666 1767 qua:
690 1687 749 1746 in
774 1693 943 1766 partu
968 1685 1287 1765 quotannis
1309 1685 1565 1765 graviter
1596 1685 1925 1761 laborabat,
1955 1694 2015 1748 et

2109 530 2230 585 οἷον
2287 530 2639 589 ἐνθουσιῶσαν
2708 531 2935 609 ἠρεμεῖν
3007 530 3100 585 οὒκ
3167 527 3260 600 ἐᾷ,
3314 526 3501 583 Ταῦτα
3553 524 3766 579 εἰποῦσα

2108 619 2192 674 καὶ
2226 618 2309 697 ἔργ
2321 641 2380 675 ου
2410 619 2624 698 εἴχετο,
2655 632 2776 682 τοῖς
2819 625 2914 674 106
2943 619 3140 696 πατρὸς
3169 616 3334 678 εὐθὺς
3368 613 3570 692 γὸνισι
3603 633 3769 690 προσ·

2108 706 2432 785 κυλιομένη,
2491 710 2664 787 ἰχνῶν
2714 728 2771 763 τε
2853 707 3052 764 ἑκείνου
3113 704 3467 786 ἀμφοτέραις
3530 705 3769 778 tapino-

2108 797 2267 876 μένη,
2341 796 2809 874 περιπτυσσομένη
2887 797 2985 853 καῖ
3067 796 3326 875 χείλεσιν
3390 793 3514 869 ἅμα
3569 792 3659 848 καὶ

2097 886 2274 965 ψυχῆ,
2319 884 2516 964 δάκρυα
2577 887 2775 942 τούτων
2839 886 3007 964 θερμά
3065 883 3462 964 καταχέουσα,
3512 881 3608 937 καὶ
3663 903 3769 936 σω-

2095 981 2234 1054 τῆρα
2291 978 2379 1032 καί
2421 977 2565 1047 ζωῆς
2629 975 2832 1051 αἴτιον,
2879 981 2940 1037 οὒ
2979 983 3074 1032 106
3116 973 3322 1040 παιδὸς
3391 974 3597 1051 μόνον,
3643 971 3774 1028 ἀλλὰ

2094 1067 2183 1122 καὶ
2215 1065 2408 1132 ἑαυτῆς
2437 1067 2528 1121 τὸν
2559 1066 2727 1141 μέγαν
2758 1063 3101 1122 ἀποκαλοῦσα
3135 1079 3150 1094 ·
3202 1064 3238 1133 ἢ
3309 1063 3422 1141 γὰρ
3488 1061 3552 1116 ἂν
3603 1057 3769 1116 ἀϐίω-

2097 1177 2187 1210 τον
2218 1155 2354 1230 αὐτῇ
2385 1154 2572 1212 λοιπὸν
2616 1155 2826 1212 ἔσεσθαι
2857 1157 2951 1211 τὸν
2992 1155 3130 1233 βίον,
3177 1154 3211 1222 ἢ
3243 1151 3400 1210 πολὺ
3436 1149 3658 1226 μᾶλλον
3689 1151 3772 1206 καὶ

2097 1246 2253 1300 αὐτοῦ
2307 1245 2532 1304 θανάτου
2589 1246 2926 1321 πικρότερον,
2981 1245 3024 1299 εἰ
3100 1242 3262 1318 οὕτω,
3333 1243 3542 1324 φησὶν,
3588 1241 3769 1320 ἀώρως

2095 1333 2214 1410 ἐμοὶ
2245 1335 2329 1390 καὶ
2361 1333 2552 1400 ἀθλίως
2583 1337 2610 1389 ὁ
2639 1347 2774 1398 παῖς
2804 1331 3097 1392 ἀπολώλει.

2174 1502 2304 1586 Eg".
2352 1513 2517 1592 ’Ἔχει
2573 1536 2624 1569 τι
2654 1515 2742 1570 καὶ
2799 1511 2932 1570 ἄλλο
2966 1519 3060 1570 τοῦ
3089 1511 3482 1591 προλαϐόντος
3533 1513 3563 1566 ὃ
3609 1509 3767 1588 λόγος

2093 1603 2265 1658 εἰπεῖν
2297 1601 2700 1679 παραπλήσιον,
2737 1602 2877 1668 Γυνὴ
2922 1603 3022 1682 γάρ
3077 1625 3159 1666 τις
3204 1601 3370 1679 ἑτέρα
3421 1601 3628 1665 τόκους
3673 1601 3769 1676 μὲν

2097 1692 2182 1747 καὶ
2263 1692 2451 1770 πικρὰς
2531 1692 2703 1749 τόκων
2791 1690 2987 1756 ὠδῖνας
3073 1693 3301 1758 ἰετησίως
3387 1690 3764 1769 ὑφισταμένη,

370 1793 481 1836 nec
504 1794 571 1836 ex
597 1795 666 1837 eo
689 1776 949 1856 aliquam
974 1774 1246 1856 capiebat
1279 1774 1623 1837 utilitatem.
1657 1775 2004 1856 Priusquam

2093 1779 2211 1839 οὐδὲ
2266 1780 2418 1858 ὀλίγα
2463 1779 2515 1837 δὲ
2575 1783 2778 1838 τούτων
2820 1779 3136 1855 ἀποναμένη
3173 1797 3189 1814 ⁸
3237 1781 3328 1836 καὶ
3381 1780 3495 1858 γὰρ
3543 1779 3678 1857 πρίν
3733 1779 3766 1846 ἢ

371 1868 529 1926 enim
558 1865 756 1926 infans
777 1863 973 1926 editus
1008 1871 1169 1926 esset
1190 1864 1250 1925 in
1282 1864 1503 1937 lucem,
1539 1883 1571 1925 e
1591 1865 1707 1925 vita
1725 1883 2008 1927 excesse-

366 1959 544 2028 rat,et
571 1953 808 2015 labores
837 1954 1059 2028 luctus,
1095 1961 1153 2014 et
1190 1972 1348 2014 mors
1382 1962 1614 2034 partum
1649 1953 2006 2034 excipiebat.

367 2042 504 2106 Haec
536 2062 676 2123 ergo
701 2061 834 2123 quae
852 2061 936 2105 διο
959 2051 1018 2104 et
1046 2041 1264 2104 multos
1288 2042 1559 2123 pariebat
1585 2042 1759 2114 ﬁlios,
1795 2054 1855 2104 et
1885 2055 2011 2106 erat

367 2131 572 2194 orbata
601 2133 900 2207 ﬁliis,cum
921 2133 1046 2213 jam
1075 2133 1250 2210 longo
1275 2140 1546 2213 tempore
1569 2151 1638 2194 eo
1666 2133 1821 2194 malo
1852 2143 2010 2195 esset

367 2230 596 2298 vexata,
615 2224 703 2283 vix
740 2221 978 2283 tandem
1011 2221 1237 2282 invenit
1268 2221 1408 2282 mali
1441 2221 1948 2284 medicamentum
1990 2243 2004 2282 :

368 2319 426 2372 et
456 2329 589 2371 cum
622 2311 693 2372 ad
727 2320 995 2372 sanctum
1029 2309 1599 2390 conl'ugisset,eiquo
1625 2311 2004 2374 affectionem

363 2417 529 2460 suam
590 2399 838 2462 dixisset
896 2408 954 2460 et
1009 2399 1434 2474 calamitatem,
1496 2399 1775 2480 lacrymis
1809 2402 2006 2480 potius

363 2507 539 2568 quam
576 2489 776 2551 verbis
807 2489 996 2550 virum
1019 2495 1146 2548 orat
1168 2487 1577 2562 vehementer,
1613 2497 1676 2548 ut
1710 2489 1930 2551 malum
1951 2497 2005 2550 ei

362 2577 628 2652 sisteret,
684 2597 758 2640 ne
790 2577 1050 2658 amplius
1083 2577 1564 2656 progrederetur.
1614 2577 1869 2640 Sistetur
1897 2599 2006 2640 au-

361 2674 503 2741 tem,
537 2667 754 2747 inquit,
787 2685 904 2727 non
930 2666 1126 2740 aliter,
1153 2683 1330 2745 quam
1365 2665 1494 2726 solo
1528 2673 1626 2726 tuo
1659 2667 1923 2744 nomine,
1957 2671 2006 2732 si

363 2753 711 2833 permiseris
762 2753 821 2813 id
883 2752 1038 2834 quod
1082 2759 1382 2828 nascetur,
1418 2753 1504 2814 sic
1538 2754 1756 2814 vocari.
1795 2753 1866 2815 Et
1898 2757 2005 2818 hoc

365 2843 500 2914 erit,
535 2842 750 2919 inquit,
792 2843 934 2903 mihi
993 2849 1049 2902 et
1103 2841 1328 2904 solutio
1383 2842 1752 2919 calamitatis,
1799 2853 1858 2906 et
1885 2845 2006 2907 ﬁlio

363 2949 539 2992 causa
567 2931 720 2994 vitae.

443 3021 542 3084 67.
575 3019 712 3081 Haec
742 3037 876 3080 cum
911 3019 1204 3099 petiisset,
1237 3025 1294 3082 et
1327 3027 1691 3082 annuentem
1726 3039 2002 3102 magnum

361 3119 532 3172 nacta
551 3109 1214 3189 essetTheodosium,et
1239 3108 1396 3188 quod
1421 3108 1640 3172 deinde
1661 3119 1864 3172 natum
1889 3121 1999 3187 est,

359 3199 760 3262 Theodosium
800 3198 1192 3272 nominasset,
1224 3197 1572 3260 vehementi
1624 3219 1862 3282 quoque
1884 3202 2004 3263 ﬁde

361 3287 602 3364 dignam
629 3288 855 3350 invenit
878 3287 1238 3348 mercedem.
1256 3287 1384 3349 Non
1405 3287 1662 3366 amplius
1684 3293 1844 3351 enim
1873 3310 2006 3371 par-

361 3387 454 3439 tus
471 3377 706 3440 labores
727 3378 780 3439 ei
800 3395 1090 3460 peperere
1116 3377 1540 3458 lacrymas,sed
1565 3387 1766 3458 aperte
1790 3381 2004 3443 laetitias

358 3467 899 3536 occasionem,cum
933 3485 1092 3542 eum,
1129 3467 1229 3546 qui
1250 3468 1412 3528 inter
1431 3468 1592 3529 vicos
1616 3476 1744 3530 erat
1768 3471 2000 3550 primo-

358 3555 1026 3634 genitus,Theodosium
1060 3556 1260 3617 adhuc
1290 3556 2004 3637 videretsuperstitem,et

359 3645 755 3722 complentem
793 3644 1044 3705 chorum
1071 3645 1500 3706 monachorum
1537 3646 1801 3727 ejus,qui
1832 3648 2001 3710 illum

357 3741 648 3812 genuerat
681 3733 1011 3793 secundum
1040 3733 1412 3813 spiritum;et
1430 3734 1720 3795 orationis
1742 3735 1998 3798 fructum

358 3823 570 3902 potius,
609 3840 784 3900 quam
819 3821 955 3896 alvi,
992 3821 1264 3900 conspici
1296 3839 1364 3883 ex
1399 3823 1682 3901 operibus
1711 3847 1726 3896 ;
1760 3827 1999 3906 quando

359 3910 598 3990 quidem
624 3911 749 3970 haec
771 3911 1010 3990 quidem
1035 3909 1551 3984 morientium,illa
1583 3931 1719 3973 vero
1746 3916 1998 3976 viventis

361 4007 550 4060 mater
575 3999 686 4060 fuit
717 4019 731 4060 :
769 4009 830 4060 et
861 3998 994 4060 ideo
1026 3999 1318 4060 adductus
1346 4007 1437 4060 est
1462 4001 1533 4061 ad
1569 4005 1993 4065 monasterium

360 4087 433 4150 ab
459 4107 690 4167 ea,quze
706 4088 1002 4168 genuit,et
1027 4087 1288 4149 vicissim
1315 4087 1437 4150 Deo
1467 4097 1558 4150 est
1581 4091 1852 4153 redditus
1885 4113 1900 4152 :
1937 4101 1998 4154 ut

2023 3083 2064 3134 C

2092 1873 2284 1950 τεχθὲν
2343 1872 2416 1934 εἰς
2475 1871 2567 1927 τὸν
2617 1872 2731 1948 βίον
2781 1875 3074 1946 προκῦψαι,
3120 1875 3211 1926 τοῦ
3253 1870 3378 1945 βίου
3412 1869 3765 1948 μετήρχετο,

2091 1960 2181 2016 καὶ
2238 1959 2329 2024 τὰς
2387 1957 2584 2022 ὠδῖνας
2620 1961 2680 2016 τὸ
2712 1958 2925 2036 πένθος,
2956 1960 3168 2016 καὶτὸν
3211 1959 3380 2014 τόκον
3441 1959 3481 2026 ἡ
3535 1957 3766 2023 τελευτὴ

2093 2045 2388 2128 διεδέχετο.
2438 2047 2583 2114 Αὕτη
2642 2049 2730 2105 οὖν
2787 2050 2821 2116 ἡ
2882 2047 3019 2105 οὕτω
3063 2046 3332 2110 πολύπαις
3377 2067 3443 2103 τε
3501 2047 3622 2121 ἅμα
3681 2047 3770 2100 καὶ

2092 2137 2257 2200 ἅπαις
2318 2135 2484 2193 πολὺν
2547 2135 2650 2204 ἤδη
2695 2138 3254 2216 προσκακοπαθήσασα
3299 2138 3386 2211 τῷ
3427 2142 3592 2208 κακῷ
3624 2137 3766 2214 χρό-

2090 2247 2204 2304 νον,
2237 2227 2336 2302 ὀψὲ
2393 2225 2487 2282 καί
2531 2225 2692 2300 μόλις
2754 2227 2982 2304 εὑρίσκει
3048 2233 3142 2282 106
3199 2234 3371 2283 κακοῦ
3440 2226 3765 2303 φάρμακον.

2094 2317 2189 2372 Καὶ
2248 2317 2378 2393 πρδς
2423 2317 2514 2371 τὸν
2561 2313 2711 2370 ὅσιον
2760 2322 3138 2394 καταφυγοῦσα
3181 2318 3363 2372 καὶτὸ
3398 2316 3585 2378 πάθος
3620 2315 3766 2385 αὒτῷ

2091 2405 2179 2460 καὶ
2235 2407 2334 2471 τὴν
2389 2405 2662 2484 συμφορὰν
2719 2405 2964 2484 εἰποῦσα,
3024 2419 3142 2468 τοῖς
3189 2404 3416 2483 δάκρυσι
3469 2403 3689 2479 μᾶλλον
3732 2403 3766 2470 ἢ

2091 2507 2210 2556 τοῖς
2263 2495 2488 2571 ῥήμασι,
2538 2491 2710 2549 δεῖται
2752 2497 2958 2570 θερμῶς
3012 2502 3103 2550 106
3153 2493 3342 2572 ἀνδρὸς
3374 2497 3592 2562 στῆσαι
3631 2495 3763 2570 αὐτῇ

2088 2583 2150 2637 τὸ
2207 2581 2395 2639 λοιπὸδ
2447 2583 2544 2649 τὴν
2572 2585 2660 2638 ἒπὶ
2703 2582 2868 2638 πλέον
2907 2589 2999 2638 106
3045 2593 3214 2643 κακοῦ
3244 2581 3512 2662 προόδον.
3551 2585 3760 2651 Στήσε·

2091 2693 2173 2727 ται
2229 2670 2284 2727 δὲ
2340 2673 2435 2728 οὒκ
2491 2671 2689 2744 ἄλλως,
2725 2671 2978 2750 φησὶν,ἢ
3024 2672 3250 2747 ὀνόματι
3301 2674 3462 2747 μόνῳ
3511 2679 3594 2746 τῷ
3654 2678 3753 2744 σῷ,

2089 2762 2135 2816 εἰ
2164 2760 2466 2838 ἒπιτρέψεις
2513 2759 2653 2816 οὕτω
2683 2759 2964 2816 καλεῖσθαι
3019 2762 3083 2817 τὸ
3130 2763 3580 2841 τεχθησόμενον.
3651 2759 3757 2819 Καὶ

2089 2859 2244 2908 τοῦτο
2274 2850 2422 2906 ἔσται
2455 2851 2540 2906 καὶ
2572 2854 2672 2916 τῆς
2703 2856 2976 2931 συμφορᾶς
3009 2851 3125 2926 ὶμοὶ
3157 2849 3331 2925 λύσις,
3384 2852 3482 2908 καὶ
3533 2856 3635 2918 τῆς
3681 2854 3755 2924 τῷ

2089 2938 2238 2996 παιδὶ
2270 2945 2413 3012 ζωῆς
2449 2938 2651 2999 αἴτιον.

2167 3019 2264 3100 ξζῖ
2304 3038 2475 3088 Ταῦτα
2535 3028 2874 3103 αἰτησαμένη
2917 3033 3015 3086 καὶ
3061 3028 3396 3097 ἑπινεύοντος
3429 3042 3536 3092 τοῦ
3571 3031 3751 3108 μεγά.

2087 3117 2183 3174 λου
2227 3125 2488 3198 τυχοῦσα,
2547 3119 2635 3174 καὶ
2693 3121 2970 3174 Θεοδόσιον
3039 3121 3100 3175 τὸ
3145 3121 3282 3194 μετά
3321 3129 3503 3178 ταῦτα
3554 3119 3753 3200 τεχθὲν

2085 3206 2416 3286 ὀνομάσασα,
2475 3209 2576 3274 τῆς
2635 3211 2836 3284 θερμῆς
2893 3207 3124 3271 πίστεως
3210 3208 3385 3274 ἀξίους
3449 3214 3577 3288 εὗρε
3655 3207 3752 3265 ita?

2083 3297 2206 3360 τοὺς
2265 3298 2506 3371 μισθούς.
2543 3299 2652 3354 Οὐκ
2682 3295 2761 3352 ἕτι
2794 3297 2894 3374 γὰρ
2946 3296 3184 3376 δακρύων
3239 3299 3368 3378 εἶχε
3427 3301 3608 3378 γονὰς
3655 3295 3749 3358 τάς

2083 3387 2308 3461 ὠδῖνας,
2369 3385 2492 3442 ἀλλ’
2555 3386 2876 3466 εὐφροσύνης
2922 3386 3164 3463 ἄντικρυς
3208 3385 3484 3468 ἀφορμὰς,
3535 3391 3634 3445 τὸν
3696 3385 3748 3440 ἒν

2082 3482 2210 3546 ζῶσι
2295 3475 2635 3553 πρωτότοκον
2710 3472 2988 3530 Θεοδόσιον
3068 3475 3146 3531 ’έτι
3203 3478 3462 3554 περιόντα
3528 3479 3740 3556 ὁρῶσα,

2083 3566 2170 3620 καὶ
2199 3566 2289 3620 τὸν
2318 3571 2576 3646 μοναχῶν
2604 3565 2768 3642 χορὸν
2817 3570 2911 3621 τοῦ
2946 3565 3081 3620 κατά
3113 3573 3324 3639 πνεῦμα
3371 3570 3745 3644 γεννήσαντος

2083 3653 2495 3731 συμπληροῦντα
2538 3656 2625 3710 καὶ
2673 3657 2845 3733 εὐχῆς
2889 3655 3093 3731 καρπὸν
3148 3655 3352 3729 μᾶλλον
3401 3657 3437 3725 ἢ
3503 3656 3741 3735 γαστρὸς

2083 3743 2190 3799 ἀπὸ
2219 3748 2327 3799 τῶν
2359 3741 2527 3820 ἔργων
2558 3743 2880 3822 φαινόμενον
2913 3761 2930 3779 ο
2983 3741 3106 3800 ὅσον
3149 3745 3183 3812 ἡ
3229 3745 3327 3818 μὲν
3385 3746 3740 3814 θνησκόντων

2082 3833 2288 3905 μήτηρ,
2322 3833 2356 3900 ἡ
2389 3831 2443 3887 δὲ
2481 3838 2679 3902 ζῶντος
2727 3831 2969 3910 ἐδείχθη,
3019 3836 3116 3888 καὶ
3165 3839 3233 3908 τῇ
3266 3840 3405 3908 μονῇ
3435 3835 3736 3912 προσήχθη

2085 3943 2221 3998 παρα
2276 3923 2374 3987 τῆς
2405 3921 2728 4000 γειναμένης
2756 3921 2846 3977 καὶ
2877 3919 3134 3986 ἀντεδόθη
3171 3927 3308 3995 Θεῷ,
3347 3921 3440 3978 ἴνα
3489 3926 3568 3988 ὡς
3630 3927 3729 3988 τῆς

2078 4018 2373 4083 παρούσης,
2412 4009 2552 4066 οὕτω
2606 4008 2672 4078 δὴ
2729 4012 2819 4065 καὶ
2878 4011 2972 4076 τῆς
3033 4009 3296 4086 μενούσης
3336 4012 3480 4092 τύχῃ
3527 4016 3674 4085 ζωῆς
3710 4027 3724 4042 ⁸

2077 4096 2252 4153 πολλά
2279 4119 2358 4159 τις
2392 4096 2456 4153 ἂν
2495 4097 2616 4176 ἔχοι
2648 4102 2751 4153 τῶν
2803 4096 3028 4171 ἐκείνου,
3083 4100 3170 4154 καὶ
3226 4096 3364 4154 ἄλλα
3406 4098 3728 4179 καταλέγειν

359 4178 512 4240 sicut
545 4187 924 4260 praesentem,
953 4184 1030 4239 ita
1050 4177 1226 4239 etiam
1261 4187 1599 4241 manentem
1634 4179 1811 4241 vitam
1846 4201 1991 4243 con-
2075 4193 2320 4248 τοιαῦτα.

357 4277 733 4348 sequeretur.
784 4269 964 4330 Multa
989 4266 1104 4328 alia
1135 4266 1432 4347 ejusmodi
1468 4277 1668 4349 posset
1695 4269 1990 4352 quispiam

353 4355 516 4418 illius
545 4374 888 4419 recensere.
2015 4359 2060 4409 D

438 4447 540 4507 68.
575 4445 857 4520 Quaedam
899 4446 1098 4526 itaque
1148 4444 1262 4507 alia
1293 4445 1534 4518 mulier,
1569 4449 1838 4526 profecta
1863 4449 1996 4530 qui-

355 4535 492 4596 dem
534 4553 602 4596 ex
647 4537 883 4597 civitate
919 4535 1248 4611 Bethleem,
1283 4552 1415 4615 qua:
1445 4535 1732 4598 similiter
1765 4539 1825 4599 in
1857 4558 1995 4620 par-

356 4632 416 4686 tu
450 4623 780 4699 laborabat,
815 4643 981 4704 aaque
1032 4636 1232 4685 autem
1282 4624 1489 4686 infelix
1531 4634 1658 4686 erat
1692 4627 1780 4688 eis
1811 4647 1996 4690 even-

354 4723 471 4790 tus,
507 4724 564 4777 et
595 4718 654 4776 in
689 4714 979 4796 pariendo
1008 4715 1264 4792 graviter
1283 4713 1750 4792 amigebatur,et
1781 4716 1841 4778 in
1874 4736 1996 4780 ma-

349 4823 530 4884 gnum
571 4807 890 4868 vocabatur
909 4804 1266 4884 periculum,
1308 4803 1580 4865 eamdem
1614 4824 1851 4886 quoque
1877 4809 1994 4868 im-

352 4905 541 4973 petrat
569 4914 602 4956 a
637 4913 849 4973 magno
898 4892 1266 4967 Theodosio,
1304 4893 1516 4954 eodem
1553 4893 1992 4959 medicamento

348 5000 480 5056 usa,
517 4984 918 5055 curationem,
954 4990 1011 5043 et
1041 4983 1162 5043 tilio
1194 4999 1302 5042 suo
1336 4980 1699 5062 eodem,quo
1735 4983 1861 5061 ille,
1885 5003 1988 5048 vo-

348 5081 476 5134 cato
506 5073 776 5135 nomine.
813 5073 1001 5145 Quem
1038 5090 1154 5132 non
1189 5071 1383 5131 solum
1418 5070 1558 5131 vidit
1588 5074 1912 5150 grandem,
1940 5086 1999 5139 et

347 5164 444 5242 qui
479 5163 602 5242 jam
636 5165 709 5224 ad
743 5162 975 5224 virilem
1011 5169 1242 5222 {etatem
1299 5169 1694 5239 pervenerat;
1728 5163 1833 5224 sed
1871 5183 1995 5227 ma-

347 5269 532 5312 nuum
593 5269 836 5332 quoque
888 5250 1145 5312 artiﬁcio
1204 5258 1613 5328 prmstantem,
1677 5260 1734 5312 et
1759 5253 1858 5333 qui
1889 5255 2000 5317 fuit

345 5337 675 5400 aediﬁcator
706 5339 973 5418 optimus
1011 5339 1100 5400 sui
1138 5338 1455 5418 temporis.
1481 5339 1636 5400 Sunt
1663 5340 1994 5405 admirabi-

344 5426 444 5501 lia,
480 5445 612 5507 quae
641 5427 799 5489 dicta
855 5437 1038 5491 sunt:
1098 5427 1203 5489 sed
1265 5445 1403 5507 quae
1450 5435 1702 5512 restant,
1759 5441 1894 5493 sunt
1924 5432 1996 5495 iis

347 5513 524 5597 longe
553 5514 1018 5582 admirabiliora.

2163 4451 2269 4519 En'.
2305 4455 2440 4522 Γυνὴ
2483 4453 2570 4511 οὗν
2615 4455 2768 4531 ἑτέρα
2814 4477 2892 4519 τις
2937 4453 3148 4516 πόλεως
3194 4456 3294 4529 μὲν
3337 4461 3437 4522 τῆς
3489 4453 3718 4526 Βεθλεέμ

2079 4543 2392 4618 ὁρμωμένη,
2425 4543 2553 4609 ’ίσας
2585 4543 2639 4600 δὲ
2669 4542 2869 4601 ὠδίνων
2907 4544 3169 4623 ἀνάγκας,
3203 4543 3327 4608 ἴσας
3361 4567 3419 4601 τε
3451 4546 3546 4606 τὰς
3579 4544 3714 4601 ἀπο-

2079 4633 2267 4712 τυχίας
2329 4633 2685 4713 ὑφισταμένη,
2732 4635 2821 4690 καὶ
2881 4632 3022 4690 οὕτω
3093 4631 3367 4713 δυσφόρως
3428 4631 3563 4711 ἄγαν
3604 4628 3710 4704 περῖ

2077 4721 2201 4782 τοὺς
2251 4720 2440 4782 τόκους
2497 4723 2586 4777 καί
2629 4720 3011 4802 φιλοκινδύνως
3054 4720 3278 4801 ἔχουσα,
3311 4729 3418 4778 τῶν
3451 4721 3590 4778 ἴσων
3631 4716 3713 4774 καὶ

2076 4808 2212 4877 αὐττίΙ
2275 4810 2420 4888 παρά
2476 4813 2570 4866 105
2618 4809 2856 4889 μεγάλου
2917 4812 3178 4890 τυγχάνει
3239 4810 3539 4885 Θεοδοσίου,
3615 4809 3713 4877 ἴσῳ

2076 4899 2402 4978 χρησαμένη
2463 4901 2726 4979 φαρμᾶγω
2769 4903 2904 4975 πρὸς
2945 4901 3252 4980 θεραπείαν,
3304 4902 3393 4957 καὶ
3451 4900 3714 4974 ὁμωνύμῳ

2075 4988 2263 5062 ἐκείοῳ
2317 4990 2409 5044 τὸν
2451 4987 2620 5046 πατδα
2663 4988 2957 5052 καλέσασα,
3004 4989 3105 5046 "0v
3149 4993 3244 5048 οὐει
3292 4989 3579 5056 αὐξηθέντα
3609 4986 3709 5064 μό-

2082 5101 2173 5135 νον
2247 5075 2358 5134 εἷδε
2417 5079 2503 5134 καὶ
2562 5076 2748 5150 ἀνδρὸς
2805 5077 3019 5146 ἡλικίαν
3065 5075 3430 5152 ἀπολαϐόντα,
3465 5075 3711 5135 ἀλλάκαί

2079 5173 2281 5247 χειρῶν
2312 5169 2470 5246 σοφία
2524 5164 2883 5246 διενεγκόντα,
2931 5169 3020 5224 καὶ
3078 5165 3291 5246 ἄριστον
3346 5167 3626 5244 οἰκοδόμον
3659 5167 3710 5220 ἓν

2078 5269 2202 5322 τοῖς
2255 5255 2374 5313 τότε
2433 5257 2744 5335 γενόμενον,
2793 5254 3064 5335 Παράδοξα
3099 5257 3164 5313 τὰ
3217 5257 3496 5336 εἰρημένα,
3531 5253 3708 5328 πολλῷ

2080 5347 2281 5402 τούτων
2311 5344 2388 5403 ἔτι
2418 5343 2814 5425 παραδοξότερα
2845 5347 2912 5402 τὰ
2939 5344 3255 5422 λειπόμενα.
