4018 6136
264 365 378 436 537

1256 365 1445 434 νιΤΑ
1488 366 1547 430 s.
1597 344 2007 431 THEODOSII
2047 361 2655 430 C(ENOBIARGH/E.

3531 352 3648 428 538

1753 521 1981 582 CAPUT
2019 523 2160 580 XVI.

1073 682 1281 748 Noxia
1307 677 1652 744 animantia
1679 675 1963 753 cohibita,
2002 675 2288 738 Homines
2312 675 2601 739 malevoli
2628 675 2836 754 puniti

327 855 426 921 EO'.
477 856 742 938 Βρούχου
771 857 902 914 ποτὲ
932 856 1019 914 καὶ
1048 851 1257 933 ἆκρίδος
1287 853 1383 916 τὰς
1435 849 1658 930 ἀρούρας
1716 847 1895 905 διαλυ-

2070 843 2326 938 69.Cum
2347 844 2618 938 bruchus
2643 843 2968 938 aliquando
2990 849 3050 908 et
3067 843 3302 938 locusta
3325 851 3517 938 terras
3537 844 3643 938 de-

251 945 623 1024 μαινομένων,
691 946 912 1023 δεσμοῖς
972 951 1066 1002 τοῦ
1123 945 1304 1022 γήρως
1351 942 1608 1020 ἀφύκτοις
1655 941 1682 995 ὁ
1737 938 1908 1017 μέγας

247 1033 660 1111 πεπεδημένος,
697 1039 784 1094 καὶ
829 1033 967 1111 μηδὲ
1025 1035 1180 1092 ποσὶν
1209 1031 1501 1107 ἐλευθέροις
1533 1033 1768 1110 χρῆσθαι
1812 1027 1906 1089 δυ-

249 1126 500 1201 νάμενος,
550 1125 785 1206 δεύτερα
827 1125 874 1182 δ’
910 1125 998 1184 οὖν
1057 1123 1205 1199 ὅμως
1247 1122 1423 1178 πάντα
1464 1126 1562 1197 τῇς
1607 1122 1715 1175 τῶν
1763 1118 1904 1176 πολ-

250 1214 358 1273 λῶν
409 1213 708 1292 τιθέμενος
764 1215 1053 1296 σωτηρίας,
1090 1212 1259 1277 οὕτως
1303 1213 1433 1292 εἶχε
1462 1209 1661 1285 ποδῶν,
1699 1209 1774 1266 ἔτι
1817 1210 1907 1266 καὶ

244 1303 418 1384 ῥάϐδῳ
472 1310 604 1369 τοῖς
669 1314 782 1364 τῶν
829 1303 1198 1386 πρεσϐυτέρων
1239 1303 1421 1378 νόμοις
1464 1300 1790 1377 ἀναπληρῶν
1844 1301 1906 1355 τὸ

243 1393 546 1472 ὑστέρημα,
615 1396 725 1464 τὴν
770 1395 889 1454 ὁδὸν
945 1393 1165 1467 διανύει,
1210 1391 1305 1448 ’ίνα
1365 1390 1504 1448 οὕτω
1556 1389 1764 1465 μᾶλλον
1819 1390 1907 1445 καὶ

243 1484 373 1540 Θεὸν
403 1482 623 1561 ἑλκύσῃ
672 1486 804 1562 πρὸς
845 1482 1020 1558 ἔλεον,
1071 1483 1132 1538 τὸ
1188 1481 1485 1559 ἀναγκαῖον
1539 1483 1639 1546 τῆς
1690 1476 1904 1557 πορείας

239 1571 666 1640 δυσωπηθέντα.
727 1579 843 1632 Τῶν
895 1577 1166 1652 φοιτητῶν
1196 1571 1371 1626 τοίνυν
1424 1569 1510 1624 καὶ
1540 1567 1741 1648 χεῖρας
1800 1567 1903 1622 ὅπ-

238 1663 510 1742 εχόντων,
546 1664 647 1719 καὶ
679 1662 810 1719 πᾶσι
841 1661 1060 1741 τρόποις
1091 1657 1490 1738 θεραπευόντων
1531 1657 1588 1713 τὸ
1644 1655 1901 1733 βάδισμα,

237 1749 662 1827 καταλαμϐάνει
720 1754 814 1809 τὸν
877 1750 1043 1808 τόπον
1100 1749 1292 1814 αὐτοῖς
1365 1747 1720 1826 ἐπικεκυφὼς,
1771 1744 1903 1802 ὅπου

235 1847 341 1898 τῶν
399 1839 647 1919 ἀκρίδων
705 1841 908 1910 πληθὺς
949 1839 1121 1913 ἔκειρε
1165 1839 1259 1904 τάς
1292 1838 1516 1917 ἀρούρας
1545 1837 1642 1894 ’ίσα
1671 1835 1768 1892 καὶ
1800 1856 1899 1891 πο-

238 1929 482 2012 λεμίους,
522 1933 623 1988 καὶ
682 1933 804 1996 τοὺς
853 1930 1044 2009 ἂγροὺς
1105 1927 1367 2000 ἐληίζετο.
1398 1927 1630 1989 Ττᾶντος
1663 1933 1751 1982 οὖν
1782 1923 1900 1981 ἐκεῖ

238 2023 332 2078 τοῦ
389 2021 545 2078 ὁσίου
599 2022 694 2076 καὶ
735 2019 934 2100 χεῖρας
977 2019 1312 2097 ἀνασχόντος
1357 2022 1433 2088 τῷ
1483 2019 1599 2088 Θεῷ
1647 2015 1900 2094 ἱκεσίους,

237 2109 364 2166 εἶτα
418 2111 516 2165 καὶ
579 2117 680 2166 τοὺ
733 2109 964 2187 βρούχου
1012 2105 1078 2175 δὴ
1135 2106 1319 2165 τούτου
1367 2106 1455 2162 καί
1511 2105 1618 2160 τῶν
1676 2102 1901 2181 ἀκρίδων

1991 933 2443 1013 popularentur,
2507 935 2954 998 inevitabilibus
3001 933 3334 996 senectutis
3383 934 3640 998 vinculis

1989 1023 2224 1086 vinctus
2244 1043 2494 1103 magnus
2515 1026 2979 1094 Theodosius,et
3009 1023 3109 1104 qui
3133 1041 3245 1085 nec
3271 1022 3478 1085 liberis
3497 1023 3638 1106 qui-

1989 1113 2122 1174 dem
2159 1115 2413 1194 pedibus
2460 1115 2546 1176 uti
2604 1124 2856 1196 poterat,
2896 1113 3073 1177 saluti
3105 1113 3430 1174 multorum
3463 1121 3636 1194 post-

1990 1220 2220 1282 ponens
2236 1205 2546 1277 omnia,ita
2565 1215 2626 1266 ut
2647 1213 2775 1268 erat
2789 1205 3038 1266 affectus
3058 1201 3402 1282 pedibus.et
3421 1202 3634 1267 baculo

1992 1309 2158 1354 more
2191 1312 2402 1356 senum
2437 1295 2726 1375 supplens
2748 1294 2906 1374 quod
2929 1293 3043 1355 sibi
3070 1292 3460 1367 decrat,viam
3493 1311 3634 1373 per-

1988 1381 2151 1459 agis:
2181 1390 2240 1442 ut
2263 1383 2353 1442 sic
2378 1384 2562 1460 magis
2588 1383 2772 1445 Deum
2795 1400 3034 1464 quoque
3057 1382 3322 1444 traheret
3345 1382 3418 1443 ad
3445 1383 3633 1447 mise-

1992 1469 2338 1545 ricordiam,
2372 1480 2437 1532 ut
2481 1472 2581 1552 qui
2615 1482 2968 1551 aspecturus
3017 1479 3178 1534 esset
3211 1471 3634 1534 necessitatem

1990 1559 2120 1636 ejus
2155 1560 2898 1642 profectionis.Discipulis
2927 1579 3074 1641 ergo
3106 1580 3312 1624 manus
3333 1561 3637 1625 sustinen-

1991 1648 2236 1723 tibus,et
2268 1650 2551 1713 omnibus
2573 1651 2767 1712 modis
2789 1653 2918 1731 ejus
2941 1650 3276 1730 ingressum
3300 1649 3635 1730 adjuvanti-

1988 1737 2406 1816 bus,pervenit
2433 1741 2506 1801 iis
2531 1741 2775 1803 innixus
2795 1741 2867 1802 ad
2901 1740 3230 1815 locum,ubi
3263 1739 3630 1802 bruchorum

1986 1836 2046 1888 et
2068 1827 2429 1890 locustarum
2460 1830 2782 1892 multitudo
2804 1829 3040 1910 ingens,
3076 1847 3249 1908 agros
3281 1848 3398 1890 non
3434 1827 3633 1891 minus

1985 1935 2161 1998 quam
2202 1919 2830 1999 hostes,populabatur
2860 1929 2918 1981 et
2939 1917 3455 1982 devastabat.Cum
3488 1936 3629 1997 ergo

1985 2015 2234 2067 sanctus
2265 2008 2388 2069 illic
2421 2015 2628 2084 staret,
2655 2018 2713 2070 et
2733 2026 2945 2077 manus
2965 2009 3309 2071 sustulisset
3327 2009 3449 2071 Deo
3479 2025 3630 2088 sup-

1986 2097 2262 2175 plices,et
2285 2097 2505 2159 deinde
2529 2100 2742 2160 horum
2774 2098 3139 2160 bruchorum
3173 2108 3234 2160 et
3262 2098 3626 2160 locustarum

238 2198 333 2255 ἵνα
389 2198 539 2274 μετᾶ
592 2185 796 2278 χεῖρας
821 2185 1100 2272 λαϐόντος,
1140 2197 1228 2252 καί
1255 2198 1318 2252 τὸ
1349 2194 1448 2270 μὲν
1478 2197 1551 2257 ὡς
1585 2190 1895 2266 ὁμοδούλοις

1985 2203 2164 2278 unum
2189 2191 2480 2278 inmanus
2499 2187 2882 2278 sumpsisset;
2909 2196 2967 2248 et
2990 2189 3204 2278 partim
3224 2186 3468 2267 quidem
3489 2207 3626 2251 cum

240 2288 361 2350 τοῖς
415 2287 824 2365 εὔτελεστὲροις
883 2288 1089 2350 τούτοις
1163 2285 1252 2342 καί
1319 2283 1681 2363 βραχυτάτοις
1739 2280 1899 2352 ζώοις

242 2375 658 2456 διαλεχθέντος,
711 2378 772 2432 τὸ
813 2375 870 2432 δὲ
921 2377 1010 2432 καί
1071 2373 1336 2453 φείδεσθαι
1394 2374 1593 2429 τούτων
1651 2373 1897 2439 πενήτων

243 2467 406 2524 πόνου
477 2468 579 2524 καί
653 2471 750 2532 τῆς
809 2465 1072 2543 γεωργίας
1152 2464 1629 2541 παρεγγυήσαντος
1667 2480 1680 2496 °
1741 2467 1896 2516 τοῦτο

246 2556 340 2633 γέιρ
383 2557 523 2630 ὕμῖν
555 2557 651 2612 καί
681 2558 709 2611 ὁ
734 2555 933 2627 κοινὸς,
980 2554 1164 2632 φησίν,
1229 2553 1498 2610 ἐπιτάττει
1563 2550 1841 2617 Δεσπότης
1877 2567 1894 2583 ⁸

243 2650 330 2701 καί
380 2645 558 2708 οὕτως
596 2643 813 2722 ἡμέρως
858 2646 931 2707 ὡς
976 2644 1245 2724 ἓμψύχοις
1304 2641 1665 2720 λαλήσαντος,
1725 2644 1900 2715 θαῦμα

245 2733 524 2801 ἠκολούθει
562 2735 685 2795 τοῖς
741 2732 1072 2810 εἰρημένοις.
1128 2734 1196 2790 Τὸ
1247 2732 1345 2810 γὰρ
1389 2741 1637 2789 τοσοῦτον
1698 2730 1901 2803 σμῆνος

246 2820 400 2896 ’ἔμενε
458 2825 564 2880 :06
623 2824 814 2878 λοιποῦ
866 2822 1003 2878 κατὰ
1063 2823 1268 2901 χῶρον,
1329 2821 1418 2876 καί
1446 2819 1562 2876 οὔτε
1593 2817 1900 2894 μετέϐαινεν

251 2910 521 2994 ἀλλαχοῦ,
588 2910 706 2969 06:3
786 2911 874 2976 οἶς
935 2907 1156 2988 διέτριϐε
1211 2908 1371 2966 πάλιν
1429 2908 1845 2984 κατελυμαίνετο
1880 2925 1896 2942 ⁸

253 2999 368 3057 ἀλλ’
427 3005 556 3061 οἷον
587 3002 954 3076 σπευσάμενον
986 3000 1112 3064 ταῖς
1144 2999 1388 3078 ἀρούραις
1420 3005 1511 3056 τοῦ
1559 2997 1747 3057 λοιποῦ
1802 2999 1897 3062 τὰς

257 3091 350 3164 μὶν
412 3093 652 3154 ἀκάνθας
711 3096 1061 3169 περιεπετᾶτο
1113 3089 1200 3145 καί
1272 3087 1543 3164 κατέκειρε
1583 3106 1594 3119 ·
1656 3086 1781 3166 φιλα
1842 3086 1897 3144 δὲ

258 3179 320 3247 ἦν
376 3185 523 3257 αὐτῷ
575 3181 666 3237 καί
723 3180 957 3259 ὶρηναϊα
1016 3180 1146 3260 πρὸς
1176 3179 1295 3245 τοὺς
1323 3179 1584 3256 καρποὺς,
1618 3179 1706 3234 καί
1761 3176 1898 3244 ὅλως

265 3267 469 3328 ὶκείνων
501 3272 817 3351 ἀπείχοντο.

350 3446 395 3504 ο’
423 3446 586 3507 Ἀλλὰ
635 3455 799 3506 ταῦτα
856 3447 955 3523 μὲν
1013 3443 1082 3502 δι’
1158 3446 1373 3519 ἑαυτοῦ,
1407 3443 1642 3523 ἕτεραδὲ
1698 3445 1789 3502 καί
1827 3444 1895 3501 δι’

1984 2273 2294 2335 vilissimis
2315 2284 2374 2336 et
2397 2275 2767 2338 brevissimis
2785 2276 3452 2356 animalibus,tanquam
3487 2295 3624 2339 cum

1979 2364 2729 2439 conservis,disseruisset;
2757 2367 2970 2446 partim
3003 2375 3200 2428 autem
3218 2366 3525 2445 jussisset,
3559 2377 3627 2428 ut

1979 2451 2170 2514 labori
2215 2471 2540 2534 pauperum
2595 2463 2653 2515 et
2686 2455 3064 2533 agricultura;
3095 2462 3452 2535 parcerent;
3488 2457 3627 2530 (hoc

1983 2544 2143 2603 enim
2193 2542 2384 2616 vobis,
2446 2543 2662 2625 inquit,
2715 2547 3051 2606 communis
3082 2561 3327 2625 quoque
3352 2543 3625 2624 praecipit

1983 2630 2330 2708 Dominus,)
2349 2649 2604 2712 cumque
2628 2651 2763 2695 cum
2790 2634 2877 2695 eis
2897 2633 2979 2695 ita
3002 2632 3236 2714 placide
3265 2634 3498 2695 locutus
3526 2650 3628 2695 es-

1984 2733 2104 2798 set,
2132 2730 2407 2801 tanquam
2431 2741 2566 2784 cum
2591 2721 2909 2795 animatis;
2935 2741 3004 2785 ea
3026 2741 3160 2803 quae
3180 2721 3338 2784 dicta
3363 2722 3625 2796 fuerant,

1985 2819 2374 2873 consecutum
2411 2820 2503 2873 est
2526 2811 3164 2876 miraculum.Tantum
3192 2811 3352 2874 enim
3375 2830 3629 2874 examen

1981 2899 2269 2980 deinceps
2298 2902 2516 2962 mansit
2548 2901 2608 2963 in
2659 2901 2932 2980 regione,
2963 2910 3020 2966 et
3048 2920 3161 2964 nec
3192 2901 3462 2964 transivit
3484 2902 3626 2984 alio,

1981 3007 2094 3051 nec
2115 2989 2398 3052 damnum
2423 2990 2591 3052 dedit
2612 2991 2686 3053 iis
2716 2991 2957 3067 locis,in
2990 2991 3209 3073 quibus
3241 2991 3626 3056 versabatur:

1979 3079 2086 3139 sed
2115 3079 2293 3140 veluti
2341 3079 2568 3143 ﬁndere
2623 3081 2770 3143 inito
2826 3100 2960 3144 cum
2985 3083 3144 3160 agris
3165 3082 3239 3143 de
3258 3089 3472 3143 caetero
3501 3081 3629 3142 cir-

1979 3168 2353 3230 cumvolabat
2378 3169 2646 3250 quidem,
2681 3178 2740 3233 et
2769 3171 3091 3233 arrodebat
3120 3171 3324 3250 spinas
3359 3188 3374 3231 :
3407 3169 3628 3232 amici-

1979 3258 2060 3318 tia
2089 3267 2287 3320 autem
2322 3266 2380 3320 et
2411 3277 2522 3340 pax
2557 3261 2611 3322 ei
2671 3261 3088 3324 intercedebat
3135 3279 3272 3322 cum
3310 3259 3624 3332 fructibus,

1979 3355 2040 3410 et
2077 3347 2150 3408 ab
2181 3348 2270 3411 eis
2300 3348 2548 3410 omnino
2573 3349 2934 3413 abstinebat.

2057 3437 2157 3500 70.
2187 3438 2304 3500 Sed
2365 3438 2493 3499 haec
2551 3439 2795 3518 quidem
2853 3457 2958 3518 per
2987 3438 3200 3513 se,alia
3228 3445 3425 3500 autem
3457 3445 3625 3501 recte

273 3535 455 3613 ἑτέρων
483 3538 772 3618 κατώρθου,
807 3534 994 3596 ’Ἀλλο
1021 3557 1080 3592 τε
1137 3537 1238 3615 γὰρ
1293 3541 1394 3604 τῆς
1453 3537 1642 3610 ὁμοίας
1696 3537 1893 3610 μάστι-

1984 3545 2220 3618 quoque
2249 3527 2433 3604 gessit
2466 3545 2573 3608 per
2600 3527 2772 3591 alios.
2806 3527 3119 3618 Namcum
3144 3528 3292 3590 alias
3315 3527 3621 3606 ﬂagellum

263 3647 352 3703 γος
403 3629 502 3697 τὴν
559 3629 661 3707 γῆν
710 3627 1023 3699 πιεζούσης,
1058 3623 1359 3700 ἐπισκῆψαι
1391 3623 1446 3680 δὲ
1476 3621 1601 3681 ὅσον
1633 3624 1780 3681 οὔπω
1809 3625 1899 3681 καί

258 3721 322 3792 τῇ
372 3718 536 3794 κώμῃ
596 3718 767 3794 ταύτῃ
811 3714 1143 3791 μελλούσης,
1190 3715 1282 3794 ἄρ’
1334 3717 1402 3782 ἧς
1460 3714 1513 3770 οἵ
1557 3735 1616 3770 τε
1666 3713 1896 3780 πλησίον

259 3804 449 3873 πάντες
505 3807 895 3881 ἆπεσιτίζοντο,
946 3805 1033 3862 καί
1066 3803 1292 3868 πολλοῖς
1323 3811 1432 3861 τῶν
1461 3801 1650 3860 ἐνδεῶν
1677 3806 1894 3883 ὑπῆρχε

254 3899 506 3962 κοινωνὸς
539 3896 736 3975 ἄγαθὴ,
770 3895 936 3975 ἄγγος
973 3917 1045 3969 τι,
1108 3893 1322 3964 πλήσας
1381 3892 1582 3967 ἐλαίου,
1640 3893 1726 3948 καί
1781 3894 1892 3966 θείᾳ

252 3991 398 4043 τοῦτο
454 3984 736 4052 ἐπικλήσει
790 3985 1145 4064 καθαγιάσας,
1192 3983 1393 4058 πέμπει
1439 3984 1567 4060 πρὸς
1617 3983 1718 4049 τὴν
1773 3983 1889 4039 κώο

251 4094 376 4149 μην,
425 4077 559 4133 αὖτὸ
589 4075 808 4139 πιστοῖς
854 4075 942 4131 καί
971 4073 1237 4154 φιλοθέοις
1281 4071 1591 4153 ἐγχειρίσας
1643 4070 1886 4153 ἀνδράσι,

249 4166 332 4220 καί
358 4164 558 4243 ἤρκεσε
589 4166 743 4222 τοῦτο
795 4165 958 4239 μόνον
1004 4163 1152 4229 λύσις
1218 4164 1466 4220 τοσούτου
1509 4161 1748 4240 γενέσθαι
1781 4184 1886 4218 κα-

249 4260 359 4318 κοῦ.
395 4254 529 4314 Τότε
560 4255 660 4332 γάρ
691 4253 930 4330 βλάπτον
969 4256 1030 4311 hx
1087 4253 1254 4330 μέσον
1310 4253 1648 4332 παραχρῆμα
1679 4250 1768 4326 ἧν,
1800 4252 1890 4309 καί

248 4342 281 4410 ἡ
300 4345 465 4421 κώμη
496 4345 706 4413 ἆπαθής
737 4343 1012 4424 ἐτηρεῖτο.

319 4520 433 4584 οα’.
497 4521 857 4600 Ἐσθημάτων
918 4521 1022 4580 ἔδει
1069 4520 1201 4580 ποτὶ
1243 4533 1360 4585 τοῖς
1414 4517 1690 4600 ἀδελφοῖς,
1723 4520 1811 4576 καὶ
1841 4522 1889 4576 οἱ

247 4609 338 4683 μὲν
401 4613 709 4689 προσιόντες
752 4611 1061 4692 ἠνώχλουν,
1119 4617 1198 4685 τῷ
1257 4608 1312 4666 δὲ
1369 4608 1630 4690 παρέχειν
1661 4631 1712 4665 τι
1756 4610 1888 4687 πρὸς

247 4697 470 4775 ὤνησιν,
535 4700 616 4758 ὅτι
675 4702 755 4775 μὴ
812 4704 874 4759 τὸ
930 4701 1210 4778 βούλεσθαι
1250 4704 1412 4778 μόνον
1466 4703 1554 4756 κάὶ
1601 4698 1888 4775 συναλγεῖν

252 4789 394 4847 οὒδὲν
423 4790 492 4859 ἦν
525 4807 541 4822 ⁸
576 4789 720 4858 πλὴν
761 4790 898 4847 ἀλλά
929 4801 1019 4851 :06
1052 4792 1322 4848 Δεσπότου
1352 4795 1420 4868 τῇ
1446 4787 1668 4865 ἅψευδεϊ
1697 4787 1888 4867 θαῤῥή-

1980 3616 2180 3678 simile
2211 3625 2431 3677 terram
2469 3625 2858 3696 premeretet
2889 3617 3200 3680 videbatur
3229 3618 3378 3691 fore,
3402 3627 3462 3678 ut
3489 3635 3626 3679 mox

1979 3707 2033 3767 ei
2057 3705 2186 3766 vico
2209 3703 2610 3780 incumberet,
2654 3724 2724 3768 ex
2775 3726 2892 3787 quo
2913 3714 2972 3768 et
2992 3706 3410 3768 viciniomnes
3444 3723 3622 3786 para-

1978 3792 2121 3856 bant
2145 3803 2642 3869 commeatum,et
2661 3796 2759 3876 qui
2781 3796 2980 3857 multis
3004 3795 3264 3876 benigne
3286 3798 3625 3858 communi-

1975 3883 2145 3946 cabat
2168 3883 2484 3965 ea,quibus
2506 3903 2654 3965 opus
2682 3885 3002 3961 habebant;
3029 3904 3166 3947 cum
3191 3903 3292 3946 vas
3321 3885 3622 3966 quoddam

1973 3971 2286 4053 implesset
2309 3973 2462 4047 oleo,
2498 3983 2555 4036 et
2581 3974 2692 4036 hoc
2719 3975 3093 4036 invocatione
3116 3975 3319 4036 divina
3352 3975 3621 4037 sanctiﬁ-

1972 4071 2190 4137 casset,
2218 4062 2276 4124 id
2309 4062 2566 4124 mittitin
2590 4063 2786 4125 vicum
2815 4083 2828 4127 :
2857 4073 2914 4125 et
2947 4082 3084 4125 cum
3112 4064 3252 4126 viris
3281 4065 3625 4127 tradidisset

1973 4150 2252 4213 ﬁdelibus
2285 4159 2343 4212 et
2375 4150 2512 4231 piis,
2549 4153 2662 4214 hoc
2687 4154 2871 4214 solam
2891 4153 3150 4228 suffecit,
3185 4162 3249 4216 ut
3285 4161 3446 4216 esset
3477 4151 3623 4214 tanti

1975 4242 2114 4302 mali
2147 4241 2570 4303 solutio.Tunc
2603 4245 2761 4304 enim
2793 4252 3043 4325 repente
3074 4243 3150 4305 de
3184 4243 3382 4305 medio
3413 4242 3623 4305 subla-

1975 4339 2099 4392 tum
2133 4341 2223 4393 est
2249 4331 2307 4392 id
2341 4333 2497 4412 quod
2532 4331 2811 4407 laedebat,
2837 4342 2896 4396 et
2926 4333 3088 4397 vicus
3115 4343 3501 4397 conservatus
3531 4343 3623 4398 est

1972 4420 2216 4483 illaesus.

2053 4511 2120 4572 7t
2141 4509 2556 4573 .Vestimentis
2575 4512 2898 4594 aliquando
2921 4513 3034 4576 fuit
3053 4533 3204 4595 opus
3227 4513 3532 4578 fratribus:
3563 4521 3624 4576 et

1971 4599 2060 4661 illi
2093 4600 2338 4678 quidem
2389 4601 2444 4662 ei
2497 4602 2861 4666 exhibebant
2903 4604 3268 4679 molestiam,
3304 4613 3366 4666 ut
3396 4604 3622 4686 aliquid

1972 4689 2354 4770 praeberctad
2383 4691 3024 4772 emendumtquoniam
3045 4695 3092 4754 si
3115 4694 3265 4755 velle
3291 4705 3348 4756 et
3371 4695 3618 4755 commi-

1969 4781 2158 4842 serari
2191 4779 2523 4856 tolleretur,
2559 4781 2702 4842 nihil
2737 4792 2886 4844 erat.
2925 4781 3045 4845 Sed
3079 4791 3276 4845 tamen
3308 4783 3621 4847 conlidens

251 4899 340 4943 σας
385 4879 524 4958 ἔπαγ
540 4878 702 4960 (ελίᾳ,
736 4882 902 4957 ταύτῃ
931 4883 1065 4955 πρὸς
1102 4881 1292 4946 αὖτοὺς
1323 4880 1527 4960 εχρῆτο
1569 4881 1656 4934 καὶ
1707 4879 1828 4934 τότε
1865 4893 1879 4908 ⁶

1984 4868 2252 4930 veridicae
2275 4869 2510 4931 Domini
2541 4871 3026 4949 promissioni,ea
3059 4879 3199 4932 tunc
3222 4871 3376 4951 apud
3404 4889 3506 4933 eos
3531 4881 3621 4933 est

249 4970 331 5038 Μὴ
382 4957 776 5049 μεριμνήσητε,
821 4969 1022 5048 λέγων,
1066 4970 1192 5049 περί
1253 4957 1612 5047 ἧς’-αὔριον,
1645 4969 1732 5025 καὶ
1786 4973 1885 5035 τῆς

1984 4975 2133 5031 ιειιε,
2168 4958 2383 5049 dicens
2414 4979 2430 5019 :
2464 4957 2671 5049 Nolite
2701 4977 2830 5023 esse
2850 4961 3102 5023 solliciti
3126 4961 3202 5024 de
3231 4962 3502 5024 crastino
3531 4961 3613 5024 ³8.

248 5047 501 5128 ἐπιούσης
532 5061 604 5122 εἰς
639 5059 792 5140 ἔργον
849 5047 1079 5127 ξξέὅαινε
1137 5047 1203 5116 τά
1256 5058 1660 5138 ἐπηγγελμένα.
1724 5059 1882 5122 Εὐθὺς

1984 5047 2253 5128 Sequenti
2303 5055 2503 5108 autem
2559 5048 2658 5110 die
2690 5049 2969 5112 eﬁ’ectum
3001 5057 3139 5111 sunt
3168 5059 3488 5111 consecuta
3521 5069 3612 5126 ea,

251 5149 348 5226 γάρ
375 5172 459 5214 τις
490 5149 650 5207 ποθὲν
679 5147 1046 5226 ἐπιδημήσας,
1092 5149 1324 5230 χρυσοὺς
1385 5148 1574 5206 ἑκατὸν
1605 5145 1877 5225 ἐδωρεῖτο,

244 5245 300 5296 o6
325 5242 423 5296 καί
449 5237 690 5304 δοθέντες
749 5242 821 5305 εἰς
881 5240 982 5307 τὴν
1041 5246 1148 5298 τῶν
1206 5238 1524 5315 ἐσθημάτων
1554 5236 1744 5317 χρείαν
1772 5238 1878 5295 ὁπ-

245 5328 466 5405 ηρέτουν
499 5341 616 5394 τοῖς
650 5327 901 5410 ἀδελφοῖς
914 5376 929 5394 .

317 5495 424 5562 οϐ’,
478 5495 767 5561 Ἰουλιανός
818 5521 900 5564 τις
945 5499 1000 5558 ἰν
1057 5500 1205 5581 ἀρχῇ
1263 5499 1360 5576 μὲν
1405 5496 1510 5566 ἤδη
1537 5501 1635 5565 τῆς
1665 5494 1879 5566 ἡλικίας

243 5593 314 5662 τῷ
368 5586 592 5668 μεγάλῳ
650 5591 932 5669 φοιτήσας,
987 5589 1205 5670 ὕστερον
1260 5587 1315 5648 δὲ
1366 5589 1568 5667 ποιμὴν
1599 5590 1689 5649 καὶ
1719 5587 1878 5656 αὐτὸς

316 5694 380 5750 π
403 5697 613 5762 Matth.
645 5713 722 5775 vn,
756 5694 856 5769 34.

1965 5155 2099 5218 quae
2157 5136 2454 5218 promissa
2508 5136 2772 5201 fuerant.
2842 5139 3122 5202 Protinus
3179 5138 3340 5200 enim
3371 5138 3616 5220 quidam

1963 5225 2241 5288 alicunde
2297 5224 2646 5298 adveniens,
2707 5235 2947 5289 centum
2999 5226 3168 5288 dedit
3211 5244 3430 5289 aureos
3466 5249 3479 5286 :
3514 5223 3616 5309 qui

1961 5314 2206 5468 quidelm
2235 5315 2358 5377 dati
2395 5335 2409 5378 :
2443 5315 2518 5377 ad
2549 5333 2693 5376 uum
2751 5317 3241 5381 vestimentorum
3275 5315 3618 5381 servierunt

1988 5405 2134 5468 ratri
2191 5423 2281 5468 us.

2043 5494 2421 5557 72.1u’lianus
2435 5494 2801 5577 quidam.qui
2815 5493 2888 5557 ab
2914 5495 3160 5559 ineunte
3185 5495 3427 5578 quidem
3447 5481 3636 5562 aetate

1961 5584 2270 5652 ventitavit
2285 5585 2358 5648 ad
2395 5603 2675 5674 magnum
2706 5584 3142 5663 Theodosium,
3180 5593 3384 5674 postea
3411 5595 3612 5656 autem
