4018 6136
165 351 274 420 541

1165 336 1352 416 VITA
1393 347 1455 412 s.
1497 346 1906 412 THEODOSII
1948 345 2559 414 COENOBIARCH/E.

3446 348 3564 418 542

169 488 444 572 ῥομφαίαν
508 481 705 547 τιθέναι
760 483 859 556 τὴν
903 487 1166 562 σωτηρίαν
1217 486 1354 564 μήτε
1398 488 1504 562 μὴν
1559 499 1677 548 τοῖς
1720 487 1827 542 τῶν

1932 503 2093 547 mum
2127 492 2327 546 autem
2361 484 2544 546 sciret
2572 483 2936 562 adiutorem,
2969 484 3086 548 vim
3119 483 3564 570 inexpugnabi-

166 580 392 639 πολλῶν
452 579 704 658 μυριάσιν
761 578 1084 658 ἐπιθαρῥεῖν,
1139 576 1228 633 ἕνα
1282 575 1335 632 δὲ
1397 577 1688 654 σύμμαχον
1743 576 1824 630 εἷ-

1933 591 2052 647 em,
2083 573 2176 634 cui
2223 581 2312 633 est
2341 573 2535 645 facile,
2572 583 2638 633 ut
2666 592 2821 634 unus
2861 574 3024 637 mille
3055 587 3472 656 persequatur,
3506 586 3568 640 et

169 668 311 728 δένάι
369 669 479 736 τὴν
525 669 684 748 ἰσχὺν
741 666 981 747 ἄμαχον,
1015 671 1060 741 ᾦ
1115 666 1298 745 ῥᾴᾶιον
1353 667 1491 723 πάνυ
1519 677 1698 720 ποιεῖν
1740 662 1824 742 ὑφ’

169 762 284 822 ἑνὸς
344 757 572 838 χιλίους
621 757 924 836 διώκεσθαι,
957 758 1046 814 καὶ
1087 757 1189 812 ὑπὸ
1243 753 1330 811 δὺο
1361 753 1612 830 μυριάδας
1658 774 1830 825 μετα-

172 852 468 908 κινεῖσθαι.
507 854 736 905 Τοιαῦτα
777 853 855 920 τῷ
881 846 1081 921 κόμητι
1113 852 1204 902 τοῦ
1261 846 1406 903 ὁσίου
1434 842 1830 922 διαλεχθέντος,

173 939 336 1004 οὕτως
398 942 622 1000 ἐκεῖνος
653 936 796 993 ἑαλω
851 937 956 992 τῶν
989 938 1148 992 αὐτοῦ
1177 935 1563 1013 παραινέσεων,
1597 934 1685 989 καὶ
1743 934 1837 987 τοῦ

176 1031 294 1108 τρδς
338 1028 509 1087 αὐτὸν
540 1027 818 1103 ἀνηρτήθη
849 1027 1011 1082 πόθον
1045 1027 1135 1082 καὶ
1191 1025 1291 1093 τῆς
1321 1027 1521 1102 θερμῆς
1575 1023 1831 1096 πίστεως,

178 1122 248 1184 ὡς
289 1119 375 1174 καὶ
413 1120 552 1176 αὐτὸ
611 1115 783 1186 δήπου
810 1117 872 1172 τὸ
931 1115 1182 1193 τρύλινον
1211 1115 1396 1192 ῥάκος,
1428 1112 1561 1188 ὅπερ
1591 1115 1618 1167 ὁ
1664 1112 1834 1190 μέγας

183 1208 314 1264 εἵσω
343 1203 760 1286 περιεϐέϐλητο,
805 1202 920 1260 ἀντ’
971 1203 1135 1260 ἄλλου
1176 1210 1318 1268 τινὸς
1363 1203 1428 1258 τά
1461 1223 1520 1279 γε
1565 1204 1696 1273 πρὸς
1742 1202 1833 1257 τὸν

181 1296 415 1371 πόλεμον
475 1296 698 1363 αἷτῆσαι
757 1294 1134 1374 φυλακτηρίου’
1196 1295 1284 1350 καὶ
1327 1299 1482 1349 τοῦτο
1533 1290 1596 1358 δὴ
1654 1289 1832 1347 λαϐὼν

179 1389 264 1443 καὶ
317 1384 488 1466 ἐνδὺς,
528 1385 758 1462 ἀγώνων
800 1405 858 1440 τε
914 1391 1021 1442 τῶν
1069 1385 1306 1452 συνήθων
1365 1382 1662 1456 ἁψάμενος,
1714 1380 1830 1455 μετ’

183 1477 238 1533 οὗ
290 1473 422 1532 πολὺ
485 1473 809 1537 Καλλίνικος
869 1473 1115 1549 ἐπανῄει,
1148 1470 1322 1528 πολλὰ
1377 1471 1465 1527 καὶ
1517 1468 1634 1535 ἄξια
1675 1468 1834 1548 λόγου

180 1569 360 1644 ψυχῆς
391 1585 452 1621 τε
501 1564 597 1620 καὶ
640 1565 824 1643 χειρὸς
855 1561 983 1640 ἔργα
1013 1559 1429 1636 ἐπιδειξάμενος.

257 1653 364 1712 ot'.
430 1655 698 1732 Λαμπρὸς
747 1654 1024 1730 τοιγαροῦν
1056 1650 1194 1708 οὕτω
1235 1662 1356 1712 τοῖς
1407 1649 1543 1705 κατὰ
1600 1648 1835 1723 πόλεμον

184 1743 461 1820 ἄριστείοις
525 1740 856 1813 ἐπανελθὼν,
894 1742 990 1797 οὒκ
1031 1739 1297 1816 ἀγνώμων
1355 1739 1521 1818 ἐφάνη
1570 1739 1688 1816 περὶ
1744 1738 1834 1793 τὸν

1913 662 2121 725 decem
2173 662 2359 722 millia
2419 663 2872 742 proﬁigentura
2921 665 3179 729 duobus.
3239 666 3377 728 Haec
3422 685 3560 730 cum

1914 751 2118 816 comiti
2173 753 2424 814 Sanctus
2481 752 2890 833 disseruisset,
2928 755 3005 815 ita
3057 755 3168 817 fuit
3197 756 3301 818 ille
3351 767 3561 837 captus

1917 842 2045 920 ejus
2075 840 2376 902 desiderio
2409 849 2468 902 et
2496 841 2725 903 ardenti
2773 843 2913 920 ﬁde,
2952 853 3012 904 ut
3042 845 3239 924 ipsum
3271 845 3562 920 cilicium,

1916 949 2033 1011 quo
2069 949 2316 1009 magnus
2341 931 2443 992 ille
2481 930 2735 993 interius
2765 932 3150 1008 induebatur,
3186 935 3317 997 loco
3362 939 3565 1017 cujus-

1914 1019 2001 1080 vis
2053 1019 2300 1081 alterius
2331 1021 2440 1088 rei,
2472 1038 2638 1082 arma
2671 1032 2927 1099 peteret,
2960 1022 3180 1104 quibus
3207 1043 3271 1085 se
3315 1043 3564 1088 conser-

1915 1118 2098 1170 varet.
2135 1108 2304 1182 Quod
2341 1109 2581 1190 quidem
2616 1128 2749 1171 cum
2784 1113 3118 1192 accepisset
3149 1122 3206 1174 et
3249 1114 3563 1194 induisset,

1914 1207 1974 1258 et
2019 1209 2304 1261 consueta
2335 1218 2612 1278 agressus
2645 1209 2805 1261 esset
2837 1203 3190 1276 certamina,
3229 1205 3402 1282 paulo
3433 1213 3565 1283 post

1915 1288 2104 1348 victor
2151 1288 2355 1363 rediit,
2390 1308 2522 1350 cum
2577 1298 2634 1350 et
2677 1291 2863 1351 animi
2919 1299 2976 1353 et
3009 1310 3222 1353 manus
3278 1293 3564 1373 praeclara

1917 1377 2281 1440 ostendisset
2331 1379 2618 1454 facinora,
2652 1387 2712 1442 et
2769 1379 2946 1458 digna
2999 1400 3132 1462 quae
3188 1399 3561 1444 commemo-

1917 1475 2144 1528 rentur.

1995 1646 2099 1706 75.
2135 1647 2276 1707 Cum
2312 1645 2497 1708 rebus
2529 1665 2672 1726 ergo
2702 1647 2935 1710 fortiter
2967 1651 3025 1708 in
3060 1647 3216 1710 bello
3250 1651 3434 1729 gestis
3463 1653 3562 1713 in-

1918 1736 2107 1814 signis
2143 1744 2199 1797 et
2251 1735 2452 1798 clarus
2484 1747 2641 1799 esset
2689 1755 2994 1813 reversus,
3029 1757 3402 1819 nequaquam
3464 1741 3564 1802 in-

187 1833 494 1910 εὖεργέτην,
531 1829 644 1888 οὐδ’
703 1831 884 1908 ὥσπερ
913 1832 961 1885 οἱ
1019 1828 1210 1885 πολλοὶ
1240 1828 1375 1903 μετὰ
1417 1830 1477 1883 τὸ
1507 1841 1700 1906 τυχεῖν
1738 1826 1833 1894 τῆς

1932 1835 2120 1904 gratus
2153 1826 2262 1886 fuit
2292 1826 2350 1886 in
2385 1827 2826 1888 benefactorem
2866 1849 2880 1908 ;
2919 1847 3116 1908 neque
3149 1838 3210 1890 ut
3243 1830 3433 1910 multi,
3464 1831 3566 1911 qui

185 1923 402 2002 χάριτος
479 1918 991 1998 ἐπιλανθανόμενος,
1051 1916 1171 1974 ἀλλ’
1254 1917 1441 1992 ὅμοιον
1513 1917 1606 1973 ἕνα
1678 1922 1836 1973 πᾶσιν

190 2013 368 2069 ἑαυτὸν
427 2009 742 2088 φυλάττων,
775 2009 906 2086 πρὸς
963 2009 1053 2064 τὸν
1106 2006 1252 2062 ὅσιον
1283 2007 1426 2064 αὖθις
1472 2006 1653 2087 ἐφοίτα
1704 2006 1838 2079 μετὰ

187 2104 372 2177 θερμοῦ
427 2106 526 2156 τοῦ
587 2099 689 2165 τῆς
758 2096 970 2175 καρδίας
1042 2097 1433 2175 σκιρτήματος,
1495 2096 1720 2175 χάριτός
1777 2117 1836 2151 τε

192 2188 490 2267 ὁμολογῶν,
547 2189 640 2245 καὶ
694 2189 758 2243 τὸ
805 2193 909 2243 πᾶν
969 2186 1110 2258 αότῷ
1164 2191 1261 2253 τῆς
1315 2186 1468 2251 νίκης
1533 2185 1836 2264 ὲπῖγραφό-

192 2300 368 2350 μενος,
435 2277 639 2352 ’Ἔλεγε
670 2278 794 2355 γὰρ,
824 2277 919 2348 ὡς,
957 2276 1104 2333 Κατὰ
1145 2277 1236 2331 τὸν
1267 2274 1362 2341 τῆς
1414 2276 1602 2355 μάχης
1633 2276 1836 2353 καιρὸν,

197 2367 306 2441 ἐμοὶ
360 2366 460 2443 μὲν
489 2369 612 2423 ἀντὶ
661 2367 899 2444 θώρακος
959 2363 1292 2439 ἐνδυσαμένῳ
1340 2365 1400 2419 τὸ
1457 2365 1612 2442 ῥάκος
1644 2367 1705 2420 τὸ
1751 2366 1842 2419 σὸν

197 2454 352 2512 ἐποίει
387 2454 606 2534 θαῤῥεῖν
639 2455 804 2530 ὁμόσε
868 2475 924 2508 τε
953 2466 1070 2518 τοῖς
1101 2451 1378 2528 πολεμίοις
1407 2466 1636 2532 χωρεῖν.
1684 2453 1837 2510 Ἐπεί

203 2544 252 2602 δὲ
290 2547 376 2602 καὶ
434 2547 509 2608 εἷς
563 2558 761 2623 χεῖρας
807 2542 1070 2613 ἀλλήλοις
1117 2541 1374 2621 ἤλθομεν,
1420 2541 1584 2603 πολὺς
1635 2541 1844 2620 ἐγένετο

204 2635 382 2697 σκότος
413 2635 602 2711 ὥσπερ
648 2633 703 2689 ἐν
733 2631 942 2712 ὀμίχλη
1004 2633 1208 2708 βαθείᾳ,
1242 2633 1329 2688 καὶ
1358 2632 1480 2694 τοῖς
1515 2632 1611 2708 μὲν
1664 2630 1844 2697 ἄλλοις

206 2729 324 2780 πᾶσι
370 2725 460 2779 καὶ
489 2724 557 2779 τὰ
591 2723 730 2778 πάνυ
789 2721 1016 2788 πλησίον
1046 2721 1237 2777 ἀθέατα
1279 2721 1367 2794 ἦν,
1418 2720 1527 2799 ἐφὼ
1567 2719 1620 2776 δὲ
1647 2743 1705 2776 σε
1739 2721 1842 2796 μό-

207 2835 286 2868 νον
334 2810 549 2868 ξδόκουν
582 2813 710 2888 ὃρᾷν
753 2811 1160 2888 προηγούμενόν
1207 2832 1308 2885 μου
1339 2813 1424 2866 καὶ
1469 2817 1536 2886 τῇ
1569 2812 1708 2891 χειρὶ
1739 2833 1842 2877 ση-

209 2900 444 2976 μαίνοντα
505 2903 596 2958 καὶ
663 2902 1060 2974 ὑποτιθέμενον,
1120 2899 1243 2956 τάδε
1302 2900 1400 2975 μὲν
1457 2907 1548 2956 τοῦ
1606 2898 1846 2975 πολέμου

211 2992 335 3067 μέρη
388 2992 600 3072 χαίρειν
661 2993 774 3065 ἑᾷν,
835 2991 921 3047 ἐπὶ
978 2997 1141 3046 ταῦτα
1198 2991 1345 3046 ἰόντα
1412 2991 1705 3069 μάχεσθαι,
1757 2991 1845 3046 καὶ

213 3083 305 3138 ὕπὸ
351 3082 430 3138 σοὶ
471 3080 662 3159 ἑδηγῷ
689 3101 746 3136 τε
800 3081 885 3136 καὶ
933 3079 1158 3156 ἡγεμόνι
1215 3081 1307 3136 τὸν
1353 3077 1522 3136 ’ίππον
1555 3079 1696 3154 ἣμᾶς
1757 3077 1845 3144 ἐξ·

1921 1925 2233 1997 postquam
2265 1925 2404 1976 sunt
2457 1918 2784 1992 consecuti,
2819 1918 3249 1980 obliviscuntur
3277 1917 3560 1981 benﬁcii:

1922 2005 2026 2065 sed
2061 2025 2126 2067 se
2155 2006 2410 2066 similem
2437 2025 2801 2068 conservans
2829 2008 2887 2068 in
2913 2009 3434 2080 omnibus,rursus
3461 2028 3566 2070 ve-

1923 2095 2010 2154 nit
2039 2095 2110 2156 ad
2169 2096 2450 2158 Sanctum
2487 2115 2623 2158 cum
2666 2097 3006 2158 vehementi
3054 2098 3252 2158 cordis
3300 2099 3566 2160 exsulta-

1925 2185 2111 2259 tione,
2149 2193 2206 2245 et
2235 2185 2454 2262 gratias
2484 2204 2688 2262 agens,
2717 2198 2777 2247 et.
2810 2186 2862 2248 ei
2898 2186 3232 2248 universam
3262 2188 3570 2250 ascribens

1924 2275 2253 2334 victoriam.
2291 2273 2533 2335 Diocbat
2569 2275 2728 2335 enim
2764 2276 2922 2336 enim
2954 2294 2967 2338 :
2998 2275 3104 2337 Illo
3137 2277 3266 2356 ipso
3299 2287 3569 2358 tempore

1929 2381 2163 2443 pugnas,
2199 2363 2344 2424 mihi
2379 2363 2623 2442 quidem
2669 2384 2802 2424 cum
2841 2383 2947 2444 pro
2981 2365 3222 2426 thorace
3273 2374 3434 2427 tuum
3468 2367 3567 2428 in-

1927 2452 2187 2513 duissem
2225 2452 2510 2520 cilicium,
2539 2451 2819 2513 veniebat
2848 2453 2909 2513 in
2943 2463 3203 2514 mentem
3237 2455 3565 2530 conﬁdere,

1926 2540 2063 2601 etin
2086 2541 2288 2601 hostes
2309 2541 2564 2603 irruere.
2591 2542 2736 2603 Cum
2760 2552 2958 2603 autem
2986 2561 3197 2604 manus
3223 2545 3568 2606 conseruis-

1927 2649 2155 2704 semus,
2181 2648 2409 2708 magna:
2439 2630 2864 2692 exoriebantur
2889 2631 3178 2706 tenebrae,
3207 2641 3482 2713 tanquam
3511 2634 3570 2694 in

1927 2719 2115 2781 densa
2162 2720 2457 2798 caligine:
2519 2729 2575 2780 et
2604 2719 2676 2781 ab
2731 2720 2864 2782 aliis
2895 2721 3140 2800 quidem
3189 2723 3471 2784 omnibus
3503 2741 3572 2784 ea

1927 2809 2270 2888 etiam,qu:e
2301 2826 2484 2888 prope
2503 2810 2867 2889 erant,cerni
2892 2828 3009 2870 non
3034 2819 3447 2890 poterantzego
3468 2831 3572 2873 au-

1929 2905 2046 2958 tem
2081 2906 2137 2958 te
2162 2897 2352 2957 solum
2401 2897 2548 2958 mihi
2580 2897 2824 2958 videbar
2861 2898 3061 2960 videre
3093 2919 3188 2960 me
3222 2901 3573 2980 praeceden-

1928 2996 2137 3060 tem,et
2167 3005 2342 3047 manu
2366 2986 2800 3065 signiﬁcantem
2829 2995 2886 3048 et
2915 2989 3436 3064 admonentem,ut
3469 2990 3575 3051 has

1929 3075 2172 3156 quidem
2229 3076 2415 3157 praelii
2449 3085 2650 3156 partes
2698 3077 3092 3154 dimitterem,
3130 3079 3190 3139 in
3241 3079 3346 3139 has
3375 3087 3570 3140 autem

219 3167 463 3244 ιλαύνειν,
506 3172 616 3234 ἕως
660 3167 882 3250 φοϐερός
927 3191 1007 3228 τις
1039 3169 1124 3224 καὶ
1156 3169 1516 3233 ἀνυπόστατος
1545 3181 1664 3231 τοῖς
1693 3169 1842 3224 ἐναν-

1933 3174 2348 3245 pugnaremzet
2371 3175 2427 3226 te
2446 3167 2656 3228 ducem
2691 3186 2909 3247 equum
2949 3184 3150 3245 agere,
3182 3167 3373 3229 donec
3406 3187 3576 3230 cons-

220 3259 338 3320 τίοις
389 3261 586 3339 δοθεὶς,
621 3257 711 3316 ϐαὶ
773 3257 889 3322 δέος
941 3264 1103 3315 πᾶσιν
1141 3257 1397 3314 ἅστεκτον
1448 3255 1721 3336 ἒμϐαλὼν,
1753 3258 1845 3314 τέ-

227 3345 312 3410 λος
350 3349 419 3413 εὶς
463 3348 627 3415 πύδας
671 3349 856 3414 αὖτοὺς
907 3347 1132 3423 βλέψαι,
1168 3349 1256 3404 καὶ
1304 3349 1401 3416 τὴν
1451 3345 1632 3412 ἄδοξον
1678 3347 1850 3426 φυγήν

234 3433 455 3509 ἆσμὲνως
533 3439 738 3495 ἑλέσθαι
812 3441 1234 3516 παρασκευάσαι.
1340 3438 1436 3494 Καὶ
1507 3436 1670 3493 ταῦτα
1752 3438 1850 3511 μὲν

233 3524 440 3600 ἱκεῖνος,
495 3529 522 3584 ὁ
581 3527 668 3584 καί
724 3531 821 3595 τῆς
883 3526 1024 3588 θείας
1067 3526 1266 3594 ταύτης
1325 3525 1634 3604 ἐπιφανείας
1687 3525 1846 3591 ἀξιω-

228 3613 338 3679 θείς.
1263 3687 1267 3690 γ

295 3703 421 3777 ος”¹.
452 3708 560 3764 Ούκ
595 3706 741 3779 αὒτῷ
771 3705 826 3760 δὲ
857 3705 1044 3778 μόνον,
1074 3704 1212 3762 ἀλλὰ
1256 3707 1340 3762 καὶ
1376 3703 1558 3770 ἄλλοις
1593 3707 1620 3760 ὁ
1653 3704 1844 3782 μέγας,

218 3790 426 3856 πολλοῖς
467 3797 570 3870 μὲν
601 3795 656 3851 ἐν
687 3794 828 3872 πλῷ,
861 3794 1088 3858 πολλοῖς
1123 3793 1176 3851 δὲ
1225 3795 1279 3851 ἐν
1309 3793 1439 3870 ὁδῷ,
1473 3796 1562 3852 καὶ
1605 3807 1720 3856 τοῖς
1752 3794 1850 3869 μὲν

221 3886 580 3963 τραχυνομένῃ
623 3883 864 3962 θαλάσσῃ
909 3886 998 3941 καί
1047 3885 1360 3960 πνευμάτων
1403 3885 1490 3960 βία
1543 3881 1849 3961 παλαίουσι,

222 3984 330 4035 τοῖς
357 3971 408 4028 δὲ
449 3977 544 4032 καί
610 3975 866 4049 στόμασίν
926 3975 1120 4052 ἀγρίων
1155 3975 1443 4050 ἐμπεσοῦσι
1501 3977 1699 4051 θηρῶν,
1732 3985 1850 4036 τοῖς

225 4059 313 4134 μὲι
339 4060 390 4118 ὲν
421 4063 595 4145 ὕπνῳ,
629 4079 745 4126 τοῖς
776 4063 829 4119 δὲ
887 4063 982 4120 καί
1012 4063 1103 4120 ὑπ’
1134 4064 1431 4144 ὀφθαλμοῖς
1476 4064 1714 4134 ἐπιστὰς,
1746 4068 1852 4117 τῶν

219 4148 450 4208 κινδύνων
491 4153 748 4222 ἐξείλετο.
796 4155 869 4212 Οὐ
900 4153 1196 4232 ἀνθρώποις
1258 4153 1312 4209 δὲ
1358 4153 1520 4228 μόνον
1551 4151 1666 4218 ὀξὺς
1715 4151 1853 4208 οὕτω

223 4242 497 4308 παρίστατο
518 4246 742 4322 βοηθὸς,
779 4242 916 4300 ἀλλὰ
947 4243 1084 4302 πολὺ
1115 4244 1200 4300 καὶ
1221 4243 1276 4298 ἐν
1303 4256 1420 4308 τοῖς
1450 4241 1664 4321 ἀλόγοις
1695 4242 1851 4311 ζώοις

227 4328 316 4396 τῆς
356 4329 647 4413 φιλαγέθου
704 4334 900 4400 ταύτης
961 4337 1146 4412 ψυχῆς
1178 4334 1240 4389 τὸ
1294 4331 1581 4413 φιλάγαθον
1637 4331 1852 4406 ἕτοιμον

224 4416 474 4486 ὑποδεῖξαι
518 4431 594 4498 τῷ
651 4421 821 4502 λόγῳ.
887 4415 1187 4501 Ὀδοιπόφῳ
1231 4423 1332 4500 γάρ
1389 4442 1520 4478 ποτε
1579 4419 1701 4478 ὄνον
1745 4419 1848 4476 ἐπ-

224 4509 452 4584 αγομένῳ
490 4511 627 4569 λέων
686 4523 916 4580 συνήντα
971 4513 1185 4589 πικρὸς,
1243 4512 1302 4574 ’ὃς
1363 4517 1453 4567 τοῦ
1525 4509 1624 4584 μὲν
1683 4507 1852 4565 ἑδίτου

226 4593 422 4675 ἠμέλει,
467 4604 598 4678 πρὸς
651 4600 706 4658 δὲ
734 4603 828 4658 τὸν
871 4602 989 4657 ὄνον
1021 4603 1190 4676 ὁρμῆς
1237 4598 1561 4675 ἐπίμπλατο.
1601 4601 1699 4656 Τὸν
1729 4605 1850 4676 γοῦν

229 4681 506 4773 ὁδοιπόρον,
553 4692 649 4748 οἶα
680 4691 831 4773 φίλον
862 4693 917 4747 ’ev
965 4703 1083 4754 τοῖς
1114 4689 1240 4768 παρ’
1270 4688 1456 4746 ἐλπίδα
1485 4686 1703 4761 δεινοῖς,
1751 4709 1846 4743 κα-

230 4772 470 4842 τάπληξις
527 4772 728 4860 ἐπέσχε
787 4780 1042 4842 καὶδὲοςο
1097 4781 1130 4847 ἡ
1163 4782 1254 4835 τοῦ
1299 4785 1481 4858 καιροῦ
1532 4777 1587 4834 δὲ
1639 4777 1848 4844 ὀξύτιτ,ς

1933 3263 2141 3336 pectus
2193 3253 2481 3316 terribilis
2511 3265 2570 3316 et
2621 3255 3025 3318 intolerabilis
3073 3256 3353 3332 inimicis,
3390 3259 3574 3319 vehe-

1935 3347 2116 3404 menti
2169 3353 2398 3406 terrore
2454 3344 2733 3406 omnibus
2765 3345 2987 3425 injecto
3032 3347 3358 3418 efﬁcerem,
3393 3355 3455 3408 ut
3510 3365 3578 3407 se

1932 3434 2307 3512 conjicerent
2349 3434 2409 3494 in
2442 3433 2645 3513 pedes,
2683 3443 2741 3496 et
2792 3444 3023 3514 turpem
3059 3435 3256 3510 fugam
3304 3435 3578 3497 lubenter

1933 3522 2248 3600 eligerent.
2281 3522 2353 3584 Et
2386 3523 2509 3584 haec
2561 3522 2803 3602 quidem
2838 3524 2964 3598 ille,
2994 3523 3094 3604 qui
3139 3525 3312 3585 etiam
3363 3525 3577 3604 dignus

1933 3619 2022 3673 est
2050 3612 2288 3673 habitus
2321 3612 2519 3673 divina
2559 3612 2669 3674 hac
2700 3615 3096 3694 apparitione.

2019 3701 2114 3764 76.
2165 3701 2293 3762 Non
2328 3701 2400 3762 ad
2454 3702 2617 3763 illam
2652 3711 2853 3764 antem
2904 3703 3119 3778 solumI
3153 3703 3260 3765 sed
3291 3704 3465 3765 etiam
3503 3703 3575 3764 ad

1932 3789 2081 3852 alios
2113 3808 2358 3868 magnus
2385 3791 2859 3871 Theodosius,ad
2896 3793 3114 3853 multos
3146 3792 3386 3853 buidem
3421 3791 3582 3853 inter

1934 3880 2351 3956 navigandum,
2378 3879 2449 3940 ad
2479 3881 2694 3941 multos
2717 3890 2908 3942 autem
2935 3880 2994 3941 in
3025 3881 3300 3943 faciendo
3334 3880 3576 3954 itinere,

1937 3971 2083 4032 etad
2113 3969 2260 4030 alios
2283 3970 2545 4049 quidem,
2573 3975 2669 4049 qui
2704 3989 2836 4032 cum
2858 3971 3074 4031 furenti
3099 3971 3248 4031 mari
3279 3979 3338 4031 et
3360 3971 3413 4030 vi
3432 3988 3578 4030 ven-

1935 4069 2128 4122 torum
2184 4059 2680 4132 colluctabantur,
2714 4060 2785 4120 ad
2818 4059 2964 4122 alios
2995 4067 3195 4122 autem
3228 4057 3326 4138 qui
3359 4059 3417 4119 in
3477 4077 3583 4120 ora

1934 4151 2194 4212 ferarum
2228 4148 2656 4218 inciderant,et
2685 4149 2757 4210 ad
2790 4149 2938 4210 alios
2960 4148 3205 4230 quidem
3239 4148 3299 4209 in
3329 4147 3577 4221 somnis,

1934 4239 2005 4300 ad
2067 4237 2215 4299 alios
2247 4247 2442 4298 autem
2505 4237 2844 4298 videntibus
2889 4257 3095 4299 revera
3127 4255 3333 4299 eorum
3395 4236 3585 4298 oculis

1934 4327 2254 4402 accedens,
2291 4326 2565 4388 liberavit
2621 4346 2654 4388 a
2704 4327 3008 4406 periculis.
3063 4326 3193 4388 Non
3244 4325 3587 4387 hominibus

1935 4430 2138 4479 autem
2173 4417 2368 4479 solum
2395 4416 2544 4478 adeo
2576 4425 2886 4497 promptus
2917 4416 3032 4479 fuit
3061 4416 3324 4496 adiutor,
3349 4415 3452 4476 sed
3479 4416 3588 4477 bo-

1937 4523 2027 4567 na:
2051 4506 2228 4586 hujus
2260 4525 2498 4587 quoque
2521 4505 2735 4566 animm
2759 4505 3188 4585 benignitatem
3211 4505 3300 4566 vel
3333 4504 3392 4564 in
3415 4503 3587 4566 bruta

1937 4595 2284 4672 animantia,
2325 4603 2523 4674 parata
2578 4603 2667 4655 est
2718 4595 3043 4657 ostendere
3094 4594 3306 4657 oratio.
3358 4594 3584 4655 Viatori

1936 4685 2096 4746 enim
2150 4685 2469 4764 aliquando
2506 4683 2739 4744 asinum
2774 4683 3101 4745 deducenti
3132 4701 3321 4744 saevus
3353 4682 3446 4743 leo
3478 4702 3585 4744 oc-

1933 4775 2144 4850 currit,
2178 4775 2279 4854 qui
2313 4773 2595 4836 viatorem
2629 4774 2872 4854 quidem
2929 4774 3210 4850 neglexit,
3249 4775 3307 4833 in
3348 4772 3582 4832 asinum

229 4860 278 4914 ἓν
317 4865 584 4944 Ῡίρμακον
641 4871 715 4933 εἷς
775 4871 1048 4946 βοήθειαν,
1107 4871 1198 4926 τοῦ
1254 4869 1402 4947 ἆγίου
1463 4866 1630 4943 ὀνόμα
1703 4890 1842 4944 παρ-

1932 4875 2128 4933 autem
2151 4863 2345 4924 irruit.
2376 4866 2568 4944 Atque
2597 4864 2879 4925 viatorem
2914 4863 3257 4942 quidem,ut
3279 4861 3494 4923 accidit
3517 4861 3586 4920 iis

233 4949 378 5031 έσχεν
433 4957 622 5035 εὑρεῖν
689 4957 820 5038 ὅπερ
875 4959 1137 5030 εἰπόντος,
1199 4959 1534 5037 παραχρῆμα
1578 4957 1606 5012 ὅ
1657 4979 1712 5013 τε
1757 4964 1850 5014 τοῦ

1934 4953 2106 5015 malis
2157 4972 2288 5034 quae
2319 4960 2535 5033 praeter
2565 4971 2732 5033 spem
2787 4952 3092 5029 eveniunt,
3129 4962 3335 5032 stupor
3369 4950 3582 5011 invasit

231 5039 396 5116 θηρίου
464 5049 624 5123 θυμὸς
684 5047 847 5126 ἔληγε
912 5049 996 5104 καὶ
1071 5049 1124 5102 νὸ
1182 5047 1436 5125 ῥαγδαῖον
1493 5046 1681 5103 ἵστατο
1744 5052 1842 5113 τῆς

1932 5052 1990 5106 et
2038 5051 2231 5103 metus
2270 5062 2285 5117 ;
2340 5043 2630 5122 temporis
2675 5051 2872 5103 autem
2929 5042 3206 5101 velocitas
3267 5038 3488 5115 effecit,
3523 5057 3586 5109 υι

233 5125 408 5203 δρμῆς.

1925 5151 2106 5194 unum
2137 5131 2325 5192 solum
2361 5131 2653 5192 inveniret
2712 5129 3217 5192 medicamentum
3251 5127 3322 5190 ad
3358 5130 3567 5189 feren-

233 5211 354 5278 dam
385 5238 574 5301 opem,
607 5244 826 5306 nempe
869 5243 1087 5287 nomen
1120 5224 1309 5286 sancti
1343 5223 1692 5288 Theodosii.
1746 5223 1915 5298 Quod
1950 5221 2192 5304 quidem
2228 5239 2360 5282 cum
2395 5218 2667 5302 dixisset,
2702 5221 2897 5282 statim
2935 5217 3185 5280 cessavit
3215 5226 3267 5279 et
3302 5217 3390 5279 ira
3418 5217 3584 5293 ferre,

237 5311 289 5363 et
313 5323 611 5388 repressus
636 5325 726 5378 est
756 5316 1084 5377 vehemens
1113 5317 1244 5394 ejus
1275 5318 1557 5395 impetus.

308 5396 407 5467 οῖ’.
439 5403 565 5471 οἶος
594 5404 648 5462 δὲ
678 5407 767 5463 καὶ
815 5409 942 5481 περὶ
973 5406 1073 5472 τὴν
1112 5411 1218 5461 τῶν
1263 5405 1566 5479 μελλόντων
1611 5405 1852 5483 πρόγνω-

2016 5403 2084 5462 ’Π
2121 5403 2246 5464 Jam
2277 5418 2414 5461 vero
2441 5399 2636 5480 qualis
2666 5398 2854 5460 fuitin
2883 5398 3220 5460 futurorum
3249 5395 3584 5480 praescien-

239 5500 312 5574 ξι*
349 5484 432 5553 ἦν.
469 5499 560 5549 Δεῖ
589 5496 689 5574 γὰρ
719 5493 786 5551 δι’
835 5495 1026 5572 ὀλίγων
1057 5495 1120 5552 τὰ
1151 5493 1360 5552 ἐκεῖνου
1392 5495 1566 5551 πάντα
1595 5492 1842 5550 δεικνύειν

1932 5491 2064 5553 tia?
2108 5489 2357 5570 Opprtet
2389 5489 2546 5549 enim
2597 5488 2802 5568 paucis
2833 5506 3203 5568 qnzecunque
3263 5493 3400 5549 sunt
3427 5485 3588 5548 illius

241 5567 400 5661 ᾤσπερ
447 5576 499 5634 ἓν
553 5585 831 5661 γεύμασιν,
896 5582 986 5642 ἵνα
1045 5583 1138 5639 καί
1183 5583 1346 5651 δῆλον
1408 5583 1606 5640 ἅπασιν
1663 5584 1723 5658 ἦ,
1769 5583 1842 5638 ὅτι

1933 5567 2278 5646 ostendere,
2307 5587 2368 5638 et:
2397 5579 2574 5641 veluti
2601 5567 2813 5641 eorum
2847 5567 3082 5658 gustum
3110 5567 3482 5660 praebere,ut
3512 5575 3590 5638 sit

244 5656 399 5744 ὥσπερ
427 5656 623 5737 ούδενδς
650 5656 783 5731 ντων
811 5656 1260 5753 κατορθωμάτων,
1295 5673 1432 5734 οὕτω
1458 5671 1552 5753 ⁸,δη
1612 5656 1718 5730 καί
1744 5675 1842 5730 τῶν

1933 5670 2112 5744 etiam
2139 5661 2519 5733 manifestum
2546 5656 3015 5756 omnibus,quod
3037 5656 3338 5756 quomodo
3364 5656 3589 5733 nullius
