4018 6136
501 246 615 316 547

1790 253 2070 321 MENSIS
2131 256 2588 324 JANUARIUS.

3750 263 3853 331 548

500 397 656 469 ctus,
679 381 830 450 adeo
863 391 923 450 ut
962 387 1113 450 nihil
1143 389 1199 451 ei
1233 395 1443 469 praeter
1485 402 1620 450 ossa
1646 390 2097 466 relinqueretur
2127 411 2144 468 ;

2242 392 2407 465 μηδὲν
2476 392 2641 451 πλέον
2709 397 2810 448 τῶν
2865 392 3036 449 ὂστῶν
3093 388 3490 472 ὑπολείπεσθαι,
3550 393 3690 467 ὁμῶς
3737 395 3865 452 οὗδέν

507 478 658 540 nihil
692 487 888 540 tamen
925 479 1127 554 molle,
1157 479 1305 542 nihil
1330 478 1650 552 illiberale,
1681 479 1829 540 nihil
1853 481 2158 560 indignum

504 577 608 629 aut
652 568 816 644 fecit,
852 579 952 630 aut
981 579 1071 632 est
1104 569 1341 630 loculus
1389 587 1458 630 eo
1492 568 1730 649 spiritu,
1767 569 1868 650 qui
1897 571 1998 631 tali
2030 572 2162 632 vita;

504 660 808 720 convenit.
843 657 993 730 Quin
1021 659 1197 718 etiam
1220 675 1354 719 cum
1381 658 1625 738 quidam
1652 677 1835 720 senex
1860 659 2155 722 intensam

504 765 572 809 ac
591 748 1008 809 vehementem
1044 747 1159 806 vim
1188 765 1271 808 mt
1291 745 1382 806 rbi
1415 746 1768 824 aspexisset,
1797 758 1857 808 et
1887 749 1940 810 ei
1968 748 2159 810 dixis-

505 838 793 914 setzﬂoga
819 835 1193 897 Deumzforte
1215 836 1372 897 enim
1409 836 1632 896 malum
1658 837 1742 897 sic
1765 837 2160 913 sistetur;non

501 930 690 988 amico
714 943 821 986 nec
845 928 1119 1000 benigno,
1147 939 1207 986 ut
1229 929 1466 992 solebat.
1489 943 1621 987 eum
1644 939 1879 1000 aspectu
1904 931 2157 989 intuens.

503 1013 591 1076 Ne
620 1024 679 1076 tu
705 1012 1140 1093 mihi,inquit,o
1167 1012 1702 1094 Pater,quidquam
1723 1014 1799 1077 de
1815 1035 1886 1076 eo
1909 1016 2155 1079 dixeris.

501 1103 646 1166 Nam
683 1121 816 1164 cum
853 1121 946 1164 me
981 1120 1142 1179 saepe
1176 1102 1326 1164 tales
1379 1103 1710 1165 subiissent
1740 1105 2152 1183 cogitationes,

502 1193 824 1256 arbitratus
861 1192 968 1254 has
993 1210 1126 1254 esse
1158 1191 1356 1271 potius
1390 1192 1636 1272 maligni
1670 1193 1945 1267 insidias,
1979 1214 2152 1275 quam

499 1282 840 1356 consilium,
873 1299 974 1343 eas
1004 1289 1124 1343 toto
1156 1281 1352 1343 studio
1385 1283 1670 1363 repuli,ut
1699 1284 1799 1363 qui
1830 1284 1972 1345 illud
2000 1286 2155 1364 apud

499 1394 595 1436 me
623 1371 1051 1453 reputaverim,
1078 1373 1238 1449 quod
1274 1372 1587 1451 praesentis
1617 1375 1858 1452 quidem
1892 1374 2023 1437 vitae
2055 1374 2156 1436 bo-

500 1481 716 1526 norum
766 1462 908 1522 satis
942 1480 1217 1539 magnum
1252 1463 1507 1522 fructum
1563 1463 1926 1543 ceperimus,
1961 1475 2026 1526 ut
2053 1464 2156 1544 qui

500 1553 749 1634 gloriam
779 1550 1010 1613 scilicet
1035 1560 1094 1613 et
1125 1568 1342 1611 nomen
1368 1551 1554 1612 simus
1575 1551 2159 1631 consecuti.0portet

501 1663 645 1721 ergo
697 1641 939 1702 omnino
973 1640 1155 1718 afﬂigi
1215 1650 1272 1701 et
1305 1641 1458 1700 mala
1513 1640 1746 1720 perpeti
1780 1650 1840 1703 et
1892 1643 2154 1720 aliquam

2247 483 2513 557 μαλακὸν,
2545 483 2690 542 οὐδὲν
2744 483 2982 559 ἀγεννὲς,
3030 481 3175 538 οὐδὲν
3232 481 3453 548 ἀνάξιον
3497 482 3534 550 ἢ
3592 481 3788 560 ’ἔδρασεν
3837 488 3865 554 ἦ

2245 571 2529 650 ἐφθέγξατο
2588 578 2680 628 τοῦ
2709 570 3068 650 προσήκοντος
3101 573 3199 647 βίω
3241 572 3474 643 τοιούτῳ
3530 574 3860 650 φρονήματος·

2244 660 2382 717 ἀλλὰ
2439 661 2525 719 καί
2553 682 2693 725 τινος
2739 659 2986 738 γέροντος
3036 663 3166 738 πρὸς
3220 663 3280 716 τὸ
3325 658 3559 739 σφοδρὸν
3597 661 3691 729 τῆς
3734 666 3866 720 νόσου

2245 753 2330 807 καὶ
2384 748 2760 824 διατεταμένον
2820 748 3114 825 βλέψαντο,
3145 751 3255 824 καὶ,
3300 747 3530 818 δεήθητι
3593 755 3683 806 τοῦ
3733 757 3862 826 Θεοῦ,

2243 842 2372 913 πρὸς
2439 841 2598 896 αὑτὸν
2653 839 2955 915 εἰρηκότος,
2999 839 3149 918 τάχα
3210 840 3312 916 γὰρ
3372 841 3439 894 τὸ
3499 837 3689 894 διεινὸν
3750 840 3862 898 οὕτω

2243 930 2518 1001 στήσεται,
2554 930 2632 1003 μὴ
2677 929 2827 1008 φίλον
2887 928 3096 993 ἐκεῖνος
3146 929 3284 1002 μηδὲ
3345 929 3491 988 κατὰ
3536 929 3596 984 τὸ
3649 929 3860 1001 σύνηθες,

2242 1018 2456 1092 εὑμενὲς
2518 1015 2833 1091 ἐπιϐλέψας
2898 1017 2986 1084 Μὴ
3045 1018 3125 1073 σοί
3179 1039 3263 1094 γε,
3314 1017 3519 1094 Πάτερ,
3571 1015 3697 1094 ἔφη,
3727 1015 3862 1089 μηδὲν

2241 1109 2358 1184 περὶ
2401 1107 2611 1163 τούτου·
2675 1106 2770 1181 ἐμὲ
2827 1106 2926 1184 γὰρ
2983 1105 3244 1171 πολλάκις
3298 1106 3566 1163 τοιούτων
3625 1105 3865 1182 λογισμων

2240 1195 2520 1269 ἐλθόντων,
2557 1192 2844 1261 ἐπιϐουλὴν
2895 1195 2988 1252 τοῦ
3043 1196 3278 1273 πονηροῦ
3334 1197 3400 1251 τὸ
3462 1201 3710 1272 πρᾶγμα,
3746 1195 3865 1268 μᾶλ-

2241 1285 2334 1343 λον
2381 1283 2684 1359 συμϐουλὴν
2721 1288 2860 1340 εἶναι
2905 1282 3222 1359 δοκιμάσας,
3255 1283 3357 1360 ὅλῃ
3413 1281 3650 1360 σπουδῇ,
3686 1285 3865 1347 τούτους

2239 1376 2660 1454 διτκρουσάμην,
2693 1376 2870 1433 ἐκεῖνο
2926 1374 3210 1434 ὑπολαϐὼν
3241 1379 3311 1440 ὡς
3356 1382 3470 1431 τῶν
3505 1375 3606 1438 μὲν
3633 1381 3723 1432 τοῦ
3749 1397 3865 1453 παρ-

2239 1465 2391 1524 οντος
2471 1464 2586 1539 βίου
2682 1462 2862 1520 καλῶν
2959 1466 3150 1527 ἱκανῶς
3236 1461 3672 1536 ἂπελαὸσαμεν,
3737 1461 3867 1529 δόξης

2240 1553 2462 1608 ἐνταῦθα
2503 1551 2762 1630 τυχόντες
2817 1550 3018 1618 δηλαδὴ
3051 1554 3137 1608 καὶ
3173 1553 3465 1626 ὀνόματος
3519 1549 3604 1607 δεῖ
3631 1558 3750 1628 γοῦν
3798 1551 3869 1607 καὶ

2241 1643 2612 1706 κακοπαθῆσαι
2673 1641 2908 1718 πάντως,
2952 1641 3040 1697 καί
3109 1662 3228 1696 τινα
3278 1653 3483 1719 μοῖρᾳν
3545 1638 3694 1719 ἔχειν
3747 1639 3869 1704 ἀξίαν

502 1733 728 1795 habere
787 1739 1040 1808 partem,
1074 1748 1205 1809 quae
1243 1729 1424 1808 digna
1455 1730 1526 1790 sit
1574 1748 1666 1805 ea,
1701 1750 1832 1810 quae
1863 1739 1954 1792 est
2002 1731 2149 1807 illic,

2242 1735 2333 1796 τῆς
2381 1729 2496 1785 ἐκεῖ
2526 1727 2943 1803 παρακλήσεως.
2977 1729 3055 1800 μὴ
3099 1730 3186 1784 καὶ
3214 1731 3345 1806 πρὸς
3397 1731 3552 1802 ἡμᾶς
3581 1730 3755 1785 ἐκεῖνο
3792 1726 3869 1782 λε·

501 1820 913 1884 consolatione
941 1836 957 1892 ;
992 1837 1068 1880 ne
1099 1819 1274 1880 nobis
1304 1838 1546 1899 quoque
1580 1822 1791 1880 merito
1819 1820 1965 1881 illud
1997 1820 2156 1881 dica-

500 1921 618 1984 tur,
652 1908 810 1989 quod
837 1908 1000 1968 diviti
1027 1908 1252 1969 dictum
1282 1918 1390 1969 est:
1422 1909 1755 1990 Percepisti
1777 1909 1930 1972 bona
1961 1919 2067 1972 tua
2087 1912 2154 1972 in

497 2002 625 2062 vita
680 2007 787 2060 tua
815 1997 893 2059 εν.
941 1996 1046 2058 His
1100 1997 1344 2071 auditis,
1379 2017 1443 2058 se
1489 1997 1804 2060 abscondit
1854 2017 2060 2071 senex,
2096 2010 2154 2061 et

500 2108 612 2152 nec
645 2088 897 2150 habebat
934 2087 1175 2166 quidem
1208 2087 1452 2149 omnino
1479 2087 1635 2168 quod
1671 2096 1875 2150 sancto
1907 2108 2154 2169 respon-

497 2179 688 2242 deret.

579 2271 682 2331 82.
719 2268 994 2330 Ceterum
1021 2266 1186 2328 illius
1211 2267 1512 2347 patientiae
1534 2276 1590 2329 et
1613 2268 1942 2330 tolerantiae
1972 2269 2155 2331 multa

501 2357 744 2438 quidem
779 2364 919 2417 sunt
939 2356 1050 2416 alia
1075 2375 1313 2436 quoque
1339 2357 1548 2437 signa;
1586 2365 1764 2418 testes
1789 2366 1983 2419 autem
2019 2368 2156 2419 sunt

497 2449 539 2508 ii
565 2445 938 2527 quoque.qui
963 2444 1022 2504 in
1048 2454 1318 2525 tempore
1340 2447 1704 2508 inﬁrmitatis
1725 2447 1779 2508 ei
1801 2447 2149 2521 inserciere,

499 2536 654 2618 quod
684 2533 833 2595 nihil
867 2552 938 2594 ex
959 2535 1178 2597 anima:
1205 2535 1658 2614 operationibus
1686 2556 1717 2597 a
1741 2535 1949 2597 morbo
1973 2537 2156 2599 fuerit

497 2629 554 2687 ei
587 2631 1075 2703 surreptum,nec
1099 2625 1158 2684 in
1182 2643 1387 2685 amore
1410 2626 1747 2686 divinorum
1783 2625 2150 2705 eloquiorum

499 2717 632 2796 ipse
665 2713 910 2774 omnino
945 2711 1143 2792 seipse
1171 2713 1331 2774 visus
1353 2715 1428 2774 sit
1455 2715 1832 2788 inferior,aut
1856 2713 2148 2791 frigidior.

499 2807 602 2869 Est
633 2811 830 2864 autem
885 2803 996 2864 hoc
1028 2821 1265 2882 quoque
1297 2803 1530 2882 signum
1587 2803 1958 2865 vehementis
1988 2803 2152 2865 illius

495 2913 695 2959 rerum
731 2893 1064 2954 divinarum
1092 2892 1672 2954 meditationis.Nam
1706 2893 1996 2954 etsiillius
2013 2913 2152 2954 ocu-

492 2987 588 3047 lus
630 3001 911 3045 sumnum
945 2999 1102 3061 saepe
1163 2982 1443 3059 gustavit,
1477 2991 1683 3062 utpote
1712 2983 1902 3043 ﬂexus
1932 2982 2004 3044 ab
2055 3003 2145 3060 ea,

2237 1819 2396 1899 χθείη
2426 1883 2428 1885 ς
2456 1817 2695 1898 δικαίως,
2732 1819 2760 1873 ὃ
2821 1821 2907 1874 καὶ
2937 1820 3069 1895 πρὸς
3100 1819 3189 1874 τὸν
3237 1816 3504 1875 πλούσιον
3535 1817 3748 1896 εἴρηται
3797 1819 3865 1894 τὺ,

2238 1906 2536 1969 Ἀπέλαϐες
2601 1909 2667 1963 τὰ
2723 1907 2896 1985 ἀγαθά
2970 1929 3063 1962 σου
3130 1911 3189 1962 ἒν
3251 1913 3319 1984 τῇ
3380 1913 3500 1984 ζωῇ
3576 1928 3696 1968 σου,
3753 1908 3868 1983 Πρὸς

2235 2007 2399 2056 ταῦτα
2460 1998 2548 2051 τὸν
2619 1995 2840 2074 γέροντα
2894 1993 3289 2074 ἐγκαλύψασθαι
3362 1999 3456 2052 καὶ
3515 1993 3686 2070 μηδὲν
3741 1993 3868 2072 ’ἐχειν

2235 2085 2373 2150 ὅλως
2433 2086 2620 2152 ἣντινα
2651 2087 2782 2163 πρὸς
2834 2093 2927 2142 τὸν
2959 2084 3105 2140 ὅσιον
3165 2086 3452 2154 ποιήσεται
3506 2085 3610 2151 τὴν
3667 2083 3870 2160 ἀπόκρι-

2236 2199 2344 2235 σιν.

2315 2263 2431 2342 πβ’.
2493 2263 2640 2331 Πλὴν
2672 2261 2808 2320 ἀλλὰ
2861 2268 2957 2330 τῆς
2991 2264 3265 2338 ὑπομονῆς
3325 2263 3538 2319 ἐκείνου
3569 2261 3658 2318 καὶ
3702 2279 3868 2336 καρτε-

2237 2355 2374 2434 ρίας,
2410 2353 2583 2410 πολλὰ
2639 2354 2736 2426 μὲν
2793 2354 2881 2409 καὶ
2940 2351 3078 2409 ἄλλα
3125 2355 3418 2430 τεκμήρια·
3479 2353 3763 2429 μάρτυρες,
3802 2346 3864 2420 δὲ,

2235 2446 2321 2500 καὶ
2377 2445 2424 2501 οἳ
2466 2443 2602 2499 κατὰ
2643 2443 2734 2498 τὸν
2793 2447 2892 2508 τῆς
2941 2440 3230 2519 ἆρῤωστίας
3289 2443 3481 2521 καιρὸν
3515 2461 3705 2521 χειρας
3749 2437 3866 2508 αὐτῷ

2235 2535 2600 2608 ὑπηρετούσας
2658 2532 3066 2608 εἰσενεγκόντες,
3104 2529 3186 2586 ὅτι
3221 2531 3389 2606 μηδὲν
3444 2533 3592 2606 μήτε
3647 2529 3738 2584 τὰς
3787 2525 3863 2591 τῆς

2236 2621 2499 2699 ἐνεργείας
2529 2623 2630 2678 ὑπὸ
2659 2621 2757 2688 τῆς
2786 2622 2940 2676 νόσου
2981 2618 3370 2698 παραϐλαϐείη,
3409 2621 3558 2696 μήτε
3590 2620 3682 2674 τὸν
3723 2615 3863 2693 ἔρωτα

2235 2713 2340 2767 τῶν
2388 2713 2538 2766 θείων
2595 2708 2789 2786 λογίων
2839 2709 2995 2772 αὐτὸς
3053 2707 3224 2774 ἥττων
3281 2709 3501 2787 ὀφθείη,
3559 2704 3689 2782 μηδ’
3745 2703 3859 2762 ὅλως

2235 2801 2423 2858 ἑαυτοῦ
2479 2800 2566 2855 καὶ
2610 2801 2967 2878 ψυχρότερος.
3026 2807 3266 2873 Τημεϊον
3312 2797 3367 2853 δὲ
3429 2798 3523 2853 καὶ
3581 2802 3733 2852 τοῦτο
3781 2796 3857 2856 τῆς

2234 2888 2443 2956 πολλῆς
2503 2888 2704 2945 ἐκείνου
2761 2888 2874 2964 περὶ
2925 2887 2990 2942 τὰ
3019 2889 3140 2942 θεῖα
3195 2888 3555 2964 θερμότητος,
3591 2885 3680 2939 καὶ
3721 2879 3856 2953 μελέ-

2233 3002 2356 3045 της.
2433 2978 2489 3034 Εἰ
2547 2977 2644 3053 γὰρ
2714 2977 2800 3033 καὶ
2858 2976 3127 3055 ὀφθαλμὸς
3195 2980 3340 3049 αὖτῴ
3398 2977 3571 3034 ὕπνου
3629 2970 3856 3030 πολλάκις

494 3093 628 3155 quae
659 3073 859 3133 omnia
882 3072 1082 3150 vincit,
1115 3079 1416 3146 natura;at
1450 3071 1580 3151 ejus
1611 3072 1850 3152 quidem
1887 3083 2047 3133 certe
2071 3073 2152 3134 la-

2242 3069 2505 3146 γεύααιτο,
2539 3068 2794 3145 καμφθεὶς
2841 3067 2942 3122 ὑπὸ
2999 3070 3098 3132 τῆς
3155 3067 3326 3124 πάντα
3355 3065 3598 3132 νικώσης
3657 3063 3854 3141 φύσεως,

497 3149 602 3224 bra
628 3159 948 3235 faciebant,
984 3149 1141 3239 quad
1175 3149 1645 3223 consueverant:
1667 3159 1955 3232 Quocirca
1978 3163 2152 3224 etiam

2242 3157 2382 3224 πλὴν
2453 3153 2592 3211 ἀλλὰ
2646 3155 2710 3211 τιὰ
2766 3153 2928 3234 χείλη
2986 3161 3112 3231 γοόν
3165 3155 3231 3212 τὸ.
3301 3155 3496 3211 ἑαυτοῦ
3550 3153 3617 3208 τὰ
3689 3149 3857 3216 συνήθη

497 3252 764 3326 interim,
830 3249 968 3309 dum
1003 3236 1057 3308 _a
1112 3266 1322 3310 somno
1382 3260 1680 3328 surgeret,
1724 3250 2022 3311 canticum
2080 3252 2150 3312 ad

2242 3259 2412 3304 ποιεῖν
2467 3247 2556 3313 ἧν·
2592 3243 2671 3301 διὸ
2727 3247 2813 3300 καὶ
2862 3243 3056 3319 μεταξὺ
3103 3243 3376 3322 ἀναφέρων
3434 3245 3547 3298 ἀπὸ
3577 3239 3670 3297 τοῦ
3722 3236 3859 3292 ὕπνου

496 3341 683 3404 Deum
719 3337 1276 3417 comprehendebat
1305 3326 1514 3401 labris:—
1546 3339 1695 3401 adeo
1727 3347 1790 3400 ut
1819 3341 1974 3419 quod
2011 3339 2154 3401 dicit

2242 3339 2332 3403 τὴν
2385 3337 2515 3414 πρὸς
2550 3336 2678 3390 Θεὸν
2737 3331 2879 3407 ᾠδὴν
2910 3333 2964 3388 ἐν
3007 3345 3126 3396 τοτς
3185 3332 3394 3411 χείλεσι
3454 3326 3856 3402 κατελάμϐανεν,

495 3432 736 3494 divinus
766 3413 977 3503 David,
1011 3428 1070 3488 in
1107 3445 1176 3488 eo
1214 3427 1614 3507 impleretur:
1673 3429 1752 3492 Et
1785 3413 1967 3492 noctu
2001 3447 2153 3492 cau-

2242 3425 2371 3481 ὦστε
2431 3413 2491 3480 τὸ
2522 3431 2615 3481 τοῦ
2670 3426 2810 3481 θείου
2843 3420 3021 3495 Δαϐίδ,
3054 3421 3233 3486 καλῶς
3274 3423 3362 3478 καὶ
3416 3420 3504 3477 ἐπ’
3541 3419 3685 3488 αὑτῷ
3729 3413 3856 3478 πλη-

497 3524 677 3586 ticum
711 3522 846 3598 ejus
874 3526 957 3579 est
984 3517 1152 3597 apud
1175 3535 1265 3577 me
1293 3518 1378 3579 30.

2242 3518 2466 3594 ροῦσθαι,
2494 3514 2578 3589 τὸ,
2621 3515 2723 3570 Καὶ
2759 3513 2942 3575 νυκτὸς
2969 3509 3082 3586 ᾠδὴ
3113 3515 3266 3570 οἶντοῦ
3301 3510 3430 3589 παρ’
3455 3509 3601 3587 ἐμοί.

1981 3652 2208 3711 CAPUT
2253 3651 2388 3708 XIX.

1718 3767 1907 3843 Mors,
1953 3766 2283 3848 sepultura,
2330 3759 2655 3827 miracula.

577 3891 678 3953 83.
734 3890 920 3951 Porro
950 3893 1150 3948 autem
1188 3888 1371 3948 multa
1423 3907 1657 3968 quoque
1690 3889 1894 3950 dicunt
1925 3908 2058 3950 eum
2091 3891 2150 3952 in

2315 3887 2440 3964 πγ¹,
2480 3883 2657 3940 Πολλὰ
2711 3883 2810 3958 μὲν
2859 3882 2948 3938 οὖν
2996 3882 3082 3940 καὶ
3140 3882 3194 3937 ὲν
3241 3885 3311 3957 τῇ
3339 3878 3567 3955 σελευτῇ
3619 3895 3740 3955 φασι
3777 3869 3852 3926 τὸν

499 3991 689 4046 morte
720 3978 1040 4047 divinasse,
1067 3978 1248 4038 multa
1271 3963 1465 4037 autem
1503 3963 1677 4037 etiam
1704 3978 2048 4056 praedixisse
2079 3980 2154 4041 de

2242 3963 2396 4055 Ξινδρα
2452 3973 2771 4042 ἐπιθειάσαι,
2801 3971 2977 4028 πολλὰ
3006 3970 3061 4027 δὲ
3123 3971 3209 4027 καὶ
3239 3970 3357 4048 περὶ
3410 3977 3518 4026 τῶν
3549 3963 3850 4042 μελλόντων,

497 4069 856 4146 futuris,per
878 4067 1162 4146 Spiritum
1188 4068 1288 4146 qui
1316 4067 1376 4127 iu
1403 4067 1531 4146 ipso
1560 4067 1968 4128 cohabitabat.
2003 4071 2149 4131 Nam

2242 4066 2319 4123 διὰ
2389 4072 2482 4123 τοῦ
2539 4061 2905 4124 συνοικοῦντος
2990 4065 3130 4134 αὗτῷ
3215 4059 3522 4132 Πνεύματος
3577 4059 3851 4132 προειπεῖν

500 4181 635 4227 cum
685 4137 818 4220 eum
852 4137 1307 4217 circumsistens
1339 4137 1494 4216 totus
1525 4163 1710 4216 enatus
1744 4156 2150 4232 fraternitatis,

2242 4153 2459 4221 Ἐπειδη
2509 4154 2608 4230 γὰρ
2667 4151 3007 4227 περιστάντες
3051 4150 3208 4206 αὑτὸν
3266 4153 3370 4204 πᾶν
3411 4149 3472 4203 τὸ
3519 4145 3610 4211 τῆς
3650 4137 3854 4232 ἁδελφὸ-

501 4252 703 4334 specie
732 4245 972 4327 quidem
998 4245 1191 4319 illum,
1219 4263 1425 4306 revera
1449 4253 1648 4306 autem
1676 4245 1936 4324 seipsum
1974 4264 2155 4309 unus-

2242 4267 2399 4312 τητος
2457 4224 2750 4319 πλήρωμα,
2785 4241 2858 4313 τῷ
2903 4238 2999 4314 μὲν
3029 4235 3209 4294 δοκεῖν
3261 4238 3493 4310 ὲκεῖνον,
3531 4235 3596 4304 τῇ
3627 4229 3678 4287 δὲ
3727 4224 3850 4288 ἀλη-

501 4323 1128 4414 (ιύίεψιόόθίιθὺδιωι
1148 4335 1245 4413 qui
1274 4334 1448 4394 talem
1468 4337 1707 4397 Patrem
1733 4323 2155 4414 amitteret,qui

2242 4335 2348 4406 θείᾳ
2419 4332 2642 4392 ἕκαστος
2714 4330 2899 4384 ἑαυτὸν
2963 4326 3274 4403 ἀπεδύρετο,
3334 4325 3546 4402 Πατέρα
3616 4323 3848 4414 τοιοῦτον,

501 4399 607 4485 eos
653 4399 714 4486 iu
747 4422 981 4485 Christo
1029 4399 1234 4502 genuit
1267 4441 1334 4484 ex
1365 4423 1532 4485 Pauli
1581 4425 1900 4501 sententia,
1935 4399 2155 4505 quique

2242 4425 2357 4501 φεῦ,
2391 4417 2812 4490 ἀποϐάλλοντες,
2857 4417 2915 4480 ’ὃς
2967 4417 3022 4472 ἐν
3083 4421 3293 4490 Χριστῷ
3345 4413 3482 4469 κατὰ
3529 4405 3720 4468 Παῦλον
3764 4399 3845 4454 αὖ·

2301 4513 2314 4523 .
2423 4510 2436 4523 ς
2495 4508 2504 4523 ι
2818 4506 2912 4523 κκ-
3188 4509 3212 4518 ~
3428 4502 3438 4518 ν
3601 4494 3845 4523 ___\L-...un

501 4517 823 4574 carnalium
851 4525 1076 4587 patrum
1097 4517 1316 4572 viscera
1349 4517 1516 4587 longe
1533 4516 1793 4573 vincebat
1817 4531 1916 4573 sua
1943 4519 2000 4572 in
2029 4518 2157 4574 illos

499 4601 839 4678 affectione,
869 4610 927 4662 et
949 4620 1082 4663 cum
1117 4621 1233 4682 quo
1267 4621 1383 4663 una
1417 4600 1766 4662 maluissent
1797 4601 2080 4676 deficere,
2109 4601 2157 4662 si

500 4691 633 4753 ﬁeri
665 4693 976 4772 potuisset,
1013 4711 1189 4772 quam
1247 4711 1380 4753 eum
1415 4692 1618 4752 videre
1651 4692 2068 4753 excedentem.
2105 4693 2158 4752 ls

501 4788 701 4844 autem
736 4798 869 4842 cum
903 4800 1006 4842 eos
1039 4780 1181 4841 satis
1215 4789 1376 4841 esset
1415 4781 1783 4852 adhortatus,
1819 4789 1881 4840 ut
1913 4781 1971 4841 in
2027 4779 2158 4841 loco

502 4878 1015 4949 permanerent,et
1038 4877 1099 4929 ut
1120 4868 1472 4948 ingruentes
1499 4869 1855 4929 tentationes
1877 4867 1948 4928 ad
1976 4870 2157 4929 finem

501 4978 692 5040 usque
721 4959 953 5020 fortiter
977 4957 1294 5032 ferreut,et
1319 4966 1381 5018 ut
1404 4957 1493 5018 eis
1524 4956 1862 5031 obedirent,
1898 4958 1998 5031 qui
2033 4967 2160 5036 post

501 5049 700 5129 ipsum
730 5049 1039 5129 praefuturi
1072 5056 1269 5107 essent
1303 5047 1759 5120 monasterio;et
1795 5047 2161 5126 praedixisset

503 5139 729 5216 omnia,
754 5157 884 5218 qua)
916 5144 1089 5198 erant
1123 5144 1432 5206 eventura,
1463 5136 1560 5196 dat
1591 5138 1678 5197 eis
1720 5135 1865 5196 illud
1897 5135 2156 5213 signum,

503 5227 661 5306 quod
689 5227 864 5287 tinem
891 5234 1092 5287 essent
1116 5233 1432 5304 acceptura
1456 5243 1689 5305 ea,qua:
1719 5224 1876 5284 dicta
1907 5233 2066 5287 sunt.
2099 5223 2162 5285 Si

506 5318 664 5377 enim
696 5323 827 5392 post
858 5334 1085 5388 meum,
1118 5314 1331 5394 inquit,
1369 5313 1684 5376 decessum
1719 5313 1984 5374 videritis
2017 5312 2163 5374 mihi

506 5421 742 5482 gregem
775 5407 1000 5483 augeri,
1037 5412 1096 5465 et
1122 5422 1237 5483 quo
1272 5403 1456 5482 magis
1502 5410 1739 5484 tempus
1773 5402 2160 5484 processerit,

587 5561 648 5613 99
677 5563 817 5626 Luc.
857 5581 980 5642 xvn,
1014 5563 1116 5626 Q5.
1201 5565 1262 5614 30
1289 5562 1445 5627 Psal.
1478 5582 1557 5645 LI,
1588 5566 1648 5630 9.

2243 4494 2359 4575 νηὺς
2421 4508 2692 4588 ἐγέννησε,
2743 4506 2929 4579 πολλῴ
2986 4509 3253 4583 σαρκικῶν
3307 4502 3553 4580 πατέρων
3595 4494 3846 4588 σπλάγχνα

2242 4601 2309 4668 τῆ
2372 4575 2503 4676 πρός
2533 4575 2762 4659 ἑκείνόυς
2821 4575 3066 4650 νικῶντα.
3105 4575 3474 4673 φιλοστοργίᾳ..
3506 4590 3592 4648 καὶ
3639 4575 3838 4676 συνεκλι-

2243 4703 2367 4747 πεῖν
2417 4672 2562 4761 αὑτῷ
2601 4685 2831 4761 μᾶλλον,
2861 4683 3016 4763 εἴπερ
3047 4672 3184 4759 ιοἶόν
3227 4703 3285 4738 τε
3334 4682 3424 4751 ἠν,
3458 4680 3493 4747 ἢ
3555 4672 3837 4768 ἑκδημοῖξντί

2241 4779 2372 4836 ἰδεῖν
2442 4775 2748 4838 ἐϐούλοντο.
2811 4765 2870 4833 ὀ
2944 4771 2998 4829 δὲ
3056 4775 3251 4834 ἱκανῶς
3309 4772 3492 4833 αὐτοῖς
3564 4765 3837 4841 παραινέειως

2242 4869 2504 4943 ἐπιμονὴν
2559 4867 2657 4931 τὴν
2705 4865 2758 4921 ἐν
2801 4869 2877 4935 τῷ
2927 4863 3096 4940 τόπῳ,
3131 4866 3438 4935 πειρασμῶν
3481 4879 3534 4914 τε
3568 4860 3664 4912 τῶν
3702 4849 3841 4943 ἔπες’

2243 4929 2496 5037 χυμένων
2551 4953 2676 5033 ἄχρι
2708 4953 2794 5009 καὶ
2845 4951 2996 5012 τέλος
3037 4929 3336 5024 ὑπομονὴν,
3374 4947 3450 5004 ἔτι
3481 4968 3541 5022 γε
3590 4942 3691 5018 μὴν
3732 4929 3838 5035 ﬁt)?"

2243 5033 2363 5110 τοὺς
2411 5041 2529 5121 μετ’
2555 5045 2710 5100 αὑτὸν
2765 5047 2863 5108 τῆς
2913 5045 3084 5116 μονῆς
3137 5038 3560 5115 ἐξηγησομένους
3611 5033 3837 5125 ὑπακοηῖν

2243 5138 2418 5194 πάντα
2475 5156 2531 5190 τε
2583 5134 2648 5190 τὰ
2681 5131 3104 5205 καταληψόμενα
3153 5133 3453 5206 προειπών,
3497 5131 3710 5198 σημεῖον
3759 5129 3839 5206 33‘

2243 5239 2362 5288 τοῖς
2410 5226 2503 5281 τοῦ
2557 5225 2644 5279 καὶ
2707 5221 2869 5299 πέρας
2911 5192 2986 5276 ’τᾶ
3042 5192 3294 5297 εἰρημένα
3347 5192 3534 5272 λαέεῐν
3591 5211 3748 5302 ἑκεξνο
3773 5192 3838 5302 δίο

2245 5315 2430 5374 δωσιν.
2493 5315 2550 5371 Εἰ
2608 5313 2708 5388 μὲν
2766 5293 2865 5388 ἧὰρ
2909 5310 3044 5383 μετὰ
3092 5293 3198 5375 -την
3250 5307 3410 5382 ἐμὴν,
3454 5303 3578 5384 ἔφη,
3625 5293 3840 5388 τελευξήν

2248 5405 2597 5476 αὖξανόμενόν
2651 5424 2744 5480 μοι
2773 5402 2833 5457 τὸ
2886 5400 3132 5477 ποίμνιον
3189 5395 3360 5477 ίδητε,
3395 5393 3489 5452 καὶ
3535 5391 3638 5464 ὅσῳ
3669 5374 3839 5441 πᾶλλον
