4018 6136
377 223 486 293 551

1659 222 1945 293 MENSIS
1999 227 2033 290 J
2038 227 2142 292 AN
2148 226 2455 292 UARIUS.

3631 220 3765 290 552

380 375 599 438 corpus
648 353 885 420 ferebat
924 356 1049 437 jam
1112 360 1464 419 mortuum:
1524 362 1666 419 tunc
1697 355 1861 418 enim
1895 373 1984 418 era

2064 359 2162 414 ιτὸ
2205 362 2363 437 σῶμα
2407 360 2788 442 παρεστηκὼς,
2834 355 3097 441 ἐτύγχανε
3141 357 3241 438 γὰρ
3283 358 3405 416 τότε
3431 359 3617 441 νήφων
3659 358 3769 415 καὶ

377 464 540 509 ηοω
569 454 628 508 et
656 446 1007 528 compositae
1034 446 1438 526 mentis,quod
1476 447 1766 527 majorem
1792 463 1984 526 quoqu

2107 448 2200 512 τὰς
2245 451 2437 529 φρένας
2467 451 2837 531 καθεστηκὼς,
2869 450 2900 506 ’o‘
2928 452 3016 506 καὶ
3065 449 3275 524 μᾶλλον
3315 451 3460 524 αῦτῷ
3513 447 3766 529 σφοδρό-

379 535 436 600 ei
473 535 740 599 dolorem
793 534 1109 611 afferebat,
1142 546 1204 596 ut
1233 536 1336 616 qui
1371 545 1570 617 posset
1605 534 2018 608 considerare,

377 630 438 686 in
471 625 707 707 qualem
739 624 1052 686 incidisset
1085 624 1295 686 infelix
1326 624 1750 700 calamitatem,
1777 630 1833 684 et
1856 624 2016 704 quod

375 732 552 795 quam
585 714 772 777 solam
807 713 1070 775 habebat
1101 731 1267 793 spem
1302 711 1705 788 liberationis,
1759 731 1828 774 ea
1860 731 2015 793 quo-

372 822 490 885 que
517 802 595 864 sit
627 803 912 882 privatus,
973 820 1295 864 mansurus
1344 803 1425 866 sit
1473 810 1671 865 autem
1723 812 2016 882 perpetuo

370 891 526 956 hanc
574 909 812 972 gravem
873 894 1182 953 sustinens
1243 892 1644 972 tyrannidem,
1707 899 1765 953 et
1812 892 2015 953 ferens

371 989 592 1044 motum
629 980 938 1054 daemonis,
972 989 1239 1043 secretos
1270 981 1408 1042 illos
1433 981 1714 1060 impetus,
1746 981 2011 1043 furorem

367 1069 749 1151 horribilem,
785 1078 844 1132 et
872 1089 1005 1150 qua;
1036 1070 1155 1132 dici
1189 1071 1419 1150 nequit,
1469 1071 1877 1150 agitationem,
1909 1089 2012 1132 ca-

365 1178 589 1240 susque
621 1158 1019 1234 miserabiles,
1075 1159 1176 1240 qui
1210 1177 1281 1219 ex
1313 1159 1402 1220 eis
1453 1159 1752 1235 oriuntur,
1788 1169 1846 1221 et
1872 1160 2010 1222 ine-

365 1248 732 1312 narrabilem
756 1247 911 1329 apud
945 1248 1224 1310 homines
1256 1248 1668 1326 ignominiam.
1700 1252 1840 1312 Haec
1869 1255 2008 1311 cum

361 1339 564 1401 animo
593 1348 860 1400 versaret
912 1345 970 1399 et
1007 1348 1173 1399 recte
1229 1338 1614 1415 intelligeret,
1651 1338 1810 1418 quod
1844 1339 2009 1400 nulla

358 1446 500 1510 spes
527 1429 601 1488 de
631 1435 860 1502 cetero,
895 1434 954 1488 et
983 1426 1148 1488 nulla
1180 1429 1251 1487 ab
1285 1426 1374 1487 eis
1424 1426 1630 1488 relicta
1661 1439 1820 1490 esset
1850 1427 2004 1490 libe-

2104 561 2256 618 τερον
2331 541 2535 610 ἀνῆπτε
2604 542 2666 598 τὸ
2737 540 2928 604 πένθος
2983 538 3284 620 λογίζεσθαι
3338 536 3612 614 δυναμένῳ
3674 538 3771 598 εἷς

2103 627 2227 684 οἵαν
2271 631 2298 685 6
2355 628 2533 693 ἅθλιος
2587 631 2861 709 συμφορὰν
2923 628 3228 706 περιπέσοι,
3285 627 3382 685 καΐ
3445 626 3616 708 ὅπως,
3683 626 3771 694 ἣν

2099 718 2226 798 εἶχε
2282 721 2371 776 καὶ
2413 721 2585 786 μόνην
2626 717 2952 797 ἀπαλλαγῆς
3001 716 3212 798 ἑλπίδα,
3257 718 3346 776 καὶ
3402 717 3602 784 ταύτην
3631 716 3770 795 ἀφ-

2099 809 2324 888 ῄρηται,
2359 822 2515 885 μενεῖ
2543 807 2597 865 δὲ
2648 810 2709 866 τὸ
2763 807 2952 866 λοιπὸν
2989 807 3121 888 ἄχρι
3154 805 3335 872 τέλους
3367 805 3463 874 τὴν
3491 805 3773 886 χαλεπὴν

2098 898 2296 966 ταύτην
2350 899 2707 979 ὑφιστάμενος
2752 895 3053 978 τυρᾶννίδα,
3098 897 3311 959 καὶτὰς
3369 894 3431 952 ἔκ
3477 895 3570 952 τοῦ
3621 892 3769 951 δαί-

2097 1009 2260 1061 μονος
2316 986 2599 1062 ὑπομένων
2668 989 2958 1068 κινήσεις,
3019 1003 3113 1050 τας
3173 983 3473 1064 προσϐολὰς
3530 984 3768 1047 ἐκείνας

2096 1078 2190 1140 τὰς
2234 1075 2591 1156 ἀποῤῥάτους,
2636 1078 2733 1146 τὴν
2778 1077 2994 1152 μανίαν,
3038 1076 3130 1132 τὸν
3162 1073 3400 1156 φρικώδη
3429 1073 3618 1130 κλόνον
3645 1073 3764 1130 καὶ

2093 1165 2418 1243 ἀπόῤῥητον,
2466 1168 2556 1222 καὶ
2583 1166 2648 1224 τὰ
2677 1166 2880 1223 ἐκεῖθεν
2912 1164 3116 1222 ἐλεεινὰ
3146 1164 3410 1238 πτώματα
3449 1165 3534 1220 καὶ
3593 1185 3761 1238 συμο

2092 1255 2357 1330 πτώματα
2401 1257 2490 1312 καὶ
2522 1255 2620 1322 τὴν
2649 1253 2946 1334 ἀδιήγησον
2990 1253 3042 1320 ἐξ
3096 1253 3386 1331 ἀνθρώπων
3442 1253 3750 1333 αἰσχύνην,

2091 1351 2265 1402 Ταῦτα
2309 1345 2394 1402 ἐπὶ
2425 1351 2543 1401 νοῦν
2576 1343 2865 1418 λαμϐάνων
2895 1345 2983 1401 καὶ
3014 1343 3196 1404 καλῶς
3225 1343 3438 1417 συνιὼν,
3471 1345 3542 1406 ὡς
3573 1341 3751 1398 οῦδε-

2088 1434 2185 1508 μία
2216 1437 2278 1490 τὸ
2323 1434 2512 1491 λοιπὸν
2557 1433 2732 1513 ἐλπὶς,
2773 1432 2990 1510 οὒδεμία
3022 1439 3124 1490 τῶν
3155 1433 3410 1490 τοιούτων
3437 1429 3752 1508 ἀπαλλαγὴ

360 1517 537 1592 ratio,
569 1515 731 1596 gravi
760 1515 967 1576 dolore
997 1533 1102 1576 cor
1133 1516 1189 1577 ei
1220 1514 1572 1592 feriebatur,
1611 1516 1750 1594 igne
1778 1517 1984 1579 viscer:

2088 1522 2493 1600 καταλείπεται,
2528 1522 2734 1584 ὀδύναις
2792 1524 2889 1592 τὴν
2948 1521 3162 1601 καρδίαν
3203 1522 3396 1588 ὀξείαις
3448 1519 3746 1593 ιϐἇλλετο,

359 1604 860 1678 incendebantur,
921 1604 1273 1680 gravissimo
1323 1604 1487 1665 luctu
1523 1606 1721 1667 anima
1754 1607 1984 1668 teneba-

2085 1613 2150 1668 τὰ
2196 1613 2488 1694 σπλάγχνα
2531 1615 2652 1691 π)ρὶ
2716 1612 3095 1691 διεπίμπρατο,
3143 1611 3422 1688 βαρυτάτῳ
3476 1611 3574 1677 τὴν
3617 1615 3749 1685 ψυο

361 1707 493 1774 tur;
527 1699 672 1780 quid
705 1718 823 1760 non
855 1697 1142 1761 dicebat?
1195 1698 1340 1779 quid
1376 1717 1494 1760 non
1525 1698 1780 1760 faciebat
1815 1701 1984 1762 mise-

2086 1704 2197 1781 χὴν
2257 1701 2434 1760 πένθει
2493 1703 2806 1783 κατείχετο.
2868 1703 2929 1761 Τί
2971 1701 3068 1778 μὲν
3099 1702 3161 1758 οὖ
3195 1700 3392 1780 λέγων,
3444 1697 3587 1755 τίδὲ
3645 1699 3751 1772 μὴ

357 1774 598 1852 rabile?
627 1789 877 1870 capillos
906 1786 1126 1849 acerbe
1173 1774 1425 1865 vellens,
1462 1796 1672 1868 pectus
1706 1789 1878 1850 valde
1909 1790 1984 1850 fc-

2087 1774 2334 1868 πράττων
2417 1791 2651 1849 ἒλεεινόν
2670 1774 2702 1869 ’;
2783 1774 2983 1848 ’τίλλων⁷
3053 1791 3150 1852 τὰς
3221 1774 3411 1869 τρίχας
3494 1794 3744 1867 πικρῶς,

357 1879 546 1954 riens,
603 1878 801 1940 fronte
864 1877 1086 1939 misere
1133 1877 1327 1938 solum
1366 1877 1634 1957 pulsans,
1671 1878 1914 1957 longum
1947 1899 1979 1941 e

2086 1880 2342 1951 πλήττων
2386 1882 2450 1937 τὰ
2515 1879 2704 1959 στέρνα
2758 1879 3023 1960 σφοδρῶς,
3084 1881 3162 1954 τῷ
3221 1878 3455 1953 μετώπῳ
3512 1879 3752 1935 κόπτων

353 1977 594 2031 acutum
628 1968 884 2046 ejulans,
917 1965 1105 2047 pedes
1133 1964 1336 2045 rigans
1379 1965 1679 2046 lacrymis,
1729 1986 1866 2030 eum
1901 1987 1978 2049 qu

2084 1968 2267 2035 δεινῶς
2326 1971 2387 2028 τὸ
2432 1969 2648 2049 ἔδαφος,
2695 1969 2780 2036 ὀξὺ
2834 1971 2922 2026 καὶ
2978 1971 3184 2048 μακρὸν
3246 1968 3579 2046 ἀνοιμώζων,
3625 1965 3746 2022 δά-

346 2056 612 2140 jacebat,
672 2065 951 2137 tanquam
1002 2053 1197 2115 vivum
1251 2054 1615 2134 alloquens:
1665 2056 1781 2130 Qui
1837 2057 1984 2120 solus

2083 2082 2231 2136 κρυσι
2303 2058 2649 2130 κατακλύζων
2720 2059 2840 2123 τοὺς
2897 2057 3090 2132 πόδας,
3139 2060 3209 2121 ὡς
3254 2063 3412 2128 ζῶντι
3469 2063 3546 2129 τῷ
3603 2076 3746 2112 κει-

356 2138 483 2210 erat
512 2163 673 2227 spes,
724 2144 942 2226 inquit,
995 2143 1160 2205 solus
1215 2153 1510 2218 servator,
1544 2143 1795 2220 recedit,
1849 2144 1984 2206 reli-

2083 2148 2226 2224 μένῳ
2261 2146 2637 2225 διαλεγόμενος
2680 2166 2694 2178 “
2728 2138 2789 2203 Ἠ
2824 2150 2989 2226 μόνη,
3023 2146 3220 2224 λέγων,
3273 2145 3445 2218 ἐλπὶς,
3484 2147 3511 2200 6
3555 2143 3740 2220 μόνος

352 2235 478 2318 quit
513 2254 619 2298 nos
675 2234 913 2296 deditos
971 2233 1252 2296 daamoni.
1313 2232 1623 2304 Quodnam
1677 2234 1873 2295 adhuc
1905 2242 1984 2296 est

2077 2241 2258 2315 σωτὴρ
2289 2237 2532 2317 οἴχεται,
2589 2235 2999 2315 καταλέλοιπεν,
3058 2234 3308 2298 ὶκδότους
3355 2236 3502 2309 ἡμᾶς
3543 2233 3737 2313 ἀφῆκε

351 2322 706 2406 refugium?
738 2341 1007 2404 quamam
1035 2330 1127 2384 est
1153 2324 1351 2386 adhuc
1374 2324 1737 2402 exspectatio
1758 2323 1789 2384 ?
1819 2325 1984 2386 Nunc

2075 2335 2152 2401 τῷ
2194 2327 2430 2402 δαίμονι.
2492 2327 2580 2392 Τίς
2638 2325 2712 2382 ἔτι
2767 2327 3047 2404 καταφυγή
3085 2345 3101 2398 ;
3151 2327 3226 2388 τίς
3259 2323 3333 2380 ’έτι
3378 2321 3667 2402 προσδοκία
3712 2343 3734 2399 ;

351 2415 485 2480 ensi
537 2414 751 2478 melius
809 2421 900 2477 est
959 2431 1065 2474 sua
1122 2422 1336 2492 sponte
1392 2413 1795 2475 incumbere:
1834 2433 1984 2475 nunc

2075 2425 2160 2474 νῦν
2218 2417 2302 2473 ἐπὶ
2337 2416 2480 2496 ξίφος
2539 2417 2730 2474 ἑκόντα
2787 2429 3037 2493 κρεῖττον
3067 2413 3267 2494 ἐλθεῖν,
3299 2421 3388 2471 νῦν
3445 2413 3530 2470 ἐπὶ
3589 2420 3726 2492 πῦρ,

343 2503 572 2585 ignem,
607 2522 767 2566 nunc
799 2521 962 2565 mare
995 2501 1250 2581 ingredi,
1283 2513 1341 2563 et
1370 2503 1456 2567 sic
1487 2502 1776 2564 daemonis
1807 2502 1984 2564 insul-

2072 2515 2160 2564 νῦν
2191 2505 2272 2562 ἐπὶ
2329 2503 2615 2580 θὶλατταν,
2675 2507 2763 2562 καὶ
2817 2505 2956 2561 οὕτω
3001 2517 3192 2583 φυγεῖν
3221 2501 3471 2578 δαίμονος
3530 2501 3728 2560 ἐπιθέ-

345 2600 440 2657 tus
470 2595 758 2673 effugere.

2069 2619 2206 2659 σεις.

425 2684 530 2762 87.
558 2683 698 2746 Haec
723 2681 952 2744 deflens
975 2682 1208 2756 infelix,
1239 2701 1305 2745 se
1327 2681 1387 2744 in
1411 2681 1629 2744 lectum
1652 2681 1980 2762 dejecerat,

2151 2683 2264 2758 πζ’,
2323 2692 2550 2742 Τοιαῦτα
2633 2687 2660 2741 6
2734 2682 3006 2764 δυστυχὴς
3063 2680 3378 2762 ὀδυρόμενος
3434 2683 3502 2750 τῆ
3557 2681 3723 2758 κλίνῃ

343 2771 820 2854 amplectebatur
837 2771 1413 2852 reliquias,malebat
1430 2789 1551 2832 una
1570 2789 1703 2832 cum
1724 2789 1796 2833 eo
1817 2789 1984 2850 sepe-

2070 2773 2450 2854 προσέῤῥιπτο,
2512 2781 2585 2848 τῷ
2629 2772 2870 2849 λειψάνῳ
2927 2773 3338 2852 περιεπλέκετο,
3387 2777 3723 2851 συνταφῆναι

341 2861 462 2936 liri,
501 2879 678 2944 quam
709 2861 904 2925 lucem
935 2855 1234 2942 aspicere,
1272 2859 1372 2920 tali
1406 2865 1659 2940 tyranno
1688 2860 1980 2924 serviens.

2070 2863 2278 2940 μᾶλλον
2334 2866 2522 2944 ᾕρεῖτο
2579 2862 2614 2932 ἦ
2658 2869 2770 2943 φῶς
2843 2863 2967 2941 ὃρᾷν
3025 2862 3251 2935 τοιούτῳ
3292 2861 3533 2938 τυράννῳ
3586 2860 3721 2919 δου-

344 2955 494 3024 Quid
514 2969 653 3028 ergo
678 2954 830 3011 Deus
853 2968 1046 3011 rerum
1071 2951 1530 3010 admirabilium?
1553 2953 1729 3009 Movet
1749 2953 1983 3024 quidem

2066 2953 2262 3013 λεύων.
2307 2955 2368 3011 Τί
2413 2956 2500 3011 οῦν
2535 2955 2563 3010 6
2620 2956 2726 3009 τῶν
2775 2952 3081 3026 θαυμασίων
3125 2949 3256 3014 Θεός
3293 2970 3309 3026 ;
3347 2960 3498 3007 Κινεϊ
3541 2950 3644 3026 μὲν
3688 2953 3719 3006 6

344 3040 578 3103 daemon
609 3040 875 3114 interim,
911 3039 1055 3100 dum
1089 3039 1214 3112 ﬂet,
1250 3039 1652 3118 hominem,et
1680 3057 1815 3100 cum
1847 3057 1982 3100 eum

2066 3042 2269 3118 δαίμων
2313 3042 2505 3118 μεταξῦ
2562 3049 2658 3100 τοῦ
2698 3043 2890 3120 θρήνου
2947 3041 3036 3097 τὸν
3098 3038 3399 3118 ἄνθρωπαν,
3471 3037 3718 3098 καταϐα-

343 3131 510 3194 bumi
539 3130 948 3211 dejecisset,et
973 3136 1165 3189 totum
1199 3128 1392 3208 ipsum
1415 3127 1477 3188 in
1500 3127 1689 3188 oculis
1713 3131 1981 3188 omnium

2069 3130 2175 3189 λὼν
2234 3131 2289 3188 δὲ
2333 3134 2409 3196 είς
2448 3134 2578 3212 γῆν,
2623 3133 2711 3188 καὶ
2754 3129 2878 3186 ὅλον
2936 3131 3096 3189 αὐτὸν
3139 3128 3194 3184 ἦν
3241 3127 3540 3208 ὀφθαλμοῖς
3568 3127 3715 3186 πάνυ

339 3219 749 3293 dilacerasset,
777 3226 841 3279 ut
869 3217 963 3279 vel
997 3217 1082 3279 sic
1116 3216 1586 3278 involuntarium
1619 3216 1986 3294 significaret

335 3326 979 3390 recessum,quamque
1010 3307 1359 3370 hominibus
1391 3305 1731 3378 infestus,et
1761 3315 1984 3386 quanto

335 3400 396 3464 in
423 3420 526 3464 eos
547 3401 778 3464 cleatur
799 3398 1168 3474 furore,cum
1195 3396 1616 3477 relinquit,aut
1637 3396 1833 3476 potius
1853 3395 1985 3474 ipse

331 3491 915 3564 exturbatur,motus
945 3487 1181 3566 ﬂagello
1207 3486 1522 3549 diviniore.
1543 3483 1644 3548 Sic
1667 3503 1809 3565 ergo
1839 3487 1894 3547 ei
1923 3495 1983 3548 et

331 3579 486 3655 vivo,
520 3585 734 3660 etpost
762 3583 1016 3638 mortem
1053 3577 1233 3638 cessit
1287 3584 1472 3656 terra,
1532 3584 1592 3638 et
1645 3577 1883 3650 coelum,
1923 3583 1983 3637 et

333 3687 522 3746 mare,
557 3677 616 3731 et
640 3686 767 3748 aer,
796 3674 856 3728 et
883 3667 1184 3728 daemones
1215 3686 1230 3740 ;
1265 3673 1424 3728 terra
1469 3665 1709 3746 quidem
1743 3683 1776 3727 a
1807 3665 1973 3740 feris,

329 3758 548 3822 caelum
581 3775 718 3818 vero
747 3775 780 3817 a
812 3755 1105 3831 siccitate,
1143 3773 1305 3817 mare
1365 3765 1560 3817 autem
1596 3773 1630 3816 a
1662 3755 1970 3834 periculis,

325 3865 435 3910 aer
464 3853 658 3909 vestro
680 3863 714 3907 a
745 3846 982 3906 locusta
1012 3853 1071 3906 et
1096 3844 1349 3924 brucho,
1371 3844 1676 3905 daemones
1705 3852 1905 3906 autem
1941 3863 1975 3906 a

329 3935 518 4019 plagis
543 3934 820 3997 homines
847 3933 1073 3996 liberos
1096 3934 1536 4010 relinquentes:
1573 3941 1631 3993 et
1664 3933 1811 3994 nihil
1837 3934 1969 4014 fuit,

328 4025 490 4108 quod
523 4042 643 4088 non
675 4024 966 4104 deinceps
995 4023 1124 4102 ejus
1157 4029 1478 4084 testaretur
1507 4022 1783 4083 virtutem
1815 4023 1972 4084 mul-

326 4125 568 4196 tamque
597 4113 761 4196 apud
787 4131 925 4175 eum
961 4113 1267 4174 fiduciam.

406 4206 510 4269 88.
547 4203 692 4268 Cum
722 4212 919 4266 autem
951 4203 1108 4264 fama
1129 4210 1381 4281 repente
1413 4203 1471 4264 in
1499 4220 1739 4263 omnem
1775 4202 1970 4264 locum

328 4295 715 4376 pervasisset,
739 4293 897 4376 quod
931 4301 992 4354 et
1024 4310 1276 4371 magnus
1298 4290 1672 4355 Theodosius
1693 4292 1766 4353 ad
1798 4311 1969 4355 suum

322 4385 645 4450 Dominum
675 4385 799 4464 jam
831 4381 1212 4457 excessisset,
1241 4391 1300 4443 et
1329 4400 1607 4460 magnum
1639 4381 1715 4444 de
1743 4381 1972 4444 daemo-

325 4474 501 4537 niaco
533 4473 886 4536 miraculum
921 4479 1081 4535 esset
1114 4491 1146 4534 a
1170 4490 1288 4533 non
1313 4471 1521 4552 paucis
1544 4469 1853 4532 auditione
1877 4489 1971 4534 ac-

326 4561 822 4643 ceptum,Petrus
853 4561 956 4624 ille
990 4559 1372 4640 magnus,qui
1404 4567 1545 4622 tunc
1575 4559 1969 4640 apostolicam

325 4652 533 4716 sedem
566 4651 810 4716 tenebat
837 4651 1289 4731 Hierosolymis,
1321 4647 1967 4730 ille,inquam,Petrus,

322 4742 494 4823 cujus
517 4759 728 4822 magna
749 4740 990 4819 quidem
1014 4739 1124 4801 fuit
1145 4737 1549 4815 fama,famam
1575 4745 1772 4799 autem
1793 4757 1971 4819 supe-

319 4832 488 4896 rabat
508 4833 716 4907 virtus;
742 4829 975 4892 accedit
1009 4849 1144 4891 cum
1179 4828 1382 4890 multis
1413 4827 1544 4888 aliis
1565 4826 1867 4908 episcopis
1895 4827 1969 4888 ad

323 4922 708 5004 sepeliendas
729 4917 1329 5000 reliquiasUndique
1354 4924 1550 4979 autem
1571 4916 1972 4979 concurrebat

321 5019 382 5073 et
397 5010 711 5073 multitudo
727 5008 1158 5070 monachorum
1174 5007 1352 5069 simul
1368 5013 1427 5067 et
1445 5006 1771 5085 promiscui
1788 5005 1966 5084 vulgi.

320 5098 545 5164 Omnes
561 5108 762 5161 autem
778 5098 1033 5160 multum
1053 5095 1549 5179 ponebantstudii
1562 5107 1646 5168 ,ut
1665 5107 1723 5157 et
1739 5105 1968 5177 partem

319 5189 578 5270 aliquam
602 5188 993 5266 attingerent,
1026 5194 1130 5247 aut
1157 5194 1499 5248 sanctorum
1525 5183 1687 5246 illius
1710 5184 1965 5264 capillo-

321 5293 480 5350 rum,
515 5285 616 5336 aut
646 5292 830 5335 sacrae
859 5275 1062 5344 vestis.
1098 5281 1202 5335 aut
1227 5281 1391 5335 certe
1421 5281 1484 5334 ut
1512 5272 1602 5332 vel
1635 5271 1830 5332 solum
1857 5291 1966 5352 ap-

320 5363 886 5442 propinquarent,et
911 5363 1148 5424 beatum
1186 5362 1356 5424 illum
1391 5364 1615 5421 vultum
1647 5360 1962 5422 viderent:

320 5460 382 5512 et
412 5452 487 5511 de
539 5469 609 5512 eo
642 5460 802 5512 tanta
831 5451 1171 5513 certabatur
1216 5449 1628 5523 contentione,
1663 5459 1728 5510 ut
1758 5468 1832 5511 ne
1866 5449 1971 5510 diu

320 5537 567 5626 quidem
585 5539 1041 5620 permitteretur
1053 5539 1313 5621 sepelire
1325 5537 1738 5623 reliquias,sed
1756 5538 1972 5600 melius

2068 3243 2174 3277 των
2217 3221 2583 3300 διαπαράξας,
2641 3220 2734 3277 ἵνα
2809 3219 3060 3278 ἀκούσιον
3131 3218 3272 3276 οὕτω
3329 3216 3556 3294 δηλώσῃ
3617 3219 3715 3287 τὴν

2069 3311 2442 3390 ἀναχώρησιν,
2504 3313 2592 3367 καὶ
2649 3309 2773 3367 ὅσον
2826 3310 2888 3365 τὸ
2943 3311 3074 3386 πρὸς
3116 3307 3417 3385 ἀνθρώποος
3473 3305 3714 3387 ἀπεχθές

2066 3399 2251 3475 ἐκείνῳ
2303 3401 2390 3456 καὶ
2468 3401 2746 3476 μανικὸν,
2796 3397 3102 3457 ἀπολείπει,
3176 3397 3212 3465 ἢ
3284 3394 3491 3471 μᾶλλον
3550 3398 3712 3462 αὐτὸς

2064 3488 2340 3553 ἐξωθεῖται
2446 3491 2667 3566 μάστιγι
2764 3487 3004 3566 θειοτέρα
3105 3487 3441 3562 κινούμενος.
3521 3486 3706 3552 Οὕτως

2063 3580 2204 3654 αὒτῷ
2247 3580 2334 3635 καὶ
2376 3583 2533 3648 ζῶντι
2577 3579 2665 3634 καὶ
2719 3577 2854 3636 μετὰ
2913 3577 3136 3633 θάνατον
3178 3575 3248 3655 γῆ
3288 3597 3347 3632 τε
3392 3575 3545 3656 εἶχε,
3607 3575 3710 3633 καῖ

2063 3668 2308 3746 οὐρανὸς,
2363 3665 2458 3724 καί
2515 3665 2780 3746 θάλασσα,
2841 3666 2929 3722 καὶ
2971 3666 3098 3741 ἀὴρ,
3159 3668 3246 3725 καὶ
3279 3663 3526 3740 δαίμονες
3562 3681 3575 3696 ⁶
3631 3665 3707 3743 γῆ

2057 3758 2154 3830 μὲν
2201 3755 2419 3836 θηρίων,
2448 3755 2668 3835 οὒρανὸς
2715 3755 2770 3812 δὲ
2798 3755 3037 3836 αὐχμοῦ,
3069 3754 3307 3812 θάλασσα
3338 3753 3392 3810 δὲ
3421 3755 3701 3834 κινδύνων,

2055 3847 2158 3924 ἀὴρ
2187 3843 2243 3902 δὲ
2273 3843 2505 3924 ἀκρίδος,
2541 3847 2698 3924 φημὶ,
2737 3845 2826 3902 καὶ
2852 3843 3361 3926 βρούχου,δαίμονες
3392 3842 3446 3900 δὲ
3470 3842 3705 3921 πληγῶν

2052 3937 2174 4000 τοὺς
2205 3937 2510 4014 ἀνθρώπους
2544 3934 2936 4014 ἐλευθεροῦντες
2963 3950 2977 3964 ’
3011 3933 3109 3991 καῖ
3137 3933 3287 3993 οὐδὲν
3316 3935 3476 3991 αὐτοῦ
3505 3933 3699 3991 λοιπὸν

2053 4032 2152 4094 τῆς
2182 4025 2374 4104 ἀρετῆς
2405 4024 2500 4082 καῖ
2553 4026 2650 4094 τῆς
2681 4023 2890 4092 πολλῆς
2922 4025 3128 4092 ἐκείνης
3162 4025 3291 4104 πρὸς
3323 4024 3451 4082 Θεὸν
3483 4021 3703 4101 παρῤη-

2055 4118 2172 4179 σίας
2203 4115 2503 4192 ἀμάρτυρον
2515 4161 2528 4174 .

2134 4203 2264 4271 πη¹.
2311 4208 2420 4271 Τῆς
2465 4206 2553 4260 οῦν
2606 4205 2796 4285 φήμης
2852 4203 3041 4282 ἀθρόον
3085 4203 3260 4261 πάντα
3317 4199 3702 4280 διαλαϐούσης,

2053 4293 2136 4350 δτι
2182 4314 2239 4349 τε
2296 4295 2323 4349 6
2357 4291 2524 4370 μέγας
2555 4291 2660 4360 ἤδη
2693 4293 2782 4350 τὸν
2824 4295 3026 4348 οἰκεῖον
3080 4289 3361 4355 Θεοδόσιος
3395 4290 3704 4367 ἐκδιιμήσοι

2059 4382 2361 4456 Δεσπότην,
2403 4382 2496 4438 καί
2531 4381 2597 4449 δὴ
2629 4383 2716 4439 καὶ
2745 4381 2837 4438 τοῦ
2881 4381 3019 4437 κατὰ
3066 4382 3158 4437 τὸν
3215 4377 3553 4455 δαιμονῶντα
3583 4383 3706 4440 θαύ-

2057 4494 2224 4547 ματος
2280 4472 2471 4536 ἆκοαϊς
2524 4472 2619 4528 οῦκ
2675 4470 2882 4548 ὀλίγαις
2916 4468 3271 4550 διαδοθέντος,
3307 4469 3503 4548 Πέτρος
3534 4462 3563 4527 ὃ
3595 4470 3701 4544 μέο

2056 4583 2180 4639 γας,
2241 4563 2268 4615 6
2350 4562 2440 4618 τὸν
2515 4557 2880 4616 ἀποστολικὸν
2936 4559 2990 4614 ὲν
3061 4549 3448 4638 Ἰεροσολύμοις
3517 4561 3702 4639 θρόνον

2053 4656 2345 4717 τηνικαῦτα
2401 4647 2619 4723 διέπων,
2655 4647 2855 4726 Πέτρος
2899 4648 3109 4712 ἐκεῖνος
3140 4649 3168 4704 6
3230 4646 3396 4712 πολὺς
3449 4648 3547 4724 μὲν
3595 4649 3695 4715 τὴν

2054 4738 2265 4818 φήμην,
2328 4739 2519 4812 μείζων
2591 4735 2645 4793 δὲ
2708 4737 2810 4806 τῆς
2877 4737 3062 4817 φῆμης
3119 4737 3217 4805 τὴν
3275 4737 3494 4815 ἀρετὴν,
3562 4738 3698 4813 μετᾶ

2053 4827 2270 4886 πολλῶν
2329 4829 2416 4884 καὶ
2446 4827 2623 4884 ἄλλων
2655 4827 2963 4884 ἐπισκόπων
2995 4829 3126 4906 πρὸς
3159 4830 3258 4892 τὴν
3302 4834 3395 4884 τοῦ
3440 4826 3701 4904 λειψάνου

2051 4919 2228 4998 ταφὴν
2285 4919 2652 4996 παραγίνεται,
2715 4916 3006 4997 Συντρέχει
3080 4914 3134 4972 δὲ
3205 4918 3550 4997 πανταχόθεν
3607 4917 3708 4974 καὶ

2053 5007 2258 5076 πλῆθος
2321 5011 2603 5083 μοναστῶν
2676 5007 2789 5082 ἅμα
2845 5009 2934 5063 καὶ
3001 5004 3265 5084 μιγάδων.
3340 5008 3445 5064 Καῖ
3502 5008 3704 5071 πάντες

2051 5099 2211 5175 ἔγγὺς
2243 5095 2482 5175 γενέσθαι
2543 5097 2630 5152 καὶ
2674 5097 2817 5161 τινὸς
2877 5095 3112 5172 ἅψασθαι
3163 5095 3375 5174 μέρους,
3421 5094 3537 5152 εἴτε
3594 5098 3701 5154 τῶν

2054 5187 2217 5263 ἁγίων
2274 5186 2476 5242 ἐκείνου
2525 5193 2754 5266 τριχῶν,
2806 5184 2921 5241 εἴτε
2953 5191 3050 5253 τῆς
3079 5187 3219 5262 ἱερᾶς
3252 5186 3498 5260 ἐσθῆτος,
3538 5188 3705 5265 ἧγοῦν

2052 5276 2140 5332 καὶ
2196 5273 2495 5342 πλησιάσαι
2555 5278 2717 5349 μόνον
2776 5277 2863 5332 καὶ
2916 5276 3016 5342 τὴν
3061 5275 3324 5352 μακαρίαν
3371 5274 3497 5350 ὄψιν
3539 5274 3703 5357 ἰδεῖν,

2055 5361 2287 5430 σπουδῆς
2340 5359 2482 5426 ἄξιον
2529 5361 2846 5421 ἐποιοῦντοο
2910 5364 2998 5418 καὶ
3057 5361 3247 5442 χρῆμα
3291 5361 3490 5439 κομιδῇ
3543 5385 3700 5443 περι-

2058 5453 2336 5530 μάχητον,
2388 5449 2524 5508 ὥστε
2573 5449 2705 5528 μηδὲ
2745 5459 2817 5526 τῷ
2850 5451 3090 5527 λειψάνῳ
3121 5451 3287 5531 μέχρι
3343 5450 3548 5508 πολλοῦ
3603 5456 3702 5520 τὴν

2056 5545 2228 5620 ταφὴν
2290 5544 2709 5620 συγχωρεῖσθαι,
2764 5541 2903 5600 ἀλλὰ
2933 5553 3180 5620 κρεῖττον
3209 5540 3337 5597 αὒτὸ
3368 5542 3694 5615 νομίζεσθαι.
