4018 6136
385 335 389 339 ’
452 325 571 392 555

1739 316 2020 385 MENSIS
2061 318 2510 388 JANUARIUS.

3705 330 3834 399 556

452 465 586 540 lica,
621 482 696 526 an
723 471 783 526 te
813 460 1218 525 Christianum
1247 457 1451 520 fateris
1482 474 1637 548 esse,
1673 455 1827 519 sicut
1857 455 2044 518 audivi

2128 457 2289 548 Mp6}:
2334 456 2560 534 δίδαξον,
2609 459 2767 540 εἴπερ
2814 459 2923 548 ,ἄρα
2970 466 3284 544 Χριστιανὸς
3329 467 3475 524 εἶναι
3526 467 3829 548 ὁμολογεῖς

451 575 608 618 mus.
642 553 754 616 Hic
774 570 914 615 vero
941 571 956 616 :
986 553 1115 614 Non
1139 548 1332 611 solum
1358 548 1492 621 hoc,
1521 546 1736 627 inquit,
1772 565 1904 607 cum
1932 565 2088 626 pra:-

447 647 612 708 clara
645 641 944 706 sententia
973 647 1034 701 et
1062 656 1206 699 voce
1229 637 1541 710 conﬁteor,
1570 636 1678 698 sed
1702 635 2084 716 etiam,quod

448 739 595 807 Deo,
629 735 735 812 qui
765 732 874 793 sub
909 730 1100 793 visum
1134 746 1254 789 non
1285 727 1608 800 cadit,sum
1641 735 2030 787 consectatus
2066 742 2079 786 :

445 833 503 888 et
525 824 583 887 ei
611 822 922 896 assisto,ut
951 820 1054 900 qui
1085 817 1247 879 illius
1278 817 1462 877 factus
1493 816 1607 877 sim
1635 815 1927 876 diaconus
1960 813 2083 876 Im-

443 923 688 996 perator
715 919 913 973 autem
947 910 1156 970 volens
1203 925 1269 968 se
1318 906 1638 996 ostendere
1666 905 1990 996 urbanum,
2023 912 2086 965 ct

439 993 611 1065 valde
636 1001 1015 1082 ingeniosum
1047 996 1236 1075 :Ergo
1262 1007 1342 1075 te,
1373 993 1714 1073 inquit,diis
1734 994 2079 1073 diaconum,

437 1095 553 1156 hoc
580 1091 1040 1166 est,ministrum
1077 1085 1316 1149 exhibe.
1345 1087 1562 1165 Martyr
1585 1093 1785 1146 autem
1807 1083 2078 1144 inrisum

434 1191 674 1246 vertens
703 1182 834 1260 ejus
866 1187 1205 1260 promptum
1256 1183 1314 1237 et
1360 1173 1639 1236 versatile
1667 1189 2019 1253 responsum
2057 1189 2072 1232 :

431 1271 688 1345 Videris,
723 1271 940 1352 inquit,
977 1267 1126 1329 mihi
1184 1283 1318 1327 esse
1373 1264 1612 1352 surdus.
1654 1281 1688 1325 ο
1718 1260 2072 1352 imperator,

430 1366 736 1426 autetiam
787 1351 1032 1420 stultum
1091 1372 1298 1435 agere.
1341 1353 1478 1415 'Dixi
1539 1351 1642 1413 tibi
1702 1370 1800 1413 me
1860 1351 2072 1413 minis-

431 1461 592 1513 trare
624 1453 772 1524 Deo,
808 1448 913 1524 qui
947 1465 1066 1508 non
1093 1444 1255 1507 cadit
1284 1443 1394 1506 sub
1426 1447 1732 1524 aspectum
1771 1463 1784 1500 :
1821 1461 1940 1503 non
1964 1461 2069 1504 au-

429 1551 548 1604 tem
582 1541 796 1603 horum
856 1537 959 1618 qui
1017 1535 1318 1608 videntur,
1376 1543 1476 1594 aut
1530 1535 1722 1612 potius
1759 1551 1835 1594 ne
1873 1533 2073 1594 vident

429 1631 694 1712 quidem,
729 1646 864 1691 esse
894 1627 1396 1705 diaconum,quos
1428 1625 1580 1704 ipse,
1607 1633 1671 1712 ut
1692 1623 1797 1700 qui
1820 1622 2066 1702 falleris,

425 1711 675 1802 perinde
704 1737 772 1782 ac
803 1719 952 1781 deos
979 1715 1167 1779 colis:
1203 1731 1339 1775 cum
1390 1714 1510 1773 sint
1553 1711 1788 1792 lapides
1819 1720 1878 1772 et
1908 1712 2069 1791 ligna

2171 547 2375 638 (Tn-nep
2413 549 2748 626 ἠκούσαμεν.
2811 546 2868 610 Ὀ
2927 551 3006 630 δὲ,
3083 556 3156 613 Οὐ
3226 557 3409 630 μόνον,
3470 557 3599 638 ἔφη,
3664 546 3825 619 τοῦτο

2170 639 2306 711 μετὰ
2363 636 2616 717 λαμπρας
2659 643 2730 706 ὡς
2776 641 2892 722 ἔχω
2932 646 3021 701 καὶ
3069 645 3298 721 γνώμης
3327 649 3418 702 καὶ
3476 636 3662 726 simia;
3719 648 3822 704 ἀν-

2169 726 2446 803 ομολογῶ,
2486 728 2606 785 ἀλλ’
2637 730 2719 787 ὅτι
2753 735 2841 788 καὶ
2895 737 2974 807 τῷ
3029 734 3241 810 ἀοράτῳ
3293 737 3408 810 Θεῷ
3451 738 3818 816 καθιέρωμαι,

2163 817 2252 873 καί
2311 821 2452 893 αὖτῷ
2511 821 2866 900 παρίσταμαι,
2943 821 3186 888 διάκονος
3244 823 3446 882 ἐκείνου
3502 829 3818 904 γεγενημέ-

2165 929 2278 969 νος.
2320 911 2416 965 Καὶ
2454 910 2481 966 6
2532 908 2784 987 βασιλεὺς
2837 914 3053 987 κομψὸν
3104 913 3293 970 ἑαυτὸν
3323 915 3470 970 εἶναι
3503 918 3590 972 καὶ
3622 937 3817 992 περιτ-

2163 1002 2268 1059 τῶς
2316 997 2570 1077 ἀγχίνουν
2629 998 2799 1084 δεῖξαι
2841 1001 3192 1077 βουλόμενος,
3241 1005 3465 1082 Οὖκυῦν,
3522 1004 3655 1084 ἔφη,
3689 1019 3815 1070 τοῖς

2161 1089 2308 1152 θεοῖς
2353 1087 2698 1155 διακόνησον.
2765 1082 2822 1148 Ὀ
2881 1089 2935 1147 δὲ
2995 1092 3194 1170 μάρτυς
3251 1094 3326 1155 εἷς
3387 1082 3601 1170 γέλωτα
3641 1082 3815 1152 ὴλύων

2161 1180 2322 1236 αὐτοῦ
2371 1181 2431 1236 τὸ
2475 1179 2862 1260 ἀρχίστροφον,
2914 1183 3182 1262 Κωφεύειν
3242 1205 3337 1257 μοι
3395 1183 3582 1262 φαίνῃ,
3643 1185 3812 1261 βασι-

2158 1265 2272 1336 λεῦ,
2333 1267 2461 1349 ἔφη,
2519 1270 2550 1338 ἢ
2601 1273 2690 1326 καὶ
2733 1271 2824 1328 τὸν
2868 1273 3049 1350 μωρὸν
3099 1273 3473 1350 ὑποκρίνεσθαι
3510 1292 3524 1306 ⁸
3562 1281 3681 1347 Θεῷ
3729 1276 3812 1331 σοὶ

2158 1355 2290 1436 ἔφην
2321 1366 2396 1432 τῷ
2426 1359 2639 1437 ἀοράτῳ
2668 1359 2940 1417 διακονεῖν
2975 1379 2988 1391 ⁸
3046 1363 3122 1435 μὴ
3176 1363 3273 1438 γὰρ
3329 1360 3392 1417 δτι
3453 1363 3657 1418 τούτων
3698 1362 3809 1419 ulla

2155 1447 2444 1522 ὁρωμένων
2495 1451 2530 1516 ἢ
2593 1447 2732 1524 μηδὲ⁹
2789 1449 3037 1519 ὁρώντων
3083 1449 3290 1525 μᾶλλον
3338 1451 3483 1508 εἶναι
3510 1448 3802 1516 διάκονος·

2151 1537 2238 1601 οὒς
2270 1538 2426 1603 αὖτὸς
2469 1540 2542 1599 ὡς
2576 1539 2727 1601 θεοὺς
2785 1539 3137 1614 πλανώμενος
3169 1539 3374 1620 σέϐεις,
3409 1542 3585 1599 λίθους
3616 1542 3802 1616 ὄντας,

2152 1629 2248 1682 ιιαὶ
2307 1626 2454 1702 ξύλα,
2521 1631 2607 1685 καὶ
2677 1630 2830 1707 κωφὰ
2888 1628 3015 1707 ἔργα
3063 1634 3156 1698 τῆς
3201 1633 3388 1710 χειρὸς
3433 1631 3799 1710 ἀνθρωπίνης,

2147 1717 2234 1772 καὶ
2290 1729 2410 1779 τοῖς
2443 1718 2752 1797 εὖφρονοῠσι
2796 1718 3054 1796 γελᾶσθαι
3112 1719 3320 1795 μᾶλλον
3377 1723 3412 1786 ἢ
3466 1735 3801 1796 προσκυνεῖ-

425 1811 672 1872 omnino
696 1808 982 1887 inanima,
1012 1813 1072 1868 et
1102 1803 1282 1865 surda
1312 1821 1494 1884 opera
1527 1819 1737 1863 manus
1769 1802 2043 1863 humana),

2149 1807 2266 1860 σθαι
2311 1805 2450 1870 ἄξια,
2500 1809 2607 1864 Οὔκ
2662 1806 2858 1885 ἤνεγκε
2917 1809 3016 1876 τὴν
3079 1807 3377 1887 παρρησίαν
3441 1809 3468 1865 6
3517 1809 3801 1886 βασιλεὺς,

423 1909 484 1962 et
512 1918 644 1982 quas
670 1899 745 1960 iis
774 1897 876 1974 qui
908 1895 1153 1976 sapiunt
1180 1902 1321 1954 sunt
1376 1892 1572 1982 potius
1603 1891 1858 1982 ridenda
1887 1912 2064 1973 quam

420 1980 746 2052 adoranda.
777 1985 905 2050 Non
930 1984 1064 2047 tulit
1081 1983 1407 2064 imperator
1429 1980 1672 2043 dicendi
1697 1981 2058 2050 libertatem.

419 2079 528 2141 sed
561 2077 764 2142 statim
798 2075 1157 2159 quibusdam
1185 2071 1605 2134 instrumentis
1634 2071 1922 2144 aaneis,ad
1955 2091 2055 2134 su-

417 2169 698 2232 mendum
719 2165 1077 2248 supplicium
1102 2161 1411 2236 confectis,
1416 2159 1588 2240 jubet
1611 2178 1796 2240 genas
1816 2161 2057 2242 quidem

416 2257 718 2321 verberari
750 2254 1396 2337 martyris,praaconem
1427 2262 1626 2312 autem
1656 2249 1787 2312 haec
1819 2252 2058 2331 procla-

417 2366 603 2412 mare:
629 2346 716 2409 Ne
738 2346 822 2408 sis
845 2345 1048 2424 lingua
1071 2342 1322 2404 nimium
1347 2340 1694 2421 profusus,o
1725 2339 2003 2420 Hermer
2039 2359 2053 2404 :

413 2439 643 2501 honora
677 2437 1126 2517 imperatorem,
1163 2431 1280 2494 diis
1312 2429 1604 2501 sacriﬁca,
1643 2437 1704 2492 et
1731 2429 1992 2492 liberare
2023 2450 2056 2492 a

409 2526 729 2610 supplicio.
757 2527 812 2586 ls
840 2533 1065 2596 autem,
1098 2519 1334 2610 etiamsi
1365 2525 1450 2581 sic
1478 2519 1922 2596 verberaretur,
1941 2541 2050 2602 pe-

409 2617 585 2680 rinde
607 2634 677 2677 ac
699 2616 750 2676 si
777 2614 928 2676 nihil
947 2612 1178 2675 subiret
1209 2609 1778 2688 molestum,contra
1800 2618 2049 2691 tyranno

407 2707 586 2769 etiam
631 2703 1033 2786 exprobrabat
1078 2699 1588 2777 imbecillitatem,
1624 2707 1694 2760 ut
1732 2701 1836 2781 qui
1881 2700 2046 2762 dubii

406 2796 796 2877 perplexique
812 2801 971 2854 esset
989 2789 1265 2865 animi,et
1283 2788 1460 2871 plane
1473 2789 1904 2853 victuszetideo
1925 2809 2046 2852 non

402 2903 579 2948 secus
609 2903 678 2946 ac
711 2883 888 2964 ii,qui
919 2889 1059 2944 sunt
1085 2879 1288 2961 pusilli
1320 2885 1380 2941 et
1402 2877 1618 2958 abjecti
1647 2879 1931 2954 animi,ex
1958 2881 2046 2944 ira

399 2976 656 3038 inferret
682 2972 1072 3054 supplicium.
1122 2969 1353 3032 Deinde
1400 2967 1578 3032 etiam
1611 2968 1867 3031 clariore
1899 2989 2043 3032 voce

399 3075 574 3128 utens
608 3087 622 3124 :
658 3061 1117 3144 Plagas,inquit,
1151 3077 1287 3138 qua;
1311 3076 1614 3140 nunquam
1647 3058 1952 3134 desinunt,
1985 3071 2042 3122 et

2151 1891 2272 1948 ἀλλ’
2328 1896 2522 1960 εὐθέως
2594 1897 2839 1974 ὀργανοις
2896 1899 3003 1954 τισὶ
3054 1897 3295 1977 χαλκοῖς
3355 1899 3488 1972 πρὸς
3531 1902 3803 1975 τιμωρίαν

2147 1982 2574 2063 ἐξειργασμένοις
2637 1986 2842 2042 κελεύει
2886 1988 2980 2050 τὰς
3028 1988 3284 2066 σιαγόνας
3340 1988 3439 2061 μὲν
3494 1990 3586 2044 τὸν
3647 1991 3800 2069 μάρ-

2144 2095 2274 2149 τυρα
2331 2077 2643 2145 τύπτεσθαι,
2689 2077 2779 2133 τὸν
2838 2074 2892 2132 δὲ
2929 2078 3137 2155 κήρυκα
3191 2085 3406 2135 τοιαῦτα
3439 2077 3740 2158 ἐπιφωνεῖν
3778 2096 3794 2111 ·

2143 2162 2332 2220 Φείδου
2387 2165 2452 2220 τὰ
2508 2164 2686 2221 πολλὰ
2741 2164 3017 2247 γλώττης,
3052 2159 3303 2243 Ἐρμύλε,
3353 2168 3479 2242 τίμα
3510 2171 3607 2224 τὸν
3635 2172 3798 2227 αὐτοι

2144 2252 2392 2332 κρατερα,
2441 2255 2530 2311 θῦε
2560 2269 2676 2318 τοῖς
2736 2259 2907 2332 θεοῖς,
2942 2260 3030 2313 καὶ
3073 2256 3418 2315 ἀπαλλάττου
3461 2263 3561 2323 τῆς
3605 2279 3792 2334 τιμωο

2140 2345 2276 2422 ρίας.
2339 2335 2394 2401 ’0
2455 2343 2510 2401 δὲ
2567 2347 2658 2403 καὶ
2701 2346 2840 2402 οὕτω
2882 2345 3238 2422 τυπτὸμενοε,
3290 2347 3472 2424 ὥσπερ
3527 2355 3636 2404 τῶν
3687 2347 3794 2404 λυ-

2139 2434 2383 2490 πούντων
2413 2433 2563 2491 οὐδὲν
2595 2436 2972 2515 ὅφιστᾶμενος,
3019 2438 3326 2494 τοῦναντίον
3384 2437 3481 2512 μὲν
3543 2437 3632 2494 οὖν
3691 2440 3793 2495 καί

2137 2522 2413 2581 ἀσθένειαν
2442 2523 2676 2597 ὠνείδιζε
2709 2529 2784 2584 τῶ
2814 2527 3076 2606 τυράννῳ,
3131 2526 3230 2583 οἶα
3259 2539 3380 2591 τοῖς
3432 2525 3579 2592 ὅλοις
3637 2527 3791 2585 ἀπο-

2131 2614 2374 2689 ρουμένῳ
2431 2613 2527 2670 καὶ
2583 2616 2888 2690 ἠττομένῳ,
2944 2618 3032 2672 καὶ
3095 2617 3230 2695 παρᾶ
3279 2623 3438 2674 τοῦτο
3509 2629 3629 2680 τοῖς
3682 2642 3786 2692 μι-

2128 2703 2426 2783 κροψύχοις
2458 2705 2658 2778 ὁμοίως
2689 2705 2806 2762 κατ’
2853 2705 3021 2783 ὀργὴν
3063 2705 3320 2783 ἐπάγοντι
3350 2706 3444 2771 τὰς
3486 2707 3782 2782 βασάνους.

2131 2796 2264 2849 Εἶτα
2321 2793 2418 2850 καῖ
2460 2792 2809 2874 λαμπροτέρα
2868 2795 3219 2875 χρησάμενος
3277 2801 3348 2872 τῇ
3391 2801 3569 2875 φωνῇ,
3620 2802 3779 2864 Πλη-

2129 2887 2263 2958 γὼδ,
2335 2882 2462 2962 ἔφη,
2518 2886 2763 2962 τύραννε,
2825 2890 2932 2940 τῶν
3003 2882 3280 2959 μηδέποτε
3338 2888 3623 2963 ληγουσῶν
3681 2889 3780 2942 χαί

2125 2970 2279 3026 θείων
2349 2975 2651 3052 πειραθήσῃ
2735 2973 2962 3053 χειεῶν,
3016 2971 3099 3029 ὅτι
3175 2973 3266 3030 τὸν
3350 2976 3656 3044 ποιήσαντα
3717 2998 3776 3032 σε

2124 3057 2436 3117 καταλιπὼν
2497 3074 2706 3141 κωφοῖς
2763 3064 2849 3117 καὶ
2909 3060 3130 3126 ἁλάλοις
3195 3061 3552 3141 προσανέχεις
3595 3066 3772 3136 θεοῖς,

399 3155 628 3217 divinas
681 3171 892 3215 manus
943 3149 1300 3232 experieris,
1364 3147 1524 3229 quod
1557 3167 1628 3211 eo
1654 3147 1844 3230 quite
1873 3148 2034 3225 fecit,

2128 3147 2220 3205 καὶ
2264 3150 2326 3204 τὸ
2368 3147 2432 3217 δὴ
2490 3149 2902 3230 χαλεπώτερον,
2947 3150 3031 3207 ὅτι
3067 3155 3162 3207 διαί
3191 3163 3309 3216 τοῖς
3355 3149 3540 3214 ἄλλοις
3583 3151 3772 3231 ὥσπερ

396 3243 632 3324 relicto,
667 3242 866 3306 surdis
897 3251 956 3305 et
1011 3240 1189 3302 mutis
1220 3239 1336 3300 diis
1365 3237 1643 3312 attendis,
1669 3245 1730 3301 et
1757 3239 1916 3320 quod
1948 3250 2039 3302 est

2128 3238 2423 3312 βασκαίνων
2483 3245 2582 3307 τῆς
2652 3242 2923 3317 σωτηρίας
2993 3243 3126 3320 πρὸς
3171 3240 3272 3308 τὴν
3316 3239 3452 3309 ἴσην
3493 3239 3774 3299 ἀπώλειαν

392 3332 652 3414 gravius,
687 3332 942 3394 aliorum
975 3328 1155 3391 veluti
1189 3326 1368 3389 saluti
1414 3325 1691 3389 invidens
1720 3327 2038 3391 contendis

392 3423 466 3487 ad
491 3423 772 3487 eumdem
804 3420 1048 3484 trahere
1081 3417 1418 3481 interitum.

463 3517 882 3590 lli.Postquam
896 3525 1082 3572 autem
1106 3514 1293 3569 visum
1314 3523 1398 3568 es;
1420 3511 1753 3582 imperatori
1771 3511 2034 3571 sumcere

389 3605 826 3676 supplicium,et
844 3603 916 3656 ita
941 3598 1162 3672 aliquid
1177 3599 1396 3656 remisit
1415 3599 1482 3652 de
1498 3598 1673 3655 nimia
1697 3599 2029 3665 acerbitate,

389 3689 570 3752 tradit
617 3696 940 3768 martyrem
972 3683 1230 3758 carceri,
1265 3691 1324 3745 et
1356 3691 1477 3745 tres
1507 3681 1638 3745 dies
1658 3684 1835 3762 jussit
1866 3684 1924 3745 in
1957 3703 2029 3748 eo

391 3775 1475 3861 manere,Fortasse,dicens,ducetur
1493 3775 1842 3855 poenitentia
1863 3794 2028 3839 vanae

387 3888 512 3932 suae
543 3867 1130 3951 pertinaciaeMartyr
1152 3865 1351 3944 itaque
1371 3864 1580 3926 abiens
1608 3867 1669 3927 in
1694 3883 2023 3943 carcerem,

385 3963 669 4035 psallebat
698 3977 714 4020 :
745 3961 1024 4019 Dominus
1062 3957 1204 4016 mihi
1247 3957 1491 4030 adjutor,
1523 3971 1635 4014 non
1675 3957 1866 4016 timebo
1889 3959 2028 4030 quid

379 4049 558 4124 faciat
589 4046 727 4105 mihi
765 4046 925 4103 homo
956 4045 995 4100 ί.
1049 4042 1307 4101 Dominus
1355 4041 1494 4100 mihi
1529 4041 1782 4112 adiutor,
1811 4060 1917 4101 non
1946 4046 2024 4102 ti-

382 4134 533 4193 mebo
562 4132 699 4207 quid
729 4133 900 4205 faciat
933 4129 1074 4188 mihi
1099 4142 1235 4186 caro
1253 4129 1432 4185 'Jam
1465 4137 1655 4186 autem
1689 4129 2024 4202 ingrediens

381 4221 725 4286 custodiam,
760 4217 866 4284 Qui
917 4217 1096 4291 pascis
1134 4215 1335 4286 Israel,
1365 4214 1612 4280 dicebat,
1644 4215 1877 4281 attende,
1928 4218 2022 4290 qui

378 4305 595 4364 deducis
625 4311 884 4378 tauquam
919 4317 1066 4360 onem
1090 4301 1306 4374 Ioseph.
1349 4296 1450 4366 Qui
1495 4297 1647 4358 sedes
1667 4315 1832 4374 super
1878 4302 2022 4361 Che—

376 4389 582 4460 rubim,
610 4389 966 4460 manifestare
994 4388 1060 4456 s;
1083 4395 1138 4444 et
1159 4384 1288 4444 veni
1311 4385 1378 4442 ad
1402 4397 1509 4442 nos
1537 4385 1874 4443 servandos.
1907 4387 2044 4444 Sedi'

378 4475 468 4538 sic
491 4473 739 4552 quidem
774 4479 1086 4554 martyr,et
1110 4471 1198 4534 sic
1227 4488 1361 4551 quae
1389 4478 1562 4532 erant
1587 4470 1784 4549 gravia
1805 4478 1862 4532 et
1893 4489 2018 4534 mo-

375 4568 548 4640 lesta,
582 4574 825 4646 propter
851 4564 1150 4629 Christum
1176 4563 1296 4645 pati
1317 4560 1800 4626 voluit.Christus
1815 4581 2011 4626 autem

374 4659 678 4740 quomodo
709 4678 774 4722 se
805 4657 1013 4721 habuit
1035 4665 1064 4721 ?
1094 4659 1245 4719 Num
1291 4655 1579 4718 famulum
1612 4657 2018 4740 contempsit?

371 4754 528 4818 Num
562 4754 664 4816 illo
698 4755 985 4836 patiente,
1017 4750 1282 4830 neglexit
1310 4751 1443 4830 ipse
1491 4749 2016 4814 consolationem?

369 4845 446 4911 Et
465 4847 766 4929 quomodo
789 4846 974 4909 fuerit
995 4845 1110 4908 hoc
1135 4845 1324 4906 nostri
1348 4843 1478 4920 Dei,
1506 4843 2013 4928 benignitatisque

370 4948 430 5002 et
461 4939 822 5016 clementim,
856 4957 989 5022 quae
1017 4955 1255 5001 omnem
1289 4945 1536 5018 superat
1563 4936 2015 5016 cogitationem?

367 5030 501 5093 Non
524 5049 667 5111 ergo
700 5031 920 5094 defecit
950 5047 1124 5110 opem
1156 5027 1496 5097 ferens.sed
1530 5027 1712 5090 etiam
1745 5029 2011 5092 incitavit

365 5119 439 5182 ad
473 5121 653 5182 animi
685 5119 1126 5194 fortitudinem,
1159 5127 1218 5180 et
1246 5117 1320 5180 ad
1355 5136 1492 5180 eum
1523 5116 1799 5198 angelum
1832 5119 2009 5182 mittit

365 5209 1145 5284 consolatorem,dicentem
1174 5227 1188 5270 :
1224 5207 1665 5289 Hermyle,esto
1696 5207 1854 5270 bono
1884 5211 2008 5271 ani-

365 5308 555 5375 mo,et
585 5300 710 5362 noli
740 5305 959 5363 timere
990 5315 1005 5358 :
1031 5299 1370 5379 loquere.et
1397 5296 1522 5384 noli
1543 5297 2005 5361 tacere.Decer-

363 5392 443 5458 ta,
483 5395 540 5450 et
563 5389 688 5451 noli
710 5388 1089 5452 timere.Mox
1108 5387 1271 5448 enim
1293 5386 1500 5449 vinces
1519 5387 1749 5468 tyranni
1774 5389 2005 5452 machi-

2037 4540 2083 4593 D

2119 3326 2340 3385 ἑλκῦσαι
2373 3327 2727 3408 φιλονεικεϊς.

2197 3495 2281 3570 Γ’.
2325 3507 2481 3567 Ἐπεὶ
2537 3505 2592 3564 δὲ
2633 3509 2830 3571 ἱκανῶς
2875 3505 3046 3574 ἔδοξεν
3089 3507 3242 3589 ἔχειν
3290 3514 3368 3583 τῷ
3414 3507 3637 3585 βασιλεῖ
3696 3509 3762 3566 τὰ

2113 3595 2210 3664 τῆς
2251 3597 2544 3678 τιμωρίας,
2606 3598 2695 3654 καὶ
2763 3599 2791 3654 6
2838 3598 3001 3672 θυμὸς
3058 3596 3203 3670 αὒτῷ
3244 3595 3352 3666 ἤδη
3395 3602 3496 3662 τῆς
3542 3597 3760 3667 πολλῆς

2112 3688 2438 3765 πικρότητος
2468 3685 2694 3745 ἐνεδίδου
2749 3685 3103 3765 δεσμωτηρίῳ
3157 3689 3252 3744 τὸν
3308 3687 3550 3767 μάρτυρα
3609 3710 3757 3766 παρ-

2110 3775 2300 3858 εδίδου,
2361 3779 2448 3834 καὶ
2503 3779 2579 3842 εἰς
2636 3779 2817 3854 τρίτην
2865 3777 2920 3834 εν
2980 3779 3121 3852 αὒτῷ
3172 3776 3385 3834 ἐγέλευε
3442 3775 3752 3855 διαμένειν,

2107 3867 2293 3941 Ἴσως,
2351 3867 2548 3946 λέγων,
2599 3868 2688 3924 καὶ
2744 3865 3118 3943 μεταμελήσοι
3169 3871 3316 3942 αὒτῷ
3369 3868 3472 3935 τῆς
3517 3870 3757 3943 ματαίας

2106 3957 2426 4021 ἐπιστάσεως.
2489 3946 2550 4014 ιΟ
2601 3953 2801 4034 μάρτυς
2843 3963 3126 4035 τοιγαροῦν
3179 3958 3314 4035 πρὸς
3378 3957 3478 4024 τὴν
3538 3957 3757 4034 εἱρκτὴν

2104 4046 2278 4104 ἀπιὼν
2329 4043 2534 4122 ἔψαλλε
2569 4061 2584 4077 ⁶
2637 4045 2824 4124 Κύριος
2877 4045 2998 4122 ἐμοὶ
3039 4046 3259 4122 βοηθὸς,
3319 4046 3411 4103 καὶ
3465 4045 3527 4102 οὗ
3569 4043 3756 4127 φοϐη-

2102 4138 2335 4210 θήσομαι
2418 4157 2470 4193 τι
2555 4136 2773 4206 ποιήσει
2855 4157 2947 4212 μοι
3006 4135 3282 4213 ἄνθρωπος
3316 4150 3331 4166 ⁸
3390 4135 3580 4214 Κύριος
3631 4135 3759 4213 ἐμοι

2101 4226 2322 4303 βοηθὸς,
2368 4226 2460 4282 καὶ
2511 4227 2572 4283 οὗ
2629 4221 3009 4304 φοϐηθήσομαι
3066 4225 3118 4280 τί
3168 4226 3397 4304 ποιήσει
3452 4247 3550 4300 μοι
3589 4225 3748 4304 σάρξ,

2104 4315 2298 4372 Είσιὼν
2377 4311 2432 4371 δὲ
2501 4312 2606 4382 ἤδη
2647 4303 2765 4381 τὴν
2822 4312 3091 4393 φυλακὴν,
3161 4303 3221 4372 Ὀ
3279 4317 3580 4390 ποιμαίνων
3653 4303 3752 4372 τὸν

2099 4403 2343 4485 Ἰσραὴλ,
2397 4403 2575 4485 ἔλεγε,
2620 4405 2861 4484 πρόσχες
2895 4419 2912 4436 ⁸
2975 4405 3004 4460 6
3063 4402 3274 4482 ὁδηγῶν
3331 4405 3469 4461 ὡσεὶ
3530 4400 3745 4478 πρόϐα-

2097 4517 2192 4552 τον
2243 4497 2336 4553 τὸν
2394 4489 2615 4574 Ἰωσὴφ,
2676 4495 2705 4550 6
2762 4495 3063 4568 καθήμενος
3140 4493 3229 4551 ἐπὶ
3281 4499 3388 4551 τῶν
3448 4491 3744 4572 Χερωὸἶμ,

2098 4585 2405 4666 ἐπιφάνηθι,
2451 4585 2540 4641 καὶ
2586 4583 2706 4640 ἐλθὲ
2749 4584 2824 4648 εἷς
2875 4585 2938 4640 τὸ
2987 4589 3159 4640 σῶσαι
3188 4585 3360 4658 ἡμᾶς,
3392 4581 3548 4641 Ἀλλ’
3580 4586 3607 4640 ὁ
3637 4583 3747 4657 μὶν

2096 4674 2296 4752 μάρτδς
2354 4673 2548 4746 οὕτως,
2607 4672 2696 4729 καὶ
2749 4670 2891 4730 οῧτω
2943 4672 3013 4728 τὰ
3071 4672 3284 4750 Λυπηρή
3361 4672 3594 4751 πάσχειν
3643 4667 3736 4726 διὰ

2096 4765 2322 4842 Χριστὸν
2353 4763 2654 4842 προῄρητο.
2703 4752 2762 4819 Ὀ
2812 4759 2869 4816 δὲ
2916 4763 3140 4840 Χριστὸς
3177 4765 3299 4840 εἶχε
3331 4763 3447 4826 πῶς
3479 4775 3496 4836 ;
3527 4759 3606 4836 μὴ
3635 4757 3744 4839 ἄρα

2093 4861 2187 4911 τοῦ
2241 4853 2560 4933 θεράποντος
2635 4849 2944 4931 ὠλιγώρεις
3005 4850 3084 4927 μή
3158 4849 3364 4908 ἐκείνου
3421 4849 3744 4930 πάσχοντος

2093 4945 2252 5008 αὐτὸς
2295 4941 2487 5018 ἡμέλει
2543 4947 2642 5010 τῆς
2699 4939 3145 5022 παραιλήσεωςς
3209 4941 3302 4999 καὶ
3361 4946 3479 5005 πῶς
3529 4941 3594 4997 ἃν
3645 4939 3745 5008 εἴη

2093 5040 2248 5092 τοῦτο
2305 5040 2400 5091 τοῦ
2457 5031 2719 5110 ἡμετέρου
2763 5038 2918 5111 Θεοῦ,
2951 5031 3040 5087 καὶ
3086 5036 3188 5099 τῆς
3232 5031 3406 5089 πάντα
3463 5036 3586 5088 νοῦν
3629 5030 3742 5088 ὓπ-

2091 5125 2389 5204 ερεχούσης
2442 5121 2836 5202 φιλανθρωπίας
2872 5142 2889 5197 ς
2935 5124 3044 5180 Οὔκ
3086 5123 3178 5177 οῦν
3234 5120 3466 5178 ἀπέλιπε
3493 5120 3739 5196 βοηθῶν,

2090 5212 2230 5270 ἀλλὰ
2284 5214 2415 5292 πρὸς
2468 5209 2682 5290 ἀνδρίαν
2726 5207 3024 5292 διερεθίζων
3065 5212 3158 5287 ἦν,
3189 5211 3279 5268 καὶ
3325 5209 3562 5289 ἄγγελον
3593 5209 3745 5267 αῦτὼ

2090 5289 2435 5382 παράκλητον
2507 5289 2828 5377 ἐπιπέμπει,
2914 5289 3167 5379 Ἐρμῦλε,
3247 5297 3499 5378 λέγοντα,
3559 5298 3744 5378 θάρῤει

2087 5395 2176 5450 καὶ
2219 5392 2299 5469 μὴ
2355 5389 2540 5472 φοϐοῦ,
2602 5389 2755 5448 λάλει
2798 5390 2888 5447 καὶ
2938 5389 3018 5465 μὴ
3078 5389 3280 5469 σιώπα,
3341 5388 3606 5468 ἀγωνίζου
3651 5393 3746 5447 καὶ

365 5491 471 5537 nas
490 5486 549 5540 et
565 5478 827 5558 desuper
857 5478 1015 5539 feres
1035 5475 1381 5558 praeclaram
1405 5494 1689 5540 coronam
1715 5481 1996 5559 martyrii,

2129 5483 2166 5550 ἦ
2209 5480 2405 5541 δειλία.
2469 5481 2725 5551 Νικήσεις
2779 5480 2881 5560 γὰρ
2923 5477 3048 5536 ὅσον
3118 5477 3269 5536 οῧπω
3319 5478 3414 5542 τὰς
3470 5479 3742 5558 μηχανὰς

445 5663 465 5715 t
503 5659 656 5724 Psal.
690 5674 870 5740 CXVII,
905 5663 965 5725 6.
1052 5663 1080 5705 ⁸
1111 5662 1264 5725 Psal.
1307 5679 1403 5740 ιτ,
1434 5665 1495 5725 5.
1579 5666 1611 5716 5
1639 5667 1797 5730 Psal.
1830 5686 2032 5750 anx,
2064 5675 2122 5737 3.
