4018 6136
278 298 397 372 557

1247 307 1435 376 VITA
1478 311 1579 376 SS.
1628 307 1984 375 HERMYLI
2033 305 2127 374 ET
2194 306 2686 375 STRATONICI.

3528 309 3650 382 558

272 449 365 501 τοῦ
412 444 696 522 τυράννου,
757 447 846 504 καί
898 446 1269 526 λαμπρότερον
1335 446 1532 504 ἄνωθεν
1607 454 1776 524 κομιῇ
1822 453 1909 504 τοῦ

1998 443 2098 508 Sic
2126 443 2285 507 Deus
2317 451 2508 503 armat
2567 439 2760 522 potius
2816 441 3102 505 adversus
3161 449 3509 524 tyrannum,
3545 447 3647 527 qui

265 534 557 611 μαρτυρίου
615 533 894 616 στέφανον,
959 533 1140 599 Οὕτως
1193 535 1406 608 ὀπλίζεν
1460 538 1589 603 Θεὸς
1631 537 1768 593 κατὰ
1825 541 1918 592 τοῦ

261 619 496 699 ἀφανοῦς
561 622 769 698 μᾶλλον
815 624 1090 705 τυράννου,
1163 623 1301 682 οὕτω
1355 626 1707 705 περιζώννυσι
1758 622 1918 682 δύνα·

260 731 377 789 μιν,
438 713 534 768 καί
593 709 826 770 διδάσκει
875 713 974 790 μὲν
1028 715 1100 776 εἰς
1185 713 1423 790 πόλεμον
1483 728 1704 796 χεῖρας,
1767 714 1918 780 τόξον

257 796 312 854 δὲ
400 799 656 879 χαλκοῦν
725 803 900 871 τίθησι
981 804 1103 868 τοὺς
1176 804 1492 885 βραχίονας,
1579 804 1669 862 καί
1750 805 1915 882 ὓπερ-

257 890 538 971 ασπισμὸν
570 887 751 947 δίδωσι
785 893 1079 971 σωτηρίας.

341 966 427 1037 Δ’.
463 979 623 1037 Μετὰ
668 991 791 1058 γοῦν
841 966 952 1048 τὴν-
971 982 1154 1060 τρίτην
1201 981 1432 1060 ἡμέραν,
1481 983 1726 1060 βήματος
1769 981 1914 1044 αὖθις

262 1067 621 1138 προτεθέντος
679 1075 756 1142 τῷ
807 1070 1052 1151 Λικινίῳ,
1100 1072 1194 1128 τὸν
1246 1075 1391 1128 θεῖον
1423 1071 1684 1150 Ἐρμύλον
1730 1072 1916 1128 αὐτίκα

256 1157 780 1238 παραστησάμενος,
825 1157 900 1216 ’Ἠ
960 1180 1061 1216 που
1117 1159 1216 1215 κᾶν
1253 1155 1371 1236 ἄρτι
1402 1163 1554 1216 θυσαι
1591 1171 1710 1220 τοῖς
1768 1161 1912 1218 θεοῖς

261 1243 532 1325 ἔγνωκας,
591 1249 780 1328 φησίν,
839 1249 926 1304 καί
980 1254 1090 1305 τῶν
1139 1248 1492 1324 ἐπικειμένων
1546 1246 1750 1327 φόϐων,
1809 1253 1916 1303 τῶν

260 1332 528 1410 ἀπειλῶν,
597 1339 706 1392 tein
762 1335 1022 1394 masmv
1081 1336 1463 1416 ἀπαλλαγῆναι
1493 1354 1509 1411 ;
1540 1338 1576 1406 ἢ
1622 1339 1758 1393 κατὰ
1785 1359 1918 1414 κρη-

260 1434 392 1498 μνοῦ
421 1425 568 1504 φέρῃ
601 1427 693 1482 καί
741 1425 818 1483 ’ἐτι
853 1443 871 1502 ;
919 1428 1009 1484 καί
1044 1428 1081 1494 ἡ
1123 1427 1258 1497 αὐτή
1309 1447 1366 1484 σε
1399 1427 1562 1484 πάλιν
1593 1425 1745 1485 εἶλεν
1774 1425 1916 1482 ἁπό-

260 1534 402 1593 νοια,
464 1517 607 1592 πρὸς
665 1523 834 1574 ταῦτα
915 1515 1062 1592 μάλα
1147 1517 1404 1594 γενναίως
1463 1518 1491 1572 6
1548 1525 1641 1574 τοῦ
1689 1515 1918 1594 Χριστοῦ

261 1606 614 1680 στρατιώτης
645 1605 734 1660 καί
778 1602 917 1670 ἄξιος
977 1609 1070 1661 τοῦ
1098 1603 1278 1670 καλῶς
1309 1603 1519 1663 ἐκεῖνον
1547 1603 1864 1668 ὓπλίσαντος
1896 1619 1910 1635 ⁸

256 1690 397 1758 ἅπαξ
427 1692 782 1770 ἆπειπάμην,
836 1694 964 1773 ἔφη,
1004 1693 1249 1774 βασιλεῦ,
1282 1695 1372 1752 καί
1423 1695 1536 1775 χρὴ
1594 1707 1715 1758 τοῖς
1775 1714 1915 1772 προ-

1999 553 2118 596 non
2152 541 2420 614 apparet.
2448 533 2547 595 Sic
2573 531 2832 610 accingit
2863 531 3081 594 virtute
3111 541 3172 594 et
3203 533 3373 597 docet
3403 535 3648 615 quidem

1999 641 2216 687 manus
2271 623 2354 684 ad
2415 620 2662 696 bellum,
2725 621 3088 684 daturcum
3123 630 3334 686 autem
3355 642 3593 688 aeneum
3625 646 3644 687 .-

1997 714 2171 795 ponit
2209 712 2466 775 brachia
2496 716 2551 773 et
2577 712 2860 791 clypeum
2891 711 3116 774 salutis
3144 713 3196 774 4.

2078 978 2323 1042 IV.Post
2344 979 2584 1042 tertium
2607 987 2770 1042 certe
2793 978 3122 1060 diem,cum
3148 978 3406 1042 tribunal
3431 997 3646 1043 ascen-

2000 1069 2186 1132 disset
2221 1068 2788 1148 Licinius,protinus
2810 1068 3012 1130 divino
3040 1068 3300 1133 adducto
3318 1065 3599 1152 Hcrmylo
3629 1091 3642 1133 :

1997 1157 2150 1221 Num
2180 1160 2379 1230 modo,
2413 1158 2634 1238 inquit,
2667 1157 2929 1218 statuisti
2962 1158 3075 1218 diis
3107 1157 3541 1236 sacriﬁcare,et
3569 1157 3644 1221 ab

1999 1247 2455 1309 imminentibus
2485 1246 3145 1328 terroribus,minisque
3181 1256 3239 1309 et
3268 1248 3556 1328 periculis
3576 1249 3646 1312 li-

2001 1338 2230 1398 berari?
2257 1340 2348 1399 An
2373 1336 2594 1409 adhuc,
2627 1335 2843 1418 inquit,
2875 1336 3052 1398 ferris
3079 1355 3187 1417 per
3218 1337 3640 1418 praecipitium,

2000 1435 2062 1488 et
2085 1427 2295 1488 eadem
2327 1443 2537 1487 rursus
2569 1431 2624 1486 te
2646 1427 2808 1505 cepit
2829 1425 3122 1489 amentia?
3145 1425 3234 1486 Ad
3261 1425 3387 1488 haec
3411 1425 3646 1488 fortiter

1998 1514 2321 1576 admodum
2356 1514 2579 1576 Christi
2612 1513 2807 1588 miles,
2835 1523 2894 1577 et
2917 1533 3026 1595 pro
3056 1513 3345 1594 dignitate
3377 1516 3642 1597 ejus,qui

1998 1604 2168 1666 illum
2192 1612 2526 1666 armaverat
2557 1624 2571 1666 :
2597 1602 2824 1678 Semel,
2860 1603 3206 1686 inquit,dixi
3239 1602 3413 1680 tibi,o
3443 1604 3642 1687 impe-

1997 1701 2180 1766 rator,
2212 1702 2272 1755 et
2314 1699 2556 1775 oportet
2586 1700 2932 1755 contentum
2961 1693 3289 1772 prioribus,
3321 1695 3396 1756 de
3425 1694 3642 1758 iisdem

257 1777 430 1857 τέροις
462 1781 760 1859 στέρξαντα
822 1781 1018 1856 μηκέτι
1071 1783 1190 1861 περί
1243 1785 1348 1838 τῶν
1397 1783 1571 1839 αὗτῶν
1604 1786 1756 1848 αὖθις
1785 1782 1909 1839 ἀνα·

1999 1803 2117 1845 nun
2145 1801 2382 1844 movere
2405 1782 2684 1864 amplius.
2721 1781 2999 1845 Estenim
3028 1783 3175 1845 mihi
3200 1783 3362 1846 Deus
3383 1789 3442 1846 in
3476 1784 3644 1848 caelis

256 1870 460 1932 κινεῖν.
528 1870 690 1928 Ἐστι
733 1872 835 1950 γάρ
894 1894 986 1948 μοι
1020 1872 1152 1934 Θεὸς
1184 1871 1239 1928 έν
1271 1872 1500 1952 οὐρανῷ,
1533 1873 1578 1947 ᾧ
1606 1875 1706 1952 ζῶ,
1752 1872 1841 1928 καί
1868 1872 1913 1946 ᾧ

254 1960 394 2034 θῦμα
452 1965 836 2039 προσαγαγεῖν
876 1961 1105 2036 ἐμαυτὸν
1165 1962 1240 2026 ὡς
1270 1963 1440 2039 τάχος
1472 1958 1789 2041 ἐπείγομαι,
1823 1961 1914 2018 καί

256 2045 381 2127 παρ’
439 2048 504 2107 οὗ
565 2050 826 2129 μεγίστην
880 2049 1022 2118 ἥξειν
1065 2072 1160 2126 μοι
1190 2049 1473 2130 προσδοκῶ
1502 2051 1602 2120 τὴν
1632 2053 1908 2128 βοήθειαν.

255 2139 456 2196 Οὐκοῦν
520 2137 648 2220 ἴδω,
710 2140 872 2220 φησίν
927 2141 955 2196 6
1012 2139 1290 2220 βασιλεὺς,
1322 2141 1367 2197 εἰ
1425 2142 1452 2197 6
1505 2141 1630 2207 τοὺς
1663 2142 1911 2219 οὐρανοὺς

256 2226 418 2283 οἰκῶν
449 2229 613 2292 οὗτος
667 2227 814 2286 ἔσται
873 2251 958 2287 σοι
1010 2229 1230 2306 βοηθός.
1299 2230 1396 2287 Καί
1439 2229 1625 2287 αὐτίκα
1677 2228 1907 2310 ἐκέλευε,

256 2316 346 2372 καί
373 2315 571 2398 ἄνδρες
629 2316 683 2384 ἓξ
737 2319 799 2375 τὸ
855 2316 1272 2394 κεκελευσμένον
1320 2318 1678 2399 ἁρπάσαντες,
1731 2317 1912 2399 ἄνδρες

259 2405 540 2483 ῥωμαλέοι
569 2407 668 2472 τὰς
697 2408 922 2488 χεῖρας,
955 2409 1186 2477 ἀπηνεῖς
1223 2409 1326 2477 τὴν
1381 2409 1591 2488 ψυχὴν,
1623 2409 1806 2489 τόνιόν
1860 2432 1912 2467 τι

260 2496 348 2552 καί
391 2498 628 2572 μανικὸν
685 2497 957 2579 πνέοντες,
1013 2499 1151 2555 κατὰ
1201 2501 1306 2577 γῆς
1353 2499 1447 2554 τὸν
1493 2499 1733 2577 μάρτυρα
1790 2496 1912 2556 δια-

265 2585 565 2667 τείναντες,
624 2584 834 2664 ῥάϐδοις
887 2585 1077 2656 ἤκισον
1131 2587 1451 2663 ὠμοτάτως.
1518 2586 1754 2645 Ἐκεῖνοι
1813 2589 1910 2663 μὲν

265 2675 352 2730 οῦν
413 2674 593 2739 οὕτως
663 2679 874 2736 ἱποίουν
929 2681 1145 2756 φθαρτῷ
1200 2675 1418 2754 βασιλεῖ
1473 2676 1571 2745 τὴν
1631 2677 1912 2756 θεραπείαν

267 2765 658 2847 προσάγοντες,
720 2769 748 2823 6
807 2767 1008 2845 μάρτυς
1063 2765 1300 2843 καθάπερ
1371 2763 1517 2822 οῦδὲν
1577 2764 1720 2843 ἔχων
1779 2767 1910 2839 πρὸς

270 2853 364 2919 τὴν
420 2855 568 2911 οὕτω
611 2856 932 2934 πάσχουσαν
960 2855 1150 2933 σάρκα,
1187 2853 1306 2913 οὔτε
1336 2854 1445 2928 μὴν
1489 2851 1774 2930 λαμϐάνῶν
1803 2857 1910 2910 τῶν

269 2939 462 2997 ὀδυνῶν
521 2943 764 3002 αἵσθεσιν
793 2991 811 3018 ,
886 2941 1053 3009 ἀδεῶς
1110 2943 1248 3000 πάνυ
1300 2945 1389 2999 καὶ
1446 2942 1716 3022 ἡρεμαίως
1775 2943 1914 3023 εὒχῇ

268 3032 608 3108 προσέκειτο,
641 3035 732 3091 καὶ
763 3038 881 3107 Θεῷ
910 3045 1228 3112 προσεῖχεν.
1267 3021 1330 3090 Ἠ
1361 3030 1416 3088 δὲ
1447 3021 1587 3112 εὖχὴ
1617 3033 1685 3098 ἦν
1721 3050 1738 3068 ’

346 3120 431 3181 Ε¹.
503 3123 658 3202 Κύριε
705 3129 732 3180 6
777 3120 908 3186 Θεᾶς
950 3144 1078 3202 μου,
1141 3125 1168 3178 6
1227 3119 1294 3178 δι’
1351 3121 1446 3198 ἐμὲ
1503 3121 1767 3200 μάστιγας
1814 3120 1908 3178 ἐπί

271 3211 486 3267 Ποντίου
543 3211 777 3272 Πιλάτου
833 3213 921 3269 καὶ
981 3212 1197 3290 πληγὰς
1245 3211 1560 3288 ὑπομείνας,
1608 3212 1766 3274 αὒτὸς
1827 3208 1910 3266 διὰ

278 3295 336 3352 σὶ
385 3299 545 3357 πάλιν
622 3301 716 3378 ἐμὲ
787 3301 1096 3381 πάσχοντα,
1159 3301 1250 3358 τὸν
1322 3299 1559 3375 παρόντα
1628 3297 1909 3356 τελειῶσαι

285 3382 469 3462 δρόμον
520 3389 797 3471 ἐνίσχυσον
827 3409 840 3422 ·
891 3392 964 3451 ὡς
1004 3389 1066 3445 ἂν
1111 3384 1459 3461 κοινωνήσας
1504 3411 1597 3446 σου
1647 3395 1742 3446 τοῦ
1799 3390 1908 3445 πά-

290 3476 426 3552 θους,
457 3476 655 3544 ἀξιωθῶ
697 3481 955 3545 κοινωνὸς
1012 3478 1254 3558 γενέσθαι
1308 3480 1404 3536 καὶ
1452 3478 1552 3548 τῆς
1582 3478 1908 3556 λαμπρότη-

286 3582 392 3626 τος.
424 3568 519 3625 Καὶ
545 3570 762 3636 τοιαύτη
807 3569 906 3645 μὲν
942 3571 972 3637 ἡ
1031 3569 1200 3648 εὗχὴ,
1234 3568 1388 3649 φωνὴ
1417 3565 1473 3624 δὲ
1505 3569 1652 3631 εὔθὺς
1685 3567 1912 3634 ἠκούετο

280 3650 465 3713 ἄνωθεν
498 3671 514 3687 ⁸
575 3657 778 3739 ’Δμήν,
853 3657 1019 3734 ἀμὴν,
1111 3649 1360 3736 Ἐρμύλε,
1442 3657 1694 3737 λέγουσα,
1774 3657 1911 3732 μετὰ

274 3758 417 3820 τρεῖς
486 3747 684 3812 ταύτας
752 3749 982 3826 ἡμέρας,
1041 3746 1407 3827 ἀπαείλαγήσῃ
1464 3748 1562 3824 μὲν
1606 3769 1714 3803 των
1763 3767 1909 3824 παρ-

273 3833 438 3892 όντων
467 3835 723 3914 ἆνιαρῶν,
755 3835 1002 3913 δαψιλεῖς
1057 3834 1112 3892 δὲ
1155 3837 1283 3915 παρ’
1327 3837 1458 3912 ἐμοῦ
1487 3837 1573 3894 καὶ
1599 3835 1908 3916 φιλοτίμους

270 3918 422 4002 λήψῃ
450 3928 557 3983 τῶν
614 3927 794 3984 πόνων
847 3927 940 3990 τὰς
1000 3923 1250 4003 ἂμοιϐάς.
1289 3927 1387 3984 Καὶ
1434 3927 1468 3994 ἡ
1515 3929 1669 4008 φωνὴ
1719 3925 1908 4004 Θάρσος

263 4012 358 4087 μὲν
401 4013 542 4072 πολὺ
569 4021 647 4091 τῷ
674 4016 898 4096 μάρτυρι
956 4020 1045 4072 καὶ
1092 4014 1302 4092 ἀνδρίαν
1331 4015 1515 4090 ἐνῆκε,
1544 4028 1663 4080 τοῖς
1695 4013 1906 4090 δημίοις

260 4098 312 4157 δὲ
354 4100 528 4160 δεινὸν
583 4102 829 4162 ὶπέσεισε
886 4103 1075 4185 φόϐον,
1105 4106 1195 4162 καὶ
1244 4105 1376 4182 πρὸς
1408 4109 1512 4183 γῆν
1544 4105 1722 4182 ἀθρόοι
1769 4125 1904 4160 κατ-

259 4193 571 4272 ενεχθέντες
628 4194 926 4275 ὑπότρομοι
968 4194 1165 4258 πάντες
1210 4193 1373 4268 ἦσαν,
1423 4191 1530 4251 οὐδ’
1590 4194 1748 4251 αὐτοῦ
1798 4193 1904 4270 βα-

257 4280 450 4349 σιλέως
532 4285 619 4340 καὶ
703 4290 811 4343 τῶν
890 4283 1071 4346 ἄλλων
1147 4283 1473 4365 φεισαμένου
1533 4291 1622 4341 τοῦ
1678 4283 1902 4360 πάθους,

256 4369 396 4428 ἀλλὰ
465 4373 670 4438 πάντας
751 4372 940 4442 ὶπίσης
1002 4375 1140 4449 ὁμοῦ
1193 4371 1486 4452 διαθέντος,
1543 4372 1643 4430 κᾶν
1697 4371 1904 4437 ἐκεῖνος

257 4459 583 4540 τυφλώττων
640 4461 746 4519 ὑπὸ
789 4463 888 4530 τῆς
939 4460 1208 4528 εὐσεϐείας
1265 4463 1356 4520 καὶ
1410 4462 1676 4541 βαρύτατα
1719 4482 1906 4538 μεμηη

260 4551 366 4614 νὼς
395 4549 492 4607 οὒκ
545 4549 821 4624 ἠϐουλήθη
865 4553 1097 4610 συνιέναι
1151 4558 1244 4609 τοῦ
1298 4551 1607 4630 ἆγαθοῦναι,
1639 4550 1757 4610 οὐδὲ
1800 4533 1975 4609 κα-Ῑ)

260 4641 349 4713 adq
406 4639 781 4721 προσώχθισε,
835 4642 898 4698 τὸ
951 4643 1047 4699 τοῦ
1126 4641 1267 4698 θείου
1328 4637 1489 4698 Δαϐὶδ
1541 4641 1725 4721 φάναι,
1785 4638 1903 4697 οὖδέ

261 4729 458 4806 μικράν
500 4751 618 4787 τινα
671 4737 766 4788 τοῦ
803 4741 968 4790 ταῦτα
1025 4734 1551 4811 θαυματουργοῦντος
1608 4737 1742 4787 Θεοῦ
1801 4729 1905 4788 λα-

260 4816 378 4881 ϐεῖν
436 4817 676 4896 ἔννοιαν,
738 4818 877 4878 ἀλλὰ
930 4819 1144 4901 φυλακῇ
1196 4822 1285 4879 καὶ
1344 4820 1489 4885 αὖθις
1550 4819 1775 4900 ζοφώδει
1819 4822 1908 4879 καὶ

261 4907 511 4986 ἀλαμπεῖ
531 4910 623 4966 τὸν
653 4910 892 4991 μάρτυρα
921 4909 1220 4989 παρεδίδου.

343 5083 448 5162 ς’.
513 5085 662 5156 Πλὴν
721 5085 860 5144 ἀλλᾶ
902 5085 1194 5169 προσέχειν
1223 5091 1300 5163 τῷ
1329 5087 1475 5166 λόγῳ
1505 5088 1767 5167 προσήκει
1811 5088 1903 5146 τὸν

264 5183 405 5252 νοῦν,
465 5179 557 5236 καὶ
585 5179 686 5246 τῆς
734 5179 831 5235 τοῦ
881 5185 1012 5238 Θεοῦ
1040 5181 1228 5260 σοφίας
1254 5179 1318 5236 τὸ
1345 5177 1646 5257 ἂπόῤῥητον
1675 5178 1903 5238 ἐννοεῖν.

263 5265 452 5326 Ἔνθεν
482 5269 584 5348 γὰρ
613 5267 704 5324 καί
731 5268 1058 5346 προσκόπτει
1105 5270 1167 5325 τὸ
1197 5274 1289 5326 τοῦ
1321 5267 1486 5347 λόγου
1519 5266 1902 5349 χαριέστατον,

264 5355 356 5435 καί
401 5355 685 5418 συνάπτειν
742 5355 863 5426 ἥκει
932 5365 1010 5434 τῷ
1066 5355 1276 5434 ἀθλητῇ
1326 5359 1418 5414 τὸν
1479 5356 1902 5435 συστρατιώτην.

269 5433 328 5503 ’0
375 5445 475 5527 γάρ
533 5469 617 5506 τοι
676 5447 768 5505 τὸν
847 5446 1004 5526 ἅγιον
1071 5433 1368 5513 πιστευθείς
1423 5433 1666 5528 φυλακῆς
1723 5445 1902 5527 ἕνεκα,

346 5631 378 5685 4
405 5630 567 5698 Psal.
603 5647 749 5710 xm,
779 5631 881 5710 35,
913 5634 1013 5698 36.
1099 5635 1132 5688 5
1162 5631 1319 5698 Psal.
1353 5647 1536 5710 xxxv,
1569 5634 1628 5695 3.

1996 1873 2089 1936 cui
2113 1873 2226 1935 soli
2265 1872 2419 1948 vivo,
2452 1881 2510 1935 et
2531 1872 2626 1934 cui
2651 1891 2785 1934 mox
2809 1890 2905 1934 me
2927 1872 3124 1954 ipsum
3148 1873 3402 1936 hostiam
3426 1875 3646 1938 offerre

1998 1981 2276 2044 propero:
2305 1971 2414 2024 eta
2436 1981 2554 2040 quo
2578 1979 2756 2042 spero
2783 1961 3106 2024 maximum
3131 1973 3449 2025 venturum
3472 1965 3642 2026 auxi-

1996 2049 2424 2114 lium.Videam
2444 2051 2818 2133 ergo,inquit
2842 2051 3278 2132 imperator,an
3303 2052 3485 2133 is,qui
3515 2071 3643 2116 coe-

1998 2140 2085 2202 los
2113 2140 2364 2215 habitat,
2398 2142 2545 2202 satis
2566 2140 2674 2203 tibi
2693 2141 2905 2204 afferet
2924 2140 3494 2223 auxilii.Statimque
3507 2144 3645 2222 jus-

1994 2230 2162 2305 sit,et
2177 2230 2284 2291 viri
2309 2249 2412 2292 sex
2433 2229 2844 2311 raptim,quod
2863 2231 3018 2311 jussi
3040 2231 3648 2314 fuerant,exsequen-

1994 2319 2218 2393 tes,viri
2253 2318 2531 2381 manibus
2559 2318 3093 2396 robusti,immites
3121 2327 3180 2382 et
3209 2320 3493 2383 crudeles
3513 2328 3646 2383 'ani-

1996 2427 2116 2484 mo,
2153 2409 2377 2471 caedem
2413 2419 2470 2471 et
2491 2408 2755 2471 furorem
2790 2409 3256 2489 spirantes,cum
3289 2411 3457 2473 humi
3493 2429 3646 2474 mar-

1996 2506 2182 2580 tyrem
2217 2498 2844 2580 extendissent,virgis
2864 2497 3174 2562 caedebant
3194 2499 3642 2564 crudelissime.

1993 2587 2187 2668 Atque
2211 2587 2296 2649 illi
2323 2587 2568 2668 quidem
2597 2592 2682 2649 sic
2714 2587 3042 2664 faciebant,
3080 2587 3320 2650 mortali
3348 2589 3476 2669 regi
3507 2607 3648 2653 ser-

1995 2676 2224 2740 vientes
2258 2679 2476 2759 Μαι-ψ·
2502 2685 2699 2739 autem
2735 2677 2989 2759 perinde
3018 2697 3088 2741 ac
3123 2681 3172 2740 si
3203 2678 3356 2740 nihil
3385 2679 3645 2743 haberet

1997 2785 2316 2828 commune
2340 2786 2476 2828 cum
2519 2785 2724 2847 carne,
2760 2786 2892 2848 quae
2923 2768 3011 2830 sic
3044 2767 3407 2848 patiebatur,
3438 2787 3636 2847 neque

1995 2856 2271 2918 dolorum
2306 2857 2492 2918 ullum
2524 2874 2770 2918 sensum
2819 2865 3083 2936 caperet,
3120 2857 3322 2938 quiete
3352 2877 3635 2938 perseve-

1995 2944 2162 3006 rabat
2191 2944 2252 3006 in
2281 2945 2579 3022 oratione,
2608 2953 2668 3008 et
2698 2945 2820 3008 Deo
2865 2945 3232 3009 attendebat.
3266 2945 3406 3009 Haec
3435 2955 3634 3010 autem

1995 3043 2126 3095 erat
2160 3033 2347 3095 oratio
2380 3051 2393 3092 :

2075 3121 2408 3186 V.Domine
2431 3123 2590 3186 Deus
2615 3142 2805 3199 meus,
2833 3123 2936 3204 qui
2960 3123 3206 3205 propter
3225 3143 3319 3187 me
3344 3125 3454 3187 sub
3471 3124 3635 3188 Pon-

1997 3211 2074 3275 tio
2099 3213 2288 3276 Pilato
2319 3213 2550 3292 ﬂagella
2583 3221 2641 3274 et
2674 3212 2875 3292 plagas
2908 3212 3340 3294 tolerasti,ipse
3373 3233 3465 3276 me
3494 3233 3634 3276 rur-

1992 3318 2093 3362 sus
2125 3309 2372 3382 propter
2395 3309 2451 3362 te
2484 3302 2806 3382 patientem
2835 3301 3221 3377 conﬁrma,ut
3251 3302 3473 3382 possim
3506 3321 3636 3366 cur-

1992 3409 2122 3452 sum
2151 3399 2504 3468 prmsentem
2533 3391 2922 3471 perficere,ut
2943 3409 3080 3451 cum
3107 3391 3307 3452 socius
3322 3391 3493 3453 fuero
3509 3411 3637 3472 per-

1994 3478 2314 3560 pessionis,
2348 3479 2563 3558 dignus
2595 3497 2834 3560 quoque
2863 3479 3110 3560 sim,qui
3145 3479 3486 3561 splendoris
3515 3481 3637 3544 eili-

1993 3568 2120 3631 ciar
2139 3568 2441 3632 socius.Et
2463 3569 2594 3630 talis
2606 3569 2848 3650 quidem
2877 3568 2988 3630 fuit
3009 3569 3142 3649 ejus
3164 3568 3511 3632 oratio.Vox
3531 3588 3635 3632 au-

1993 3665 2109 3720 tem
2147 3663 2418 3739 protinus
2447 3657 2653 3720 audita
2676 3667 2765 3720 est
2804 3657 3092 3738 desuper,
3129 3658 3341 3721 dicens
3368 3677 3383 3723 :
3415 3659 3632 3735 Amen,

1991 3751 2626 3826 Amen,ﬂermyle,post
2646 3762 2760 3810 tres
2779 3752 2902 3808 dies
2927 3751 3268 3811 liberaberis
3290 3767 3318 3810 a
3341 3755 3636 3824 praesenti-

1993 3836 2108 3900 bus
2133 3837 2443 3899 molestiis:
2472 3837 2790 3919 praeclaras
2811 3847 3012 3899 autem
3038 3847 3097 3899 et
3115 3838 3461 3917 magniﬁcas
3482 3840 3636 3901 acci-

1992 3927 2119 4008 pies
2149 3929 2534 4008 praesentium
2559 3927 2826 3989 laborum
2847 3928 3394 3991 remuneratioues.
3427 3927 3496 3990 Et
3525 3948 3634 3991 vox

1988 4017 2230 4098 quidem
2255 4017 2495 4098 martyri
2516 4035 2788 4096 magnam
2816 4017 3013 4079 attulit
3033 4017 3341 4080 audaciam
3366 4028 3424 4080 et
3447 4018 3632 4081 animi

1987 4105 2418 4168 fortitudinem:
2445 4106 2756 4168 lictoribus
2770 4113 2967 4168 autem
2995 4124 3274 4185 magnum
3298 4107 3633 4170 incussitti-

1989 4212 2242 4257 morem:
2272 4212 2608 4273 omnesque
2629 4205 2882 4277 repente
2901 4195 2961 4256 in
2980 4204 3198 4256 terram
3224 4195 3629 4276 procidentes,

1990 4284 2333 4349 tremebant
2352 4292 2412 4347 et
2433 4283 2996 4365 trepidabant,adeo
3015 4293 3078 4346 ut
3102 4301 3214 4346 nec
3235 4285 3366 4366 ipse
3381 4285 3456 4346 im
3465 4303 3634 4365 pera-

1991 4383 2228 4451 tor,nec
2251 4373 2358 4435 ulli
2378 4373 2482 4435 alii
2503 4371 2724 4436 fuerint
2749 4373 3056 4436 immunes
3077 4373 3152 4435 ab
3177 4373 3362 4436 animi
3389 4385 3632 4455 pertur-

1989 4462 2366 4538 batione,sed
2399 4482 2609 4525 omnes
2640 4481 2709 4526 ex
2742 4481 2912 4544 aequo
2946 4461 3091 4525 moti
3128 4462 3372 4525 fuerint:
3401 4464 3635 4526 etiamsi

1991 4551 2093 4614 ille
2123 4571 2242 4634 prae
2264 4551 2576 4633 impietate
2599 4553 2920 4614 caacutiens
2941 4560 2999 4614 et
3023 4551 3376 4632 gravissime
3401 4553 3631 4631 furens,

1991 4641 2603 4721 nolueritintelligere
2618 4649 2682 4702 ut
2709 4641 2866 4704 bene
2882 4650 3129 4721 ageret;
3165 4661 3276 4704 nec
3301 4641 3508 4705 vitium
3541 4653 3637 4706 est

1988 4738 2390 4808 aversatus,ut
2408 4729 2602 4793 (licam
2628 4749 2764 4792 cum
2793 4730 2991 4793 divino
3006 4730 3228 4793 Davide
3250 4734 3305 4807 5;
3329 4750 3441 4794 nec
3455 4733 3634 4794 ullam

1989 4821 2255 4902 ejus,qui
2277 4821 2403 4884 haec
2426 4820 2681 4884 faciebat
2697 4820 3105 4902 miracula,ve|
3125 4821 3432 4884 minimam
3452 4839 3632 4884 acce-

1990 4911 2566 4993 peritnotitiamzsed
2589 4911 2651 4972 in
2673 4928 2981 4974 carcerem
3003 4928 3218 4974 rursus
3240 4910 3562 4974 obscurum
3577 4922 3636 4974 et

1990 5005 2422 5064 tenebricosum
2448 5004 2710 5076 lucisque
2733 5014 3033 5076 expertem
3051 5004 3632 5078 tradiditmartyrem.

2067 5086 2290 5152 VLSed
2316 5097 2576 5150 mentem
2605 5085 2893 5149 adhibere
2910 5086 3511 5168 oportetorationi,et
3525 5090 3634 5152 Dei

1988 5177 2298 5260 sapientiai
2321 5194 2608 5240 arcanum
2631 5175 3148 5256 intelligerellinc
3170 5177 3331 5239 enim
3356 5177 3634 5258 proﬁcis-

1989 5269 2142 5332 citur
2165 5270 2246 5346 id,
2280 5266 2438 5348 quod
2470 5273 2562 5329 est
2587 5264 2878 5329 orationis
2898 5266 3430 5347 jucundissimum,
3455 5277 3517 5332 et
3549 5276 3639 5331 est

1989 5355 2230 5420 athleta).
2255 5355 2713 5435 conjuncturum
2735 5353 3300 5419 commilitonem.ls
3319 5358 3511 5439 enim,
3538 5356 3637 5419 cui

1989 5445 2054 5509 in
2079 5444 2407 5509 custodiam
2430 5443 2626 5505 fuerat
2646 5449 2887 5506 sanctus
2914 5443 3276 5520 creditus,et
3297 5446 3402 5528 qui
3432 5465 3637 5511 curam
