4018 6136
340 308 457 376 559

1643 309 1924 376 MENSIS
1963 312 2416 377 JANUARIUS.

3597 305 3717 372 560

337 448 580 528 gerebat
599 447 998 523 caateris,erat
1027 447 1084 511 ei
1111 446 1280 508 valde
1309 447 1538 510 amicus
1559 455 1618 508 et
1638 445 1967 509 familiaris,

2064 449 2154 504 καί
2209 450 2310 514 τῆς
2376 449 2494 527 περί
2562 448 2624 503 τὸ
2685 447 3054 525 δεσμωτήριον
3114 445 3430 524 ἀσφαλείας,
3477 447 3534 501 ἒν
3593 457 3718 506 τοῖς

337 535 486 608 Quis
505 537 602 599 hic
621 535 742 599 est?
763 534 1135 599 Stratonicus
1151 535 1253 598 ille
1275 535 1648 617 sapiens,qui
1669 535 1978 596 videbatur

337 628 571 702 quidem
585 629 784 687 eadem
798 629 1011 687 sentire
1029 628 1684 699 quaamicus,etessein
1701 627 1979 700 religione

337 715 610 795 ejusdem
639 714 950 776 sententiae
976 733 989 776 :
1043 712 1312 774 nondum
1338 719 1535 775 autem
1559 713 1817 775 audebat
1848 713 1976 793 pie-

338 812 518 866 tatem
542 803 732 866 libere
751 800 1483 884 proﬁteri.NequeJoseph
1496 803 1790 865 occultam
1807 823 1980 882 supe-

334 901 566 956 raverat
596 891 1004 972 disciplinam:
1042 910 1107 953 se
1137 891 1316 953 amici
1350 899 1548 954 tamen
1582 893 1883 972 misereri,
1920 901 1978 954 et

333 983 465 1061 ejus
478 999 630 1060 aegre
644 980 1411 1056 ferrecruciatus,ostendit
1427 983 1749 1043 multorum
1765 983 1978 1046 oculis.

334 1069 448 1134 Sed
462 1071 536 1132 de
549 1069 889 1134 Stratonico
905 1069 1150 1149 quidem
1175 1069 1238 1130 in
1257 1069 1576 1150 praesentia
1587 1070 1684 1133 dic
1694 1090 1794 1134 ere
1814 1070 1981 1134 ditio-

330 1177 638 1241 ramus,ea
659 1158 819 1221 enim
841 1158 1226 1241 persequitur
1243 1161 1685 1237 oratio,qumad
1709 1161 1976 1223 divinum

333 1249 637 1329 pertinent
661 1246 1035 1328 Hermylum,
1062 1266 1173 1310 nec
1207 1248 1428 1329 patitur
1448 1266 1657 1311 eorum
1699 1249 1978 1332 abrumpi

329 1336 1095 1419 consequentiam.Martyri
1121 1355 1263 1416 ergo
1294 1336 1574 1418 Hermylo
1608 1339 1977 1419 ingredienti

327 1445 661 1502 carcerem,
695 1427 825 1488 haec
855 1434 1198 1507 opportune
1229 1426 1600 1489 canebantur
1623 1439 1681 1489 et
1703 1432 1976 1508 pruden-

330 1528 444 1580 ter:
473 1516 777 1580 Dominus
795 1514 1170 1578 iltuminatio
1192 1533 1322 1578 mea
1344 1522 1403 1578 et
1423 1514 1722 1579 Salvator
1753 1535 1924 1581 meus
1957 1536 1972 1581 :

331 1624 506 1688 quem
521 1607 778 1669 timebo?
799 1605 1097 1667 Dominus
1116 1613 1414 1685 protector
1436 1606 1578 1668 vitta
1601 1624 1772 1668 mete:
1797 1626 1834 1669 a
1857 1626 1976 1688 quo

2063 536 2298 611 μάλιστα
2348 540 2499 616 φίλος
2571 537 2630 604 ἧν
2692 541 2834 610 αὖτῷ
2891 538 2979 593 καὶ
3037 536 3294 602 συνήθης.
3354 537 3441 598 Τίς
3500 543 3710 612 οὖτοςς

2061 629 2419 703 Στρατόνικος
2452 630 2479 684 ὁ
2509 629 2696 706 σοφὸς,
2759 627 2817 690 ὃς
2863 626 3016 702 ὲῴκει
3050 627 3148 701 μὲν
3181 627 3244 682 τὰ
3275 627 3410 684 αὐτὰ
3453 628 3532 699 τῷ
3575 624 3718 702 φίλῳ

2060 731 2277 795 φρονεῖν
2335 717 2424 773 καί
2464 718 2584 786 περί
2640 718 2700 773 τὸ
2763 715 2922 780 σέϐας
2954 717 3100 772 εἶναι
3131 714 3387 790 ὀμόδοξος
3423 734 3439 750 ⁶
3474 713 3628 770 οῧπω
3657 711 3716 768 δὲ

2060 807 2148 862 καί
2207 808 2308 874 την
2354 804 2624 866 εὖσέϐειαν
2669 805 2872 880 ἐτόλμα
2930 804 3416 883 παρρησιάσασθαι,
3450 801 3569 860 οὖδὲ
3615 803 3717 870 τὴν

2063 894 2262 974 Ἰωσὴφ
2340 896 2714 973 κεκρυμμένην
2795 893 3124 972 ὑπερϐέϐηκε
3185 897 3506 974 μαθητείαν,
3567 915 3712 968 συμ-

2063 984 2293 1064 πάσχων
2337 983 2390 1040 δὲ
2436 983 2582 1057 ὅμως
2626 991 2702 1058 τῷ
2746 983 3050 1062 φιλουμένῳ
3091 983 3184 1038 καί
3224 981 3532 1060 περιαλγῶν
3566 985 3716 1054 αὐτῷ

2061 1080 2169 1129 τῶν
2240 1073 2540 1153 κολάσεων,
2597 1070 2758 1140 δῆλος
2839 1075 3040 1149 γίνεται
3099 1070 3318 1129 πολλῶν
3380 1069 3711 1152 ὀφθαλμοῖς.

2061 1161 2232 1219 Ἀλλὰ
2288 1164 2353 1219 τὰ
2412 1162 2509 1238 μὲν
2580 1164 2702 1240 περί
2785 1161 3139 1241 Στρατονίκου)
3195 1162 3338 1240 φημί
3391 1168 3485 1217 τοῦ
3541 1167 3715 1240 σοφοῦ

2061 1253 2194 1316 τέως
2253 1252 2590 1326 ἆναμεινάτω
2620 1267 2637 1284 ⁸
2693 1251 2878 1329 ἔχεται
2951 1252 3051 1329 γὰρ
3108 1250 3187 1306 ἔτι
3245 1253 3350 1306 τῶν
3416 1251 3555 1307 κατᾶ
3616 1251 3715 1306 τὸν

2057 1346 2204 1399 θεῖον
2233 1339 2498 1419 Ἕρμύλον
2530 1343 2557 1396 ὁ
2605 1339 2791 1420 λόγος,
2848 1341 2934 1395 καί
2975 1337 3296 1408 διακοπῆναι
3339 1340 3440 1406 τὴν
3467 1339 3710 1396 ἆκοὶου-

2059 1432 2172 1487 θίαν
2229 1430 2403 1486 αὐτῶν
2461 1433 2554 1488 οὒκ
2631 1429 2925 1509 ἀνέχεται.,
2989 1436 3077 1502 Τῷ
3133 1429 3358 1507 μάρτυρι
3422 1435 3714 1508 τοιγαροῦν

2063 1510 2312 1597 Ἐρμύλῳ
2376 1519 2590 1577 εἰσιόντι
2645 1520 2709 1575 τὸ
2766 1517 3164 1594 δεσμωτήριον,
3226 1518 3484 1596 εὒκαίρως
3539 1519 3710 1574 ταῦτα

2059 1610 2147 1666 καί
2227 1615 2455 1671 συνετῶς
2539 1607 2881 1684 ὕπεψάλλετο
2911 1622 2927 1638 '
3009 1608 3199 1683 Κύριος
3257 1608 3536 1688 φωτισμός
3597 1629 3708 1681 μου

326 1696 674 1776 trepidabo?
701 1694 900 1756 Deum
923 1695 1421 1774 appropinquant
1443 1711 1626 1774 super
1643 1714 1741 1758 me
1762 1715 1967 1760 nocen-

2065 1701 2152 1756 καί
2195 1701 2386 1778 Σωτήρ
2431 1719 2554 1771 μου,
2623 1699 2738 1753 τίνα
2801 1694 3231 1776 φοϐηθήσομαι,
3295 1697 3482 1771 Κύριος
3540 1698 3708 1776 ὅπερ-

329 1792 512 1860 tes,ut
532 1785 710 1846 edant
731 1800 944 1846 carnes
967 1801 1156 1846 meas.
1186 1783 1300 1856 Qui
1325 1783 1627 1847 tributam
1649 1804 1744 1848 me.
1767 1794 1822 1848 et
1841 1789 1967 1849 ini-

2056 1793 2320 1856 ασπιστης
2377 1791 2476 1855 τῆς
2531 1791 2676 1858 ζωῆς
2735 1808 2861 1865 μου,
2916 1785 3025 1842 ἀπὸ
3083 1787 3222 1849 τίνος
3279 1783 3592 1860 δειλιάσω;
3652 1786 3710 1842 ὲν

326 1872 1805 1952 ιηὶιεὶηιεὶ,ἰρεὶεηβνπιαιὶιςιιηιειεεσὶάονιιηι.8ἱ
1831 1894 1970 1938 con-
2049 1886 2126 1950 τῷ
2207 1877 2432 1956 ἐγγίζειν
2501 1875 2586 1932 ἐπ’
2659 1875 2754 1951 ἐμὲ
2826 1884 3120 1937 κακοῦντας
3190 1884 3283 1933 τοῦ
3340 1887 3538 1954 φαγεῖν
3608 1876 3708 1938 τὰς

325 1965 546 2027 sistant
566 1962 889 2024 adversum
911 1978 1002 2022 me
1011 1968 1369 2035 custra,non
1385 1963 1730 2026 timebitcor
1742 1983 1934 2028 meum
1948 2016 1963 2032 .

2050 1969 2246 2045 σάρκας
2308 1987 2432 2040 μου,
2513 1968 2560 2021 0i
2645 1961 2912 2027 θλίϐοντες
2980 1985 3054 2038 με
3110 1965 3198 2020 καὶ
3254 1964 3300 2020 οἱ
3352 1963 3536 2043 ἐχθροί
3606 1985 3712 2038 μου

325 2053 399 2116 Si
420 2055 706 2133 insurgat
727 2052 1027 2114 adversus
1041 2067 1136 2113 me
1155 2049 1476 2128 bellum,in
1498 2052 1608 2116 hoc
1630 2071 1732 2131 ego
1754 2072 1963 2135 spera-

2050 2057 2192 2115 αὐτοὶ
2263 2055 2580 2126 ἠσθένησαν,
2691 2055 2778 2110 καὶ
2865 2051 3084 2114 ἔπεσαν.
3183 2050 3310 2110 Ἐὰν
3390 2052 3709 2130 παρατάξη-

326 2145 398 2206 bo
424 2141 587 2207 6.Sic
617 2140 760 2202 dixit
787 2161 800 2204 :
839 2148 899 2202 et
923 2140 1120 2202 statim
1152 2141 1270 2201 dux
1301 2139 1592 2204 mirabilis
1613 2143 1874 2226 desuper
1901 2147 1961 2209 in

2050 2168 2132 2204 ται
2199 2144 2285 2202 ἐπ’
2330 2143 2426 2220 ἐμὲ
2489 2141 2832 2223 παρεμϐολὴ,
2889 2146 2950 2200 οὖ
3005 2141 3365 2221 φοϐηθήσεται
3421 2144 3454 2209 ἡ
3511 2140 3710 2219 καρδία

322 2232 519 2312 ipsum
553 2229 813 2310 erumpit
838 2229 913 2291 ad
959 2228 1436 2292 conﬁrmandum
1465 2229 1553 2309 id,
1585 2233 1744 2312 quod
1776 2252 1962 2297 cane-

2050 2259 2172 2311 μου,
2250 2235 2341 2291 ἐὰν
2425 2233 2698 2309 ἐπαναστῇ
2774 2231 2857 2288 ἐπ’
2934 2231 3029 2308 ἐμὲ
3085 2231 3346 2310 πόλεμος,
3403 2233 3460 2286 iv
3534 2232 3707 2308 ταύτῃ

325 2320 522 2384 batur:
543 2327 603 2382 et
621 2335 734 2380 vox
751 2335 960 2380 rursus
988 2317 1158 2379 illinc
1189 2326 1280 2379 est
1301 2317 1528 2397 audita,
1531 2318 1756 2400 jubens
1775 2323 1956 2385 athle-

2050 2325 2152 2404 ἱγὼ
2204 2323 2423 2394 ἐλπίζω.
2498 2321 2678 2385 Οὕτως
2739 2322 2864 2401 ἔφη,
2943 2322 3030 2378 καὶ
3089 2323 3280 2378 αὑτίπα
3337 2325 3448 2402 φῶς
3509 2318 3712 2377 ἄνωθεν

325 2420 442 2471 tam
475 2409 635 2473 bono
667 2425 802 2470 esse
829 2407 1030 2469 animo
1061 2424 1076 2472 :
1106 2418 1168 2469 et
1199 2405 1492 2488 psalmum
1516 2410 1795 2473 similiter
1821 2431 1960 2476 con-

2050 2418 2191 2489 αὒτῷ
2271 2413 2576 2488 θαυμαστὸν
2651 2409 2962 2490 ῥήγνυται,
3037 2413 3168 2489 πρὸς
3246 2407 3530 2486 βεϐαίωσιν
3614 2418 3712 2467 τοῦ

323 2501 590 2573 ﬁrmans,
626 2506 687 2560 et
733 2495 888 2560 sicut
945 2504 1075 2560 erat
1107 2495 1161 2558 ei
1194 2496 1517 2577 pollicitus,
1552 2508 1684 2580 post
1716 2502 1960 2564 tertium

2050 2502 2398 2578 ὒπαδομένου,
2442 2501 2538 2558 καί
2596 2501 2748 2580 φωνὴ
2800 2500 2960 2557 πάλιν
3014 2503 3222 2556 ὶκεῖθεν
3277 2500 3542 2574 ἠκούσθη,
3572 2498 3710 2577 θαρο

325 2591 484 2651 diem
517 2589 698 2650 linem
731 2603 866 2649 esse
894 2594 1234 2650 venturum.

2050 2597 2158 2674 ῥεῖν
2215 2613 2273 2648 τε
2331 2597 2408 2665 τῷ
2476 2589 2686 2666 ἀθλητῇ
2741 2589 3155 2668 ἐγκελευομένη,
3218 2591 3305 2645 καὶ
3361 2591 3452 2646 τὸν
3485 2588 3709 2665 ψαλμὸν

327 2679 521 2756 ὁμοίῶς
578 2685 858 2766 πιστοῦσα,
920 2678 1008 2736 καὶ
1037 2677 1173 2734 κατὰ
1227 2677 1327 2744 τὴν
1397 2675 1503 2746 ἤδη
1561 2682 1865 2760 γενομένηη
1923 2685 2268 2766 ἐπαγγελίαν,
2331 2679 2462 2746 ἕξειν
2536 2679 2596 2736 τὰ
2651 2678 2800 2744 τέλος
2853 2681 2989 2755 μετὰ
3057 2680 3242 2757 τρίτην
3298 2678 3503 2756 ἡμέραν
3563 2679 3714 2735 αιδτῶ

330 2765 825 2847 προσαγγέλλουσα.

402 2854 828 2936 VII.Sequenti
850 2865 1052 2917 autem
1076 2854 1174 2918 die
1197 2874 1332 2919 cum
1357 2857 1804 2936 procedendum
1831 2883 1967 2929 esse

2133 2863 2216 2923 κ’.
2267 2867 2346 2938 Τῇ
2379 2857 2432 2916 δὲ
2477 2858 2595 2926 ἐξῆς
2651 2855 2878 2936 πρόοδον
2933 2859 2961 2912 ὃ
3020 2858 3251 2923 Λικίνιος
3319 2857 3706 2936 παραγγείλας,

321 2945 719 3036 significasset
736 2944 1027 3036 Licinius,
1049 2953 1109 3007 et
1143 2944 1526 3036 praesedisset
1556 2945 1618 3009 in
1653 2950 1964 3036 tribunali,

2050 2955 2136 3011 καὶ
2179 2951 2500 3031 προκαθίσας
2546 2948 2631 3036 ini
2676 2955 2769 3004 τοῦ
2838 2946 3106 3022 βήματος,
3165 2947 3531 3036 ἄγεσθαιητὸν
3577 2940 3711 3025 Ἑρ-

323 3033 680 3116 proclamari
698 3034 883 3113 jussit
899 3051 1008 3115 per
1029 3043 1464 3112 praeconem,ut
1479 3034 1805 3103 duceretur
1818 3033 1965 3105 Heri

2051 3041 2219 3118 μόλον
2248 3040 2383 3119 έπεφ
2399 3045 2508 3094 ὸνει
2539 3035 2623 3092 διὰ
2665 3037 2758 3092 τοῦ
2816 3036 3046 3113 κήρυκος
3076 3051 3091 3067 ⁶
3147 3039 3233 3093 καὶ
3293 3036 3352 3102 Bc
3383 3035 3546 3114 ἤγετο
3575 3059 3712 3116 φαι-

321 3122 659 3204 mylulele
680 3140 820 3186 vero
842 3124 976 3185 laeto
995 3123 1440 3196 animo,ductus
1467 3131 1558 3186 est
1578 3125 1730 3189 laetis
1751 3132 1966 3209 oculis,

2050 3131 2145 3210 8ρᾷ
2187 3133 2366 3209 ψυχῇ,
2445 3126 2686 3207 φαιδροῖς
2763 3125 2965 3200 ὄμμασι
3002 3169 3018 3200 ,
3086 3125 3293 3203 πλήρης
3347 3123 3546 3193 ἡδονῆς
3605 3126 3708 3194 τὴν

321 3223 380 3276 et
401 3231 502 3277 cor
522 3211 752 3275 habens
777 3212 1022 3302 plenum
1047 3211 1277 3302 laetitia:
1302 3219 1596 3302 externus
1618 3218 1776 3280 enim
1799 3238 1970 3302 aspe-

318 3313 451 3366 ctus
474 3304 587 3365 hoc
606 3311 812 3383 aperte
834 3299 1552 3383 signiﬁcavitﬁubridens
1567 3313 1764 3369 autem
1787 3319 1846 3372 et
1865 3299 1962 3373 ca-

320 3401 424 3474 put
445 3411 694 3456 movens
722 3391 1009 3468 Licinius,
1037 3399 1098 3456 et
1119 3391 1298 3454 veluti
1323 3401 1594 3456 sanctum
1625 3406 1830 3477 aperte
1864 3400 1960 3463 lu-

315 3483 564 3545 diﬁcans
589 3501 603 3546 :
632 3482 778 3560 Age,
809 3481 1023 3563 inquit,
1062 3500 1241 3563 quam
1276 3481 1384 3544 tibi
1416 3483 1818 3552 conducibilis
1850 3489 1962 3552 fuit

317 3572 420 3636 illa
437 3571 695 3635 obscura
714 3571 1329 3645 custodia?Quomodo
1349 3571 1652 3655 hoc,quod
1674 3575 1963 3642 interces-

317 3663 418 3736 sit,
451 3662 706 3742 spatium
739 3660 848 3722 tibi
879 3679 1087 3723 revera
1127 3660 1324 3723 attulit
1356 3660 1613 3743 aliquam
1646 3667 1965 3731 sententiae

319 3751 709 3811 mutationem
721 3757 803 3824 ,et
819 3749 1119 3829 persuasit
1125 3749 1313 3828 jussis
1327 3754 1543 3813 cedere
1557 3753 1960 3836 imperatoris,

317 3845 378 3901 et
407 3836 521 3898 diis
553 3836 811 3900 reddere
841 3855 1076 3918 ea,quae
1105 3837 1427 3915 debentur,
1455 3858 1530 3902 an
1560 3841 1757 3906 adhuc
1787 3847 1964 3910 nobis

317 3944 470 4006 opus
491 3925 604 3986 erit
626 3926 944 3988 tormentis
966 3925 1253 3987 adversus
1275 3934 1496 3990 tantam
1527 3929 1613 3991 tui
1631 3933 1828 3995 cordis
1851 3934 1964 3997 du-

315 4015 552 4105 ritiem?
573 4017 787 4096 Martyr
805 4025 1002 4077 autem
1033 4037 1046 4078 :
1071 4014 1213 4078 Mihi
1237 4015 1960 4105 quidem,inquit,tetrum

317 4103 466 4166 illud
498 4112 556 4166 et
586 4105 1032 4166 tenebricosum
1056 4105 1433 4166 domicilium
1467 4103 1742 4189 magnam
1766 4111 1962 4176 lucem

318 4194 655 4256 conciliavit
689 4211 703 4256 :
741 4202 802 4257 et
825 4213 982 4256 nunc
1034 4212 1170 4256 mea
1193 4203 1461 4258 versatur
1481 4197 1682 4261 anima
1703 4201 1764 4263 in
1789 4208 1962 4265 tran-

2051 3217 2267 3299 καρδίαν
2299 3233 2316 3248 ⁸
2377 3223 2530 3273 τοῦτο
2583 3215 2684 3292 γὰρ
2738 3215 2774 3283 ἡ
2830 3213 3018 3279 ἔξωθεν
3047 3214 3171 3290 ὄψις
3204 3215 3498 3290 ἐσήμαινεν
3554 3213 3707 3292 ἀκρι-

2043 3305 2174 3372 ϐὦς.
2235 3303 2548 3384 ’Υπογελῶν
2605 3301 2660 3358 δὲ
2717 3304 2802 3359 καὶ
2862 3303 2962 3371 τὴν
3021 3303 3259 3383 κεφαλὴν
3287 3309 3449 3359 κινῶν
3479 3306 3509 3360 ὁ
3543 3309 3706 3361 Λικι-

2044 3417 2174 3472 νιος,
2269 3396 2355 3452 καὶ
2437 3395 2676 3474 φανερῶς
2751 3392 2932 3470 ὥσπερ
3045 3395 3557 3470 κατειρωνευόμενος
3613 3400 3709 3451 τοῦ

2044 3485 2217 3566 ἁγίου,
2295 3490 2460 3562 Δεῦρο
2510 3481 2600 3555 δὴ,
2656 3481 2783 3561 ἔφη,
2864 3483 2980 3546 πῶς
3039 3482 3138 3561 ἄρα
3198 3505 3280 3540 σοι
3322 3483 3385 3540 τὸ
3430 3484 3707 3542 σκοτεινὸν

2045 3574 2227 3631 ἐκεῖνο
2286 3569 2607 3631 συνεϐάλετο
2690 3573 2984 3650 φρούριονς
3046 3577 3164 3636 πῶς
3249 3592 3332 3628 σοι
3388 3573 3451 3628 τὸ
3505 3570 3706 3648 μεταξὺ

2044 3670 2198 3721 τοῦτο
2255 3659 2527 3738 διάστημα
2571 3663 2714 3729 ἦπου
2764 3659 3071 3736 μεταϐολήν
3122 3661 3204 3718 σοί
3236 3682 3354 3717 τινα
3396 3661 3494 3730 τῆς
3553 3661 3704 3740 γνώ-

2045 3775 2156 3829 μης
2206 3751 2511 3832 εἶργάσατο,
2563 3750 2657 3808 καί
2718 3750 3025 3828 βασιλικοῖς
3068 3751 3247 3807 ἔπεισε
3294 3751 3704 3829 προστάγμασιν

2045 3842 2212 3924 εἶξαι,
2247 3843 2333 3898 καὶ
2377 3845 2522 3907 θεοῖς
2559 3838 2843 3898 ἀποδοῦναι
2899 3841 2965 3896 τὰ
3021 3839 3342 3921 ὀφειλόμενα
3378 3859 3398 3918 ;
3432 3839 3468 3910 ἢ
3521 3838 3704 3912 δεήσει

2043 3934 2133 3990 καὶ
2191 3931 2268 3988 ἔτι
2330 3931 2579 4008 βασάνων
2645 3931 2782 4005 ἡμῖν
2836 3931 2966 4009 πρὸς
3032 3928 3242 3998 πολλήν
3287 3928 3427 3986 οὕτω
3486 3928 3706 4010 καρδίας

2044 4020 2349 4078 ἀντιτυπίαν
2385 4037 2404 4097 ;
2441 4019 2537 4077 Καὶ
2594 4019 2623 4075 ὁ
2680 4019 2906 4101 μάρτυς,
2965 4017 3123 4095 Ἐμοὶ
3176 4020 3298 4096 μὲν,
3333 4018 3462 4099 ἔφη,
3494 4023 3584 4078 καὶ
3638 4022 3706 4078 τὸ

2044 4109 2306 4190 πνιγηρδν
2336 4108 2514 4166 ἐκεῖνο
2546 4107 2757 4184 οἴκημα
2801 4111 2891 4165 καὶ
2944 4107 3178 4186 ζοφῶδες
3223 4107 3461 4186 μεγάλου
3524 4112 3706 4189 φωτὸς

2045 4197 2257 4278 ἐγένετο
2301 4197 2576 4278 πρόξενον,
2605 4199 2694 4256 καὶ
2725 4207 2814 4257 νῦν
2857 4195 3070 4276 γαλήνη
3105 4217 3210 4274 μου
3243 4199 3331 4256 καὶ
3373 4195 3543 4266 ἡδονὴ
3600 4200 3706 4268 τὴν

317 4285 601 4358 quillitate
620 4296 674 4345 et
695 4289 1075 4358 voluptate,et
1093 4287 1489 4360 inexplicabili
1513 4290 1959 4362 illuminatione,

2050 4288 2232 4368 ψυχὴν
2261 4287 2404 4368 ἔχει,
2439 4286 2536 4345 καί
2592 4288 2866 4366 φωτισμὸς
2923 4284 3154 4366 ἄῤῥητος
3185 4288 3432 4368 χρηστὰς
3483 4288 3706 4345 ὑποτεί-

319 4389 453 4452 (ιιιω
474 4370 655 4433 futuri
683 4371 830 4434 mihi
853 4390 1022 4451 spem
1052 4371 1268 4434 bonam
1301 4374 1572 4455 porrigit.
1605 4375 1727 4458 Ego
1758 4388 1960 4444 autem

318 4460 488 4522 valde
512 4460 1238 4542 miror,quemadmodurn
1256 4463 1465 4544 qumin
1488 4473 1546 4528 te
1567 4466 1837 4531 habitant
1867 4478 1961 4533 te-

319 4555 530 4618 nebraa.
554 4552 776 4612 nullam
801 4555 1124 4627 suscipiunt
1149 4555 1530 4616 mutationem
1562 4573 1578 4616 :
1605 4560 1707 4618 sed
1729 4576 1961 4634 semper

321 4639 633 4721 profunda:
654 4647 714 4702 et
734 4651 1036 4704 concretae
1058 4640 1324 4706 insident
1365 4642 1481 4706 tuis
1501 4645 1721 4710 animm
1744 4649 1958 4725 oculis,

319 4747 448 4805 quae
469 4746 832 4806 nequaquam
855 4734 1327 4806 sinuntaspicere
1351 4735 1820 4798 veriratemﬂum
1847 4747 1962 4798 tam

320 4826 516 4889 aperte
536 4817 886 4889 impietatem
909 4817 1246 4890 imperatori
1261 4819 1964 4892 exprobrasset,Licinius

319 4903 406 4962 illi
421 4901 791 4962 vehementer
801 4913 858 4962 et
872 4918 1004 4961 cum
1021 4918 1226 4976 magna
1245 4905 1606 4977 respondens
1625 4909 1960 4969 acerbitate:

319 4989 478 5052 Nihil
505 4987 984 5070 aliud,inquit,ut
1003 4987 1557 5066 videtur,didicisti,
1592 4991 1706 5053 nisi
1730 4993 1962 5056 solum-

321 5084 497 5145 modo
525 5091 811 5164 appetere
842 5081 1246 5145 contumeliis:
1275 5083 1434 5164 quod
1465 5085 1707 5166 quidem
1734 5099 1822 5148 est
1845 5086 1964 5148 lin-

319 5175 956 5256 guwintemperantia,
991 5175 1286 5236 etanimze
1308 5175 1646 5253 audacia,et
1678 5186 1741 5240 ut
1772 5180 1962 5243 semel

319 5265 512 5326 dicam
534 5263 944 5328 amentia.Sed
964 5272 1164 5326 tamen
1187 5265 1580 5346 responde,et
1609 5266 1706 5328 dic
1728 5277 1959 5350 aperte:

321 5354 526 5416 Diisne
546 5353 1000 5430 sacriﬁcabis,et
1019 5353 1188 5417 nobis
1202 5354 1383 5418 cedes
1399 5357 1487 5421 sic
1502 5356 1956 5438 imperantibus,

321 5459 394 5502 an
428 5450 486 5502 te
522 5443 609 5503 uti
635 5449 870 5525 oportet
899 5450 964 5504 ut
985 5442 1239 5506 mereris
1259 5446 1287 5504 ?
1315 5443 1536 5506 Christi
1570 5455 1767 5509 autem
1797 5466 1960 5510 mar-

399 5619 434 5667 6
462 5617 619 5678 Psal.
656 5635 815 5701 τινι,
847 5623 982 5685 1-4.

2046 4399 2149 4434 νων
2181 4399 2272 4454 μοι
2315 4378 2410 4442 τὰς
2469 4374 2709 4441 ὶλπίδας.
2757 4375 2902 4454 Ἐγὼ
2951 4375 3004 4432 δὲ
3048 4375 3136 4433 ἐπὶ
3197 4398 3279 4434 σοι
3310 4379 3400 4433 καὶ
3428 4374 3550 4434 λίαν
3579 4375 3704 4457 ἔχω

2041 4468 2345 4547 θαυμάζειν,
2405 4466 2522 4531 πῶς
2604 4461 2912 4542 μεταϐολήν
2989 4487 3107 4523 τινα
3162 4466 3226 4523 τὸ
3297 4465 3538 4524 ἔνοικοῦν
3617 4489 3702 4524 σοι

2043 4561 2234 4621 σκότος
2291 4555 2396 4636 οὐχ
2437 4556 2714 4636 ὑπομένει,
2777 4554 2914 4612 ἀλλὰ
2973 4555 3054 4612 ἀεὶ
3112 4555 3404 4633 βαθύτατον
3473 4559 3570 4612 σὸυ
3610 4565 3700 4621 καὶ

2044 4647 2293 4724 πεπηγὸς
2334 4656 2455 4711 τοῖς
2484 4649 2585 4712 τῆς
2617 4646 2805 4724 ψυχῆς
2864 4646 3154 4723 ὶγκάθηται
3219 4643 3545 4726 ὀφθαλμοῖς,
3601 4646 3694 4702 οὗ·

2045 4732 2226 4799 δαμῶς
2300 4733 2402 4791 ἰῶν
2473 4731 2767 4810 ἀναϐλέψαι
2823 4734 2958 4813 πρὸς
3047 4736 3146 4802 τὴν
3203 4733 3482 4804 ἀλήθειαν.
3548 4731 3702 4792 Οὕτω

2045 4825 2275 4904 φανερὰν
2329 4821 2577 4880 ἀσέϐειαν
2647 4826 2724 4894 τῷ
2787 4821 3007 4900 βασιλεῖ
3047 4829 3141 4881 τοῦ
3185 4823 3450 4903 μάρτυρος
3503 4820 3704 4880 ὀνειδί-

2044 4934 2256 4989 σαντος,
2316 4911 2557 4993 σφοδρῶς
2626 4915 2836 4976 εκεῖνος
2883 4913 2973 4969 καί
3029 4913 3168 4990 μετὰ
3231 4911 3443 4980 πολλῆς
3486 4913 3705 4992 πικρίας

2048 4992 2375 5077 ὑπολαϐὼν,
2418 4992 2514 5068 Ὠς
2576 5000 2774 5076 ἔοικεν,
2830 4999 3057 5080 ὑϐρίζειν
3117 5003 3283 5080 μόνον
3351 5005 3702 5080 μεμαθηκας,

2047 5091 2173 5174 ἔφη,
2231 5091 2360 5171 ὅπερ
2417 5093 2531 5151 ὶστὶ
2587 5091 2834 5172 γλώττης
2879 5093 3162 5170 ἀκολασία,
3198 5093 3284 5150 καὶ
3345 5097 3536 5172 ψυχῆς
3578 5096 3706 5170 θρα-

2047 5183 2231 5259 σύτης,
2293 5183 2381 5239 καὶ
2422 5183 2485 5238 τὸ
2529 5179 2655 5239 ὅλον
2695 5182 2942 5246 ἀπόνοια.
2978 5181 3127 5251 Πλὴν
3157 5181 3294 5239 ἀλλὰ
3348 5180 3496 5256 ὅμως
3555 5184 3705 5239 ἀπο.

2045 5293 2242 5350 κριναι,
2277 5273 2364 5330 καὶ
2419 5271 2543 5351 λέγε
2600 5272 2782 5352 σαφῶς
2819 5287 2834 5303 ⁸
2899 5273 3036 5338 θύεις
3093 5285 3210 5339 τοῖς
3251 5276 3395 5336 θεοῖς
3437 5272 3529 5328 καὶ
3555 5273 3700 5347 ἡμῖν

2045 5362 2278 5427 δπείκεις
2334 5361 2474 5419 οὕτω
2526 5362 2968 5440 προστάττουσιν,
3025 5361 3062 5430 ἢ
3119 5361 3352 5442 χρῆσθαί
3401 5381 3483 5417 σοι
3529 5383 3700 5433 προσ·-

2045 5451 2168 5521 ήκει
2211 5452 2385 5515 καθὼς
2416 5449 2563 5517 ἄξιον
2602 5471 2620 5526 ;
2678 5453 2774 5509 Καὶ
2825 5454 2852 5508 ὁ
2887 5458 2978 5508 τοῦ
3019 5459 3247 5532 Χριστοῦ
3303 5451 3503 5529 μάρτυς
3568 5443 3693 5532 Ἐρ-
