4018 6136
295 299 402 365 561

1278 297 1465 365 VITA
1508 297 1610 362 SS.
1656 298 2014 362 HERMYLI
2056 299 2154 361 ET
2199 299 2686 364 STRATONICI.

3549 298 3669 364 562

291 434 483 511 μύλος,
535 433 756 516 Ἔχεις,
788 435 911 516 ἔφη,
947 437 1040 499 τὰς
1091 436 1514 524 ἀποκρίσεις,ᾼῶ
1556 431 1795 524 βασιλεύ,
1855 433 1944 492 καὶ

2046 452 2118 524 .yr
2147 431 3303 524 lie-rmylus:Habes,inquit,responsa,o
3321 433 3665 524 imperatpr,

287 527 489 583 τούτων
549 524 704 584 οὐδὲν
732 524 975 590 ἆκούσεις
1019 525 1144 604 παρ’
1174 524 1304 601 εμοῦ
1352 521 1544 600 πλέον,
1575 524 1712 580 ποίει
1760 520 1949 581 λοιπὸν

288 613 538 692 ὃβούλῃ,
573 617 670 674 καὶ
709 616 923 694 πέραινε
965 615 1028 671 τὰ
1061 615 1438 690 νενομισμένα.

369 705 464 766 Η¹.
543 705 820 767 Ἐντεῦθεν
865 705 953 772 ὀξὺ
1016 704 1290 787 χολωθεὶς
1340 709 1368 763 ὁ
1442 704 1675 770 Λικίνιος
1747 703 1948 763 ιιελεύει

285 793 502 874 ῥάϐδοις
563 797 729 856 αὒιὸν
760 797 820 854 τὸ
869 800 1064 875 σχῆμα
1108 794 1385 875 τριγώνοις
1427 793 1614 854 ὕπτιον
1643 791 1949 852 διαταθεντα

286 886 423 943 κατὰ
472 890 580 952 τῆς
657 886 884 965 γαστρὸς
932 887 1241 948 τύπτεσθαι.
1304 875 1366 942 ’Β
1424 885 1524 958 μὲν
1576 883 1664 942 οὖν
1721 883 1952 961 βάσανος

285 973 420 1042 αὕτη
477 973 715 1052 γαλεπὴ
781 976 917 1049 λίαν,
962 976 1053 1032 καὶ
1115 996 1359 1050 σωμασιν
1427 973 1772 1048 ἀνθρωπίνοις
1823 972 1949 1041 ἤκι-

287 1086 383 1120 στα
443 1066 688 1144 φορητὴ.
768 1066 830 1122 Αἱ
886 1067 988 1144 γὰρ
1051 1069 1236 1142 γωνίαι
1305 1069 1402 1120 τῶν
1461 1061 1664 1140 ῥάϐδων
1737 1063 1830 1119 οἷά
1872 1084 1950 1129 τις

286 1154 561 1221 ἧκόνηντο
637 1154 907 1232 μάχαιρα,
955 1156 1042 1211 καὶ
1095 1151 1334 1232 σφοδρῶς
1381 1151 1618 1220 ἥπτοντο
1659 1153 1766 1209 τῶν
1817 1174 1952 1228 σαρ-

288 1250 422 1303 κῶν.
476 1241 639 1310 Ηλήν
687 1239 826 1299 ἀλλὰ
860 1245 951 1300 καὶ
1002 1241 1170 1306 οὕτως
1219 1241 1462 1309 ἀνηλεῶς
1510 1240 1823 1316 τυπτομένῳ
1877 1247 1955 1317 τῷ

286 1331 501 1406 ἀθλητῇ
577 1331 636 1389 ἓν
695 1332 1024 1409 παραμύθιον
1083 1331 1149 1399 ἧν
1193 1332 1254 1388 τὸ
1319 1330 1456 1387 κατὰ
1514 1339 1632 1389 νοῦν
1703 1331 1953 1402 ὰτενίζειν

290 1427 542 1499 Χριστῷ,
577 1419 637 1477 ἓν
689 1418 904 1494 εὐμενὲς
938 1441 1240 1499 φαρμακον.
1285 1420 1320 1487 ἡ
1358 1419 1488 1494 πρὸς
1534 1417 1742 1475 ἐκεῖνον
1786 1417 1948 1499 εὒχῆ,

287 1510 353 1577 ἢν
411 1507 597 1577 ἡδέως
661 1507 1001 1566 ἐπετάττεται
1061 1510 1328 1584 πληγαῖς,
1397 1508 1573 1584 Κύριε,
1621 1506 1818 1587 λέγων,
1878 1510 1950 1571 εἷς

286 1599 347 1654 τὸ
424 1598 707 1674 βοηθῆσαί
763 1620 855 1671 μοι
928 1605 1180 1662 σπεῦσον.
1255 1597 1360 1660 Καὶ
1441 1599 1501 1660 ὃς
1570 1597 1740 1677 ταχὺς
1812 1601 1954 1671 αὒτῷ

288 1689 623 1768 παρίσιιατο,
696 1687 822 1764 ῥᾷόν
887 1709 941 1745 τε
1005 1690 1100 1752 τὰς
1159 1685 1342 1752 ὀδύνας
1405 1687 1580 1768 ιρέρειν
1626 1692 1819 1760 ποιῶν,
1865 1687 1952 1742 καὶ

2033 509 2089 577 et
2120 516 2267 577 nihil
2298 509 2367 577 ei
2397 515 2520 577 iisa
2550 513 2724 575 nobis
2752 509 3011 592 amplius
3040 509 3459 576 audiveriszfac
3492 509 3667 577 dein;

2034 622 2176 684 ceps
2207 603 2368 682 quod
2409 602 2579 679 velis,
2613 609 2671 664 et
2713 619 3053 682 exsequere
3084 619 3154 663 ea
3202 618 3336 682 quas
3365 605 3670 665 statueris.

2113 692 2267 757 VIII.
2300 691 2405 756 [Iis
2435 693 2516 756 ita
2548 692 2810 773 percitus
2840 690 3124 766 Licinius,
3152 689 3328 770 jubet
3359 708 3496 753 eum
3531 711 3672 773 por-

2035 791 2262 845 rectum
2297 787 2580 863 supinum
2615 781 2794 861 virgis
2823 780 3019 860 ﬁgura
3042 779 3353 861 triangulis
3381 780 3442 842 in
3469 789 3677 844 ventre

2039 871 2369 936 verberari.
2403 870 2475 934 Et
2509 879 2637 933 erat
2663 868 2910 952 quidem
2945 869 3055 932 hoc
3080 887 3256 947 grave
3287 877 3674 946 tormentum,

2036 971 2095 1026 et
2141 961 2492 1043 corporibus
2525 959 2804 1024 humanis
2834 959 3080 1022 minime
3112 958 3510 1022 tolerandum.
3546 962 3679 1023 An-

2033 1051 2154 1132 guli
2187 1051 2344 1114 enim
2377 1049 2702 1127 virgarum,
2740 1067 2858 1110 non
2889 1066 3063 1110 secus
3089 1066 3159 1110 ac
3198 1049 3442 1130 quidam
3474 1065 3671 1125 enses,

2038 1159 2250 1204 carnes
2279 1140 2672 1202 vehementer
2699 1138 3037 1218 tangebant.
3079 1137 3196 1200 Sed
3227 1138 3673 1220 athleta,etiam

2039 1250 2172 1293 cum
2217 1229 2634 1292 verberaretur
2685 1235 2800 1290 tam
2849 1226 3438 1303 immisericorditer,
3490 1247 3677 1290 unum

2040 1329 2168 1382 erat
2199 1319 2501 1393 solatium,
2537 1334 2753 1398 nempe
2782 1316 3082 1381 Christum
3115 1316 3254 1380 fixis
3301 1317 3493 1381 oculis
3522 1317 3682 1400 aspi-

2039 1428 2201 1473 cere.
2261 1411 2457 1473 Unum
2516 1406 2842 1486 benignum
2903 1406 3404 1470 medicamentum
3468 1426 3681 1488 preces

2036 1517 2182 1580 quas
2210 1498 2282 1560 ad
2316 1497 2480 1560 illum
2515 1494 2825 1571 fundebat,
2851 1496 3067 1576 quibus
3083 1496 3269 1578 plagis
3285 1497 3553 1578 jucunde
3574 1515 3677 1560 as-

2037 1589 2344 1670 pergebat,
2377 1587 2627 1649 dicens:
2686 1588 2943 1649 Domine
2973 1586 3055 1648 ad
3106 1585 3532 1657 adiuvandum
3587 1604 3679 1650 me

2031 1678 2264 1758 festina
2291 1677 2343 1738 7.
2400 1675 2506 1738 Ille
2555 1695 2696 1740 vero
2745 1675 2860 1738 cito
2891 1675 2948 1737 ei
2997 1673 3207 1756 adfuit,
3240 1683 3300 1738 et
3347 1676 3568 1738 faciens
3617 1684 3681 1737 ut

288 1764 389 1845 τὴν
449 1775 742 1834 τελοίωσιν
801 1775 1299 1856 εὐαγγελιζόμενος.
1363 1764 1430 1834 ’0⁷
1475 1764 1726 1853 βασιλεὺς
1781 1776 1950 1832 τοίνυν

2046 1767 2220 1829 ferret
2265 1767 2506 1828 dolores
2559 1765 2819 1840 facilius,
2853 1771 2914 1826 et
2961 1764 3324 1828 annuntians
3372 1767 3500 1845 ejus
3529 1785 3680 1828 con-

287 1867 383 1922 ἅτε
449 1869 545 1924 τὸν
578 1867 744 1941 θυμὸν
800 1865 860 1923 ἐκ
890 1852 980 1926 τοι)
1038 1867 1118 1941 μη
1150 1867 1344 1923 πείθειν
1390 1852 1830 1944 παρωξυμμένος,
1864 1865 1952 1920 καὶ

2046 1857 2531 1919 summationem.
2566 1857 2902 1936 Imperator
2928 1852 3134 1934 igitur,
3170 1863 3233 1916 ut
3273 1856 3373 1944 qui
3407 1863 3564 1944 esset
3593 1855 3679 1916 ir-

290 1957 389 2012 τὶν
453 1956 638 2022 καλὴν
682 1955 889 2022 ἐκείνην
945 1957 1076 2024 ὑπὲρ
1117 1956 1213 2024 τῆς
1257 1951 1522 2020 εὖσεὸείας
1571 1957 1672 2011 τοῦ
1725 1953 1954 2020 ἀθλητοῦ

291 2044 574 2119 ἔνστασιν,
621 2044 909 2123 ὀλιγωρίαν
968 2045 1111 2102 εἶναι
1162 2048 1260 2112 τῆς
1318 2043 1476 2101 αὐτοῖν
1533 2041 1771 2110 ἔξουσίας
1814 2043 1952 2099 ὕπο-

292 2132 622 2209 λαμϐάνων,
668 2133 853 2209 ἔμενεν
909 2133 988 2189 ἔτι
1035 2132 1278 2203 κολάζων
1336 2134 1425 2190 καὶ
1481 2133 1610 2212 πρὸς
1665 2133 1783 2207 βίαν
1841 2133 1953 2189 πεί-

295 2245 412 2279 σειν
475 2226 646 2282 αὖτὸν
706 2224 973 2298 οἰόμενος,
1049 2221 1210 2280 ’Ὅθεν
1265 2223 1352 2278 καὶ
1409 2221 1578 2287 ὄνυξιν
1635 2221 1804 2277 ἀετῶν
1859 2221 1957 2288 τὴν

298 2316 464 2371 αὑτοῦ
555 2333 794 2391 γαστερα
889 2311 1206 2385 προσέτεττε
1287 2309 1692 2385 διαπείρασθαι,
1765 2308 1958 2388 μέχρις

299 2401 362 2458 ἂν
421 2400 731 2482 ὁφθαλμοτς
804 2399 918 2476 ἴδῃ,
987 2403 1170 2480 φησίν,
1235 2401 1396 2482 αύτὸς
1469 2400 1654 2460 ἑαυτοῦ
1737 2401 1824 2456 καὶ
1893 2399 1958 2455 τὰ

299 2481 538 2568 ἔγκατα,
599 2490 717 2568 Ἐφ’
763 2494 849 2554 οἷς
907 2493 934 2547 ὁ
982 2491 1208 2566 μάρτυς,
1275 2481 1336 2547 Ἠ
1401 2487 1588 2567 καρδία
1639 2511 1740 2565 μο)
1787 2491 1875 2545 καὶ
1923 2490 1957 2556 ἡ

303 2578 430 2658 σάρξ
496 2604 627 2654 μου,
680 2578 882 2657 ἔλεγεν,
936 2577 1331 2656 ὴγαλλιάσαντο
1399 2579 1494 2636 ἐπὶ
1566 2580 1696 2636 Θεὸν
1761 2583 1956 2656 ζῶντα,

304 2671 376 2734 ὼς
449 2669 520 2724 ἐκ
605 2667 828 2732 στέατος
901 2672 986 2725 καὶ
1055 2669 1314 2735 πιότητος
1383 2667 1625 2738 ἐπλήσθη
1697 2669 1732 2736 ἧ
1802 2667 1956 2746 ψυχή

307 2779 409 2832 μου
440 2803 457 2826 ,
539 2759 627 2815 καὶ
705 2755 870 2836 χείλη
940 2754 1309 2834 ἀγαλλιάσεως
1393 2757 1585 2814 αἰνέσει
1656 2759 1714 2814 τὸ
1783 2757 1958 2830 στόμα

308 2869 434 2922 μου.
531 2848 638 2906 Καὶ
721 2852 886 2903 ταῦτα
970 2847 1069 2922 μὲν
1150 2845 1352 2923 οὕτως’,
1437 2849 1503 2904 τὰ
1583 2845 1638 2903 δὲ
1723 2845 1956 2902 ἐντεῦθεν

310 2943 424 2998 πῶς
461 2957 480 3017 ς

393 3025 486 3084 ϐ’.
552 3017 610 3084 Ὀ
643 3025 890 3102 τύραννος
951 3025 1048 3098 μὲν
1103 3023 1392 3083 ἰσκέπτετο
1432 3023 1652 3104 φυλαχῇ
1695 3023 1782 3080 καὶ
1812 3024 1956 3088 αὖθις

315 3113 494 3172 δοῦναι
552 3115 645 3170 τὸν
704 3112 964 3184 ἀθλητὴν,
1025 3113 1162 3172 ὥστε
1219 3114 1532 3192 πικρότερον
1581 3112 1741 3170 πάλιν
1800 3112 1957 3169 αὒτὸν

319 3170 740 3283 τιμωρήσασθαι.
805 3170 1157 3278 ἐτρατόνικος
1227 3201 1281 3258 δὲ
1318 3170 1510 3268 ικαλὸς
1571 3200 1712 3282 (ἥκει
1774 3201 1874 3279 γὰρ
1931 3170 2018 3258 bc

323 3291 476 3369 λογος
505 3295 578 3355 είς
629 3291 794 3370 πέρας
850 3292 1079 3370 ἀγαγεῖν
1121 3292 1220 3360 τὴν
1263 3289 1636 3370 ἐπαγγελίαν),
1671 3289 1809 3348 οὕτω
1849 3291 1961 3347 πά-

337 3404 527 3460 σχοντα
575 3384 662 3438 τὸν
729 3373 993 3456 Ἐρμύλον
1051 3385 1210 3461 ὁρῶν,
1271 3382 1359 3438 καὶ
1414 3381 1630 3454 ἀμύνειν
1685 3378 1824 3441 ὅλως
1867 3377 1963 3434 οὒκ

337 3468 502 3549 ἔχων,
535 3469 656 3548 ὅπερ
714 3471 878 3546 ε’ίψεν
932 3470 1122 3526 ἐποίει⁶
1182 3472 1268 3526 καὶ
1321 3476 1398 3544 τῷ
1439 3469 1576 3548 φίλῳ
1633 3468 1960 3547 συνέπασχε,

335 3559 426 3614 καῖ
459 3558 605 3637 ἤλγει
635 3566 862 3638 πικρῶς,
906 3561 994 3616 καὶ
1042 3563 1102 3616 τὸ
1131 3558 1415 3638 πρόσωπον
1444 3559 1576 3638 εἶχε
1629 3578 1958 3633 συμπεπτω-

328 3650 438 3720 κὸς,
469 3650 556 3705 καὶ
614 3655 722 3704 τῶν
779 3648 1066 3728 ὀφθαλμῶν
1108 3648 1328 3704 ἂστακτὶ
1379 3649 1556 3725 προίει
1613 3647 1674 3703 τὸ
1717 3645 1956 3724 δάκρυον.

323 3735 474 3794 ’Ὁθεν
534 3734 654 3795 οὒδὲ
685 3735 921 3794 διέλαθεν
982 3737 1151 3801 οὕτως
1191 3736 1363 3816 ἔχων,
1395 3735 1530 3792 ἀλλᾶ
1582 3741 1690 3792 τῶν
1733 3756 1962 3812 συστρα-

319 3833 521 3883 τιωτῶν
572 3846 712 3888 τινες
783 3825 1038 3882 ἐπίλυπον
1095 3829 1187 3883 τὸν
1259 3824 1426 3905 ἅνδφα
1496 3825 1585 3882 καί
1655 3825 1961 3903 σκυθρωπὸν

319 3917 580 3995 ὑρῶντεφ,
615 3917 701 3971 καὶ
748 3922 842 3972 τοῦ
871 3917 1184 3994 πράγματος
1236 3916 1335 3982 τὴν
1385 3916 1553 3971 αἰτίαν
1595 3914 1962 3994 φωράσαντες,

317 4009 392 4078 τῷ
432 4005 651 4081 βασιλεῖ
721 4003 1130 4082 προσελθόντες,
1192 4003 1535 4082 Σρατόνικος,
1594 4003 1860 4080 Λέγουσιν,
1919 4003 1964 4059 ὦ

318 4091 565 4170 βασιλεῦ,
596 4092 917 4172 Σρατόνικος
962 4095 989 4148 ὁ
1046 4091 1380 4171 δεσμοφύλαξ
1435 4091 1594 4161 δῆλός
1641 4093 1782 4149 ἐστιν
1835 4091 1964 4166 Ἐρ-

320 4180 474 4256 μύλῳ
530 4185 630 4248 τῆς
662 4179 894 4254 πλάνης,
933 4182 1020 4238 καὶ
1074 4189 1168 4238 τοῦ
1199 4188 1614 4258 Χριστιανισμοῦ
1671 4186 1963 4237 κοινωνῶν.

2037 1947 2252 2008 ritatus
2291 1965 2362 2008 eo
2420 1945 2575 2027 quod
2612 1963 2730 2006 non
2783 1951 3045 2025 pareret,
3079 1951 3142 2007 et
3173 1943 3470 2024 egregiam
3519 1943 3680 2006 illam

2036 2035 2271 2096 athletae
2310 2053 2418 2116 pro
2449 2033 2666 2116 pietate
2696 2032 3090 2096 constantiam
3135 2032 3501 2096 existimaret
3529 2041 3687 2096 esset

2041 2142 2162 2186 sum
2215 2131 2621 2204 contemptum
2675 2120 2976 2202 potentiae,
3014 2119 3290 2184 manebat
3337 2123 3531 2186 adhuc
3581 2143 3687 2204 puv

2044 2213 2310 2288 niens,et
2333 2212 2383 2272 vi
2416 2231 2551 2273 eum
2577 2229 2711 2272 esse
2745 2229 3165 2289 persuasurum
3198 2210 3684 2285 arbitrans.Quo-

2043 2302 2199 2364 circa
2251 2301 2432 2382 jussit
2461 2301 2591 2380 ejus
2624 2309 2889 2360 ventrem
2949 2300 3545 2382 perfodiaquilarum
3578 2322 3683 2363 un-

2043 2390 2479 2470 guibus,donec
2510 2388 2658 2469 suis,
2684 2387 2898 2468 inquit,
2924 2387 3115 2450 oculis
3136 2407 3243 2450 sua
3265 2389 3458 2452 videat
3487 2390 3682 2454 intes-
3731 2460 3736 2464 _

2043 2481 2184 2542 tina.
2223 2479 2473 2559 Propter
2495 2497 2624 2558 qua:
2653 2476 2800 2538 dixit
2824 2487 3066 2558 martyr:
3094 2475 3216 2540 Cor
3245 2496 3442 2540 meum
3469 2487 3683 2544 etcaro

2041 2588 2173 2632 mea
2221 2567 2688 2632 exsultaverunt
2718 2572 2784 2628 in
2839 2568 3032 2629 Deum
3063 2567 3266 2629 vivum
3293 2569 3345 2627 8.
3381 2569 3556 2632 Sicut
3607 2588 3683 2632 ea:

2038 2658 2218 2738 adipe
2263 2666 2318 2720 et
2347 2657 2722 2738 pinguedine
2777 2657 3015 2736 repleta
3058 2663 3148 2718 est
3197 2659 3409 2720 anima
3440 2676 3596 2734 mea,
3630 2667 3684 2720 et

2043 2748 2224 2810 labiis
2252 2746 2683 2810 exsultationis
2739 2743 3021 2808 laudabit
3051 2763 3115 2806 os
3147 2763 3344 2808 meum
3368 2747 3422 2807 9.
3457 2745 3527 2808 Et
3555 2748 3682 2810 haec

2040 2837 2279 2919 quidem
2303 2837 2412 2900 sic.
2446 2837 2590 2909 Quae
2620 2842 2819 2896 autem
2848 2841 2986 2896 sunt
3017 2832 3303 2918 deinceps
3335 2845 3680 2918 consecuta,

2039 2926 2338 3008 quomodo
2369 2933 2398 2990 ?

2103 3015 2274 3080 XI.In
2297 3017 2497 3079 animo
2519 3014 2765 3096 quidem
2791 3013 3052 3078 habebat
3074 3021 3360 3095 tyrannus
3382 3033 3517 3078 eum
3541 3035 3684 3080 rur-

2042 3124 2142 3167 sus
2165 3106 2308 3168 dare
2330 3108 2391 3168 in
2416 3105 2844 3180 custodiam,ut
2865 3122 3000 3167 eum
3022 3122 3232 3167 rursus
3257 3107 3497 3186 puniret
3514 3125 3685 3170 acer-

2046 3193 2498 3274 bius.Egregius
2530 3203 2726 3258 autem
2747 3192 3268 3275 Stratonicus(jam
3294 3195 3453 3257 enim
3475 3205 3684 3276 postu-

2047 3285 2126 3346 lat
2156 3286 2340 3347 oratio
2372 3291 2434 3346 ut
2463 3283 2535 3346 ad
2569 3284 2748 3345 linem
2780 3283 3076 3346 deducam
3111 3284 3520 3365 promissum),
3545 3305 3682 3348 cum

2045 3374 2292 3436 vidisset
2339 3371 2678 3453 Hermylum
2719 3371 2807 3434 sic
2859 3373 3204 3452 patientem,
3241 3391 3352 3435 nec
3382 3374 3436 3436 ei
3486 3383 3688 3454 posset

2047 3462 2293 3526 omnino
2321 3481 2494 3542 opem
2522 3461 2968 3533 ferre,faciebat
2987 3461 3046 3522 id
3069 3461 3224 3542 quod
3249 3465 3689 3543 poterat:amici

2049 3550 2474 3623 miserebatur,
2509 3559 2569 3612 et
2614 3549 2896 3614 acerbum
2928 3550 3194 3612 dolorem
3250 3551 3523 3632 capiebat
3549 3554 3686 3615 vul-

2046 3650 2257 3722 tusque
2281 3641 2415 3721 ejus
2446 3639 2810 3713 conciderat,
2838 3646 2898 3701 et
2927 3659 2998 3701 ex
3027 3640 3160 3720 ejus
3191 3641 3380 3703 oculis
3413 3643 3681 3721 guttatim

2048 3729 2424 3811 profluebant
2452 3728 2876 3809 lacrymae.Quo
2903 3727 3121 3790 factum
3147 3737 3492 3806 est,ut,cum
3518 3731 3604 3793 sic
3623 3750 3688 3794 se

2047 3818 2318 3893 haberet,
2346 3837 2462 3880 non
2495 3818 2754 3899 potuerit
2784 3817 3005 3880 latere:
3041 3819 3146 3880 sed
3179 3837 3310 3880 cum
3345 3819 3584 3900 quidam
3617 3841 3688 3883 ex

2045 3907 2556 3971 commilitonibus
2588 3925 2723 3969 eum
2755 3907 2982 3968 tristem
3014 3906 3309 3968 vidissent
3339 3918 3397 3970 et
3420 3928 3682 3972 moeren-

2047 4007 2190 4072 tem,
2221 4006 2278 4059 et
2309 4015 2548 4060 causam
2576 3995 2664 4058 rei
2687 3995 3256 4078 deprehendissent,
3281 3997 3685 4077 adimperato-

2047 4105 2174 4149 rem
2199 4083 3320 4166 accedentes:Stratonicus,inquiunt,o
3342 4087 3688 4168 imperator,

2051 4175 2662 4251 Stratonicus,custos
2694 4175 3192 4255 carceris,aperte
3214 4175 3472 4237 ostendit
3500 4195 3564 4238 se
3587 4196 3688 4239 er-

319 4273 570 4326 Φαίνεται
632 4271 731 4348 γὰρ
787 4271 1209 4349 συναχθόμενος,
1248 4272 1334 4327 καὶ
1377 4269 1584 4338 πολλὴν
1635 4271 1763 4348 ὑπὲρ
1811 4275 1958 4329 αὐτοί

2050 4267 2204 4328 roris
2229 4275 2286 4326 et
2306 4262 2712 4328 Christianimi
2761 4263 3108 4326 societatem
3137 4263 3356 4326 habere
3378 4283 3510 4326 cum
3534 4266 3690 4330 Her-

318 4360 524 4440 τρέφων
581 4360 680 4424 τὴν
725 4357 899 4426 λύπην
953 4361 1027 4424 εἷς
1086 4359 1185 4428 τὴν
1217 4361 1428 4440 ψυχήν.
1483 4351 1540 4417 Ὀ
1571 4359 1624 4415 δὲ
1682 4380 1958 4435 μεταστει-

2055 4355 2228 4435 mylo.
2258 4353 2512 4416 Videtur
2539 4351 2696 4414 enim
2727 4354 2860 4432 ejus
2889 4352 3255 4433 misereri,et
3275 4354 3408 4433 ejus
3430 4373 3607 4418 causa
3631 4357 3694 4420 in

321 4449 553 4521 λάμενος
619 4448 766 4512 εὐθὺς
830 4449 922 4503 τὸν
981 4447 1357 4527 Στρατόνικον,
1421 4450 1465 4504 εἰ
1521 4447 1670 4526 φίλος
1729 4451 1820 4514 εἴη
1879 4455 1958 4503 τοί

2054 4444 2254 4505 animo
2275 4462 2549 4522 magnum
2584 4442 2853 4503 dolorem
2887 4441 3233 4523 concipere.
3263 4442 3370 4504 Ille
3401 4462 3538 4507 vero
3557 4466 3692 4508 cum

324 4531 588 4616 Ἐρμύλου
660 4534 1054 4600 διεπυνθάνετο,
1125 4539 1221 4595 Καὶ
1280 4538 1308 4592 ὃ
1343 4525 1618 4612 ίμαθητὴς
1673 4541 1770 4605 τῆς
1829 4534 1958 4602 ἁλη-

2055 4533 2256 4594 statim
2288 4531 2702 4594 accersivisset
2731 4531 3154 4607 Stratonicum,
3183 4531 3409 4611 rogavit
3431 4551 3505 4594 an
3535 4544 3699 4597 esset

322 4627 462 4689 θείας
522 4623 764 4700 οὐδαμῶς
841 4623 1178 4701 δὶεψεύτατο,
1242 4625 1358 4682 οὗδὲ
1415 4627 1682 4706 ἠνέσχετο
1740 4624 1832 4682 γαί
1893 4625 1958 4682 ἔτι

2053 4622 2280 4683 amicus
2305 4619 2591 4700 Hermyli.
2629 4619 2969 4701 Discipulus
2997 4628 3196 4681 autem
3229 4621 3496 4683 veritatis
3528 4624 3703 4687 mini-

324 4714 522 4792 ἆγεννῆ
595 4715 684 4769 καὶ
741 4712 977 4788 ἄτολμον
1049 4712 1234 4769 ἑαυτὸν
1290 4714 1640 4794 ἀποφαίνειν,
1700 4716 1787 4770 καὶ
1843 4714 1974 4791 κρύ-

324 4824 476 4858 πτειν
538 4799 660 4879 παρ⁹
694 4802 864 4877 ἐαυτῷ
921 4803 1018 4869 τὴν
1064 4799 1354 4862 εὗσέϐειαν.
1394 4800 1560 4858 Ἀλλὰ
1590 4804 1772 4878 καιρὸν
1830 4804 1974 4860 εἶναι

328 4888 612 4948 ὑπολαϐὼν
660 4897 752 4945 τοῦ
781 4889 878 4958 τῆν
935 4889 1202 4966 ἄπρακτον
1235 4891 1400 4957 ταύτη
1457 4891 1778 4968 θεογνωσίαν
1824 4892 1975 4962 ἔνερ-

329 4982 426 5057 γὸν
481 4978 746 5058 γενέσθαι,
779 4981 865 5035 καὶ
910 4979 1076 5037 πολὺν
1123 4981 1263 5054 αὐτῷ
1305 4981 1394 5036 τὸν
1444 4981 1649 5059 καρπὸν
1706 4981 1977 5054 μνηστεύ-

2058 4729 2154 4772 me
2195 4719 2285 4772 est
2319 4715 2628 4786 mentitus,
2665 4728 2778 4772 nec
2811 4709 3380 4786 sustinuitignavam
3413 4719 3470 4772 et
3499 4713 3699 4792 pusilli

2059 4799 2395 4880 abjectique
2426 4798 2610 4861 animi
2643 4798 2919 4878 pietatem
2953 4797 3106 4879 apud
3138 4817 3203 4860 se
3229 4800 3550 4863 occultare.
3584 4803 3700 4866 Sed

2063 4899 2296 4969 tempus
2327 4907 2460 4951 esse
2489 4888 2901 4964 arbitratus,ut
2927 4889 3055 4950 haec
3085 4889 3195 4951 Dei
3225 4888 3412 4949 otiosa
3436 4891 3700 4969 cognitio

2064 4977 2330 5059 prodiret
2359 4979 2430 5040 ad
2463 4997 2632 5060 opus,
2658 4986 2716 5040 ut
2747 4996 3023 5057 magnum
3047 4977 3157 5038 sibi
3185 4985 3419 5058 pararet
3437 4978 3700 5041 fructum

332 5071 518 5125 σασθαι
589 5066 656 5122 δι’
719 5067 1031 5148 ὁμολογίας,
1095 5067 1249 5147 φίλον
1323 5058 1524 5126 ἑαυτὸν
1571 5058 1832 5146 Ἐρμύλου
1887 5073 1958 5124 κα

2068 5058 2174 5147 per
2223 5058 2656 5142 confesionem,
2703 5085 2768 5128 se
2821 5085 2953 5130 esse
3001 5067 3256 5128 amicum
3301 5063 3590 5147 Hermyli,
3644 5079 3703 5132 et

337 5157 650 5232 Χριστιανὸν
706 5155 896 5218 εὖθέως
955 5155 1316 5235 ἀνωμολόγει,
1364 5159 1450 5214 καὶ
1508 5155 1717 5224 πολλῆν
1773 5163 1879 5214 τῶν
1919 5162 1958 5214 τε

2066 5155 2467 5218 Christianum
2497 5156 2767 5235 protinus
2796 5155 3231 5232 estconfessus,
3257 5163 3315 5218 et
3336 5175 3439 5218 eos
3469 5157 3570 5237 qui
3592 5175 3700 5219 co-

336 5245 536 5302 εἴδωλα
617 5241 878 5300 σεϐόντων
951 5247 1373 5323 καταγινώσκειν
1437 5246 1536 5315 τὴν
1620 5245 1801 5302 ἄνοιαν
1868 5254 1983 5303 Φοη

2067 5245 2194 5307 lunt
2240 5243 2582 5319 simulacra,
2616 5264 2845 5324 magna;
2896 5245 3254 5308 condemnat
3286 5246 3699 5325 ignorationis.

338 5332 530 5410 ϐοὖμαι
580 5334 702 5412 γὰρ,
737 5333 862 5409 ἐφη,
899 5335 1062 5407 μόνον
1093 5333 1200 5412 ἐγὼ
1231 5335 1320 5393 τὸν
1369 5337 1525 5409 Θεὸν,
1554 5337 1645 5392 τὸν
1678 5336 1958 5406 ποιήσαντι

2063 5337 2269 5424 Timeo
2313 5335 2493 5408 enim,
2531 5334 2746 5414 inquit,
2782 5353 2890 5414 ego
2921 5335 3112 5402 solum
3163 5337 3374 5412 Deum,
3411 5335 3511 5424 qui
3566 5335 3704 5410 fecit

338 5426 429 5480 τὸν
474 5424 693 5501 οὐρανὸν
736 5422 828 5477 καί
874 5424 967 5492 τὴν
995 5425 1122 5501 γῆν.

420 5600 450 5650 ’1
479 5595 634 5663 Psal.
669 5613 829 5669 anx,
860 5597 920 5660 2.
1003 5601 1036 5651 8
1063 5598 1214 5662 Psal.
1249 5614 1468 5672 Lxxxv,
1502 5600 1562 5664 2.

2063 5423 2277 5486 caelum
2310 5433 2370 5488 et
2400 5433 2640 5486 terram.

1648 5602 1680 5653 9
1713 5600 1874 5667 Psal.
1912 5617 2050 5676 LXII,
2089 5602 2148 5668 6.
