4018 6136
241 219 370 286 565

1255 221 1443 288 νΙΤΑ
1488 223 1592 286 SS.
1620 220 1997 310 HERMYLI
2044 219 2142 281 ET
2205 217 2691 282 STRATONICI.

3539 209 3658 275 566

230 361 314 430 τῷ
351 357 508 438 φίλῳ
557 359 744 435 πάθῃς
788 361 874 416 καὶ
920 359 1005 433 σὺ,
1065 359 1154 438 καὶ
1209 354 1362 426 δίκην
1420 355 1582 438 ἄμφω
1637 361 1735 424 τῆς
1771 355 1908 412 ἀπειε

2019 353 2152 414 dem
2210 369 2443 433 pcenam
2501 348 2953 438 inobedientim.
3011 346 3407 429 Respondens
3453 359 3653 413 autem

225 437 381 511 θείας
428 449 745 527 ὐποαχῆτε
787 448 1011 514 ταύτην,
1062 437 1380 504 ’Υπολαϐὼν
1432 444 1488 503 δὲ
1561 449 1589 503 ὁ
1646 445 1934 523 Στρατόνι·

226 555 358 616 κος»
394 535 654 599 Ἀθλιοξ
685 538 745 592 ἂν
776 537 925 616 εἵην,
960 539 1033 600 ὡς
1066 536 1304 612 ἀληθῶς,
1342 536 1526 616 εἶπεν,
1560 537 1604 592 εἰ
1633 535 1716 592 σοὶ
1743 534 1934 591 πειθό-

225 647 434 704 μενος,
495 628 770 689 θανόντος
814 626 1017 683 ἐκείνου
1061 625 1147 682 διὰ
1212 627 1464 704 Χριστὸν,
1523 627 1680 688 αὐτὸς
1724 623 1932 699 ἕλωμαι

222 721 353 791 ζῇν.
397 716 511 772 Καὶ
550 717 583 772 ὃ
630 715 863 778 Λικίνιος
894 733 910 751 '
952 717 1007 773 Τί
1036 713 1171 782 δῆτα
1205 714 1379 791 βο·5λει
1411 718 1502 771 καὶ
1544 717 1930 771 συναποθανεῖν

225 805 562 885 Ἐρεαῦλῳς
641 810 784 864 Παν.)
839 805 937 879 μὲν
995 807 1084 861 οὗν
1139 806 1166 860 ὸ
1222 809 1370 867 θετος
1443 803 1547 884 ἔφη
1636 802 1928 878 Στρατόνιο

229 915 326 959 κος
357 910 375 924 ⁶
440 896 544 951 καὶ
614 895 743 974 γὰρ,
815 896 859 950 εἰ
900 894 1082 953 κοινὰς
1127 895 1248 959 τοὺς
1287 893 1468 974 φίλους
1514 892 1664 973 ἔχειν
1707 891 1794 948 δεῖ
1834 893 1929 948 καί

231 983 331 1048 τας
391 984 728 1063 συμφορὰς,
806 985 1062 1062 προσήκει
1133 1005 1349 1044 παντως
1413 983 1598 1050 κοινὴν
1657 983 1926 1038 ποιεῖσθαι

233 1073 324 1128 καὶ
386 1072 504 1139 τὴν
552 1071 676 1129 τῶδ
721 1073 932 1149 ἀγαθῶν
978 1069 1295 1132 ἀπόλαυσιν,
1345 1072 1405 1130 Τί
1461 1069 1516 1126 δὲ
1574 1069 1636 1126 ἂν
1671 1072 1805 1144 ἡμῖν
1835 1075 1926 1125 τοῦ

228 1160 315 1218 διὰ
364 1163 628 1240 Χριστὸν
674 1165 865 1218 παθεῖν
910 1159 1165 1240 ἧδυτερόν
1215 1181 1272 1218 τε
1320 1163 1407 1217 καὶ
1438 1161 1756 1239 τιμιώτερον
1791 1178 1807 1239 ς
1841 1157 1924 1238 ἐφ’

228 1251 319 1313 οἷς
381 1252 480 1307 καὶ
537 1251 911 1330 Στρατόνικον
969 1263 1297 1326 μεταπεῖσαι
1346 1248 1513 1307 πλέον
1557 1249 1922 1326 ἀπαγορεέισας

227 1340 255 1397 ὃ
313 1339 636 1416 βααιλεὺς,
685 1341 783 1408 τὴν
830 1341 1018 1415 ὁμοίαν
1051 1341 1136 1396 γαὶ
1167 1339 1284 1396 κατ’
1319 1343 1478 1398 αὑτοῦ
1507 1337 1685 1394 δίδωσι
1715 1343 1920 1418 ψῆφον,

223 1432 314 1485 καὶ
346 1429 483 1486 ἴσον
521 1429 858 1510 ἀμφοτέρων
916 1429 1256 1506 κατεκρίνετο
1303 1427 1482 1503 τέλος,
1529 1430 1618 1492 οὓς
1670 1433 1757 1484 καὶ
1800 1426 1923 1485 ’ίσόν

223 1518 354 1583 ταῖς
419 1517 728 1586 ἀληθείαις
781 1517 937 1583 τέλος
986 1517 1231 1599 ἐδέχετο,
1286 1519 1375 1574 καὶ
1404 1518 1558 1586 κοινὴ
1587 1517 1922 1595 μακαριότης

226 1611 316 1663 καὶ
351 1607 704 1684 ἆγαλλίασις
718 1655 733 1670 .

308 1699 431 1761 ιΒι.
485 1695 748 1776 ’Ἡγοντο
791 1700 882 1756 οὖν
925 1701 973 1755 οἱ
1022 1697 1285 1776 μάρτυρες
1327 1697 1428 1765 τὴν
1454 1697 1543 1753 ἒπὶ
1583 1696 1793 1769 θανάτῳ
1823 1695 1918 1752 λέ-
1945 1725 1979 1774 3

227 1809 426 1864 γοντες
463 1805 483 1824 ο
560 1786 710 1854 Δόξα
768 1787 822 1843 li
891 1787 1135 1864 ὑψίστοις
1195 1794 1334 1862 Θεῷ,
1390 1786 1484 1842 καί
1529 1786 1615 1842 επὶ
1673 1789 1770 1852 τῆς
1814 1790 1916 1862 γῆς

227 1878 450 1953 εἰρήνη,
507 1875 571 1932 ἒν
644 1872 941 1953 ἀνθρώποις
989 1874 1197 1934 ειδδοκία
1229 1894 1246 1911 '
1293 1877 1493 1939 οἰκεῖος
1528 1877 1556 1931 ὁ
1601 1872 1765 1950 ὕμνος
1809 1881 1916 1931 τῶν

227 1966 456 2042 ἀγαθῶν
520 1987 685 2028 τινος
745 1964 1038 2022 ἀπολαύειν
1098 1965 1429 2040 μελλόντων,
1496 1969 1556 2024 οὐ
1617 1969 1724 2020 τῶν
1785 1965 1915 2043 πρὸς

223 2055 462 2111 θάνατον
528 2056 570 2122 ἢ
638 2053 771 2111 ἄλλο
833 2077 888 2111 τι
950 2056 1127 2112 αἴτιον
1181 2055 1476 2135 κατηφείας
1532 2054 1913 2133 ἀπαγομένων,

232 2134 324 2206 Ὠς
384 2141 443 2199 δὲ
507 2143 629 2212 ἤδη
670 2145 764 2201 τὸν
818 2145 1063 2219 ποταμὸν
1092 2134 1390 2201 κατέλαϐον
1417 2143 1471 2200 ἐν
1505 2145 1746 2221 σαργάνῃ
1778 2143 1918 2222 παρᾶ

229 2240 336 2289 τὼν
383 2235 465 2296 εἷς
513 2234 690 2292 τοῦτο
733 2234 1075 2314 τεταγμένα-ιν
1123 2233 1433 2312 βληθέντες,
1479 2238 1557 2306 τῷ
1609 2234 1763 2310 βυθεῖ
1804 2255 1914 2289 πα-

233 2321 656 2400 ραπέμπονται.
724 2323 1018 2399 Δεξάμενος
1112 2322 1294 2398 μέντοι
1373 2324 1438 2379 τὰ
1513 2323 1740 2394 σώματα
1810 2324 1914 2378 τῶν

236 2411 408 2488 ἁγίων
469 2415 500 2469 ὁ
547 2414 826 2492 ποταμὸς,
900 2416 998 2468 καὶ
1057 2412 1183 2470 ὅσον
1239 2412 1341 2469 tau
1397 2414 1459 2470 τὸ
1511 2413 1718 2490 ῥεῖθρον
1749 2413 1912 2491 ἁγια-

238 2502 401 2573 σθεὶς,
460 2503 630 2580 χερσὶ
675 2508 882 2557 πιστῶν
925 2498 1166 2557 ἐκδίδωσι
1223 2499 1384 2559 πάλιν
1431 2509 1618 2573 ταὺτα,
1653 2502 1909 2575 καθάπερ,

236 2590 426 2665 οἶμαι,
485 2591 766 2667 θησαυρὸν
823 2597 1062 2648 τ)ιοῠτον
1118 2588 1246 2670 παρ’
1316 2591 1486 2666 ἑαυτῷ
1530 2591 1782 2666 κρύπτειν
1824 2592 1916 2646 οὒκ

239 2678 520 2760 ἐνεγκὼν,
626 2681 718 2736 καὶ
809 2679 1130 2747 τηλικοῦτον
1205 2687 1478 2755 ζημιῶσαι
1567 2681 1911 2758 Χριστιανοὺς

239 2767 441 2844 ἀγαθὸν
531 2771 639 2836 τῆς
749 2768 968 2845 πρώτης
1072 2768 1405 2846 ἆγαθότητος
1491 2768 1588 2826 οὒκ
1669 2769 1910 2850 ἀνασχο-

246 2857 432 2928 μένης.
510 2859 668 2916 Μετὰ
749 2865 874 2936 γοῦν
932 2860 1116 2936 τρίτην
1176 2858 1228 2924 ἐξ
1283 2859 1484 2917 ἐκείνου
1542 2859 1768 2937 ἡμέραν,
1845 2865 1912 2936 τῇ

247 2946 430 3024 χέρσῳ
518 2953 747 3022 κείμενα
801 2948 864 3006 τὰ
947 2949 1244 3026 μαρτυρικὰ
1304 2948 1528 3023 σώματα
1600 2949 1908 3026 καθωράθη,

251 3036 336 3091 καί
364 3058 506 3098 τινες
561 3035 748 3115 ἄνδρες
786 3037 1056 3116 θεοφιλεῖς
1101 3039 1188 3093 καὶ
1238 3038 1328 3101 οἷς
1389 3037 1538 3116 ἔργον
1582 3039 1749 3117 ἁγίων
1804 3041 1907 3104 θη·
1929 3082 1969 3132 C

255 3127 344 3198 ρᾷν
399 3125 632 3199 σώματα
679 3127 1059 3206 περιτυχόντες
1101 3126 1315 3201 αὐτοὺς,
1377 3132 1534 3206 χερσί
1583 3148 1637 3182 τε
1710 3126 1907 3184 ποθού-

262 3232 374 3274 σαις
432 3211 674 3277 εἰλαϐὧς
719 3213 1057 3293 ἀνελόμενοι,
1111 3217 1197 3271 καὶ
1252 3214 1448 3289 ὕμνους
1493 3215 1787 3288 ἒπᾴααντες
1825 3218 1908 3271 ἱε-

271 3301 407 3379 ροὺς,
448 3305 534 3359 καὶ
576 3303 679 3359 ὅσα
711 3304 872 3378 νόμος
930 3312 1275 3383 Χριστιανοϊς
1312 3303 1648 3379 τελέσαντες,
1695 3304 1749 3360 ἒξι
1807 3327 1910 3362 τινι

273 3387 417 3460 τόπῳ
442 3391 678 3455 σταδίους
707 3394 851 3450 ὀκτὼ
881 3396 970 3450 καὶ
1027 3392 1153 3450 δέκα
1199 3399 1296 3461 τῆς
1340 3392 1548 3459 πόλεως
1584 3392 1910 3472 Σιγγάδονος

270 3476 540 3558 ἀπέχοντι,
600 3484 738 3555 ὁμοῦ
802 3484 1170 3540 κατατίθενται
1216 3493 1406 3556 ταυτα,
1443 3480 1537 3538 ἵνα
1584 3485 1734 3539 κοινᾶ
1784 3484 1908 3540 τού-

265 3587 367 3632 τοις
423 3570 592 3628 πάντα
675 3576 764 3627 καὶ
847 3572 1032 3652 φιλικᾶ
1088 3573 1328 3652 γίνηται,
1393 3575 1426 3641 ἡ
1489 3573 1620 3646 πρὸς
1683 3575 1910 3650 Χριστὸν

261 3656 533 3736 ὁμολογία,
581 3661 620 3728 ἡ
669 3660 721 3716 ἐν
794 3669 870 3734 τῷ
928 3661 1267 3740 δεσμοτηρίῳ
1340 3661 1681 3734 κατοίκησις,
1741 3666 1776 3733 ἡ
1832 3664 1906 3730 εἷς

257 3746 342 3800 τὸν
401 3751 650 3824 ποταμὸν
685 3749 996 3825 κατάλυσις,
1043 3754 1076 3820 ἡ
1120 3751 1228 3809 ἔνω
1257 3751 1431 3824 λῆξις,
1467 3754 1499 3819 ὴ
1538 3750 1621 3827 ἐφ’
1652 3752 1729 3807 ἑνὶ
1761 3753 1910 3827 τόπῳ

258 3841 356 3889 τῶν
428 3841 702 3910 σωμάτων
775 3841 1080 3914 κατάθεσις,
1144 3842 1328 3920 χάριτι
1387 3845 1473 3897 καὶ
1544 3838 1910 3920 φιλανθρωπίᾳ

256 3923 343 3980 ττιῦ
405 3926 593 4002 Κῦρίου
648 3928 804 4000 ἡμῶν
847 3929 1027 3996 Ἰησοῦ
1075 3937 1326 4010 Χριστοῦ,
1383 3929 1501 4006 μεθ’
1559 3929 1619 3985 οὗ
1673 3952 1750 4004 τῳ
1794 3938 1908 3987 [Ια-

255 4013 440 4087 τρὶκαὶ
500 4021 579 4090 τῷ
640 4017 775 4094 ἁγέῳ
823 4018 1109 4093 Πνεύματι,
1156 4017 1300 4098 δόξα,
1357 4020 1572 4097 κράτος,
1629 4020 1762 4092 τιμὴ
1820 4015 1907 4077 καὶ

255 4102 628 4177 προτκύνησις,
680 4112 767 4162 νῦν
811 4107 898 4163 καὶ
954 4109 1027 4171 εἷς
1089 4109 1206 4172 τοὺς
1254 4110 1448 4172 αἰῶνας
1508 4111 1614 4165 τῶν
1671 4109 1900 4178 αἰώνων,

259 4188 449 4267 Ἀμήν.

335 4457 381 4501 ¹¹
414 4459 557 4526 Luc.
591 4482 654 4539 ιι,
692 4463 791 4527 t4.

335 4636 412 4714 (1)
441 4636 592 4703 Nota
625 4640 717 4704 hic
751 4641 1193 4704 ecclesiasticos
1227 4645 1285 4704 in
1317 4643 1443 4706 fun.

2019 441 2392 506 Stratonicus
2423 457 2436 500 :
2473 440 2719 514 Revera,
2749 437 2967 518 inquit,
3004 440 3187 500 miser
3213 439 3514 514 fuerim,si
3547 441 3657 504 tibi

2018 550 2259 613 parens,
2297 549 2430 592 cum
2463 530 2566 592 ille
2607 529 2684 590 sit
2749 535 3020 590 mortuus
3051 536 3297 610 propter
3326 527 3654 604 Christum,

2017 625 2143 700 ipse
2164 621 2338 682 velim
2373 617 2865 682 vivere.Licinius
2887 625 3088 680 autem
3126 636 3140 679 :
3175 617 3330 692 Quid
3352 635 3493 698 ergo
3514 618 3546 678 ?
3568 620 3658 682 vis

2016 711 2164 772 mori
2198 729 2332 771 cnm
2363 709 2646 790 Hermylo
2674 707 2976 770 ‘!Maxime
3029 708 3303 789 quidem,
3335 708 3533 786 inquit
3555 708 3654 771 di-

2013 801 2179 860 vinus
2209 799 2599 862 Stratonicus.
2635 797 2896 870 Etenim,
2927 795 3203 879 inquit,si
3232 804 3470 878 oportet
3495 799 3654 861 ami-

2011 908 2113 950 cos
2143 906 2494 951 communes
2528 886 2750 949 habere
2784 885 3420 966 calamitates,oportet
3447 889 3651 950 omni-

2013 996 2092 1040 no
2125 997 2227 1040 eos
2248 997 2483 1060 quoque
2511 976 2684 1039 bonis
2703 976 2816 1038 frui
2841 975 3421 1048 communiter.Quid
3445 984 3650 1040 autem

2012 1067 2183 1130 nobis
2215 1068 2392 1129 fuerit
2417 1067 2746 1148 jucundius
2790 1073 2891 1127 aut
2939 1065 3284 1145 pretiosius,
3318 1083 3494 1147 quam
3531 1067 3654 1148 pati

2011 1167 2254 1239 propter
2285 1155 2618 1221 Christum?
2646 1154 2898 1236 Propter
2927 1172 3059 1235 quas
3096 1173 3234 1216 cum
3267 1155 3648 1236 desperasset

2008 1247 2336 1327 imperator
2366 1247 2492 1308 ﬂeri
2529 1262 2726 1325 posse,
2759 1253 2822 1306 ut
2856 1243 3239 1324 persuaderet
3287 1242 3642 1318 Stratonice,

2010 1337 2267 1398 similem
2292 1354 2531 1418 quoque
2563 1335 2624 1395 in
2657 1353 2794 1396 eum
2826 1334 2939 1394 fert
2959 1334 3410 1406 sententiam,et
3430 1336 3644 1399 eodem

2006 1427 2126 1489 fine
2187 1437 2509 1507 utrumque
2565 1425 2929 1486 condemnat
2967 1440 2981 1486 :
3017 1441 3166 1504 quos
3218 1425 3397 1485 etiam
3433 1442 3646 1489 revera

2008 1535 2113 1598 par
2145 1517 2279 1577 finis
2310 1516 2567 1597 excepit,
2599 1513 3056 1594 communisque
3113 1512 3416 1577 beatitudo
3447 1524 3504 1576 et
3533 1534 3641 1579 ex-

2005 1606 2267 1667 sultatio.

2083 1695 2191 1759 XII
2220 1695 2307 1758 Ad
2335 1702 2584 1757 mortem
2619 1693 2818 1776 itaque
2837 1692 3214 1757 ducebantur
3243 1695 3647 1775 martyres,tll-

2001 1794 2208 1848 centes
2244 1805 2257 1845 :
2288 1785 2503 1847 Gloria
2533 1789 2598 1846 in
2628 1784 2880 1847 excelsis
2903 1785 3110 1858 Deo,et
3139 1786 3393 1846 interra
3417 1786 3640 1865 paxin

1998 1873 2346 1938 hominibus
2396 1876 2552 1938 bona
2609 1875 2894 1936 voluntas
2944 1873 3044 1936 “z
3097 1873 3201 1954 qui
3259 1873 3498 1954 quidem
3549 1884 3645 1939 est

2000 1966 2254 2044 hymnus
2281 1964 2646 2026 conveniens
2676 1963 2770 2038 iis,
2818 1963 2917 2045 qui
2978 1971 3116 2024 sunt
3147 1962 3368 2024 bonum
3395 1963 3639 2045 aliquod

1999 2053 2387 2114 consecuturi
2449 2076 2464 2115 :
2523 2071 2639 2113 non
2695 2070 2904 2113 eorum
2963 2053 3071 2128 qui
3128 2051 3510 2114 deducuntur
3564 2054 3640 2116 ad

2001 2151 2278 2217 mortem,
2313 2151 2413 2204 aut
2443 2142 2515 2203 ad
2566 2141 2828 2222 aliquam
2882 2141 3057 2202 aliam
3089 2159 3329 2204 causam
3362 2143 3636 2206 tristitiae.

1997 2231 2312 2314 Postquam
2374 2243 2570 2293 autem
2623 2232 2744 2309 jam
2806 2229 3224 2310 pervenissent
3254 2231 3326 2293 ad
3361 2232 3634 2308 ﬂuvium,

1997 2321 2056 2382 in
2086 2328 2249 2382 recte
2274 2319 2481 2401 injecti
2514 2318 2587 2381 ab
2621 2319 2714 2389 iis,
2751 2318 2968 2400 quibus
3000 2320 3113 2381 hoc
3146 2319 3346 2381 datum
3377 2328 3506 2381 erat
3523 2339 3634 2384 ne-

1997 2412 2245 2490 gotium,
2282 2409 2762 2472 transmittuntur
2791 2408 2852 2470 in
2901 2409 3289 2487 profundum.
3321 2408 3463 2471 Cum
3497 2429 3635 2474 sus-

1998 2501 2258 2581 cepisset
2314 2507 2512 2560 autem
2570 2499 2781 2560 ﬂuvius
2831 2516 3083 2577 corpora
3139 2505 3523 2581 sanctorum,
3577 2508 3638 2563 et

1997 2598 2220 2673 quanto
2253 2587 2514 2668 oportuit
2541 2587 2763 2650 ﬂuento
2795 2596 2951 2650 esset
2977 2589 3480 2662 sanctificatus,ea
3496 2607 3636 2651 rur-

1997 2699 2100 2742 sus
2133 2678 2311 2740 tradit
2341 2677 2617 2740 manibus
2649 2677 2910 2739 ﬁdelium
2948 2697 2960 2736 :
2999 2687 3062 2738 ut
3086 2677 3188 2758 qui
3223 2678 3502 2752 talem,ut
3529 2696 3634 2741 ar-

1999 2769 2212 2843 bitror,
2248 2769 2594 2830 thesaurum
2645 2765 2799 2848 apud
2858 2784 2922 2827 se
2977 2765 3202 2828 diutius
3257 2766 3483 2830 abdere
3517 2788 3637 2832 non

1997 2858 2398 2932 sustinuisset,
2432 2862 2492 2918 et
2533 2855 2685 2918 tanti
2719 2855 2859 2918 boni
2884 2856 3119 2935 jactura
3157 2857 3396 2920 afficere
3425 2855 3634 2921 Chris-

1997 2948 2208 3021 tianos,
2245 2963 2380 3007 cum
2413 2947 2606 3026 prima
2633 2961 2842 3006 eorum
2897 2963 3014 3006 non
3047 2945 3424 3026 apparuisset
3451 2945 3634 3008 boni-

1995 3045 2082 3098 tas
2114 3035 2316 3098 Tertio
2349 3053 2490 3112 ergo
2523 3032 2622 3096 die
2657 3041 2882 3114 postea,
2909 3039 3028 3096 visa
3053 3043 3191 3097 sunt
3207 3053 3458 3115 corpora
3481 3054 3636 3098 mar-

1995 3134 2182 3207 tyrum
2217 3144 2232 3186 :
2268 3125 2326 3184 in
2357 3141 2490 3202 qua:
2517 3141 2652 3183 cum
2685 3122 3041 3185 incidissent
3062 3123 3303 3204 quidam
3328 3124 3438 3186 viri
3459 3124 3634 3205 pii,et

1995 3233 2245 3297 quorum
2309 3222 2439 3275 erat
2471 3211 2733 3274 ofﬁcium
2792 3213 3063 3274 vcnerari
3107 3232 3361 3294 corpora
3389 3224 3633 3278 sancto-

1993 3323 2149 3378 rum,
2186 3311 2245 3365 et
2274 3321 2343 3364 ea
2396 3301 2739 3380 optantibus
2789 3302 3064 3364 manibus
3125 3303 3221 3384 pie
3253 3321 3322 3364 ac
3350 3304 3633 3382 religiose

1992 3393 2426 3474 suscepissent,
2492 3399 2550 3453 et
2596 3407 2800 3453 sacros
2857 3391 3108 3471 hymnos
3159 3391 3542 3467 cecinissent,
3575 3403 3636 3456 et

1995 3500 2362 3565 quaecunque
2397 3498 2525 3542 mos
2557 3489 2648 3541 est
2675 3477 3029 3541 Christianis
3083 3481 3194 3561 (1),
3231 3481 3630 3564 peregissent,

1995 3574 2052 3634 in
2087 3571 2343 3654 quodam
2407 3571 2566 3649 loco,
2624 3568 2725 3648 qui
2775 3569 3104 3631 octodecim
3165 3570 3374 3632 stadiis
3405 3570 3636 3635 abesta

1993 3663 2225 3725 civitate
2257 3659 2620 3739 Singedonc,
2657 3675 2726 3719 ea
2750 3657 2928 3720 simul
2962 3658 3294 3740 deponunt,
3321 3670 3382 3722 ut
3413 3662 3503 3724 eis
3534 3681 3634 3725 es-

1993 3761 2126 3814 sent
2179 3750 2382 3812 omnia
2439 3747 2805 3822 communia,
2862 3756 2919 3808 et
2965 3749 3199 3814 amica:
3237 3751 3296 3812 in
3329 3749 3634 3815 Christum

1994 3839 2316 3912 confessio,
2349 3839 2409 3900 in
2443 3854 2684 3899 carcere
2716 3837 3096 3912 habitatio,in
3121 3841 3366 3902 ﬂumine
3396 3840 3638 3905 demer-

1993 3935 2108 4006 sio,
2141 3946 2416 4010 superna:
2447 3926 2650 4005 gloria:
2674 3934 3039 4004 consecutio,
3084 3930 3142 3989 in
3178 3948 3295 3991 uno
3327 3931 3460 3992 loco
3491 3950 3630 3993 cor-

1991 4040 2200 4102 porum
2257 4017 2552 4100 depositio
2613 4037 2627 4076 :
2677 4016 2864 4095 gratia
2913 4027 2971 4078 et
3001 4018 3364 4098 benignitate
3395 4019 3636 4084 Domini

1990 4112 2175 4172 nostri
2203 4111 2342 4172 Jesu
2375 4106 2764 4180 Christi,cum
2803 4126 2919 4187 quo
2952 4105 3108 4168 Patri
3140 4109 3318 4170 simul
3352 4117 3634 4174 etsancto

1985 4201 2207 4280 Spiritu
2237 4199 2449 4276 gloria,
2483 4202 2772 4277 potentia,
2807 4199 2997 4257 honor
3050 4205 3108 4259 et
3135 4199 3428 4281 adoratio,
3467 4219 3630 4265 nunc

1984 4300 2041 4352 et
2069 4290 2130 4352 in
2162 4287 2377 4350 saecula
2409 4285 2785 4348 saeculorum.
2823 4286 3033 4348 Amen.
