3972 6130
158 304 293 373 573-

1296 311 1482 373 VITA
1529 311 1586 373 S.
1636 310 1955 375 JOANNIS
1994 308 2413 373 CALYBITAS.

3422 311 3538 376 574

153 438 293 500 Λάϐε
350 439 489 519 παρ’
552 439 687 516 ὶμοῦ
741 443 835 499 τὸν
890 442 1078 518 μισθόν
1134 464 1252 523 σου²
1323 443 1487 519 μόνον
1552 441 1798 503 διάσωσοι

1897 442 2074 515 datis,
2107 460 2213 505 vos
2245 462 2361 506 una
2411 460 2545 506 cum
2584 441 2834 525 reliquis
2885 439 3169 505 oneribus
3220 443 3537 524 accipiam.

149 532 317 605 ἡμᾶς.
369 531 475 587 Καὶ
539 529 820 590 ὶχϐάλλων
880 533 947 589 τὰ
1000 533 1188 589 ἑκατὸν
1248 534 1553 609 νομίσματα
1603 532 1811 593 δίδωσιν

148 620 288 694 αὐτῷ
345 616 536 698 λέγων
573 636 590 651 ⁶
641 619 841 697 Δέομαι
885 644 1004 697 σου,
1063 623 1340 689 σκὸπησον
1374 624 1464 679 τὸν
1508 623 1663 703 ἀέρα,
1723 624 1812 681 καὶ

146 708 269 765 ὅταν
300 706 433 785 ἴδῃς
480 711 585 765 τὸν
615 708 810 785 ἄνεμοι
842 710 1143 782 ἐπιτήδειον
1174 713 1324 770 εἶναι
1371 714 1503 791 πρὸς
1535 714 1634 781 τὴν
1666 711 1811 771 ὁδοι-

146 799 331 876 πορίαν
391 800 586 873 ἡμῶν,
635 798 696 855 ἐκ
738 807 833 856 τοῦ
872 800 1060 858 πλοίου
1104 804 1324 877 νεύματι
1366 804 1592 859 κάλεσον
1643 802 1808 877 ἡμᾶς’

145 886 464 965 ὁφορώμεθα
526 888 634 966 γάρ
676 910 822 956 τινας
879 893 967 948 καὶ
1016 890 1256 967 θέλωμεν
1300 899 1442 971 φυγῇ
1476 895 1808 972 χρήσασθαι.

1895 533 2063 596 Τιιηο
2090 534 2176 596 illi
2206 536 2472 598 Joannes
2502 554 2516 595 :
2541 533 2764 615 Accipe
2793 552 2826 594 a
2853 550 2949 595 me
2972 530 3316 594 mercedem
3350 541 3535 611 tuam,

1895 624 2075 686 modo
2103 643 2212 685 nos
2245 623 2439 686 salvos
2472 621 2921 705 pervehas.Hoc
2952 640 3086 683 cum
3121 619 3538 699 dixisset,cen-

1896 721 2018 775 tum
2050 731 2327 775 nummos
2355 731 2569 775 aureos
2603 713 2660 776 ei
2692 713 3060 774 numeravit:
3097 729 3245 792 quos
3267 730 3405 774 cum
3431 711 3537 775 da.

1893 811 1986 865 ret
2015 824 2028 865 :
2055 802 2466 885 Rogo,inquit,
2496 813 2576 877 te,
2603 802 2878 876 frater,ut
2907 800 3122 863 coelum
3148 800 3344 882 ipsum
3378 801 3535 864 bene

1894 891 2206 973 inspicias,
2241 909 2502 974 cumque
2534 892 2584 952 is
2613 900 2822 953 ventus
2855 891 3000 952 ﬂare
3032 890 3299 971 incipiat,
3326 890 3432 971 qui
3459 889 3533 953 ad

148 974 335 1073 "Arsami
396 976 495 1034 οὖν
561 981 593 1035 6
648 978 947 1057 ναύκληρος
992 982 1057 1038 τὰ
1113 982 1415 1056 νομίσματα
1466 981 1610 1058 λέγει
1641 985 1798 1057 αὖτῷ⁴

1895 999 2006 1042 nos
2036 980 2339 1044 vehendos
2372 982 2626 1043 idoneus
2660 999 2794 1043 esse
2823 980 3175 1061 possit,tunc
3210 981 3266 1040 in
3302 980 3533 1059 navigio

168 1066 373 1123 Απελθε
438 1066 500 1123 ἐν
551 1070 763 1146 εἰρήνῃ,
814 1070 960 1147 ιιύριέ
1004 1072 1104 1146 μό.»
1138 1088 1152 1103 ⁸
1200 1070 1309 1148 ἐγὼ
1351 1071 1450 1150 γὰρ
1494 1072 1629 1147 ὑμᾶς
1687 1070 1798 1128 δια-

1898 1078 1998 1132 tuo
2030 1080 2219 1146 stans,
2254 1089 2363 1133 nos
2394 1070 2556 1150 ipsos
2590 1081 2733 1133 nutu
2767 1088 2944 1132 voces
2978 1087 2992 1131 :
3028 1077 3339 1150 suspectos
3370 1073 3532 1132 enim

149 1157 320 1227 σώζω.
397 1153 619 1214 Ἐλθὼν
690 1158 779 1215 οὖν
838 1162 866 1215 6
943 1159 1196 1227 Ἰωάννης
1276 1156 1578 1238 διηγήσατο
1636 1160 1798 1217 πάντα

1891 1160 2181 1223 habemus
2204 1160 2496 1238 quosdam
2540 1160 2838 1236 homines,
2874 1168 2932 1221 et
2963 1159 3092 1238 fuga
3119 1159 3198 1220 uti
3229 1158 3528 1223 volumus.

150 1252 223 1316 τῷ
277 1242 442 1321 ἄϐϐᾆ,
508 1248 721 1324 κρύψας
784 1248 890 1306 ἄπο
950 1258 1042 1309 τοῦ
1100 1249 1313 1324 παιδὸς,
1372 1256 1464 1307 τοῦ
1506 1251 1581 1313 εἰς
1637 1248 1798 1331 φύλα-

1891 1254 2032 1311 Tum
2054 1252 2411 1321 ille,centum
2433 1254 2625 1310 aureis
2650 1268 2725 1311 nu
2739 1253 2906 1309 mmis
2920 1250 3359 1321 acceptis,vslde
3376 1249 3537 1310 laeta-

150 1333 242 1398 Ειν.
1891 1346 1987 1401 tus
2012 1338 2179 1399 dixit:
2210 1339 2400 1409 Vade,
2422 1338 2667 1400 domine
2693 1337 2795 1413 mi,
2833 1345 2893 1398 et
2916 1355 3163 1399 securus
3193 1344 3341 1411 esto,
3377 1335 3537 1416 quod

150 1441 243 1485 vos
297 1423 660 1489 incolumes
692 1426 1036 1508 perveham.
1088 1426 1249 1490 Abiit
1278 1427 1455 1507 igitur
1507 1426 1795 1503 Joannes,
1830 1436 1890 1492 et
1934 1428 2228 1490 monacho
2280 1445 2410 1490 rem
2444 1432 2702 1488 narravit
2758 1426 2913 1489 clam
2947 1444 3132 1507 puero
3188 1425 3317 1501 illo,
3353 1442 3530 1505 quem

148 1518 310 1592 pater
340 1516 672 1597 custodem
702 1524 1087 1597 apposuerat.

225 1603 301 1665 Z'.
358 1596 627 1685 Ἠμερῶν
685 1604 739 1663 δὲ
786 1596 1203 1685 ίδιαγενομένων
1268 1606 1412 1685 λεγὲι
1455 1614 1532 1681 τῷ
1575 1608 1807 1688 μοναχῷ

149 1694 229 1749 καὶ
284 1698 366 1767 τῷ
414 1694 576 1751 παιδὶ
637 1697 665 1752 6
697 1695 952 1761 Ἰωάννης
984 1714 999 1730 ⁸
1049 1694 1393 1771 Ἀπέλθωμεν
1436 1699 1567 1776 πρὸς
1599 1698 1688 1753 τὸν
1719 1699 1808 1754 αἷ-

1974 1605 2082 1667 VII
2112 1605 2249 1667 Post
2270 1605 2507 1688 aliquod
2530 1605 2823 1687 temporis
2848 1604 3246 1668 intervallum.
3272 1603 3538 1667 Joannes

1895 1696 2188 1757 monacho
2216 1704 2272 1757 et
2299 1714 2483 1777 puero
2510 1695 2904 1758 dixitzEamus
2920 1695 2990 1756 ad
3015 1692 3280 1756 fluminis
3310 1694 3526 1773 ripam,

151 1780 358 1860 γιαλδν,
424 1783 513 1841 δτι
584 1784 686 1847 ἕως
745 1782 833 1843 δύο
876 1787 1093 1863 ἡμερῶν
1122 1782 1355 1852 δεξίωσίς
1390 1786 1480 1861 μοί
1521 1786 1657 1861 ἐστι,
1718 1788 1798 1843 καῖ

1893 1804 1963 1847 eo
1988 1785 2142 1865 quod
2168 1785 2322 1849 intra
2348 1786 2498 1848 duos
2521 1785 2654 1848 dies
2675 1785 2935 1847 futurum
2958 1794 3139 1862 est,ut
3159 1802 3265 1862 ego
3295 1782 3532 1845 sodales

148 1872 329 1951 χρείαν
391 1870 518 1953 ἔχω
565 1873 734 1933 καλοῦ
761 1896 905 1938 τινος
938 1875 1144 1955 ἰχθύος.
1184 1875 1290 1933 Καὶ
1340 1875 1683 1934 ἀπελθόντων
1731 1879 1798 1941 εἱς

1892 1892 2059 1936 meos
2090 1876 2149 1935 in
2182 1874 2512 1937 convivium
2544 1876 2857 1956 accipiam,
2894 1874 3051 1937 unde
3102 1873 3245 1937 boni
3274 1871 3533 1953 ulicujus

150 1962 235 2018 τὸν
291 1961 587 2045 αἰγιαλὸν,
632 1963 834 2022 κελεύει
887 1972 1020 2022 Θεοῦ
1076 1964 1295 2044 γέγονεν
1354 1965 1549 2043 ἄνεμος
1607 1965 1798 2037 ἐπιτή-

1891 1963 2072 2045 piscis
2091 1964 2341 2026 obsonio
2366 1965 2878 2045 indigemus.Cum
2900 1964 3080 2042 igitur
3100 1982 3171 2026 eo
3201 1967 3527 2036 venissent,

150 2048 300 2119 δειος,
364 2054 458 2109 καὶ
526 2052 727 2131 ἤρξατο
787 2055 1006 2128 νεύμασι
1051 2054 1470 2133 προσκαλεῖσθαι
1530 2057 1719 2120 αὐτοὺς
1778 2057 1798 2112 6

1891 2050 1996 2115 Dei
2019 2053 2324 2116 voluntate
2346 2054 2563 2117 factum
2587 2062 2696 2130 est,
2733 2062 2800 2116 ut
2819 2063 3027 2117 ventus
3051 2052 3413 2134 navigationi
3434 2069 3533 2114 ac-

152 2139 470 2221 ναύιιληρος,
508 2143 606 2211 Μὴ
665 2141 945 2220 δυνάμενοι
1002 2145 1056 2201 δὲ
1100 2147 1286 2204 λαθεῖν
1323 2148 1414 2204 τὸν
1457 2145 1648 2223 παῖδα,
1706 2145 1798 2203 λέ-

1891 2143 2305 2205 commodatus
2340 2146 2485 2207 ﬂare
2507 2144 2997 2224 casperitJtaque
3021 2143 3338 2207 nauclerus
3366 2161 3399 2203 e
3419 2159 3533 2203 na-

154 2251 329 2306 γουσιν
387 2236 543 2308 αὒτῷ
582 2251 597 2265 '
635 2233 908 2292 ’Λπελθὼν
940 2234 1023 2291 ἴδε
1052 2237 1102 2293 τί
1157 2235 1478 2315 πράττουσιν
1534 2237 1582 2293 οἱ
1614 2235 1798 2299 παῖδες

1891 2233 2042 2312 vigio
2073 2233 2207 2314 ipso
2240 2234 2472 2297 crebris
2499 2233 2745 2297 nutibus
2766 2234 2903 2297 illos
2934 2233 3355 2296 vocabat.Cum
3388 2249 3531 2293 vero

159 2318 209 2376 ὶν
261 2326 330 2396 τῇ
416 2320 699 2403 διατριόἧ,
784 2324 873 2380 καὶ
959 2323 1124 2382 ἐλθὼν
1184 2326 1425 2401 εδρήσεις
1478 2326 1622 2399 ἡμᾶς
1677 2323 1798 2388 ὦδε.

1892 2340 2142 2404 puerum
2172 2340 2375 2385 secum
2411 2341 2627 2404 capere
2659 2342 2776 2385 non
2811 2330 3071 2404 possent,
3112 2321 3169 2384 ei
3201 2322 3480 2383 dixerunt
3513 2336 3528 2380 :

160 2406 513 2474 Ἀπελθόντος
597 2415 689 2468 οὗν
764 2412 947 2493 αὐτοῦ,
1020 2412 1277 2488 ἐμϐάντες
1348 2416 1420 2479 εἷς
1491 2416 1554 2471 τὸ
1609 2413 1805 2473 πλοῖον

156 2497 431 2574 ἔπλευσαν,
496 2502 594 2559 καὶ
652 2500 993 2564 διασωθέντες
1052 2503 1215 2572 ἦλθον
1258 2505 1330 2568 εἷς
1373 2506 1435 2561 τὸ
1492 2504 1646 2583 ἅγιον
1693 2528 1801 2578 μο-

158 2591 437 2666 ναστήριον
494 2591 706 2654 ἐκεῖνο.
742 2592 1053 2671 Διηγῆσατο
1108 2592 1164 2650 δὲ
1207 2596 1235 2650 6
1296 2591 1461 2658 άϐϐἇς
1490 2606 1609 2658 τοῖς
1640 2592 1801 2651 ἀδελ-

159 2691 273 2756 φοῖς
330 2678 554 2737 ἅπαντα
598 2682 665 2738 τὰ
720 2680 922 2756 ἀληθῆ,
969 2684 1057 2739 καὶ
1101 2688 1276 2740 πᾶσαν
1332 2684 1431 2752 τὴν
1489 2683 1665 2740 πίστιν
1707 2690 1800 2741 τοῦ

160 2765 361 2833 παιδός.
421 2766 582 2828 ’ἰδὼν
611 2766 665 2826 δὲ
711 2771 867 2828 αὐτὸν
908 2774 937 2828 6
979 2770 1426 2852 ἀρχιμανδρίτης,
1477 2772 1618 2830 Πολὺ
1655 2781 1795 2830 νεώ-

158 2876 299 2935 τερος
339 2859 419 2934 εἴ,
452 2859 565 2940 ἔφη
601 2878 615 2894 ⁸
665 2858 778 2925 ἔθος
806 2858 861 2916 δέ
916 2859 1027 2918 ιστι
1086 2858 1215 2939 παρ’
1271 2863 1410 2936 ἡμῖν
1453 2864 1545 2920 τὸν
1574 2862 1801 2920 θὲλοντα

165 2944 509 3013 ἀποτάξασθαι
574 2949 864 3023 ἀναμεῖναι
950 2950 1351 3030 τεσσαράκοντα
1425 2950 1654 3031 ἡμέρας,
1714 2953 1803 3009 καὶ

164 3036 419 3114 θεωρῆσαί
490 3040 592 3095 τὸν
676 3038 874 3096 κανόνα
928 3040 1028 3106 τῆς
1087 3039 1396 3120 ἀσκήσεως,
1468 3042 1557 3099 καὶ
1629 3041 1801 3107 οὕτως

170 3122 627 3201 ἆποιιουρεύεσθαι.
674 3126 833 3204 Λέγει
884 3128 1030 3202 αύτῷ
1086 3130 1114 3185 6
1176 3125 1428 3197 Ἰωάννης
1465 3146 1479 3161 ⁸
1549 3131 1648 3187 Διὰ
1704 3132 1800 3200 τὴν

172 3212 441 3292 ὒπεραγίαν
512 3215 737 3296 Τριάδα,
803 3217 1038 3293 σήμερόν
1116 3239 1185 3292 με
1240 3217 1657 3299 ἆποκούρευσον,
1718 3220 1799 3277 ὅτι

182 3300 331 3388 πολύς
360 3326 446 3377 μοι
472 3305 637 3372 πόθος
691 3305 800 3362 ἐστὶ
853 3307 951 3363 καὶ
992 3306 1195 3375 σπουδὴ
1241 3308 1465 3386 φορέσαι
1511 3310 1572 3365 τὸ
1627 3309 1798 3388 ἀγγε-

188 3386 328 3477 λιιιον
355 3399 563 3471 σχῆμα,
595 3395 727 3453 Τότε
775 3394 1073 3474 εὖλογήσας
1107 3396 1266 3454 αὖτὸθ
1296 3399 1325 3453 6
1372 3386 1797 3477 ἀρχιμανδρίέης

193 3474 415 3557 ἂπίθριξε
480 3483 577 3550 τὴν
646 3482 890 3563 κεφαλὴν
969 3483 1151 3558 αὐτοῦ,
1208 3474 1483 3550 δεδωκὼς-
1514 3474 1657 3559 αὐτῷ
1705 3487 1799 3542 τὸν

190 3565 456 3644 πολισμὸν
506 3572 603 3641 τῆς
660 3573 968 3643 ἀσκήσεως.
1014 3576 1181 3639 Αύτὸς
1234 3572 1289 3629 δὲ
1339 3575 1473 3648 μετᾶ
1505 3576 1796 3653 προθυμίας

181 3653 343 3735 ἦσκιι,
398 3658 643 3739 δεόμενος
685 3669 777 3720 τοῦ
832 3670 963 3720 Θεοῦ
1006 3665 1194 3724 νυκτὸς
1240 3662 1338 3720 mi?
1394 3664 1599 3743 ἡμέρας
1658 3663 1798 3720 ἀκα-

176 3748 492 3816 ταπαύστως.
552 3751 829 3826 Ἐνῴκησε
887 3751 944 3809 δὲ
995 3751 1050 3808 ἐν
1106 3754 1175 3828 τῇ
1219 3758 1358 3829 μονῇ
1419 3754 1514 3819 ἔτη
1575 3751 1652 3824 ἓξ,
1710 3754 1798 3809 καὶ

174 3834 361 3901 πάντας
414 3839 658 3897 ἐδίδασκε
700 3842 823 3906 τοὺς
877 3841 1055 3898 ἐκεῖσε
1115 3841 1294 3919 ὄντας,
1344 3840 1491 3905 ὅπως
1542 3862 1798 3899 ταπεινο-

171 3940 371 4000 φρονεῖν
423 3932 517 3988 καὶ
574 3930 825 4010 εὔχεσθαι
882 3932 973 3988 τὸν
1034 3931 1164 3987 Θεὸν
1228 3928 1506 4005 μέλλουσι.
1574 3929 1800 3997 Ἔταξεν

173 4010 220 4068 δὲ
260 4016 424 4092 ἑαυτῷ
479 4021 798 4100 ἐγκράτειαν
842 4027 1043 4099 πᾶσαν,
1087 4023 1161 4082 ὡς
1193 4018 1425 4095 μηδενὸς
1468 4018 1635 4080 ἄλλου
1678 4022 1799 4100 γεύ-

174 4104 328 4176 εσθαι,
382 4107 425 4162 εί
467 4108 551 4182 μὴ
582 4109 747 4183 μόνον
801 4109 894 4165 τοῦ
948 4109 1126 4183 τιμίου
1166 4108 1413 4182 σώματος
1446 4110 1532 4165 καὶ
1564 4110 1797 4184 αἰματος

174 4196 257 4276 τοῦ
310 4200 539 4273 Χριστοΰ
572 4215 586 4229 ⁸
636 4197 777 4254 ὥστε
832 4198 1166 4272 θαυμάζοντα
1224 4198 1314 4253 τὸν
1371 4197 1796 4276 ἀρχιμανδρίτην

176 4275 359 4359 λέγειν,
411 4285 495 4343 ὅτι
582 4284 787 4343 παιδίον
873 4286 1135 4366 ὑπάρχων
1192 4284 1355 4343 πολὺν
1405 4291 1571 4343 κόπον
1627 4275 1800 4363 ἰαυτῷ

179 4371 505 4457 περιέθηκας,
538 4374 723 4451 διόπερ
772 4376 858 4431 καὶ
898 4377 959 4431 τὸ
1008 4377 1164 4450 σῶμά
1208 4397 1302 4432 σοι)
1344 4376 1558 4439 ἀσθενὲς
1614 4377 1797 4456 γίγνε-

179 4476 255 4513 ται
294 4460 427 4521 ὧστέ
455 4465 537 4541 μὴ
582 4468 757 4521 τελεῖν
789 4466 886 4533 τὴν
917 4466 989 4531 εἷς
1038 4466 1171 4522 Θεὸν
1219 4462 1524 4544 δοξολογίαν
1559 4484 1577 4502 ο
1620 4465 1798 4534 πολλὴ

179 4547 267 4625 γὰρ
306 4535 609 4633 ἔγκράτεια,
643 4568 917 4629 νηστεῖαι,
968 4554 1251 4634 ὰγρυπνίαι
1308 4535 1492 4612 ἀτονεῖ
1538 4557 1600 4612 τὸ
1642 4535 1866 4633 σῶμαο

179 4638 257 4693 καὶ
281 4636 582 4723 διαφθείρει,

1888 2411 2028 2482 Abi,
2064 2430 2234 2493 puer,
2268 2411 2328 2473 in
2354 2414 2817 2494 gymnasium,et
2846 2411 2981 2474 vide
3013 2412 3153 2493 quid
3185 2410 3535 2473 adolescen-

1891 2509 1981 2563 tes
2010 2501 2094 2563 illi
2128 2501 2367 2577 faciant,
2402 2509 2461 2563 et
2490 2500 2617 2564 redi
2655 2500 2904 2577 huc,ubi
2936 2520 3043 2563 nos
3075 2499 3348 2563 invenies
3379 2498 3534 2561 Abiit

1885 2608 2054 2671 puer.
2088 2591 2354 2653 Joannes
2377 2607 2522 2651 vero
2555 2598 2615 2652 et
2647 2591 2977 2652 monachus
3021 2589 3321 2669 navigium
3346 2606 3518 2650 cons-

1882 2679 2242 2755 cenderunt,
2278 2694 2340 2743 et
2370 2680 2539 2743 illinc
2563 2685 2936 2760 navigantes,
2971 2679 3043 2741 ad
3078 2686 3349 2741 sanctum
3380 2676 3528 2739 illud

1882 2771 2310 2833 monasterium
2334 2770 2669 2832 incolumes
2691 2772 2842 2833 vecti
2868 2768 3218 2832 sunt.Narra
3230 2770 3306 2830 vit
3325 2781 3527 2832 autem

1884 2858 2068 2922 abbas
2088 2860 2189 2922 ille
2219 2860 2505 2923 fratribus
2537 2867 2721 2923 totum
2751 2860 2835 2936 id,
2863 2860 3019 2942 quod
3051 2876 3257 2921 verum
3289 2870 3441 2938 erat,
3472 2864 3533 2919 et

1884 2957 2103 3031 quanta
2133 2958 2291 3013 esset
2316 2949 2487 3031 pueri
2510 2948 2879 3023 tides.Quem
2902 2968 3038 3011 cum
3060 2946 3532 3012 archimandrita

1884 3040 2280 3117 inspexisset:
2308 3040 2597 3117 Nimium,
2630 3038 3208 3121 inquit,adolescens
3233 3057 3362 3116 es,o
3387 3037 3470 3099 illi
3508 3057 3524 3099 :

1817 3176 1860 3228 ϐ
1884 3129 2058 3228 nobis
2080 3140 2277 3228 autem
2306 3149 2434 3228 mos
2449 3136 2634 3228 est,ut
2653 3131 2757 3228 qui
2784 3130 3168 3228 monasticam
3191 3132 3365 3228 vitam
3391 3145 3532 3209 pro-

1886 3219 2038 3281 (iteri
2055 3219 2613 3301 velit,quadraginta
2635 3219 2765 3282 dies
2778 3219 2933 3301 apud
2958 3218 3389 3282 monasterium
3411 3234 3531 3280 ms-

1887 3317 2115 3383 neat,et
2135 3328 2269 3370 cum
2295 3308 2744 3371 exercitationis
2774 3319 2996 3370 nostra;
3025 3308 3288 3388 regulam
3322 3306 3528 3368 consi-

1884 3396 2295 3472 deraverit,ita
2322 3398 2759 3461 tondeatur.Ad
2788 3398 2914 3460 haec
2936 3397 3224 3460 Joannes:
3249 3394 3530 3459 Obtestor

1884 3494 1942 3548 te
1978 3503 2085 3567 per
2117 3485 2496 3566 purissimam
2527 3487 2903 3562 Trinitatem,
2941 3495 3003 3547 ut
3042 3486 3224 3548 hodie
3265 3503 3359 3548 me
3383 3496 3526 3546 ton-

1881 3575 2338 3653 deas,quoniam
2363 3577 2474 3639 isto
2493 3577 2765 3657 angelico
2788 3576 2995 3639 habitu
3018 3575 3529 3638 induivebemen-

1884 3672 1973 3727 ter
1996 3664 2169 3746 cupic
2193 3683 2263 3727 ac
2284 3665 2494 3729 studeo
2545 3669 2714 3729 Tunc
2740 3666 3211 3728 archimandrita
3237 3682 3420 3745 puero
3439 3662 3530 3725 illi

1882 3754 2478 3837 benedixit,cumque
2501 3774 2634 3817 eum
2663 3755 3045 3833 totondisset,
3081 3754 3286 3817 habitu
3308 3753 3525 3818 induit.

1880 3842 2015 3924 Ipse
2034 3862 2174 3906 vero
2199 3846 2384 3906 multo
2408 3845 2603 3906 studio
2626 3853 2684 3907 et
2722 3844 2905 3906 animi
2931 3845 3264 3920 alacritate,
3288 3843 3523 3906 exerci-

1882 3933 2088 3995 tationi
2128 3934 2473 3997 monasticae
2502 3933 2769 4010 vacabat,
2806 3936 2994 3998 Deum
3028 3935 3226 4016 ipsum
3262 3941 3438 3995 nocte
3471 3939 3528 3994 et

1880 4022 1980 4085 die
2011 4042 2284 4103 precans.
2314 4024 2525 4085 Mansit
2554 4032 2755 4086 autem
2789 4024 2963 4086 annis
2987 4043 3089 4087 sex
3124 4024 3186 4086 in
3221 4029 3528 4085 monaste-

1881 4112 1970 4174 rio
1996 4113 2120 4189 illo,
2156 4121 2212 4175 et
2240 4112 2521 4175 omnibus
2549 4112 2649 4195 qui
2681 4112 2807 4176 illic
2837 4123 3029 4191 erant,
3077 4112 3352 4193 exemplo
3386 4110 3521 4187 fuit,

1882 4220 1999 4284 quo
2034 4211 2201 4282 pacto
2236 4202 2632 4265 humilitatem
2668 4222 2974 4281 exercere,
3008 4223 3076 4266 ac
3105 4203 3291 4266 Deum
3327 4203 3525 4281 ipsum

1881 4310 2054 4353 orare
2112 4291 2429 4355 deberent.
2464 4290 2668 4354 Talem
2700 4300 2898 4355 autem
2951 4292 3377 4356 abstinentiam
3410 4290 3526 4352 sibi

1882 4380 2271 4463 praescripsit,
2295 4389 2357 4442 ut
2379 4381 2526 4443 nihil
2550 4381 2711 4445 aliud
2737 4391 3022 4462 gustaret,
3056 4383 3171 4445 nisi
3199 4381 3526 4463 pretiosum

1882 4470 2109 4533 Christi
2133 4489 2348 4551 corpus
2382 4479 2442 4534 et
2470 4472 2935 4551 sanguinem,ita
2964 4480 3028 4534 ut
3057 4470 3531 4534 archimandrita

1883 4558 1985 4622 ille
2016 4559 2435 4640 miraretur,ac
2467 4559 2700 4623 diceret
2726 4577 2739 4619 :
2764 4561 2850 4623 'l‘u
2875 4562 3115 4643 quidem
3150 4562 3345 4623 adhuc
3379 4576 3530 4640 puer

1885 4648 2134 4710 multum
2162 4649 2381 4711 laboris
2412 4648 2518 4711 tibi
2544 4650 2669 4731 ipse
2690 4650 3058 4731 imposuisti:
3089 4651 3286 4732 itaque
3308 4666 3526 4729 corpus

181 4728 328 4823 illum
359 4728 719 4823 imbecillius
748 4733 1026 4823 efﬁcitur,
1060 4751 1236 4816 quam
1262 4741 1332 4823 ut
1361 4733 1575 4796 divina:
1616 4733 1822 4813 gloria:
1854 4738 2188 4801 ministerio
2220 4739 2497 4801 δωτῆρα-ε
2553 4728 2756 4820 possit.
2777 4728 2987 4804 Nimia
3016 4742 3173 4803 enim
3189 4728 3527 4803 abstinen-

181 4816 273 4895 tis,
295 4816 587 4900 jejunium
620 4830 679 4884 et
708 4822 919 4902 vigiliae
938 4822 1137 4905 ipsum
1177 4822 1494 4887 debilitant
1522 4832 1581 4886 et
1611 4835 2024 4909 corrumpunt.

252 4915 333 4976 θ’.
388 4918 533 4978 Ἰδὼν
586 4919 641 4978 δὲ
700 4923 728 4979 ὀ
773 4922 1071 4999 μισόκαλος
1102 4922 1305 4998 δαίμων
1338 4925 1437 4989 τὴν
1468 4922 1675 4991 πολλὴν
1705 4931 1799 4981 τοῦ

182 5006 367 5063 νεανίου
423 5009 681 5086 σπουδὴν,
729 5013 813 5068 οιαὶ
858 5013 950 5069 τὸν
998 5011 1192 5090 δρόμον
1246 5011 1343 5080 τῆς
1400 5011 1678 5079 ἀσκήσεως
1710 5014 1799 5070 καὶ

180 5093 479 5181 προθέσεως,
534 5099 708 5175 ἐμάνη
767 5101 963 5181 σφόδρα
1022 5101 1142 5158 κατ’
1190 5105 1371 5164 αύτοῦ.
1433 5102 1532 5159 Καὶ
1586 5101 1794 5180 ἀγριω-

180 5178 271 5238 θεὶς
320 5186 583 5264 μεγάλως,
644 5191 733 5245 καὶ
785 5178 864 5265 μὴ
902 5178 1210 5266 νδυνάμενος
1268 5189 1482 5259 νικῆσαι
1532 5178 1795 5269 τὸν-γεν-

182 5278 315 5325 ναῐον
367 5278 522 5336 αὐτοῦ
578 5277 862 5356 λογισμὸν,
933 5282 1019 5336 καὶ
1078 5282 1383 5347 ἀποστῆσαι
1438 5285 1536 5346 τῆς
1581 5278 1793 5344 ἐλπίδος

1963 4917 2115 4983 VIII.
2139 4917 2269 4981 Jam
2299 4936 2436 4980 vero
2460 4916 2749 4981 bonarum
2775 4938 2973 4982 rerum
3008 4920 3194 4983 hostis
3225 4919 3523 4995 diabolus,

1880 5026 2017 5070 cum
2048 5008 2449 5070 adolescentis
2475 5006 2636 5069 illius
2666 5009 2926 5071 studium
2959 5009 3299 5091 multum,et
3332 5009 3527 5072 sancti

1880 5097 2170 5180 propositi
2221 5114 2461 5158 cursum
2515 5095 2808 5159 intentum
2847 5097 3100 5175 videret,
3137 5099 3528 5163 vehementer

1880 5201 2090 5250 contra
2120 5187 2286 5249 illum
2312 5185 2425 5245 fUI't
2447 5202 2512 5245 re
2536 5185 2811 5268 coepitJn
2835 5206 3012 5269 quem
3036 5208 3172 5251 cum
3198 5189 3526 5252 acerbissi-

1878 5296 1976 5340 me
2005 5278 2253 5339 ati‘ectus
2283 5280 2462 5345 esset,
2498 5281 2557 5333 et
2607 5292 2967 5353 generosam
3003 5279 3132 5359 ejus
3165 5287 3430 5341 mentem
3467 5287 3528 5341 et

184 5363 264 5449 τοιῦ
312 5366 553 5442 Χριστοῦ,
616 5367 915 5444 ἀνάμνησιν
964 5367 1256 5426 ὑποϐάλλει
1304 5371 1465 5443 αύτῷ,
1512 5370 1597 5437 καὶ
1629 5370 1792 5427 πόθον

1891 5368 2260 5446 :ogitationes
2274 5382 2340 5425 su
2349 5371 2651 5444 perare,et
2674 5382 2707 5426 a
2721 5365 2936 5428 Christi
2953 5386 3059 5449 spe
3073 5386 3389 5432 removere
3405 5386 3526 5431 non

185 5443 332 5539 μίγεν
384 5459 487 5510 τῶν
526 5455 752 5532 γονέων,
796 5457 933 5514 ὥστε
976 5460 1163 5525 νυκτὸς
1209 5460 1297 5515 χαὶ
1347 5458 1789 5538 ἡμέραςὶννοεῖν

1891 5443 2279 5533 iosse't,talem
2313 5443 2726 5533 maerorem,et
2753 5443 3325 5539 tantum-parentum
3351 5458 3523 5521 desi-

189 5532 287 5625 πξρὶ
326 5540 522 5625 sitm,
565 5542 684 5605 πῶς
728 5543 1066 5624 ίξερχόμινοι
1110 5546 1171 5602 ἑκ
1226 5554 1319 5604 τοῦ
1374 5532 1648 5618 καλιτιου,
1699 5548 1785 5604 καὶ
1869 5532 2092 5608 (larium
2122 5550 2181 5606 in
2206 5546 2328 5619 ejus
2352 5532 2739 5625 adolescentis
2764 5532 3511 5625 mentem-injecitmtnocte

188 5620 278 5673 τῶν
322 5620 509 5688 δούλω-ι
564 5620 883 5711 ὑπηρεσίανς
912 5635 1010 5705 τήν
1048 5655 1106 5692 τε
1135 5644 1229 5697 τοῦ
1257 5636 1370 5712 βίου
1427 5636 1667 5716 ἀπάτην,
1697 5637 1784 5693 καὶ

1891 5645 1927 5697 :t
1975 5634 2073 5699 die
2098 5634 2173 5697 de
2206 5630 2326 5695 illis
2379 5621 2690 5707 cogitaret,
2726 5634 2789 5698 et
2835 5641 2974 5699 ante
3006 5620 3215 5703 oculos
3238 5620 3523 5710 haberet,
