3972 6130
479 300 598 365 575
1765 303 2046 369 MENSIS
2087 306 2539 370 JANUARIUS.
3704 306 3812 374 576

479 443 700 519 quanto
731 433 1015 500 comitatu
1038 455 1106 500 ac
1135 453 1445 501 servorum
1479 436 1809 502 ministerio
1844 446 2047 520 parent

2244 441 2462 502 λυκεταν
2521 445 2860 520 ματαιότητα
2891 459 2907 478 ⁸
2973 444 3047 508 ὣς
3089 465 3152 501 εκ
3193 447 3291 509 τῆς
3337 440 3545 510 πολλῆς
3586 443 3812 511 νηστείας

478 533 793 590 uterentur
814 545 828 590 :
850 525 1111 605 denique
1130 545 1369 588 omnem
1393 528 1524 590 vitae
1545 529 1726 609 hujus
1744 529 2034 592 fallaciam

2244 535 2290 590 αὶ
2349 533 2663 614 ἀγρυπνίας,
2712 535 2800 590 καὶ
2842 541 2934 592 τοῦ
2977 534 3143 593 πόθου
3185 533 3289 590 τῶν
3331 532 3533 610 γονέων
3601 531 3812 600 ἑκτακῆ-

477 616 801 680 vanitatem
828 616 1190 699 propositam
1216 615 1490 680 habebat.
1511 620 1714 700 Itaque
1739 619 1937 682 multis
1953 621 2038 702 jej

2249 644 2286 679 ιι
2347 623 2506 682 αὐτοῦ
2549 626 2609 680 τὸ
2671 630 2827 700 σῶμα
2875 625 2964 681 καὶ
3013 625 3244 700 γίνεσθαι
3285 624 3365 686 ὡς
3397 622 3564 684 σκιαί.
3597 619 3734 679 Ἰδὼν
3771 621 3817 679 εὶ

480 705 621 788 niis,
647 707 881 788 vigiliis,
915 715 976 769 et
1001 707 1186 770 nimio
1219 715 1532 788 parentum
1566 707 1868 771 desiderio
1902 710 2048 773 factu

2246 712 2358 769 516v
2415 716 2444 770 6
2513 710 2938 794 ἀρχιμανδρίτης
2995 712 3248 770 τοσοῦτον
3302 710 3814 786 ταλαιπωρούμενον,

481 804 668 872 est,ut
691 797 818 877 ejus
849 815 1065 878 corpus
1094 815 1210 858 non
1245 814 1405 871 caro,
1433 797 1539 859 sed
1561 799 1750 860 instar
1769 799 1997 862 umbrae
2027 810 2046 862 t

2250 823 2382 882 σπερ
2440 804 2592 860 σκιὰν
2653 811 2730 879 τῷ
2789 803 2999 878 θανάτῳ
3055 801 3393 882 ἐγγίζουσιν,
3455 801 3612 858 εἶπεν
3645 819 3658 832 ·
3728 802 3818 858 Οὔκ

481 903 600 947 nne
626 885 1440 950 videreturArcbimandrita
1461 906 1599 950 vero
1622 907 1756 951 cum
1777 889 2049 952 adolesce

2250 891 2364 949 ἷπόν
2421 914 2527 966 σοι,
2577 891 2786 968 τέκνον,
2831 891 2914 949 ὅτι
2959 895 2987 949 6
3033 893 3161 957 Θεὸς
3193 892 3255 949 τὰ
3281 891 3428 949 κατὰ
3467 888 3680 962 δύναμιν
3730 890 3818 947 ἀπὸ

479 981 596 1036 tem
621 973 700 1037 ita
722 984 1099 1038 extenuatum
1121 983 1300 1057 atque
1322 975 1604 1037 afﬂictum
1623 975 1954 1053 vidisset,ut
1959 979 2047 1059 jar

2248 987 2310 1035 Iw
2366 980 2564 1038 δούλων
2609 983 2773 1042 αὐτοῦ
2799 982 3024 1040 ἀπαιτεῖ
3056 998 3073 1056 ;
3117 983 3181 1038 σὺ
3211 979 3265 1038 δὲ
3326 979 3630 1059 δπέρμετρα
3670 1001 3816 1038 σπου-

471 1063 596 1144 jam
657 1083 689 1126 e
751 1065 893 1127 vivis
951 1083 1309 1128 excessurus
1363 1073 1714 1144 putaretur:
1770 1067 2034 1129 Annont

2250 1070 2367 1136 ίσας
2426 1073 2511 1128 καὶ
2567 1073 2808 1142 ἀσκήσας
2889 1072 3222 1138 κατέστησας
3275 1071 3469 1127 ἑαυτὸν
3515 1068 3702 1126 ἄτονον
3750 1072 3818 1126 καὶ

477 1153 938 1237 dixi,inquit,tili
959 1153 1244 1230 Joannes,
1266 1158 1456 1220 Deum
1477 1155 1675 1237 ipsum
1694 1157 1808 1219 hoc
1831 1165 2045 1220 tantum

2247 1166 2330 1234 ιιιᾷ
2371 1159 2583 1237 ὅμοιον,
2631 1161 2792 1240 Λέγει
2842 1163 2983 1234 αὗτῷ
3027 1163 3055 1217 6
3115 1158 3374 1228 Ἰωάννης
3410 1176 3426 1191 ‘
3481 1160 3679 1234 Δὲομαι
3722 1180 3815 1233 σον,

477 1245 664 1306 servis
689 1245 817 1306 suis
846 1246 1168 1326 postulare,
1201 1253 1268 1305 ut
1308 1263 1444 1307 eum
1490 1263 1596 1326 pro
1618 1243 1841 1306 viribus
1882 1245 2045 1307 rolan

2251 1247 2394 1329 ἄτερ,
2469 1252 2575 1331 οὔχ
2625 1252 2660 1319 ἡ
2721 1249 2940 1319 νηστεία
2996 1247 3240 1324 δομάζει,
3304 1249 3449 1306 ἀλλὰ
3510 1251 3561 1305 αἱ
3603 1249 3819 1325 ἁμαρτίαι

476 1332 566 1394 Tu
596 1352 732 1396 vero
757 1353 936 1416 supra
957 1335 1113 1396 vires
1159 1342 1291 1397 tuas
1320 1334 1428 1397 ista
1462 1335 1890 1397 exercitatione
1920 1344 2044 1398 utet

2251 1362 2310 1395 ου
2379 1338 2745 1418 παρεμπόδιόν
2798 1363 2890 1416 μοι
2947 1339 3206 1418 γίνονται,
3263 1338 3433 1418 "Exue
3491 1338 3594 1416 γὰρ
3647 1339 3819 1416 ἡμέρας

481 1421 737 1504 teipsum
770 1425 949 1485 nimis
999 1431 1383 1488 extenuatum
1441 1433 1498 1486 et
1528 1424 1813 1501 gracilem
1845 1424 2049 1486 reddis

2251 1428 2410 1493 ολλᾶς
2454 1429 2546 1508 ἄτθ’
2591 1431 2654 1486 οὗ
2697 1432 2724 1487 6
2756 1429 2949 1510 ἐχθρὸς
3001 1435 3106 1485 τῶν
3149 1427 3352 1502 καλῶν,
3403 1426 3632 1503 δαίμων,
3664 1427 3819 1483 ivsti-

480 1511 569 1574 Ad
593 1513 718 1574 hazc
735 1516 996 1577 Joannes
1022 1531 1036 1572 :
1065 1514 1447 1594 Scito,pater,
1477 1533 1592 1575 non
1610 1515 1860 1594 jejuniis
1883 1533 1979 1577 me
2011 1516 2045 1576 d

2258 1518 2330 1585 ιξὲ
2389 1541 2493 1596 μου
2545 1520 2642 1587 τὴν
2707 1521 2893 1599 ψυχὴν
2954 1519 3084 1597 πρὸς
3143 1519 3430 1593 ἐπιθυμίαν
3487 1519 3706 1588 κινήσας
3753 1524 3826 1572 τοῦ

481 1601 770 1677 mari,sed
795 1611 1030 1684 peccata
1055 1603 1692 1684 meaimpedimentum
1717 1604 1860 1667 mihi
1885 1605 2049 1666 ail‘en

2259 1622 2338 1666 εῖν
2369 1610 2490 1672 τοὺς
2521 1621 2704 1688 γονεῖς
2738 1631 2840 1678 μου
2868 1610 2964 1665 καῖ
3002 1610 3093 1664 τὸν
3125 1608 3282 1665 οἶκόν
3307 1623 3440 1682 μου’
3477 1609 3565 1663 καὶ
3595 1611 3684 1665 οὒκ
3709 1604 3827 1662 οἶδεν

479 1691 682 1755 Multis
714 1692 875 1756 enim
907 1692 1128 1756 abhinc
1152 1693 1362 1754 diebus
1385 1693 1677 1754 bonarum
1702 1713 1903 1756 rerum
1927 1694 2047 1756 inin

2297 1699 2527 1776 πονηρὸς
2587 1697 2738 1762 οὗτος
2804 1697 2886 1755 ὅτι
2953 1699 3039 1753 καὶ
3083 1697 3202 1753 ἐκεῖ
3243 1696 3523 1769 ἀπελθὼν,
3587 1703 3713 1752 Θεοῦ
3751 1717 3830 1769 μου

480 1801 584 1844 cus
613 1781 884 1844 diabolus
906 1801 1009 1844 cor
1032 1801 1229 1844 meum
1254 1785 2041 1866 conturbavit,etparentum

2266 1786 2478 1862 λοντος,
2523 1789 2611 1844 καὶ
2654 1792 2766 1843 τῶν
2809 1787 2976 1866 ἁγίων
3024 1791 3203 1867 εὐχῶν
3231 1788 3382 1858 ὑμῶν
3417 1785 3730 1863 βοηθοισῶν,
3758 1785 3831 1840 ’ἕνα

482 1871 755 1936 videndae
777 1872 1020 1935 familia;
1050 1891 1200 1935 mea:
1220 1872 1584 1935 desiderium
1611 1873 1808 1936 animo
1843 1893 1974 1936 meo
1996 1893 2050 1936 st

2261 1877 2332 1940 ιὺς
2387 1889 2568 1954 γονεῖς
2614 1898 2715 1950 μου
2762 1875 2863 1932 ἴδω
2901 1893 2916 1950 ;
2978 1877 3209 1944 πατήσω
3239 1876 3404 1933 αὒτὸν
3443 1877 3533 1930 καὶ
3576 1874 3829 1953 ἆνίσχυρον

483 1963 664 2043 gessit
690 1983 705 2021 :
738 1981 934 2044 neque
959 1963 1233 2046 perditus
1253 1963 1350 2025 hic
1370 1963 1561 2026 hostis
1581 1962 1729 2026 illud
1751 1963 2051 2045 videt,quo

2260 1967 2296 2022 tl
2352 1967 2580 2041 μάταιον
2636 1963 2927 2031 ἀποδείξω.
2978 1964 3131 2043 Λέγει
3178 1969 3323 2039 αὗτῷ
3397 1965 3427 2020 6
3503 1961 3828 2043 ἆρχιμανδρί-

479 2051 606 2113 Deo
629 2068 761 2113 meo
785 2048 1113 2124 volente,et
1133 2052 1343 2113 vestris
1363 2051 1643 2132 precibus
1668 2051 1810 2113 mihi
1834 2052 2047 2134 opitula

2262 2077 2306 2121 ις
2343 2069 2358 2086 ⁶
2407 2054 2516 2112 Οὔκ
2564 2054 2721 2112 εἶπόν
2752 2075 2836 2110 σοι
2870 2055 3015 2132 παρᾶ
3041 2055 3140 2121 τὴν
3173 2053 3366 2133 ἀρχὴν
3397 2052 3482 2110 ὅτι
3515 2053 3682 2129 μέγας
3712 2052 3830 2108 ἔστιν

479 2138 940 2222 tibus,quamvis
953 2140 1022 2202 ad
1038 2141 1326 2203 videndos
1343 2153 1624 2223 parentes
1639 2158 1802 2204 meos
1825 2141 2047 2223 profect

2295 2144 2439 2222 ἀγὼν
2496 2148 2595 2210 τῆς
2651 2142 2933 2212 ἀσκήσεως
2991 2144 3079 2199 καὶ
3142 2145 3170 2199 6
3227 2144 3406 2204 κόπος
3455 2141 3621 2202 πολύς
3654 2159 3668 2217 ;
3697 2148 3828 2198 ταῦτα

477 2228 672 2310 fuero,
703 2229 898 2310 ipsum
931 2239 1129 2291 tamen
1160 2230 1547 2304 conculcabo,
1584 2237 1643 2292 et
1683 2230 1814 2311 ejus
1845 2239 2045 2294 conati

2208 2235 2371 2290 εἰπὼν
2398 2235 2491 2290 καί
2528 2231 2716 2296 παιδὸς
2747 2232 2904 2289 ἕνεκα
2933 2231 3218 2312 δακρύσας,
3253 2231 3558 2308 εὒλόγησεν
3583 2231 3737 2304 αὐτῷ.

479 2317 851 2380 imbecillum
886 2327 1063 2400 atque
1095 2318 1334 2381 inanem
1370 2339 1502 2382 esse
1535 2319 1869 2383 ostendam.
1905 2319 2178 2383 Tum'illi
2209 2319 2676 2384 archimandrita
2706 2337 2722 2384 :
2757 2318 2989 2395 Nonne,
3025 2319 3236 2403 inquit,
3269 2319 3380 2395 fili,
3407 2319 3523 2382 tibi
3548 2319 3689 2393 dixi,
3714 2335 3821 2380 cum

484 2407 738 2488 primum
789 2409 1115 2472 monastica
1146 2409 1520 2491 professione
1565 2410 1791 2474 initiari
1825 2410 2089 2486 voluisti,
2123 2420 2346 2474 nostra:
2392 2411 2602 2491 hujus]
2618 2409 3065 2473 exercitationis
3121 2416 3430 2472 certamen
3466 2425 3756 2488 magnum,
3780 2413 3824 2468 et

481 2495 750 2560 laborem
783 2498 1032 2561 multum
1067 2500 1243 2562 esse?
1273 2499 1409 2561 Haec
1442 2519 1576 2562 cum
1608 2500 1880 2575 dixisset,
1917 2509 1978 2563 et
2001 2501 2399 2564 adolescentis
2428 2518 2607 2563 causa
2637 2501 2988 2581 lacrymatua
3019 2506 3200 2569 esset,
3234 2498 3292 2561 ei
3322 2497 3656 2562 benedixit.

562 2587 925 2650 lX.Postero
958 2595 1155 2651 autem
1183 2587 1280 2651 die
1303 2587 1564 2652 Joannes
1596 2591 2122 2653 archimandritam

2292 2581 2375 2650 ϐ’.
2413 2597 2492 2668 Τῇ
2548 2589 2604 2646 δὲ
2663 2590 2912 2665 ἐπαύριον
2942 2589 3176 2654 ἀναστὰς
3205 2591 3232 2645 6
3263 2588 3527 2656 Ἰωάννης
3557 2587 3684 2664 ἦλθε
3718 2587 3821 2664 πρὸς

481 2677 656 2751 adiit,
689 2695 946 2758 cumque
972 2677 1043 2739 ad
1076 2679 1208 2758 ejus
1239 2679 1423 2756 pedes
1454 2697 1519 2740 se
1556 2679 1875 2760 abjecisset
1929 2681 2049 2760 ipsu

2251 2686 2298 2736 ὃν
2355 2677 2803 2760 ἀρχινμανδρίτην⁷
2837 2677 2933 2736 καί
2967 2678 3126 2735 ἔπεσε
3185 2679 3314 2755 πρὸς
3360 2679 3489 2740 τοὺς
3540 2674 3698 2736 πόδας
3747 2679 3819 2733 αὖ·

480 2767 728 2847 rogavit,
789 2785 865 2829 ne
924 2766 1041 2828 sibi
1093 2776 1502 2842 succcnseret,
1559 2769 1662 2830 sed
1698 2787 1805 2850 pro
1837 2787 1902 2832 se
1933 2769 2048 2831 Deu

2250 2777 2298 2827 »ὖ
2341 2767 2613 2844 δεόμενος,
2677 2771 2755 2844 μὴ
2811 2769 3120 2847 ὀργισθῆναι
3177 2768 3346 2841 αὐτῷ,
3415 2765 3540 2824 ἄλλ’
3601 2765 3818 2845 εὔχεσθαι

483 2861 921 2935 precaretur,et
939 2857 1301 2918 concederet
1317 2856 1571 2934 abire,ct
1597 2865 1874 2938 parentes
1895 2857 2051 2921 vider

2251 2858 2366 2916 Ξτοῦ
2421 2860 2508 2914 καὶ
2565 2857 2848 2933 ὶπιτρὲψαι
2905 2856 3160 2915 ἀπελθεῖν
3241 2857 3330 2914 καί
3391 2857 3664 2933 θεωρῆσαι
3728 2854 3819 2912 rei»:

480 2962 669 3026 eaque
697 2946 926 3007 ratione
956 2945 1284 3022 diabolum,
1313 2948 1562 3008 Domino
1592 2947 1938 3028 adjuvante,
1973 2966 2041 3008 co

2246 2947 2613 3026 ονεϊςξαίιτοῦ,
2646 2948 2734 3003 καὶ
2783 2945 2974 3021 οὕτως,
3013 2948 3146 3005 Θεοῦ
3177 2953 3584 3024 συνεργοῦντος,
3617 2949 3814 3009 πατῆσαι

480 3035 740 3098 culcare.
777 3034 1257 3097 Archimandrita
1287 3055 1422 3098 cum
1482 3055 1690 3099 omnes
1742 3038 1984 3110 fratres,
2020 3059 2048 3119 q

2249 3046 2296 3095 δν
2339 3037 2726 3112 ἀντικείμενον,
2777 3037 2874 3094 Καὶ
2931 3034 3271 3113 συναθροίσας
3337 3037 3367 3092 6
3429 3030 3817 3115 ἀρχιμανδρίτης

485 3134 651 3188 erant
682 3125 742 3186 in
767 3126 1128 3188 monasterio
1150 3125 1274 3206 illo,
1320 3135 1760 3205 congregasset,
1797 3136 1855 3189 et
1885 3135 2045 3190 atten

2246 3149 2444 3192 παντας
2505 3127 2628 3191 τοὺς
2682 3126 2736 3182 ἐν
2793 3131 2862 3202 τῇ
2921 3125 3058 3200 μαινῆ
3111 3123 3398 3205 ἀδελφοὺς,
3463 3126 3555 3181 καὶ
3624 3122 3814 3191 ποιήσας

484 3213 764 3296 precibus
788 3233 893 3296 pro
915 3215 1295 3278 adolescente
1319 3216 1422 3278 illo
1444 3216 1632 3278 Deum
1665 3217 2052 3291 oravisset,cu

2249 3219 2384 3284 ἱησιν
2427 3216 2612 3284 ἐκτενῆ
2656 3217 2787 3292 πρὸς
2831 3215 2922 3271 τὸν
2977 3215 3108 3270 Θεὸν
3167 3214 3298 3292 ὑπὲρ
3356 3217 3454 3271 σεο-3
3483 3211 3672 3275 παιδὸς
3711 3209 3817 3284 μετᾶ

477 3305 703 3386 gemitu
732 3312 788 3367 et
819 3305 1088 3386 lacrymis
1125 3323 1138 3368 :
1168 3303 1356 3382 Vade,
1388 3306 1605 3384 inquit,
1643 3307 1746 3381 fili,
1783 3308 1840 3367 in
1874 3309 2034 3369 nomi

2246 3307 2438 3384 ικρύων
2495 3305 2584 3362 καὶ
2651 3311 2988 3383 στεναγμῶν,
3047 3302 3191 3383 λέγει
3225 3319 3241 3335 ⁸
3329 3309 3594 3382 Πορευου,
3661 3301 3814 3356 τέκνον

479 3395 698 3470 Patris,
734 3405 793 3456 et
833 3395 990 3469 Filii,
1053 3401 1110 3456 et
1143 3396 1399 3478 Spiritus
1428 3397 1640 3469 sancti,
1677 3404 1736 3459 et
1770 3404 1965 3458 tecum
1998 3417 2047 3458 ll?

2248 3418 2326 3470 ου,
2362 3395 2413 3452 ἐν
2445 3401 2522 3468 τῷ
2552 3395 2772 3468 ὀνόματι
2817 3396 2908 3451 τοῦ
2939 3397 3171 3473 Πατρὸς,
3216 3393 3305 3449 καὶ
3335 3400 3435 3450 τοῦ
3467 3395 3611 3464 Υἱοῦ,
3642 3390 3816 3445 καὶτοῦ

478 3485 815 3547 venientem
841 3483 1061 3547 habeas
1087 3475 1401 3548 Dominum
1432 3486 1638 3549 Jesum
1663 3486 1983 3562 Christum,
2018 3507 2046 3566 q

2245 3486 2508 3560 νεύματος
2551 3484 2727 3562 ἁγίου,
2791 3483 2878 3539 ni
2927 3481 3025 3561 ἔχε
3083 3482 3561 3556 συμπορευόιιενον
3602 3481 3688 3536 τὸν
3727 3475 3813 3534 Κό-

479 3584 539 3637 te
562 3573 823 3636 ducatin
851 3575 943 3636 via
965 3574 1100 3648 ista,
1135 3584 1308 3656 prout
1349 3576 1478 3655 ipse
1518 3576 1657 3640 vult.
1693 3579 1952 3640 Joannes
1980 3563 2047 3636 ve

2248 3597 2314 3629 κον
2357 3576 2510 3647 ἡμῶν
2555 3572 2762 3640 Ἰησοῦν
2815 3575 3040 3650 Χριστὸν
3101 3570 3399 3647 ὁδηγοῦντα
3450 3593 3511 3628 σε
3546 3571 3616 3632 είς
3645 3569 3702 3624 τὸ
3745 3563 3816 3621 θέ-

481 3681 617 3726 cum
652 3682 686 3725 e
716 3671 878 3725 terra
925 3665 1298 3737 surrexisset,
1335 3664 1549 3727 fratres
1575 3685 1784 3728 omnes
1816 3665 2049 3728 obeund

2244 3685 2354 3738 ημα
2398 3666 2574 3724 αὺτοῦ.
2637 3660 2890 3728 Ἰωάννης
2935 3659 2991 3718 δὲ
3047 3661 3302 3735 ἀναστὰς,
3355 3662 3451 3718 καὶ
3479 3657 3812 3737 περιπατήσας

483 3751 736 3830 genibus
759 3752 1173 3832 ﬂexis,petiita
1195 3753 1541 3832 singulis,ut
1561 3754 1824 3817 extensis
1848 3754 2045 3817 manib

2248 3753 2406 3816 ἀντας
2464 3752 2582 3815 τοὺς
2635 3749 2919 3830 ἀδελφοὺς,
2981 3749 3183 3827 γόνατά
3248 3770 3306 3805 τε
3363 3751 3592 3824 κάμψας
3645 3745 3815 3822 ᾔτησεν

484 3840 570 3903 illi
595 3831 1027 3902 benedicerent
1052 3861 1068 3902 :
1094 3850 1151 3904 et
1173 3843 1253 3902 ita
1277 3831 1380 3904 eos
1409 3843 1707 3905 salutans:
1734 3844 1886 3908 Salvi
1911 3855 2052 3906 esto:

2243 3863 2297 3898 va
2335 3841 2601 3918 εὖΛογηθῇ
2629 3841 2754 3918 παρ’
2798 3842 2998 3913 αὐτῶν,
3047 3840 3136 3896 καὶ
3169 3843 3292 3896 εἷπε
3324 3854 3340 3870 ⁶
3375 3840 3638 3911 Σώζεσθε,
3669 3831 3811 3920 πατέέ

482 3929 915 4010 inquit,omncs
948 3939 1145 4010 patres
1177 3942 1237 3992 et
1268 3931 1479 3994 fratres
1517 3953 1530 3995 :
1566 3932 1724 3994 salva
1752 3931 2046 4008 esto,laud

2247 3952 2294 3995 ες
2349 3931 2437 3987 καὶ
2494 3926 2733 4007 ἀδελφοὶ,
2778 3930 2867 3985 καὶ
2917 3925 3254 4006 εὖλογημένη
3309 3933 3346 4000 ἦ
3375 3928 3503 4006 ἁγία
3539 3923 3750 3992 συνοδία,
3789 3919 3815 3983 ἦ

485 4019 624 4081 bilis
655 4027 714 4082 et
743 4027 944 4081 sancta
973 4020 1253 4102 societas,
1288 4041 1420 4102 quae
1453 4040 1546 4084 me
1572 4021 1728 4085 bene
1760 4024 2053 4105 suscepist

2238 4021 2276 4076 ιὶ
2332 4018 2513 4082 καλῶς
2570 4017 2979 4096 ἀναθρεψαμὲιη
3013 4037 3026 4054 ν
3088 4016 3199 4095 ἰγὼ
3239 4015 3294 4073 δὲ
3348 4017 3562 4084 ἀνάξιος
3615 4013 3680 4082 ἦν
3728 4014 3806 4074 τῆς

484 4129 592 4189 ego
624 4109 871 4170 omnino
903 4121 1094 4171 vestro
1128 4118 1282 4172 tecto
1315 4111 1596 4192 indignus
1625 4130 1780 4173 sum.

1130 4118 1282 4172 tecto
1315 4111 1596 4192 indignus
1625 4130 1780 4173 sum.
2207 4110 2355 4184 ὑμῶν
2397 4106 2698 4186 ὑποδοχῆς.

563 4196 636 4262 X.
659 4201 804 4261 Cum
832 4199 1011 4277 igitur
1040 4217 1072 4261 a
1103 4201 1322 4261 sanctis
1352 4188 1471 4264 illis
1505 4201 1779 4265 Patribus
1809 4204 1932 4267 Deo
1963 4221 2126 4265 com-

2289 4197 2352 4261 ι’,
2415 4198 2512 4256 Καὶ
2556 4196 2726 4260 οὕτως
2788 4197 2892 4253 ὑπὸ
2947 4201 3054 4252 τῶν
3109 4197 3276 4274 ἁγίων
3332 4194 3548 4251 ἐκείνων
3605 4188 3813 4277 Πατέρων

489 4288 803 4349 mendatus
831 4273 1013 4369 esset,
1039 4289 1181 4351 exiit
1210 4308 1242 4351 e
1274 4291 1635 4354 monasterio
1669 4292 1865 4369 illo,et
1887 4292 1958 4356 ab
1993 4295 2047 4373 ej

2242 4291 2573 4367 ταραθεμενος
2619 4292 2695 4360 τῷ
2741 4287 2931 4373 Κυρίῳ.
2958 4273 3169 4352 ἕξῆλθεί
3200 4291 3294 4341 τοῦ
3345 4282 3715 4373 μοναστηρίου,
3741 4273 3810 4373 καὶ

483 4379 666 4457 janua
699 4376 934 4456 longius
967 4365 1339 4458 progressus,
1373 4399 1436 4440 se
1484 4365 1860 4464 convertens,
1894 4392 1952 4446 et
1984 4365 2045 4445 sa

2241 4365 2412 4456 ,ακρῆν
2506 4376 2712 4432 ἐκεῖθεν
2795 4371 3022 4449 προϐὰς,
3093 4375 3340 4453 στραφεὶς
3424 4375 3518 4430 καὶ
3568 4369 3696 4464 ἰδὼν.
3730 4365 3809 4428 τὴν

488 4475 648 4528 ctum
682 4457 1107 4529 monasterium
1133 4469 1451 4550 aspiciens.
1480 4471 1712 4534 tristem
1743 4457 1919 4553 atque
1952 4491 2054 4535 ace

2235 4470 2364 4546 ιγίαν
2436 4465 2607 4541 μονὴν
2663 4462 2887 4521 ἓκλαυσε
2936 4471 3166 4543 πικρῶς,
3222 4466 3310 4520 καὶ
3371 4465 3480 4528 θεὶς
3530 4463 3593 4519 τὰ
3642 4457 3803 4553 γάξαιτα

492 4555 634 4650 bum
687 4554 987 4650 gemitum
1034 4541 1253 4650 emisit,
1307 4569 1373 4650 et
1408 4560 1588 4622 ﬂexis
1619 4541 1896 4641 genibus,
1939 4564 2060 4625 Deu

2238 4541 2301 4614 τὲε
2359 4556 2458 4623 τὴν
2500 4559 2626 4632 γῆν,
2681 4555 2771 4610 καὶ
2808 4541 3234 4630 προσευξάμενος
3267 4552 3523 4611 ἔκλαυσεν
3565 4541 3763 4606 ἒπιπολύ
3789 4554 3801 4569 ·

489 4645 683 4726 ipsum
717 4644 803 4706 sic
834 4648 1040 4719 oravit,
1097 4656 1160 4707 ut
1189 4648 1318 4727 ejus
1361 4636 1647 4731 lacrymae
1665 4653 1722 4713 in
1755 4636 1978 4714 terram
2012 4652 2057 4712 dt

2226 4645 2305 4703 ιαί
2362 4644 2527 4706 οὕτως
2573 4642 2802 4706 ἀναστὰς
2854 4640 3135 4712 ἐπορεύετο
3167 4641 3366 4698 κλαίων
3398 4636 3794 4729 ἁκαταπᾶύστωέι

493 4734 796 4811 fluxerint,
861 4747 1037 4816 atque
1099 4737 1180 4798 ita
1236 4727 1543 4801 ﬁnitimam
1604 4741 1764 4804 illam
1817 4742 2061 4822 regione

2231 4739 2297 4793 ιαὶ
2337 4735 2436 4802 τὴν
2480 4731 2599 4790 ὁδὸν
2655 4733 2812 4788 αὒτοῦ
2853 4732 3098 4799 ἐποίησε.
3141 4733 3240 4794 Ὠς
3271 4730 3328 4788 δὲ
3357 4732 3517 4800 ἦλθεν
3553 4727 3799 4821 ὁδοιπορῶν

493 4825 790 4897 salutavit,
817 4833 872 4886 et
906 4825 1193 4906 lacrymas
1223 4846 1341 4889 non
1375 4829 1802 4906 intermittens,
1824 4819 2061 4893 discess1

2225 4827 2308 4894 ιὴν
2386 4824 2631 4899 ἡμίσειαν
2715 4819 2860 4893 666v,
2941 4821 3056 4898 εὗρέ
3113 4843 3232 4877 τινα
3289 4823 3512 4901 πτωχὸν
3578 4819 3793 4906 φοροῦντι

491 4914 728 4994 iterque
779 4931 954 4977 suum
1013 4902 1324 4979 feciLCum
1380 4936 1518 4979 vero
1549 4902 1866 4981 dimidium
1897 4920 2059 4982 itinel

2228 4913 2534 4994 ἲιερῤωγότα
2604 4911 2789 4984 ἱμάτια
2823 4956 2841 4984 ,
2930 4912 3019 4967 καὶ
3103 4908 3248 4986 λέγει
3345 4913 3487 4984 αδτῷ
3520 4927 3534 4941 ⁶
3605 4902 3796 4994 Χαίροιςι

494 4992 1030 5080 confecisset,vidit
1049 5004 1289 5081 inOpem
1311 5008 1627 5087 quemdam
1650 5008 1952 5072 hominem
1975 5009 2062 5072 lac

2230 4992 2406 5083 ἱδελφὶ
2461 5003 2550 5057 καὶ
2592 4997 2954 5078 συνοδοιπόρε,
3000 4998 3120 5094 καί,
3184 5001 3226 5054 ετ
3281 4998 3463 5076 θέλῃς,
3513 4992 3798 5094 πορευθξιρεν

485 5111 552 5154 ra
591 5101 754 5155 veste
791 5094 1096 5168 indutum,
1131 5095 1228 5157 cui
1259 5085 1404 5158 diiit
1438 5117 1452 5154 :
1489 5095 1897 5174 Salve,frater,
1935 5106 1993 5161 et
2024 5119 2052 5159 v

2233 5099 2347 5170 ιμοῦ
2394 5090 2494 5158 τὴν
2537 5087 2862 5166 ὁδοιπορίαν.
2899 5089 2995 5174 [Sal
3039 5087 3298 5167 ἀπεκρίθη
3328 5091 3357 5144 ὁ
3408 5085 3801 5174 πτωχός-’Χάριῗ

488 5201 713 5244 comes.
747 5187 837 5246 An
870 5183 1163 5263 placet,et
1191 5203 1312 5246 una
1341 5184 1456 5247 iter
1485 5159 1816 5249 faciamus?
1847 5159 2056 5250 niaxim

2229 5159 2328 5263 ἔγω
2357 5180 2412 5237 ἐν
2443 5179 2616 5264 τοότῳ
2647 5159 2877 5242 πολλήν.
2913 5159 3234 5234 Ὀδευόντων
3275 5174 3329 5234 δὲ
3363 5159 3564 5248 album;
3589 5168 3730 5264 ﬁlii“
3775 5159 3797 5264 is

489 5270 686 5349 inquit
717 5270 839 5346 ille,
872 5258 1102 5352 gratum
1167 5273 1314 5334 mihi
1364 5273 1478 5337 hoc
1505 5267 1620 5338 est.
1656 5278 1806 5340 Cum
1838 5296 1979 5340 vero
2011 5299 2057 5339 Ui

2233 5258 2464 5336 ίωάννης
2499 5283 2516 5299 ⁸
2555 5259 2692 5344 Ὀρῶ
2726 5286 2808 5343 σε,
2856 5263 3072 5345 ἀδελφὲ,
3126 5267 3540 5345 κατεστιγμένον
3581 5258 3691 5352 ὄντα
3724 5258 3794 5352 καὶ

493 5344 607 5419 iter
636 5344 1195 5450 facerentJoannes
1215 5364 1296 5424 ait
1329 5383 1343 5423 :
1371 5363 1558 5426 Video
1583 5374 1664 5438 te,
1690 5365 2061 5442 frater,veste

2217 5362 2291 5437 μὴ
2335 5357 2622 5432 δυνάμενον
2677 5354 3055 5450 βαστάζειν-τὰ
3085 5344 3429 5432 περικείμενά
3469 5375 3549 5411 σοι
3598 5344 3785 5450 ἱμέτια·

497 5453 619 5538 tum
651 5447 907 5538 laceram
941 5450 1191 5526 habere,
1224 5460 1288 5513 ut
1333 5452 1494 5514 illam
1548 5435 1706 5517 ferre
1737 5473 1856 5518 non
1880 5435 2065 5538 possis

2220 5435 2350 5507 ἆλλὰ
2407 5443 2826 5520 ἀποδυσάμενος,
2874 5440 3005 5499 λάϐε
3049 5444 3148 5510 τὴν
3204 5446 3342 5518 ὶμὴν
3382 5442 3591 5538 ἐσθῆτα,
3616 5435 3788 5538 θέομαι,

500 5540 556 5594 te
607 5533 785 5613 igitur
831 5555 1001 5616 rogo,
1057 5547 1123 5600 ut
1170 5525 1328 5602 veste
1377 5543 1488 5605 ista
1522 5551 1577 5606 te
1607 5563 1813 5622 exuas,
1850 5525 1910 5609 et
1940 5565 2068 5609 mea

2224 5541 2304 5597 καὶ
2359 5537 2468 5614 ἐγὼ
2521 5532 2802 5608 ἐνδόσομαι
2860 5533 2926 5588 τὰ
2981 5533 3048 5588 σὰ
3104 5534 3315 5609 ἱμάτια.
3387 5535 3483 5592 Καὶ
3538 5525 3792 5587 ὁδεύσαντες

502 5622 701 5706 capias
734 5643 748 5683 :
784 5642 891 5703 ego
920 5633 1118 5688 autem
1164 5635 1261 5691 tua
1310 5649 1406 5694 me
1459 5632 1729 5700 induam.
1766 5620 2070 5718 Cumque:

2232 5629 2308 5687 ἰπὶ
2369 5625 2552 5688 ἱκανὸν
2605 5623 2794 5697 τόπον,
2852 5626 2941 5679 καὶ
2996 5620 3371 5702 συνταξάμενοι
3400 5620 3660 5693 ἀλλήλοις,
3697 5627 3800 5665 συν-
