3972 6130
161 310 282 377 577

1307 304 1495 372 VITA
1539 305 1598 368 S.
1640 296 1961 369 JOANNIS
2001 299 2430 367 CALYBITE.

3433 296 3553 380 57s

158 444 449 524 εχώρησεν
509 444 738 501 ἕκαστον
788 445 888 510 τὴν
943 441 1064 499 ὁδὸν
1119 444 1299 499 αὐτοῦ.
1357 428 1413 497 Ὀ
1472 436 1526 493 δὲ
1569 437 1824 502 Ἰωάννης

1914 434 2108 496 locum
2141 433 2461 514 quemdam
2494 428 3084 506 venissent,vicissim
3113 447 3178 490 se
3199 428 3548 504 salutantes,

157 534 346 606 ἐλθὼν,
385 534 478 588 καὶ
523 533 627 600 τὴν
661 535 829 590 οἰκίαν
873 532 978 587 τῶν
1010 531 1208 609 γονέων
1249 530 1405 586 αὐτοῦ
1433 527 1581 606 ἰδὼν,
1614 526 1824 605 ipsius»

157 624 345 680 ἑαυτὸν
421 622 514 678 ἐπὶ
583 621 680 690 τήν
733 626 862 699 γῆν,
911 622 1000 677 καὶ
1059 615 1393 696 προσηύξατο
1448 616 1618 694 λέγων
1691 618 1822 692 πρὸς

158 714 373 788 Κύριονο
461 712 629 787 Κύριε
702 711 882 778 Ἰησοῦ
950 707 1165 788 Χριστὲ,
1240 708 1318 782 μὴ
1391 705 1660 782 ἀπολίπῃς
1730 727 1820 780 με,

158 805 254 858 Καὶ
298 800 356 856 έν
421 801 633 878 ἑσπέρᾳ
686 799 867 876 βαθείᾳ
924 798 1172 855 εἰσελθὼν
1231 796 1285 851 ἐν
1325 797 1404 870 τῷ
1447 795 1584 868 θ’ἷκῳ
1644 797 1820 873 αὺτοῦ,

155 891 314 947 πάλιν
380 890 468 946 ἕπε
533 893 635 957 της
695 893 797 968 γῆς
844 890 1084 964 κείμενος
1132 889 1220 945 καὶ
1276 884 1511 964 δακρύων
1551 887 1682 963 πρὸς
1734 887 1826 942 τὸν

157 983 287 1037 Θεὸν
343 979 570 1058 έλεγεν’
623 980 775 1058 Κύριε
809 977 985 1046 Ἰησοῦ
1014 977 1231 1055 Χριστὲ,
1264 973 1372 1033 ἰδοὺ
1401 976 1498 1033 καὶ
1525 976 1614 1032 τὸν
1673 977 1825 1032 οἷκον

158 1077 260 1124 τῶν
303 1067 524 1144 γονέων
559 1090 665 1143 μου
715 1065 911 1133 ἕδειξᾶς
947 1086 1063 1146 μοι,
1092 1067 1182 1123 καὶ
1223 1073 1318 1122 τοὺ
1347 1063 1683 1143 χαρίσματός
1731 1084 1826 1120 σου

160 1158 233 1231 μὴ
265 1156 518 1237 ἑκπέσω,
576 1155 716 1214 ἀλλὰ
767 1155 853 1222 δός
912 1179 1004 1230 μοι
1062 1155 1156 1212 ἴνα
1197 1152 1413 1218 τελείως
1471 1154 1675 1223 νικήσω
1731 1153 1820 1209 τὸν

157 1243 428 1318 διάϐολον,
494 1247 592 1302 καὶ
637 1245 694 1302 έν
751 1253 828 1320 τῷ
888 1245 1025 1319 οἴκῳ
1081 1246 1249 1316 τούτῳ
1306 1242 1556 1300 ἀποθάνω
1611 1241 1818 1317 καλῶς,

158 1337 292 1409 μήτε
357 1335 538 1411 ἆάσῃς
603 1357 670 1408 με
724 1333 932 1410 μᾶλλον
1001 1337 1373 1413 πειρασθξναι.
1450 1333 1548 1391 Καὶ
1616 1329 1824 1409 ἔμεινεν

160 1425 272 1482 ἐκεῖ
300 1425 491 1492 πάσης
525 1423 694 1493 τῆσδε
722 1425 936 1488 νυκτός.

235 1602 355 1666 IA'.
399 1603 588 1661 ’Ὅταν
622 1602 676 1660 δὲ
734 1602 946 1682 ἐγένετο
972 1604 1008 1670 ἡ
1062 1603 1260 1680 ἡμέρα,
1295 1602 1551 1681 συνοίχθη
1607 1603 1639 1670 ἡ
1683 1599 1825 1666 πύλη

157 1701 244 1749 τοῦ
299 1692 494 1770 οἴκου,
550 1695 626 1758 ὡς
667 1692 734 1759 ἦν
777 1692 1048 1770 συνήθεια,
1083 1690 1174 1747 ἵνα
1224 1692 1272 1748 οἱ
1315 1693 1474 1750 αὐτοῦ
1515 1704 1698 1767 γονεῖς
1741 1682 1827 1770 in?

1905 524 2123 600 singuli
2154 523 2304 584 viam
2337 540 2501 584 suam
2535 520 2797 600 aggressi
2831 528 2993 583 sunt.
3029 517 3174 582 Cum
3205 537 3343 580 vero
3372 519 3555 602 Joan-

1906 631 2013 673 nes
2049 632 2117 674 eo
2150 611 2436 684 venisset,
2467 611 2628 672 unde
2673 618 2984 690 parentum
3019 625 3264 670 suorum
3295 607 3486 670 edem
3519 624 3554 669 e

1905 703 2151 781 regione
2185 700 2612 782 prospiciebat,
2647 699 2910 779 seipsum
2957 697 3019 759 in
3055 706 3274 759 terram
3306 695 3553 777 dejecit,

1909 799 1968 852 et
1999 789 2188 853 Deum
2221 789 2303 852 ito
2337 787 2711 870 precabatur:
2738 787 2990 850 Domine
3019 785 3162 850 Jesu
3196 783 3451 860 Christe,
3478 801 3555 846 ne

1911 880 2298 958 derelinquas
2330 898 2446 940 me.
2501 877 2766 958 Cumque
2791 877 2864 940 ad
2898 877 3139 940 multam
3173 881 3410 938 noctem
3443 893 3551 956 pa-

1909 978 2146 1033 rentum
2179 986 2423 1032 suorum
2445 967 2694 1050 januam
2726 966 3213 1041 adiisset,rursus
3244 964 3304 1026 in
3331 973 3552 1028 terram

1911 1066 2242 1139 prostratus
2272 1075 2340 1120 ac
2371 1057 2605 1137 lugens,
2639 1058 2828 1121 Deum
2860 1055 2940 1118 ita
2973 1063 3246 1138 precatus
3277 1061 3411 1116 est:
3443 1056 3558 1116 Do-

1909 1149 2070 1211 mine
2098 1148 2242 1212 Jesu
2279 1148 2536 1223 Christe,
2557 1166 2634 1209 en
2668 1153 2980 1228 parentum
3013 1164 3283 1208 meorum
3315 1144 3554 1223 domus,

1905 1257 2080 1316 quam
2118 1237 2261 1300 mihi
2293 1236 2607 1300 ostendisti
2641 1261 2653 1296 :
2702 1236 2807 1298 sed
2867 1255 2943 1298 ne
2972 1254 3006 1298 a
3033 1235 3220 1316 gratia
3254 1242 3354 1296 tua
3383 1234 3554 1296 deci-

1904 1328 2066 1403 dam,
2099 1327 2175 1390 da
2229 1328 2400 1402 mihi,
2434 1345 2663 1408 quaeso,
2700 1335 2761 1388 ut
2814 1333 3093 1406 superato
3147 1322 3410 1398 diabolo,
3443 1323 3556 1386 hoc

1905 1417 1964 1477 in
2003 1417 2134 1479 loco
2191 1416 2350 1479 bene
2380 1423 2664 1491 moriens,
2701 1433 2818 1476 non
2877 1413 3134 1494 amplius
3167 1414 3555 1476 tentationem

1909 1507 2169 1582 aliquam
2203 1505 2419 1586 patiar.
2454 1505 2668 1568 Mansit
2697 1502 3042 1585 itaqueillic
3073 1510 3194 1565 tota
3227 1512 3404 1566 nocte
3427 1501 3552 1564 illa.

1969 1593 2066 1657 XI.
2086 1597 2162 1656 Ut
2192 1613 2329 1656 vero
2351 1593 2480 1656 dies
2503 1593 2862 1670 illuxit,atrii
2884 1592 3043 1655 fores
3067 1592 3372 1673 patefactae
3392 1599 3554 1667 sunt,

1912 1696 1974 1744 ut
2025 1683 2320 1759 solebant,
2355 1702 2428 1746 eo
2480 1685 2638 1765 quod
2689 1684 2821 1764 ejus
2881 1690 3160 1764 parentes
3200 1681 3390 1763 paulo.
3427 1691 3561 1763 post

160 1781 331 1858 ὀλίγον
393 1767 680 1848 ἐξέλθωσι.
719 1783 816 1840 Καὶ
864 1767 1079 1848 ἐξῆλθεν
1139 1782 1168 1835 δ
1211 1782 1296 1837 ἐπὶ
1351 1785 1448 1847 τῆς
1504 1780 1694 1855 οἰκίας,
1742 1767 1827 1835 καιὶ

1914 1774 2213 1852 egressuri
2247 1781 2472 1838 essent.
2508 1772 2665 1836 Exiit
2713 1782 2911 1835 autem
2945 1772 3185 1834 familiae
3217 1771 3556 1853 praefectus,

157 1871 340 1946 βλέπει
404 1874 578 1931 αὐτὸν
630 1873 877 1946 κείμενον
925 1869 1022 1928 καί
1079 1867 1410 1948 διεῤῥηγόσιν
1458 1869 1686 1943 ἱματίοις
1732 1868 1823 1924 έν-

160 1957 472 2036 δεδυμένον,
513 1960 614 2018 καῖ
651 1959 797 2039 λέγει
841 1961 1003 2034 αὐτῷ·
1056 1959 1144 2022 Τίς
1195 1959 1251 2016 εἶ
1295 1959 1384 2033 σὺ,
1430 1958 1690 2037 ἄνθρωπε,
1737 1957 1825 2014 καὶ

160 2052 360 2130 πόθεν;
429 2052 525 2108 καὶ
575 2056 715 2120 πῶς,
762 2053 999 2111 τοιοῦτος
1055 2050 1340 2129 ὑπάρχων,
1376 2047 1676 2122 ἐτόλμησας
1729 2047 1822 2104 iv-

162 2143 320 2199 ταὺθα
368 2139 703 2219 προσελθεῖν
737 2156 754 2214 ς
786 2137 926 2196 ἀλλὰ
968 2137 1056 2202 δὸς
1088 2139 1276 2212 τόπον,
1322 2135 1404 2194 ὅτι
1436 2140 1482 2194 οἱ
1522 2136 1690 2211 κύριοί
1721 2156 1825 2209 μου

161 2229 445 2308 προελθεῖν
507 2228 792 2305 μέλλουσι.
873 2228 1031 2304 Λέγει
1083 2227 1227 2301 αὗτῴ
1282 2226 1310 2283 ὃ
1360 2225 1638 2292 Ἰωάννης·
1691 2224 1824 2281 Δέο-

162 2322 255 2393 μαί
298 2341 418 2391 σου,
471 2320 660 2398 Κύριε,
707 2318 932 2384 ποίησον
989 2316 1109 2391 μετ’
1156 2318 1290 2391 ἱμοῦ
1346 2315 1521 2394 ἕλεος,
1554 2314 1825 2392 ἄνθρωπος

167 2409 260 2485 γὰρ
324 2409 568 2488 πτωχός
637 2409 774 2483 εἰμι.
846 2407 1050 2464 ’Έασόν
1094 2425 1162 2481 με
1221 2405 1275 2462 ἐν
1334 2410 1402 2480 τῇ
1441 2404 1604 2482 γωνίᾳ
1658 2403 1825 2476 ταύτῃ

165 2501 398 2572 κεῖσθαι,
436 2495 616 2571 μηδὲν
673 2497 804 2572 ἐμοῦ
847 2493 1176 2562 ἀδικοῦντος,
1222 2495 1308 2551 καὶ
1359 2501 1451 2552 τοῦ
1493 2491 1671 2556 ἐλέους
1728 2515 1825 2566 μι-

167 2588 284 2643 σθὸν
341 2587 508 2649 αὐτὸς
547 2588 575 2642 ὁ
602 2587 731 2652 Θεὸς
760 2584 943 2662 δώσει,
988 2586 1033 2641 εἰ
1063 2585 1132 2660 μὲ
1177 2584 1383 2651 πένητα
1412 2581 1504 2640 sui
1536 2588 1628 2640 τοὺ
1675 2579 1826 2638 οἴκου

165 2671 309 2731 τοῦὂε
367 2676 556 2752 θύραις
614 2675 792 2750 μένειν
848 2675 1014 2754 ἀφῇς.
1080 2673 1276 2731 Εἴασεν
1319 2671 1527 2733 ἐκεῖνος
1577 2671 1674 2728 καὶ
1717 2671 1826 2726 ἀπ-

169 2763 314 2827 ῆλθε.
377 2767 477 2825 Καὶ
534 2763 854 2830 ἐξελθόντων
912 2763 1051 2839 μετᾶ
1092 2761 1259 2820 ταῦτα
1316 2767 1423 2818 τῶν
1481 2760 1682 2839 γονέων
1726 2760 1824 2815 aii-

169 2856 275 2934 τοῦ,
339 2857 439 2933 ὁρᾷ
516 2854 704 2918 αὐτοὺς
763 2856 790 2910 ὁ
849 2851 1128 2928 Ἰωάννης,
1187 2853 1276 2906 καὶ
1346 2849 1467 2916 ὅλος
1537 2847 1824 2925 ἐπληρώθη

1909 1863 2011 1942 qui
2032 1881 2166 1925 cum
2190 1863 2385 1945 ipsum
2409 1863 2606 1924 lacera
2629 1873 2790 1924 veste
2815 1863 3090 1925 indutum
3113 1861 3552 1936 vidissetzQuis,

1908 1951 2123 2032 inquit,
2156 1959 2218 2013 tu
2249 1970 2338 2028 es,
2374 1959 2437 2015 et
2468 1951 2799 2027 undenam;
2823 1961 2883 2015 et
2910 1969 3094 2033 quare
3129 1969 3262 2013 cum
3292 1951 3425 2013 talis
3445 1949 3555 2032 sis,

1910 2041 2026 2102 huc
2053 2040 2346 2104 accedere
2368 2059 2551 2104 ausus
2579 2048 2675 2104 es?
2709 2039 2960 2104 Discede
2993 2041 3235 2115 isthinc,
3271 2041 3558 2121 quoniam

1909 2129 2133 2192 domini
2154 2128 2272 2191 mei
2293 2131 2598 2209 egressuri
2624 2139 2786 2193 sunt.
2811 2132 2979 2194 Tunc
2997 2131 3278 2194 Joannes:
3315 2127 3555 2208 Quaeso,

1909 2219 2249 2293 domine,ut
2273 2219 2688 2282 misericordia
2711 2238 2806 2282 me
2827 2219 3368 2300 prosequaris:sum
3395 2218 3558 2282 enim

1911 2306 2088 2369 homo
2118 2307 2518 2390 pauper.Sine
2537 2308 2725 2386 igitur
2743 2327 2840 2371 me
2857 2309 2914 2370 in
2940 2310 3054 2371 hoc
3074 2311 3292 2390 angulo
3316 2325 3560 2371 manere

1911 2397 2079 2470 (nihil
2099 2399 2256 2460 enim
2282 2399 2421 2460 mali
2445 2397 2628 2480 facio)
2649 2405 2827 2479 atque
2851 2399 3030 2480 hujus
3053 2399 3140 2461 rei
3165 2400 3503 2464 mercedem
3523 2416 3561 2460 a

1909 2484 2034 2547 Deo
2065 2485 2198 2567 ipso
2233 2496 2535 2568 exspecta,
2561 2494 2610 2548 si
2643 2506 2738 2550 me
2770 2505 3092 2569 pauperem
3115 2489 3188 2550 ad
3221 2488 3398 2569 hujus
3426 2486 3561 2550 atrii

1911 2575 2069 2637 fores
2103 2594 2344 2639 manere
2366 2575 2982 2658 permittas.Permisit
3004 2577 3196 2653 ille,et
3217 2575 3562 2640 abiit.Exie-

1911 2673 2049 2726 runt
2103 2676 2305 2729 autem
2339 2666 2470 2747 ejus
2501 2674 2782 2747 parentes
2845 2667 2904 2728 in
2933 2667 3178 2730 atrium.
3228 2667 3392 2740 Quos
3422 2685 3558 2730 cum

1907 2752 2177 2817 Joannes
2226 2754 2497 2830 vidisset,
2536 2763 2691 2818 totus
2722 2756 3000 2837 lacrymis
3045 2757 3313 2838 repletus
3344 2762 3458 2833 est,
3491 2775 3562 2819 ac

1910 2862 2111 2906 secum
2130 2843 2301 2906 dixit:
2329 2842 2712 2921 En,diabole.
2741 2853 2798 2906 et
2818 2852 3098 2926 parentes
3120 2847 3444 2922 meos,Deo
3476 2847 3559 2910 ita

172 2932 432 3023 δακρύων,
496 2945 588 3000 καί
632 2943 787 3000 εἴπεν
844 2941 899 2998 έν
958 2942 1152 3015 ἑαυτῷ·
1227 2937 1384 3016 Ἰδοὺ,
1441 2937 1678 3012 διάϐολε,
1740 2938 1827 2997 καὶ

1914 2932 2171 3023 volente,
2199 2936 2424 3023 aspexi,
2452 2943 2510 2996 et
2537 2936 2782 3014 sagittas
2815 2944 2946 2997 tuas
2971 2934 3256 2998 ardentes
3282 2945 3560 2998 contem-

174 3032 290 3096 τὼς
345 3021 534 3110 γονεῖς
583 3055 690 3106 μου
744 3031 1045 3106 ἐθεασάμην
1101 3031 1168 3105 τῇ
1211 3029 1463 3106 βουλήσει
1522 3039 1614 3088 τοῦ
1669 3035 1825 3103 Θεοῦ,

1914 3021 2241 3098 no,Christi
2265 3042 2381 3106 ope
2410 3023 2674 3104 adjutus.
2710 3023 2799 3087 Ac
2829 3042 3042 3088 rursus
3077 3023 3226 3086 dixit
3260 3045 3274 3087 :
3308 3023 3563 3089 Domine

182 3120 269 3175 mi
327 3122 391 3178 τὰ
465 3121 664 3199 κέντρα
722 3144 814 3179 σου
883 3121 1276 3198 καταπατήσω,
1331 3123 1400 3195 τῇ
1467 3117 1683 3193 δυνάμει
1740 3118 1827 3175 καὶ

1914 3113 2055 3174 .Iesu
2085 3111 2343 3188 Christe,
2380 3131 2457 3174 ne
2493 3112 2882 3194 derelinquas
2918 3132 3038 3178 me.
3092 3112 3162 3175 Et
3193 3113 3470 3180 manebat
3498 3115 3562 3177 in

183 3176 392 3284 βοηθείᾳ
587 3176 842 3288 iecisti.
903 3176 1217 3268 liralmrrél'w
1259 3176 1451 3286 ἐλεγι-ε.
1513 3176 1666 3287 Κύριε
1713 3206 1827 3275 ἰη-

1914 3199 2016 3264 illo
2050 3201 2291 3282 angulo.
2325 3176 2514 3283 Cmpit
2540 3176 2906 3283 autem.ejus
2935 3176 3106 3284 pater
3135 3221 3169 3266 e
3212 3176 3562 3266 menius;

194 3320 284 3354 σου
315 3301 503 3377 Χριστὲ
547 3287 647 3376 μήθ
689 3297 1054 3378 εγκαταλίπςις
1111 3316 1202 3374 με·
1263 3300 1352 3355 καὶ
1394 3297 1597 3374 ἔμεινεν
1670 3296 1724 3354 ἐν
1766 3303 1827 3372 τῇ

1915 3287 2115 3352 cibum
2143 3289 2229 3352 illi
2250 3291 2949 3372 mittere,dicens:Hujus
2971 3291 3250 3374 pauperis
3279 3292 3565 3373 patientia

197 3388 354 3462 γωνίᾳ
409 3388 606 3465 ἒκεὶνῃ.
670 3389 768 3448 Καὶ
831 3389 859 3446 ὁ
912 3389 1093 3465 πατὴρ
1151 3390 1310 3448 αὐτοῦ
1350 3386 1544 3466 ἤρξατο
1586 3387 1694 3445 ἀπὸ
1730 3389 1827 3455 τῆς

1917 3379 2102 3442 multa
2131 3389 2259 3442 est:
2313 3381 2540 3462 quippe
2569 3380 2672 3464 qui
2706 3381 2768 3443 in
2808 3382 2984 3443 tantis
3017 3381 3253 3462 pluviis,
3286 3391 3346 3444 et
3377 3381 3562 3446 multa

204 3475 453 3558 τραπέζὲδς
514 3481 660 3536 αὖτοῦ
719 3477 1080 3538 ἀποστέλλειν
1141 3477 1286 3553 αὐτῷ
1348 3476 1570 3558 τροφὴν,
1631 3475 1825 3556 λέγων·

206 3555 262 3620 Ἠ
304 3572 390 3623 τοῦ
432 3576 648 3649 πτωχοῦ
699 3570 888 3627 τούτόυ
943 3569 1190 3645 ὑπομονὴ
1237 3567 1415 3638 πολλή
1458 3555 1596 3647 έστι,
1628 3555 1716 3622 ὅτε
1773 3563 1828 3620 ἐν

192 3657 416 3730 τοσούτῳ
465 3659 702 3737 χειμῶνι
732 3660 822 3716 καὶ
875 3664 1096 3737 ταγετῷ
1127 3657 1266 3716 οὕτω
1325 3667 1712 3735 προσκαρτερεῖ
1738 3657 1828 3711 καὶ

187 3743 444 3815 καθέζεται
490 3747 547 3804 ἐν
602 3747 680 3822 τῷ
735 3746 968 3808 πυλῶνι.
1018 3748 1250 3810 Δυνατός
1305 3749 1449 3804 ἔστιν
1509 3747 1536 3801 ὁ
1581 3744 1711 3807 Θεὸς
1757 3741 1823 3802 δι’

187 3830 330 3889 αὖτοῦ
372 3841 542 3894 σῶσαι
600 3835 698 3893 καί
726 3838 894 3912 ἡμᾶς.
963 3837 1178 3900 Πάντως
1228 3836 1330 3914 γὰρ
1386 3834 1472 3892 διὰ
1515 3839 1668 3890 τοῦτο
1712 3833 1822 3891 ἀπ-

183 3921 371 3990 εστάλη
400 3925 454 3982 έν
504 3931 584 3998 τῷ
616 3925 756 3999 οἴκῳ
810 3927 965 4002 ἡμῶν
996 3926 1132 4004 ἀνὴρ
1189 3925 1364 3999 οὗτος,
1405 3924 1494 3981 ἵνα
1545 3923 1630 3980 καὶ
1663 3924 1829 4000 ἡμεῖς

184 4014 450 4089 σωθῶμεν,
505 4013 827 4081 Ἐξελθοῦσα
869 4014 926 4071 δέ
953 4017 987 4084 ἡ
1033 4017 1216 4094 μήτηρ
1260 4015 1420 4073 αὖτοῦ
1449 4013 1502 4070 ἐν
1541 4018 1637 4089 μιᾷ
1685 4015 1828 4090 ἡμε-

181 4105 302 4177 ρῶν,
362 4106 448 4163 καὶ
511 4103 694 4161 ἶδοῦσα
737 4105 896 4163 αὐτὸν
965 4108 1132 4168 οὕτως
1186 4104 1476 4183 ἄπαστρον,
1530 4101 1829 4171 ἕκπληκτος

184 4187 327 4272 ἔστη,
360 4192 446 4250 διὰ
510 4195 573 4250 τὸ
623 4192 806 4272 ἄγριον
849 4195 939 4252 καὶ
981 4192 1335 4270 ἀνυπόδητον,
1370 4192 1458 4250 καὶ
1514 4189 1659 4271 λέγει
1697 4194 1828 4270 πρὸς

183 4280 294 4344 τοὺς
338 4283 512 4352 αὐτῆς
558 4282 783 4346 παῖδάς·
838 4283 1035 4362 Σόρατε
1093 4283 1248 4341 αὐτὸν
1296 4280 1464 4360 ἔνθεν,
1496 4280 1578 4338 ὅτι
1627 4284 1688 4340 οὗ
1738 4278 1829 4336 δύο

183 4390 360 4452 ναμαι,
403 4373 601 4431 τούτου
659 4370 838 4438 ἑνθάξε
889 4371 1158 4449 κειμένου,
1205 4370 1563 4449 εἰσέρχεσθαι.
1624 4369 1826 4434 Εὐθέως

1910 3467 2103 3549 glacie
2129 3480 2251 3531 tam
2285 3468 2582 3550 patienter
2605 3488 2672 3533 ac
2701 3470 2935 3533 fortiter
2969 3471 3026 3532 in
3057 3471 3170 3533 hoc
3200 3469 3355 3534 atrio
3385 3489 3558 3534 com-

1915 3565 2202 3621 moratur.
2234 3557 2436 3622 Potest
2457 3560 2620 3622 Deus
2650 3559 2780 3641 ipse
2802 3577 2910 3641 per
2931 3559 3237 3622 hominem
3263 3561 3425 3624 hunc
3445 3580 3560 3623 no-

1909 3646 2004 3711 bis
2033 3649 2284 3711 salutem
2313 3649 2552 3712 aﬂ‘erre.
2585 3645 2846 3713 Omnino
2894 3649 3054 3711 enim
3091 3658 3413 3732 propterea
3442 3650 3562 3720 huc

1911 3741 2130 3800 missus
2163 3739 2275 3800 fuit
2293 3739 2474 3800 homo
2499 3741 2639 3814 iste,
2668 3747 2733 3801 ut
2755 3745 2813 3801 et
2837 3757 2945 3802 nos
2967 3756 3074 3820 per
3104 3739 3272 3802 illum
3305 3739 3560 3802 salutem

1908 3844 2324 3907 assequamur.
2351 3825 2570 3890 Eaiens
2598 3837 2797 3891 autem
2829 3828 3008 3890 domo
3029 3829 3285 3910 quodam
3318 3829 3418 3892 die
3439 3848 3560 3894 ma-

1913 3925 2004 3981 ter
2055 3916 2242 3997 illius,
2278 3935 2412 3978 cum
2468 3935 2602 3979 eum
2635 3919 2718 3980 ita
2760 3917 3060 4001 abjectum
3098 3917 3361 3994 vidisset,
3395 3920 3559 3983 indi-

1910 4025 2097 4086 gnans
2118 4005 2405 4082 substitit,
2439 4007 2594 4088 quod
2621 4017 2901 4090 tanquam
2937 4009 3306 4072 horrendum
3336 4009 3560 4092 aliquid

1912 4095 2114 4158 videre
2144 4095 2260 4158 sibi
2284 4097 2409 4158 visa
2439 4104 2688 4172 esset,et
2705 4097 2780 4160 ad
2805 4115 3026 4180 pueros
3054 4117 3196 4161 suos
3227 4117 3512 4162 conversa
3540 4121 3556 4164 :

1911 4186 2183 4261 Auferte,
2203 4185 2418 4265 inquit,
2444 4186 2661 4250 isthinc
2681 4187 2991 4265 hominem
3027 4188 3228 4266 istum,
3252 4189 3411 4271 quod
3434 4207 3557 4251 non

1913 4294 2176 4356 possum,
2212 4274 2317 4337 illo
2365 4275 2452 4337 sic
2487 4275 2752 4356 jacente,
2789 4278 3068 4343 transire.
3121 4276 3329 4342 Statim
3379 4278 3561 4356 igitur

1909 4366 2062 4427 servi
2093 4363 2398 4427 hominem
2431 4365 2598 4427 illum
2633 4372 2682 4427 vi
2731 4375 3171 4448 pertraxerunt.
3209 4366 3357 4430 Cum
3406 4385 3555 4431 vero

183 4455 234 4514 δὲ
285 4461 476 4541 ’ἔσυραν
521 4463 676 4519 αὐτὸν
705 4463 754 4518 οἰ
810 4459 1027 4525 παῖδες.
1063 4461 1219 4528 Ἐξῆς
1267 4458 1322 4517 δὲ
1366 4459 1473 4516 ἀπὸ
1501 4459 1598 4528 τῆς
1653 4458 1826 4526 πύλης

1914 4454 2347 4532 aliquantulum
2371 4473 2406 4517 a
2427 4454 2655 4518 foribus
2677 4456 2796 4519 illis
2815 4457 2990 4537 longe
3005 4456 3560 4541 abesset,manebat

185 4553 376 4628 μακρὸν
405 4553 726 4630 συρόμενος,
762 4551 848 4607 καὶ
889 4550 1009 4609 ἐκεῖ
1063 4549 1342 4626 ὑπομένων
1382 4551 1479 4608 οὐκ
1535 4549 1822 4628 ἀνεχώρει.

1914 4543 2059 4617 illic,
2087 4561 2285 4624 neque
2315 4543 2520 4625 aliquo
2573 4535 2944 4610 discedebat.
2977 4535 3326 4627 Egredienti
3355 4558 3558 4611 autem

189 4633 514 4704 Ἐξελθόντος
557 4639 612 4696 δέ
640 4661 770 4697 ποτε
828 4647 921 4697 τοῦ
978 4641 1066 4697 έπὶ
1116 4645 1184 4716 τῇ
1240 4639 1404 4718 οἰκίᾳ,
1437 4637 1580 4715 λέγει
1626 4637 1768 4712 αὐτῷ
1795 4641 1824 4695 ὁ

1914 4634 2228 4714 aliquando
2259 4633 2498 4697 familiae
2527 4635 2830 4716 praefecto:
2865 4637 3032 4716 Rogo
3064 4637 3348 4720 te,inquit
3371 4637 3559 4702 Joan-

187 4725 454 4799 Ὶωάννηςο
503 4721 596 4794 Ὠς
652 4729 706 4795 έξ
762 4727 938 4810 ἆρχῆς
991 4729 1250 4797 ἐποίησας
1309 4725 1427 4804 μετ’
1473 4727 1603 4803 ἐμοῦ
1652 4725 1824 4796 ἔλεος,

1914 4741 2040 4796 nes,
2073 4731 2141 4785 ut
2197 4723 2708 4800 quemadmodum
2759 4725 2930 4788 initio
2988 4727 3407 4790 misericordia
3463 4746 3560 4791 me

187 4818 268 4874 καὶ
314 4827 402 4876 νὺν
464 4819 691 4890 ποίησόν
736 4839 828 4894 μοι
885 4815 987 4884 ὦδε
1038 4818 1232 4897 μικρὰν
1291 4814 1530 4883 καλνίϐην
1560 4816 1696 4873 κατὰ
1735 4818 1827 4872 τοῦ

1914 4821 2260 4892 prosecutus
2282 4830 2368 4885 es,
2405 4813 2485 4874 ita
2517 4823 2576 4876 et
2625 4833 2782 4876 nunc
2815 4833 3058 4896 parvum
3113 4817 3352 4899 aliquod
3382 4825 3562 4897 tugu-

188 4910 433 4987 παγετοῦ,
472 4909 732 4990 καὶᾼπρὸς
779 4908 842 4964 τὸ
896 4908 974 4984 μὴ
1028 4907 1245 4986 ὁρᾶσθαί
1302 4927 1370 4982 με
1425 4907 1528 4962 ὑπὸ
1579 4910 1676 4973 τῆς
1726 4928 1827 4963 κυ-

1914 4901 2067 4964 rium
2102 4902 2250 4963 mihi
2279 4911 2612 4978 construas,
2649 4913 2772 4966 uta
2795 4905 2987 4986 glacie
3018 4906 3259 4968 defendi
3312 4908 3560 4990 possim,

189 4995 294 5068 ρίας
346 4999 522 5074 ὑμῶν.
571 4987 653 5056 ’0⁷
689 4995 744 5054 δὲ
789 4997 1019 5069 ἀκούων,
1067 4998 1153 5053 καὶ
1192 4997 1271 5071 μὴ
1329 4996 1586 5070 dicimur,
1638 4996 1827 5072 μικρὰν

1915 5011 2110 5072 neque
2141 5012 2170 5053 a
2204 5001 2401 5053 vestra
2431 4992 2672 5055 domina
2696 5013 2958 5075 unquam
3001 4995 3224 5058 videar.
3259 4987 3396 5058 llaec
3423 4987 3560 5059 cum

187 5085 426 5154 ὃποὶησεν
494 5088 636 5162 αὖτῷ
691 5083 952 5153 καλύόηνο
1009 5088 1098 5143 καὶ
1130 5085 1336 5160 ἔμεινεν
1392 5084 1530 5158 ἐκεῖ,
1566 5085 1682 5158 Θεῷ
1740 5087 1829 5142 εὖ·

190 5171 434 5250 κάμινος,
490 5175 626 5238 Καθ⁹
656 5176 890 5242 ἑκάστην
934 5173 989 5232 δὲ
1019 5173 1074 5231 δέ
1119 5176 1147 5231 ἰ)
1176 5174 1354 5252 πατὴρ
1397 5173 1558 5230 αὑτοῦ
1586 5171 1829 5230 ἔστελλεν

189 5265 322 5339 αὖτῷ
380 5269 606 5348 τροφήν,
679 5266 740 5322 Ὃ
799 5263 854 5321 δὲ
909 5265 977 5321 τὰ
1028 5261 1467 5339 άποστέλλόμενα
1529 5263 1672 5337 αὒτῷ
1727 5262 1829 5318 ὑπὸ

193 5360 275 5408 τοῦ
325 5360 546 5436 πατρὸς,
607 5367 727 5416 τοῖς
793 5365 1046 5433 πτωχοῖς
1103 5350 1348 5425 διεδίδου,
1393 5351 1551 5417 αὐτὸς
1610 5350 1668 5407 δὲ
1711 5349 1829 5408 οὔτε

193 5437 377 5521 ἤσθιεν,
423 5446 546 5504 αὖτε
605 5444 782 5501 ἔπινεν
840 5440 894 5507 έξ
950 5441 1147 5518 αὐτῶν,
1201 5440 1341 5498 ὥστε
1409 5441 1532 5506 τοὺς
1593 5439 1828 5507 πένητας

202 5530 379 5601 πάντας
428 5537 563 5616 πρὸς
624 5533 781 5592 αὐτόν
825 5530 1153 5612 ἰρχομένὸυς
1211 5529 1621 5610 ἄποτρέφεσθαι.
1691 5538 1826 5587 Τοσ-

1912 5082 2015 5143 ille
2038 5080 2548 5154 audivissetmihil
2572 5092 2862 5160 moratus,
2890 5103 3130 5164 parvum
3156 5085 3456 5166 quoddam
3476 5096 3564 5148 tu-

1911 5171 2146 5251 gurium
2166 5169 2219 5232 ei
2245 5173 2673 5251 composuit,in
2694 5192 2816 5255 quo
2841 5174 3337 5247 manebat,Deum
3362 5193 3560 5238 orans.

1916 5260 1984 5323 Ei
2014 5267 2212 5322 autem
2249 5270 2416 5340 pater
2439 5261 2711 5341 quotidie
2769 5263 2971 5325 cibum
3008 5263 3306 5328 mittebat.
3342 5267 3566 5328 Verum

1913 5367 2048 5428 quae
2095 5366 2130 5408 a
2179 5357 2344 5430 patre
2399 5349 2808 5426 mittebantur,
2848 5353 3214 5433 pauperibus
3265 5355 3392 5434 ipse
3437 5354 3566 5420 dis-

1914 5437 2236 5512 tribuebat,
2262 5449 2318 5501 et
2362 5443 2448 5499 eis
2481 5457 2600 5502 non
2649 5440 2858 5517 edens,
2897 5459 3096 5520 neque
3130 5443 3368 5524 bibens,
3400 5443 3482 5507 ita
3507 5453 3571 5511 et

1912 5543 2123 5589 omnes
2151 5544 2446 5608 pauperes
2475 5529 2550 5590 ad
2581 5547 2717 5592 eum
2749 5542 3087 5614 currerent,
3117 5540 3175 5593 et
3203 5531 3278 5594 ab
3309 5531 3412 5595 illo
3447 5552 3566 5599 nu-
