3972 6130
217 310 332 375 581
1365 320 1552 385 VITA
1599 321 1658 385 S.
1691 321 1873 387 JOAIV

1962 323 2022 386 IS
2065 320 2491 387 CALYBITE.
3407 274 3409 276 ’
3500 323 3619 390 582

211 451 489 507 Αελευσὸν
538 474 606 528 με
659 458 918 533 ταφῆναυ
979 453 1061 510 ὅτι
1118 453 1328 521 ἀνάξιός
1387 459 1495 533 εἶμι
1553 457 1640 535 ὑφ’
1698 458 1873 537 ἑτέρωε

1973 465 2084 540 est,
2118 457 2300 520 facias
2325 475 2418 519 me
2442 455 2703 529 humari;
2736 457 3015 536 quoniam
3047 474 3242 537 neque
3269 456 3403 518 aliis
3433 459 3616 520 vesti-

205 540 451 614 ἱματίων
518 542 607 597 καὶ
650 541 704 597 ἐν
762 544 1062 621 τιμιωτέρῳ
1119 548 1267 618 τόπῳ
1308 549 1740 626 ἓνταφιασθῆναι.
1790 551 1873 606 Καί

1977 547 2109 622 bus,
2133 565 2328 628 neque
2360 545 2655 608 nobiliore
2685 545 2884 624 aliquo
2921 545 3052 607 loco
3081 565 3189 626 ego
3214 546 3429 625 dignus
3457 565 3613 608 sum.

205 631 381 685 ταῦτα
441 631 619 687 εἰπὼν
677 629 939 689 ἐπέδωκεν
1001 638 1134 702 αὖτῆ
1191 637 1251 692 10
1313 635 1660 714 Εὖαγγέλιον,
1715 637 1873 713 λέγω·

1974 635 2111 698 Haec
2135 653 2267 697 cum
2302 635 2570 707 dixisset,
2595 632 3086 712 illiEvangelium
3119 634 3390 708 tradidit,
3417 653 3486 696 ac
3521 637 3617 696 di~

205 718 420 776 Ἔσται
476 743 572 777 σοι
629 729 786 780 τοῦτο
834 722 887 778 ἐν
931 727 1008 796 τῷ
1068 723 1289 804 παρόντι
1333 725 1432 800 βίῳ
1489 725 1800 802 σύνδεσμος,
1836 725 1873 781 ἐκ

1972 726 2056 787 xit
2091 746 2105 788 :
2133 724 2256 786 Hoc
2296 724 2401 786 tibi
2430 723 2490 785 in
2524 725 2631 786 hac
2655 723 2771 786 vita
2804 725 3338 803 propugnaculum,
3374 733 3432 786 et
3461 724 3622 786 illius

199 805 257 864 δὲ
317 813 406 882 τῷ
440 808 707 883 μέλλοντι
767 813 915 868 αἰῶνι
949 811 1157 890 ἓνρὸδιον
1202 821 1296 870 σοῦ
1333 835 1390 869 τε
1434 817 1525 871 καὶ
1563 822 1657 870 τοῦ
1708 813 1890 891 ἀνδρός

202 920 323 959 σου.
396 897 689 974 Δεξαμένη
722 900 774 956 δὲ
831 899 965 968 αὕτη
1011 903 1071 957 τὸ
1103 902 1448 979 Εὐαγγὲλιον,
1479 904 1568 959 καὶ
1628 904 1888 981 ἀναστρε-

201 987 426 1066 ιρομένη
481 991 617 1045 αὖτὸ
649 989 764 1048 ἔνθα
797 992 885 1047 καὶ
935 991 1137 1066 ἐκεῖσε,
1164 991 1371 1070 ἔλεγεν,
1403 990 1486 1048 ὅτι
1515 992 1747 1068 ’Ὁμοιόν
1778 993 1888 1049 ἐστι

201 1084 364 1132 τοῦτο
444 1079 515 1134 τὸ
584 1078 904 1157 Εὖαγγέλιον
944 1081 1131 1154 ἐκείνῳ
1187 1083 1214 1137 ὃ
1287 1083 1674 1138 κατεσκεύασεν
1720 1084 1747 1138 ὁ
1793 1082 1888 1137 κύ-

200 1166 314 1234 ριός
379 1189 494 1241 μου
563 1171 652 1224 καὶ
682 1166 907 1226 δέδωκεν
961 1177 1039 1243 τῷ
1081 1171 1176 1244 υἷῷ
1214 1169 1395 1236 ἡμῶν.
1446 1172 1542 1228 Καὶ
1598 1173 1660 1227 16
1715 1170 1887 1250 ταχος

202 1255 501 1320 ἐξελθοῦσα
553 1255 746 1323 ἔδειξεν
804 1262 948 1332 αὒτῷ
998 1264 1076 1332 τῷ
1131 1258 1280 1338 ἀιδρί
1337 1261 1399 1317 τὸ
1451 1257 1679 1334 βιϐλίον,
1737 1258 1886 1315 ἰδὼν

200 1347 417 1410 ὶκεϊνος
481 1345 781 1424 ἐγνώρισεν
840 1350 990 1422 αὒτὸ,
1023 1349 1112 1404 καὶ
1161 1346 1305 1427 λέγει
1338 1353 1468 1428 πρὸς
1515 1351 1702 1419 αὐτήν,
1751 1349 1884 1406 ’Ὁν-

203 1457 310 1498 τως
375 1439 550 1492 τοῦτό
585 1435 697 1492 ἔστι
749 1439 810 1493 τὸ
844 1437 1168 1515 Εὖαγγέλιον
1210 1447 1387 1513 τοῦτο,
1419 1439 1506 1494 καὶ
1536 1438 1641 1518 οὔχ
1685 1437 1883 1515 ἕτερον.

1972 812 2156 876 futuri
2204 814 2306 876 aevi
2361 814 2583 875 bonum
2617 822 2735 873 tam
2792 812 2919 887 tibi,
2957 831 3134 890 quam
3189 813 3436 875 domino
3489 832 3622 876 meo

1974 903 2098 966 viro
2143 912 2242 964 tuo
2271 902 2350 965 sit
2383 903 2684 965 viaticum.
2709 901 2816 965 Illa
2845 921 2981 963 cum
3016 904 3398 982 Evangelium
3444 923 3621 966 acce-

1975 993 2184 1068 pisset,
2219 992 2484 1070 undique
2517 991 2661 1054 illud
2686 1009 2953 1069 versans,
2977 995 3078 1055 ait:
3115 991 3326 1055 Simile
3357 992 3620 1074 Evange-

1974 1081 2118 1143 lium
2175 1082 2286 1142 hoc
2319 1080 2405 1142 illi
2464 1089 2576 1155 est,
2611 1081 2766 1158 quod
2799 1081 2940 1142 olim
2972 1082 3252 1142 dominus
3299 1101 3468 1145 meus
3497 1083 3618 1144 lilio

1973 1181 2176 1232 nostro
2208 1171 2392 1233 dedit.
2426 1171 2703 1232 Cucurrit
2754 1171 2952 1249 igitur.
2989 1179 3047 1231 et
3081 1171 3204 1232 viro
3235 1191 3342 1233 suo
3399 1171 3614 1235 librum

1972 1259 2256 1323 ostendit.
2289 1259 2473 1330 Quem
2501 1277 2635 1321 cum
2664 1259 2764 1320 ille
2792 1259 3150 1336 agnovisset:
3188 1258 3364 1335 Vere,
3398 1262 3612 1343 inquit,

1971 1347 2354 1426 Evangelium
2391 1347 2534 1409 illud
2589 1347 2701 1410 hoc
2729 1357 2840 1425 est,
2873 1358 2931 1409 et
2962 1367 3080 1409 non
3132 1349 3317 1410 aliud.
3353 1351 3468 1413 Sed
3501 1370 3616 1413 un-

1973 1436 2194 1499 denam
2247 1439 2376 1518 ipse
2409 1439 2520 1499 hoc
2571 1436 2828 1499 habuit?
2877 1435 2990 1498 Par
3020 1447 3110 1499 est
3151 1437 3318 1500 illum
3355 1439 3616 1502 interro-

205 1521 383 1580 Ἀλλᾶ
430 1527 608 1581 πόθεν
666 1527 792 1583 αὖτὸ
843 1524 1012 1607 ἔχεις
1074 1528 1163 1584 καὶ
1227 1528 1417 1606 πρέπει
1478 1527 1678 1605 ἐρωτᾷν
1729 1528 1873 1584 αὒτὸι

1971 1544 2134 1608 gare,
2167 1525 2407 1588 ubinam
2433 1527 2509 1587 sit
2537 1527 2694 1588 [ilius
2725 1535 2928 1588 noster
2952 1525 3236 1590 Joannes.
3263 1530 3410 1592 Cum
3440 1529 3621 1609 igitur

205 1618 306 1668 ποῦ
367 1612 529 1669 ’ἐστιν
597 1617 624 1670 ὁ
678 1617 788 1680 υίὸς
837 1618 994 1691 ἡμῶν
1029 1615 1336 1684 σἸωᾶννης.
1414 1619 1511 1675 Καὶ
1567 1615 1873 1700 ειπελθόντες

1970 1615 2041 1678 ad
2074 1616 2269 1696 ipsum
2302 1616 2626 1694 venissent,
2658 1617 2937 1677 dixerunt
2965 1637 2979 1674 :
3013 1614 3396 1679 Obtestamur
3426 1628 3482 1680 te
3513 1637 3619 1700 per

204 1702 523 1779 ἀμφότεροι
600 1706 733 1782 πρὸς
804 1707 960 1763 αὖτὸν
1029 1705 1274 1784 λέγουσιν
1343 1709 1509 1780 αὐτῷ·
1581 1695 1873 1784 Ὀρκίζυμέι

1972 1695 2350 1786 purissimam
2383 1705 2759 1779 Trinitatem,
2797 1713 2858 1766 ut
2889 1705 3061 1766 nobis
3090 1724 3228 1768 vere
3283 1707 3471 1787 dicas,
3503 1695 3616 1771 un~

205 1811 262 1846 σε
325 1793 477 1848 κατὰ
513 1797 616 1860 τῆς
649 1793 918 1874 ἂχράντου
961 1795 1204 1874 Τριάδος,
1237 1795 1328 1852 ’ίνα
1357 1797 1496 1869 ἡμῖν
1525 1794 1692 1861 εἴπης
1750 1794 1873 1870 μετό

1971 1795 2187 1857 denam
2211 1795 2598 1887 _Evangelium
2631 1795 2743 1856 hoc
2774 1794 3080 1887 habueris,
3117 1805 3176 1857 et
3221 1794 3321 1858 ubi
3352 1798 3430 1859 sit
3459 1799 3616 1861 (ilius

203 1880 388 1947 πάσης
451 1881 742 1960 ἀληθείας,
776 1886 938 1941 πόθεν
982 1907 1062 1940 σοι
1112 1887 1173 1942 τὸ
1207 1883 1530 1962 Εὗαγγέλιον
1586 1891 1762 1957 τοῦτο,
1796 1885 1873 1939 κα

1969 1891 2175 1946 noster
2201 1882 2490 1947 Joannes.
2526 1884 2631 1948 llle
2661 1903 2795 1946 cum
2855 1884 3249 1965 lacrymarum
3283 1887 3396 1948 vim
3456 1887 3615 1952 ferre

205 1992 309 2028 που
336 1969 496 2028 ἔστιν
546 1975 577 2029 ὁ
634 1973 745 2035 υἱὸς
793 1975 949 2049 ἡμῶν
1005 1972 1305 2055 Ἰωάννης;
1361 1965 1421 2032 Ὀ
1475 1972 1528 2030 δὲ
1585 1974 1653 2049 μὲ
1710 1973 1873 2054 φέρων

1968 1993 2084 2035 non
2121 1984 2364 2052 posset:
2396 1973 2538 2051 Ego,
2569 1973 2784 2053 inquit,
2819 1991 2948 2036 sum
2997 1978 3259 2036 Joannes
3295 1976 3448 2038 [ilius
3475 1997 3610 2041 ves-

203 2061 302 2127 τὴν
364 2059 623 2138 δακρύων
667 2063 874 2130 κίνησιν
932 2062 1100 2143 λέγει’
1155 2059 1301 2139 Ἐγώ
1360 2063 1468 2139 εἶμι
1528 2061 1781 2128 Ἰωάννης
1855 2064 1873 2117 ἑ

1968 2072 2058 2124 ter
2091 2080 2103 2126 :
2144 2082 2250 2141 ego
2274 2082 2405 2125 sum
2442 2063 2756 2125 multarum
2786 2063 3178 2145 lacrymarum
3211 2064 3377 2128 vobis
3406 2085 3608 2130 causa.

201 2150 313 2214 υἱὸς
369 2151 560 2224 ὒμῶν,
598 2151 694 2208 καί
721 2154 784 2209 τὸ
845 2152 1026 2210 αἴτιον
1057 2155 1186 2226 ὑμῖν
1238 2152 1454 2210 πολλῶν
1485 2149 1746 2229 δακρύωνο
1793 2149 1873 2206 καῖ

1967 2149 2347 2230 Evangelium
2381 2153 2494 2212 hoc
2525 2151 2670 2213 illud
2695 2159 2806 2226 est,
2832 2151 2991 2233 quod
3022 2171 3122 2213 vos
3156 2155 3297 2214 mihi
3329 2156 3610 2220 dedistis.

205 2240 268 2295 τὸ
330 2239 680 2319 Εὐαγγέλιον
720 2244 876 2300 τοῦτό
920 2243 1031 2300 ἐστι
1083 2245 1144 2299 τὸ
1185 2239 1331 2299 δοθέν
1390 2264 1482 2316 μοι
1527 2240 1655 2319 παρ’
1709 2243 1873 2315 ὑμῶν,

1969 2237 2085 2302 Sed
2136 2241 2435 2303 Christum
2470 2258 2668 2301 meum
2711 2239 3086 2311 desiderans,
3115 2261 3296 2305 suave
3325 2245 3485 2306 illius
3507 2246 3613 2324 ju-

214 2327 396 2390 ⁹Αλλὲι
460 2332 710 2400 ποθήσας
743 2333 834 2388 τὸν
897 2332 1122 2410 Χριστόν
1176 2355 1298 2411 μου,
1347 2330 1571 2411 ἐφόρεσα
1603 2332 1695 2387 τὸν
1728 2331 1873 2407 ζυγέν.

1967 2347 2103 2406 gum
2140 2329 2391 2409 portavi.
2425 2330 2563 2390 llmc
2615 2347 2748 2390 cum
2782 2340 3060 2410 parentes
3112 2331 3502 2408 audivissent,
3537 2337 3611 2396 ad
3685 2329 3692 2334 ’

211 2410 371 2478 α’ὖτοῦ
447 2422 546 2476 τὸν
618 2419 1003 2499 ἱλαφρότατον,
1065 2424 1152 2478 καὶ
1210 2422 1533 2484 ἀκούσαντες
1591 2422 1638 2477 οἱ
1700 2433 1873 2498 γονεῖς

1969 2418 2074 2478 ﬁlii
2134 2418 2351 2479 collum
2384 2435 2452 2480 se
2480 2417 2852 2497 abjecerunt,
2885 2428 2946 2481 et
2990 2418 3064 2480 ab
3098 2419 3242 2481 hora
3291 2423 3481 2500 prima
3508 2443 3612 2485 us-

213 2509 374 2564 αὒτοο
429 2508 633 2566 ἔπεσον
663 2511 748 2566 ἐπὶ
783 2513 875 2566 τὸν
917 2510 1193 2591 τράχηλον
1251 2515 1431 2585 αὐτοῦ,
1471 2512 1552 2564 κατ
1586 2510 1692 2566 ἀπὸ
1741 2507 1873 2586 ὥραις

1966 2525 2084 2587 que
2136 2509 2206 2568 ad
2245 2516 2468 2569 sextam
2501 2509 2582 2569 ita
2632 2509 2948 2585 ﬂeverunt,
2983 2517 3046 2570 ut
3075 2527 3306 2584 omnes,
3341 2514 3444 2591 qui
3505 2531 3610 2575 ur-

213 2599 435 2675 πρώτης
515 2597 624 2663 ἕως
696 2599 838 2678 ὥρας
895 2601 1079 2674 τρίτης
1137 2599 1434 2673 κλαίοντες,
1482 2600 1617 2656 ὥστε
1678 2599 1880 2661 πάντας

215 2689 328 2751 τοίς
387 2687 445 2743 ἐν
509 2689 585 2764 τῇ
642 2688 795 2746 πόλει
856 2691 1127 2752 οἱκοῦντας
1189 2690 1276 2747 ἐπὶ
1332 2693 1400 2766 τῇ
1442 2689 1736 2770 φανερώσει
1787 2695 1879 2744 106

216 2777 325 2834 υἱοῦ
355 2778 538 2834 ὰῦτὼν
570 2777 796 2836 κλαίειν.

295 2865 839 2925 ta"’1"‘t'
1684 2890 1702 2904 ο

400 2915 416 2930 .
521 2889 590 2924 να
635 2887 757 2942 οεμ
819 2893 854 2936 η
899 2890 1069 2944 σεμνη
1101 2891 1259 2925 αδτου
1291 2891 1374 2924 και
1408 2883 1702 2944 αμολυντο.
1770 2891 1873 2925 πο-

220 2952 384 3012 λιτεία
430 2954 519 3013 διὰ
582 2954 812 3024 μηδενὸς
869 2956 1017 3014 τοῦδε
1058 2958 1174 3035 βίου
1224 2954 1443 3035 θορύεου
1491 2960 1788 3036 παροραθῇ,
1820 2957 1874 3013 ἐν

1965 2595 2102 2658 bem
2137 2596 2503 2665 habitabant.
2528 2615 2642 2659 una
2670 2615 2805 2658 cum
2831 2597 2947 2660 illis
2979 2598 3166 2660 lilium
3199 2603 3461 2678 agnitum
3495 2603 3608 2664 ﬂeo

1961 2704 1994 2746 v
2033 2698 2172 2748 rint.

1998 2704 2192 2842 eXIV.
2253 2776 2326 2840 Ut
2357 2794 2494 2839 vero
2556 2776 2688 2857 ejus
2717 2785 2880 2839 recta
2940 2786 2998 2838 et
3027 2789 3233 2842 sancta
3288 2780 3606 2858 institutio,

1959 2865 2120 2927 nulla
2152 2867 2283 2928 vita:
2310 2866 2492 2945 hujus
2525 2864 2971 2946 perturbatione
2998 2869 3414 2946 macularetur,
3447 2872 3604 2935 illius

1958 2955 2232 3036 Spiritus,
2267 2974 2442 3037 quem
2488 2955 2830 3032 loquentem
2863 2955 2923 3017 in
2954 2974 3018 3017 se
3047 2957 3324 3040 habebat,
3358 2977 3475 3041 ope
3501 2963 3607 3022 ad-

220 3045 476 3119 πνεύματι
556 3051 634 3119 τῷ
695 3044 1042 3102 συλλαλοῦντι
1113 3045 1277 3124 αὒτῷ,
1323 3042 1582 3121 παρέδοκε
1643 3045 1741 3112 τὴν
1785 3067 1873 3101 τι-

1962 3045 2123 3125 jutus
2166 3045 2424 3107 animam
2461 3062 2627 3107 suam
2658 3044 2782 3108 Deo
2831 3043 3111 3108 reddidit.
3149 3048 3228 3109 At
3257 3049 3386 3128 ejus
3417 3059 3607 3113 mater

226 3135 343 3209 μίαν
401 3139 567 3194 αὖτοῦ
619 3136 806 3216 ψυχὴν
866 3141 945 3211 τῷ
1001 3143 1138 3212 Θεῷ.
1181 3134 1349 3193 Ἀλλὰ
1403 3138 1438 3205 ἡ
1498 3137 1682 3215 μήτηρ
1718 3137 1877 3195 αὐτου

229 3221 586 3297 ἰπιλαθομένη
656 3233 752 3282 106
822 3226 1210 3306 προειρημένου
1266 3225 1446 3306 ὅρκου,
1498 3223 1735 3290 εξέδυσεν
1773 3228 1874 3284 αὒ-

232 3313 319 3367 τὸν
369 3315 432 3370 τὰ
483 3313 703 3394 ῥακώδη
759 3316 970 3392 ἱμάτια,
1015 3319 1103 3372 καὶ
1162 3313 1399 3371 ἐνέδυσεν
1457 3313 1615 3371 αὐτὸν
1666 3313 1874 3394 χρυσό-

239 3420 427 3475 στηιια·
479 3403 784 3470 ἱι-ιδυθέντος
835 3405 891 3462 δὲ
955 3406 1115 3462 αὐτοῦ
1161 3414 1348 3478 ταῦτα,
1384 3403 1574 3469 εὐθέως
1600 3405 1636 3472 ἡ
1695 3406 1876 3483 μήτηρ

242 3485 338 3556 ὅλη
393 3493 678 3561 παρελύθη.
747 3497 809 3553 '0
863 3495 954 3553 οὖν
1010 3495 1189 3572 πατήρ
1234 3493 1392 3550 αὐτοῦ
1444 3495 1516 3557 εἷς
1575 3492 1874 3566 ἀνάμνησιν

237 3575 394 3636 υθὼν
458 3592 552 3657 τῆς
609 3585 874 3654 αἰτήσεως
932 3588 1111 3655 αὐτου,
1180 3584 1332 3641 εἴπεο
1374 3583 1484 3651 Τὴν
1541 3581 1740 3658 βουλὴν
1781 3592 1876 3640 106

233 3667 406 3727 τέκνου
459 3673 619 3749 ἡμῶν
681 3675 1023 3749 ποιήσωμεν.
1086 3674 1184 3732 Καὶ
1227 3671 1576 3732 ἀποδοθέντος
1621 3670 1780 3730 06106
1808 3672 1874 3728 τὰ

230 3779 578 3838 χρυσοστημα
637 3766 846 3843 ἱμάτια,
883 3765 970 3820 καὶ
1025 3760 1188 3820 πόλιν
1241 3762 1308 3818 τὰ
1349 3758 1563 3838 ῥακώδη
1615 3757 1874 3818 εἱσδοθέν-

227 3868 336 3923 τος,
395 3855 531 3909 κατᾶ
594 3853 691 3921 τὴν
741 3853 898 3912 αἰιτοῦ
953 3851 1218 3926 κέλευσιν,
1278 3855 1617 3928 παραχρῆμα
1674 3851 1796 3916 ἰάθη
1839 3853 1873 3919 ἡ

228 3937 402 4018 μήτηρ
472 3941 656 3998 αὑτοῖν
713 3951 817 4002 Τοῦ
884 3942 1036 4020 ἁγίου
1096 3939 1283 4017 ἀνδρὸς
1344 3938 1594 4014 λείψανον
1639 3938 1875 4007 κατέθη-

229 4045 320 4084 καν
363 4027 416 4084 ἰν
461 4031 645 4107 ἐκείνῃ
689 4037 756 4108 τῇ
814 4027 1021 4106 καλύϐῃ
1052 4032 1098 4087 οἱ
1155 4042 1334 4108 γονεῖς
1391 4032 1571 4087 αὐτοῦ.
1629 4029 1766 4106 ἱερόν
1817 4050 1874 4085 τε

224 4112 319 4172 ὧδε
375 4120 777 4188 ἀναττήσαντες
831 4120 988 4177 οἶκον
1015 4120 1110 4175 καῖ
1164 4121 1291 4175 ναὸν
1321 4117 1668 4196 παμμεγέθη,
1701 4116 1876 4184 δὸντες

225 4201 277 4259 ιν
331 4205 517 4284 Ξκείνῳ
563 4213 642 4282 τῷ
682 4211 804 4282 θείῳ
859 4214 969 4282 ναῷ
1024 4213 1200 4264 πᾶσαν
1240 4207 1341 4274 τὴν
1399 4205 1616 4282 ὕπαρξιν
1675 4205 1871 4282 αὐτῶν,

225 4294 308 4350 καὶ
349 4295 564 4366 πολλὴν
606 4298 703 4366 τὴν
734 4295 972 4363 ἐξουσίαν
1030 4293 1424 4374 ἀφιερώσαντες
1471 4295 1546 4357 εἷς
1605 4291 1874 4352 διακονίαν

226 4383 327 4438 τῶν
382 4385 575 4463 ξένων,
603 4386 969 4463 ἐκοιμήθησαν
1012 4385 1067 4442 ἄν
1110 4385 1318 4464 εἰρήνῃ.
1373 4381 1515 4450 Αὕτη
1549 4384 1586 4451 ἡ
1632 4383 1873 4442 πολιτεία

225 4493 313 4529 του
359 4472 634 4557 Ἰωάννου,
667 4479 818 4539 οὗτος
849 4479 876 4533 6
933 4476 1048 4554 βίας
1108 4475 1198 4531 καὶ
1249 4473 1277 4529 ὃ
1336 4471 1529 4551 δρόμος
1572 4477 1672 4539 τῆς
1716 4474 1870 4552 ἁγίας

1959 3134 2144 3198 oblita
2203 3136 2359 3216 quod
2415 3136 2732 3214 iuraverat,
2793 3135 3068 3198 laceratis
3117 3137 3380 3200 vestibus
3435 3139 3603 3202 illum

1896 3206 2150 3298 Dexuit,
2184 3206 2245 3285 et
2295 3206 2494 3284 aureis
2530 3206 2744 3298 induit,
2777 3222 2998 3300 quibus
3041 3243 3176 3286 cum
3209 3226 3311 3288 ille
3361 3226 3606 3291 indutus

1961 3323 2145 3393 esset,
2179 3321 2430 3395 repente
2458 3322 2648 3374 mater
2700 3313 3023 3392 paralytica
3053 3316 3262 3377 effecta
3297 3327 3408 3381 est.
3455 3316 3602 3381 Cum

1961 3419 2099 3465 vero
2154 3402 2286 3482 ejus
2317 3410 2483 3482 pater
2510 3401 2690 3464 verba
2719 3402 2883 3464 illius
2935 3404 3224 3466 memoria
3253 3414 3552 3486 repeteret
3585 3426 3598 3471 :

1961 3491 2266 3567 Servetur,
2299 3492 2512 3573 inquit,
2548 3491 2708 3572 quod
2742 3493 2929 3554 sancti
2958 3494 3146 3555 nostri
3179 3495 3284 3556 ﬁlii
3335 3499 3604 3559 voluntas

1961 3582 2299 3662 postulavit.
2333 3580 2482 3643 Cum
2514 3579 2696 3658 igitur
2715 3580 2913 3643 aureis
2941 3582 3202 3646 vestibus
3235 3586 3601 3648 eum-exuis-

1956 3677 2112 3742 sent,
2148 3669 2358 3732 laceris
2404 3668 2524 3731 illis
2553 3669 2907 3742 induerunt,
2945 3690 3092 3752 quas
3143 3683 3319 3737 antea
3375 3675 3603 3740 habere

1955 3759 2170 3822 solitus
2228 3759 2441 3822 fuerat.
2476 3759 2603 3832 Quo
2641 3759 2817 3838 facto,
2850 3763 3044 3822 statim
3095 3761 3229 3843 ejus
3261 3772 3448 3827 mater
3499 3785 3601 3829 sa-

1958 3858 2094 3910 nata
2123 3857 2237 3912 est.
2272 3849 2438 3912 Illius
2467 3859 2664 3912 autem
2702 3850 2887 3912 sancti
2936 3851 3045 3912 viri
3076 3851 3365 3930 reliquias
3408 3855 3466 3917 in
3501 3864 3602 3918 tu-

1958 3937 2129 4017 gurio
2159 3937 2264 4000 illo
2297 3946 2574 4019 parentes
2609 3937 3027 4016 condiderunt,
3063 3952 3124 4003 et
3151 3959 3380 4004 sacram
3405 3945 3592 4006 aadem

1958 4027 2085 4089 illic
2118 4027 2171 4087 ei
2226 4037 2710 4101 construxerunt,
2743 4029 3060 4110 omniaque
3089 4029 3244 4093 bona
3293 4050 3400 4094 sua
3423 4051 3594 4096 sacro

1955 4115 2044 4178 illi
2096 4117 2322 4197 templo
2352 4116 2729 4179 dedicarunt.
2763 4118 3031 4199 Cumque
3061 4121 3277 4183 multas
3314 4124 3596 4203 pecunias

1955 4205 2014 4268 in
2075 4205 2525 4286 peregrinorum
2587 4206 2987 4269 ministerium
3059 4211 3471 4288 contulissent,
3530 4211 3594 4274 in

1957 4313 2100 4377 pace
2133 4296 2292 4357 diem
2345 4313 2516 4356 suum
2551 4294 2854 4358 obierunt.
2888 4296 3026 4360 Haec
3057 4298 3165 4360 fuit
3191 4297 3438 4362 Joannis
3468 4302 3595 4364 ins-

1955 4384 2174 4452 titutio.
2209 4383 2337 4446 haec
2387 4384 2525 4458 vita,
2559 4393 2617 4446 et
2676 4395 2894 4446 sancta:
2921 4386 3110 4466 ipsius
3157 4391 3594 4454 exercitationis

1955 4473 2134 4536 ratio.
2169 4472 2298 4554 Hic,
2332 4473 2600 4554 inquam,
2634 4492 2768 4536 cum
2801 4473 3106 4538 diabolum
3155 4479 3592 4554 conculcasset,

227 4559 496 4630 ἀσκήσεως
562 4568 743 4627 αὑτοῦ.
821 4563 974 4623 Οὕτω
1040 4564 1285 4641 πατήρας
1341 4562 1433 4618 τὸν
1502 4561 1865 4636 ἀντικείμενον

1962 4580 2228 4644 superna;
2285 4565 2610 4625 vocationis
2643 4561 2845 4625 bravio
2900 4563 3115 4644 dignus
3171 4568 3422 4630 eﬁ'ectus
3479 4581 3594 4632 est.

227 4647 418 4720 ἠξιώθη
479 4661 578 4712 τοῦ
627 4651 868 4731 βραϐείου
921 4658 1020 4719 τῆς
1076 4651 1185 4706 ἅνω
1235 4649 1505 4728 κλήσεως,
1540 4649 1595 4706 ἕν
1655 4657 1866 4728 Χριστῷ

1962 4653 2133 4733 gratia
2163 4660 2222 4715 et
2254 4651 2620 4732 benignitate
2652 4652 2887 4716 Domini
2932 4655 3118 4717 nostri
3148 4655 3290 4718 Jesu
3323 4658 3543 4722 Christi
3579 4674 3592 4716 :

229 4743 302 4812 τῷ
350 4745 523 4823 Κυρίῳ
567 4744 747 4820 ἡμῶν,
781 4746 826 4818 ᾧ
880 4744 916 4811 ἡ
959 4739 1082 4806 δόξα
1121 4741 1218 4798 καί
1271 4740 1333 4796 τὸ
1376 4739 1566 4818 κράτος
1625 4740 1698 4803 εἰς
1742 4741 1864 4804 τοὺς

1962 4740 2045 4803 sui
2103 4742 2292 4821 gloria
2337 4751 2397 4804 et
2452 4740 2770 4824 imperium
2831 4741 2892 4804 in
2935 4744 3158 4806 saecula
3213 4746 3592 4814 saeculorum.

229 4828 416 4896 αἰῶνας
461 4839 566 4890 νῶν
606 4833 833 4892 αἰώνων.
864 4829 1063 4908 Ἀμήν,

1947 4833 2161 4893 Amen.
