3972 6130
388 282 508 348 599
1686 288 1968 353 MENSIS
2006 291 2465 358 JANUABIUS.
3641 289 3753 357 600

384 418 597 498 doxos,
627 423 874 504 jamque
918 442 952 485 a
1010 422 1239 486 difﬁcili
1271 429 1624 504 tempestate
1657 421 2019 503 respirabani

2116 422 2302 506 λεμος,
2371 427 2549 507 ἀρχὴν
2628 425 2894 502 ἐλάμϐανε
2957 423 3281 500 διαλύσεως,
3350 426 3443 482 καὶ
3515 424 3751 485 ἀνέπνεον

383 509 720 594 Ecclesiae;
758 520 818 575 et
845 531 950 577 ver
996 511 1394 576 illucescebat
1451 512 1711 594 pietatis,
1746 520 1925 593 atque
1955 514 2019 577 ad

2115 511 2218 582 ἢδη
2261 522 2354 574 τοῦ
2404 515 2652 597 χαλεποῦ
2709 515 2981 596 χειμῶνος
3043 518 3094 573 αἰ
3139 513 3488 590 Ἐκκλησίαι,
3536 517 3624 572 καὶ
3671 515 3752 596 ἔαρ

385 601 876 682 tranquillitatem
913 620 1012 666 res
1047 601 1247 664 tristes
1270 602 1565 665 Ecclesiis
1586 602 2019 665 converteban-

2115 604 2422 681 ὑπέλαμπεν
2495 604 2786 686 εὐσεϐείας,
2847 605 2937 663 καί
2993 607 3067 670 εἱς
3123 606 3379 682 εὐθυμίαν
3442 606 3635 669 autat;
3692 607 3752 663 τὰ

384 696 503 755 tur.
535 692 685 755 Nam
718 712 853 756 cum
883 711 918 756 a
949 692 1323 774 temporibus
1347 692 1684 755 Constantii
1734 711 2029 772 persecu-

384 780 465 843 tio
495 790 764 846 vexasset
791 782 1111 859 Ecclesias,
1147 790 1206 845 et
1237 781 1348 845 sub
1386 781 1623 846 Juliano
1668 787 1943 864 tyranno,
1970 791 2031 845 ut

376 871 501 950 jam
533 889 713 954 supra
740 872 1198 949 declaravimus,
1236 880 1294 935 et
1322 871 1660 954 imperante
1696 882 1901 954 postea
1926 892 2032 955 per

385 958 691 1023 Orientem
743 959 1021 1040 Valente,
1079 980 1192 1024 nec
1245 963 1442 1024 minus
1502 980 1685 1039 quam
1739 980 1846 1042 per
1877 982 2028 1045 qua-

385 1048 658 1129 draginta
690 1050 775 1135 (5)
812 1071 1002 1114 annos
1032 1052 1244 1116 Ariani
1265 1052 1540 1131 ingentes
1570 1052 1874 1115 eﬁiassent
1904 1053 2025 1134 spi-

380 1139 532 1203 ritus
551 1141 840 1206 adversus
871 1143 1182 1224 pietatem,
1218 1142 1536 1222 Euthymio
1560 1142 1683 1222 jam
1720 1143 2027 1218 nato,viro

380 1247 522 1292 vere
551 1232 813 1295 nominis
862 1233 982 1314 sui,
1032 1233 1349 1297 desierunt
1392 1230 1593 1294 omnia
1623 1231 2025 1294 Ecclesiarum

378 1319 598 1383 tristia.
629 1323 846 1385 Valens
877 1324 1128 1404 quippe,
1162 1322 1432 1385 nondum
1465 1321 1673 1403 quinto
1711 1321 1795 1402 (6)
1824 1340 2029 1384 mense

383 1417 519 1490 post
539 1409 840 1494 Euthymii
887 1413 1256 1477 nativitatem
1289 1412 1517 1494 elapso,
1551 1411 1879 1475 exercitum
1913 1411 2028 1473 du-

384 1517 530 1562 cens
559 1501 846 1566 adversus
897 1502 1214 1580 Barbaros,
1264 1503 1364 1583 qui
1396 1520 1614 1564 secure
1646 1501 1939 1563 vexabant
1970 1508 2028 1564 et

385 1590 827 1671 populabantur
876 1590 1221 1665 Thraciam,
1272 1595 1439 1656 ccesis
1486 1592 1617 1672 ejus
1647 1592 1864 1674 copiis,
1899 1592 2028 1672 ipsa

386 1697 629 1761 quoque
661 1688 864 1762 postea
893 1699 1098 1764 poenas
1139 1681 1248 1743 luit
1279 1681 1509 1743 debitas
1558 1680 1848 1762 impietati
1907 1700 2028 1762 qua

384 1769 678 1832 adversus
707 1769 894 1834 Deum
928 1778 1309 1852 pugnaverat.
1340 1772 1491 1834 Nam
1514 1789 1647 1841 cum
1675 1770 1924 1850 fugisset
1952 1770 2024 1832 ad
2051 1800 2086 1851 Β
2111 1797 2226 1851 μεις

385 1860 704 1941 quemdam
734 1862 926 1924 vicum
960 1860 1391 1941 Andrianopoli
1433 1860 1837 1940 adjacentem,
1872 1860 2021 1922 Bar-

382 1949 536 2032 bari,
570 1952 919 2014 incursione
969 1950 1141 2029 facta,
1205 1968 1341 2012 eum
1381 1951 1636 2031 turpiter
1666 1952 1930 2030 capiunt,
1968 1960 2025 2012 et

384 2059 502 2103 una
551 2060 684 2103 cum
745 2042 875 2103 vico
926 2040 1300 2119 incendunt;
1363 2048 1544 2117 atque
1590 2041 1769 2102 veluti
1823 2059 2022 2120 prooe-

384 2132 571 2193 mium
601 2131 787 2194 futuri
833 2131 956 2194 illic
989 2130 1144 2210 ignis
1188 2131 1403 2211 accipit
1454 2131 2022 2213 temporariuquui

386 2221 483 2283 hic
509 2227 620 2286 est.

471 2310 572 2376 IV.
627 2309 830 2373 Tertio
887 2316 1083 2372 autem
1126 2318 1259 2390 post
1303 2328 1482 2386 anno,
1535 2309 1755 2373 Paulus
1785 2312 2026 2393 quidem

389 2400 692 2482 Euthymii
743 2407 932 2480 pater,
997 2399 1176 2463 evita
1234 2399 1515 2478 excedit;
1565 2400 1689 2462 sola
1717 2420 1856 2464 vero
1891 2421 2026 2464 cum

387 2491 511 2552 filio
546 2499 736 2553 mater
765 2499 823 2551 et
851 2489 1033 2552 vidua
1084 2489 1319 2561 relicta,
1362 2490 1548 2553 ﬁlium
1596 2510 1798 2553 secum
1834 2491 2025 2553 addu-

390 2599 559 2661 cens,
593 2579 829 2643 accedit
858 2579 929 2641 ad
957 2579 1200 2641 fratrem
1240 2578 1602 2657 Eudoxium,
1638 2599 1815 2661 quem
1847 2582 2026 2646 Otre—

381 2672 482 2752 jus
509 2670 630 2751 (7),
663 2669 764 2752 qui
794 2669 1171 2732 Melitenensi
1228 2677 1481 2746 praeerat
1507 2669 1816 2746 Ecclesim,
1852 2690 2024 2734 suum

387 2760 613 2822 fecerat
672 2757 1080 2821 confessorem
1141 2757 1266 2839 (8);
1327 2759 1644 2839 positoque
1701 2768 1840 2822 ante
1898 2762 2028 2841 ejus

388 2867 581 2930 genua
660 2866 846 2931 puero
883 2892 900 2920 ,
971 2848 1363 2909 vehementer
1421 2848 1674 2924 orabat,
1736 2849 2028 2931 lacrymas

389 2938 671 3002 emittens
704 2956 772 2999 ex
806 2937 1018 3010 oculis,
1045 2954 1267 3018 easque
1298 2937 1553 3000 credens
1604 2954 1737 3001 esse
1769 2939 2025 3003 validum

2114 697 2396 776 σκυθρωπᾶ
2451 695 2840 772 μεταϐάλλετο.
2905 695 3042 753 Ἀπὸ
3110 692 3210 774 γαρ
3299 698 3414 751 τῶν
3480 704 3750 753 Κωνσταν-

2113 785 2225 841 τίου
2283 788 2494 866 χρόνων
2540 784 2779 864 διωγμοῦ
2824 798 2950 849 ταῖς
3007 783 3363 852 Ἐκκλησίαις
3396 782 3749 861 ἐπικειμένου,

2113 873 2166 930 ἕν
2225 896 2284 931 τε
2340 874 2455 939 τότς
2523 874 2817 935 Ἰουλιανοῦ
2858 882 2952 934 τοῦ
3007 875 3260 953 τυράννου
3308 887 3557 949 καιροῖς,
3590 873 3752 953 ὥσπερ

2112 962 2215 1031 ἤδη
2259 965 2552 1044 φθάσαντες
2602 962 2970 1038 ἐδηλώσαμεν,
3017 964 3107 1020 καὶ
3163 971 3257 1021 τοῦ
3315 963 3616 1038 μετέπειτα
3668 968 3751 1032 τῆς

2112 1052 2282 1129 Ἐᾠας
2313 1054 2607 1119 Οΰάλεντος
2658 1053 3093 1132 βασιλεύσαντος,
3135 1053 3234 1110 οὒκ
3277 1044 3515 1111 ἔλαττον
3564 1054 3599 1122 ἢ
3640 1073 3753 1111 τεσο

2113 1145 2412 1225 σαράκοντα
2469 1145 2697 1226 χρόνους
2753 1144 2859 1201 τῶν
2932 1146 3221 1222 Ἀρειανῶν
3286 1143 3438 1222 μέγα
3497 1143 3634 1199 κατὰ
3671 1148 3755 1211 τῆς

2114 1232 2378 1299 εὐσεϐείας
2461 1235 2823 1307 πνευσάντων,
2915 1236 3182 1310 Εὖθυμίου
3260 1240 3363 1291 τοῦ
3448 1233 3754 1311 φερωνύμο·ς

2112 1324 2424 1399 κληθέντος,
2502 1324 2606 1393 ἤδη
2682 1323 3047 1401 γεννηθέντος,
3102 1324 3171 1381 τὰ
3228 1323 3530 1401 σκυθρωπὰ
3597 1322 3756 1380 πάντα

2111 1420 2218 1471 τῶν
2277 1414 2614 1475 Ἐκκλτ.σιῶν
2645 1411 2904 1474 διελύετο.
2952 1412 3165 1481 Οὒάλης
3226 1413 3329 1483 μὲν
3362 1414 3472 1492 γὰρ
3503 1411 3647 1469 οῧπω
3675 1420 3756 1470 τοῦ

2108 1505 2353 1580 πέμπτου
2423 1507 2594 1581 μηνὸς
2658 1504 2794 1580 μετὰ
2856 1505 2956 1572 τὴν
3002 1505 3258 1579 Εὖθυμίον
3304 1503 3571 1582 γέννησιν
3627 1524 3755 1580 παρ.

2109 1595 2352 1659 ελθόντος
2382 1644 2399 1671 ,
2478 1594 2890 1672 ἐπιστρατεύσας
2994 1592 3286 1672 Βαρϐάροις
3330 1638 3349 1669 ,
3447 1593 3756 1668 ταράττουσι

2107 1685 2206 1753 τήν
2264 1691 2480 1764 Θρᾳκῶν
2525 1684 2689 1751 ἀδεῶς
2744 1685 2834 1741 καὶ
2891 1683 3261 1761 ληϊζομένοις,
3328 1683 3424 1740 καὶ
3466 1683 3563 1748 τὰς
3607 1681 3755 1738 3mi-

2312 1776 2640 1855 περικοπεὶς,
2729 1773 2881 1842 δίκην
2950 1772 3170 1849 ὕστερον
3227 1772 3333 1829 καί
3425 1774 3589 1839 αὖτὸς
3675 1772 3757 1839 τῆς

2106 1867 2405 1946 θεομαχίας
2450 1864 2596 1931 ἀξίαν
2640 1863 2805 1926 ἔτισε.
2879 1864 3015 1942 Πρός
3075 1886 3192 1920 τινα
3250 1864 3359 1941 γὰρ
3407 1866 3458 1920 οἱ
3511 1860 3757 1939 Βάρϐαροι

2107 1954 2365 2035 φεύγοντα
2428 1955 2621 2029 κώμην
2682 1955 2800 2032 περὶ
2858 1950 3297 2029 Ἀδριανούπολιν
3369 1951 3538 2008 οὖσαν
3595 1974 3756 2008 κατα-

2108 2043 2422 2125 δραμόντες,
2475 2043 2670 2122 αἳροῡσί
2730 2065 2787 2098 τε
2833 2044 2989 2099 αὑτὸν
3032 2043 3301 2122 αἰσχρῶς,
3338 2042 3433 2097 καὶ
3486 2046 3557 2117 τῇ
3611 2040 3758 2116 κώμῃ

2109 2135 2578 2214 συγκατακαίουσι,
2632 2133 2910 2209 προοίμιον
2969 2131 3149 2212 ὥσπερ
3191 2134 3284 2189 τοῦ
3326 2131 3543 2188 ἐκεῖθεν
3574 2132 3751 2209 πυρὸς,

2109 2227 2171 2282 τὸ
2202 2224 2424 2281 ενταῦθα
2454 2224 2777 2303 πρόσκαιρον
2805 2223 2963 2280 τοῦτο
2994 2220 3316 2302 δεχόμενον,

2195 2314 2285 2378 Δ¹.
2333 2315 2502 2392 Τρίτῳ
2543 2310 2595 2368 δὲ
2660 2312 2798 2388 μετὰ
2836 2320 3002 2370 ταῦτα
3036 2311 3283 2386 ἐνιαυτῷ,
3340 2309 3556 2373 Παῦλος
3599 2309 3694 2384 μὲν
3729 2310 3753 2365 ὁ

2176 2412 2201 2422 ν
2306 2404 2320 2425 v
2444 2404 2455 2425 ο
2693 2402 2707 2419 \
2996 2404 3007 2423 ν
3157 2403 3172 2421 \
3401 2420 3421 2439 ο
3731 2399 3749 2430 3

2109 2428 2205 2462 του
2261 2408 2517 2478 Ευθιπμιον
2578 2425 2753 2479 παττρ
2812 2400 3061 2459 καταλύει
3119 2423 3215 2458 τον
3246 2403 3364 2480 βίρν
3458 2401 3660 2478 ἕρημος
3703 2396 3751 2454 δι

2112 2495 2248 2571 μετὰ
2301 2500 2396 2551 τοῦ
2456 2492 2641 2559 παιδὸς
2684 2495 2718 2561 ἡ
2776 2494 2958 2571 μήτηρ
3008 2493 3097 2548 καὶ
3126 2493 3278 2571 χήρα
3310 2491 3747 2570 καταλειφθεῖσα,

2110 2592 2187 2659 τῷ
2246 2582 2457 2664 ἀδελφῷ
2488 2583 2762 2657 πρόσεισιν
2810 2580 3057 2657 Εὖδοξίῳ,
3110 2583 3171 2636 τὸ
3202 2581 3394 2638 τέκνον
3422 2579 3750 2658 ἐπαγομένη·

2111 2675 2295 2731 ὅντινα
2354 2673 2419 2742 δὴ
2478 2671 2720 2751 σύνεδρον
2761 2671 3016 2751 Ὀτρήῒος
3062 2673 3089 2726 ὁ
3120 2675 3220 2737 τῆς
3264 2672 3410 2728 κατὰ
3457 2668 3750 2736 Μελιτηνὴν

2109 2764 2383 2841 προεστὼς
2442 2761 2768 2830 Ἐκκλησίας
2822 2761 3089 2829 πεποίητο
3125 2776 3138 2790 ⁸
3197 2761 3285 2818 καὶ
3312 2763 3422 2840 πρὸ
3455 2765 3566 2816 τῶν
3599 2758 3748 2836 γονά-

2110 2876 2216 2911 των
2277 2856 2431 2910 αὖτοῦ
2472 2855 2629 2909 θεῖσα
2693 2853 2782 2908 τὸν
2827 2848 3017 2923 παῖδα,
3082 2849 3261 2908 ἐδεῖτο
3289 2854 3536 2929 θερμῶς,
3572 2848 3750 2926 δάκρυα

2110 2947 2214 3000 τῶν
2290 2942 2577 3023 ὀφθαλμῶν
2667 2942 2913 3022 ἀφιεῖσα,
2972 2940 3061 2997 καὶ
3119 2940 3285 2997 ταῦτα
3341 2943 3562 3002 πειθοῦς
3623 2941 3746 2993 εἶναι

384 3028 799 3111 persuasionis
824 3028 1369 3105 medicamentum;
1403 3028 1649 3108 rogabat
1696 3038 1918 3102 autem,
1964 3038 2019 3091 ul

2115 3032 2385 3113 φάρμακον
2416 3031 2636 3111 ἰσχυρὸν
2669 3030 3014 3087 πιστεύουσαο
3049 3027 3224 3087 ἐδεῖτο
3266 3026 3344 3110 δὲ,
3380 3030 3446 3085 τό
3478 3049 3539 3085 τε
3568 3028 3746 3095 νήπιον

387 3126 449 3181 et
499 3118 738 3180 infantis
798 3124 855 3178 et
909 3116 1000 3178 sui
1053 3116 1465 3193 misereretur,
1519 3136 1896 3200 puerumque
1955 3120 2024 3181 ad

386 3206 656 3290 Otrejum
689 3207 1037 3280 adduceret,
1072 3225 1140 3268 ac
1173 3207 1226 3267 ci
1260 3226 1367 3288 pro
1412 3215 1577 3289 patre
1608 3208 1874 3272 otierret.
1917 3213 2027 3272 At-

384 3317 502 3379 que
532 3306 724 3361 mater
752 3296 993 3379 quidem
1023 3295 1171 3357 vidit
1221 3297 1573 3376 petitionem
1628 3297 1744 3358 sibi
1777 3316 2024 3361 succes-

383 3389 532 3452 sisse
589 3407 661 3451 ex
720 3384 1018 3449 sententia
1053 3408 1064 3445 :
1104 3404 1252 3466 puer
1283 3387 1392 3449 fuit
1423 3386 1659 3450 oblatus
1686 3387 1921 3469 Olrejo,
1957 3407 2025 3452 ac

384 3497 492 3561 per
522 3497 656 3542 eum
687 3475 832 3552 Deo,
860 3477 1016 3538 sicut
1044 3475 1145 3538 diu
1172 3485 1313 3540 ante
1343 3476 1415 3541 ab
1448 3480 1619 3540 Anna
1653 3479 1916 3543 Samuel.

468 3660 539 3721 V.
570 3656 811 3737 Otrejus
840 3675 979 3719 vero
1011 3675 1147 3721 eum
1207 3655 1479 3729 intuitus,
1515 3676 1635 3721 non
1669 3657 2027 3738 simpliciter

386 3755 615 3811 tantum
641 3746 891 3826 aspexit,
917 3746 1023 3808 sed
1048 3747 1226 3811 etiam
1252 3746 1433 3807 animi
1460 3746 1819 3827 profundum
1844 3748 2022 3811 simul

385 3834 872 3916 subiit,ejusdem
902 3835 1088 3897 animi
1111 3835 1400 3917 quosdam
1426 3837 1779 3898 secretiores
1805 3846 2020 3914 motus,

388 3923 583 4007 quoad
607 3925 735 3987 fieri
780 3924 971 4005 potuit
1002 3927 1351 4006 conjectans
1383 3925 1750 3987 acutissime.
1786 3925 1853 3988 Ισῖι
1885 3947 2020 3990 vero

390 4034 524 4081 cum
548 4014 623 4077 de
645 4015 855 4076 matris
871 4015 1185 4078 sterilitate
1198 4015 1622 4092 audivisset,ac
1636 4016 1709 4078 de
1732 4017 2022 4080 diviniore

388 4106 490 4169 illa
513 4103 972 4187 apparitione,et
987 4104 1490 4186 quemadmodum
1506 4122 1653 4186 opus
1668 4106 2023 4186 precationis

388 4194 1217 4276 fueratconceptio,quodque
1231 4202 1545 4276 antequam
1565 4206 1914 4258 nasceretur
1928 4216 2023 4276 pa.

388 4295 591 4351 rentes
614 4304 749 4348 eum
776 4284 899 4347 Deo
924 4295 1420 4349 consecraverant
1448 4308 1462 4358 ;
1504 4286 1611 4348 fuit
1633 4305 1808 4347 verus
1836 4286 2018 4349 futuri

386 4376 807 4473 propheta._Et
837 4375 1126 4457 profecto,
1162 4375 1729 4473 inquit,_requiescet
1759 4375 2018 4473 Spiritus
2038 4420 2085 4473 ο

385 4466 494 4529 Dei
524 4483 705 4547 super
721 4464 879 4528 hunc
898 4483 1171 4547 puerum.
1199 4466 1430 4529 Deinde
1456 4484 1591 4530 cum
1622 4466 1791 4528 illum
1821 4466 2018 4546 bapti-

384 4562 666 4632 xasset,et
688 4555 1040 4635 capillorum
1076 4565 1361 4638 quantum
1402 4557 1494 4618 lex
1525 4556 1603 4619 de
1633 4558 1833 4638 pueris
1867 4575 2016 4637 prae-

385 4645 599 4711 scribit
627 4645 1004 4721 tetendisset,
1037 4646 1100 4707 in
1158 4645 1401 4726 gradum
1436 4646 1725 4709 lectorum
1760 4654 2017 4727 cooptat.

385 4737 573 4802 Porro
592 4743 841 4799 matrem
865 4733 1303 4817 Dionysiam,ut
1328 4754 1461 4818 quae
1481 4735 1697 4798 divinis
1718 4735 1900 4798 rebus
1919 4755 2020 4797 va-

2113 3123 2200 3178 καὶ
2258 3120 2423 3188 αὐτὴν
2481 3122 2738 3199 οἰκτεῖραι
2795 3120 2884 3176 καὶ
2938 3132 3305 3198 προσαγαγεῖν
3369 3118 3617 3196 Ὀτρηίῳ
3668 3115 3746 3169 τὸν

2617 3216 2641 3227 ν
2706 3209 2717 3227 Ι
3099 3209 3114 3226 ς
3588 3205 3604 3221 \
3698 3201 3722 3225 Τ

2111 3209 2304 3284 παῖδα,
2363 3211 2450 3266 καὶ
2511 3212 2651 3283 αὒτῳ
2700 3210 2813 3266 αντῖ
2845 3211 3047 3288 πατρὸς
3091 3212 3393 3270 αναθεϊναι.
3430 3206 3499 3264 Ἦ
3546 3227 3641 3281 μεν
3670 3222 3747 3259 ουν

2112 3302 2294 3379 μήτηρ
2365 3299 2501 3356 κατὰ
2585 3299 2806 3375 γνώμην
2885 3295 3119 3355 ἐκϐᾶσαν
3175 3297 3310 3366 αὒτῆ
3372 3298 3474 3363 τὴν
3538 3294 3745 3359 αἴτησιν

2112 3389 2279 3469 εἶδεν,
2314 3388 2553 3469 Ὀτρη”ίῳ
2597 3411 2655 3445 τε
2689 3391 2716 3444 ὁ
2761 3400 2894 3453 παῖς
2926 3387 3217 3468 ἀνετίθετο,
3249 3389 3335 3444 καὶ
3368 3386 3439 3443 δι’
3484 3389 3642 3444 αὔτοῦ
3678 3384 3746 3448 τῷ

2110 3484 2248 3556 Θεῷ,
2306 3481 2541 3559 καθάπερ
2604 3477 2790 3554 πολλῷ
2832 3479 3090 3559 πρότερον
3131 3481 3233 3536 ὑπὸ
3301 3483 3403 3546 τῆς
3462 3477 3672 3540 ”Αννης
3718 3472 3742 3526 ὃ

2110 3569 2387 3646 Σαμουῆλ.

2192 3659 2276 3721 E'.
2333 3659 2589 3739 Ὀτρηϊος
2642 3657 2698 3714 δὲ
2756 3658 2944 3715 τοῦτον
2998 3654 3147 3730 ἰδὼν,
3211 3658 3313 3736 οὔχ
3360 3654 3548 3719 ἅπλῶς
3586 3648 3738 3723 εἶδεν,

2107 3749 2244 3806 ἀλλὰ
2303 3752 2389 3807 καὶ
2460 3751 2531 3813 εἷς
2604 3750 2665 3804 τὸ
2723 3748 2880 3825 βάθος
2926 3745 3038 3821 ἅμα
3079 3750 3180 3813 τῆς
3229 3750 3416 3826 ψυχῆς
3462 3741 3736 3812 εἷσεδύετο,

2110 3839 2196 3895 καί
2238 3861 2394 3894 τινων
2440 3836 2599 3905 αὗτῆς
2643 3835 3081 3914 ἀποῤῥητοτέρων
3132 3837 3207 3900 ὡς
3254 3836 3381 3901 ένῆν
3413 3831 3733 3907 κινημάτων,

2105 3928 2327 3995 δεύτατα
2357 3927 2791 4007 στοχασάμενος.
2845 3926 3040 3981 Μαθὼν
3095 3923 3150 3980 δὲ
3207 3926 3293 3982 καὶ
3351 3925 3421 3980 τὰ
3464 3927 3559 3989 τῆς
3600 3939 3733 3975 στει-

2106 4019 2319 4097 ρώσεως
2379 4023 2478 4086 τῆς
2541 4018 2769 4096 μητρὸς,
2835 4016 2926 4072 καὶ
2984 4016 3049 4072 τὰ
3101 4020 3196 4082 τῆς
3254 4014 3519 4088 θειοτέρας
3562 4010 3732 4086 ἐπιφα-

2105 4108 2266 4182 νείας,
2328 4108 2414 4164 καὶ
2474 4105 2617 4171 ὅπως
2681 4104 2845 4185 εὐχῆς
2909 4102 3062 4184 ἔργον
3111 4106 3146 4173 ἡ
3192 4103 3461 4180 σύλληψις
3530 4102 3615 4172 ἦν,
3673 4115 3730 4152 αα

2102 4198 2176 4262 ὡς
2235 4196 2347 4254 εἷεν
2404 4197 2558 4253 αὕτὸν
2617 4196 2665 4253 οἱ
2721 4207 2905 4273 γονεῖς
2988 4195 3078 4251 καὶ
3135 4195 3236 4272 πρὸ
3289 4194 3388 4261 τῆς
3447 4190 3725 4272 γεννήσεως

2102 4287 2554 4363 κὰθαγιασαμενοι
2631 4290 2707 4357 τῷ
2764 4291 2902 4362 Θεῷ,
2964 4285 3249 4364 προφήτης
3302 4291 3397 4341 τοῦ
3457 4279 3726 4359 μέλλοντος

2103 4374 2337 4451 ἆψεδδὴς
2386 4376 2475 4443 ἦν,
2537 4375 2632 4433 Καὶ
2674 4371 2863 4447 ὅντως,
2927 4373 3355 4430 ἒπαναπαύσεται
3413 4376 3476 4430 τὸ
3533 4373 3719 4438 Πνεῦμα

2101 4474 2193 4524 τοῦ
2254 4474 2406 4539 Θεοῦ,
2457 4467 2539 4524 ἐπὶ
2599 4468 2660 4523 τὸ
2720 4464 2926 4524 παιδίον
2982 4473 3159 4540 τοῦτο,
3222 4467 3405 4544 φησίν.
3456 4464 3585 4522 Εἶτα
3633 4456 3710 4513 κπὶ

2101 4557 2363 4633 βαπτίσας
2419 4557 2599 4635 αὑτὸν,
2659 4556 2747 4612 καὶ
2807 4560 2913 4612 τῶν
2972 4555 3173 4636 τριχῶν
3250 4553 3350 4610 ὅσα
3416 4554 3566 4629 νόμος
3608 4555 3702 4636 Ἑοῗς

2103 4646 2282 4702 παισὶν
2371 4646 2681 4726 ἀποκείρας,
2764 4652 2842 4718 τῷ
2904 4650 3009 4702 τῶν
3095 4645 3455 4722 ὰναγνωστῶν
3513 4633 3697 4717 ἐγκρίνει

2105 4736 2317 4812 βαθμῷ·
2357 4736 2460 4802 Τὴν
2505 4723 2603 4811 μέν
2647 4723 2737 4793 οὖν
2768 4733 2978 4813 μητέρα
3027 4733 3325 4814 Διονυσίαν,
3362 4732 3460 4791 οἶα
3491 4723 3708 4794 διηνεκῶς

1615 4896 1823 4962 JOAN.
1869 4893 2239 4961 BOLLANDI
2281 4889 2525 4957 NOTAE.

457 5061 545 5133 (5)
575 5058 735 5118 Obiit
777 5057 1187 5133 Constantinus
1216 5060 1457 5133 Magnus
1501 5073 1595 5133 an.
1630 5059 1756 5124 337,
1780 5059 1906 5133 ipso
1938 5058 2028 5115 die

386 5129 793 5193 Pentecostes;
831 5132 929 5188 cui
951 5129 1397 5192 Constantius'in
1422 5129 1658 5189 Oriente
1681 5129 2025 5193 succedens,

386 5218 522 5263 mox
552 5217 613 5260 se
642 5203 873 5260 haeresis
907 5204 1129 5262 Arianae
1157 5204 1438 5262 fautorem
1472 5203 1763 5273 professus
1790 5211 1893 5273 est.

458 5276 537 5346 (6)
558 5273 720 5333 Forte
748 5274 1006 5348 decimus
1030 5272 1625 5348 quintuslegendum;
1643 5272 2026 5348 sicquelunio

386 5343 586 5402 mense
641 5353 839 5404 natum
892 5343 1171 5405 dicemus.
1236 5343 1460 5403 Interiit
1525 5343 1761 5402 Valens’
1801 5344 1840 5397 V
1891 5343 2021 5400 idus

385 5415 901 5487 Augusti,an.387,
942 5430 1075 5475 cum
1122 5433 1189 5475 eo
1219 5432 1373 5474 anno
1405 5417 1526 5487 ipse
1557 5428 1782 5472 sextum
1816 5415 2019 5472 consul

385 5485 556 5556 esset,
580 5485 1020 5545 Valentinianus
1052 5488 1394 5553 secundum,
1423 5485 1483 5544 ut
1514 5488 1780 5545 scribunt
1813 5487 2027 5543 ldJliUS

386 5557 445 5614 in
472 5556 677 5627 Fastis,
709 5557 972 5615 Socrates
1013 5558 1117 5617 lib.
1143 5571 1222 5623 tv,
1254 5574 1380 5627 cap.
1412 5557 1513 5616 ult.
1538 5561 1880 5616 Ammianus
1927 5558 2022 5614 lib.

385 5626 807 5696 xxx1,aliique,
837 5635 888 5685 et
918 5630 1151 5698 quidem
1186 5626 1500 5687 indictione
1529 5630 1562 5684 5
1594 5631 1758 5701 cujus
1807 5628 2024 5686 residui

2112 5063 2277 5114 erant
2308 5067 2540 5112 menses
2573 5051 2816 5124 aliquot,
2853 5054 2926 5112 ad
2948 5053 3356 5123 Septembrem
3386 5062 3581 5124 usque,
3616 5053 3713 5124 quo

2111 5136 2164 5185 et
2201 5127 2236 5184 6
2264 5126 2510 5186 indictio
2541 5133 2597 5182 et
2644 5120 2839 5197 a'nnus
2887 5120 3047 5197 apud
3075 5124 3403 5197 Orientales
3434 5120 3710 5197 iﬁchqaba-

2112 5210 2226 5257 tur.
2262 5199 2411 5256 Hinc
2451 5213 2575 5270 quae
2620 5205 2749 5269 post
2793 5190 3195 5270 Septembrem
3227 5190 3707 5270 inchoatamfacta.

2111 5272 2181 5328 ad
2213 5269 2555 5342 sequentem
2587 5282 2807 5342 annum
2840 5269 3138 5342 Euthymii
3169 5269 3521 5326 referuntur.
3552 5332 3579 5342 __

2177 5342 2260 5411 (7)
2299 5333 2567 5399 Interfuit
2593 5333 3081 5413 Otrejussyno'do
3105 5333 3708 5413 Constantinopolitapa}

2105 5401 2483 5472 oec‘uinenicae
2521 5424 2560 5469 Il
2586 5424 2640 5471 et
2668 5401 3138 5470 Macedonianam
3185 5413 3445 5468 haeresim
3468 5401 3706 5464 c'umaliis

2105 5485 2396 5557 episcopis
2425 5483 2838 5557 condemnavit
2867 5499 3007 5557 ann.
3053 5482 3192 5541 Chr.
3229 5482 3358 5540 381.

2178 5558 2256 5627 (8)
2288 5556 2601 5626 Perperam
2663 5558 2722 5612 in
2772 5554 2944 5614 Surio
2986 5568 3268 5613 excusum
3318 5552 3699 5613 confessorem.

2109 5626 2523 5686 Concesserem
2555 5627 2725 5685 vertit
2755 5627 3076 5697 Hervetus;
3112 5636 3290 5686 recte.
