3972 6130
205 312 318 386 601

1541 327 1728 390 VITA
1774 326 1834 389 S.
1884 324 2294 388 EUTHYMII.

3493 327 3610 394 602

200 459 326 538 περὶ
386 459 460 516 τὰ
523 463 656 518 θεῖα
709 458 1108 542 σχολάζουσαν,
1167 458 1412 520 διάκονον
1454 468 1552 530 τῆς
1596 460 1686 520 ὑπ’
1730 463 1876 520 αὒτὸι

1971 468 2130 524 caret
2149 461 2830 539 assidue,Diaconissam
2863 462 3100 526 ordinat
3118 461 3404 526 Ecclesiae
3434 463 3610 527 sibilo

199 547 554 615 ἘκκΑησίας
609 563 934 631 χειροτονεῖ·
968 553 1062 608 τὸν
1105 549 1158 607 δὲ
1190 551 1356 610 παῖδα
1410 552 1881 628 εἰσποιησάμενος,

197 638 259 694 οὔ
316 640 566 719 τροφεὺς
643 642 805 715 μόνον
863 643 1006 715 αὒτῷ
1063 643 1150 698 καὶ
1193 640 1555 722 παιδαγωγὸς,
1602 640 1740 698 ἀλλὰ
1796 644 1882 700 καὶ

194 727 380 806 πατὴρ
448 729 546 786 καὶ
611 730 782 808 μῆτερ
841 727 1124 794 διαθέσεως
1183 731 1365 806 νόμοις
1415 731 1640 807 ἐγίνετο·
1705 733 1763 788 οὐ
1803 736 1882 803 τῷ

195 813 348 873 παιδὶ
413 817 646 894 μᾶλλον
702 819 963 898 ἐντεῦθεν,
1019 819 1056 887 ἢ
1127 820 1300 894 ἑαυτῷ
1357 821 1730 899 χαριζόμενος,
1795 820 1879 876 καὶ

194 903 391 971 παιδὸς
458 909 622 965 εἶναι
682 907 885 966 τοιοῦδε
956 907 1208 982 κηδεμὼν
1267 909 1566 987 ἐφιέμενος.
1628 908 1880 983 Εὗθυμίου

192 994 371 1051 τοίνυν
418 996 610 1064 οὕτως
663 997 720 1055 ἓν
779 998 998 1076 πρώτης
1069 997 1281 1066 ἠλικίὰς
1340 999 1682 1062 ἀνατεθέντος
1738 1004 1879 1077 θεῷ,

196 1089 294 1141 καὶ
364 1099 494 1152 τοῖς
531 1087 1024 1154 ἐκκλτισιαστιοιοῖς
1076 1089 1400 1169 καταλόγοις
1443 1090 1595 1167 ἱερῶς
1627 1087 1874 1166 ἐνταγένο

199 1195 312 1248 τος,
349 1175 683 1241 καταπόδας
717 1179 863 1241 εὐθὺς
897 1180 987 1235 καί
1023 1177 1302 1242 Θεοδόσιος
1335 1181 1362 1234 ὁ
1395 1179 1573 1257 Μέγας
1611 1177 1873 1254 ἐγκρατὴς

199 1263 295 1332 τῆς
355 1265 657 1341 βασιλείας
688 1269 1020 1324 καθίσταται’
1080 1269 1165 1324 καὶ
1218 1267 1384 1330 οὕτως
1426 1267 1480 1324 ἐν
1525 1271 1701 1340 ταῦτῷ
1756 1278 1874 1328 τοῖς

198 1375 255 1410 τε
300 1354 642 1420 πολιτικοῖς
673 1357 981 1436 πράγμασιν
1026 1359 1053 1412 ὁ
1081 1358 1210 1420 Θεὸς
1241 1359 1328 1414 καὶ
1359 1369 1482 1422 ταῖς
1529 1354 1876 1422 Ἐιικλησίαις

201 1446 424 1521 εἰρήνην
489 1445 812 1524 παραδόξως
871 1443 1226 1526 ἐπιϐραϐεύειο
1273 1460 1391 1508 τοϊς
1447 1446 1543 1521 μὲν
1589 1445 1678 1502 τόν
1739 1452 1875 1501 Θεο-

199 1531 388 1591 δόσιον
435 1535 777 1612 ἂπονείμας,
823 1549 946 1602 ταῖς
989 1534 1043 1591 δὲ
1076 1537 1168 1592 τὸν
1202 1537 1455 1612 Εὐθύμιον
1489 1535 1874 1615 χαρισάμενος⁶

201 1625 341 1682 ὥστε
405 1624 734 1701 συμϐαίνειν
792 1625 879 1683 ἐπ’
925 1625 1110 1690 αὐτοῖς
1147 1625 1452 1690 ἀκολούθως
1477 1638 1598 1689 τοῖς
1656 1625 1878 1701 ὀνόμασι

200 1716 284 1770 καὶ
316 1715 386 1770 τὰ
428 1716 758 1795 πράγματα.

280 1803 387 1879 ς’.
459 1811 764 1882 Προϊοντος
796 1803 850 1860 δὲ
903 1812 995 1866 τοῦ
1020 1807 1242 1885 χρόνου,
1277 1806 1366 1862 καὶ
1421 1814 1512 1864 τοῦ
1543 1803 1730 1868 παιδὸς
1773 1802 1877 1873 ἤδη
1905 1837 1940 1889 Β

199 1899 306 1949 τῶν
373 1896 602 1961 νηπίων
663 1892 973 1970 ἀμείϐοντος
1044 1895 1282 1974 ἡλικίαν,
1327 1895 1658 1973 γραμμάτων
1722 1891 1878 1950 διδα-

205 1983 428 2049 σκάλοις
491 1985 720 2042 assem
779 1983 1070 2050 ἐπίσκοπος
1133 1985 1444 2066 ἐγχειρίζει.
1498 1987 1557 2042 Οἱ
1617 1983 1670 2040 δὲ
1740 1983 1876 2051 ἦσαν

202 2073 461 2137 Ἀκάκιος
525 2077 625 2132 καί
674 2074 944 2153 Συνόδιος,
994 2078 1228 2155 εὐγενείᾳ
1271 2097 1327 2131 τε
1402 2076 1489 2132 καὶ
1542 2075 1746 2131 συνέσει
1790 2075 1879 2129 καὶ

207 2165 530 2244 σωφροσύνῃ
565 2173 646 2240 τῷ
688 2171 796 2222 τῶν
840 2165 1193 2244 ἆναγνωστῶν
1250 2169 1402 2246 χορῴ
1451 2163 1865 2242 διαλαμποντες,

205 2253 301 2312 καῖ
359 2255 459 2318 τάς
491 2277 555 2312 τε
611 2256 753 2320 θείας
787 2255 995 2334 Γραφὰς
1026 2255 1083 2311 εὖ
1128 2255 1450 2331 ἠσκημένοι,
1484 2255 1572 2310 καὶ
1627 2251 1866 2314 παιδείας

213 2343 436 2421 ἰρασταλι
500 2351 609 2412 τῆς
681 2346 893 2423 θύραθεν
938 2347 1034 2401 οὒκ
1103 2345 1327 2421 ἀμελεῖς
1393 2345 1564 2410 ὄντες·
1639 2347 1694 2400 o'i
1734 2342 1868 2420 μετὰ

211 2434 440 2499 πολλοὺς
498 2433 590 2492 διὰ
650 2435 876 2512 Χριστόν
950 2435 1180 2514 ἀγῶνας,
1238 2437 1325 2492 καὶ
1379 2437 1480 2503 τὴν
1536 2433 1713 2514 ἀρχὴν
1765 2438 1867 2501 τῆς

214 2526 346 2580 κατὰ
409 2524 727 2594 Μελιτηνὴν
789 2523 1136 2604 Ἐκκλησίας,
1193 2524 1296 2598 ἰδίᾳ
1349 2528 1438 2582 καὶ
1492 2526 1629 2582 κατὰ
1683 2524 1868 2597 καιρὸν

215 2614 462 2695 ἑκάτερος
526 2616 707 2672 αὐτῶν
756 2614 1164 2694 ἐγχειρζοντοιι⁹
1217 2619 1290 2671 ὧν
1345 2614 1572 2681 πολλοῖς
1605 2617 1639 2683 ἡ
1700 2613 1869 2670 Μελι-

216 2710 390 2771 τηνῶν
452 2702 645 2777 πόλις,
685 2706 772 2760 καὶ
816 2705 975 2760 εἰσέτι
1005 2705 1094 2762 καὶ
1159 2711 1235 2762 θῦν
1266 2705 1489 2784 ἐντρυφᾷ
1543 2703 1870 2782 διηγήμασιν

217 2793 558 2862 Ἐκκλησιῶν
621 2816 678 2853 τε
753 2797 827 2854 ὡς
901 2793 1112 2860 ἀληθῶς
1167 2797 1462 2872 προστασίᾳ
1533 2795 1621 2852 καὶ
1680 2798 1872 2874 ψυχῶν

219 2882 504 2959 κηδεμονίᾳ
579 2886 945 2960 προσήκουσι,
1021 2883 1345 2964 Παραδοθεῖς
1414 2885 1593 2941 τοίνυν
1667 2884 1876 2947 τούτοις

222 2974 249 3029 δ
299 2986 453 3054 παῖς,
508 2976 605 3032 καὶ
661 2973 862 3050 δαψιλῆ
921 2975 986 3030 τὰ
1047 2975 1326 3053 σπέρματα
1380 2981 1478 3042 τῆς
1538 2973 1876 3038 διδασκα)ίας

225 3063 276 3120 ἰν
327 3077 443 3128 τοῖς
473 3067 578 3132 τῆς
614 3063 861 3140 ςδιανοίας
911 3063 1132 3131 κόλποις
1179 3063 1527 3142 παραλαϐὼν,
1563 3063 1731 3122 πολὺν
1788 3066 1880 3121 τὸν

230 3155 421 3231 καρπὸν
475 3154 530 3210 ἐν
564 3154 775 3234 βραχεῖ
830 3156 918 3211 καὶ
947 3154 1078 3222 ὑπὲρ
1128 3155 1224 3222 τὴν
1253 3154 1466 3223 ἡλικίαν
1527 3157 1877 3234 προήνεγκεδ.

231 3242 430 3318 Ὣμίλει
493 3247 600 3320 μὲν
673 3245 774 3323 γὰρ
833 3258 956 3310 ταῖς
1025 3246 1188 3303 θείαις
1261 3251 1520 3324 Γραφαϊς,
1579 3248 1666 3301 καὶ
1722 3244 1880 3323 φιλο-

245 3331 405 3396 πόνως
476 3336 671 3398 αὐταῖς
729 3334 1064 3414 προσέκειτο.
1116 3326 1302 3391 Ἠνίκα
1358 3332 1412 3390 δὲ
1472 3341 1577 3391 τῶν
1638 3333 1881 3391 παλαιῶν

249 3419 431 3498 ἀνδρῶν
488 3425 576 3482 καὶ
618 3424 772 3481 θείων
834 3424 948 3501 εὗρέ
1003 3445 1122 3480 τινα
1174 3426 1395 3500 μνήμην
1440 3425 1602 3488 αὐτὰς
1647 3426 1720 3488 εἰς
1753 3423 1880 3502 ἀρε-

254 3509 346 3575 τὴν
403 3513 739 3589 ποιουμένας,
801 3515 1015 3591 θήραμα
1075 3515 1227 3577 οὗτος
1290 3516 1530 3590 Εὖθυμῐῳ
1589 3514 1651 3570 τὸ
1711 3535 1880 3570 σπου-

245 3597 496 3661 δαιότατον
551 3605 645 3679 ἧν,
679 3605 766 3662 καὶ
826 3604 986 3661 πόθον
1031 3605 1178 3667 εὐθὺς
1229 3602 1496 3680 ἐλάμϐανε
1528 3609 1620 3660 τοῦ
1666 3601 1872 3683 ἀνδρὸς,

245 3689 486 3771 καὶπρὸς
559 3695 656 3750 τὸν
729 3693 916 3771 ὅμοιον
975 3693 1175 3751 ἐκείνου
1243 3692 1404 3766 ζῆλον
1461 3692 1870 3770 διεθερμαίνετο.

241 3788 469 3840 Τοιοῦτον
531 3785 638 3862 γὰρ
701 3783 875 3862 ἀγαθὴ
942 3783 1094 3863 ψυχῆ
1165 3785 1253 3840 καὶ
1308 3781 1618 3862 φιλόκαλος,
1684 3781 1874 3859 ἂρετῆς

241 3871 483 3949 πρόφασιν
539 3871 888 3948 λαμϐάνουσα
959 3875 1048 3930 καὶ
1103 3875 1341 3951 μετρίαν.
1405 3874 1577 3950 Ξυρὸς
1610 3873 1682 3937 εἷς
1741 3871 1876 3927 ἀκό-

237 3980 326 4026 νην
383 3962 510 4038 ὲστὶ,
554 3961 715 4027 δαλὸς
775 3964 849 4027 εἷς
883 3973 1006 4041 πῦρ,
1040 3962 1210 4028 ἵππος
1269 3964 1404 4019 κατὰ
1456 3960 1656 4018 πεδίου⁶
1715 3967 1878 4020 τοῦτα

236 4045 297 4116 δὴ
358 4052 423 4109 τὰ
493 4052 754 4129 ᾀδόμενα.
820 4053 991 4108 ’Ὥστε
1064 4057 1238 4109 πάντα
1296 4054 1387 4110 τὸν
1460 4054 1682 4132 χρόνον,
1727 4051 1877 4130 ἔργον

239 4138 466 4218 Εὐθυμίῳ
537 4143 978 4224 φιλοπονώτατον
1053 4145 1196 4200 εἶναι
1241 4145 1291 4218 ά,
1354 4144 1431 4218 τῷ
1472 4159 1497 4186 ο
1565 4147 1668 4200 τῶν
1724 4143 1878 4201 θείων

238 4233 271 4282 Γ
275 4238 447 4311 ραφῶν
502 4233 710 4290 ἐπιέναι
744 4233 839 4298 τὰς
871 4231 1109 4311 βίϐλους,
1144 4235 1231 4291 καὶ
1262 4233 1360 4300 τὴν
1417 4234 1523 4290 τῶν
1552 4232 1877 4312 ἐγκειμένων

238 4315 442 4394 δόναμιν
471 4324 764 4404 ἐγγράφειν
792 4329 860 4401 τῇ
888 4321 1113 4391 διανοίᾳ.

315 4409 391 4471 Ζ’.
435 4414 693 4481 Ζηλωτης
750 4412 805 4470 δὲ
859 4415 947 4470 καὶ
1021 4420 1126 4471 τῶν
1197 4412 1448 4470 Ἀκακίου
1505 4411 1714 4491 τρόπων
1784 4419 1876 4470 τοῦ

1966 551 2272 632 subjecta:
2300 571 2548 634 puerum
2572 571 2712 614 vevo
2731 552 3171 632 adoptavit,nec
3204 552 3396 615 solum
3422 551 3478 616 ei
3501 552 3611 614 fuit

1965 643 2228 704 nutritor
2260 651 2319 704 et
2349 643 2717 725 pedagogus,
2753 643 2855 705 sed
2890 643 3070 706 etiam
3107 652 3281 724 pater
3304 651 3612 722 materque

1962 731 2198 794 ratione
2227 732 2560 794 affectionis
2587 751 2600 795 :
2639 751 2755 795 non
2787 751 2857 794 eo
2911 732 3157 794 nomine
3185 733 3371 810 magis
3401 748 3608 812 puero,

1963 839 2139 902 quam
2173 821 2284 882 sibi
2315 821 2678 900 gratiﬁcans,
2709 831 2765 883 et
2794 821 2933 884 talis
2963 823 3132 903 pueri
3167 840 3369 884 curam
3403 838 3613 899 gerere

1963 911 2235 990 cupiens.
2264 911 2409 973 Cum
2445 911 2644 991 itaque
2672 911 3021 992 Euthymius
3044 912 3128 991 (9)
3153 911 3239 972 sic
3261 912 3334 972 ab
3367 911 3611 972 ineunte

1962 1011 2137 1062 astate
2197 999 2319 1062 Deo
2352 1000 2566 1063 fuisset
2616 1001 2947 1075 dedicatus,
2983 1012 3042 1063 et
3073 1008 3130 1064 in
3188 1000 3609 1064 Ecclesiastico

1961 1092 2235 1169 Catalogo
2269 1095 2364 1170 pie
2396 1100 2724 1172 sancteque
2780 1092 3130 1164 collocatus,
3165 1093 3355 1152 statim
3389 1109 3604 1152 conse-

1957 1188 2210 1260 quenter
2268 1181 2640 1242 Theodosius
2721 1180 2965 1261 Magnus
3011 1181 3232 1262 potitur
3295 1180 3603 1260 imperio:

1957 1273 2163 1352 sicque
2209 1270 2420 1331 eodem
2457 1279 2726 1350 tempore
2757 1269 2912 1332 Deus
2975 1271 3192 1331 mirum
3225 1288 3292 1331 ac
3323 1268 3604 1349 inopina-

1960 1357 2080 1420 lum
2117 1361 2177 1422 in
2211 1359 2452 1420 modum
2488 1369 2606 1421 tam
2639 1359 2912 1422 civilibus
2971 1359 3151 1421 rebus
3184 1378 3357 1422 quam
3392 1357 3605 1420 Eccle-

1959 1440 2066 1502 siis
2124 1459 2326 1521 pacem
2362 1440 2640 1502 conciliat
2678 1462 2694 1518 ;
2747 1441 2866 1502 illis
2898 1441 3136 1518 quidem
3198 1439 3604 1501 Theodosium

1962 1529 2255 1605 tribuens,
2290 1528 2382 1591 his
2423 1549 2560 1591 vero
2593 1529 2852 1609 largiens
2899 1529 3276 1611 Euthymium
3316 1551 3329 1592 :
3363 1531 3514 1591 adeo
3545 1537 3609 1590 ut

1951 1619 2021 1682 in
2053 1621 2140 1683 eis
2171 1628 2614 1702 consequenter
2644 1638 2741 1682 res
2789 1639 3028 1701 quoque
3055 1619 3448 1682 convenirent
3492 1637 3606 1679 no-

1963 1710 2251 1775 minibus.

2048 1797 2137 1862 Vl.
2182 1799 2552 1862 Procedente
2589 1807 2782 1861 autem
2817 1806 3111 1881 tempore,
3140 1818 3274 1861 cum
3299 1800 3424 1879 jam
3459 1816 3610 1879 puer

1963 1891 2320 1952 excessisset
2345 1909 2414 1951 ex
2435 1890 2698 1951 infantiae
2720 1897 2915 1964 aetate,
2941 1889 3270 1952 litterarum
3306 1886 3606 1967 magistris

1961 1988 2100 2044 eum
2121 1982 2299 2043 tradit
2320 1979 2838 2064 episcopusErant
2854 1999 3030 2062 porro
3053 1981 3139 2042 illi
3159 1980 3466 2059 Acacius(l
3482 1980 3609 2058 0)et

1960 2072 2310 2153 Synodiusu
2330 2073 2513 2154 t),qui
2538 2080 2781 2153 propter
2799 2070 3605 2152 nobilitatem,prudentiam,

1963 2162 2764 2231 moderationem,clarebant
2787 2162 2849 2222 in
2872 2162 3055 2223 choro
3073 2162 3522 2236 lectorum,tum
3547 2157 3608 2220 in

1950 2251 2138 2313 sacris
2151 2251 2479 2332 Scripturis
2499 2260 2661 2313 recte
2681 2251 3016 2327 exercitati,
3043 2259 3163 2312 tum
3190 2259 3449 2312 externa;
3471 2267 3607 2311 eru-

1950 2341 2192 2403 ditionis
2206 2351 2502 2404 amatores
2518 2360 2634 2403 non
2649 2341 3062 2421 incuriosizqui
3082 2349 3212 2422 post
3229 2341 3412 2401 multa
3436 2355 3608 2420 prop-

1951 2439 2046 2495 ter
2068 2431 2371 2494 Christum
2402 2440 2678 2512 suscepta
2709 2429 3244 2504 certamina,etiam
3262 2428 3609 2490 Melitenen-

1952 2525 2035 2583 sis
2060 2521 2335 2584 Ecclesia!
2356 2522 2690 2603 principatu
2724 2538 2991 2581 seorsum
3013 2527 3072 2582 et
3101 2539 3207 2581 suo
3232 2517 3410 2582 ambo
3441 2526 3601 2580 tem-

1955 2632 2099 2695 pore
2125 2613 2326 2676 donati
2349 2621 2488 2673 sunt
2520 2631 2536 2688 ;
2567 2629 2818 2693 quorum
2855 2610 3063 2672 multis
3083 2627 3283 2672 rerum
3308 2615 3602 2688 gestarum

1963 2701 2410 2766 narrationibus
2441 2703 2500 2763 in
2533 2702 2890 2763 hodiernum
2925 2718 3112 2779 usque
3144 2699 3304 2761 diem
3337 2697 3610 2760 delecta-

1960 2801 2056 2855 tur
2077 2793 2286 2856 civitas
2313 2791 2812 2866 Melitenensis,et
2842 2788 3125 2852 Ecclesiae
3147 2788 3610 2870 prmiecturaeﬁt

1960 2903 2120 2946 cum
2141 2886 2475 2946 animarum
2508 2900 2648 2944 vere
2677 2881 3192 2942 convenientibus.
3223 2877 3382 2942 Puer
3408 2883 3608 2956 itaque

1963 2975 2056 3036 bis
2079 2973 2622 3054 traditus,copiosis
2639 2971 2929 3034 doctrinae
2951 2969 3284 3034 seminibus
3309 2969 3367 3029 in
3393 2968 3609 3028 mentis

1965 3064 2132 3126 sinus
2160 3063 2448 3144 acceptis,
2485 3061 2653 3124 brevi
2683 3061 2940 3124 fructum
2975 3062 3293 3141 plurimum
3347 3064 3406 3118 et
3433 3073 3611 3135 supra

1965 3161 2192 3216 aetatem
2221 3151 2466 3233 protulit
2497 3150 2734 3214 Etenim
2761 3150 2820 3210 in
2843 3149 3057 3210 divinis
3079 3146 3400 3228 Scripturis
3419 3162 3613 3205 versa-

1963 3243 2160 3318 batur,
2187 3242 2380 3321 iisque
2402 3239 2670 3303 studioso
2701 3238 2905 3300 labore
2933 3237 3338 3300 incumbebat.
3364 3233 3612 3307 Quando

1966 3341 2165 3395 autem
2199 3329 2539 3392 inveniebat
2586 3329 2715 3390 illas
2757 3329 3011 3408 alicujus
3051 3347 3124 3390 ex
3156 3325 3298 3388 viris
3347 3324 3612 3405 antiquis

1966 3423 2306 3504 divinisque
2325 3421 2523 3482 facere
2543 3421 2616 3480 ad
2639 3419 2914 3481 virtutem
2941 3417 3303 3479 mentionem
3324 3415 3609 3495 aliquam,

1967 3521 2094 3576 erat
2116 3513 2166 3574 is
2186 3513 2274 3573 vir
2293 3509 2609 3590 Euthymio
2631 3508 2865 3570 venatio
2889 3506 3351 3582 studiosissime,
3378 3504 3612 3567 statim-

1961 3622 2079 3687 qua
2096 3601 2260 3663 illius
2285 3600 2590 3662 desiderio
2615 3597 3130 3687 corripiebatur.et
3148 3596 3219 3658 ad
3235 3594 3609 3687 consimilem

1959 3683 2398 3757 accendebatur
2417 3688 2881 3752 aemulationem.
2901 3686 3060 3750 Talis
3093 3687 3315 3768 quippe
3339 3693 3428 3747 est
3450 3683 3610 3747 bona

1959 3784 2180 3855 anima,
2218 3780 2609 3862 praeclarique
2663 3778 2956 3853 studiosa,
2995 3777 3229 3858 quoties
3259 3774 3490 3837 virtutis
3517 3776 3610 3837 vel

1962 3873 2256 3936 modicam
2285 3870 2503 3951 accipit
2534 3869 2934 3931 occasionem.
2966 3869 3265 3932 Novacula
3294 3865 3365 3928 ad
3415 3873 3609 3926 cotem

1962 3973 2075 4038 est,
2113 3964 2288 4026 torris
2327 3961 2399 4023 ad
2434 3961 2658 4040 ignem,
2693 3978 2885 4040 equus
2929 3959 2989 4021 in
3023 3977 3258 4039 campo,
3286 3958 3452 4037 juxta
3499 3956 3610 4016 de-

1963 4061 2194 4118 cantata
2234 4052 2409 4132 vulgo
2445 4049 2757 4132 proverbia
2788 4069 2801 4110 :
2859 4049 3006 4110 adeo
3039 4056 3099 4110 ut
3131 4048 3297 4110 omni
3345 4055 3616 4126 tempore

1962 4163 2114 4226 opus
2158 4152 2315 4206 esset
2372 4140 2686 4221 Euthymio
2737 4157 3061 4214 summum,
3119 4154 3473 4219 percurrere
3513 4136 3612 4196 di-

1958 4237 2228 4296 vinarum
2265 4230 2707 4312 Scripturarum
2743 4229 2948 4298 libros,
2983 4238 3042 4292 et
3095 4228 3210 4290 vim
3243 4244 3450 4290 eorum
3481 4244 3614 4307 quae

1956 4333 2022 4395 in
2057 4325 2144 4386 eis
2171 4327 2377 4384 insunt
2407 4322 2593 4383 menti
2623 4319 2982 4382 inscribere.

2037 4412 2166 4477 VII.
2221 4413 2405 4474 Porro
2442 4419 2638 4473 autem
2673 4408 2780 4472 fuit
2815 4411 2997 4471 etiam
3032 4408 3342 4470 aemulator
3371 4425 3607 4469 morum

241 4495 545 4562 διδασκάλου
601 4504 910 4576 καθίστατο,
971 4505 1058 4560 καὶ
1117 4503 1303 4566 αὐτοὺς
1353 4505 1424 4568 ὡς
1477 4502 1698 4559 δυνατὸν
1753 4501 1876 4578 ἐμι-

1971 4502 2167 4567 Acacii
2200 4500 2766 4582 praeceptoris,quos
2789 4497 3132 4561 imitabatur
3158 4516 3262 4580 pro
3293 4497 3615 4571 viribus;ut

245 4603 415 4661 μεϊτο’
475 4595 549 4658 ὡς
586 4594 665 4669 μὴ
721 4593 828 4650 τῶν
860 4592 1036 4670 λόγων
1078 4600 1186 4650 τῶν
1216 4595 1374 4652 αὒτοῦ
1430 4592 1614 4668 μόνον,
1646 4589 1784 4648 ἀλλὰ
1814 4592 1878 4661 δὴ

244 4679 324 4733 καὶ
408 4689 511 4740 τῶν
588 4682 757 4763 ἔργων
828 4685 1071 4759 μαθητὴς
1167 4681 1451 4763 δείκνυται,
1529 4682 1618 4738 καὶ
1703 4681 1882 4762 ὥσπερ

247 4767 505 4842 ὁμιλοῦντι
574 4774 674 4842 τὴν
730 4771 922 4848 ἇκοῆν,
983 4772 1122 4829 οὕτω
1193 4771 1260 4841 δὴ
1331 4773 1421 4830 καὶ
1496 4777 1732 4829 ποιοῦντι
1790 4773 1879 4829 τὸν

247 4856 503 4938 ὀφθαλμὸν
580 4861 830 4940 ἓμμελῶς
861 4861 882 4902 ί
958 4860 1180 4920 διδόναιο
1249 4868 1420 4944 τροφῇ
1491 4862 1613 4937 πὲν,
1685 4866 1747 4923 οὐ
1812 4870 1881 4942 τῇ

1966 4612 2087 4655 non
2110 4592 2301 4654 solum
2322 4591 2449 4671 ejus
2472 4589 2958 4664 sermonum,sed
2995 4596 3054 4651 et
3081 4607 3329 4670 operum
3355 4607 3611 4670 appare-

1963 4690 2056 4747 ret
2078 4701 2210 4745 esse
2237 4680 2658 4762 discipulus,ut
2689 4679 3288 4741 sicutsermocinanti
3309 4697 3507 4751 aures,
3534 4677 3615 4740 ita

1965 4778 2136 4835 etiam
2161 4772 2392 4832 lacienti
2415 4773 2620 4831 oculos
2649 4772 2958 4844 diligenter
2974 4771 3456 4830 accommodaret:
3483 4771 3611 4828 cibo

1963 4861 2206 4942 quidem
2230 4867 2428 4937 utens,
2456 4877 2574 4921 non
2597 4857 2782 4938 vario,
2814 4865 2870 4918 et
2891 4857 3249 4939 composito,
3280 4857 3611 4936 superﬂuo-

1462 5019 1670 5087 JOAN.
1717 5020 2089 5089 BOLLANDI
2126 5020 2379 5087 ΝΟΤΛΕ.

318 5178 390 5250 (9)
409 5181 555 5242 Intra
587 5197 647 5241 n.
681 5182 806 5250 109,
830 5183 956 5241 haec
984 5183 1070 5241 sic
1092 5181 1450 5242 efferuntur:
1492 5183 1666 5242 «Tres
1684 5192 1880 5243 autem

253 5261 423 5332 annos
476 5255 812 5332 natus,_D_eo
869 5255 975 5332 luit
1026 5264 1432 5332 consecratus,
1474 5254 1537 5313 in
1588 5256 1880 5327 principio

249 5320 450 5408 =scilicet
501 5320 695 5408 magni
725 5327 1064 5408 prdosri.
1098 5346 1147 5408 _o_
1198 5329 1309 5408 list
1331 5320 1426 5383 hic
1467 5320 1804 5408 assumptus
1845 5345 1876 5386 a

249 5396 302 5473 [li
331 5396 791 5473 communionem
824 5397 1055 5473 imperii
1089 5399 1186 5473 u_
1213 5396 1381 5457 Febr.
1423 5398 1749 5473 anno_379,
1787 5401 1878 5456 in-

249 5457 484 5528 dictione
521 5457 641 5541 νυ,
673 5457 926 5542 ideoque
961 5471 1010 5528 is
1060 5471 1264 5528 tertius
1323 5483 1515 5527 annus
1573 5457 1872 5544 Euthymii

252 5539 597 5597 censebatur.

350 5551 576 5602 senatur
585 5588 597 5599 .

1963 5197 2058 5242 an.
2094 5183 2230 5242 Chr.
2270 5182 2396 5252 431,
2430 5180 2500 5237 de
2553 5180 2722 5252 cujus
2749 5178 2873 5237 zelo
2909 5179 3058 5252 intra
3105 5191 3271 5252 num.
3304 5175 3396 5252 34.
3448 5174 3615 5252 Alius

1961 5225 2230 5328 εῆεξὲιίι·
2258 5225 3396 5334 ἐξάῑρξςξ.,ἐξιῖξοὲῐιςέᾎξεςῑίιῖςεεεῑ
3441 5225 3610 5305 asa;

1961 5321 2194 5385 centum
2228 5326 2405 5396 prior,
2439 5321 2651 5381 colitur
2678 5339 2708 5380 a
2741 5321 2958 5396 Graecis
2987 5321 3052 5396 3t
3087 5321 3295 5396 Martii.

2030 5399 2150 5469 (tt)
2211 5390 2525 5469 Synodius
2559 5395 2838 5469 successit
2885 5394 3096 5469 Acacio
3159 5393 3222 5469 in
3279 5390 3609 5469 episcopatu

1959 5463 2340 5534 Melitenen'si;
2373 5467 2457 5524 illi
2490 5465 2922 5535 Constantinus,
2954 5465 3053 5536 qui
3094 5463 3436 5536 subscripsit
3470 5476 3608 5536 syn-

1953 5542 2065 5599 odo
2126 5533 2589 5599 Cbalcedonensi
2641 5533 3012 5594 tecumen'icae
3043 5548 3118 5601 tv,
3150 5550 3246 5593 an.
3293 5533 3425 5592 Chr.
3479 5533 3605 5592 £51.

314 5608 713 5686 U_0)_Acacius
750 5613 1060 5686 episcopus
1118 5612 1409 5683 Melitene,
1458 5613 1718 5686 interfuit
1746 5627 1870 5686 Asy-
1949 5611 2190 5686 Synodit
2218 5614 2436 5670 mentio
2476 5609 2539 5672 ﬁt
2571 5609 2721 5667 intra
2752 5622 2917 5666 num.
2950 5611 3012 5666 tt
3049 5617 3103 5666 et
3131 5607 3222 5668 54.

253 5676 408 5740 modo
433 5681 742 5761 Ephesium
769 5676 1145 5749 (boum'enica
1192 5696 1278 5754 ut,
1305 5676 1506 5746 contra
1536 5676 1865 5748 Nestorium
