3972 6130
148 255 266 322 605

1509 253 1695 319 VITA
1739 256 1799 317 S.
1848 255 2234 320 EUTHYMII

3443 253 3558 317 606

147 388 342 450 ἱαυτὸν
403 386 725 466 ἐπιτρέπει,
787 387 874 446 καὶ
942 386 1106 468 λάθρα
1177 391 1279 456 τῆς
1320 385 1530 452 πόλεως
1575 385 1821 468 ἐξελθὼν,

1912 398 2059 464 erat,
2094 409 2159 452 se
2184 391 2446 466 mandat,
2483 400 2542 455 et
2599 393 2752 455 clam
2785 410 2854 454 ex
2885 391 3034 453 urbe
3065 408 3366 470 egressus,
3399 409 3556 457 anno

143 480 321 553 ἐνάτῳ
406 479 507 534 καὶ
596 478 821 551 εἰκοστῷ
889 481 990 545 τῆς
1075 475 1289 544 ἡλικίας
1357 476 1604 551 ἐνιαυτῷ,
1685 479 1821 535 κατὰ

143 569 532 650 προσκύνησιν
612 573 716 624 τῶν
764 570 919 646 ἱερῶν
976 569 1157 624 τόπων
1227 569 1314 624 καὶ
1371 564 1699 642 σεϐασμίων,
1746 570 1818 630 εἷς

141 657 516 737 Ἰεροσόλυμα
565 658 851 736 προθύμως
903 662 1060 738 φοιτᾷ
1095 675 1108 688 ·
1146 654 1468 734 παραϐαλὼν
1497 655 1552 713 δὲ
1583 659 1670 714 καὶ
1701 671 1819 721 τοϊς

139 749 229 808 ἰπὶ
269 747 376 816 τῆς
424 746 650 825 ἐρήμου
702 746 964 824 Πατράσι,
995 747 1084 803 καὶ
1132 746 1230 812 τὴν
1279 746 1504 803 ἑκάστου
1547 746 1820 804 πολιτείαν

143 838 488 914 καταμαθὼν
526 884 546 916 ,
633 835 947 914 θερμότερος
1037 836 1136 904 τὴν
1209 835 1379 913 ὁρμὴν
1457 836 1680 914 γίνεται,
1738 839 1825 894 καὶ

145 940 378 1007 πτεροῖς
425 925 615 984 οἱονεὶ
659 933 964 1004 κουφίζεται
995 941 1008 956 ’
1059 925 1152 982 καῖ
1183 923 1409 1003 ὀξυτέρῳ
1439 927 1572 1005 πρὸς
1601 929 1694 983 τὸν
1725 932 1823 995 τῆς

144 1017 273 1085 ἴσης
329 1016 638 1095 διαγωγῆς
693 1016 858 1087 ζῆλον
915 1022 994 1090 τῷ
1059 1016 1259 1092 κέντρῳ
1323 1014 1569 1096 πληγεὶς,
1645 1018 1826 1094 Φαρὰν

143 1111 352 1166 ἱκεῒθεν
415 1108 530 1174 τὴν
605 1105 804 1185 λαύραν
874 1102 1299 1177 καταλαμϐάνει,
1358 1102 1554 1180 μιλίοις
1617 1106 1668 1170 ἓξ
1726 1107 1825 1174 τῆς

148 1197 362 1260 πόλεως
415 1186 826 1275 Ἰεροσολύμων
875 1192 1160 1274 διέχοΰσαν
1198 1213 1210 1227 ·
1257 1194 1346 1250 καί
1383 1217 1434 1251 τι
1487 1194 1694 1254 κελλίον
1731 1195 1827 1260 ἔξω

147 1287 242 1356 τῆς
296 1285 512 1365 λαύρας
570 1287 706 1365 πρὸς
753 1285 983 1365 ἡσυχίαν
1027 1287 1284 1341 πάντοθεν
1350 1284 1406 1341 εὖ
1449 1283 1576 1364 ἔχον
1636 1287 1821 1361 εὑρὼν,

151 1379 265 1435 ἐκεῖ
321 1376 426 1440 τὰς
460 1373 756 1455 διατριϐὰς
809 1374 930 1441 ἑξῆς
977 1373 1244 1450 ἐποιεττο,
1275 1373 1526 1454 φοινίκων
1559 1375 1656 1442 μὲν
1687 1374 1826 1431 κλά-

150 1464 267 1526 δους
314 1466 373 1522 ἰν
433 1470 598 1540 αὒτῷ
641 1464 970 1538 διαπλέκων,
1005 1466 1093 1521 καὶ
1136 1464 1347 1526 κοινοὺς
1387 1465 1560 1533 ἑαυτῷ
1589 1465 1676 1521 καὶ
1709 1478 1825 1529 τοῖς

155 1555 433 1632 δεομένοις
481 1555 620 1616 τοὺς
677 1561 783 1612 τῶν
829 1560 1036 1635 χειρῶν
1091 1554 1286 1617 πόνους
1339 1555 1676 1630 ποιούμενος⁶
1733 1554 1827 1611 ’ίνα

1904 480 2097 541 aetatis
2130 500 2251 542 sua;
2273 482 2557 543 vicesimo
2592 481 2857 562 nono,ad
2892 499 3062 544 sacra
3088 481 3549 560 venerandaque

1903 567 2036 630 loca
2067 572 2372 633 adoranda
2399 571 2874 652 Hierosolymam
2921 573 3104 633 alacri
3135 572 3338 634 animo
3370 570 3556 652 proﬁ-

1904 658 2456 738 ciscitur.Cumque
2476 662 2760 725 Patresin
2777 661 3148 724 solitudined
3158 670 3403 739 egentes
3416 678 3554 721 con-

1907 750 2190 823 venisset,
2226 761 2408 831 atque
2439 752 2756 813 didicisset
2805 752 3276 833 uniuscujusque
3319 749 3553 812 vivendi

1907 840 2224 910 rationem,
2254 842 2453 901 acrior
2484 840 2712 922 impetu
2746 842 2961 914 evadit,
2998 861 3062 903 ac
3095 843 3254 904 velut
3283 841 3394 902 alis
3424 841 3553 902 ele-

1907 936 2117 1004 vatur;
2154 939 2332 1011 atque
2394 930 2648 992 acutiori
2700 932 2770 992 ad
2822 932 2982 1011 paris
3018 931 3269 994 instituti
3304 931 3551 992 azmula-

1912 1017 2135 1081 tionem
2193 1020 2433 1082 stimulo
2492 1030 2767 1100 punctus,
2803 1022 2975 1083 illinc
3009 1021 3282 1102 pervenit
3311 1019 3382 1081 ad
3417 1019 3550 1081 lau-

1911 1127 2035 1171 ram
2066 1110 2302 1172 Pbaran
2339 1110 2492 1190 (l5),
2546 1130 2680 1191 quae
2731 1130 2832 1173 sex
2879 1111 3238 1174 milliaribus
3268 1110 3447 1171 distat
3477 1108 3550 1170 ab

1909 1197 2062 1260 urbe
2093 1198 2510 1277 Hierosolyma
2537 1201 2668 1281 (16)
2696 1223 2710 1276 ;
2754 1201 2854 1262 ubi
2885 1201 3122 1263 inventa
3153 1200 3406 1283 quadam
3443 1217 3552 1262 ex—

1911 1297 2000 1350 tra
2032 1288 2257 1350 lauram
2291 1290 2465 1364 cella,
2502 1292 2570 1353 ad
2605 1296 2866 1372 quietem
2915 1291 3178 1372 undique
3209 1308 3553 1351 accommo-

1912 1378 2068 1453 data,
2104 1378 2230 1439 illic
2280 1378 2356 1439 de
2414 1387 2628 1442 caetero
2661 1379 3192 1456 commorabatur;
3223 1379 3552 1460 palmarum

1911 1467 2160 1548 quidem
2195 1485 2397 1529 ramos
2424 1468 2480 1530 in
2518 1488 2584 1530 ea
2616 1479 2848 1543 texens,
2883 1469 3119 1550 sibique
3142 1489 3208 1531 ac
3243 1467 3554 1545 egen'ibus

1911 1556 2150 1618 labores
2180 1575 2463 1618 manuum
2498 1577 2848 1620 communes
2881 1559 3150 1622 efﬁciens
3178 1577 3192 1635 ;
3222 1568 3282 1619 ut
3313 1575 3434 1618 non
3465 1576 3557 1618 so-

154 1647 232 1720 μῆ
265 1646 440 1722 μόνον
477 1645 689 1724 ἆξαρὺς
722 1646 750 1689 ιι
791 1647 850 1721 ᾗ,
897 1646 976 1718 μὴ
1006 1645 1138 1718 πρὸς
1182 1642 1378 1721 ἑτέρων
1425 1656 1620 1724 χεῖρας
1665 1645 1822 1722 ὁρῶν,

1912 1645 2036 1708 lum
2069 1665 2187 1707 non
2216 1646 2409 1726 gravis
2441 1649 2700 1724 esset,ad
2735 1649 2991 1710 aliorum
3029 1667 3238 1710 manus
3267 1667 3384 1709 non
3417 1664 3550 1709 res-

154 1735 290 1794 ἆλλὰ
345 1736 443 1792 καὶ
503 1735 792 1813 θεραπεύοι
852 1735 1008 1810 Θεὸν,
1044 1734 1166 1813 χεὶρ
1197 1733 1353 1798 αότὸς
1385 1732 1590 1807 μᾶλλον
1623 1732 1821 1812 ἑτέροις

153 1825 471 1904 γινόμενος,
525 1825 722 1891 Πάσης
768 1822 824 1879 δὲ
866 1824 975 1880 τῶν
1035 1825 1244 1902 γηΐνων
1287 1821 1557 1902 φροντίδος
1586 1825 1682 1888 τὴν
1715 1831 1822 1898 ψυ-

155 1917 266 1997 χὴν
339 1914 660 1990 ἀπολύσας,
726 1912 867 1978 ὅλως
926 1919 1023 1981 τῆς
1085 1913 1191 1970 τῶν
1243 1912 1552 1988 μελλόντων
1611 1911 1822 1991 ἀγαθῶν

151 2003 366 2068 ἐλπίδος
405 2005 611 2062 ἑαυτὸν
644 2003 856 2082 ἐξαρτᾷ.

231 2093 346 2159 IA'.
394 2088 505 2152 Ἦν
555 2091 613 2150 δέ
671 2115 753 2158 τις
805 2094 858 2150 ἐν
905 2092 916 2127 ¹
961 2092 1216 2173 γειτόνων
1277 2093 1441 2168 αὐτῷ,
1502 2095 1822 2157 Θεὸκτιστος

155 2185 349 2264 ὄνομα,
412 2191 517 2242 τὸν
581 2183 740 2240 αύτὸν
781 2183 971 2256 ἒκείνῳ
1025 2183 1139 2259 βίον
1198 2183 1400 2257 ἀσκῶν,
1432 2185 1520 2240 καὶ
1563 2189 1662 2250 τῆς
1694 2183 1822 2250 ἴσης

159 2275 442 2337 πολιτείας
479 2274 970 2349 μεταποιούμενος,
1007 2265 1066 2329 Ὀ
1102 2279 1227 2350 γοόν
1287 2279 1394 2328 τῶν
1438 2272 1634 2346 ὁμοίων
1668 2272 1821 2353 ἔρως,

161 2365 248 2420 καὶ
303 2365 339 2432 ἡ
387 2370 502 2420 τῶν
565 2363 750 2420 πόνων
808 2362 1079 2436 κοινωνία,
1119 2362 1284 2424 οὕτως
1315 2361 1503 2426 αὐτοὺς
1534 2369 1611 2437 τῷ
1640 2362 1824 2418 συνδέ-

167 2475 284 2529 σμῳ
337 2459 442 2522 τῆς
503 2453 730 2532 ἀγάπης
790 2451 1069 2526 συνέδησε,
1119 2453 1205 2508 καὶ
1266 2467 1516 2510 τοσοῦτον
1572 2451 1827 2520 ἀλληλοις

168 2550 236 2621 τῇ
265 2551 362 2600 τοῦ
403 2545 722 2620 πνεύματος
781 2547 986 2621 στοργῇ
1040 2542 1461 2619 σδνεκράθησαν,
1516 2545 1589 2606 ὡς
1635 2543 1826 2600 ἑκάτε-

175 2655 262 2712 ρον
302 2634 484 2691 αὖτῶν
524 2635 584 2690 ἓν
643 2633 711 2701 τῆ
761 2640 856 2689 τοῦ
897 2631 1076 2711 ἑτέρου
1125 2635 1334 2688 κεῖσθαι
1365 2637 1544 2712 ψυχῖι,
1580 2633 1663 2689 καὶ
1692 2632 1826 2711 οἵπερ

176 2723 236 2778 ἃν
289 2721 478 2801 ἅτερος
526 2727 706 2782 αὖτῶν
764 2723 1006 2800 φρονοίη,
1067 2728 1230 2778 ταῦτα
1287 2721 1375 2777 καὶ
1435 2723 1636 2799 θατέρῳ
1692 2723 1828 2779 κατὰ

178 2811 397 2889 γνώμην
454 2815 633 2870 εἶναι.
669 2812 849 2877 Οὕτως
897 2810 985 2868 οὖν
1044 2809 1300 2880 ἀλλήλοις
1333 2807 1534 2890 ἀδελφὰ
1565 2813 1826 2890 φρονοῦν-

180 2923 285 2981 τες,
337 2901 423 2958 ἒπὶ
499 2902 608 2969 τὴν
663 2902 867 2978 ’ἔρημον
947 2907 1040 2959 τοῦ
1100 2898 1330 2958 Κουτιλᾶ
1385 2901 1504 2957 κατ’
1563 2901 1822 2973 ἐνιαυτὸν,

181 2989 371 3068 δγδόην
413 2991 560 3067 μετὰ
592 2990 658 3047 τὰ
699 2997 862 3046 Φωτα
895 2988 1170 3070 διεφοίτων
1199 2987 1401 3066 ἡμέραν
1434 3004 1450 3019 ⁸
1510 2989 1687 3057 πάσης
1730 2990 1826 3065 μὲν

183 3081 508 3158 ἀνθρωπίνης
601 3081 954 3162 χωριζόμενοι
1014 3076 1317 3157 συναυλίας,
1385 3081 1502 3153 Θεῷ
1561 3079 1618 3136 δὲ
1679 3083 1828 3155 μόνῳ

187 3168 265 3226 διὰ
318 3171 634 3252 προσευχῆς
693 3169 1088 3248 συγγινόμενοι.
1144 3170 1242 3226 Καὶ
1291 3168 1464 3225 πάντα
1507 3171 1600 3226 τὸν
1631 3170 1826 3246 μεταξὺ

195 3260 376 3338 χρόνον
433 3261 520 3318 ἐπὶ
585 3266 683 3327 τῆς
743 3259 966 3339 ἓρημίας
1018 3259 1496 3338 ἀναστρεφόμενοι,
1551 3257 1652 3323 ἕως
1685 3259 1747 3316 ἂν
1790 3262 1824 3330 ἢ

201 3354 300 3403 τῶν
350 3352 520 3407 Baio»:
586 3350 744 3427 ἐορτή
814 3349 1086 3414 ἐπισταίη.
1149 3355 1454 3414 Τηνικαῡτα
1493 3348 1592 3426 γὰρ
1637 3350 1710 3413 εἷς
1765 3353 1824 3406 τὸ

204 3435 402 3495 κιλλίον
455 3441 703 3518 ἑκάτερος
763 3439 1090 3515 ἐπανῄεσαν,
1124 3439 1326 3518 συχνὸν
1357 3438 1682 3515 ἐπαγόμενοι
1734 3442 1825 3496 τὸν

200 3525 412 3585 πλοῦτον
463 3535 565 3598 τῆς
645 3531 863 3608 ἀρετῆς,
927 3529 985 3584 ὃν
1039 3527 1324 3585 ἀναστάντι
1385 3535 1596 3604 Χριστῷ
1651 3552 1822 3605 προσ-

195 3617 349 3674 οίσειν
387 3618 644 3695 ἔμελλον,
675 3618 862 3693 πολλῷ
914 3625 1008 3675 τοῦ
1050 3627 1250 3698 χρυσοῦ
1291 3617 1634 3696 τιμιώτερον,
1695 3618 1824 3699 ὅπερ

192 3708 327 3781 αὐτῷ
403 3714 653 3792 τεχθέντι
745 3710 908 3788 μάγοι
975 3707 1378 3788 προσήνεγκαν.
1455 3707 1822 3768 Ἐπλεοιέκτει

193 3797 365 3872 μέντοι
420 3807 488 3878 τῇ
549 3807 658 3857 τῶν
715 3800 858 3869 ἠθῶν
915 3800 1274 3880 χρηστότητι,
1336 3801 1424 3856 καὶ
1465 3807 1532 3876 τῇ
1562 3804 1666 3857 τῶν
1696 3804 1824 3881 τρό-

196 3910 300 3944 πων
342 3889 638 3964 ἁπλότητι,
698 3891 786 3946 καὶ
839 3895 907 3966 τῇ
965 3894 1064 3956 τῆς
1123 3891 1610 3970 ταπεινοφροσύνης
1657 3893 1825 3970 ὑπερ-

194 3975 346 4056 ϐολῇ,
406 3981 667 4056 Εύθύμιος
725 3982 752 4036 ὁ
807 3981 1000 4058 μέγας,
1065 3980 1149 4036 καὶ
1192 3977 1277 4035 διὰ
1333 3988 1490 4037 τοῦτο
1537 3980 1727 4047 ηὔξανέ
1769 4004 1826 4038 τε

191 4069 302 4125 καθ’
363 4071 599 4137 ἑκάστην
642 4071 784 4144 αὗτῴ
835 4071 870 4138 ἡ
927 4071 1059 4148 πρὸς
1117 4071 1248 4126 Θεὸν
1291 4069 1579 4149 παῤῥησία,
1627 4074 1711 4128 καὶ
1741 4071 1828 4129 δα-

188 4157 495 4238 ψιλεστὲραν
529 4159 837 4226 ἐξεκαλεῖτο
859 4159 955 4226 τὴν
987 4160 1150 4239 χάριν
1180 4165 1274 4216 τοῦ
1308 4161 1636 4233 Πνεύματος.

1909 1736 2186 1814 piciens;
2249 1737 2354 1798 sed
2413 1738 2590 1800 etiam
2645 1741 2832 1802 Deum
2887 1740 3136 1814 coleret,
3172 1739 3303 1820 ipse
3359 1735 3551 1817 potius

1906 1826 2040 1888 aliis
2074 1844 2287 1890 manus
2317 1828 2532 1892 factus.
2568 1828 2656 1892 Ab
2706 1829 2871 1890 omni
2923 1838 3122 1890 autem
3174 1847 3315 1892 cura
3349 1844 3552 1888 rerum

1908 1917 2282 1979 terrestrium
2319 1937 2451 1979 cum
2513 1919 2780 1981 animum
2843 1919 3182 1998 liberasset,
3217 1923 3454 2001 penitus
3485 1935 3551 1979 se

1909 2005 2244 2068 futurorum
2277 2005 2575 2071 bonorum
2608 2010 2739 2089 spei
2771 2009 3091 2072 submittit.

1987 2096 2082 2160 ΧΙ.
2114 2095 2252 2157 Erat
2275 2106 2475 2158 autem
2509 2099 2750 2180 quidam
2785 2102 2941 2162 inter
2985 2101 3119 2180 ejus
3150 2098 3401 2178 vicinos,
3441 2117 3554 2159 no-

1908 2187 2071 2249 mine
2099 2185 2482 2250 Theoctistus
2537 2189 2691 2269 (t7),
2752 2190 2854 2270 qui
2906 2189 3180 2251 eamdem
3239 2206 3414 2270 quam
3450 2186 3555 2249 ille

1908 2277 2093 2339 vitam
2123 2277 2470 2353 exercebat,
2503 2278 2794 2360 idemque
2816 2279 3170 2360 capessebat
3192 2279 3550 2341 institutum.

1909 2367 2095 2428 Amor
2124 2367 2325 2448 itaque
2357 2387 2560 2430 rerum
2594 2369 2904 2446 similium,
2940 2377 2998 2432 et
3047 2369 3320 2432 laborum
3353 2367 3554 2430 socie-

1915 2467 2024 2530 tas,
2056 2457 2134 2519 ita
2167 2477 2271 2520 eos
2300 2459 2538 2520 vinculo
2584 2459 2898 2520 cburitatis
2929 2459 3250 2538 colligavit,
3285 2457 3556 2538 adeoque

1909 2555 2046 2608 sunt
2078 2547 2236 2610 inter
2266 2566 2331 2609 se
2385 2549 2859 2628 contemperanti
2912 2548 3237 2611 dilectione
3285 2547 3554 2628 spiritus,

1909 2644 1974 2698 ut
2005 2649 2265 2719 uterque
2297 2657 2503 2702 eorum
2551 2639 2612 2699 in
2657 2639 2905 2701 alterius
2934 2639 3137 2700 anima
3167 2643 3550 2713 consisteret,

1912 2733 1969 2788 et
2000 2745 2132 2808 quae
2161 2728 2319 2790 alter
2349 2746 2560 2792 eorum
2595 2728 2870 2805 sentiret,
2909 2746 2979 2792 ea
3010 2728 3187 2790 etiam
3220 2727 3389 2790 alteri
3421 2729 3553 2807 pla-

1911 2826 2140 2881 cerent.
2178 2817 2323 2881 Cum
2385 2836 2526 2896 ergo
2571 2825 2731 2881 esset
2787 2826 2907 2880 tam
2937 2818 3238 2880 fraternus
3265 2817 3422 2880 inter
3451 2835 3556 2879 eos

1911 2924 2266 2979 consensus,
2302 2907 2362 2968 in
2417 2907 2627 2970 Cutilaa
2662 2909 2786 2988 (18)
2817 2907 3201 2970 solitudinem
3235 2907 3556 2987 quotannis

1915 2997 2471 3076 proﬁciscebantur,
2529 3006 2736 3060 octavo
2789 2997 2887 3058 die
2937 3006 3072 3077 post
3101 2996 3313 3059 festum
3348 2995 3554 3058 Lumi~

1914 3089 2344 3167 num,separati
2378 3087 2618 3168 quidem
2651 3087 2725 3149 ab
2758 3088 2923 3152 omni
2947 3089 3210 3148 humano
3241 3085 3556 3148 contuber-

1913 3176 2039 3249 nio,
2076 3195 2207 3236 cum
2243 3176 2364 3237 Deo
2398 3186 2595 3239 autem
2634 3177 2762 3239 solo
2786 3187 3090 3238 versantes
3118 3195 3225 3256 per
3257 3175 3555 3254 precatio-

1911 3283 2047 3325 nem
2076 3287 2090 3345 ;
2125 3275 2183 3326 et
2215 3274 2403 3328 totum
2442 3276 2701 3347 tempus,
2737 3267 2895 3343 quod
2921 3265 3555 3338 intercedebat,trans-

1911 3355 2142 3433 igentes
2171 3357 2230 3415 in
2285 3356 2636 3432 solitudine,
2675 3356 2867 3417 donec
2899 3355 3239 3418 advenisset
3268 3354 3399 3416 dies
3432 3356 3554 3415 fes-

1909 3451 2002 3503 tus
2035 3443 2392 3506 Palmarum.
2429 3447 2594 3507 Tunc
2652 3446 2812 3508 enim
2863 3455 3115 3526 uterque
3145 3443 3556 3505 revertebatur

1908 3533 1965 3594 in
2017 3534 2253 3609 cellam,
2313 3536 2704 3615 importantes
2763 3555 3014 3597 censum
3079 3534 3312 3596 virtutis
3341 3535 3552 3612 copio-

1908 3641 2065 3698 sum,
2104 3643 2282 3705 quem
2315 3624 2569 3688 oblatnri
2605 3634 2773 3686 erant
2799 3626 3033 3690 Christo
3067 3623 3551 3702 resurgenti,au-

1907 3731 1974 3775 ro
2007 3733 2077 3775 eo
2104 3713 2280 3792 longe
2335 3714 2778 3792 pretiosiorem,
2845 3713 3006 3793 quod
3060 3715 3114 3777 ei
3150 3721 3285 3775 nato
3312 3712 3550 3775 obtule-

1909 3812 2048 3864 runt
2099 3802 2275 3882 Magi.
2313 3802 2494 3864 Porro
2545 3821 2776 3864 morum
2813 3817 2872 3866 et
2902 3804 3276 3882 benignitate
3306 3813 3366 3864 et
3401 3803 3552 3864 sim-

1911 3893 2179 3974 plicitate
2233 3912 2483 3972 magnus
2539 3894 2864 3954 excellebat
2902 3894 3281 3973 Euthymius,
3319 3911 3556 3954 necnon

1911 3982 2268 4044 humilitatis
2299 3983 2530 4060 fastigio
2559 4033 2574 4064 ,
2609 3992 2782 4064 atque
2811 3984 2946 4045 ideo
2974 3984 3034 4044 in
3069 3984 3198 4045 dies
3232 3982 3285 4044 ei
3317 4001 3549 4045 accres-

1911 4071 2082 4133 cebat
2135 4071 2357 4132 ﬁducia
2409 4090 2546 4150 erga
2595 4072 2806 4148 Deum,
2871 4081 2930 4136 et
2987 4073 3242 4152 gratiam
3295 4072 3553 4152 Spiritus

1908 4161 2411 4223 abundantiorem
2437 4161 2745 4226 evocabat.

260 4248 371 4312 ιβ’,
406 4250 661 4322 Πέμπτον
689 4249 744 4305 δὲ
775 4249 973 4329 χρόνον
1005 4251 1080 4314 εἰς
1108 4250 1289 4326 Φαρὰν
1348 4247 1648 4328 διατρίψας,
1709 4254 1819 4309 ἁπ-

1984 4251 2264 4315 Xll.Post
2283 4270 2471 4314 annos
2496 4260 2693 4314 autem
2716 4253 2982 4334 quinque
3005 4253 3065 4316 in
3090 4253 3324 4315 Pharan
3349 4263 3549 4314 trans-

187 4335 310 4414 αίρει
364 4340 616 4398 κάκεῖθεν
693 4338 804 4412 ἅμα
865 4339 1191 4414 Θεοκτίστῳ,
1253 4337 1374 4396 κατ’
1432 4342 1588 4398 αὐτὸν
1660 4339 1832 4410 δήπου

1917 4342 2279 4419 actos,illinc
2311 4343 2539 4404 recedit
2576 4342 2694 4422 (19)
2727 4361 2858 4404 cum
2892 4343 3554 4418 Theoctisto,consueto

1492 4505 1746 4573 VARUE
1797 4508 2117 4576 LECTION
2126 4513 2236 4575 ES.

265 4676 291 4717 “
312 4674 388 4739 al.
421 4677 651 4758 ἀϐαρὴς.
740 4678 752 4713 ¹
783 4697 858 4740 an
891 4677 950 4734 ἐκ
978 4676 1010 4737 ?

1397 4783 1619 4848 JOAN.
1660 4784 2034 4852 BOLLANDI
2076 4785 2328 4852 NOTAE.

255 4947 653 5026 (i5)AMeminit
684 4953 859 5026 hujus
889 4953 1062 5026 laurae
1107 4953 1316 5026 iterum
1353 4953 1605 5024 Cyrillus
1639 4969 1696 5012 ιι.
1743 4955 1829 5021 12,

194 5017 278 5083 it,
306 5017 408 5098 119
439 5033 494 5082 et
523 5026 655 5098 154.
680 5017 934 5098 Joannes
968 5025 1236 5098 Moschus
1266 5027 1323 5083 in
1358 5017 1538 5083 P'ralo
1555 5017 1835 5098 spirituali

196 5100 312 5160 cap.
344 5093 430 5170 to,
464 5099 554 5164 tt,
596 5097 665 5154 42
717 5108 769 5153 et
806 5097 946 5170 139,,
967 5097 1387 5170 nonnullorum
1444 5093 1616 5170 huju's
1651 5097 1833 5170 lauraa

195 5167 594 5246 monachorum
628 5170 868 5226 virtutes
917 5169 1213 5225 describit.
1268 5169 1332 5226 In
1375 5185 1438 5225 ea
1470 5167 1594 5240 ipse
1633 5168 1830 5228 decem

197 5241 352 5290 annis
390 5241 548 5297 vixit.

260 5305 360 5377 (ίβ)
391 5307 599 5370 Versus
628 5312 933 5377 orientem,
963 5312 1053 5368 via
1089 5311 1554 5368 Hierichuntina.

260 5375 364 5454 (t7)
393 5379 471 5438 De
500 5383 560 5442 S.
604 5375 934 5454 Theoctisto
967 5397 1211 5453 agemus
1242 5381 1277 5438 3
1303 5381 1660 5454 Septembris
1685 5382 1830 5441 Obi-

199 5448 443 5527 ltls‘gjus
465 5453 817 5512 describitur
850 5448 1162 5527 intra'cap.
1199 5455 1285 5527 17_.

203 5516 361 5598 ς(¹⁸)
421 5524 781 5598 Ῑιίροωθηιιε
857 5535 913 5584 et
974 5516 1180 5598 Sui-ius
1233 5523 1454 5589 Catilae.
1521 5524 1668 5598 intra
1733 5534 1822 5583 ta-

197 5595 315 5645 men
366 5595 526 5657 naui.
587 5597 661 5656 94
724 5598 897 5655 etiam
959 5596 1199 5656 Cutilam
1286 5605 1516 5668 vocant,
1565 5597 1820 5656 Joannes

1914 4955 2190 5039 Moschus,
2247 4955 2307 5018 in
2351 4959 2550 5039 ﬁP-ra/o
2607 4959 2928 5039 spirituali
2984 4976 3116 5039 cap.
3153 4958 3253 5036 53,
3293 4958 3548 5036 Κοθυλὰν,

1913 5037 2013 5096 ubi
2052 5037 2291 5094 vertitur
2326 5037 2653 5102 Tuthelam}
2706 5054 2822 5110 quo
2872 5041 3024 5096 circa
3062 5037 3233 5097 'mare
3264 5040 3551 5096 Mortuum

1913 5123 2090 5165 senex
2124 5123 2154 5164 θ
2209 5112 2563 5167 monasterio
2616 5110 2670 5164 S.
2723 5111 2886 5168 Saba:
2919 5111 3290 5168 descendisse
3318 5111 3550 5167 dicitur.

1911 5179 1977 5236 In
2016 5180 2137 5236 Vita
2197 5182 2254 5238 S.
2324 5181 2628 5236 Theodosii
2700 5183 3120 5239 cwnobiarchte
3187 5183 3247 5237 11
3290 5183 3552 5240 Januarii

1912 5269 2082 5336 num.
2108 5251 2209 5322 26,
2258 5252 2495 5336 Raetiis”:
2526 5251 2745 5315 Gutilla
2775 5254 3060 5336 vertitur;
3098 5255 3256 5336 unde
3287 5254 3358 5314 ad
3393 5252 3554 5333 ripas

1911 5331 2076 5404 lacus
2134 5331 2523 5404 Aspbaltidis,
2573 5348 2674 5390 seu
2735 5334 2912 5391 maris
2981 5331 3206 5400 Mdrtui,
3275 5331 3548 5404 pervasit.

1912 5402 2058 5460 Infra
2123 5417 2284 5483 num.
2331 5403 2403 5460 94
2440 5402 2741 5461 solitudini
2789 5406 2986 5464 Ruban
3049 5402 3448 5483 coniungitur,
3484 5407 3555 5462 de

1907 5489 2019 5547 qua
2044 5489 2162 5547 cap
2221 5475 2256 5532 5

1980 5519 2382 5615 ᾗόῖᾌυῗέιι.
2421 5546 2546 5602 ιιι.
