3972 6130
426 307 543 376 607
1710 312 1991 376 MENSIS
2042 310 2494 376 JANUARIUS.
3661 314 3766 380 608

427 448 518 509 eis
577 464 857 510 secessus
918 457 1238 530 tempore:
1303 455 1360 508 et
1409 464 1519 529 per
1549 446 1936 510 solitudinem
1991 444 2062 506 ad

2162 447 2243 504 τὸν
2299 449 2594 526 εἰθισμένον
2649 454 2750 518 τῆς
2796 449 3202 530 ἀναχωρήσεως
3258 451 3438 517 αὒτοτς
3463 451 3659 529 καιρόνο
3688 475 3747 510 κα

429 544 762 600 torrentem
822 525 1139 620 quemdam
1202 525 1569 619 praecipitem
1601 555 1670 599 ac
1703 536 2066 616 profundum

2162 560 2267 596 τινα
2323 539 2407 596 διὰ
2439 525 2564 608 Ϋτῆς
2621 540 2824 619 ὲρῆειιου
2881 525 3172 620 ίείμαῤῥον
3229 539 3517 620 κρημνώδη
3555 525 3766 620 καὶβαοί

428 627 1092 708 accedentes,magnam
1122 628 1472 708 speluncam
1510 627 1823 689 offendunt
1856 626 1927 688 ad
1955 626 2069 688 bo-

2162 633 2240 686 i‘ov
2272 636 2310 665 ⁸³
2341 632 2646 706 παριόντες,
2709 629 3179 706 καταλαμϐάνουσί
3220 654 3268 688 τι
3325 631 3586 701 σπήλαιον
3644 634 3763 712 μέγα

430 717 596 779 reale
657 719 941 780 torrentis
1003 718 1423 798 praecipitium,
1459 717 1621 780 velut
1655 717 1826 778 tracti
1857 735 1888 778 a
1919 734 2072 797 qua-

432 807 566 868 dam
629 826 807 869 manu
867 807 1236 870 deducente.
1313 807 1439 880 Qua
1518 807 1594 869 de
1654 825 1832 870 causa
1891 805 2070 868 laetati

430 896 673 969 animis,
709 906 766 957 et
791 898 899 958 rati
938 916 1053 958 non
1087 898 1201 960 hoc
1237 898 1322 958 eis
1353 906 1660 959 ostensum
1707 896 1937 977 absque
1969 894 2075 957 Dei

430 986 704 1066 numine,
729 986 853 1048 illic
886 1005 1052 1048 suam
1089 986 1316 1048 faciunt
1349 986 2068 1068 habitationem.Quiqui-

429 1076 566 1136 dem
600 1076 768 1138 locus
797 1096 934 1138 cum
975 1086 1134 1138 esset
1159 1077 1324 1158 prius
1357 1077 1618 1139 ferarum
1653 1077 2075 1156 relugium,sa-

430 1184 596 1227 crum
633 1167 922 1247 templum
960 1177 1170 1248 postea
1202 1167 1388 1229 evasit
1421 1176 1478 1229 et
1509 1167 1858 1246 angi-lorum
1894 1166 2071 1228 habi-

427 1255 907 1336 taculumJgitur
930 1256 1030 1318 diu
1056 1258 1363 1320 latuerunt
1385 1258 1441 1317 in
1465 1259 1897 1339 spelunca,nec
1920 1257 2076 1319 ullus

428 1345 500 1406 ad
531 1364 634 1407 eos
665 1347 1015 1418 accedebat,
1050 1349 1142 1410 vel
1173 1348 1396 1428 aliquid
1433 1367 1465 1409 e
1496 1347 1682 1410 rebus
1713 1346 2076 1409 necessariis

431 1434 915 1514 impertiebatur,
948 1438 1052 1499 sed
1089 1437 1542 1518 solis,quzeillic
1569 1438 1798 1500 adnatae
1817 1438 2071 1511 fuerant,

434 1524 660 1599 herbis,
693 1536 758 1588 ut
791 1526 1028 1598 licebat,
1063 1526 1401 1588 alebantur.
1436 1528 1726 1590 Caeterum
1762 1528 1908 1602 Deo,
1947 1545 2078 1587 mea

436 1614 679 1694 quidem
717 1617 1041 1690 sententia,
1074 1635 1192 1677 non
1225 1616 1480 1698 amplius
1532 1617 1869 1678 sustinente
1896 1615 2079 1679 celari

2157 721 2289 796 πρὸς
2346 721 2422 794 τῷ
2481 723 2705 797 βορεινῷ
2765 729 2854 779 τοῦ
2911 719 3207 801 χειμάῤῥου
3255 724 3502 799 κρημνῷ,
3559 724 3762 802 καθάπερ

2155 811 2256 866 ὑπό
2313 831 2458 872 τινος
2518 809 2816 888 ὁδηγούσης
2875 811 3061 891 χειρὸς
3135 809 3440 874 ἑλκόμενοι.
3522 803 3766 876 Ἡσθὲντες

2156 899 2245 955 οὖν
2295 898 2382 956 ἐπ’
2440 902 2580 974 αὒτῷ
2627 901 2722 965 τὰς
2781 901 2984 980 ψυχὰς,
3033 901 3120 956 καὶ
3165 902 3259 956 οὒκ
3305 900 3447 957 ἀθεεὶ
3477 906 3626 956 τοῦτο
3653 903 3765 958 ὓπο-

2157 987 2438 1068 δειχθῆναι
2493 990 2679 1052 αὺτοῖς
2739 990 3075 1064 νομίσαντες,
3129 989 3336 1046 ἐκεϊσαι
3396 993 3766 1063 ποιοῦνταιτὴν

2158 1085 2454 1142 κατοικίαν,
2493 1079 2677 1158 ’Ὅπερ
2723 1079 2821 1150 ἄρα
2874 1081 3072 1157 θηρίων
3120 1080 3404 1158 καταφυγὴ
3436 1081 3678 1156 πρότερον
3703 1083 3767 1156 ὃν,

2158 1170 2282 1233 ναὸς
2309 1170 2448 1244 ἱερὸς
2480 1167 2697 1246 γέγονεν
2746 1169 2968 1247 ὕστερον
3018 1169 3106 1224 καὶ
3167 1168 3417 1245 ἀγγέλων
3464 1183 3491 1212 ιι
3543 1191 3771 1236 κατοικη-

2158 1258 2363 1335 τήριον.
2412 1257 2731 1316 Ἐλάνθανον
2791 1260 2889 1333 μὲν
2944 1257 3036 1314 οὖν
3093 1257 3149 1312 ἐν
3188 1261 3265 1331 τῷ
3324 1257 3575 1332 σπηλαίῳ
3639 1259 3771 1339 μέχρι

2159 1347 2387 1420 πολλοῦ,
2449 1349 2535 1404 καὶ
2584 1347 2746 1413 οὗδὲἲς
2811 1351 2836 1404 ὁ
2892 1345 3249 1424 παραϐάλλων
3309 1349 3493 1412 αὖτοϊς
3550 1352 3637 1428 ἦν,
3676 1349 3771 1405 οὗτε

2161 1438 2304 1502 τινὸς
2362 1444 2468 1493 τῶν
2517 1439 2648 1514 πρὸς
2708 1439 2897 1517 χρείαν
2947 1436 3086 1501 ὅλως
3121 1438 3421 1508 κοινωνῶν,
3456 1436 3589 1492 ἀλλὰ
3615 1460 3772 1512 pom:

2161 1541 2284 1590 ταῖς
2333 1529 2788 1608 παραπεφυκυίαις
2851 1529 2992 1600 αὖτῷ
3050 1527 3325 1604 βοτάναις,
3399 1528 3472 1589 ὡς
3530 1527 3773 1606 ἐγχωροῦν

2160 1618 2251 1694 ἦν,
2313 1616 2614 1696 ἐτρέφοντο.
2681 1618 3005 1692 Κρύπτεσθαι
3079 1617 3135 1672 δὲ
3191 1617 3292 1682 τὴν
3347 1615 3559 1671 ἐκείνων
3612 1617 3775 1694 ἀρετὴν

430 1721 638 1764 eorum
668 1704 945 1766 virtutem
983 1705 1309 1786 (quomodo
1344 1707 1502 1768 enim
1533 1705 1558 1768 ‘?
1589 1706 2074 1787 quandoquidem

2163 1704 2441 1776 ἐπιπλέον,
2481 1706 2663 1784 οἶμαι,
2698 1713 2791 1761 τοῦ
2825 1712 2954 1762 Θεοῦ
2984 1706 3061 1780 μὴ
3095 1705 3482 1782 ἀνασχομένω
3517 1703 3646 1782 (πῶς
3671 1707 3776 1783 γᾶρ;

433 1812 544 1854 nec
564 1794 722 1854 horti
749 1795 958 1866 clausi,
986 1814 1097 1857 nec
1121 1795 1301 1856 fontis
1323 1797 1642 1872 signati,ad
1679 1797 1896 1857 multos
1925 1795 2074 1856 redit

2164 1794 2244 1851 ὅτι
2307 1794 2441 1868 μηδὲ
2491 1794 2876 1869 -κεκλεισμένου
2931 1797 3132 1868 κήπου),
3167 1794 3308 1868 μηδὲ
3336 1794 3518 1870 πηγῆς
3551 1794 3777 1872 ἐσοραγι-

433 1883 708 1962 utilitas),
743 1885 847 1945 sed
884 1885 1119 1947 volente
1148 1887 1346 1964 potius
1377 1904 1480 1946 eos
1505 1885 1639 1947 aliis
1670 1904 1912 1966 quoque
1941 1903 2074 1946 esse

2162 1883 2390 1961 σμένης,
2441 1882 2521 1940 ἐπὶ
2577 1883 2810 1946 πολλοὺς
2861 1886 2892 1951 ἡ
2955 1882 3240 1961 ὠ-οέλεια),
3307 1884 3449 1938 ἀλλᾶ
3490 1883 3780 1958 βουλομένου

432 1991 678 2034 causam
711 1974 924 2035 salutis
983 1975 1421 2055 copiosumque
1475 1983 1533 2036 et
1565 1981 1904 2035 communis
1936 1993 2076 2034 usus

441 2061 690 2138 bonum,
727 2063 1071 2143 hujusmodi
1103 2083 1202 2127 res
1243 2070 1406 2127 circa
1445 2083 1549 2126 eos
1577 2081 1646 2126 ex
1679 2063 2076 2126 Providentiae

433 2152 887 2226 dispensatione
916 2155 1158 2216 accidit.

516 2242 930 2316 XllI.Quidam
955 2263 1024 2306 ex
1049 2243 1507 2323 Lazarii(20-Ql)
1535 2244 1876 2326 pastoribus
1895 2244 2076 2305 addu-

431 2345 573 2392 cunt
589 2335 897 2407 aliquando
913 2352 1046 2393 oves
1061 2337 1462 2394 adtorrentem
1479 2339 1766 2399 .etobtutu
1781 2337 1834 2393 in
1855 2338 2078 2407 spelun-

429 2439 559 2482 cam
585 2421 1090 2497 immisso,vident
1110 2441 1212 2484 eos
1237 2422 1626 2485 imminentes
1650 2423 2078 2504 capiti;repen-

430 2511 556 2572 tino
580 2519 778 2573 autem
805 2521 861 2573 et
880 2511 1123 2574 insolito
1149 2512 1364 2574 turbati
1390 2513 1810 2593 spectaculo,ii
1833 2513 2073 2593 quidem

431 2603 701 2680 protinus
733 2602 792 2662 in
825 2603 1018 2681 fugam
1053 2611 1278 2683 quanta
1314 2610 1588 2682 poterant
1614 2603 1832 2683 pedum
1856 2602 2077 2664 celeri-

433 2703 546 2750 tate
573 2708 633 2749 se
657 2692 965 2754 dederunt;
992 2695 1072 2751 illi
1101 2711 1234 2752 vero
1259 2697 1524 2752 timorem
1549 2696 1634 2752 eis
1653 2694 2078 2765 appositissime

432 2776 772 2859 dementes,
805 2797 948 2840 voce
997 2798 1174 2858 quam
1210 2787 1528 2859 potuerunt
1558 2779 1990 2857 benignissima
2021 2788 2078 2840 et

431 2865 745 2927 lenissima
781 2885 795 2928 :
861 2867 948 2930 Ne
983 2868 1268 2943 timeatis,
1303 2887 1337 2929 o
1385 2868 1627 2946 fratres,
1663 2869 1964 2943 dixerunt,
2001 2888 2078 2930 ne

435 2955 880 3018 timeatis.Nam
907 2959 1018 3038 ipsi
1045 2977 1285 3038 quoque
1310 2957 1584 3020 homines
1603 2959 2076 3032 sumus,etiamsi

430 3056 676 3125 prepter
697 3055 942 3126 peccata
967 3056 1170 3108 nostra
1198 3057 1552 3127 praesentem
1581 3048 1777 3109 locum
1807 3048 2077 3111 habitare

2160 1971 2364 2048 μᾶλλον
2419 1974 2503 2029 καὶ
2566 1971 2754 2034 ἄλλοις
2808 1974 3074 2048 σωτηρίας
3137 1974 3327 2036 αὐτοὺς
3383 1973 3619 2051 γενέσθαι
3671 1974 3777 2048 πρό-

2326 2112 2341 2144 ,
2388 2066 2474 2120 καὶ
2523 2063 2745 2143 ἄφθονόν
2790 2085 2838 2118 τι
2875 2064 2959 2119 καὶ
2991 2061 3318 2143 κοινωφελὲς
3378 2064 3594 2140 ἂγαθὸν,
3653 2066 3775 2120 οἱκο-

2161 2168 2409 2228 νομεϊται
2438 2175 2488 2208 τι
2521 2152 2762 2210 τοιοῦτον
2793 2153 2912 2231 περὶ
2944 2153 3132 2215 αὐτούς
3169 2167 3184 2182 ⁶

2245 2243 2352 2302 il".
2403 2243 2734 2321 Προσάγουσί
2776 2263 2916 2305 τινες
2963 2248 3070 2298 τῶν
3113 2249 3203 2299 τοῦ
3249 2243 3513 2319 Λαςαρίου
3543 2242 3780 2317 ποιμένων

2161 2339 2226 2391 τὰ
2267 2331 2508 2411 πρόϐατά
2551 2354 2682 2390 ποτε
2727 2339 2804 2404 τῷ
2862 2332 3162 2412 χειμάρρῳ,
3210 2333 3301 2387 καὶ
3364 2333 3498 2411 πρὸς
3543 2333 3601 2388 τὸ
3651 2333 3777 2400 σπή-

2160 2423 2311 2480 λαιον
2357 2420 2703 2486 ἐπιϐαλόντες
2767 2423 2827 2477 τὸ
2882 2420 3123 2500 βλέμμα,
3191 2423 3389 2498 ὁρῶσιν
3450 2422 3633 2482 αὖτοὺς
3673 2421 3778 2498 ὑπὲρ

2160 2509 2425 2592 κεφαλῆς,
2486 2513 2573 2566 καὶ
2637 2516 2714 2582 τῷ
2773 2511 2946 2590 ἀθρόῳ
3001 2513 3088 2566 καὶ
3159 2511 3413 2581 ἀσυνήθει
3474 2511 3570 2578 τῆς
3623 2510 3777 2587 ὅψεως

2160 2600 2633 2679 διαταραχθέντες,
2667 2603 2716 2656 οἱ
2747 2600 2844 2673 μὲν
2877 2602 2913 2668 ἦ
2957 2599 3134 2658 ποδῶν
3181 2601 3350 2680 εἶχον
3383 2602 3529 2662 εὐθὺς
3559 2600 3773 2680 ἔφευγον,

2159 2691 2359 2746 ἐκεῖνοι
2404 2689 2458 2744 δὲ
2511 2689 2608 2756 τὴν
2673 2688 2868 2745 δειλίαν
2901 2691 3074 2748 αὖτῶν
3106 2689 3487 2764 ἐμμελέστατα
3518 2693 3774 2769 ἀφαιροῦν-

2158 2801 2270 2858 τες,
2318 2792 2583 2855 προσηνεῖ
2613 2781 2686 2841 ὡς
2721 2779 2886 2858 εἶχον
2931 2786 2999 2855 τῇ
3043 2784 3196 2857 φωνῇ
3226 2781 3316 2836 καὶ
3347 2780 3559 2857 ἡμέρῳ,
3595 2781 3676 2845 Μὴ
3702 2802 3775 2857 φοο

2157 2868 2361 2941 ϐεϊσθε,
2395 2867 2635 2947 ἀδελφοὶ,
2669 2869 2884 2946 ἔλεγον,
2918 2871 2994 2944 μὴ
3045 2867 3322 2949 φοϐεῖσθε.
3356 2869 3670 2948 ’Ἄνθρωποι
3695 2871 3774 2946 γὰρ

2158 2961 2246 3016 καὶ
2289 2961 2436 3017 αὐτοὶ
2464 2975 2514 3038 ο,
2545 2961 2588 3014 εἰ
2623 2960 2708 3014 καὶ
2751 2957 2835 3014 διὰ
2866 2959 2959 3022 τὰς
2992 2959 3251 3033 ἁμαρτίας
3300 2958 3487 3039 ἡμῶν,
3517 2961 3607 3016 τὸν
3658 2981 3772 3032 παρ-

2159 3049 2285 3105 όντα
2313 3048 2480 3104 τόπον
2524 3050 2695 3105 οἰκεῖν
2740 3048 3121 3125 προειλόμεθα.
3169 3049 3303 3106 Τότε
3358 3056 3487 3127 γοῦν
3518 3052 3563 3105 οἱ
3605 3048 3771 3123 ποιμέ-

2158 2085 2317 2141 φασιν

431 3137 1055 3199 constituimus.Tunc
1070 3155 1216 3217 ergo
1234 3147 1506 3218 pastores
1524 3137 1649 3199 ausi
1669 3138 1739 3198 ad
1755 3155 1858 3199 eos
1872 3156 2049 3198 ascen

2162 3159 2246 3202 νες
2286 3138 2382 3205 τὴν
2414 3141 2489 3200 ὡς
2535 3139 2724 3200 αὖτοὺς
2773 3137 3127 3216 θαρῥήσαντες
3167 3137 3380 3213 ἄνοδον,
3438 3141 3500 3197 τὸ
3542 3137 3774 3209 σπήλαιόν

431 3223 666 3300 dere,et
697 3227 953 3306 ingressi
977 3227 1541 3308 speluncam,quam
1571 3227 1683 3306 ipsi
1708 3226 2073 3302 incolebant,

431 3332 567 3376 cum
603 3316 755 3378 nihil
821 3318 1068 3379 omnino
1099 3318 1471 3379 invenissent
1521 3335 1729 3378 eorum
1783 3337 1914 3398 quae
1943 3326 2076 3378 sunt

429 3405 597 3466 utilia
625 3407 1126 3488 corpori,reversi
1151 3413 1292 3468 sunt
1313 3407 1481 3468 valde
1506 3407 1895 3488 admirantes,
1919 3408 2077 3469 suis-

429 3511 546 3574 que
560 3494 796 3574 singula
815 3504 1270 3559 enarraverunt.
1285 3496 1514 3558 Deinde
1533 3515 1650 3559 non
1666 3505 1979 3560 cessarunt
2000 3496 2077 3558 de

427 3597 627 3645 caetero
655 3591 856 3646 incolae
897 3591 1114 3648 Lazarii
1161 3591 1243 3648 eis
1296 3605 1421 3648 esse
1453 3605 1647 3647 rerum
1673 3593 2074 3648 necessarium

431 3673 712 3749 ministri;
748 3678 836 3737 sic
865 3675 988 3738 Deo
1021 3677 1133 3738 ista
1159 3677 1469 3757 sapienter
1502 3685 1560 3738 et
1591 3677 1926 3739 clementer
1948 3677 2075 3738 dis-

430 3773 824 3842 pensante,ut
846 3773 907 3827 et
927 3765 1042 3846 ipsi
1077 3785 1145 3828 ea
1170 3767 1461 3829 haberent
1484 3767 1705 3845 quibus
1728 3767 2078 3847 indigebant

430 3851 505 3912 ad
543 3858 715 3914 usum
757 3853 1117 3934 corporis,et
1145 3855 1220 3916 iis
1254 3856 1356 3936 qui
1387 3874 1457 3917 ea
1487 3856 1912 3934 largiebantur,
1947 3875 2071 3918 rem

429 3940 606 4018 longe
642 3945 1118 4021 praestantiorem
1155 3945 1515 4025 praeberent,
1553 3947 1803 4007 salutem
1835 3946 2071 4008 animae.

513 4030 817 4095 XIV.Cum
841 4042 1036 4094 autem
1062 4033 1138 4095 de
1165 4034 1240 4097 iis
1262 4053 1499 4118 quoque
1516 4036 1890 4116 quaasiissent
1918 4037 2075 4098 Pha-

431 4122 662 4202 ranitae,
697 4131 756 4183 et
810 4121 1165 4184 didicissent
1198 4123 1298 4186 ubi
1333 4124 1691 4196 habitarent,
1725 4124 1968 4187 assidue
1997 4125 2070 4186 ad

431 4229 534 4273 eos
559 4211 1046 4275 ventitabant.Ac
1071 4213 1330 4290 primum
1365 4214 1610 4295 quidem
1635 4213 1751 4274 duo
1775 4230 1848 4275 ex
1869 4214 2072 4276 fratri-

431 4299 545 4362 bus
567 4300 639 4361 ad
665 4317 771 4363 eos
789 4301 1338 4382 profecti,Marinus
1362 4314 1420 4365 et
1451 4303 1791 4373 Lucas,non
1817 4304 2074 4385 amplius

433 4390 654 4452 reverti
685 4390 1002 4452 voluerunt
1029 4410 1044 4466 ;
1076 4392 1180 4454 sed
1227 4411 1261 4454 a
1291 4393 1488 4454 verbis
1520 4412 1727 4454 eorum
1764 4404 1822 4455 et
1855 4394 2072 4456 virtute

2161 3251 2218 3284 τε
2277 3226 2600 3291 εἰσελθόντες
2661 3227 2791 3304 ὅπερ
2849 3227 3019 3301 ᾢκουν
3078 3229 3246 3308 αὖτοὶ,
3311 3230 3402 3285 καὶ
3462 3227 3625 3303 μηδὲν
3653 3223 3773 3302 μηδ-

2162 3318 2303 3381 όλως
2337 3325 2441 3373 τῶν
2473 3319 2760 3397 χρησίμων
2803 3325 2882 3391 τῷ
2926 3321 3135 3392 σώματι
3175 3319 3493 3397 εὑρηκότες,
3539 3318 3771 3396 ὑπέστρε-

2161 3408 2256 3486 φόν
2315 3430 2373 3463 τε
2436 3405 2633 3488 σφόδρα
2686 3409 3065 3482 θαυμάζοντες,
3116 3410 3205 3463 καὶ
3245 3423 3365 3473 τοῖς
3422 3407 3576 3473 ἰδίοις
3606 3407 3773 3464 ἕκαστα

2159 3497 2460 3577 διεσάφουν.
2512 3498 2648 3554 Εἶτα
2678 3499 2740 3552 τὸ
2784 3496 2928 3575 ὲΞής,
2977 3496 3036 3552 οὗ
3094 3494 3334 3553 διέλιπον
3401 3499 3449 3554 οἷ
3499 3500 3592 3554 τοῦ
3617 3503 3768 3566 Λαζα-

2159 3589 2268 3667 ρίου
2334 3586 2568 3644 διάκονοι
2653 3592 2759 3642 τῶν
2838 3586 3144 3665 ἀναγκαίων
3202 3586 3389 3651 αὖτοϊς
3476 3588 3766 3663 γινόμενοι·

2157 3677 2298 3735 οὕτω
2351 3683 2444 3733 τοῦ
2490 3682 2622 3732 Θεού
2665 3675 2830 3732 ταῦτα
2874 3681 3049 3754 σοφῶς
3100 3676 3185 3731 καὶ
3235 3674 3618 3756 φιλανθρώπως
3646 3676 3769 3731 οἶκο-

2160 3774 2473 3840 νομοῦντος,
2504 3765 2597 3822 ’ἱνα
2627 3767 2715 3821 καὶ
2752 3765 2898 3821 αὒτοὶ
2948 3769 3022 3821 ὧι
3080 3763 3288 3822 ἐδέοντο
3334 3769 3466 3842 πρὸς
3496 3766 3672 3844 χρείαν
3695 3767 3771 3817 τοῦ

2157 3856 2427 3930 σώματος,
2489 3854 2684 3934 ἔχωσι,
2745 3856 2832 3910 καὶ
2895 3867 3015 3919 τοῖς
3075 3865 3275 3911 τοὺτων
3334 3853 3678 3929 μεταδιδοῦσι,
3719 3852 3769 3906 τὸ

2156 3945 2343 4018 πολλῷ
2373 3958 2644 4022 κρεῖττον,
2680 3947 2948 4009 σωτηρίαν
2978 3944 3166 4022 ψυχῆς
3196 3944 3504 4023 παρέχωσι,

2236 4035 2353 4094 1Δ¹.
2389 4033 2729 4101 Ζητῆσαντες
2783 4031 2840 4088 δὲ
2890 4034 3010 4111 περὶ
3055 4034 3230 4089 αὐτῶν
3258 4035 3346 4089 καὶ
3390 4036 3438 4090 οἱ
3465 4039 3561 4100 τῆς
3589 4031 3763 4108 Φαρὰν,

2157 4126 2241 4181 καὶ
2301 4124 2560 4199 μαθόντες
2620 4123 2753 4179 ὅπου
2809 4120 3074 4202 διάγοιεν,
3126 4125 3376 4201 συνεχῶς
3424 4123 3544 4202 παρ’
3604 4119 3764 4182 αὖτοὺς

2157 4214 2404 4293 ἐφοίτων,
2445 4215 2542 4270 Καὶ
2596 4214 2781 4290 πρῶτα
2831 4212 2930 4288 μὲν
2975 4209 3066 4268 δύο
3125 4217 3230 4268 τῶν
3290 4211 3530 4293 ἀδελφῶν
3582 4215 3760 4280 αὐτοῖς,

2157 4311 2391 4381 Μαρϊνός
2447 4325 2504 4358 τε
2560 4303 2647 4358 καὶ
2695 4307 2928 4380 Λουκᾶς,
2987 4300 3395 4378 προσελθόντες,
3457 4302 3760 4376 ὑποστροφῆς

2155 4391 2318 4451 πάλιν
2363 4389 2611 4465 οὐδεμιᾶς
2669 4390 3038 4465 ἐμνήσθησαν,
3099 4389 3253 4447 Ἀλλ’
3317 4393 3420 4449 ὑπὸ
3471 4391 3571 4448 τῶν
3610 4387 3759 4462 λόγων

433 4481 611 4560 capti,
641 4491 926 4557 tanquam
956 4500 988 4543 a
1016 4481 1374 4562 quibusdam
1408 4501 1525 4544 non
1557 4482 1870 4544 fallacibus
1899 4483 2068 4547 Sire-

2162 4484 2329 4538 αὒτῶν
2383 4484 2471 4538 καὶ
2514 4486 2615 4547 τῆς
2675 4480 2890 4559 ἆρετῆς,
2952 4479 3133 4558 ὥσπερ
3175 4481 3276 4536 ὑπό
3333 4503 3490 4538 τινων
3551 4472 3754 4553 ἀψευδῶν

429 4568 632 4645 nibus,
668 4587 733 4631 se
765 4569 910 4650 ipsis
965 4572 1204 4632 tradunt
1257 4571 1418 4634 velut
1445 4572 1715 4654 patribus
1745 4581 1802 4633 et
1833 4579 2069 4634 anima-

429 4675 563 4719 rum
593 4664 1150 4730 curatoribus.Quos
1171 4666 1397 4737 supinis
1421 4666 1689 4723 manibus
1714 4680 1959 4737 magnus
1983 4682 2074 4724 ex-

433 4743 666 4823 cipiens
696 4743 1067 4826 Euthymius,
1102 4746 1160 4806 in
1207 4746 1371 4808 omni
1401 4747 1604 4809 erudit
1633 4747 1909 4811 asceticte
1939 4748 2076 4810 vitae

435 4831 776 4914 disciplina;
801 4834 952 4896 adeo
972 4834 1351 4916 praeclare,ut
1372 4835 1555 4898 iidem
1578 4837 1922 4900 consecutis
1945 4849 2079 4921 post

2154 4572 2416 4649 σειρήνων
2471 4569 2719 4645 ἁλόντες,
2779 4572 2852 4634 ὡς
2915 4571 3175 4647 πατράσιν
3234 4570 3421 4635 αὺτοῖς
3475 4570 3555 4626 καὶ
3592 4567 3747 4642 ψυχῶν

2155 4660 2518 4736 ἐπιμεληταῖς
2582 4661 2797 4726 ἑαυτοὺς
2851 4659 3232 4740 ἐγχειρίζουσιν
3270 4679 3284 4694 °
3333 4661 3420 4724 οὓς
3467 4660 3557 4717 καὶ
3597 4650 3744 4735 χερσὶν

2157 4753 2185 4806 ὁ
2230 4751 2394 4829 μέγας
2451 4750 2701 4825 Εὒθόμιος
2760 4750 2967 4816 ὑπτίαις
3011 4750 3420 4824 ὑποδεξάμενος,
3469 4755 3627 4805 πᾶσαν
3671 4745 3747 4797 ἒχ-

2160 4842 2395 4900 παιδεύει
2459 4840 2732 4899 πολιτείαν
2789 4843 3091 4912 ὰσκητικήν
3121 4858 3136 4872 ⁸
3197 4841 3337 4900 οὕτω
3397 4845 3585 4914 καλῶς,
3637 4835 3750 4891 ὥστε

1754 5031 2010 5099 νΑΒΙιΕ
2054 5034 2465 5102 LECTIONES

515 5214 551 5241 ¹¹²
581 5207 660 5273 al.
692 5212 930 5289 κρημνὸν
958 5212 1047 5269 καὶ
1087 5211 1240 5288 βαθύ,
1327 5223 1354 5255 ιι
1383 5209 1650 5291 intellige
1682 5212 1868 5290 ἁγίων.

1955 5226 1982 5255 °
2013 5212 2092 5276 al.
2125 5215 2313 5289 ἡμεῖς.

1654 5389 1862 5459 JOAN.
1905 5392 2279 5460 BOLLANDI
2321 5391 2567 5459 NOTAE.

510 5567 766 5657 (20-2li
781 5568 1268 5657 Meminithujus
1299 5570 1522 5635 Lazarii
1554 5573 1853 5637 Palladius
1880 5575 1942 5637 in
1992 5574 2253 5639 Historia
2283 5575 2568 5638 Lausiaca
2596 5594 2729 5657 cap.
2770 5575 2903 5641 l03.
2941 5575 3256 5640 Lazariotaa
3285 5573 3490 5638 incolas
3529 5568 3641 5648 ejus
3667 5561 3748 5623 di-

436 5652 644 5708 cuntur
673 5647 827 5708 infra
854 5666 1023 5710 num.
1059 5647 1196 5713 139'.
