3972 6130
171 281 283 353 609

1483 280 1666 347 VITA
1711 283 1770 344 S.
1820 276 2233 346 EUTHYMII.

3431 279 3552 347 610

166 427 248 482 καὶ
295 426 522 504 χρόνοις
585 424 802 500 ὕστερον
867 425 914 478 οἱ
947 421 1101 480 αὖτοΐ
1134 419 1232 477 κᾶν
1276 433 1392 481 τοῖς
1423 421 1540 498 περὶ
1571 420 1670 487 τὴν
1700 419 1814 475 κώ-

1909 417 2298 498 temporihus,
2336 420 2395 481 in
2431 416 2576 479 locis
2635 433 2767 496 qum
2819 420 2960 476 sunt
3002 413 3161 475 circa
3191 413 3386 478 vicum
3417 415 3546 479 lle-

168 538 274 590 μην
335 515 584 569 Msa-ama:
663 511 963 586 διέλαμψαν
1049 511 1257 589 τόποις,
1331 514 1424 565 καὶ
1489 511 1822 587 μονασῑήρια

166 605 601 680 συνεστήσαντο,
665 608 747 658 καὶ
794 601 1074 659 Θεοδόσιον
1132 603 1344 656 ἱκεῖνον
1387 602 1480 656 τὸν
1524 601 1716 676 μεγαν,
1765 600 1822 662 ὃς

168 700 269 750 τῶν
329 694 470 749 κατὰ
533 694 638 760 τὴν
696 691 896 769 ἔρημον
930 691 1236 767 ἐξηγήσατο
1275 687 1575 761 κοινοϐἷων,
1611 691 1681 749 εἷς
1719 712 1821 764 μο-

168 783 403 862 ναχικῆν
462 786 789 859 προήγαγον
851 780 1194 846 τελειότητα.
1279 785 1562 858 Πανταχοῦ
1621 779 1675 835 δὲ
1728 782 1824 845 τῆς

171 873 422 938 τοιαύτης
499 872 763 945 Εὖθυμίου
823 873 1013 951 φήμης
1092 871 1147 924 ὲν
1203 869 1368 946 ὀλίγῳ
1427 867 1824 944 διαϐαινούσης,

165 961 354 1018 πολλοὶ
401 967 545 1032 πρὸς
625 963 783 1017 αὖτον
853 961 1034 1038 ὥσπερ
1077 959 1178 1015 ὑπό
1223 979 1366 1020 τινος
1425 958 1600 1033 ὀσμῆς
1662 959 1826 1036 μύρου

168 1050 520 1126 κεκινημένοι
616 1053 733 1107 καθ’
821 1051 1054 1116 ἑκάστην
1115 1047 1409 1128 συνέῤῥεον,
1469 1050 1556 1105 καὶ
1626 1050 1824 1106 τούτων

168 1141 386 1204 ἕκαστος
436 1145 596 1216 αὖτῷ
638 1153 908 1198 συνοικεῖν
968 1137 1163 1214 ἐδεῖτο,
1211 1141 1298 1195 καὶ
1353 1138 1446 1195 ὑπ’
1490 1139 1632 1212 αὒτῴ
1689 1142 1821 1195 καθ-

170 1237 392 1308 ηγεμόνι
457 1237 591 1307 ζῇν,
660 1233 745 1288 καὶ
799 1232 1129 1309 ῥυθμίζεσθαι
1188 1251 1284 1295 την
1345 1229 1555 1308 ψυχὴν,
1619 1231 1706 1284 καὶ
1758 1231 1824 1284 τὰ

168 1324 505 1393 πνευματικὰ
593 1319 1018 1382 ἐκπαιδεύεσθαι.
1095 1318 1246 1376 Ἀλλ’
1306 1321 1511 1384 ἐκεῖνος
1575 1318 1822 1398 ἁκὲραιόν

169 1431 220 1466 τε
277 1410 371 1466 καί
437 1411 679 1490 ἄκρατον
722 1413 785 1467 τὸ
829 1411 928 1479 τῆς
973 1412 1202 1488 ἡσυχίας
1249 1408 1398 1489 ἔχειν
1429 1409 1593 1466 καλὸν
1622 1409 1818 1484 βουλόο

168 1521 346 1576 μενος,
401 1507 592 1556 πᾶσαν
641 1505 718 1573 τῷ
751 1501 1018 1578 μακαρίτῃ
1053 1500 1354 1572 Θεοκτίστῳ
1385 1499 1480 1567 τὴν
1512 1507 1617 1554 τῶν
1651 1521 1820 1577 προσ-

172 1591 354 1645 ιόντων
445 1589 770 1666 ἐπιμέλειαν
851 1590 1076 1645 ἀνετίθει
1109 1606 1121 1618 '
1204 1591 1291 1645 καὶ
1349 1590 1430 1656 ὃς,
1505 1591 1822 1667 παρακούειν

170 1677 364 1736 ἐκείνου
426 1679 715 1756 μηδέποτε
777 1679 961 1758 γνοὺς,
1025 1679 1322 1753 ἀναιρεῖται
1381 1679 1478 1754 μὲν
1507 1681 1694 1736 αὐτίκα
1722 1681 1821 1746 τὴν

1908 515 2045 588 topa
2077 509 2197 585 (9‘2)
2220 507 2568 580 claruerint,
2603 515 2661 567 et
2693 503 3056 566 monasteria
3084 506 3546 580 construxerint,

1911 615 2308 678 magnumque
2371 597 2540 658 illum
2598 593 3006 658 Theodosium
3067 593 3214 673 (“23),
3281 594 3382 676 qui
3440 595 3553 656 fuit

1911 688 2193 767 princeps
2242 697 2297 749 et
2347 693 2558 748 auctor
2614 684 3026 747 coenobiorum
3059 684 3275 762 eremi,
3311 684 3382 744 ad
3419 702 3550 747 mo-

1912 777 2195 836 nasticam
2232 775 2617 856 perduxerint
2678 771 3135 853 perfectionem.
3172 771 3315 834 Cum
3349 781 3548 835 autem

1912 866 2038 927 haec
2066 865 2219 927 fama
2252 865 2551 945 Euthymii
2585 861 2749 924 brevi
2782 873 3051 942 tempore
3079 861 3302 942 ubique
3335 881 3552 943 perva-

1910 955 2102 1031 deret,
2138 957 2310 1017 multi
2343 959 2413 1017 ad
2471 957 2689 1036 ipsum,
2725 961 3005 1034 tanquam
3039 952 3113 1014 ab
3145 954 3343 1035 aliquo
3377 972 3548 1017 com-

1913 1047 2052 1106 moti
2093 1049 2375 1126 unguenti
2439 1045 2648 1119 odore,
2711 1043 2980 1124 quotidie
3013 1043 3442 1121 conﬂuebant;
3491 1053 3551 1106 et

1905 1135 2150 1213 rogabat
2181 1136 2591 1215 unusquisque
2626 1134 2891 1208 illorum,
2920 1143 2980 1193 ut
3005 1151 3142 1194 cum
3191 1134 3321 1212 ipso
3368 1134 3548 1196 habi-

1907 1232 2031 1286 tare
2062 1226 2180 1287 sibi
2212 1227 2441 1300 liceret,
2478 1225 2588 1285 sub
2616 1243 2684 1284 eo
2715 1223 2869 1285 duce
2903 1223 3129 1298 vivere,
3159 1224 3358 1285 anima
3381 1225 3550 1286 efﬁn-

1905 1315 1987 1393 gi,
2049 1315 2380 1396 spiritualia
2438 1314 2700 1376 edoceri.
2764 1312 2877 1375 Sed
2937 1313 3061 1386 ille,
3115 1313 3388 1375 obtinere
3436 1333 3547 1376 cu-

1909 1405 2080 1485 piens
2110 1407 2406 1484 integrum
2434 1421 2767 1484 purumque
2789 1401 3008 1483 quietis
3031 1401 3277 1471 bonum.
3309 1421 3548 1465 omnem

1907 1495 2354 1557 advenientium
2415 1512 2616 1555 curam
2672 1493 2844 1554 beato
2892 1491 3196 1553 commisit
3227 1489 3549 1554 Theoctis-

1907 1595 1962 1646 to
1993 1605 2006 1647 :
2041 1585 2141 1647 hic
2173 1604 2335 1660 vero,
2376 1584 2474 1660 qui
2506 1583 2562 1646 ei
2619 1601 2922 1662 nunquam
2965 1580 3282 1643 recusabat
3315 1599 3549 1662 parere,

1907 1677 2179 1756 protinus
2203 1675 2442 1755 quidem
2472 1673 2816 1734 mandatum
2843 1671 3126 1751 suscipit;
3154 1689 3361 1734 verum
3393 1689 3549 1734 cuu-

168 1769 409 1844 εντολῆν,
444 1771 632 1827 πάντα
674 1769 727 1826 δὲ
787 1773 922 1828 κατὰ
972 1770 1196 1848 γνώμην
1265 1770 1516 1845 Εὑθυμίου
1575 1769 1818 1834 διατιθεὶς

1909 1773 2001 1828 cta
2028 1763 2481 1828 administrabat
2512 1781 2580 1825 ex
2614 1762 2916 1824 sententia
2945 1761 3268 1842 Euthymii.

171 1858 195 1880 γ

168 1882 227 1925 τιν
237 1903 251 1917 ο

245 1938 350 2008 ιε’.
399 1947 657 2007 ’Ἔπειτα
691 1951 872 2023 μέντοι
930 1951 1018 2006 καὶ
1077 1950 1194 2028 περὶ
1225 1951 1318 2005 τὸν
1363 1956 1454 2005 τοῦ
1495 1950 1662 2006 τόπου
1694 1970 1821 2006 συν-

941 2041 1027 2095 καὶ
1099 2041 1458 2108 συστήσασθαι
1545 2040 1688 2116 παρὰ
1747 2040 1825 2112 τῷ

175 2127 422 2200 σπηλαίῳ
467 2128 676 2205 λαύραν
706 2131 842 2186 κατέι⁸
891 2132 980 2184 τόν
1022 2130 1184 2185 τόπον
1209 2138 1234 2180 1)
1263 2130 1442 2205 Φαραν
1473 2128 1820 2189 ἐσκέπτοντο.

173 2041 412 2114 οικισμὸν
481 2040 850 2119 ἠσχολοῦντο,

175 2216 320 2273 Ἀλλ’
375 2220 411 2285 ἡ
472 2218 667 2276 ἐνοῦσα
727 2223 802 2293 τῴ
844 2219 994 2293 τόπῳ
1054 2219 1354 2297 τραχύτης,
1404 2219 1586 2274 καὶτὸ
1635 2221 1826 2292 μικροῦ

174 2309 256 2362 καὶ
300 2305 497 2364 ἄϐατον
545 2309 710 2365 αὐτὸν
763 2313 930 2388 εἶναι,
983 2315 1243 2374 συστῆσαι
1275 2308 1373 2381 μέν
1402 2330 1518 2363 τινα
1550 2309 1666 2384 περὶ
1701 2309 1824 2364 αὐτὸ

178 2395 368 2475 λαύραν
425 2399 526 2454 οὑκ
588 2398 680 2454 εἴα
715 2415 728 2428 ⁸
820 2401 952 2475 πρὸς
1015 2401 1149 2473 αὐτῇ
1208 2396 1263 2452 δὲ
1322 2401 1388 2473 τῇ
1432 2400 1525 2454 τοῦ
1583 2405 1824 2475 κρημνοῦ

179 2484 487 2567 προσϐάσει,
549 2486 820 2544 κοινόϐιον
863 2486 1200 2561 οἰκοδομοῦσι
1247 2501 1362 2549 τοῖς
1413 2485 1686 2566 ἀδελφοῖς,
1736 2489 1823 2543 καὶ

183 2576 239 2630 τὸ
280 2575 549 2644 σπήλαιον
613 2578 823 2638 ἑαυτοῖς
870 2579 944 2639 εἰς
1003 2575 1326 2643 Ἐκκλησίαν
1390 2577 1820 2651 μετασκευαζον-

186 2688 262 2720 σιν
288 2675 314 2717 (Ι
348 2686 360 2700 ο
394 2671 440 2740 ᾧ
485 2669 577 2723 καὶ
633 2665 993 2745 προσεδρεύων
1038 2665 1121 2744 ἐφ’
1168 2666 1400 2745 ἡσυχίας
1451 2667 1478 2722 ὁ
1511 2665 1680 2743 μέγας
1717 2666 1819 2722 Εὐ-

186 2756 379 2832 θόμιος,
437 2758 638 2836 ψυχῶν
683 2756 749 2823 ἧν
803 2756 1162 2828 ἐπιμελητὴς,
1212 2755 1298 2810 καὶ
1354 2757 1428 2809 ὧν
1468 2755 1676 2811 ἐκεῖναι
1729 2753 1820 2810 δέ·

195 2867 371 2922 ισονται
419 2846 652 2924 πληγῶν
683 2847 786 2902 ὑπὸ
815 2851 911 2912 τῆς
945 2847 1155 2921 κακίας,
1191 2846 1279 2900 καὶ
1325 2843 1411 2922 ὑφ’
1456 2847 1529 2899 ὧν
1561 2843 1821 2909 πολλάκις

192 2935 490 3009 τραυμάτων
545 2941 731 3000 κακῶς
809 2936 1136 3014 πάσχουσιν,
1188 2935 1364 3011 ἰατρὸς
1407 2935 1819 3011 ἐμπειρότατος.

194 3024 514 3094 Προσιόντων
573 3025 677 3102 γὰρ
729 3025 873 3098 αὐτῴ
929 3022 1046 3081 καθ’
1107 3025 1339 3090 ἑκάστην
1398 3028 1506 3078 τῶν
1557 3022 1818 3100 ἀδελφῶν,

1987 1945 2115 2007 XV.
2152 1943 2384 2007 Deinde
2416 1950 2612 2003 autem
2647 1941 2705 2002 in
2739 1940 2871 2001 loco
2902 1958 3142 2020 quoque
3174 1938 3245 2000 ad
3277 1938 3548 2001 habitan-

1907 2034 2046 2094 (lum
2089 2033 2493 2094 construendo
2525 2031 2996 2111 occupabantur,
3033 2029 3456 2109 habebantque
3488 2028 3548 2090 in

1907 2126 2109 2184 animo
2140 2123 2212 2184 ad
2245 2125 2593 2202 speluncam
2645 2122 3010 2183 constituere
3042 2120 3296 2192 lauram,
3335 2137 3550 2180 secun-

1907 2213 2048 2273 dum
2075 2213 2322 2290 ﬁguram
2358 2211 2592 2272 Pharan
2623 2229 2636 2271 :
2671 2210 2776 2272 sed
2806 2228 2939 2290 quae
2973 2213 3102 2270 loco
3137 2209 3331 2270 inerat
3362 2226 3544 2289 aspe-

1905 2304 2072 2372 ritas,
2125 2302 2408 2382 quodque
2465 2312 2624 2363 esset
2685 2298 3118 2379 propemodum
3170 2298 3387 2368 invius,
3424 2316 3544 2358 non

1904 2392 2140 2454 sinebat
2173 2391 2295 2452 illic
2330 2393 2556 2452 lauram
2587 2389 2850 2452 condere
2887 2411 2898 2447 :
2936 2399 2996 2450 at
3020 2394 3077 2448 in
3108 2387 3240 2467 ipso
3275 2387 3546 2467 praecipi-

1909 2481 1973 2541 tii
2025 2480 2182 2542 aditu
2244 2480 2582 2542 coenobium
2639 2478 2936 2540 aediﬁcant
2994 2475 3301 2546 fratribus,
3340 2474 3544 2537 etsibi

1907 2571 2252 2652 speluncam
2311 2571 2370 2630 in
2429 2568 2747 2631 ecclesiam
2810 2575 3259 2629 transmutant:
3321 2566 3420 2626 ubi
3481 2569 3544 2626 in

1905 2661 2104 2742 quiete
2158 2679 2228 2721 ac
2285 2659 2523 2721 silentio
2578 2677 2826 2737 magnus
2869 2658 3141 2720 assidens
3170 2655 3538 2736 Euthymius,

1907 2758 2033 2812 erat
2061 2759 2300 2812 curator
2347 2749 2707 2822 animarum,
2770 2765 3005 2809 necnon
3058 2747 3362 2826 plagarum
3397 2763 3546 2825 quas

1905 2842 2023 2902 illae
2051 2861 2084 2901 a
2117 2841 2271 2902 vitiis
2302 2839 2628 2919 accipiunt,
2664 2858 2698 2898 a
2742 2838 2960 2918 quibus
3003 2836 3355 2897 vulneribus
3387 2853 3546 2915 saepe

1907 2932 2060 2992 male
2087 2929 2451 3003 afﬁciuntur,
2509 2928 2778 2990 medicus
2813 2926 3237 3007 peritissimus.
3272 2925 3547 2998 Quotidie

1905 3021 2065 3082 enim
2106 3021 2175 3080 ad
2213 3039 2350 3081 eum
2386 3017 2816 3082 accedentibus
2846 3015 3149 3089 fratribus,
3184 3035 3296 3077 nec
3326 3034 3547 3077 veren-

194 3113 436 3176 καὶτοὺς
519 3114 816 3191 )ογισρ.ου;
895 3115 1149 3188 οὒμενοῦν
1223 3111 1614 3168 ἀνακαλύπτειν
1683 3113 1818 3186 αὑτῷ

1909 3110 2062 3172 tibus
2117 3111 2175 3172 ei
2231 3109 2466 3190 aperire
2516 3108 2931 3185 cogitationes,
2987 3106 3312 3186 unicuique
3370 3104 3548 3166 dabat

198 3197 655 3281 διευιαδουμὲνων,
733 3205 796 3259 τὸ
880 3201 1227 3269 κατάλληλον
1281 3201 1490 3272 ἑκάστῳ
1543 3202 1676 3280 πρὸς
1725 3203 1822 3270 τὴν

205 3293 286 3346 τοῦ
334 3305 490 3354 κακοῦ
550 3293 837 3371 θεραπείαν
892 3291 1058 3350 ἐδίδου
1102 3293 1407 3372 φάρμακον,
1442 3289 1474 3346 ἂ
1530 3292 1684 3368 πείρᾳ
1735 3293 1824 3348 καὶ

213 3381 396 3436 συνέσει
437 3385 520 3440 καὶ
551 3381 734 3451 πολλῇ
785 3379 1064 3459 διακρίσει,
1099 3381 1227 3458 παρ’
1261 3380 1430 3455 ἑαυτῷ
1461 3378 1771 3445 συνελέξατο
1808 3401 1820 3416 ⁸

216 3466 281 3529 ὣς
321 3479 490 3548 μικροῦ
541 3474 635 3529 καί
695 3470 782 3528 ἐπ’
835 3471 978 3546 αὗτῷ
1035 3470 1363 3548 πληροῦσθαι
1421 3471 1482 3526 τὸ
1542 3477 1631 3527 τοῦ
1686 3473 1824 3526 θείου

214 3554 458 3638 Ἰερεμίου,
513 3562 596 3618 ὅτι
684 3562 1028 3636 Δοκιμαστὴν
1128 3558 1330 3618 δέδωκά
1417 3580 1476 3615 σε
1531 3562 1624 3616 τοῦ
1691 3558 1822 3616 λαοῦ

205 3665 319 3723 μου,
383 3652 464 3707 καὶ
544 3651 731 3729 γνώσῃ
806 3649 862 3706 ἐν
925 3657 999 3725 τῷ
1059 3649 1372 3727 δοκιμάζειν
1430 3668 1490 3704 σε
1549 3649 1648 3715 τὴν
1701 3647 1820 3704 ὃδὸν

201 3735 376 3797 αὑτῶν,

270 3827 364 3900 ις’
434 3830 656 3907 Ἀμέλει
726 3832 814 3888 καὶ
901 3830 1127 3909 παρῂνει
1187 3830 1462 3900 πατρικῶς
1531 3826 1814 3908 πολλάκις,

198 3916 275 3969 καὶ
315 3926 456 3996 κοινῇ
497 3922 632 3998 πρὸς
695 3921 880 3982 αὐτοὺς
941 3918 1238 3995 διελέγετο,
1303 3921 1376 3984 ὡς
1429 3919 1529 3998 ἄρα
1572 3917 1655 3975 δεῖ
1697 3920 1817 3982 τοὺς

198 4001 645 4085 ἀποτασσομένους
702 4011 800 4085 βίῳ
847 4009 945 4066 καί
992 4022 1110 4072 τοῖς
1142 4010 1259 4086 περὶ
1284 4011 1375 4066 τὸν
1404 4009 1542 4084 βίον,
1575 4010 1817 4076 ὑπακοῆς

201 4100 460 4178 πανταχοῦ
516 4103 804 4180 φροντίζειν
881 4100 969 4155 καὶ
1026 4109 1542 4179 ταπεινοφροσύνης,
1599 4101 1816 4156 καὶτοῦ

199 4183 269 4253 μὴ
310 4189 382 4258 τῷ
411 4186 525 4263 ἰδίῳ
585 4201 836 4268 στοιχεῖν
895 4188 1160 4260 θελήματι
1197 4203 1208 4216 ⁹
1272 4187 1600 4263 καταθύμιόν
1643 4209 1700 4244 τε
1737 4189 1817 4244 ἀεὶ

197 4272 276 4326 τὸν
317 4275 538 4335 θάνατον
596 4277 752 4356 ἔχειν
786 4293 801 4306 ’
859 4278 954 4332 καί
985 4278 1086 4343 τὴν
1119 4277 1218 4352 μὲν
1249 4275 1471 4334 κόλασιν
1501 4275 1812 4350 δεδοικέναι,

197 4364 283 4426 τῆς
337 4365 604 4440 βασιλείας
660 4366 717 4423 δὲ
769 4373 874 4423 τῶν
922 4367 1154 4444 οὓρανών
1210 4367 1444 4446 ἐφίεσθαι
1480 4387 1496 4404 ο
1557 4368 1817 4424 πάντοτε

1905 3200 2270 3264 conveniens
2300 3198 2564 3261 sanando
2600 3198 2753 3259 malo
2807 3196 3308 3259 medicamentum
3347 3211 3363 3270 ;
3415 3213 3549 3275 qua:

1904 3291 2146 3372 quidem
2183 3289 2573 3370 experientia,
2611 3287 2925 3367 prudentia
2986 3285 3290 3365 multoque
3313 3283 3546 3362 judicio

1904 3381 2062 3463 apud
2094 3399 2160 3443 se
2191 3380 2554 3460 collegerat;
2589 3377 2738 3439 adeo
2765 3384 2828 3438 ut
2855 3376 2916 3437 in
2949 3377 3077 3455 ipso
3111 3372 3546 3455 propemodum

1907 3471 2261 3552 impleretur
2316 3469 2465 3532 illud
2519 3468 2700 3529 divini
2753 3465 3081 3527 Jeremise:
3146 3463 3548 3525 Probatorem

1905 3562 2043 3623 dedi
2076 3571 2134 3625 te
2161 3559 2380 3642 populi
2411 3561 2548 3639 mei,
2587 3564 2640 3620 et
2668 3562 2824 3620 scies
2856 3555 2922 3618 in
2950 3553 3266 3636 probando
3297 3560 3352 3615 te
3381 3554 3544 3615 viam

1903 3667 2114 3714 eorum
2144 3650 2191 3714 ί.

1982 3829 2132 3894 XVI.
2169 3828 2338 3908 Saepe
2364 3828 2563 3905 itaque
2594 3825 2774 3888 etiam
2811 3824 3172 3887 admonebat
3209 3828 3549 3903 paterne,et

1900 3921 2301 3983 communiter
2330 3917 2403 3980 ad
2459 3918 2592 3979 illos
2623 3916 2955 3978 orationem
2993 3911 3274 3986 habebat,
3335 3912 3543 3973 dicens

1899 4019 2180 4090 Oportere
2213 4027 2314 4070 eos
2343 4009 2444 4089 qui
2478 4007 2614 4069 huic
2665 4007 2801 4068 vita;
2847 4004 3147 4084 rebusque
3180 4001 3383 4065 διενυιὶ
3443 4019 3544 4064 re-

1901 4101 2198 4175 nuntiant,
2230 4097 2452 4178 ubique
2483 4114 2687 4158 curam
2718 4113 2933 4174 gerere
2965 4092 3413 4167 obedientiae,et
3437 4091 3543 4152 hu-

1904 4189 2199 4265 militatis,
2236 4207 2304 4249 ac
2338 4207 2413 4249 ne
2445 4186 2744 4268 propriam
2779 4193 3108 4264 sequantur
3139 4181 3541 4256 voluntatem;

1900 4280 2102 4341 adhzec
2126 4278 2184 4340 in
2215 4279 2366 4338 votis
2392 4294 2634 4356 semper
2657 4276 2878 4336 habere
2913 4284 3191 4344 mortem;
3221 4280 3279 4333 et
3313 4269 3544 4350 suppli-

1900 4371 2058 4432 cium
2083 4370 2324 4450 quidem
2352 4367 3101 4447 perhorrescere,regnum
3126 4371 3323 4424 autem
3356 4359 3544 4450 coelo-

199 4451 276 4506 τὸν
328 4457 520 4534 χρόνον
579 4455 763 4523 πόνοις
805 4457 990 4513 ἑαυτὸν
1050 4453 1334 4528 ἐκδιδόναι,
1371 4457 1457 4512 καὶ
1493 4459 1692 4536 χειρῶν
1725 4457 1815 4514 τέ-

1909 4479 2038 4523 rum
2070 4449 2419 4520 desiderare
2445 4477 2461 4534 ;
2489 4465 2668 4536 atque
2717 4454 2880 4517 omni
2924 4463 3197 4533 tempore
3226 4470 3292 4514 se
3323 4449 3547 4512 dedere

200 4560 295 4617 χνῃ
322 4545 410 4600 καί
469 4547 692 4626 ἐργασίᾳ
719 4563 733 4578 ⁶
783 4549 869 4605 καὶ
928 4544 1159 4622 μάλιστά
1204 4567 1265 4624 γε
1297 4569 1342 4602 ει
1372 4546 1488 4612 νέος
1520 4547 1660 4604 ἐστὶν
1721 4546 1816 4604 οὗ·

199 4647 299 4702 τος,
344 4637 429 4692 καὶ
482 4639 582 4705 τὴν
638 4638 810 4713 ὁρμὴν
867 4638 968 4694 ὑπὸ
1025 4637 1122 4704 τῆς
1173 4637 1386 4705 ἡλικίας
1439 4636 1814 4710 κεκινημένης,

201 4717 315 4807 Τότε
342 4725 438 4804 γὰρ
491 4727 606 4806 χρὴ
649 4728 784 4804 πρὸς
838 4733 906 4804 τῇ
936 4725 1077 4804 ἄλλῃ
1125 4728 1241 4804 περὶ
1274 4728 1428 4782 αὑτὸν
1461 4725 1696 4807 φυλακῇ,
1729 4729 1816 4784 καὶ

202 4806 358 4887 πολλῇ
387 4827 445 4870 ἰὸ
475 4818 632 4892 σῶμα
690 4813 1022 4894 ταλαιπωρίᾳ
1078 4829 1430 4890 καταπονεϊν,
1479 4818 1552 4881 ὡς
1608 4806 1690 4871 ἅνί
1723 4818 1815 4872 εδ-

273 4969 291 5009 ¹
320 4970 535 5038 Jerem.
572 4991 648 5050 Vt,
683 4977 783 5037 27.

1903 4549 2231 4624 laboribus,
2267 4563 2670 4626 manuumque
2699 4543 2956 4606 artiﬁcio
2988 4552 3045 4604 et
3068 4542 3429 4622 operationi;
3461 4539 3551 4600 id-

1901 4659 2019 4720 que
2053 4639 2313 4701 maxime
2369 4636 2422 4697 si
2467 4635 2518 4697 is
2567 4644 2658 4696 est
2680 4633 2942 4714 juvenis,
2978 4633 3233 4712 ejusque
3261 4627 3548 4711 appetitio

1900 4752 2005 4796 seu
2037 4729 2297 4809 impetus
2320 4731 2629 4809 moveatur
2661 4723 2738 4786 ab
2766 4721 3137 4809 aetate.Tunc
3161 4720 3318 4782 enim
3371 4737 3550 4799 oporc

1901 4820 2006 4886 tet,
2043 4803 2260 4892 praeter
2286 4807 2462 4870 aliam
2494 4806 2626 4884 ejus
2654 4803 3005 4878 custodiam,
3046 4819 3265 4881 corpus
3299 4817 3544 4880 quoque

1480 5056 1742 5120 VARIE
1792 5049 2235 5124 LECTIONES.

271 5216 296 5259 ν
320 5211 390 5274 al.
421 5214 607 5280 τόπον,
691 5227 718 5270 (Ι
746 5214 824 5278 al.
858 5219 1362 5290 κατασκευάζουσιν.

1400 5395 1612 5464 JOAN.
1650 5396 2025 5464 BOLLANDI
2066 5393 2314 5463 ΝΟΤᾹΕ.

271 5568 378 5652 (22)
396 5575 647 5652 Orteltus
664 5577 1082 5652 conjicit_clrca
1117 5579 1392 5638 Arabiam
1424 5579 1569 5637 forte
1601 5579 1814 5638 alicubi

213 5646 339 5708 ⁸⁸³0,
365 5661 472 5719 quo
512 5651 726 5708 [rustra
775 5646 1046 5722 confugit
1075 5665 1211 5708 cum
1245 5653 1305 5709 in
1341 5665 1535 5711 eremo
1561 5653 1822 5711 civitatis

1902 5585 2115 5640 sancte
2146 5573 2490 5641 manserint,
2529 5577 2583 5628 et
2611 5567 2920 5641 Jorglanem
2951 5581 3075 5628 non
3110 5537 3482 5627 transierint.

1977 5638 2092 5725 (23)
2118 5648 2364 5720 Egimus
2395 5638 2482 5701 de
2504 5656 2572 5701 eo
2603 5642 2664 5696 tt
2704 5638 2938 5699 Ianuar.
