3972 6130
384 265 504 334 615

1686 257 1966 326 MENSIS
2006 261 2457 324 JANUARIUS.

3630 257 3737 328 616

388 418 566 484 quam
600 406 990 480 conspectum
1047 404 1334 459 venturus
1384 403 1495 470 est,
1529 402 1591 457 et
1619 413 2027 474 congressum.

2120 394 2211 452 τοῧ
2263 399 2578 454 Θεοκτίστου
2623 402 2719 465 τῆς
2767 399 2953 478 χειρὸς
2985 399 3013 452 6
3059 393 3402 475 Ἀσπέϐετος,
3447 395 3740 453 ὑποδείκνυ-

388 491 557 556 Tunc
588 489 927 570 Aspebetus
987 505 1227 550 manum
1263 485 1590 548 Theoctisti
1627 486 2038 566 prehendens,

392 579 658 644 ostendit
688 579 743 642 ei
775 580 964 642 filium
1020 576 1437 652 semiaridum,
1496 585 1556 638 et
1587 577 1837 638 dextera
1871 583 2039 655 parte

389 671 574 735 veluti
600 677 926 744 mortuum;
951 668 1178 729 deinde
1202 684 1385 748 puero
1413 665 1624 728 annuit
1645 665 1991 746 superciliis
2021 687 2037 739 ;

390 772 453 826 et
482 761 583 825 ille
613 760 936 840 incipiens,
971 775 1098 821 rem
1133 775 1375 817 omnem
1409 764 1608 818 narrat
1637 757 1873 820 ordine.

472 850 601 915 XX.
629 849 775 928 Ego,
805 847 1018 928 inquit,
1050 847 1110 908 in
1140 843 1388 907 Perside
1418 845 1672 908 afﬂictus
1702 847 1813 908 hac
1845 847 2035 926 plaga,

395 940 717 1020 multisque
751 937 1001 1000 medicis
1053 945 1110 997 et
1163 935 1409 1012 magicis
1459 935 1688 996 artibus
1719 935 2035 1012 contritus,

388 1028 539 1092 nihil
569 1027 830 1109 amplius
863 1025 1001 1087 inde
1034 1025 1263 1088 fructus
1298 1025 1567 1104 percepi,
1609 1025 1720 1085 nisi
1750 1024 1942 1086 solum
1981 1033 2039 1086 ut

389 1121 763 1190 damnarem,
797 1126 857 1180 et
887 1135 1006 1178 non
1039 1116 1324 1178 haberem
1355 1114 1521 1176 valde
1554 1114 1675 1176 illis
1703 1115 2034 1178 conﬁdere.

389 1209 619 1272 Deinde
651 1207 754 1270 ubi
788 1207 846 1268 in
881 1207 1034 1268 hanc
1085 1205 1348 1268 Arabum
1381 1205 1653 1266 venimus
1703 1205 2034 1283 regionem,

386 1300 481 1360 hic
503 1317 743 1379 quoque
765 1314 975 1358 rursus
999 1315 1132 1357 cum
1160 1295 1343 1376 priori
1370 1294 1643 1356 luctabar
1673 1294 2034 1368 calamitate,

387 1398 448 1450 et
471 1388 648 1450 malis
665 1387 922 1449 vexabar
947 1385 1474 1447 similibus.Noctu
1492 1392 1689 1446 autem
1715 1383 2035 1464 aliQuando

386 1478 706 1540 attendens
743 1477 887 1538 mihi
917 1476 1056 1556 ipsi,
1093 1483 1149 1537 et
1181 1473 1577 1536 considerans
1605 1493 1677 1535 an
1717 1493 1968 1554 usquam
2003 1493 2036 1534 a

389 1567 598 1630 morbo
619 1567 879 1648 aliquam
901 1565 1238 1626 invenirem
1262 1563 1710 1639 liberationem;
1743 1563 1884 1644 quia
1908 1563 2036 1624 nul-

389 1656 506 1720 lam
540 1675 608 1720 ex
639 1657 857 1718 nostris
877 1655 1199 1718 cernebam
1231 1653 1366 1715 mali
1387 1654 1924 1733 curationem,ipse
1947 1655 2033 1714 sic
2057 1691 2094 1740 Β

390 1765 624 1808 mecum
661 1745 1048 1826 colloquebar
1080 1764 1094 1803 :
1133 1742 1179 1806 Ο
1223 1742 1531 1817 Terebon,
1567 1743 1666 1804 ubi
1701 1762 1861 1806 nunc
1893 1754 2034 1806 sunt

387 1837 702 1918 quaa'apud
733 1837 973 1900 Graecos
1001 1843 1058 1896 et
1079 1834 1294 1896 Persas
1327 1837 1606 1894 feruntur
1631 1832 1946 1896 medicinae
1973 1843 2035 1896 et

389 1927 595 2006 magia;
617 1935 876 1999 artes,ac
899 1943 1068 2004 nugae
1093 1923 1629 2003 earum,vulgoque
1645 1924 1869 2003 jactata
1891 1925 2033 1986 inde

389 2016 662 2077 utilitas?
695 2014 809 2078 Ubi
839 2034 978 2078 vero
1004 2015 1446 2092 astrologorum
1485 2013 1896 2094 prmstigiaz,et
1928 2034 2029 2075 sa-

388 2124 630 2168 crorum
661 2115 999 2166 nostrorum
1025 2103 1292 2168 confictae
1317 2101 1924 2180 fabulai,inutilesque
1945 2104 2032 2164 in-

388 2195 730 2257 vocationes
753 2195 783 2255 ?
813 2193 1085 2256 Profecto
1117 2202 1332 2256 cuncta
1366 2193 1606 2256 fraudes
1631 2201 1848 2256 suntet
1872 2194 2030 2255 risus

391 2285 742 2348 manifestus
772 2307 788 2357 ;
825 2303 958 2365 quae
988 2284 1161 2364 nihil,
1198 2284 1470 2366 inquam,
1507 2292 1758 2362 possunt
1788 2283 2032 2345 efficere

386 2377 614 2455 absque
645 2374 1066 2436 universorum
1100 2371 1328 2454 Opifice
1358 2381 1420 2436 et
1446 2373 1721 2437 Domino.
1751 2373 1856 2435 His
1889 2392 2030 2453 ergo

386 2467 541 2546 apud
577 2485 672 2528 me
704 2465 880 2528 dictis
931 2484 1001 2527 ac
1057 2464 1415 2536 dissertatis,
1450 2463 1637 2526 Deum
1672 2463 2028 2526 ardentissi-

387 2574 482 2617 me
510 2564 786 2635 precatus
803 2563 1026 2627 sum,et
1056 2553 1131 2616 ab
1164 2572 1233 2614 eo
1255 2552 1398 2633 petii
1425 2572 1456 2612 a
1487 2551 1697 2614 morbo
1729 2552 2032 2614 liberatio-

393 2663 553 2708 nem:
591 2653 772 2725 atque
805 2644 1064 2705 vicissim
1100 2644 1228 2723 ipse
1261 2641 1558 2722 pollicitus
1587 2661 1717 2704 sum
1737 2661 2033 2723 repensu-

385 2752 516 2795 rum
555 2752 649 2795 me
678 2734 813 2794 vitae
846 2733 1257 2802 mutationem,
1291 2741 1348 2793 et
1372 2731 1774 2793 Christianum
1803 2731 1952 2794 fore.

467 2821 621 2886 XXI.
686 2825 838 2886 Dum
899 2840 1039 2883 vero
1103 2823 1228 2882 hzec
1289 2830 1534 2896 essent,
1599 2821 1902 2902 talemque
1957 2821 2030 2883 ad

385 2911 571 2975 Deum
650 2912 952 2974 deferrem
1032 2911 1572 2992 supplicationem,
1628 2910 1911 2991 paulatim
1972 2912 2032 2972 in

2699 486 2958 563 ἡμίξηρον
2997 484 3125 542 ὄντα
3154 494 3201 563 θ,
3233 489 3330 540 καὶ
3365 487 3425 541 το
3457 485 3612 564 μέρος
3643 490 3746 543 οἷον

2970 579 3093 632 εἶτα
3151 575 3235 632 καὶ
3278 587 3402 635 ταῖς
3445 576 3625 652 ὀφρύτι
3679 583 3744 649 τῷ

3074 663 3393 744 ἀρξάμενος,
3465 663 3745 731 ἀκολούθως

2125 508 2204 540 σιν
2240 487 2382 560 αύτῷ
2413 488 2504 542 τὸν
2534 489 2667 567 υἱὸν,

2124 573 2526 643 ἁποτεθνηκότα
2577 579 2638 633 τὸ
2703 577 2871 642 δεξιόν
2907 593 2920 605 ⁸

2124 667 2270 722 παιδὶ
2351 666 2578 722 ἐπινεύει
2615 687 2628 702 ⁸

2125 755 2333 812 ἅπαντα
2365 754 2584 832 διεξῄει,

2208 837 2292 906 κ’.
2328 845 2497 926 Ἐγὼ,
2530 847 2712 927 φησὶν,
2754 848 2806 904 ἐν
2853 844 3060 925 Περσίδι
3093 847 3292 913 ταύτην
3343 843 3623 918 δεξάμενος
3664 845 3748 912 τὴν

2121 937 2364 1014 πληγὴν,
2411 937 2505 993 xxi
2561 935 2796 1000 πολλαῖς
2827 939 3096 1015 ἰατρικαῖς
3133 957 3190 990 τε
3220 935 3317 992 καί
3350 948 3612 1013 “mtuum
3637 935 3746 1014 τέχ,

2122 1049 2235 1090 ναις
2278 1024 2650 1104 κατατριϐεἶς,
2687 1026 2835 1084 οὒδὲν
2889 1026 3052 1083 πλέον
3097 1024 3304 1082 ἐκεῖθεν
3337 1023 3745 1098 ἐκαρπωσάμην,

2121 1116 2202 1173 ὅτι
2261 1117 2338 1191 μὴ
2375 1119 2436 1172 τὸ
2480 1124 2818 1195 καταγνῶναι
2869 1118 3054 1191 μόνον,
3102 1115 3196 1172 καί
3257 1117 3336 1189 μὴ
3386 1111 3586 1192 σφόδρα
3614 1113 3748 1191 ἔχειν

2122 1203 2208 1262 ἐπ’
2237 1205 2457 1268 ἐκείνοις
2491 1205 2724 1284 θαρῥετν.
2759 1205 2992 1262 ’Ἔπειτα
3019 1208 3091 1268 ὡς
3125 1206 3198 1267 εἰς
3230 1205 3330 1271 τὴν
3379 1199 3620 1281 Ἀράϐων
3661 1201 3748 1268 ἥλο

2119 1299 2278 1370 θομεν
2323 1297 2545 1372 ταύτην²
2594 1303 2661 1371 τῇ
2721 1296 2950 1373 προτέρα
3001 1295 3264 1351 κάνταῦθα
3314 1293 3483 1350 πάλιν
3515 1291 3748 1348 ἔπαλαιον

2121 1390 2384 1463 συμφορᾷ,
2421 1390 2657 1447 καὶτοῖς
2689 1385 2896 1457 ὁμοίοις
2953 1371 3266 1448 ἐϐαλλόμηῖ
3314 1393 3539 1458 κακοῖς,
3585 1381 3751 1443 νυκτὸς

2706 667 2835 723 κᾶκε
2846 680 2979 741 ϊνος,

2118 1472 2173 1529 δέ
2230 1495 2360 1530 ποτε
2419 1475 2678 1554 προσχὼν
2708 1473 2924 1548 ἐμαυτῷ
2949 1473 3036 1527 καὶ
3066 1475 3281 1529 σκοπῶν
3315 1469 3370 1525 εἴ
3403 1492 3507 1526 που
3537 1475 3626 1523 τοῦ
3653 1468 3750 1524 πα-

2116 1567 2235 1626 θους
2283 1566 2398 1619 τινα
2455 1564 2606 1620 λύσιν
2663 1563 2888 1642 ἐφεύρω,
2950 1564 3070 1618 επεὶ
3113 1560 3383 1635 μηδεμίαν
3419 1561 3479 1614 ἐκ
3512 1564 3614 1614 τῶν
3644 1555 3752 1633 παρ’

2116 1654 2252 1725 ημῖν
2296 1653 2477 1731 ἑώρων
2523 1657 2616 1710 τοῦ
2654 1661 2822 1710 κακοῦ
2865 1653 3166 1726 θεραπείαν,
3224 1646 3289 1705 Ὦ
3351 1645 3616 1726 Τερέϐων,
3667 1649 3755 1703 αὒ-

2117 1745 2203 1808 τὸς
2238 1745 2366 1820 πρὸς
2412 1743 2642 1818 ἐμαυτὸν
2695 1741 3006 1817 διωμίλουν,
3069 1748 3170 1796 ποῦ
3228 1749 3316 1796 νυν
3359 1741 3493 1794 εἰσιν
3555 1738 3603 1793 αἱ
3645 1735 3755 1814 παρ’

2117 1831 2393 1900 ’Ἕλλησιν
2442 1835 2528 1888 καὶ
2584 1833 2804 1910 Πέραοις
2854 1833 3086 1909 ἷατρικαί
3115 1853 3172 1886 τε
3200 1831 3290 1886 καὶ
3322 1829 3552 1908 μαγιιιαὶ
3582 1825 3646 1905 δ’,
3678 1828 3756 1882 καὶ

2116 1925 2142 1979 6
2173 1923 2407 1982 ἐντεῦθεν
2436 1923 2612 1995 ὕθλος,
2647 1925 2737 1979 καὶ
2767 1924 2800 1989 ἠ
2831 1918 3198 2000 θρυλλο·)μένη
3231 1920 3436 1976 τούτων
3485 1915 3707 1997 ὠφέλεια
3739 1934 3752 1987 ;

2115 2021 2216 2070 ποῦ
2259 2013 2313 2068 δὲ
2346 2013 2688 2091 ἀστρολόγων
2721 2017 2769 2068 αι
2812 2024 3089 2090 γοητεῖαι,
3125 2011 3210 2066 καὶ
3256 2013 3308 2066 αἱ
3354 2012 3463 2064 τῶν
3493 2003 3753 2082 ἡμετέρων

2115 2101 2466 2173 σεϐασμσίτων
2537 2101 2863 2177 μυθοποιίαι,
2930 2103 3015 2156 καὶ
3082 2101 3336 2165 ἀνόνητοι
3400 2094 3747 2171 ἐπικλάσειςς

2113 2190 2335 2258 ’Ὄντως
2364 2192 2545 2258 ἀπάτη
2591 2193 2764 2248 πάντα
2801 2193 2889 2247 καὶ
2919 2188 3089 2268 γέλως
3119 2189 3388 2266 ἐπιφανής
3416 2203 3429 2216 ⁶
3463 2184 3610 2242 ούδὲν
3640 2185 3749 2239 ἄνευ

2113 2291 2205 2340 τοῦ
2233 2286 2339 2338 τῶν
2368 2281 2507 2338 ὅλων
2543 2287 2904 2357 Δημιοδργοῦ,
2941 2281 3103 2359 φημὶ³
3138 2281 3225 2335 καὶ
3267 2277 3548 2334 Δεσπότου
3590 2275 3750 2330 ἀνύειν

2114 2371 2400 2446 δυνάμενα.
2447 2380 2622 2429 Ταῦτα
2673 2372 2843 2427 τοίνυν
2892 2371 3023 2448 πρὸς
3055 2370 3286 2445 ἐμαυτὸν
3322 2367 3493 2425 εἰπὼν
3523 2366 3612 2422 καὶ
3638 2364 3747 2419 δια-

2114 2461 2348 2542 λεχθεὶς,
2397 2461 2626 2536 ὶδεόμην
2656 2460 2960 2535 θερμότατα
3003 2467 3100 2515 τοῦ
3146 2466 3279 2514 Θεοῦ
3331 2459 3422 2514 καὶ
3453 2454 3581 2532 παρ’
3611 2453 3754 2510 αὐτοῦ

2113 2553 2214 2620 τὴν
2257 2559 2350 2608 τοῦ
2392 2553 2590 2616 πάθους
2633 2550 2853 2620 ἐζήτουν
2925 2547 3247 2625 ἀπαλλαγήν
3285 2564 3298 2578 ⁸
3366 2543 3667 2602 ἀντιδοῦναί
3700 2562 3752 2596 τε

2115 2641 2276 2700 πάλιν
2331 2643 2488 2706 αὐτὸς
2551 2646 2647 2707 την
2691 2647 2782 2695 τοῦ
2825 2641 2940 2715 βίου
3003 2635 3341 2712 μεταϐολὴν,
3392 2635 3486 2692 καί
3531 2636 3594 2690 τὸ
3631 2640 3751 2710 Χρι-

2114 2733 2334 2796 στιανὸς
2365 2730 2635 2809 γενέσθαι²
2681 2727 3103 2807 ἐπηγγελλόμην
3133 2726 3183 2790 ἀ,

2199 2819 2327 2880 ΚΑ’.
2381 2825 2466 2877 Ἐν
2511 2819 2620 2885 ὅσῳ
2651 2818 2705 2874 δὲ
2737 2826 2901 2875 ταῦτα
2938 2817 3031 2894 ἧν,
3063 2819 3151 2874 καὶ
3183 2816 3440 2883 τοιαύτην
3470 2815 3601 2891 πρὸς
3633 2813 3747 2867 Θεὸν

2115 2911 2411 2986 ἐποιούμην
2452 2910 2552 2976 τὴν
2593 2909 2795 2965 ἱκεσίαν
2838 2917 2862 2949 ⁸
2897 2955 2912 2987 ,
2972 2908 3046 2971 εἷς
3093 2905 3259 2963 ὕπνον
3310 2905 3494 2985 ἡρέμα
3555 2922 3748 2959 κατενεο

384 3020 662 3064 somnum
681 3001 794 3064 ded
806 3001 1152 3076 uctus,mihi
1173 2999 1418 3062 videbar
1440 3002 1757 3082 quemdam
1783 3019 2027 3062 cernere

2120 3003 2284 3080 χθεὶς,
2319 2998 2528 3056 ἐδόκουν
2564 2999 2686 3053 τινὰ
2717 2999 2986 3076 μοναχὸν,
3021 2997 3179 3073 βαθὺν
3215 2997 3307 3051 τὸν
3343 2995 3584 3071 πώγωνα
3625 2993 3742 3046 καθ-

387 3091 745 3153 monachum
779 3089 1076 3172 promissa
1101 3090 1411 3170 densaque
1455 3089 1663 3166 barba,
1691 3091 1815 3171 jam
1848 3108 2027 3152 sene-

2120 3091 2350 3170 ειμὲνον,
2409 3092 2658 3168 γηρῶντα
2730 3087 2858 3166 ἤδη,
2919 3090 3006 3150 καὶ
3076 3087 3297 3152 πολιαῖς
3353 3082 3739 3162 κατηρτυμένον

384 3191 652 3244 scentem
676 3191 734 3242 et
756 3180 925 3242 canis
937 3179 1462 3260 conspersum,qui
1481 3179 1886 3259 interrogabat
1909 3198 2028 3260 me,

384 3271 658 3352 quisnam
683 3279 842 3333 esset
867 3269 1135 3344 morbus,
1171 3269 1454 3350 quidnam
1487 3268 1754 3331 malinos
1775 3270 2031 3332 invasis-

380 3361 776 3438 set.Cumque
799 3378 906 3439 ego
933 3361 988 3422 ei
1009 3360 1286 3421 morbum
1312 3358 1876 3432 ostendissem,ille:
1903 3361 2024 3423 Im-

381 3450 679 3532 plebisne,
715 3450 933 3530 inquit,
959 3459 1019 3511 tu
1043 3467 1417 3530 quaecunque
1439 3449 1562 3512 Deo
1589 3468 1654 3512 es
1675 3449 1980 3530 pollicitus
1997 3450 2028 3510 ?

385 3540 616 3603 Deinde
640 3558 774 3602 cum
799 3557 905 3620 ego
931 3540 1147 3601 iterum
1175 3539 1721 3621 promisissem,me
1746 3547 2022 3620 prompto

381 3638 439 3692 et
459 3630 640 3692 alacri
663 3629 864 3690 animo
898 3631 1102 3691 omnia
1145 3628 1532 3710 impleturum
1568 3647 1583 3691 :
1618 3628 1762 3708 Ego,
1797 3628 2020 3709 inquit,

379 3737 509 3779 sum
542 3717 913 3798 Euthymius,
947 3720 1048 3796 qui
1107 3718 1182 3779 ad
1241 3717 1594 3780 orientalem
1629 3717 2021 3780 solitudinem

381 3805 585 3866 habito
640 3807 701 3866 in
735 3815 1001 3868 torrente
1031 3809 1104 3869 ad
1136 3808 1460 3869 australem
1495 3817 1726 3888 partem
1753 3807 1862 3869 viae
1892 3827 2025 3888 qua

379 3892 838 3958 Hierichuntem
876 3895 1037 3958 ducit
1067 3898 1206 3971 sito,
1233 3897 1441 3959 decem
1478 3896 1748 3960 millibus
1777 3897 2024 3960 dissitus

377 4003 411 4045 a
433 3983 888 4066 Hierosolymis.
927 3985 990 4049 Si
1036 3987 1122 4047 vis
1145 4005 1284 4065 ergo
1310 3987 1579 4049 invenire
1605 3987 1742 4049 mali
1773 3988 2024 4050 solutio-

387 4092 548 4151 nem,
584 4075 719 4136 veni
759 4075 831 4136 ad
879 4075 1177 4153 me,ait,et
1207 4094 1313 4156 per
1345 4096 1452 4138 nos
1481 4075 1719 4138 sanabit
1749 4087 1804 4140 te
1837 4079 2020 4140 Deus.

385 4164 520 4227 Haec
551 4166 613 4228 in
646 4169 871 4228 somnis
903 4179 1213 4248 postquam
1247 4167 1896 4250 vidissem,essemque
1917 4187 2026 4230 ex-

384 4254 781 4336 citatus,patri
811 4257 1010 4319 statim
1034 4256 1373 4319 narravi.Et
1395 4277 1538 4320 ecce
1562 4257 1842 4320 omnibus
1873 4267 2032 4340 post-

2112 3184 2262 3259 ὁρᾷν,
2308 3179 2426 3247 ἥτις
2454 3201 2512 3236 τε
2556 3181 2590 3246 ἡ
2623 3183 2777 3242 νόσος
2808 3176 3143 3257 διερωτῶντά
3174 3197 3266 3256 με,
3319 3177 3411 3232 καὶ
3458 3175 3510 3230 τί
3535 3175 3597 3229 τὸ
3646 3192 3740 3226 κα-

2110 3275 2398 3346 τασκῆψαν
2443 3271 2514 3329 εἰς
2572 3270 2714 3341 ἡμᾶς
2775 3265 2796 3310 ί
2857 3269 3043 3346 κακὸν,
3107 3267 3531 3340 πυνθανόμενον.
3592 3259 3739 3334 Ἐμοῦ

2109 3362 2165 3419 δὲ
2215 3363 2278 3417 τὸ
2313 3361 2479 3423 πάθος
2524 3359 2666 3432 αύτῷ
2703 3355 3097 3432 δποδείξαντος,
3133 3356 3371 3430 ἐκεῖνος,
3402 3352 3571 3413 Ἀλλὰ
3599 3349 3734 3415 πλη-

2109 3465 2251 3532 ροῖς,
2297 3451 2482 3528 εἶπεν,
2515 3451 2668 3513 αὖτὸς
2700 3447 2801 3505 ὅσα
2829 3449 2908 3523 τῷ
2939 3453 3054 3522 Θεῷ
3085 3445 3398 3525 ἐπηγγείλω
3433 3465 3449 3516 ;
3486 3443 3608 3500 εἶτα
3635 3437 3734 3496 πά-

2109 3547 2190 3599 λιν
2233 3541 2364 3616 ἐμοῦ
2407 3541 2494 3596 καὶ
2538 3538 2683 3614 μάλα
2713 3537 2996 3617 προθύμως
3029 3539 3200 3594 πάντα
3259 3535 3570 3614 πληρώσειν
3613 3532 3733 3586 ὑπο-

2107 3631 2406 3713 σχομένου,
2441 3628 2583 3707 Ἐγώ
2613 3629 2720 3704 εἶμι
2767 3628 3048 3704 Εὖθύμιος,
3102 3625 3230 3706 ἔφη,
3265 3628 3292 3682 6
3325 3627 3460 3703 πρὸς
3489 3623 3557 3691 τῇ
3584 3623 3736 3713 ΪΑναο

2107 3710 2298 3798 τολικῇ
2355 3719 2540 3800 ἐρήμῳ
2594 3717 2646 3774 ἐν
2691 3725 2769 3792 τῷ
2812 3719 2948 3774 κατὰ
2991 3717 3146 3774 νότον
3188 3727 3216 3770 ε
3245 3716 3344 3784 τῆς
3409 3715 3542 3792 πρὸς
3583 3710 3730 3788 Ἱερι-

2108 3823 2312 3894 χοῦντα
2368 3807 2488 3866 ὀδοῦ
2530 3807 2810 3889 χειμάρῥῳ
2854 3809 3042 3887 οἰκῶν,
3087 3806 3213 3864 δέκα
3255 3805 3468 3882 μιλίοις
3520 3804 3735 3894 Ἰεροσο-

2111 3888 2293 3978 λύμων
2337 3898 2364 3941 ιι
2433 3888 2656 3978 διέχων,
2708 3897 2874 3975 Εἴπερ
2915 3899 3004 3953 οὖν
3059 3895 3239 3973 βούλει
3295 3902 3392 3952 τοῦ
3442 3898 3603 3950 κακοῦ
3645 3888 3734 3978 τὴν

2111 3972 2261 4049 λύσιν
2319 3972 2669 4068 εὕρετν,”ἑλθὲ
2713 3972 2858 4065 πρὸς
2887 4008 2980 4067 με,
3020 3972 3173 4065 φησὶ,
3219 3987 3310 4042 καὶ
3367 3985 3512 4041 ἰᾶταί
3567 4001 3622 4037 σε
3672 3972 3732 4032 δι’

2110 4085 2266 4157 ἡμῶν
2306 4078 2322 4121 ί
2364 4082 2391 4136 ὁ
2451 4078 2604 4140 Θεός.
2655 4085 2826 4134 Ταῦτα
2876 4076 3001 4155 ὄναρ
3042 4075 3190 4152 ἰδὼν,
3257 4077 3345 4132 καὶ
3407 4069 3726 4137 διυπνισθεὶς,

2111 4179 2190 4246 τῷ
2272 4170 2432 4247 πατρὶ
2506 4168 2692 4224 αὒτίκα
2747 4164 3119 4243 διηγησάμην,
3199 4166 3297 4221 Καὶ
3367 4162 3480 4220 ἰδοὺ
3535 4159 3728 4234 δεύτερα

2111 4262 2324 4338 θέμενοι
2383 4256 2578 4338 πάντα,
2638 4260 2711 4321 ὼς
2770 4258 2805 4325 ἡ
2850 4255 2972 4331 ὄψις
3015 4254 3322 4329 ὶπέσκηψε,
3380 4247 3723 4338 κατελάϐομεν

387 4332 794 4425 ροςὶῑὶείδιιο,
831 4355 891 4406 ut
905 4345 1086 4426 jussit
1118 4345 1288 4423 visio,
1325 4346 1602 4408 venimus
1633 4365 1813 4423 nunc,
1849 4332 2027 4428 teque

2120 4361 2222 4428 νῦν,
2269 4352 2359 4408 καὶ
2402 4348 2624 4423 δεόμεθα
2682 4346 2863 4414 δέησιν
2921 4345 3060 4402 πάνυ
3107 4343 3356 4423 σφόδραί
3404 4341 3596 4418 θερμὴν
3647 4332 3722 4390 καὶ

2257 4439 2276 4448 ι
2326 4441 2334 4448 ι
2497 4440 2509 4448 ι
2604 4436 2625 4448 λ
2686 4436 2705 4448 υ
2856 4437 2867 4448 ι
2987 4433 3010 4448 λ
3041 4437 3051 4448 ι
3175 4440 3197 4448 α
3311 4435 3324 4448 9
3484 4433 3495 4448 Ι
3611 4428 3718 4448 (7-...

383 4433 554 4495 valde
585 4442 643 4495 et
672 4435 850 4497 enixe
898 4453 1202 4514 rogamus,
1266 4444 1329 4498 ut
1362 4436 1535 4498 nobis
1566 4438 1852 4500 ostendas
1888 4458 2025 4501 vere

2120 4439 2424 4514 σπουδαίαν,
2493 4436 2762 4502 ὑποδεῖξαι
2823 4437 2912 4492 τὸν
2983 4433 3068 4492 διὰ
3134 4440 3235 4502 τῆς
3298 4433 3553 4494 ὀπτασίας
3604 4428 3718 4497 ἡμῖν

386 4522 651 4584 divinum
685 4532 744 4585 et
771 4525 1191 4586 admirabilem
1225 4525 1394 4586 illum
1429 4525 1755 4604 medicum,
1789 4534 1885 4608 qui
1921 4547 2029 4610 per

387 4611 676 4674 visionem
710 4613 886 4677 nobis
917 4613 1216 4676 indicatus
1245 4614 1382 4678 fuit.

469 4698 646 4765 XXII.
679 4700 820 4766 Haec
849 4703 1104 4766 audiens
1135 4703 1348 4767 beatus
1377 4703 1784 4780 Theoctistus,
1821 4717 1883 4768 et
1913 4727 2028 4789 quo

389 4791 566 4854 modo
598 4792 750 4855 visio
803 4802 1078 4876 apertum
1138 4796 1243 4856 Dei
1295 4795 1500 4874 gratiae
1552 4805 1714 4856 esset
1743 4795 2028 4860 indicium

386 4880 742 4960 admiratus,
773 4883 1098 4966 Euthymio
1132 4884 1516 4965 interrumpit
1541 4885 1824 4965 quietem,
1855 4889 2032 4969 eique

385 4973 588 5035 omnia
642 4973 878 5050 ordine,
962 4974 1133 5056 pueri
1196 4973 1496 5049 morbum,
1563 4975 1868 5038 neminem
1930 4980 2032 5059 qui

383 5072 621 5124 curaret
646 5061 973 5139 inventum,
1002 5066 1298 5145 promissa
1331 5065 1636 5126 communi
1672 5063 1927 5130 Domino
1959 5069 2032 5130 ab

383 5169 454 5214 eo
487 5151 664 5233 facta,
700 5173 982 5218 somnum
1017 5155 1209 5228 illum,
1250 5154 1546 5218 visionem
1579 5164 2034 5232 ostensam,uno

2109 4530 2406 4610 μηνυθέντα
2433 4531 2582 4584 θεῖον
2613 4525 2778 4592 ὄντως
2807 4529 2896 4583 καὶ
2926 4523 3218 4605 παράδοξον
3246 4524 3453 4604 ἰατρόν.

2197 4699 2326 4771 ΚΒ’.
2364 4713 2559 4766 Τοῦτον
2591 4705 2619 4748 ¹ι
2649 4708 2675 4762 6
2699 4705 2997 4784 μακαρίτης
3031 4703 3262 4768 ἀκούσας
3285 4703 3612 4769 Θεόκτιστος,
3638 4689 3712 4747 καὶ

2114 4801 2259 4866 ὅπως
2301 4802 2334 4868 ἡ
2394 4797 2517 4874 ὄψις
2575 4795 2773 4875 δεῖγμα
2809 4797 2972 4876 σαφὲς
3016 4796 3082 4863 ἧν
3114 4800 3213 4863 τῆς
3241 4801 3334 4852 τοῦ
3365 4801 3497 4853 Θεοῦ
3524 4787 3714 4876 χάριτος

2116 4868 2450 4969 ἐκπλαγεῖς(
2497 4868 2772 4944 διακόπτει
2816 4868 2915 4951 τὴν
2969 4886 3197 4965 ἠσυχίαν
3238 4891 3314 4960 τῷ
3356 4868 3606 4958 Εὐθυμίιρ,
3644 4868 3718 4969 καὶ

2115 4963 2316 5038 πάντα.
2351 4978 2473 5046 ἑξῆς
2533 4975 2701 5051 αὐτῷ,
2761 4975 2855 5032 τοῦ
2910 4963 3110 5039 παιδὸς
3160 4977 3224 5031 τὸ
3279 4977 3467 5054 πάθος,
3517 4970 3606 5034 τὴν
3642 4963 3720 5054 τνῦ

2115 5071 2534 5151 θεραπεύσοντος
2576 5067 2822 5139 ἀπορίαν,
2887 5065 2981 5129 τὰς
3041 5069 3201 5124 αὐτοῦ
3256 5066 3387 5142 πρὸς
3445 5066 3527 5119 τὸν
3567 5050 3722 5112 κοινὸν

2124 5161 2405 5227 Δεσπότην
2462 5155 2806 5236 ἐπαγγελίας,
2853 5155 3018 5214 ὕπνον
3062 5154 3297 5233 ἐκεῖνον,
3357 5155 3452 5223 τὴν
3497 5155 3722 5236 φανεῖσαν

387 5241 569 5304 verbo
593 5230 744 5306 nihil
799 5263 920 5306 non
952 5263 1021 5306 ac
1048 5244 1392 5323 singulatim
1423 5255 1726 5308 recenset.
1763 5230 2027 5331 Qui-ipse

2122 5255 2268 5331 ὄψιν,
2320 5251 2406 5307 καὶ
2452 5230 2639 5312 ἁπλῶς
2701 5249 2836 5304 κατὰ
2882 5247 3042 5322 μέρος
3102 5230 3301 5303 ἕκαστα
3332 5230 3722 5331 καταλέγει.⁴ὀ

385 5349 625 5412 quoque
657 5351 978 5414 persuasus
1001 5353 1128 5397 rem
1176 5334 1339 5397 illam
1373 5335 1575 5397 divino
1596 5342 1724 5414 geri
1751 5339 2034 5424 consilio,

2123 5320 2180 5402 δέ
2221 5320 2362 5401 θείαν
2407 5338 2524 5396 τινὰ
2567 5339 2628 5395 τὸ
2669 5320 2893 5418 πρᾶγμα
2923 5320 3228 5413 οἶκονομίαν
3277 5337 3362 5393 καὶ
3415 5331 3562 5393 αὐτὸς
3598 5320 3720 5380 εἶναι

1697 5497 1960 5568 VARIE
2010 5497 2450 5575 LECTIONES-

462 5626 488 5654 ο
518 5607 596 5670 al.
631 5609 764 5701 ins._
797 5613 997 5701 ofo'th,
1025 5612 1104 5701 al.
1139 5613 1314 5701 ὄντος.
1346 5693 1368 5701 η
1398 5615 1445 5658 θ’
1475 5615 1692 5701 supple
1734 5619 1942 5701 τέχναι,
2032 5624 2059 5664 ιι
2085 5627 2166 5690 al,
2219 5621 2630 5701 ἐπηγγελόμην.
2718 5629 2740 5655 ο
2773 5619 2853 5682 al.
2884 5622 3132 5695 ἱκετείαν,
3221 5617 3338 5678 fal.
3371 5619 3522 5693 ὑμᾶς.
3597 5613 3622 5653 ⁸
3645 5593 3712 5658 3'-

381 5691 572 5745 νῶτον.
658 5689 685 5730 ¹¹
714 5688 792 5750 al.
823 5689 944 5750 ins.
975 5693 1104 5750 ἀπὸ.

1191 5693 1204 5726 ι
1229 5693 1310 5755 ιι,
1345 5693 1494 5768 ἔμοῡ,
1552 5693 1605 5747 Ἰ
1638 5693 1913 5763 οἰκεῖοι)
1941 5703 2020 5769 al.

2107 5709 2136 5779 β
2165 5704 2247 5770 al.
2279 5704 2500 5766 τούτων,
