3972 6130
134 234 250 300 617

1453 237 1640 303 VITA
1682 237 1744 303 S.
1797 237 2206 302 EUTHYMII.

3413 239 3532 306 618

123 370 447 446 πιστέύσας,
510 373 748 431 κάτεισιν
819 372 1010 438 εὐθέως
1081 375 1212 453 πρὸς
1273 374 1395 437 τοὺς
1455 371 1782 454 Βαρϐάρους,

1905 375 2065 436 latim
2122 373 2435 438 descendit
2466 373 2540 436 ad
2575 371 2899 447 Barbaros,
2934 379 2992 434 et
3036 373 3388 436 ardentibus
3421 393 3526 456 pro

122 463 208 517 καὶ
256 462 701 539 ὑπερευξάμενος
730 463 939 540 θερμῶς
982 471 1076 521 τοῦ
1115 461 1328 544 παιδὸς,
1361 465 1450 520 καὶ
1511 466 1652 540 αὖτῷ
1707 468 1800 522 τὸν

117 558 210 607 τοῦ
240 554 486 630 σταυροῦ
515 555 685 610 τύπον
730 551 1025 626 ἐπιϐαλὼν,
1060 555 1120 610 οὗ
1151 553 1353 634 χρόνου
1403 551 1596 624 ἐδεήθη
1628 556 1796 629 τινὸς,

1885 483 2072 544 puero
2105 464 2255 527 fusis
2287 462 2593 546 precibus,
2628 462 2900 541 factaque
2928 480 3113 542 super
3141 462 3309 524 illum
3341 465 3536 526 crucis

1883 553 2089 631 ﬁgura,
2128 573 2245 617 non
2277 555 2478 635 aliquo
2512 571 2660 633 Opus
2692 550 2898 634 habuit
2928 559 3224 633 tempore,
3255 572 3375 615 non
3405 572 3535 616 ma-

117 644 175 700 εὗ
220 639 490 704 πλείονος
527 643 624 710 τῆς
672 645 803 721 πρὸς
864 643 962 712 τὴν
1021 646 1195 724 εὐχὴν
1254 641 1617 724 προσεδρείας,
1678 644 1799 702 ἀλλ’

1909 662 2012 704 ore
2045 645 2106 706 in
2139 646 2364 708 orando
2414 639 2879 724 perseverantia,
2914 641 3020 704 sed
3061 660 3194 705 cum
3241 643 3538 708 valentem

117 729 431 808 ἔῤῥωμένον
495 734 659 790 αὐτὸν
743 736 828 789 καὶ
900 734 1024 812 ὑγιᾶ
1096 732 1379 800 καθάπαξ¹
1462 739 1800 816 παραχρῆμα

119 821 436 900 ἐργάζεται,

205 909 345 973 Kl".
418 912 812 983 Καταπλήττει
868 913 992 975 τοὺς
1058 910 1362 994 Βαρϐάρους
1433 915 1495 970 τὸ
1553 915 1797 992 γεγονὸς,

123 1002 211 1057 καὶ
269 1003 483 1059 θαττον
519 1002 557 1070 ἢ
614 1005 642 1058 ὁ
699 1003 931 1082 πάσχων
987 1003 1048 1059 τὸ
1101 1009 1280 1084 σῶμα,
1315 1004 1401 1060 καὶ
1442 1002 1588 1061 αὐτοὶ
1640 1007 1800 1084 θερα-

126 1092 380 1147 πεύονται
450 1093 585 1154 τὰς.
615 1093 820 1172 ψυχάς
888 1090 1178 1168 μᾶλλονδὲ
1238 1099 1429 1155 κοινῶς
1473 1094 1656 1150 ἰῶνται
1700 1094 1801 1160 τὴν

126 1189 222 1251 τῆς
283 1187 490 1264 ψυχῆς
553 1185 717 1258 ἴασιν,
780 1187 870 1242 καὶ
926 1188 1105 1243 πιστοὶ
1176 1187 1472 1265 παραυτίκα
1543 1187 1799 1264 γίνονται,

131 1277 224 1329 Διὸ
279 1297 375 1329 και
422 1288 662 1352 πρηνεῖς
696 1273 783 1331 ἐπ’
835 1273 1054 1355 ἐδάφους
1089 1277 1306 1338 ἑαυτοὺς
1343 1277 1615 1354 ῥίψαντες,
1651 1276 1802 1334 δέον-

129 1385 214 1420 ται
266 1362 370 1429 τῆς
407 1363 576 1442 ἆγιας
635 1365 842 1432 ἐκείνης
903 1371 1112 1446 ψυχῆς,
1144 1367 1284 1423 ὥστε
1336 1373 1404 1444 τῇ
1432 1374 1524 1424 τοῦ
1579 1374 1807 1446 Χριστοῦ

129 1451 394 1532 σφραγῖδι
462 1455 865 1528 σημειωθῆναι,
900 1457 996 1512 καί
1041 1463 1134 1513 τοῦ
1178 1461 1284 1512 τῶν
1319 1457 1646 1534 Χριστιανῶν
1703 1455 1808 1532 μὲ-

129 1564 252 1619 ρους
286 1542 602 1610 ἀξιωθῆναι
627 1545 716 1600 καὶ
756 1545 850 1602 τοῦ
880 1545 1162 1621 ὀνόματος,

214 1631 362 1706 KA',
402 1633 638 1696 Πάντως
687 1631 744 1689 δὲ
787 1634 886 1691 οὒκ
939 1633 1003 1702 ἦν
1054 1633 1238 1712 ἀνδρὸς
1289 1634 1534 1714 φιλοθέου
1563 1637 1623 1692 τὸ
1669 1636 1802 1712 μέλ’

1887 742 1946 795 et
1975 735 2217 796 omnino
2242 751 2451 796 sanum
2481 733 2676 795 statim
2709 731 2908 794 efﬁcit.

1967 911 2172 976 XXIII.
2211 911 2493 976 Percellit
2526 909 2819 974 Barbaros
2853 911 2912 973 id
2943 911 3101 993 quod
3129 913 3346 976 factum
3400 916 3534 979 fue-

1884 1009 1998 1077 rat,
2027 1012 2086 1062 et
2117 1001 2291 1063 citius
2321 1020 2496 1083 quam
2531 999 2733 1079 aegroti
2772 1017 3014 1082 corpus,
3053 1018 3262 1064 eorum
3297 1022 3538 1086 quoque

1886 1101 2171 1152 curantur
2225 1091 2463 1167 animae,
2527 1108 2633 1151 seu
2693 1090 2880 1168 magis
2937 1089 3154 1153 animae
3215 1095 3532 1156 sanitatem

1886 1181 2290 1243 communiter
2339 1179 2670 1260 accipiunt,
2730 1179 2996 1260 ﬁuntque
3045 1181 3244 1242 statim
3300 1183 3538 1253 ﬁdeles.

1888 1270 2178 1344 Quocirca
2234 1272 2401 1351 proni
2435 1270 2496 1331 in
2528 1269 2719 1331 solum
2762 1269 3150 1350 projicientes
3203 1289 3294 1354 se,
3325 1281 3537 1353 rogant

1892 1368 2155 1421 sanctam
2217 1361 2382 1428 illam
2435 1359 2720 1436 animam,
2753 1371 2821 1420 ut
2869 1357 3087 1421 Christi
3146 1359 3540 1442 obsignentur

1892 1450 2220 1530 signaculo,
2254 1455 2610 1530 partemque
2658 1467 2723 1510 ac
2784 1466 3003 1510 nomen
3062 1449 3537 1515 Christianorum

1891 1548 2356 1621 consequantur.

1970 1628 2181 1694 XIXV.
2203 1631 2358 1694 Num
2387 1640 2516 1691 erat
2538 1637 2734 1690 autem
2757 1632 3003 1690 omnino
3023 1629 3133 1691 viri
3160 1630 3241 1712 pii
3263 1641 3322 1693 et
3351 1633 3542 1695 Deum

130 1721 239 1777 λειν
302 1725 362 1778 ἐν
396 1735 529 1784 τοῖς
575 1724 854 1788 τοιούτοις.
904 1725 1105 1780 Οὐκοῦν
1158 1722 1274 1780 οὒδὲ
1328 1726 1566 1799 ιιὶῦθυμίῳ
1597 1727 1656 1781 τὸ
1700 1748 1802 1782 πα-

1904 1718 2450 1794 tmantis,cunctari
2473 1718 2534 1780 in
2564 1717 2745 1780 rebus
2767 1718 3130 1798 hujusmodi.
3161 1722 3367 1803 Neque
3400 1741 3542 1803 ergo

132 1804 307 1878 ρὰπαν
360 1801 646 1878 μέλλησις
677 1803 767 1871 ἦν.
822 1801 974 1859 Ἀλλ’
1003 1802 1128 1860 ἰδὼν
1170 1805 1356 1870 αὐτοὺς
1388 1803 1571 1883 καρδίᾳ
1599 1804 1806 1880 μᾶλλον

128 1893 162 1959 ἢ
221 1892 471 1967 στόματι
549 1894 611 1948 τὸ
667 1893 806 1970 ἱερὸν
851 1894 1129 1970 βάπτισμα.
1176 1893 1540 1974 αἰτουμένους,
1603 1894 1805 1952 κελεύει

132 1985 345 2062 μακρὰν
379 1998 427 2028 ιιι
474 1985 532 2041 ἐν
575 2007 678 2042 τινι
735 1992 830 2042 τοῦ
882 1985 1150 2054 σπηλαίου
1206 1988 1372 2064 γωνία
1431 1985 1805 2068 κολυμϐήθραν

131 2072 543 2152 σχεδασθῆναι·
589 2074 708 2142 ἥτις
767 2077 854 2131 καὶ
913 2077 986 2141 εἷς
1044 2075 1163 2132 τόδε
1225 2075 1425 2156 χρόνου
1481 2078 1626 2153 μένει
1677 2101 1802 2135 συν-

139 2165 448 2239 ισταμένη’
521 2167 610 2222 καὶ
639 2166 733 2231 τὰς
779 2166 1026 2236 συνήθεις
1057 2166 1227 2245 εὺχὰς
1273 2167 1533 2242 ἐπειπὼν,
1569 2169 1657 2225 καὶ
1712 2167 1806 2226 ὅσα

133 2253 300 2327 νόμος
336 2253 434 2311 ἐπ’
488 2256 673 2318 αὐτοῖς
724 2253 970 2330 τελέσας,
1007 2260 1188 2333 πρῶτα
1221 2256 1319 2330 μὲν
1363 2259 1453 2313 τὸν
1485 2255 1808 2314 Ἀσπέϐετον

135 2343 413 2420 βαπτίζει,
461 2344 656 2422 Πέτρον
691 2345 1092 2421 μετονομάσας,
1141 2346 1264 2412 ὲξῆς
1314 2343 1369 2402 δὲ
1419 2347 1610 2426 Μάριν,
1644 2346 1806 2406 ἀδελ-

138 2435 233 2512 φδν
291 2439 398 2501 τῆς
483 2436 733 2513 γυναικὸς
795 2432 1141 2493 Ἀσπεϐἐτοδ·
1203 2435 1479 2500 ἐπικαιετς
1523 2435 1684 2516 ἄμφω
1746 2441 1806 2496 τὸ

143 2523 321 2599 γένος,
353 2522 582 2599 πλούτῳ
639 2545 698 2581 τε
740 2525 897 2602 βαθεῖ
952 2531 1260 2604 κομῶντας,
1310 2526 1396 2583 καὶ
1451 2526 1662 2584 συνέσει
1717 2529 1806 2584 καὶ

143 2613 306 2690 ἁρετῇ
367 2613 586 2690 μᾶλλον
616 2616 708 2670 τὸν
763 2613 995 2671 πλοῦτον
1025 2621 1381 2690 κοσμοῦντας,
1413 2615 1449 2684 ἢ
1501 2618 1589 2672 καί
1644 2619 1803 2676 αὐτὸν

148 2703 235 2757 τὴν
295 2702 536 2761 πλοῦτον
598 2704 844 2760 ὑπόθεσιν
904 2703 1099 2782 ἀρετῆς
1169 2704 1544 2780 ποιουμένους·
1619 2705 1802 2763 ἔπειτα

150 2791 201 2846 οὲ
257 2792 541 2869 Τερέόωνα
570 2794 658 2850 καὶ
720 2794 838 2868 μετ’
883 2795 1040 2852 αὐτὸν
1101 2795 1218 2858 τοὺς
1277 2792 1516 2858 λοιπούς⁶
1564 2797 1651 2858 οὒς
1699 2794 1796 2866 δή·

154 2902 252 2936 που
304 2881 404 2938 καί
473 2883 863 2960 τεσσαράκοντα
920 2882 1045 2962 παρ’
1105 2883 1275 2956 ἑαυτῷ
1326 2885 1617 2964 κατασχὼν
1659 2887 1801 2960 ἠμέ-

156 2991 270 3050 ρας,
330 2974 424 3028 καὶ
498 2971 820 3051 παραινέσας
851 2981 901 3048 ιι,
963 2973 1052 3029 καὶ
1129 2973 1227 3039 τὴν
1299 2971 1566 3030 εὐσέϐειαν
1618 2975 1801 3040 αὐτοῖς

156 3060 673 3140 ἐξακριϐωσάμενος,
705 3063 794 3118 καὶ
844 3063 1020 3118 πάντα
1069 3061 1264 3142 τρόπον
1317 3063 1383 3119 τὰ
1428 3065 1558 3141 πρὸς
1614 3086 1801 3134 σωτη-

163 3151 270 3224 ρίαν
326 3149 543 3231 ἀσφαλῆ
599 3152 842 3231 θέμενος,
909 3151 1130 3231 ἀφίησιν
1199 3150 1253 3207 ἐν
1296 3150 1504 3230 εἶρήνῃ⁹
1551 3154 1804 3228 οὐμενοῦν

162 3237 515 3320 Ἀγαρηνους,
575 3240 652 3297 ἔτι
710 3240 765 3297 δὲ
823 3239 941 3300 οὐδὲ
1021 3239 1366 3316 ἰσμαηλίτας
1399 3248 1446 3314 ⁸,
1503 3240 1639 3299 ἀλλὰ
1707 3245 1803 3313 τῆς

173 3328 362 3407 Σάρρας
418 3330 736 3409 ἁπογόνους,
805 3333 894 3388 καὶ
967 3330 1332 3410 κληρονόμους
1400 3330 1651 3406 ἀψευδεῖς
1709 3339 1806 3402 τῆς

179 3416 507 3500 ἐπαγγελίας,
535 3419 610 3477 διὰ
656 3427 748 3477 τοῦ
780 3421 917 3476 θείου
959 3419 1351 3496 βαπτίσματος.

260 3500 382 3571 κε’.
440 3501 494 3567 Ὀ
538 3511 721 3586 μέντοι
784 3512 976 3590 Μάρις,
1012 3512 1040 3566 ὃ
1077 3512 1166 3567 καὶ
1221 3513 1366 3573 θεῖος
1411 3512 1544 3589 πρὸς
1602 3513 1805 3589 μητρὸς

177 3598 248 3669 τῷ
302 3596 572 3674 Τερέϐωνι,
605 3598 778 3656 ονὸκέτι
833 3597 949 3657 οὗδὲ
1001 3597 1217 3674 βλέψειν
1263 3599 1334 3663 εἷς
1381 3599 1448 3655 τὰ
1491 3600 1662 3656 ὀπίσω
1714 3597 1804 3655 εἷ-

172 3683 307 3760 λετο,
365 3687 484 3745 οὐδὲ
524 3687 826 3756 ἀποστῆναι
885 3693 984 3756 τῆς
1057 3690 1228 3761 μονῆς
1304 3687 1442 3752 ὅλως
1514 3688 1800 3770 ἠνέσχετο’

169 3774 299 3834 ἀλλὰ
353 3784 527 3836 πᾶσαν
561 3781 888 3857 καθιερώσας
946 3781 1079 3855 αὒτῇ
1106 3779 1205 3846 τὴν
1263 3782 1464 3852 οὐσίαν,
1499 3779 1587 3835 καὶ
1644 3779 1806 3856 μικρᾶ

168 3867 229 3922 τὰ
269 3867 323 3924 ἐν
357 3874 438 3942 τῷ
495 3868 684 3944 κόσμῳ
714 3867 890 3926 πάντα
951 3871 1191 3944 νομίσας,
1231 3870 1313 3926 καὶ
1369 3867 1486 3926 οὐδὲ
1517 3867 1658 3934 ἄξιον
1715 3870 1808 3926 τὸν

167 3957 288 4032 πρὸς
349 3957 484 4015 αὐτὰ
511 3956 676 4015 πόθον
733 3962 916 4038 ψυχῆς
947 3960 1189 4036 εὖγενους
1231 3980 1292 4016 τε
1322 3960 1408 4016 καὶ
1463 3957 1806 4038 μεγαλόφρο-

165 4068 266 4121 νος,
313 4048 434 4124 Θεῷ
462 4045 859 4128 προσκολλᾰται
904 4047 1075 4128 μόνῳ,
1118 4050 1208 4104 καὶ
1261 4048 1350 4106 ὑπ’
1400 4049 1543 4123 αὐτῷ
1571 4055 1669 4126 ζῇν
1727 4047 1812 4106 διὰ

161 4137 331 4206 πάσης
389 4137 487 4206 τῆς
517 4140 660 4210 ζωῆς
701 4136 924 4213 τίθεται,
955 4144 1032 4212 τῷ
1061 4136 1282 4216 μεγάλῳ
1308 4143 1593 4218 καθηγητῇ
1648 4139 1806 4220 χρώ-

159 4247 314 4300 μενος
326 4277 341 4292 ,

239 4306 392 4392 κς·’.
450 4319 554 4374 Τοῦ
580 4318 846 4392 θαύματος
896 4315 950 4372 δὲ
984 4315 1267 4398 πολλαχοό
1309 4323 1404 4396 τῇς
1438 4317 1639 4398 ἐρήμου
1684 4317 1803 4375 δια-

163 4401 424 4483 δοθέντος,
457 4405 652 4464 πολλοὶ
681 4406 814 4485 πρὸς
873 4408 963 4463 τὸν
996 4407 1144 4463 θεῖον
1191 4408 1444 4484 Εὗθύμιον
1475 4409 1661 4464 πάθεσι
1719 4409 1808 4464 καὶ

166 4497 335 4563 νόσοις
407 4495 853 4574 κανειλημμένοι,
929 4495 1270 4576 πολλαχόθεν
1340 4495 1632 4576 συνέῤῥεονσ

169 4585 326 4649 οὕτως
386 4583 610 4664 ἅμισθόν
655 4609 714 4644 τε
773 4588 856 4643 καὶ
917 4587 1117 4667 εὔχερῆ
1153 4587 1434 4665 θεραπείαν
1492 4589 1808 4668 τρυγῶντες,

169 4680 436 4757 χοίροντες
491 4677 817 4754 ἐπανῄεσαν*
853 4676 993 4734 ὥστε
1037 4675 1204 4740 οὕτως
1238 4675 1292 4734 ἐν
1350 4677 1552 4758 βραχεῖ
1581 4675 1649 4733 δι’
1680 4677 1812 4746 ὅλης

170 4765 429 4844 ἐξέλαμψε
488 4769 586 4834 τῆς
658 4767 884 4846 ἐρήμου,
945 4768 1019 4830 ὡς
1093 4764 1229 4842 μηδὲ
1294 4767 1443 4842 πάσῃ
1516 4769 1704 4825 τούτου
1753 4769 1812 4824 τὸ

169 4855 330 4934 ὄνομα
375 4859 443 4933 τῇ
501 4856 830 4933 Πα)αιστίνῃ
887 4858 1144 4936 χωρητὸν
1200 4856 1368 4930 εἶναι,
1421 4854 1558 4913 ἀλλὰ
1600 4855 1667 4926 δὴ
1725 4858 1814 4914 καὶ

168 4949 294 5026 πρὸς
368 4948 464 5011 τὰς
534 4944 716 5020 κύκλῳ
785 4943 1072 5004 διαϐαίνειν
1147 4947 1412 5027 ἐπαρχίας
1441 4993 1458 5022 ,
1522 4947 1610 5004 καὶ
1679 4946 1814 5005 πολὺ

165 5045 314 5097 τοῦτο
371 5039 461 5096 καὶ
505 5041 561 5094 ἐν
591 5039 782 5102 αὐταῖς
835 5034 1068 5094 ἄδεσθαι·
1130 5037 1261 5114 ὅπερ
1319 5035 1469 5110 ἄλλῳ
1521 5037 1643 5114 μὲν,
1676 5036 1811 5103 ἴσως

164 5130 246 5186 καὶ
299 5129 437 5204 πρὸς
467 5125 664 5197 ἡδονῆς
695 5126 786 5195 ἦν’
836 5126 1074 5203 Εὖθυμίῳ
1103 5125 1180 5200 δὲ,
1219 5127 1542 5204 ἀγανακτεῖν
1591 5127 1757 5184 ἐποίει
1786 5137 1814 5181 ι)

175 5215 367 5299 σοόδρα
421 5219 510 5276 καὶ
567 5216 951 5299 δυσχεραίνειν
1014 5215 1072 5272 οὗ
1127 5215 1293 5292 μόνον
1357 5223 1434 5292 τῷ
1499 5217 1600 5284 τὴν
1659 5214 1811 5284 δόξαν

171 5305 525 5388 ἀπεστράφθαι
585 5305 684 5374 τὴν
713 5305 1070 5386 ἀνθρωπίνην,
1104 5303 1242 5363 ἀλλὰ
1287 5305 1487 5380 καὶτῷ
1528 5311 1628 5374 τῆς
1671 5310 1806 5378 ἡσυ-

170 5397 286 5478 χίας
343 5396 840 5475 ἀναμιμνήσκεσθαι
869 5399 969 5464 τῆς
1021 5393 1307 5475 προτέρας,
1337 5395 1430 5453 καὶ
1476 5393 1626 5460 ὅπως
1669 5395 1808 5454 ἀπε-

1890 1809 2001 1870 luit
2023 1810 2341 1890 Euthymio
2374 1808 2491 1871 ulla
2521 1807 2842 1870 cunctatio:
2870 1809 2975 1871 sed
3007 1809 3213 1872 videns
3234 1831 3338 1874 eos
3361 1813 3544 1876 corde

1893 1899 2083 1976 magis
2106 1911 2282 1980 quam
2304 1916 2409 1961 ore
2431 1917 2666 1960 sacrum
2694 1897 2992 1979 baptisma
3017 1901 3342 1982 postulare,
3367 1901 3545 1983 jubet

1892 2006 2130 2069 parvam
2165 1988 2454 2069 piscinam
2487 1990 2546 2050 in
2603 1988 2860 2070 quodam
2894 1989 3192 2069 speluncae
3222 1991 3439 2072 angulo
3472 2011 3545 2054 ex

1891 2086 2161 2158 tempore
2209 2079 2337 2141 ﬁeri
2373 2101 2388 2156 ;
2421 2095 2554 2158 quin
2583 2077 2827 2158 quidem
2871 2097 3065 2160 usque
3094 2081 3156 2140 in
3186 2081 3346 2142 hunc
3379 2080 3542 2143 diem

1892 2168 2210 2248 consistit;
2272 2178 2332 2230 et
2390 2175 2710 2230 consuetas
2767 2169 3066 2232 orationes
3125 2171 3543 2252 pronuntians,

1890 2257 2240 2338 cunctisque
2271 2276 2404 2338 qua:
2436 2258 2526 2319 lex
2561 2257 2832 2339 praecipit
2859 2277 3044 2339 super
3090 2259 3225 2323 illos
3256 2261 3539 2343 peractis,

1891 2345 2084 2428 primo
2104 2345 2346 2424 quidem
2370 2346 2738 2427 Aspebetum
2773 2349 3051 2428 baptizat,
3073 2348 3316 2412 Petrum
3342 2359 3541 2412 trans-

1888 2439 2231 2498 nominans:
2259 2437 2540 2518 deincaps
2574 2445 2775 2500 autem
2798 2439 3030 2510 Marim,
3066 2439 3310 2502 fratrem
3341 2439 3542 2502 uxoris

1888 2525 2416 2607 Aspebetizambos
2439 2527 2633 2589 claros
2654 2536 2968 2606 genere,et
2988 2527 3378 2609 amplissimis
3395 2527 3541 2591 divi-

1889 2615 1987 2676 tiis
2022 2619 2366 2692 instructos,
2402 2634 2510 2678 seu
2545 2615 2745 2696 potius
2775 2616 2880 2694 qui
2907 2616 3222 2698 prudentia
3248 2628 3306 2680 et
3325 2618 3541 2680 virtute

1886 2713 2170 2767 ornarent
2189 2705 2445 2780 divitias,
2472 2715 2572 2768 aut
2593 2707 2768 2767 etiam
2795 2706 2896 2786 qui
2919 2707 3077 2787 ipsas
3098 2725 3243 2788 opes
3272 2707 3537 2769 facerent

1892 2797 2195 2858 materiam
2250 2796 2526 2877 virtutis;
2576 2795 2798 2858 deinde
2847 2814 2986 2859 vero
3035 2797 3435 2876 Terebonem,
3468 2815 3537 2858 ac

1891 2895 2022 2964 post
2051 2885 2247 2965 ipsum
2300 2885 2561 2966 reliquos
2593 2905 2608 2946 :
2642 2904 2792 2966 quos
2823 2885 3030 2967 utique
3059 2894 3118 2948 et
3148 2885 3538 2967 quadraginta

1885 2975 2018 3037 dies
2049 2975 2203 3056 apud
2238 2993 2304 3038 se
2336 2973 2607 3056 retinuit,
2645 2984 2705 3036 et
2751 2976 2935 3037 multa
2966 2977 3216 3051 monuit,
3253 2975 3537 3057 piumque

1887 3064 2200 3143 religionis
2224 3065 2446 3127 cultum
2472 3073 2748 3128 accurate
2767 3065 2998 3141 docuit,
3029 3074 3204 3148 atque
3226 3067 3389 3127 omni
3412 3084 3539 3128 mo-

1887 3155 1963 3216 do
2007 3155 2194 3216 ﬁrmis
2219 3155 2480 3236 tutisque
2514 3154 2770 3218 redditis
2792 3174 2922 3236 quae
2951 3155 3024 3217 ad
3046 3157 3298 3217 salutem
3343 3155 3537 3237 perti-

1890 3243 2289 3319 nent,dimisit
2313 3251 2372 3306 in
2389 3263 2687 3325 pacemon
2712 3253 2910 3306 tamen
2935 3243 3192 3326 amplius
3214 3249 3532 3325 Agarenos,

1891 3353 2000 3396 nec
2029 3333 2383 3408 Ismaelilas,
2417 3334 2522 3397 sed
2557 3333 2716 3396 Sara;
2757 3334 3131 3414 progeniem,
3164 3342 3358 3396 certos
3391 3352 3528 3414 pro-

1891 3424 2195 3486 missionis
2229 3423 2525 3492 haredes,
2559 3442 2666 3504 per
2688 3423 2955 3485 divinum
2987 3423 3299 3504 baptisma.

1967 3513 2152 3577 XXV.
2213 3515 2288 3576 At
2351 3512 2554 3589 Maris,
2608 3512 2937 3575 Terebonis
3009 3513 3356 3588 avunculus,
3413 3532 3533 3576 non

1886 3603 2144 3684 amplius
2202 3602 2384 3664 voluit
2443 3611 2608 3664 retro
2681 3603 2973 3684 aspicere,
3035 3621 3234 3680 neque
3287 3603 3532 3665 omnino

1886 3693 2172 3756 sustinuit
2199 3691 2512 3756 discedere
2557 3713 2591 3755 a
2621 3693 2983 3756 monasterio
3019 3713 3035 3774 ;
3070 3691 3174 3754 sed
3206 3693 3264 3754 ei
3311 3711 3531 3756 conse-

1891 3784 2067 3845 cratis
2125 3783 2406 3844 omnibus
2479 3782 2885 3859 facultatibus,
2945 3790 3278 3863 cunctaque
3355 3782 3533 3862 hujus

1892 3871 2099 3934 mundi
2144 3881 2305 3934 ratus
2336 3890 2468 3935 esse
2503 3891 2698 3954 parva,
2735 3891 3107 3954 quorumque
3164 3871 3533 3935 desiderium

1891 3962 2214 4024 dedeceret
2272 3963 2536 4024 animum
2596 3980 2954 4042 generosum
3015 3971 3072 4024 et
3128 3961 3530 4043 magnificum,

1893 4051 2006 4114 soli
2065 4053 2190 4115 Deo
2215 4051 2481 4115 adhaeret
2537 4061 2595 4114 et
2657 4070 2766 4133 per
2813 4060 2993 4114 totam
3025 4058 3259 4115 aetatem
3289 4055 3406 4115 sub
3459 4071 3530 4116 eo

1893 4142 2091 4205 vivere
2126 4143 2354 4220 statuit,
2390 4160 2603 4222 magno
2635 4149 2807 4206 utens
2835 4141 3106 4205 ductore.

1971 4319 2180 4384 XXVI.
2208 4320 2321 4385 Ubi
2344 4329 2544 4384 autem
2571 4321 2925 4385 miraculum
2948 4321 3286 4404 dispersum
3310 4331 3403 4386 est
3434 4337 3542 4401 per

1893 4414 2107 4473 multas
2131 4424 2328 4493 partes
2354 4411 2720 4486 solitudinis,
2747 4411 2918 4473 multi
2952 4412 3181 4474 morbis
3210 4419 3270 4473 et
3292 4412 3537 4489 aegritu-

1722 4499 1806 4555 καὶ
1834 4498 2142 4573 Ddinibus
2169 4501 2431 4582 correpti
2451 4501 2524 4563 ad
2546 4501 2808 4564 divinum
2836 4502 3216 4582 Euthyminm
3241 4501 3546 4582 undequa-

1896 4609 2014 4671 que
2043 4591 2658 4673 conﬂuebantzsicque
2689 4592 3063 4653 curationem
3095 4592 3228 4653 sine
3261 4591 3541 4654 mercede

1896 4698 1965 4743 ac
2013 4679 2247 4742 facilem
2281 4681 2661 4761 colligentes,
2696 4680 3153 4744 revertebantur
3181 4682 3347 4759 laeti;
3391 4680 3542 4742 adeo

1896 4779 1959 4832 ut
1989 4769 2152 4831 brevi
2173 4770 2262 4832 sic
2285 4789 2392 4851 per
2421 4779 2598 4833 totam
2627 4771 2824 4834 clarus
2851 4772 3102 4835 evaserit
3130 4771 3538 4847 solitudinem,

1897 4869 1961 4922 ut
1990 4878 2102 4922 nec
2132 4861 2261 4940 ejus
2302 4879 2523 4923 nomen
2547 4869 2667 4923 tota
2689 4874 2935 4942 caperet
2974 4862 3304 4939 Palaestina,
3335 4860 3442 4921 sed
3467 4859 3542 4920 ad

1897 4949 2241 5031 provincias
2287 4951 2466 5012 etiam
2518 4951 2800 5014 transiret
2855 4952 3246 5016 circumcirca
3296 4951 3540 5031 positas,

1896 5043 2091 5116 ibique
2114 5043 2279 5102 valde
2301 5045 2713 5102 celebraretur.
2748 5044 2910 5113 Quod
2932 5045 3032 5102 alii
3051 5044 3280 5117 quidem
3297 5043 3546 5101 fortasse

1893 5129 2103 5192 fuisset
2126 5129 2432 5211 voluptati;
2453 5129 2768 5211 Euthymio
2799 5136 2998 5191 autem
3031 5147 3306 5210 magnam
3340 5126 3540 5210 pariec

1893 5219 1992 5282 bat
2013 5218 2486 5300 indignationem
2512 5227 2571 5281 et
2595 5218 2972 5293 molestiam;
3007 5238 3128 5281 non
3156 5219 3346 5282 solum
3377 5216 3538 5298 quod

1890 5310 2214 5373 humanam
2263 5318 2635 5373 aversaretur
2680 5308 2956 5389 gloriam,
2989 5309 3096 5372 sed
3152 5309 3329 5373 etiam
3379 5305 3541 5389 quod

1891 5398 2112 5482 prioris
2143 5397 2520 5463 meminisset
2564 5397 2804 5481 quietis,
2839 5399 3344 5480 quemadmodum
3375 5397 3438 5460 in
3468 5412 3546 5460 ea

1485 5493 1743 5558 VABUE
1781 5496 2224 5564 LECTIONES.

245 5588 456 5654 labest
482 5587 556 5651 ab
586 5586 665 5651 al.
751 5598 795 5630 ιιι
821 5582 900 5646 al.
930 5585 1150 5662 μικράν.
1239 5596 1268 5626 ιι
1296 5582 1374 5648 al.
1411 5582 1532 5647 ins.
1568 5585 1769 5650 πολλά.

485 5699 749 5761 Ρλτιιοι..
779 5693 892 5758 Gn.
928 5692 1136 5760 CXIV.

1853 5596 1878 5623 °
1908 5588 2078 5652 abest
2109 5588 2184 5652 ab
2213 5591 2293 5653 al.

2379 5600 2406 5643 Ι)
2435 5589 2514 5652 al.
2549 5589 2725 5670 ἐπῄει,

3167 5701 3247 5766 20
