3972 6130
170 240 276 308 621
1495 238 1685 306 VITA
1730 241 1791 303 S.
1839 234 2251 302 EUTHYMII.
3442 239 3560 305 622

168 378 412 457 Πάσχων
474 375 538 434 δὲ
601 375 758 452 οὕτω,
811 379 899 435 καὶ
955 379 1056 434 ὑπὸ
1115 375 1364 456 χαλεποῦ
1405 374 1650 451 δαίμονος
1709 397 1824 432 συν-

1921 369 2069 435 Cum
2101 381 2300 433 autem
2332 371 2420 432 sic
2450 377 2846 453 pateretur,et
2863 369 2940 434 ab
2963 371 3214 434 immani
3247 384 3562 438 vexaretur

163 468 469 546 61.698904,
519 469 590 524 τὸ
627 474 720 524 τοῦ
780 465 1039 541 Εὔθυμίου
1080 465 1249 542 ὄνομα
1293 464 1514 539 λαμπρᾷ
1570 469 1640 540 τῇ
1681 462 1834 543 φωνῆ

161 554 291 612 ἐϐόα
327 571 341 586 ⁸
395 553 539 612 ἐϐόα
599 555 652 612 δὲ
710 553 777 612 δι’
837 555 999 614 αὒτοῦ
1041 555 1248 631 μᾶλλον
1293 557 1398 635 οὐχ
1441 555 1602 628 ἑκὼν,
1643 551 1762 610 ἀλλ’
1806 555 1833 606 ὁ

159 650 441 720 τυραννῶν
536 645 780 720 ἄντικρυς
863 645 1308 724 τυραννούμενος.
1411 635 1668 724 Ὀρῶντες
1745 641 1835 698 οὖν

159 734 320 791 αὖτὸν
369 733 432 792 οἵ
486 757 548 792 τε
580 733 806 812 πατέρες
837 736 927 791 καὶ
979 736 1025 790 οἱ
1077 735 1466 813 προσήκοντες,
1523 732 1689 797 οὕτως
1750 731 1836 789 ἐπὶ

157 823 418 902 γλώττης
455 825 550 881 ἀεὶ
595 826 657 882 τὸ
717 825 810 880 τοῦ
868 824 1126 900 Εὖθυμίου
1174 823 1468 903 στρέφοντα
1498 820 1694 898 ὄνομα,
1740 821 1836 879 καὶ

161 913 404 986 μάλιστά
441 933 513 989 γε
549 915 706 982 ἡνίκα
737 911 1088 993 σφοδρότερον
1132 915 1160 970 ὁ
1203 915 1394 991 μιαρὸς
1447 915 1590 987 αὐτῷ
1632 910 1834 988 δαίμων

162 1003 378 1067 ἐκεῖνος
445 1002 717 1072 ἐπίθοιτο,
763 1004 843 1069 τίς
903 1001 964 1059 ἂν
1025 1005 1053 1059 ὃ
1107 1003 1363 1075 sesamo;
1421 1001 1574 1068 οὗτος
1603 1001 1696 1068 εἴη
1732 1023 1832 1058 πε-

161 1095 394 1168 ριιόντες
446 1093 902 1168 ἆνεπυνθάνοντο,
951 1093 1037 1149 οιαὶ
1095 1089 1240 1154 ὅπως
1301 1089 1363 1148 ἄν
1402 1114 1453 1148 τι
1511 1093 1630 1170 περὶ
1675 1095 1835 1149 αὐτοῦ

162 1184 418 1264 μάθοιεν,
487 1185 704 1262 φροντὶς
755 1181 823 1251 ἦν
894 1181 1082 1247 αὺτοῖς
1143 1182 1178 1248 ἡ
1243 1182 1498 1258 μεγίστη.
1554 1180 1725 1257 Μικρὰ
1778 1179 1834 1235 δὲ

162 1275 279 1351 περὶ
341 1274 449 1338 τὴν
516 1273 719 1329 ἐκείνου
773 1272 1000 1343 ζήτησιν
1032 1272 1318 1344 καμόντες’
1356 1272 1528 1342 μεστὴ
1557 1271 1656 1348 γὰρ
1687 1271 1718 1338 ἡ
1749 1271 1832 1325 οἷ-

161 1362 409 1436 κουμένη
444 1369 600 1418 πᾶσα
651 1367 750 1430 τῆς
796 1361 996 1418 ἐκείνου
1055 1360 1244 1441 φήμης
1275 1361 1364 1416 καὶ
1395 1359 1486 1416 τοὺ
1517 1359 1780 1434 ὀνόματος
1815 1377 1830 1392 ·

160 1451 491 1522 ἀκούουσιν,
558 1454 631 1518 ὡς
693 1451 788 1518 εἴη
833 1448 1029 1528 μεταξὺ
1081 1446 1214 1530 παρ’
1265 1447 1576 1529 Ἀϐαριχῶν
1606 1451 1625 1490 ι
1662 1471 1717 1504 τε
1748 1450 1837 1504 καὶ

161 1538 709 1618 Ἀριστοϐουλιάδος.
807 1542 903 1599 Καὶ
986 1538 1384 1620 παραλαϐόντες
1466 1538 1656 1602 εὐθέως
1744 1539 1836 1594 τὸν

162 1629 365 1704 παῖδα,
437 1634 582 1710 πρὸς
643 1633 802 1690 αὐτὸν
860 1628 1050 1706 ᾔεσαν.
1107 1629 1254 1688 Ἐπεὶ
1312 1628 1368 1686 δὲ
1421 1627 1688 1707 πόρῤωθεν
1759 1627 1836 1684 ἔτι

1916 461 2213 533 daemone,
2247 457 2546 541 Euthymii
2577 477 2798 523 nomen
2830 459 3126 523 clamabat
3175 460 3338 524 clara
3367 481 3556 540 voce;

1915 569 2022 612 seu
2047 555 2242 632 potius
2284 567 2389 630 per
2415 567 2551 610 eum
2585 548 2879 613 clamabat
2909 569 3028 612 non
3055 549 3263 613 volens
3290 550 3559 631 quidem,

1916 639 2020 702 sed
2048 637 2422 720 tyrannidem
2446 656 2517 700 ex
2540 638 2793 701 adverso
2826 658 3036 720 passus
3058 640 3163 722 qui
3185 640 3560 721 tyrannidem

1918 726 2557 792 exercebat.Videntes
2578 747 2720 808 ergo
2741 728 2912 792 illum
2938 738 3216 810 parentes
3235 739 3296 793 et
3319 731 3567 812 propin-

1917 819 2018 900 qui
2052 819 2140 880 sic
2168 836 2388 880 nomen
2423 816 2724 899 Euthymii
2770 837 3012 900 semper
3059 818 3265 900 lingua
3293 821 3560 896 volvere,

1917 913 2359 984 praesertimque
2384 911 2614 983 quando
2637 913 3039 972 exsecrandus
3061 912 3162 970 ille
3181 913 3404 971 daemon
3427 929 3562 972 eum

1916 997 2229 1060 invaderet
2257 996 2698 1073 vehementius,
2732 1004 3008 1078 quisnam
3035 1007 3195 1061 esset
3217 999 3313 1060 bic
3332 998 3562 1079 Euthy-

1919 1087 2454 1156 mius,oberrantes
2466 1086 3026 1169 sciscitabantur,et
3048 1086 3560 1168 quemadmodum

1918 1175 1993 1238 de
2023 1197 2092 1239 eo
2127 1177 2356 1254 aliquid
2415 1176 2738 1254 discerent,
2801 1177 3060 1240 maxime
3092 1187 3260 1241 erant
3291 1178 3559 1242 solliciti.

1917 1263 2185 1347 Cumque
2210 1265 2372 1328 circa
2390 1266 2550 1328 illius
2575 1265 3026 1346 inquisitionem
3057 1285 3379 1348 parumper
3401 1269 3563 1331 labo-

1916 1363 2154 1416 rassent
2198 1362 2378 1435 (totus
2429 1355 2589 1418 enim
2635 1355 2801 1417 orbis
2866 1365 3158 1419 terrarum
3193 1357 3405 1438 plenus
3436 1371 3563 1423 erat

1915 1445 2073 1504 fama
2095 1444 2256 1506 illius
2278 1463 2347 1506 ac
2365 1443 3069 1524 nomine),audiuntesse
3083 1446 3239 1508 inter
3256 1445 3565 1512 Parabari-

1917 1533 2066 1595 chos
2098 1543 2157 1595 et
2187 1533 2719 1596 Aristobuliadem.
2754 1532 2950 1615 Atque
2970 1535 3334 1614 accipientes
3360 1539 3560 1601 statim

1921 1623 2273 1703 puernm,ad
2301 1640 2435 1685 eum
2467 1621 2862 1686 iverunt.Ubi
2889 1631 3091 1686 autem
3124 1626 3337 1705 procul
3367 1628 3564 1694 adhuc

161 1727 489 1799 προϊοῦσιν,
555 1717 775 1787 εὖδηλος
834 1719 1043 1784 ἐκεῖνος
1119 1727 1196 1793 τῷ
1274 1718 1535 1794 νεανίσκῳ
1606 1718 1824 1796 γίνεται1

1919 1712 2522 1794 procedentibus,ille
2551 1711 2922 1775 adolescenti
2955 1713 3152 1776 evadit
3187 1716 3560 1792 manifestus,

166 1807 613 1885 προαισθόμενον
668 1810 850 1872 ὥσπερ
897 1809 960 1866 τὸ
1011 1809 1244 1866 ἰνοικοῦν
1300 1808 1443 1882 αὒτῷ
1472 1814 1704 1886 πνεῦμα,
1733 1811 1831 1873 τῆς

162 1908 257 1957 τοῦ
346 1898 694 1964 ἐνοικοῦντος
778 1904 857 1973 τῷ
939 1898 1181 1974 Εὐθυμίῳ
1243 1897 1442 1976 ἀγαθοῦ
1529 1897 1833 1971 Πνεύματος

165 1987 471 2070 ἐνεργείας,
523 1991 598 2052 εἰς
641 1989 814 2069 φυγὴν
873 1985 1092 2064 ἔϐλεψε,
1139 1988 1276 2044 κατὰ
1319 1988 1440 2049 τοὺς
1479 1983 1683 2047 δειλοὺς
1727 1990 1834 2041 τῶν

165 2078 493 2137 ἀντιπάλων
543 2079 633 2135 καὶ
685 2078 950 2155 ἀγεννεῖς,
1012 2080 1069 2134 o'i
1099 2075 1236 2152 μηδὲ
1268 2074 1586 2152 προσιόντας
1619 2074 1690 2131 ἔτι
1728 2074 1833 2150 μέσ-

167 2189 324 2224 νουσι
375 2169 507 2234 τοὺς
579 2165 823 2240 ὁπλίτας,
885 2166 1024 2225 ἄλλᾶ
1072 2169 1160 2224 καί
1217 2168 1319 2246 πρὸ
1374 2171 1472 2234 τῆς
1518 2163 1833 2240 συμπλοκῆς

165 2254 509 2321 ἐξίστανται.
597 2257 877 2334 Σπαράξαν
949 2255 1037 2313 οὗν
1113 2257 1314 2334 ἀθρόως
1387 2257 1478 2313 τὸν
1535 2255 1830 2335 νεανίσκον,

170 2345 370 2426 ἀφανὲς
405 2345 625 2426 ᾤχετο.
672 2344 821 2404 ’Ἔδει
853 2345 954 2426 γάρ
996 2347 1059 2402 τὸ
1089 2347 1346 2423 πύνηρὸν,
1384 2345 1591 2422 πονηρὰ
1621 2341 1829 2422 δρᾶσαι,

168 2437 254 2491 καὶ
313 2437 566 2512 μανικὴν
651 2438 811 2494 αὐτοῦ
888 2435 983 2491 καί
1043 2432 1446 2513 τεταραγμένην
1504 2431 1672 2499 δεῖξαι
1730 2433 1830 2500 τὴν

172 2523 567 2606 ἀναχώρησιν,
616 2515 710 2590 Ὠς
741 2523 796 2580 δὲ
825 2527 1006 2582 ἓκεῖνο
1040 2523 1282 2581 ἐκποδὼν
1323 2524 1414 2604 ἧν,
1449 2522 1629 2602 νήφων
1673 2524 1700 2578 ὸ
1731 2520 1830 2576 ἅν-

171 2617 383 2694 θρωπος
437 2617 522 2672 καὶ
582 2614 869 2693 σοφρωνῶν
930 2615 1113 2671 ἐθεᾶτο
1149 2631 1163 2646 ·
1229 2614 1407 2692 ἑτερου
1457 2609 1688 2689 μᾶλλον,
1738 2611 1832 2668 οὒκ

179 2703 380 2762 Euhoe
416 2703 597 2772 δηλῶν
630 2703 772 2760 εἶναι
830 2705 924 2773 τὴν
980 2701 1349 2783 προλαϐοῠσαν
1399 2701 1567 2774 ζάλην
1623 2701 1710 2758 καὶ
1765 2703 1832 2759 τὰ

177 2793 319 2852 δεινὰ
359 2795 604 2868 κύματα,

259 2891 300 2940 Λ
351 2884 370 2910 Ι
442 2882 458 2906 9
485 2892 500 2906 η
666 2908 682 2919 α
799 2881 840 2902 ἢκ
966 2885 990 2896 θ
1112 2883 1124 2905 1
1282 2906 1299 2918 ο
1391 2884 1402 2901 1
1493 2880 1516 2902 κ
1764 2882 1792 2900 Ὺ

306 2897 345 2942 Λ
384 2933 402 2948 .
466 2894 532 2942 bv
562 2884 766 2964 βραιεῖ
795 2905 851 2940 οε
902 2905 994 2940 του
1033 2887 1298 2960 θαυματο,
1355 2907 1448 2950 την
1493 2904 1689 2958 ερημον
1721 2904 1828 2938 πα-

183 2994 276 3030 σαν
333 2970 743 3052 περιλαϐόντος,
781 2975 970 3054 συχνοὶ
1001 2974 1134 3052 πρὸς
1183 2972 1340 3029 αὗτὸν
1371 2970 1423 3038 ἐξ
1453 2973 1616 3039 αὗτῆς
1677 2971 1829 3048 Ἀρι-

186 3060 558 3125 στοϐουλιάδος
631 3067 717 3119 καὶ
773 3065 879 3120 τῶν
939 3061 1087 3142 πέριξ
1144 3065 1342 3136 κωμῶν
1403 3060 1696 3135 συνδέουσι,
1743 3061 1830 3117 καὶ

190 3155 549 3231 μοναστήριον
607 3149 974 3227 οἰκοδομοῦσιν
1017 3153 1176 3226 οὒτῷ’
1212 3151 1268 3207 ἐν
1316 3156 1362 3223 ᾦ
1388 3151 1476 3208 καὶ
1507 3149 1694 3208 πολλοὶ
1725 3155 1830 3206 τῶν

192 3238 420 3298 εὖλαϐὠν
478 3240 692 3298 εἴλοντο
751 3241 1098 3320 παραμένειν,
1159 3247 1252 3298 τοῦ
1281 3246 1415 3296 Θεοῦ
1443 3237 1642 3296 ἄνωθεν
1701 3239 1827 3295 ἑπι-

200 3339 552 3409 χορηγοῦντος
587 3329 651 3388 τὰ
681 3331 810 3410 πρὸς
846 3331 943 3398 τὴν
972 3331 1158 3410 χρείαν
1190 3329 1281 3387 τοῦ
1313 3329 1588 3405 σώματος,

230 3484 236 3488 ὴ
281 3410 404 3484 ΛΒ’,
435 3420 504 3478 05
544 3421 683 3496 μόνα
714 3419 769 3476 δὲ
802 3421 863 3477 τὰ
905 3421 1072 3486 νοητὰ
1118 3420 1296 3498 θηρία,
1330 3420 1396 3476 τὰ
1429 3419 1699 3493 πνεύματα
1729 3417 1828 3487 τῆς

210 3529 474 3588 πονηριας,
517 3512 675 3590 φημὶ,
723 3507 891 3574 οὕτως
950 3510 1093 3582 αὒτῷ
1146 3508 1478 3566 ὑποτέτακτο
1510 3523 1526 3540 ⁶
1560 3505 1698 3564 ἀλλὰ
1740 3510 1828 3565 καὶ

201 3609 311 3661 τοῖς
365 3600 637 3665 αἰσθητοῖς
694 3599 927 3673 τούτοις,
976 3596 1074 3654 ὅσα
1125 3619 1183 3654 τε
1237 3593 1562 3675 σαρκοϐόρα,
1603 3596 1692 3652 καὶ
1728 3593 1827 3653 ὅσα

196 3687 296 3744 τῶν
349 3685 574 3746 ἰοϐόλων
637 3690 760 3769 εἶσὶ,
820 3687 1378 3768 συναναστρεφόμενος
1450 3686 1636 3748 αὗτοῖς
1690 3686 1826 3742 κατὰ

191 3777 280 3842 τὰς
318 3779 554 3857 ἒρήμους
601 3781 690 3836 καὶ
739 3777 997 3845 διηνεκῶς
1033 3776 1260 3852 ὁμιλῶν,
1295 3773 1542 3852 οὐδεμίαν
1573 3774 1701 3854 παρ’
1731 3777 1824 3832 οὗ·

191 3862 330 3932 δενὸς
377 3865 667 3930 ἐπιϐουλὴν
721 3866 757 3936 ἢ
798 3864 1006 3944 βλάϐην
1039 3867 1270 3934 ὑπέστη.
1312 3866 1409 3923 Καὶ
1436 3865 1646 3928 τούτοις
1689 3863 1825 3921 άπι-

185 3957 368 4014 στείτω
396 3957 585 4034 μηδείς
619 3973 634 3988 ⁸
683 3954 834 4018 εἰδὼς
879 3954 1026 4022 ὅπως
1077 3953 1296 4035 ἄμαχόν
1321 3977 1371 4011 τι
1401 3959 1620 4034 χρῆμα,
1660 3953 1826 4010 [Ινεύ-

186 4067 347 4119 ματος
393 4054 487 4104 τοῦ
545 4049 744 4124 ἀγαθου
800 4043 1045 4123 δυναμις,
1105 4045 1190 4099 καὶ
1242 4043 1413 4102 πάντα
1443 4041 1631 4121 ῥᾳδίως
1687 4047 1818 4100 Θαυ-

185 4156 381 4215 ματουρ
398 4149 505 4216 (εῖν
589 4133 880 4211 δυναμένη.
962 4141 1232 4213 Μαρτυρεῖ
1289 4139 1364 4208 τῷ
1435 4131 1582 4211 λόγῳ
1647 4129 1822 4211 ῥάϐδῳ

182 4222 414 4283 θάλασσα
474 4222 803 4301 τεμνομένη,
849 4225 937 4282 καὶ
984 4221 1310 4297 κελεύσματι
1361 4219 1512 4298 μόνῳ
1535 4222 1818 4298 ἱστάμενος

1919 1805 2095 1865 veluti
2128 1804 2520 1884 praesentiens
2549 1803 2654 1881 qui
2679 1802 3051 1866 inhabitabat
3077 1803 3474 1885 spiritus£vim
3505 1818 3565 1870 et

1917 1898 2318 1969 Operationem
2343 1895 2478 1953 boni
2493 1894 2740 1967 Spiritus
2755 1899 2814 1953 in
2833 1896 3143 1969 Euthymio
3162 1899 3559 1970 inhabitantis,

1917 1981 1991 2044 ad
2023 1982 2218 2060 fugam
2253 1982 2558 2062 respexit;
2593 2001 2712 2044 non
2737 2000 2916 2044 secus
2948 1999 3017 2045 ac
3049 1983 3244 2046 timidi
3274 1995 3336 2047 et
3363 1984 3560 2066 ignavi

1918 2071 2260 2152 hostes,qui
2281 2089 2477 2153 neque
2491 2071 2852 2133 accedentes
2867 2071 3064 2134 adhuc
3083 2083 3438 2153 exspectant
3457 2093 3560 2138 ar-

1920 2169 2108 2223 matos
2129 2159 2484 2236 milites,sed
2516 2168 2654 2222 ante
2683 2161 3068 2222 commissam
3103 2182 3360 2242 pugnam
3391 2182 3564 2228 rece-

1918 2251 2046 2331 ptui
2067 2248 2434 2313 canunt.Ubi
2466 2267 2608 2329 ergo
2641 2249 3096 2312 adolescentem
3127 2262 3376 2332 repente
3405 2274 3558 2317 con-

1919 2338 2822 2420 torsisset,evanuit.Oportebat
2843 2340 3004 2401 enim
3028 2339 3248 2402 malum
3280 2343 3437 2407 mala
3463 2344 3556 2407 fa-

1913 2427 2539 2508 cere,discessumque
2551 2444 2728 2491 suum
2746 2427 3040 2490 furiosum
3063 2438 3121 2491 et
3139 2431 3558 2496 conturbatum

1914 2516 2590 2598 ostendere.Postquam
2611 2526 2810 2579 autem
2835 2517 2936 2580 ille
2965 2519 3561 2598 recessisset,cerne-

1913 2605 2091 2668 batur
2121 2607 2302 2669 homo
2331 2607 2701 2688 compositus
2733 2614 2793 2670 et
2822 2625 2967 2670 sana
3017 2618 3260 2689 mente;
3309 2613 3561 2676 alterius

1915 2714 2158 2777 nempe,
2195 2716 2314 2758 non
2346 2695 2536 2777 ipsius
2566 2696 2914 2774 signiﬁcans
2932 2716 3066 2760 esse
3089 2717 3220 2762 eam
3245 2720 3376 2782 quae
3401 2721 3560 2784 prae—

1915 2797 2181 2848 cesserat
2213 2795 2630 2866 tempestatem
2663 2805 3028 2866 gravemque
3079 2787 3556 2858 ﬂuctuationem.

1994 2873 2509 2938 XXXI.Caeterum
2528 2876 2690 2938 brevi
2715 2875 3068 2939 miraculum
3097 2886 3276 2940 totam
3303 2885 3562 2961 pervasit

1914 2966 2286 3025 solitudinem
2296 2977 2490 3039 ;atque
2507 2967 2576 3023 ad
2599 2983 2732 3024 eum
2755 2968 3083 3040 frequentes
3107 2985 3178 3027 ex
3201 2970 3325 3042 ipsa
3344 2974 3562 3032 Aristo-

1879 3112 1890 3125 ,
1914 3050 2452 3131 buliade,vicisque
2475 3051 3011 3114 circumstantibus
3031 3066 3490 3122 concurrunt.ac
3503 3059 3560 3122 ei

1914 3147 2331 3203 monasterium
2351 3143 2551 3216 (38-39)
2575 3145 2947 3215 aediﬁcantﬁn
2968 3162 3083 3218 quo
3107 3150 3280 3206 etiam
3297 3153 3375 3222 pii
3393 3152 3557 3212 multi

1911 3237 2256 3294 statuerunt
2285 3247 2665 3310 permanere,
2701 3232 2825 3293 Deo
2858 3230 3124 3313 desuper
3164 3251 3235 3294 ea
3262 3237 3556 3316 suppedi-

1913 3328 2076 3384 tante
2100 3337 2233 3402 quaa
2253 3329 2422 3381 erant
2444 3319 2518 3381 ad
2543 3319 2815 3400 corporis
2849 3340 3022 3382 usum
3055 3325 3429 3387 necessaria.

1992 3407 2434 3488 XXXll.Neque
2449 3409 2644 3471 solum
2663 3407 2774 3470 sub
2792 3408 3247 3488 intelligentiam
3269 3414 3553 3478 cadentes

1908 3497 2348 3578 fem,spiritus,
2377 3497 2646 3579 inquam,
2675 3499 2939 3576 maligni,
2965 3504 3046 3560 ita
3065 3498 3552 3581 eisubjicieban-

1911 3595 2028 3660 tur;
2043 3588 2149 3649 sed
2171 3588 2349 3650 etiam
2369 3587 2431 3648 in
2453 3587 2880 3649 solitudinibus
2901 3606 3266 3654 conversans
3284 3593 3554 3655 assiduo-

1908 3695 2028 3758 que
2046 3676 2445 3754 congrediens
2485 3695 2621 3738 cum
2652 3675 3044 3739 sensibilibus
3074 3679 3242 3756 feris,
3268 3691 3384 3744 tam
3418 3702 3552 3765 qua:

1907 3777 2048 3831 sunt
2069 3766 2398 3828 carnivorae
2418 3783 2601 3845 quam
2625 3785 2758 3847 quae
2789 3770 3322 3844 venenataemullas
3342 3771 3418 3834 ab
3443 3791 3550 3835 ea-

1907 3875 2038 3919 rum
2064 3857 2184 3920 ulla
2202 3875 2412 3938 passus
2434 3868 2530 3918 est
2553 3856 3068 3938 insidias,nullum
3091 3860 3402 3926 damnum.
3426 3861 3552 3924 Ne-

1906 3965 2023 4028 que
2044 3946 2139 4008 his
2158 3949 2472 4028 quisquam
2498 3946 2678 4007 ﬁdem
2727 3946 3012 4027 deneget,
3046 3947 3248 4012 sciens
3271 3970 3446 4032 quam
3477 3963 3555 4015 sit

1906 4055 2005 4098 res
2037 4035 2549 4117 inexpugnabilis,
2581 4034 2726 4097 boni
2747 4037 3007 4118 Spiritus
3028 4039 3239 4114 virtus,
3274 4059 3406 4122 quae
3437 4061 3548 4122 po-

1905 4134 2023 4188 test
2045 4126 2250 4188 omnia
2271 4126 2442 4188 facile
2465 4125 2650 4188 edere
2674 4126 2980 4189 miracula.
3007 4129 3117 4192 Cui
3146 4131 3415 4192 sermoni
3435 4131 3552 4194 fert

1907 4214 2318 4278 testimonium
2343 4233 2508 4276 mare
2531 4215 2696 4294 virga
2718 4215 3000 4294 scissum,
3035 4228 3094 4280 et
3118 4219 3208 4280 sol
3222 4220 3398 4299 jussu
3421 4221 3548 4283 solo

181 4312 329 4384 ἤλιος
388 4317 476 4372 καὶ
527 4319 626 4382 τῆς
687 4314 872 4392 πρόσω
928 4319 1091 4394 φορᾶς
1171 4311 1508 4390 εἰργόμενος,
1572 4317 1674 4390 πῦρ
1745 4313 1820 4375 εἰς

1918 4303 2146 4379 sistens,
2180 4304 2642 4386 prohibitusque
2674 4305 2928 4369 ulterius
2953 4308 3259 4389 progredi,
3297 4309 3456 4389 ignis
3486 4312 3547 4372 in

181 4399 361 4481 δρόσον
416 4388 914 4483 μεταϐαλλόμενον,
941 4388 1059 4459 ⁷καὶ
1108 4388 1388 4464 ἅλλα-ὃσα
1446 4388 1665 4459 τοιαῦτα
1711 4423 1818 4458 παο

1918 4411 2103 4456 rorem
2135 4405 2552 4470 conversus,et
2582 4396 2921 4458 consimilia
2949 4388 3066 4459 alia
3097 4388 3386 4462 miracula
3416 4419 3550 4481 qua

185 4491 409 4570 ραδόξως
439 4493 989 4574 τεθαυματούργηται.

261 4581 397 4643 AI".
460 4582 666 4643 Γίνεται
724 4581 779 4640 δὶ
821 4583 911 4640 καὶ
962 4580 1096 4640 ἄλλο
1160 4579 1278 4637 κατ’
1325 4579 1492 4648 αὐτὴν
1522 4576 1693 4651 δήπου
1721 4583 1823 4649 τὴν

183 4678 283 4731 τῶν
313 4679 508 4754 Ζηφῶν
569 4672 793 4752 ἔρημον,
842 4669 985 4738 ἄξιον
1035 4676 1133 4739 τῆς
1185 4681 1278 4730 τοὺ
1305 4667 1591 4751 δράσαντος
1655 4669 1822 4728 Εὔθυ-

187 4764 303 4838 μίου
334 4764 424 4820 καὶ
480 4762 724 4842 γνώμης,
770 4762 857 4819 καὶ
913 4764 1010 4830 τῆς
1044 4761 1162 4841 περὶ
1203 4758 1305 4828 τὴν
1334 4755 1606 4819 εὐσέϐειαν
1663 4758 1822 4840 ἀκρι-

187 4847 347 4917 ϐείας.
399 4853 578 4932 Εὓρὼν
631 4852 734 4931 γάρ
776 4872 925 4915 τινας
982 4849 1037 4906 ἰν
1092 4853 1226 4926 αὐτῇ
1265 4849 1366 4918 τὴν
1413 4849 1506 4906 τοῦ
1553 4845 1822 4917 Μάνεντος

185 4951 465 5006 νοσοῦντας
509 4941 723 5018 μανίαν,
771 4948 860 4998 καί
901 4936 1109 5008 πολλὴν
1161 4939 1253 4996 ἀεὶ
1297 4941 1374 5014 τῷ
1423 4939 1690 5014 νοσήματι
1721 4940 1821 5008 τὴν

181 5029 410 5091 ὒπίδοσιν
489 5030 866 5109 ποιουμένους,
950 5035 1030 5105 τῷ
1085 5025 1288 5106 μηδένα
1351 5027 1655 5110 προσίεσθαι
1727 5029 1821 5086 τὸν

1905 4491 2122 4566 praeter
2149 4483 2496 4565 opinionem
2530 4483 2682 4547 facta
2707 4494 2871 4548 sunt.

1985 4570 2346 4638 XXXlIl.Fit
2374 4584 2572 4636 autem
2595 4575 2757 4637 aliud
2778 4595 3017 4659 quoque
3039 4579 3099 4640 in
3122 4598 3192 4642 ea
3221 4578 3546 4662 Ziphorum

1906 4664 2518 4754 solitudine,dignum
2541 4664 2847 4748 Eutbymii
2875 4669 3134 4732 auctoris
3165 4679 3225 4733 et
3254 4679 3548 4754 mente,et

1907 4763 2116 4818 exacta
2136 4753 2530 4838 pietate.Nam
2547 4774 2683 4820 cum
2698 4757 3028 4821 invenisset
3049 4759 3111 4821 in
3135 4778 3205 4822 ea
3225 4753 3542 4842 quosdam,

1905 4844 2008 4928 qui
2037 4845 2290 4908 Manetis
2318 4843 3270 4930 laborabantinsania,morbique
3295 4852 3542 4916 multam

1903 4953 2147 5018 semper
2176 4933 2478 5000 faciebant
2502 4935 3018 5020 accessionem,eo
3049 4940 3205 5021 quod
3238 4940 3441 5004 nullus
3468 4944 3542 5005 ad

1903 5037 2172 5095 morbum
2189 5037 2514 5097 curandum
2539 5037 2786 5096 idoneus
2800 5038 3226 5105 accederet.ille
3239 5053 3303 5099 se
3323 5043 3542 5102 dedens

1484 5188 1744 5255 VARLE
1784 5185 2222 5256 LECTIONES.

253 5287 270 5320 ί
291 5284 372 5350 Il.
408 5291 685 5369 Βαριχῶν.
715 5281 831 5348 Int.
865 5279 1284 5364 Παραϐαριχῶν,

1394 5386 1604 5455 ιοΑΝ.
1650 5387 2030 5456 BOLLANDI
2071 5387 2320 5456 NOTAE.

256 5570 481 5654 (38-39)
504 5566 894 5646 Quaresmius
913 5577 1190 5648 testatur,
1212 5587 1398 5653 prope
1425 5567 1743 5652 speluncas
1771 5569 2002 5636 aediﬁcii
2033 5567 2419 5634 fundamenta
2447 5567 2642 5636 adhuc
2671 5577 2903 5637 exstare
2934 5583 2995 5637 et
3023 5575 3364 5641 cisternam.
