3972 6130
425 269 545 335 623

1720 266 2000 332 MENSIS
2038 264 2496 332 JANUARIUS.

3641 270 3739 340 624

419 403 742 467 visitationi
777 402 1091 465 hominum
1123 401 1274 465 adeo
1304 401 1811 482 zegrotantium,et
1837 398 2054 463 consti-

2151 404 2470 479 θεραπεῦσαι
2545 401 2605 457 τὸ
2690 401 2859 466 πάθος
2915 403 3110 468 ἱκανῶς
3165 401 3380 482 ἔγοντα,
3425 401 3534 468 δοὺς
3584 406 3743 464 ἑαυτὸν

423 503 600 559 tuens
622 494 682 556 in
707 492 1140 575 peritissimum
1176 491 1500 566 medicum,
1530 500 1690 554 tanta
1718 510 1819 553 eos
1851 509 2062 569 agres-

421 604 524 646 sus
555 595 649 646 est
679 582 1046 663 arte,sicque
1076 591 1138 642 ut
1169 601 1201 644 a
1235 580 1444 642 morbo
1477 580 1862 642 discederent
1884 580 2062 654 (idem

425 682 622 737 autem
657 673 902 734 omnino
935 679 1027 735 est
1058 671 1290 747 dicere,
1322 669 1572 752 Haeresi)
1629 670 1942 732 verissime
1973 670 2061 732 ef-

422 764 588 833 fecit.
649 770 714 825 ut
766 763 962 843 ipsum
1019 780 1259 843 quoque
1317 761 1478 824 illius
1508 769 1736 840 patrem
1773 764 2062 822 Manetem

421 861 625 934 aperte
673 849 1049 925 abdicarent,
1105 859 1163 912 et
1221 851 1383 914 claro
1415 849 1787 930 subiicerent
1815 851 2064 912 anathe-

423 943 564 1005 mati
597 943 932 1022 tierentque
991 940 1107 1022 ipsi
1139 959 1276 1021 pars
1307 939 1652 1022 apostolicae
1681 949 1739 1004 et
1770 939 2063 1003 orthodo-

419 1050 509 1094 ιω
537 1031 702 1094 ﬁdei.

493 1209 873 1273 XXXIV.Sed
895 1217 1206 1292 postquam
1231 1211 1329 1272 hic
1352 1229 1589 1292 quoque
1612 1211 1832 1274 multos
1857 1228 2062 1272 rursus

413 1300 560 1363 vidit
584 1301 956 1364 confluentes
975 1299 1134 1381 (ipsa
1157 1300 1319 1362 enim
1362 1301 1622 1364 solitudo
1645 1308 1772 1362 erat
1796 1301 2058 1362 circum-

415 1400 586 1471 septa
608 1390 847 1466 vicis,et
872 1390 971 1471 qui
992 1398 1118 1452 erat
1137 1389 1293 1470 apud
1319 1391 1511 1471 ipsum
1539 1393 1857 1452 thesaurus
1878 1407 2057 1450 voca-

412 1479 516 1542 bat
571 1488 869 1542 amatores
922 1481 1128 1540 harum
1188 1480 1547 1560 spiritalium
1603 1481 2060 1561 ccclestiumque

413 1569 1124 1650 divitiarum),assumpto
1156 1587 1371 1631 rursus
1402 1569 1697 1650 discipulo
1723 1589 1828 1632 suo
1848 1569 2058 1630 Domi-

414 1658 600 1734 tiano,
655 1657 978 1720 revertitur
1030 1657 1102 1720 ad
1137 1657 1352 1722 fratres
1381 1669 1440 1721 et
1471 1660 1709 1720 beatum
1739 1658 2056 1720 Theoctis-

2145 491 2353 554 έκεῖνος
2398 492 2472 556 εἷς
2517 489 2794 565 ἐπίσκεψιν
2859 492 2964 548 τῶν
3019 491 3157 549 οῧτω
3219 495 3458 569 πονῆρως
3511 495 3742 574 ὶχὸντων,

2145 581 2240 637 καὶ
2284 582 2461 658 ἰατρὸς
2509 579 2906 656 ἐμμελέστατος
2940 586 3124 648 αὐτοῖς
3155 583 3446 658 καταστὰς,
3478 583 3606 640 οὕτω
3634 607 3745 659 μετ-

2146 671 2306 739 ῆλθεν
2353 671 2596 751 ἆτεχνῶς
2639 682 2668 714 υ
2700 719 2716 745 ,
2764 673 2852 727 καὶ
2917 669 3082 737 οὕτως
3142 672 3437 740 ἀποστῆναι
3493 673 3586 740 τὴν
3624 676 3747 732 νόσον

2152 759 2366 842 (ταυτὸν
2410 760 2464 816 δὲ
2523 761 2735 826 πάντως
2793 762 2965 817 εἰπεῖν
3022 762 3120 828 τὴν
3182 761 3410 841 αἵρεσιν)
3458 759 3750 828 ἆληθέστατα

2149 853 2575 928 παρεσκεύασεν,
2605 853 2678 915 ὡς
2710 852 2799 907 καὶ
2844 851 3002 906 αὒτὸν
3032 852 3126 909 τὸν
3157 851 3362 918 ἐκείνης
3419 850 3610 926 πατέρα
3653 851 3749 907 Μά-

2149 962 2327 1014 νεντα,
2389 947 2626 1020 φανερῶς
2685 937 3016 1020 ἀποκηρύξαι
3074 942 3161 997 καὶ
3221 941 3508 1016 ἀναθέματι
3556 939 3751 1019 λαμπρῷ

2146 1028 2566 1102 καθυποϐαλετν,
2600 1031 2688 1086 καὶ
2717 1029 2878 1108 μέρος
2912 1030 3100 1094 αὐτους
3152 1036 3249 1100 τῆς
3305 1029 3650 1099 ἆποστολικῆς
3684 1032 3752 1087 καί

2147 1117 2422 1198 ὁρθοδόξου
2451 1119 2695 1198 γενέσθαι
2727 1119 2982 1184 πίστεως.

2229 1207 2358 1272 ΛΔ’,
2394 1207 2544 1266 Ἐπεὶ
2599 1207 2654 1264 δὲ
2698 1207 2930 1272 πολλοὺς
2991 1211 3256 1266 κάνταῦθα
3285 1208 3448 1266 πάλιν
3477 1207 3607 1286 ἑώρα
3655 1209 3755 1286 συρ-

2143 1297 2358 1376 ῥέοντας
2435 1297 2638 1378 (κύκλω
2696 1299 2797 1378 γὰρ
2861 1297 2994 1366 αὕτη
3062 1313 3186 1364 ταῖς
3235 1299 3448 1374 κώμαις
3506 1301 3539 1365 ἡ
3588 1297 3755 1375 ἕρημος

2144 1388 2503 1467 ἐστεφάνωτο,
2566 1390 2653 1446 καὶ
2698 1391 2725 1445 ὁ
2771 1386 2898 1466 παρ’
2941 1393 3086 1461 αὒτῷ
3129 1391 3398 1467 θησαυρὸς
3451 1387 3619 1444 ἐκάλει
3660 1388 3755 1450 τοὺς

2143 1478 2367 1556 ἐραστὰς
2425 1485 2517 1536 τοῦ
2575 1478 2939 1554 πνευματικοῦ
2987 1481 3175 1536 τούτου
3235 1478 3470 1535 πλούτου
3499 1479 3583 1533 καὶ
3621 1478 3756 1554 οὖρα-

2141 1569 2301 1648 νίου),
2348 1571 2440 1627 τὸν
2500 1571 2701 1626 οἰκεῖον
2734 1568 2985 1643 μαθητὴν
3038 1571 3181 1631 αὖθις
3229 1565 3553 1646 παραλαϐὼν
3607 1576 3758 1643 Δομε-

2141 1661 2346 1731 τιανὸν,
2433 1661 2566 1736 πρὸς
2650 1658 2769 1723 τοὺς
2854 1655 3115 1736 ἀδελφοὺς
3187 1657 3473 1729 ἐπανήκει,
3553 1657 3760 1712 καὶτὸν

417 1759 537 1810 tum
575 1768 589 1809 :
623 1767 754 1830 quae
784 1766 883 1811 res
914 1766 1124 1810 eorum
1159 1749 1350 1810 oculis
1376 1749 1710 1827 gratissima
1746 1749 1870 1815 fuit.
1909 1748 2054 1809 Sit'U'

2146 1749 2443 1825 μακαρίτην
2475 1747 2794 1805 Θεόκτιστον
2829 1767 2841 1782 ·
2890 1753 3113 1827 πρᾶγμα
3144 1760 3263 1810 τοῖς
3315 1749 3490 1804 αὖτῶν
3534 1745 3764 1820 ποθούμε-

413 1847 582 1900 ωιοιθ
613 1856 763 1919 aqua
794 1839 868 1900 iis
898 1840 1000 1921 qui
1031 1838 1130 1900 siti
1165 1847 1544 1918 premuntur.
1581 1841 1724 1900 Cum
1753 1848 1951 1900 autem
1986 1838 2058 1898 ad

409 1928 730 2009 quemdam
762 1928 959 1990 locum
995 1929 1370 2009 pervenisset
1401 1927 1591 1991 tribus
1620 1927 2058 2009 lapidibusdis-

411 2019 594 2079 situm
626 2037 660 2080 a
690 2018 1261 2098 cmnobio,eumque
1292 2018 1623 2080 invenisset
1654 2032 1777 2079 tum
1808 2027 1972 2080 recte
1993 2035 2057 2078 se

411 2107 634 2169 habere
693 2115 926 2183 natura,
989 2108 1211 2188 positu,
1260 2127 1328 2169 ac
1387 2108 1706 2190 temperiei
1744 2107 2051 2182 felicitate,

414 2205 536 2257 tum
559 2195 1005 2277 jucundissimo
1057 2197 1498 2278 purissimaque
1532 2215 1673 2259 aere
1705 2196 2051 2278 perspirari,

412 2296 533 2348 tum
567 2287 752 2349 multa
811 2287 1014 2368 quiete
1061 2290 1225 2349 omni
1276 2306 1344 2348 ex
1398 2295 1568 2368 parte
1599 2286 1898 2362 serenari,
1932 2286 2056 2349 illic

409 2396 544 2439 cum
603 2375 898 2458 discipulo
953 2393 1194 2458 parvam
1249 2377 1557 2456 ingressus
1590 2375 1958 2456 speluncam,
1993 2377 2052 2437 in

409 2485 482 2529 ea
507 2478 781 2530 versatus
814 2476 921 2530 est.

487 2556 716 2621 XXXV.
773 2556 1024 2620 Divinus
1083 2574 1262 2636 porro
1293 2555 1703 2630 Theoctistus,
1741 2565 2051 2636 comperto

408 2649 570 2711 illius
599 2647 877 2724 adventu,
915 2666 1034 2710 non
1066 2663 1133 2708 se
1174 2645 1434 2726 amplius
1492 2645 1804 2709 continere
1838 2648 2050 2727 potuit,

411 2737 516 2801 sed
548 2737 622 2800 ad
653 2755 790 2798 eum
848 2735 1139 2809 ascendit,
1174 2733 1706 2797 vehementissime
1733 2735 1806 2797 ab
1836 2736 2052 2799 affectu

408 2833 771 2888 commotus.
804 2822 950 2887 Cum
983 2842 1123 2887 vero
1149 2823 1410 2886 libenter
1437 2833 1500 2886 et
1526 2823 1776 2886 vidisset
1802 2833 1860 2888 et
1890 2825 2053 2888 visus

407 2923 664 2991 esset,ac
696 2912 1046 2995 spiritaliter
1076 2913 1412 2988 salutasset,
1439 2913 1684 2976 nolebat
1716 2915 1786 2976 ab
1819 2934 1889 2976 eo
1922 2917 2048 2978 dis-

405 3002 602 3084 jungi,
633 3003 857 3065 amoris
899 3002 1346 3065 inevitabilibus
1375 3003 1651 3083 alligatus
1680 3004 1956 3082 vinculis,
1995 3016 2051 3068 et

2143 1859 2232 1894 νον
2276 1837 2600 1918 ὀφθαλμοῖς,
2651 1841 2722 1902 ὡς
2780 1837 2832 1894 ἐν
2864 1837 3002 1916 θέρει
3039 1835 3175 1914 ὕδωρ
3205 1849 3327 1900 τοῖς
3355 1835 3499 1912 διψει
3531 1835 3760 1909 πιεζομέ-

2141 1949 2276 1992 νοις,
2309 1926 2407 1984 Ἕν
2439 1951 2540 1984 τινι
2573 1927 2628 1983 δὲ
2674 1930 2825 2001 τόπῳ
2855 1930 2991 1995 τρισὶ
3046 1928 3294 2003 σημείοις
3355 1925 3650 1992 διεστηκότι
3686 1927 3762 1980 τοῦ

2140 2015 2402 2073 κοινοϐίου
2472 2017 2783 2096 γενόμενος,
2845 2019 2932 2074 καὶ
2981 2024 3167 2074 τοῦτον
3243 2017 3411 2095 εὑρὼν
3471 2015 3668 2095 φύσεώς
3713 2035 3760 2070 τε

2138 2107 2226 2161 καὶ
2283 2107 2477 2169 θέσεως
2535 2109 2622 2163 καὶ
2686 2109 2836 2185 ὡριῦν
2897 2107 3168 2185 εὐμοιρίας
3231 2106 3416 2170 καλῶς
3479 2115 3505 2147 τ
3558 2103 3758 2184 ἔχοντα,

2138 2194 2334 2270 ἡδίστῳ
2391 2217 2448 2252 τε
2505 2197 2619 2274 ἀέρι
2676 2198 2767 2254 καὶ
2823 2198 3183 2274 καθαρωτάτῳ
3240 2194 3645 2269 διαπνεόμενοι),
3691 2195 3763 2250 καὶ

2141 2284 2314 2359 πολλῇ
2397 2288 2657 2343 πάντοθεν
2743 2285 3087 2363 γαληνιῶντα
3158 2292 3228 2362 τῇ
3303 2286 3537 2366 ἡσυχίᾳ,
3597 2285 3760 2362 μικρὸν

2138 2375 2456 2442 δπεισῆλθεν
2503 2375 2621 2432 ἐκεῖ
2675 2376 2768 2432 σὺν
2816 2383 2891 2450 τῷ
2935 2379 3154 2452 μαθητῇ
3211 2374 3504 2448 σπήλαιον,
3565 2372 3759 2436 καὶτὰς

2136 2462 2407 2543 διατριέὰς
2428 2465 2482 2520 ἐν
2511 2465 2654 2539 αυτῷ
2687 2465 2952 2530 ἐποιεῖτο,

2215 2554 2344 2612 ΛΕ’.
2407 2556 2601 2611 Μαθὼν
2657 2553 2710 2611 δὲ
2768 2557 2795 2611 ὁ
2853 2559 3000 2620 θεῖος
3063 2556 3385 2620 Θεάκτιστος
3443 2555 3542 2621 τὴν
3588 2551 3761 2609 ἐκείνου

2134 2642 2446 2717 ἐπιδημίαν,
2494 2645 2590 2701 οὒκ
2635 2643 2711 2700 ἔτι
2767 2645 3023 2709 καθεκτὸς
3085 2647 3180 2717 ἦν,
3245 2643 3370 2701 ἀλλ’
3428 2644 3596 2700 ἄνεισι
3647 2643 3761 2717 πρὸς

2135 2736 2314 2813 αὒτὸν,
2374 2735 2582 2811 θερμῶς
2641 2736 2742 2792 ὑπὸ
2789 2741 2882 2791 τοῦ
2927 2735 3124 2799 πάθους
3154 2745 3179 2776 κ
3209 2733 3591 2809 κεκινημένος.
3636 2731 3760 2788 ’ἰδών

2132 2845 2191 2880 τε
2247 2825 2335 2880 καὶ
2391 2823 2568 2902 ὀφθεὶς
2625 2825 2714 2880 καὶ
2755 2823 2951 2898 ἡδέως,
2999 2825 3086 2880 καὶ
3130 2827 3512 2899 πνευματικῶς
3541 2821 3758 2878 ἄσπασά-

2136 2935 2321 2993 μενος,
2383 2916 2479 2972 οὐκ
2534 2910 2691 2980 ἤθελε
2738 2915 2926 2970 τούτου
2979 2912 3316 2992 διαζυγῆναι,
3393 2911 3613 2987 δεσμοῖς
3653 2910 3762 2989 ἀφύ-

2133 3027 2282 3070 κτοις
2338 3011 2432 3062 τοῦ
2462 3003 2677 3084 φίλτρου
2706 3002 3100 3083 πεπεδημένος,
3135 3005 3226 3060 καί
3263 3003 3368 3060 ὑπὸ
3403 3009 3512 3059 τῶν
3541 2998 3756 3077 ἀψευδῶν

408 3114 528 3190 non
559 3093 872 3158 fallacibus
900 3091 1207 3190 Euthymii
1237 3093 1540 3190 sirenibus
1584 3095 1888 3190 astrictus.
1924 3095 2048 3158 Ro-

2146 3094 2390 3168 Εὗθυμίου
2442 3095 2701 3174 σειρήνων
2758 3093 2983 3174 στεῤῥῶς
3062 3093 3354 3174 ἐχόμενος.
3429 3090 3634 3150 Ἐδεϊτο
3685 3088 3757 3147 οὖν

407 3183 581 3264 gabat
603 3203 744 3264 ergo
763 3191 826 3246 ut
845 3183 918 3245 ad
943 3181 1284 3245 coenobium
1312 3195 1368 3245 et
1393 3184 1606 3246 fratres
1631 3185 2046 3260 descenderet,

406 3292 909 3356 communemque
941 3291 1076 3335 cum
1139 3273 1224 3334 eis
1253 3282 1458 3352 ageret
1488 3273 1663 3335 vitam
1701 3276 2044 3340 asceticam.

404 3363 513 3426 Ille
543 3373 766 3439 autem,
832 3381 1069 3425 summo
1121 3363 1340 3444 quietis
1385 3381 1591 3426 amore
1622 3372 1956 3445 correptus,
1987 3367 2044 3428 id

405 3455 646 3535 quidem
682 3473 799 3515 non
830 3452 1041 3514 annuit
1071 3450 1446 3528 Theoctisto,
1481 3453 1588 3516 sed
1626 3454 1927 3534 pollicitus
1957 3466 2048 3517 est

404 3562 470 3607 se
496 3544 748 3625 singulis
773 3542 1107 3606 Dominicis
1136 3542 1209 3604 ad
1235 3561 1339 3605 eos
1365 3561 1776 3618 accessurum,
1800 3545 2044 3608 adfutu-

402 3651 656 3714 rumque
687 3651 892 3695 eorum
924 3631 1150 3713 synasi.

484 3720 754 3785 XXXVI.
789 3722 934 3784 Cum
963 3729 1160 3783 autem
1205 3723 1336 3800 ejus
1365 3722 1658 3784 adventus
1686 3721 1896 3786 nescio
1927 3741 2045 3804 quo

2133 3185 2220 3240 γαὶ
2263 3185 2396 3263 πρὸς
2440 3186 2502 3240 τὸ
2561 3182 2824 3240 κοινόϐιον
2865 3186 2954 3241 καὶ
2997 3185 3118 3247 τοὺς
3161 3181 3426 3262 ἀδελφοὺς
3478 3179 3758 3249 κατελθεῖν,

2131 3275 2220 3330 καὶ
2277 3273 2462 3342 κοινὴν
2521 3279 2705 3338 αὐτοῖς
2736 3279 3007 3332 ποιεῖσθαι
3051 3274 3149 3342 τὴν
3181 3270 3416 3340 ἄσκησιν
3447 3282 3493 3332 1.
3527 3271 3588 3330 Ὀ
3617 3268 3667 3326 δὲ
3694 3273 3757 3341 τῷ

2131 3361 2342 3442 σφοδρῷ
2369 3368 2467 3431 τῆς
2499 3365 2729 3444 ἡσυχίας
2761 3362 3094 3440 βαλλόμενος
3124 3363 3304 3442 ἔρωτι,
3338 3370 3500 3421 τοῦτο
3543 3360 3638 3437 μὲν
3676 3357 3757 3416 οὒκ

2131 3449 2375 3507 ἐπένευσε
2423 3455 2744 3527 Θεοκτίστῳ,
2797 3452 3068 3532 ὑπέσχετο
3117 3450 3172 3508 δὲ
3203 3453 3546 3518 καθεκάστην
3581 3458 3756 3526 Κυρια-

2131 3540 2231 3607 κὴν
2277 3540 2402 3617 παρ’
2448 3541 2634 3603 αὐτοὺς
2677 3542 2835 3617 ἰέναι,
2881 3545 2971 3600 καὶ
3021 3554 3271 3620 παρετιαι
3322 3542 3423 3598 καί
3455 3541 3673 3598 αὖτῶνι
3701 3540 3758 3611 τῇ

2127 3629 2358 3696 συνάξει,

2209 3718 2364 3793 Λςι.
2394 3721 2728 3787 Μηνυθείσης
2762 3717 2816 3776 δὲ
2847 3721 2940 3777 οὒκ
2970 3718 3095 3777 οἴδα
3125 3720 3272 3786 ὅπως
3310 3722 3411 3789 τῆς
3455 3724 3610 3780 αὖτοῦ
3637 3737 3752 3794 παρ-

404 3810 585 3874 modo
616 3810 831 3873 fuisset
861 3810 1230 3889 significatus
1245 3811 1681 3892 Aspebeto,qui
1705 3810 1817 3874 fuit
1841 3821 2046 3890 postea

2146 3809 2309 3874 ›υσίας
2365 3811 2456 3866 καὶ
2512 3807 2822 3884 Ἀσπεϐέτῳ
2877 3816 2955 3884 τῷ
3012 3811 3100 3866 καὶ
3133 3810 3317 3890 Πέτρῳ
3377 3811 3592 3890 ὕστερον
3636 3827 3753 3883 μετ-

406 3900 860 3978 cognominatus
875 3898 1546 3979 Petrus,licebatstatim
1571 3901 1775 3963 videre
1799 3919 2051 3963 examen

2146 3898 2502 3974 wopacOév-u,
2558 3900 2762 3974 σμῆκος
2819 3899 2887 3967 ἦν
2944 3898 3134 3963 εὐθέως
3192 3902 3318 3978 ὃρᾷν
3375 3906 3482 3956 τῶν
3535 3898 3752 3975 Ἀγαρη-

406 3993 820 4070 Agarenorum
837 3987 1398 4067 congregatum.llle
1420 3992 1579 4052 enim
1600 3989 1801 4051 multis
1814 4008 2048 4066 eorum,

2146 3993 2240 4044 νῶν
2295 3987 2691 4063 ἀθροιζόμενον.
2755 3986 2995 4053 Πολλοὺς
3053 3987 3155 4067 γὰρ
3211 3990 3389 4045 αὐτῶν
3454 3987 3654 4047 ἐκεῖνος
3702 3981 3753 4038 ἐκ

409 4079 574 4144 omni
604 4097 675 4142 ex
705 4095 926 4158 genere
954 4085 1014 4141 et
1045 4078 1730 4160 aetate,collectis,utqui
1761 4079 1891 4161 ipse
1924 4079 2052 4160 pri-

2146 4077 2333 4141 παντὸς
2389 4078 2573 4154 γένους
2629 4077 2724 4134 καί
2784 4077 2966 4143 πάσης
3025 4075 3241 4146 ἡλικίας
3295 4077 3628 4156 συναγαγὼν,
3670 4071 3750 4128 οἷα

409 4188 544 4232 mus
573 4168 794 4230 bonum
821 4175 1136 4246 gustasset,
1191 4175 1250 4230 et
1305 4169 1576 4233 studeret
1604 4177 1668 4231 ut
1696 4160 2050 4252 illi’quoque

2146 4167 2223 4222 καὶ
2273 4166 2484 4245 πρὼτος
2543 4167 2701 4230 αὐτὸς
2771 4172 2863 4222 τοῦ
2918 4163 3087 4224 καλοῦ
3130 4167 3486 4244 γευσάμενος,
3541 4160 3750 4220 σπεύδων

405 4265 608 4322 essent
637 4257 959 4340 participes
1014 4255 1376 4332 dulcedinis,
1409 4257 1654 4320 adducit
1684 4277 1788 4320 eos
1816 4249 1888 4320 ad
1924 4249 2046 4321 Eu-

2146 4277 2187 4312 :s
2227 4255 2497 4320 κάκείνους
2543 4253 2868 4331 μεταλαϐεῖν
2943 4261 3039 4323 τῆς
3098 4255 3459 4333 γλυκύτητος,
3516 4249 3744 4326 προσάγει

409 4347 725 4428 thymium.
760 4347 873 4420 Qui
905 4345 1268 4409 adductione
1299 4345 1470 4408 valde
1500 4347 2047 4424 delectatus,viros-

2146 4349 2206 4419 τῷ
2250 4345 2508 4422 Εὑθυμίῳ.
2562 4343 2622 4402 Ὀ
2677 4343 2732 4401 δὲ
2781 4347 2870 4404 καί
2921 4343 3038 4401 λὶαν
3084 4346 3260 4414 ἡσθεὶς
3303 4351 3374 4422 τῇ
3423 4341 3740 4423 προσαγωγῇ,

403 4457 521 4519 que
552 4437 841 4499 hilaribus
871 4436 1060 4500 oculis
1109 4436 1382 4513 intuitus,
1431 4437 1832 4518 pronuntiatis
1861 4456 2048 4518 super

2146 4436 2216 4490 ιαὶ
2273 4435 2394 4499 τοὺς
2439 4431 2628 4512 ἄνδρας
2685 4434 2893 4514 ἱλαροῖς
2965 4433 3088 4491 ἰδὼν
3134 4433 3462 4516 ὀφθαλμοῖς,
3509 4429 3656 4510 εὐχάς
3688 4443 3738 4519 τε

403 4514 507 4589 eos
537 4525 728 4589 solitis
760 4525 1070 4606 precibus,
1103 4525 1355 4587 deduxit
1384 4514 1458 4587 ad
1489 4526 1710 4589 fratres
1739 4533 1798 4588 et
1832 4514 2042 4588 mona-

2146 4525 2221 4587 τὰς
2285 4524 2336 4586 ἐξ
2393 4523 2540 4588 ἔθους
2589 4525 2777 4587 αὐτοῖς
2837 4523 3096 4599 ἐπειπὼν,
3171 4514 3399 4603 κατάγει
3461 4523 3586 4600 πρὸς
3637 4514 3735 4606 τσὺς

403 4616 676 4679 sterium.
711 4603 943 4679 Deinde
975 4603 1110 4678 cum
1144 4633 1248 4678 eos
1277 4614 1404 4676 illic
1431 4614 1790 4696 baptizasset
1821 4633 1889 4677 ac
1919 4615 2042 4676 ins-

2146 4610 2383 4692 ἱδελφοὺς
2415 4615 2503 4671 καὶ
2537 4615 2598 4670 τὸ
2651 4613 3041 4692 μοναστῆριον,
3092 4614 3230 4671 Εἶτα
3281 4613 3552 4691 βαπτίσας
3578 4603 3727 4696 admits

404 4707 684 4782 tituisset,
709 4715 886 4786 atque
917 4723 990 4769 ex
1024 4705 1127 4767 illo
1162 4711 1435 4786 tempore
1485 4687 1717 4786 septem
1746 4703 1876 4766 dies
1905 4723 2040 4766 cum

2146 4687 2303 4760 κεῖσε
2354 4704 2443 4760 καὶ
2478 4687 2794 4780 τελειώσας,
2840 4687 2928 4760 καὶ
2969 4703 3176 4783 ἡμέραν
3235 4687 3474 4780 ἑϐδόμην
3506 4702 3662 4758 αὐτοῖς
3686 4687 3730 4753 ἒξ

400 4798 486 4860 eis
516 4803 675 4860 esset
726 4801 1022 4871 versatus,
1073 4811 1319 4856 manere
1370 4813 1506 4857 cum
1539 4793 1744 4855 multis
1771 4812 1890 4854 non
1923 4792 2042 4856 sibi

2146 4792 2325 4853 κείνου
2380 4790 2778 4873 συνδιατρίψας,
2824 4794 2886 4848 τὸ
2945 4794 3080 4869 μετὰ
3137 4791 3380 4874 πολλῶν,
3431 4791 3524 4848 οὗκ
3553 4787 3619 4844 ἔτι
3647 4802 3732 4862 φθῇ

398 4887 656 4968 amplius
686 4885 854 4948 duxit
882 4883 1246 4948 tolerabile:
1303 4901 1510 4946 verum
1557 4881 1797 4964 quietis,
1850 4891 1916 4944 ut
1944 4883 2040 4944 di-

2146 4885 2288 4950 ιητὸν
2346 4881 2491 4956 αὖτῷ
2547 4881 2749 4963 ἔκρινεν
2803 4890 2827 4923 ⁸
2860 4897 2874 4912 ⁸
2935 4880 3072 4939 ἀλλὰ
3130 4885 3228 4950 τῆς
3277 4883 3528 4964 ἡσυχίας,
3583 4875 3734 4968 ὥσπερ

397 4959 976 5056 ximus,inexplebili
1009 4981 1217 5055 captus
1251 4959 1663 5050 desiderio,'ad
1696 4959 2039 5036 consuetam

2146 4972 2353 5055 ἷφημεν,
2388 4959 2682 5042 ἀπλήστως
2739 4972 2897 5054 ἐρῶν,
2955 4973 3084 5052 πρὸς
3130 4972 3230 5040 τὴν
3262 4959 3460 5043 συνήθη
3491 4967 3572 5026 καὶ
3598 4959 3734 5021 πάλιν

399 5070 615 5130 iterum
648 5065 804 5128 redit
831 5063 1244 5128 solitudinem.

2146 5063 2392 5122 ,πάνεισιν
2420 5060 2668 5142 ἐρημίαν.

477 5153 980 5219 XXXVll.Petrus
1000 5153 1186 5234 igitur
1208 5152 1420 5215 videns
1451 5169 1587 5214 eum
1615 5152 1693 5214 ita
1723 5159 1852 5214 sine
1885 5159 2039 5226 tecto

2203 5152 2329 5212 AZ’.
2365 5134 2681 5231 ’ωἸΪὲτρος
2738 5153 2828 5208 οὖν
2883 5149 3052 5215 οὕτως
3099 5151 3258 5208 αὐτὸν
3313 5149 3534 5228 ἄστεγόν
3564 5164 3616 5201 τε
3647 5134 3735 5234 ,καὶ

399 5257 463 5309 et
481 5246 727 5324 inopem
750 5243 961 5306 sedere
986 5228 1053 5306 in
1067 5243 1198 5305 loco
1227 5241 1608 5321 deserto,pro
1633 5241 1906 5303 maximis
1928 5241 2039 5303 be-

2146 5243 2325 5318 ἱπορον
2382 5241 2469 5299 έπὶ
2511 5228 2611 5309 τῆς
2655 5241 2879 5323 ἓρημίσς
2924 5239 3047 5297 ἰδὼν
3089 5242 3429 5324 καθήμενον,
3472 5233 3563 5324 καί
3591 5228 3732 5324 χάριῖ

401 5320 654 5410 neliciis,
691 5331 1009 5415 baptismo,
1039 5339 1308 5414 inquam,
1343 5339 1404 5393 et
1431 5320 1646 5406 salute,
1680 5331 2042 5394 mediocrem

2146 5355 2222 5399 ;ας
2281 5331 2463 5410 ὥσπερ
2520 5320 2970 5412 αὐτῷ’μεγάλων
3041 5320 3256 5408 μετρίας
3306 5322 3609 5397 ἆντιδιδώς,
3660 5320 3737 5374 τοῦ

1723 5462 1978 5529 VARUE
2020 5464 2459 5531 LECTIONES.

482 5571 616 5712 “lal.
647 5571 908 5688 ξῦτέχνοὲ
933 5581 992 5634 et
1023 5573 1313 5651 {vvépmm
1398 5580 1426 5613 ν
1455 5572 1528 5633 al.
1572 5572 1765 5641 καλῆς.
1853 5583 1877 5615 κ
1914 5573 1992 5637 al.
2025 5575 2211 5636 πόθου.
2294 5573 2428 5638 Mil,
2461 5575 2579 5637 ins.
2609 5573 2856 5655 ἀγωγὴν)
2889 5573 3082 5641 κοινὴν
3104 5575 3192 5631 καὶ
3218 5573 3342 5641 τὴν.
3420 5576 3444 5631 ι
3474 5559 3730 5628 Iis—tlde-

482 5671 496 5712 |
526 5695 540 5710 .
574 5669 767 5712 κρινειν
801 5648 993 5712 ἕδοςεν,

402 5663 426 5695 ⁸
463 5653 540 5716 al.
574 5649 767 5728 κρίνειν
801 5648 993 5714 ἔδοξεν,
