3972 6130
433 337 551 405 627

1725 338 2006 402 MENSIS
2047 339 2501 440 JANUARIUS.

3665 339 3768 407 6‘28

433 478 691 554 nissent,
725 473 849 539 sive
881 472 1101 540 mundo
1145 475 1580 550 renuntiantes,
1605 475 1729 538 sive
1757 477 2076 538 aﬂ‘erentes

2164 476 2538 555 παραϐάλοιεν,
2598 479 2713 537 εἴτε
2759 481 2948 556 κόσμῳ
3013 479 3467 557 ἆποτασσόμενοι,
3515 477 3622 534 εἴτε
3673 482 3770 538 τι.νᾶ

435 569 708 650 quaedam
732 567 804 630 ad
828 567 1296 648 usum'corporis
1318 566 1764 646 necessaria,ab
1782 586 1851 629 eo
1875 585 2082 630 rursus

435 663 506 721 ad
534 664 767 721 beatum
788 663 1180 721 Theoetistum
1209 662 1911 730 transmittebantur.Quia
1947 676 2081 718 vero

2163 568 2269 624 τῶν
2311 570 2443 648 πρὸς
2493 570 2594 637 τὴν
2654 568 2840 649 χρείαν
2894 575 2991 625 τοῦ
3046 568 3288 638 σώματος
3349 567 3772 649 ἐπικομιζόμενοι,

2162 663 2240 730 τῷ
2271 659 2536 737 μακαρίτῃ
2579 658 2741 716 πάλιν
2771 655 2860 714 ὑπ’
2913 661 3072 716 αὐτοῦ
3119 656 3532 732 παρεπέμποντο
3586 661 3774 715 Oronti-

428 748 552 827 jam
581 765 841 829 superne
871 746 1248 809 Providentia
1270 747 1571 829 sapienter
1597 745 2001 828 disposuerat,
2021 753 2079 807 ut

2165 768 2298 820 στῳ.
2363 747 2501 816 ’Ὁδη
2549 747 2605 804 δὲ
2649 749 2747 817 τὴν
2800 747 3002 826 ἔρημον
3052 747 3347 814 οἰκισθῆναι
3392 747 3588 813 ταύτην
3629 753 3776 826 σοφῶς

435 840 554 898 haec
578 841 936 900 habitaretur
953 840 1230 904 solitudo;
1264 850 1460 911 utpote
1491 855 1619 912 quae
1639 849 1798 898 certo
1822 843 1996 898 sciret
2023 840 2079 897 id

2165 834 2368 903 ἧνωθεν
2424 843 2524 905 τῆς
2581 839 2831 916 προνοίας
2890 838 3302 912 οἱκονομούσης,
3361 837 3460 892 οἷα
3516 835 3579 903 δὴ
3618 839 3778 896 καὶτὸ

436 925 590 1008 quod
619 934 746 989 erat
768 925 1053 1003 futurum,
1081 944 1208 988 rem
1240 925 1475 989 scilicet
1496 926 1626 989 fore
1649 926 1849 989 multis
1875 926 2079 988 salutis

2165 926 2361 999 μέλλον
2418 927 2671 1008 ἀσφαλῶς
2730 927 3042 1006 ἒγνωκυίας,
3099 925 3179 983 ὅτι
3236 924 3473 990 πολλοῖς
3544 925 3678 983 ’ἐσται
3730 929 3780 984 τὸ

433 1034 684 1077 causam:
712 1020 994 1077 accedunt
1014 1020 1085 1076 ad
1111 1035 1242 1078 eum
1273 1021 1509 1092 quidam
1535 1033 1779 1078 numero
1801 1031 1915 1078 ll't‘S
1947 1020 2078 1092 (42),

433 1105 644 1166 fratres
692 1105 1024 1166 secundum
1058 1123 1300 1168 carnem
1332 1127 1349 1178 ;
1407 1105 1508 1185 qui
1537 1105 1808 1182 germina
1839 1104 2080 1186 quidem

432 1202 600 1256 erant
615 1191 1034 1274 Cappadocum
1059 1194 1345 1273 regionis,
1372 1194 1432 1256 in
1464 1192 1645 1276 Syriae
1666 1203 1864 1256 autem
1891 1202 2080 1257 tractu

431 1282 820 1356 educati,illie
848 1283 910 1344 in
940 1283 1157 1345 virtute
1183 1291 1241 1345 et
1267 1283 1541 1345 doctrina
1570 1302 1634 1344 se
1660 1291 2079 1351 exercuerant;

432 1373 682 1436 Cosmas
702 1372 1225 1454 (43),Chrysippus
1247 1372 1952 1452 i44),Gabrielius(45).ls
1973 1392 2077 1436 au-

2165 1023 2386 1095 πρᾶγμα
2453 1017 2720 1096 σωτηρίας
2777 1018 3049 1078 ὑπόθεσις·
3101 1016 3379 1094 προσίασιν
3454 1015 3595 1088 αὒτῷ
3644 1039 3777 1091 τινες,

2165 1108 2256 1162 τὸν
2314 1106 2536 1183 ἀριθμὸν
2593 1119 2764 1186 τρεῖς,
2800 1103 3024 1187 ἂδελφοῖ
3077 1106 3214 1162 κατὰ
3267 1105 3467 1184 σάρκα·
3528 1107 3656 1185 φυτᾶ
3704 1107 3781 1181 μὲν

2164 1195 2259 1263 τῆς
2319 1194 2694 1254 Καππαδοκῶν
2745 1195 2920 1264 ὄντες,
2951 1198 3010 1253 iv
3056 1201 3128 1272 γῇ
3176 1192 3233 1251 δὲ
3286 1200 3393 1260 τῆς
3441 1197 3635 1273 Συρίας
3683 1217 3784 1273 elaq-

2163 1285 2380 1364 φάντες,
2439 1286 2527 1340 καὶ
2581 1283 2777 1364 ἀρετὴν
2836 1285 2953 1342 ἐκεῖ
3000 1285 3088 1342 καὶ
3151 1282 3396 1342 παιδείαν
3459 1285 3781 1354 ἀσκήσαντες·

2165 1381 2408 1451 Σοσμᾶς,
2453 1375 2785 1454 Χρύσιππος,
2821 1373 2917 1431 καῖ
2968 1371 3310 1452 Γαϐριηλιος.
3371 1376 3437 1432 Ὀ
3475 1371 3523 1430 δὶ
3567 1375 3630 1430 τὰ
3681 1397 3783 1431 σον-

433 1470 552 1524 tem
580 1462 810 1524 faciens
832 1469 894 1523 ut
917 1467 1452 1536 consueverat,nec
1473 1481 1578 1526 eos
1597 1463 1924 1537 admisit,et
1949 1471 2079 1524 aeta-

2165 1463 2268 1532 ήΘη
2327 1465 2521 1538 ποιῶν,
2576 1461 2693 1523 ούδὲ
2729 1464 2944 1526 τούτους
3002 1463 3268 1544 προσίετο,
3324 1461 3392 1520 τό
3451 1486 3509 1520 τε
3552 1464 3664 1520 νέον
3707 1469 3786 1532 τῆς

434 1559 552 1614 tem
587 1559 750 1614 certe
789 1569 1042 1615 causans
1064 1553 1415 1633 juvenilem,
1441 1563 1832 1634 mutuumque
1862 1563 2079 1616 natura!

2164 1553 2377 1622 ἡλικίας
2409 1553 2651 1635 ἀτεχνῶς
2708 1555 3046 1630 αἰτιώμενος,
3080 1556 3168 1610 καὶ
3223 1556 3314 1611 τὸν
3360 1555 3498 1632 πρὸς
3555 1552 3788 1624 ἀλλήλους

434 1646 818 1716 amorem,qui
840 1647 1010 1702 etiam
1035 1644 1183 1703 solet
1203 1654 1265 1703 ut
1283 1646 1596 1717 plurimum
1630 1661 1867 1704 avocare
1897 1663 1925 1702 ει
1951 1661 2079 1703 con-

2164 1648 2261 1710 τῆς
2319 1643 2522 1724 φύσεως
2582 1645 2765 1717 πόθον,
2830 1645 2888 1706 ὃς
2946 1644 3033 1700 καὶ
3089 1648 3356 1722 περισπᾷν
3412 1641 3562 1700 οἶδεν
3619 1645 3687 1707 ὡς
3735 1644 3790 1699 τὰ

436 1731 704 1793 tentione
733 1731 1198 1810 exercitationis;
1224 1740 1282 1794 et
1311 1731 1570 1795 maxime
1590 1733 1748 1813 quod
1783 1742 1941 1795 esset
1961 1731 2079 1796 Ga-

2164 1731 2338 1790 πολλᾶ
2394 1733 2456 1790 τὸ
2506 1733 2756 1792 σύντονον
2807 1737 2904 1800 τῆς
2959 1733 3262 1803 ἀσκήσεως·
3315 1733 3410 1790 καὶ
3469 1731 3716 1808 μάλιστα,
3742 1733 3791 1787 τὸ

435 1818 688 1881 brielius
709 1820 904 1882 adhuc
924 1802 1280 1884 adolescens
1296 1839 1365 1882 ac
1385 1802 1795 1884 imberbileli
1819 1841 1958 1901 ergo
1989 1821 2079 1884 his

2164 1823 2439 1899 μειράκιον
2471 1821 2547 1879 ἔτι
2590 1823 2683 1879 τὸν
2729 1820 3046 1900 Γαϐριήλιον
3088 1802 3254 1896 εἶναι,
3286 1824 3376 1878 καὶ
3408 1802 3615 1902 τριχῶν
3667 1802 3793 1901 ἔχειν

433 1908 509 1970 de
549 1909 744 1970 causis
775 1927 878 1972 eos
927 1910 1246 1972 admittere
1277 1909 1619 1972 nullatenus
1671 1908 1960 1989 placebat.
1996 1911 2079 1974 Ea

2164 1911 2324 1986 ψιλὸν
2377 1913 2466 1969 τὸν
2523 1913 2784 1990 πώγωνα.
2843 1911 3066 1986 Ἐκείνῳ
3120 1912 3218 1988 μὲν
3287 1914 3382 1970 οὖν
3446 1910 3794 1991 προσδέξασθαι

432 2016 574 2060 vero
606 2007 780 2060 nocte
801 2000 962 2061 venit
988 2000 1059 2061 ad
1086 2003 1276 2079 ipsum
1302 1998 1364 2060 in
1395 1999 1623 2061 somnis
1655 2000 2078 2078 aliquis,man-

2164 2002 2377 2066 τούτους
2429 2001 2514 2058 διαὶ
2544 2009 2729 2080 ταῦτα,
2764 2002 2825 2058 τὸ
2878 2002 3126 2078 παράπαν
3186 1999 3515 2068 ἀϐούλητον.
3562 2007 3722 2073 Φοιτᾷ
3750 1999 3793 2056 δὲ

433 2088 584 2150 dans
616 2097 737 2150 tum
771 2098 833 2151 ut
863 2090 1078 2151 fratres
1108 2090 1450 2170 exciperet:
1482 2091 1635 2152 Sunt
1664 2091 1825 2151 enim
1861 2089 2074 2170 inquit,

2164 2113 2240 2157 τις
2295 2092 2421 2169 ὄναρ
2473 2092 2617 2150 αὗτῶ
2673 2093 2772 2160 τῆς
2805 2093 2990 2152 νυκτὸς
3039 2091 3274 2163 ἓιιεῖνης,
3307 2089 3557 2156 δέξασθαί
3584 2113 3639 2146 τε
3691 2092 3793 2153 τοὺς

431 2178 504 2239 ab
534 2177 665 2258 ipso
687 2177 811 2241 Deo
839 2179 911 2240 ad
948 2188 1002 2242 te
1036 2179 1245 2251 missi;
1279 2189 1401 2240 tum
1437 2186 1502 2240 ut
1524 2178 1809 2259 deinceps
1842 2188 2079 2257 paratus

2164 2179 2416 2262 ἀδελφοὺς
2477 2183 2825 2250 ὲπισκήπτων
2898 2179 3060 2260 (Πρὸς
3131 2185 3290 2238 αὖτοῦ
3346 2183 3454 2260 γὰρ
3525 2182 3654 2238 εἰσιν
3701 2180 3792 2236 ἀπ-

431 2276 592 2328 esset
609 2268 681 2329 ad
718 2274 1158 2349 susceptionem
1188 2267 1870 2348 cujuslibetaccedentis
1902 2278 1961 2330 et
1982 2287 2079 2330 vo-

2164 2269 2476 2346 εσναλμένοι
2525 2292 2632 2345 σοι,
2667 2271 2819 2351 φησὶ,
2853 2273 2944 2327 τοῦ
2974 2268 3154 2351 Θεοῦ),
3188 2271 3277 2327 καὶ
3328 2272 3393 2327 τὸ
3423 2269 3640 2350 λοιπόν,
3668 2269 3793 2326 ἕτοι-

431 2356 630 2418 lentis.
663 2358 835 2420 Mane
867 2357 1045 2436 igitur
1076 2358 1419 2438 praeclaram
1455 2357 1614 2418 illam
1646 2358 2076 2420 fraternitatem

2164 2383 2264 2433 μον
2308 2362 2379 2425 εἰς
2429 2359 2706 2440 ὅποδοχῆν
2742 2361 2883 2417 εἶναι
2915 2360 3006 2416 τοὸ
3056 2367 3369 2440 προσιόντος
3417 2362 3509 2418 καὶ
3551 2359 3791 2438 βουλομέ-

430 2457 491 2506 et
521 2447 938 2524 cogitationem
966 2447 1321 2528 suscipiens,
1353 2456 1414 2508 ut
1437 2446 1491 2508 ei
1507 2448 1773 2528 jusserat
1803 2448 1968 2520 visio,
2001 2449 2079 2510 ait

2164 2473 2254 2506 νου
2313 2456 2526 2516 πανεός.
2563 2449 2768 2507 Ἵῖωθεν
2813 2449 2986 2506 τοίνυν
3028 2450 3127 2518 τὴν
3183 2449 3358 2515 καλὴν
3390 2451 3605 2517 ἐκείνην
3656 2449 3794 2506 ἀδελο

431 2537 662 2597 Cosmze
684 2537 762 2614 (is
787 2538 1010 2618 quippe
1034 2537 1262 2616 primus
1285 2543 1410 2598 erat
1429 2544 1598 2597 aetate
1630 2537 1784 2597 inter
1814 2536 2076 2618 fratres):

2164 2541 2372 2618 φότητα
2428 2540 2515 2596 καὶ
2546 2550 2814 2619 συμφυΐαν
2864 2537 3277 2620 ὑποδεξάμενος,
3306 2544 3383 2606 ὡς
3419 2543 3454 2608 ἡ
3497 2539 3618 2616 ὄψις
3673 2541 3792 2596 αύτῶ

431 2622 529 2687 Sic
583 2643 692 2704 ego
727 2626 966 2705 quidem
1010 2628 1132 2706 jam
1168 2625 1596 2698 feci,nimirum
1639 2626 1804 2706 juxta
1837 2645 1904 2688 ea
1950 2645 2079 2708 quae

2164 2627 2471 2708 παρηγγύα,
2506 2629 2644 2709 φησῖ
2698 2629 2775 2686 τῶ
2825 2635 3009 2701 Κοςμᾷ
3061 2628 3234 2709 (οὗτος
3293 2631 3396 2708 γὰρ
3449 2632 3478 2686 ὃ
3533 2629 3789 2708 πρωτεύων

431 2713 578 2774 mihi
605 2731 638 2775 a
663 2716 785 2775 Deo
813 2714 1088 2776 mandata
1111 2714 1372 2788 fuerunt,
1395 2722 1574 2792 atque
1594 2733 1698 2776 vos
1725 2721 1781 2775 in
1802 2714 1953 2777 hanc
1976 2717 2079 2778 do-

2164 2718 2277 2775 καθ’
2338 2717 2552 2788 ἡλικίαν
2610 2721 2715 2774 τῶν
2748 2715 3042 2799 ἀδελφῶν),
3071 2720 3146 2784 ὡς
3190 2718 3337 2797 Ἐγὼ
3385 2719 3489 2795 μὲν
3545 2721 3788 2784 πεποίηκα

430 2821 590 2864 mum
621 2803 832 2864 admisi
865 2824 880 2878 ;
911 2804 988 2866 de
1009 2812 1225 2866 caatero
1259 2804 1365 2865 tibi
1386 2809 1626 2884 tempus
1645 2813 1757 2878 est,
1779 2813 1841 2866 ut
1867 2806 2076 2884 junio-

2164 2806 2289 2887 ἤδη,
2353 2809 2490 2864 κατᾶ
2563 2807 2727 2865 ταῦτα
2784 2818 2911 2886 γοῦν
2966 2831 3060 2885 μοι
3115 2809 3185 2866 τὰ
3253 2809 3617 2886 ἐντεταλμένα
3669 2811 3788 2886 παρὰ

434 2911 555 2952 rem
587 2910 657 2953 ex
681 2896 958 2954 fratribus
979 2897 1333 2955 Gabrielium
1356 2897 1502 2954 intra
1522 2897 1726 2955 cellam
1755 2898 2074 2971 contineas,

2164 2903 2318 2976 Θεοῦ,
2358 2898 2446 2954 καὶ
2494 2899 2629 2972 ὗμᾰς
2686 2896 2904 2954 ἐνταῦθα
2959 2898 3348 2975 εἰσῳκισάμην.
3398 2904 3505 2957 Σοὶ
3562 2897 3613 2956 δὲ
3642 2897 3782 2972 ὧραί

428 2992 490 3045 et
519 2999 897 3062 nequaquam
933 2983 986 3043 ei
1044 2983 1349 3045 licentiam
1381 2982 1640 3044 exeundi
1687 2984 1935 3048 tribuas.
1970 2986 2076 3047 Est

2164 2986 2345 3044 λοιπὸν
2404 2989 2495 3043 τὸν
2525 2986 2780 3064 νεώτερον
2837 2987 2944 3043 τῶν
3000 2985 3240 3067 ἀδελφῶν
3295 2987 3643 3068 Γαϐριήλιον,
3673 2987 3786 3046 εἴσω

429 3079 583 3132 enim
605 3091 698 3132 res
722 3077 883 3132 valde
908 3076 1234 3146 periculosa
1260 3075 1602 3134 etinsidiosa
1625 3077 1871 3134 aliorum
1894 3078 2075 3135 oculis

2164 3084 2248 3134 τοῦ
2301 3075 2512 3133 κελλιου
2566 3075 2858 3156 καθεῖρξαι,
2920 3078 3008 3134 ιιαὶ
3059 3075 3324 3151 μηδαμῶς
3385 3067 3536 3136 αὖτῶ
3589 3067 3784 3158 ἐφειμέ-

429 3158 744 3221 muliebris
775 3159 978 3235 facies,
1002 3159 1272 3239 adeoque
1306 3159 1467 3221 laevis
1495 3169 1556 3222 et
1585 3159 1810 3239 glabra.
1845 3161 2074 3223 Deinde

2164 3187 2257 3232 νην
2298 3169 2471 3222 θεῖναι
2523 3165 2621 3232 τὴν
2680 3162 2874 3230 ἔξοδον.
2942 3165 3155 3243 Σφόδσα
3212 3167 3312 3244 γὰρ
3372 3167 3665 3247 ἑπισφαλές
3717 3167 3787 3221 καὶ

428 3249 716 3310 nonnulla
739 3267 978 3329 quoque
1006 3249 1239 3330 aperuit
1263 3267 1331 3310 ex
1364 3250 1437 3310 iis
1470 3267 1603 3330 quae
1625 3261 1794 3311 erant
1824 3250 1878 3311 ei
1901 3269 2076 3312 even-

2164 3255 2274 3312 λίαν
2317 3252 2596 3311 ἐπίϐουλον
2652 3267 2770 3317 τοϊς
2801 3255 2908 3311 τῶν
2966 3253 3148 3323 ἤλλων
3180 3255 3486 3336 ὀφθαλμοῖς
3543 3255 3787 3335 γυναικεία

426 3347 586 3410 tura,
620 3339 863 3401 dicens:
918 3338 1137 3401 Verum
1173 3357 1290 3400 non
1325 3347 1463 3418 puto
1506 3347 1562 3401 te
1593 3341 1768 3418 longo
1801 3347 2076 3421 tempore

2164 3344 2307 3425 ὄχος,
2339 3345 2424 3400 καὶ
2484 3343 2622 3400 οὕτω
2677 3343 2831 3408 λείως
2879 3345 2968 3401 καὶ
3011 3344 3179 3426 φιλῶς
3237 3345 3464 3426 ἔχουσα,
3533 3352 3682 3418 Εἶτα,
3712 3345 3787 3400 καὶ

424 3429 524 3491 hic
569 3429 742 3490 vitam
777 3438 1050 3491 acturum
1081 3446 1096 3503 ;
1133 3429 1233 3490 sed
1267 3427 1549 3491 Ecclesiae
1577 3429 2077 3511 Scythopolitanaa

2164 3440 2264 3490 τῶν
2335 3431 2640 3509 μελλόντων
2723 3437 2868 3507 αύτῷ
2937 3431 3204 3510 συμϐῆναί
3262 3457 3382 3492 τινα
3445 3436 3782 3514 παρεγύμνου·

427 3519 838 3598 praefecturam
873 3519 1220 3599 propediem
1254 3518 1535 3598 accipies.
1570 3521 1766 3599 Atque
1801 3520 1925 3581 haec
1949 3519 2074 3598 qui-

2164 3521 2310 3579 Ἀλλ’
2342 3523 2436 3579 οὐκ
2467 3525 2624 3597 οἶμαί
2679 3543 2762 3602 σε,
2795 3521 2990 3600 λέγων,
3022 3523 3188 3580 πολύν
3243 3524 3464 3584 ἐνταῦθα
3497 3548 3687 3606 xpoch
3713 3522 3783 3578 δι-

425 3609 559 3670 dem
591 3609 652 3668 in
686 3608 1070 3688 susceptione
1101 3609 1386 3670 virorum.

2164 3623 2410 3688 αγαγεϊν·
2470 3608 2606 3666 ἀλλὰ
2637 3610 2732 3677 τὴν
2790 3611 3111 3688 προστασίαν
3169 3611 3286 3688 μετ’
3319 3614 3380 3671 οὐ
3431 3614 3569 3672 πολὺ
3598 3615 3690 3677 sine
3739 3611 3784 3667 ἓν

427 3699 752 3755 Σκυθοπόλει
798 3696 1119 3764 Ἐκκλησίας
1153 3699 1559 3777 ὲγψειρισθήσῃ.
1595 3697 1743 3765 Πλὴν
1787 3699 1925 3754 ἀλλὰ
1955 3707 2115 3756 ταῦτα
2147 3699 2244 3774 μὲν
2285 3701 2375 3755 Eni
2405 3705 2473 3766 τῆ
2505 3698 2796 3780 παραδοχῇ
2824 3706 2932 3757 τῶν
2976 3699 3202 3781 ἀνδρῶν,

504 3811 657 3874 XLI.
685 3811 823 3872 Post
848 3830 951 3874 eos
971 3821 1167 3874 autem
1194 3813 1456 3895 seipsum
1493 3814 1766 3894 permisit
1794 3815 2075 3876 omnibus

2346 3807 2356 3827 ι
2561 3817 2573 3832 ι
2678 3818 2695 3838 κ
2836 3819 2847 3838 ν
3038 3819 3052 3839 ς
3097 3824 3124 3836 α.
3414 3822 3429 3842 ι
3560 3827 3585 3838 α.

2238 3823 2332 3873 ΜΛ
2363 3865 2377 3879 ,
2444 3824 2588 3873 Mssa
2646 3816 2701 3874 δε
2758 3840 2997 3894 τουτους,
3029 3819 3224 3886 ανηκέν
3274 3819 3466 3878 ἐαυτον
3515 3843 3638 3878 πασι
3681 3830 3781 3880 τοῖς

427 3900 662 3979 ingredi
682 3899 1337 3982 cupientibus,eratque
1361 3903 1647 3983 deinceps
1667 3902 1740 3963 ad
1772 3903 2073 3982 excipien-

2164 3907 2487 3986 εἰσερχέσθαι
2548 3907 2917 3983 βουλομένοις.
2987 3913 3085 3967 Καὶ
3143 3911 3210 3978 ἧν
3265 3918 3357 3968 τοῦ
3412 3911 3604 3969 λωτοῦ
3669 3908 3777 3982 πρὸς

425 3991 564 4053 dum
595 3990 1025 4070 paratissimus.
1050 3991 1286 4054 Etenim
1320 3991 1538 4067 excipit
1559 3992 1874 4073 quemdam
1901 3991 2072 4053 Dom-

2164 3994 2426 4076 ὒιιοδοχὴν
2483 3997 2851 4070 ἑτοιμότατος.
2904 3990 3257 4080 ’Υποδέχεται
3309 4003 3409 4076 μὲν
3439 4003 3543 4080 γὰρ
3599 3999 3779 4072 Δόμνον

423 4098 558 4141 num
581 4084 788 4154 (46),ex
812 4083 1210 4170 Anthiochena
1237 4083 1472 4170 quidem
1492 4085 1716 4141 civitate
1736 4087 2067 4150 oriundum,

2164 4086 2293 4156 τινὰ,
2326 4091 2426 4153 τῆς
2489 4086 2816 4166 Ἀντιοχέων
2865 4088 2961 4162 μὲν
3022 4089 3365 4166 ὡρμημένον,
3398 4087 3695 4170 ἀδελφιδοῦν
3731 4082 3776 4139 δὲ

421 4170 670 4231 Joannis
693 4187 853 4243 vero,
885 4173 984 4250 qui
1019 4169 1101 4230 illi
1134 4179 1386 4250 praeerat
1417 4169 1724 4248 Ecclesiae,
1761 4190 1830 4233 ex
1863 4190 2070 4232 sorore

2164 4175 2425 4254 Ἰωάννου,
2458 4183 2550 4231 τοῦ
2607 4181 2704 4243 τῆς
2759 4176 2880 4233 κατ’
2939 4178 3104 4246 αὐτὴν
3146 4177 3474 4247 Ἐκκλησίας
3530 4169 3770 4256 προεστηο

423 4267 728 4340 nepotem.
761 4259 1017 4334 Suscipit
1039 4259 1215 4321 etiam
1238 4260 1385 4321 alios
1407 4268 1549 4336 tres,
1586 4262 1798 4322 fratres
1823 4279 2065 4342 genere,

2164 4263 2330 4329 κότος.
2393 4262 2747 4344 ’Υποδέχεται
2779 4263 2834 4322 δὲ
2863 4267 2952 4323 καὶ
2981 4281 3126 4343 τρεῖς
3187 4269 3418 4349 ἑτέρους,
3449 4267 3692 4348 ἀδελφοὺς
3720 4263 3767 4318 τὸ

421 4321 606 4422 ρείιὶιι
632 4321 1345 4420 Melitenos;consobrinos
1367 4321 1604 4424 Synodii
1637 4321 1794 4410 illius
1818 4321 1911 4426 qui

2293 4321 2329 4329 ν
2593 4321 2631 4344 Iv
2817 4321 2824 4322 ί
2867 4321 2874 4323 ἡ
2924 4321 2948 4322 Vr
2996 4321 3122 4343 rr'v‘
3190 4321 3418 4349 "'l'"‘!
3451 4321 3690 4348 “vvn7'7'

2164 4352 2330 4429 γένος,
2390 4356 2489 4421 τὴν
2546 4352 2769 4432 πατρίδα
2823 4354 3174 4433 Μελιτηνοὺς,
3233 4359 3483 4416 Συνοδίου
3547 4354 3764 4431 ἆιεψιοῦς

422 4437 636 4498 Acacio
661 4435 1017 4498 educaverat
1056 4436 1432 4517 Euthymium
1467 4458 1483 4518 ;
1515 4456 1767 4519 quorum
1800 4439 2066 4516 nomina,

2164 4443 2375 4516 εκείνου,
2429 4450 2522 4501 τοῦ
2578 4446 2671 4502 σύν
2715 4442 2947 4520 Ἀκακίῳ
3016 4446 3108 4502 τὸν
3176 4447 3429 4522 Εύθῦμιον
3491 4448 3757 4524 ἀναθρεψα⁴

420 4525 1776 4616 διορὴειιιιιξμἻ),Αιιἀνθειε(48),νϐειίειῑιιιε(49).
1802 4530 1940 4590 Post
1970 4548 2072 4591 eos

2164 4533 2334 4588 us'vou'
2399 4533 2662 4612 Στέφανος
2719 4537 2927 4608 αὕτοῖς,
2971 4533 3242 4616 Ἀνδρέας,
3295 4539 3383 4593 καὶ
3439 4537 3653 4595 Γαΐανὸς
3703 4530 3754 4583 τὰ

420 4613 1004 4690 vero(50),.loanuem
1031 4634 1272 4696 quoque
1293 4614 1722 4679 Bbaithensem
1756 4616 2069 4698 presbyte-

2164 4621 2410 4697 Ξνόματα.
2461 4623 2606 4680 Μετὰ
2659 4623 2713 4680 δὲ
2768 4624 2982 4690 τούτους
3041 4626 3127 4682 καὶ
3199 4624 3454 4695 ἰωᾶννην
3513 4626 3607 4684 cii-r3
3664 4620 3744 4681 τῆς

1734 4754 1992 4818 νΑΒΙιλΕ
2041 4754 2474 4822 LECTIONES.

1639 4913 1852 4980 .lOAN.
1903 4916 2269 4983 BOLLANDI
2311 4917 2554 4983 NOTE.

489 4836 507 4888 ι
551 4833 628 4897 al.
665 4838 726 4891 σὺ
759 4835 813 4892 δὲ
843 4838 960 4914 δρά.

486 5039 600 5111 (42)
634 5039 854 5098 Horum
887 5049 1031 5102 acta,
1065 5041 1305 5097 virtutes
1365 5047 1418 5095 et
1448 5037 1669 5094 obitum
1697 5035 1846 5111 _huic
1887 5038 2069 5095 histo-

413 5108 519 5169 riae
550 5112 797 5169 inseruit
829 5111 1090 5182 Cyrillus,
1128 5111 1492 5182 potissimum
1527 5123 1585 5164 ιι.
1625 5108 1742 5164 103.

482 5183 596 5253 (t3)
629 5182 780 5240 Intra
816 5180 886 5238 n.‘
938 5183 1005 5238 57
1038 5180 1342 5254 presbyter
1373 5190 1429 5238 et
1457 5191 1653 5237 custos
1694 5180 2066 5254 sanctasCru-

411 5249 497 5310 cis
524 5249 941 5325 Hierosolymis
987 5249 1168 5311 ia'ctus
1201 5249 1444 5310 {raditur
1476 5269 1490 5316 ;
1525 5258 1582 5308 et
1611 5265 1671 5308 n.
1707 5249 1810 5306 103
1838 5251 2067 5323 episco-

410 5339 521 5394 pus
550 5325 935 5395 Scyttmpolis.

485 5396 596 5460 (ut)
625 5393 780 5453 intra
813 5410 874 5452 ιι.
919 5397 988 5453 60
1023 5393 1203 5453 ιθυιω
1232 5408 1584 5459 ωοοιιοιιιιιε,
1623 5403 1819 5451 custos
1853 5402 2057 5452 sanctae

2153 5039 2461 5111 triarchatu
2497 5038 2874 5111 Antiocbeno.
2909 5037 2987 5096 De
3027 5049 3273 5110 utroque
3301 5040 3446 5098 infra
3477 5054 3594 5111 cap.
3625 5037 3672 5092 9.

2225 5111 2338 5179 (£7)
2363 5110 2518 5168 Infra
2554 5125 2612 5183 ιι.
2655 5109 2747 5183 57.
2770 5110 2960 5183 factus
2984 5109 3300 5183 episcopus
3322 5109 3750 5182 Jamniai,inter-

2151 5181 2256 5239 fuit
2281 5183 2502 5254 synodo
2540 5179 2996 5240 Cbalcedonensi
3024 5179 3121 5242 an.
3151 5179 3230 5241 Cb
3287 5185 3411 5242 457.

2219 5254 2332 5326 (ρε)
2386 5254 2936 5326 Fuitﬂhegumenus
2984 5255 3318 5313 monasterii
3359 5256 3416 5314 S.
3455 5256 3666 5314 Menna.
3700 5256 3751 5302 ιιι

2147 5322 2357 5382 dicitur
2392 5341 2489 5383 an.
2526 5325 2618 5381 87.

2209 5395 2324 5468 (49)
2353 5395 2501 5454 intra
2536 5411 2698 5456 num.
2734 5395 2804 5452 97
2843 5397 3209 5456 constituitur
3260 5397 3560 5471 episcopus
3589 5389 3746 5456 leda-

412 5463 631 5537 Crucis,
665 5466 854 5536 primo
913 5468 971 5537 in
1007 5467 1177 5524 laure
1233 5481 1290 5523 n.
1323 5467 1416 5531 87,
1461 5475 1581 5523 tum
1639 5463 2058 5537 Hierosolymis
2139 5463 2370 5524 borum.

411 5547 472 5592 n.
522 5536 642 5594 103.
676 5539 908 5607 scriptis
930 5536 1098 5594 libris
1128 5537 1341 5595 clarus.

479 5607 586 5678 (45)
618 5607 950 5678 Presbyter.
982 5609 1252 5678 fundator
1293 5609 1426 5664 novi
1486 5607 1848 5674 monasterii,
1885 5609 2058 5665 mira-

409 5677 556 5733 culis
585 5677 832 5744 insignis
862 5691 897 5732 ιι
960 5677 1062 5732 103
1098 5689 1154 5732 et
1189 5677 1349 5733 alibi.

481 5746 593 5813 (46)
633 5746 734 5801 Hic
775 5747 1062 5803 avunculo
1102 5761 1208 5804 suo
1263 5748 1468 5804 Joanni
1523 5746 1809 5805 successit
1842 5748 1896 5804 in
1961 5763 2064 5820 pa-
2133 5777 2140 5783 -

2213 5537 2326 5607 (50)
2357 5537 2681 5608 Episcopus
2708 5537 3131 5596 Saracenorum
3172 5540 3384 5598 dicitur
3413 5542 3554 5600 intra
3589 5552 3640 5597 ιι.
3668 5530 3742 5598 77;

2141 5609 2402 5666 interluit
2434 5609 2657 5680 synodo
2687 5609 3170 5670 Chalcedonensi.
3204 5613 3285 5672 De
3321 5614 3524 5675 Raitbo
3559 5610 3741 5667 dictum

2150 5680 2212 5735 14
2243 5680 2524 5739 Januarii.
