3972 6130
404 275 515 343 631

1707 276 1989 341 MENSIS
2030 274 2482 340 JANUARIUS.

3653 272 3763 339 632

405 431 598 491 mero,
621 411 695 476 ad
725 413 1055 477 Iordanem
1087 432 1122 476 a
1149 422 1357 478 sancta
1377 412 1613 475 civitate
1643 410 2043 484 descendens,

2145 407 2293 478 ῖάνην
2324 410 2430 467 ἀπὸ
2476 409 2574 478 τῆς
2627 412 2782 490 ἁγίας
2828 408 3039 475 πόλεως
3082 416 3397 491 κατιοῦσαν,
3429 406 3669 467 ἔκκλῑναί
3713 430 3763 466 τε

406 505 651 568 dextera
670 503 746 566 de
767 503 987 567 itinere
1007 502 1626 584 declinaret,perinde
1654 520 1724 564 ac
1741 501 1941 582 aliquo
1969 501 2057 562 eis

406 595 562 657 viam
586 600 916 675 praeeunte,
941 600 998 656 et
1018 591 1091 655 ad
1116 592 1344 657 lauram
1370 593 1528 655 illam
1554 591 1912 672 accederet;
1945 590 2057 653 hoc

413 685 694 757 etiam,ut
713 681 994 757 arbitror,
1027 680 1332 764 sapienter
1351 682 1713 760 disponente
1729 681 2049 744 Providen-

410 781 641 856 tia,quo
660 791 872 854 magna
893 772 1080 854 patris
1095 773 1284 835 virtus
1301 772 1500 836 adhuc
1519 772 1739 834 clarior
1753 771 2053 834 evaderet.

412 864 575 938 Quos
595 863 806 926 videns
836 865 1086 942 magnus
1105 861 1209 924 ille
1240 881 1312 925 eo
1341 861 1460 926 luci
1493 861 1829 938 divertisse,
1850 868 1912 922 ut
1940 878 2005 923 se
2026 879 2059 922 a

409 953 614 1017 labore
636 951 868 1016 itineris
889 952 1324 1034 aliquantisper
1346 960 1719 1026 recrearent,
1746 964 1917 1014 vocat
1936 950 2057 1014 Do-

409 1043 745 1119 mitianum,
767 1041 865 1104 cui
901 1042 1291 1104 commiserat
1321 1043 1504 1105 laurae
1525 1060 1727 1105 rerum
1751 1042 2058 1124 dispensa-

408 1134 659 1207 tionem,
693 1140 875 1214 atque
892 1132 1068 1214 jubet
1088 1140 1152 1195 ut
1181 1134 1270 1196 eis
1299 1152 1564 1196 mensam
1594 1140 1873 1215 apponat.
1908 1131 2052 1196 Cum

406 1224 458 1285 is
478 1228 681 1285 autem
707 1221 1001 1303 objiceret
1022 1230 1441 1303 egestatem,et
1462 1222 1874 1304 respondisset
1889 1240 1955 1283 se
1980 1240 2056 1282 ne

407 1312 585 1373 unius
611 1309 854 1392 quidem
880 1310 1000 1373 diei
1019 1311 1266 1373 fratrum
1298 1311 1524 1374 habere
1553 1311 1926 1381 alimentum,
1952 1309 2056 1371 illo

409 1420 482 1464 eo
503 1401 693 1463 fretus
718 1401 819 1481 qui
841 1399 1035 1463 viduae
1054 1401 1361 1482 copiosum
1386 1400 1597 1464 effudit
1621 1401 2054 1463 nutrimentum

409 1499 660 1572 propter
688 1488 1113 1552 abundantiam
1159 1489 1332 1553 bona;
1357 1493 1485 1570 ejus
1508 1489 1825 1553 voluntatis
1852 1491 1885 1540 5
1914 1508 2060 1571 prae-

412 1579 555 1660 cipit
587 1577 926 1642 Domitiano
950 1579 1040 1641 ire
1070 1579 1142 1642 ad
1176 1581 1510 1660 panarium.
1543 1580 1848 1660 Intelliges
1870 1580 2053 1651 enim,

2138 505 2239 569 τῆς
2287 499 2409 558 ὁδοῦ
2464 498 2632 577 δοξιᾷ,
2691 501 2927 581 καθάπερ
2982 501 3123 567 τινος
3176 503 3371 565 αὗτοϊς
3416 505 3518 566 τῆς
3571 501 3763 578 πορείας

2139 591 2564 670 προηγουμένου,
2610 592 2700 647 καὶ
2742 592 2813 657 εἷς
2867 591 2968 659 τὴν
3018 589 3216 669 λαύραν
3273 587 3494 656 ἐκείνην
3548 609 3764 667 παραγε-

2140 680 2339 739 νέσθαι·
2395 687 2496 749 τῆς
2526 681 2780 762 Προνοίας
2830 681 2991 757 οἶμαι
3023 682 3110 738 καὶ
3159 688 3320 738 τοῦτο
3351 685 3536 759 σοφῶς
3579 680 3766 736 οἰκονο-

2142 772 2371 847 μούσης,
2431 771 2569 829 ὥστε
2650 771 2746 840 τήν
2817 769 3065 849 μεγάλην
3131 777 3226 828 τοῦ
3301 771 3518 848 Πατρὸς
3574 768 3768 847 ἀρετὴν,

2141 859 2515 941 λαμπροτέραν
2573 861 2651 918 ἔτι
2683 865 3037 930 καταστῆναι.
3093 868 3196 926 Οὕς
3223 857 3355 916 ἰδὼν
3400 860 3431 916 ὁ
3461 857 3631 934 μέγας
3675 857 3772 915 ἐκεῖ

2142 948 2567 1025 καταλύσαντας,
2613 950 2752 1008 ὥστε
2782 951 2874 1006 τὸν
2904 948 2966 1006 lx
3022 948 3115 1017 τῆς
3145 947 3267 1007 ὁδοῦ
3316 948 3496 1005 κόπον
3524 946 3696 1027 βραχύ
3731 968 3771 1003 τι

2141 1037 2514 1120 διαναπαῦσαι,
2576 1039 2737 1097 καλεῖ
2797 1041 3144 1115 Δομετιανὸν,
3196 1040 3519 1113 οἰκονομεῖν
3575 1037 3642 1092 τά
3687 1041 3768 1102 τῆς

2138 1128 2334 1207 λαύρας
2390 1128 2480 1186 ὑπ’
2540 1128 2700 1187 αὐτοῦ
2756 1128 3290 1210 προκεχειρισμένον,
3326 1128 3423 1185 καὶ
3476 1128 3769 1204 παραθεῖναι

2136 1220 2344 1282 τούτοις
2376 1219 2636 1295 τράπεζαν
2686 1218 3030 1299 ἐπαγγέλγει,
3097 1228 3200 1279 Τοῦ
3229 1217 3285 1275 δὲ
3347 1214 3769 1297 προϐαλλομένου

2138 1308 2236 1377 τήν
2283 1307 2507 1389 ἔνδειαν,
2555 1310 2642 1366 καὶ
2699 1311 2774 1374 ὡς
2830 1306 2946 1370 οὐδὲ
3003 1309 3104 1376 τὴν
3171 1307 3455 1389 ἐφήμερον
3512 1305 3636 1385 ἔχοι
3686 1305 3775 1361 τῶν

2139 1396 2380 1477 ἀδελφῶν
2435 1399 2633 1477 τρογῆν
2703 1396 3143 1477 ἀποκριναγένου,
3188 1396 3401 1476 θαῤῥῶν
3461 1395 3666 1457 ξκεῒνος
3713 1401 3777 1467 τῷ

2138 1488 2227 1546 καὶ
2282 1490 2433 1568 χήρᾳ
2485 1489 2688 1568 τροφὴν
2743 1487 3000 1547 πλουσίαν
3057 1485 3125 1544 δι’
3175 1485 3437 1566 ἀφθονίαν
3493 1484 3777 1561 πηγάσαντι

2141 1577 2530 1658 προαιρέσεως,
2575 1581 2895 1655 πορευθῆναι
2955 1577 3098 1656 παρὰ
3154 1578 3215 1634 τὸ
3285 1576 3775 1656 ἀρτοφυλακεῖονιι

410 1667 629 1749 inquit,
665 1667 809 1749 quid
859 1668 974 1730 sibi
1005 1669 1250 1750 quidem
1285 1670 1471 1733 velint
1522 1670 1801 1733 humanas
1829 1669 2056 1747 cogita-

2145 1666 2448 1725 ἐντέλλεται
2496 1668 2828 1743 Δομετιανῷ.
2864 1664 3005 1744 Εἴσῃ
3050 1667 3152 1746 γὰρ
3182 1664 3307 1745 ἕγη,
3343 1664 3401 1721 τί
3458 1664 3561 1740 μὲν
3592 1662 3778 1738 ἀνθρώ-

412 1758 634 1838 tiones,
666 1756 807 1840 quid
853 1776 994 1821 vero
1028 1757 1224 1822 divina
1255 1760 1440 1840 possit
1492 1762 1682 1840 gratia
1714 1759 2057 1841 opinionem

413 1847 766 1928 dispensare
796 1865 866 1908 ac
897 1847 1238 1925 providere.

491 1939 783 2003 XLIV.Et
800 1939 904 2001 ille
928 1940 1149 2002 cedens
1173 1941 1399 2015 statim,
1426 1950 1485 2002 et
1502 1940 1824 2015 accedens,
1852 1941 1911 2021 (ο
1936 1942 2063 2002 ine-

414 2027 737 2094 narrabilia
760 2036 881 2104 tua,
914 2029 1174 2105 Christe,
1210 2028 1502 2093 miracula
1527 2031 1570 2112 !)
1605 2033 1835 2093 invenit
1863 2031 2060 2093 divina

416 2118 670 2202 quadam
702 2127 763 2181 et
808 2119 1079 2199 sapiente
1133 2119 1532 2198 providentia,
1568 2119 1754 2182 aedem
1807 2122 2061 2202 panibus

414 2210 566 2272 adeo
586 2208 920 2290 plenam,ut
943 2228 1020 2271 ne
1042 2208 1218 2272 facile
1237 2210 1477 2290 quidem
1503 2220 1660 2273 esset
1681 2229 1888 2291 parum
1911 2229 2057 2293 ape-

415 2301 537 2362 rire
567 2301 807 2373 ostium,
836 2298 1202 2378 prohibitum
1236 2318 1455 2380 nempe
1490 2299 1870 2363 multitudine
1904 2302 2063 2363 intus

417 2389 774 2472 positorum.
803 2389 1045 2450 Vocatis
1073 2406 1217 2468 ergo
1246 2389 1379 2451 aliis
1416 2389 1719 2470 fratribus,
1751 2398 1812 2452 et
1856 2408 2063 2452 eorum

2142 1780 2293 1816 πινοι
2344 1757 2627 1835 βούλοκται
2685 1754 2960 1836 λογισμοὶ,
3011 1756 3065 1814 τί
3106 1754 3160 1813 δὲ
3211 1757 3326 1813 θεία
3372 1753 3596 1812 δύναται
3637 1752 3778 1831 χάρις

2142 1846 2451 1915 παραδόξως
2483 1850 2817 1923 οἰκονομεῖν.

2226 1937 2365 1995 MA’.
2416 1940 2513 1996 Καὶ
2554 1938 2615 2002 ὃς
2647 1935 2796 2003 εἴξας
2852 1938 2998 1999 εὐθὺς
3032 1938 3121 1993 καὶ
3171 1937 3643 2015 παραγενόμενος*
3688 1932 3778 1990 τῶν

2144 2026 2545 2107 ἀνεκδιηγήτων
2606 2049 2723 2106 σου,
2768 2027 2982 2107 Χριστὲ,
3033 2025 3366 2100 θαυμασίων,
3406 2024 3637 2102 εὖρίσκει
3685 2022 3784 2095 θείᾳ

2144 2121 2243 2176 τινὶ
2287 2119 2376 2175 καὶ
2426 2124 2567 2198 σοφῇ
2624 2117 2844 2195 προνοίᾳ
2878 2116 2978 2184 τὴν
3017 2116 3186 2173 οίκίαν
3227 2114 3407 2178 οὕτως
3467 2110 3641 2189 ἄρτων
3691 2132 3780 2187 με·

2147 2208 2302 2282 στὴν,
2338 2210 2412 2273 ὡς
2469 2205 2608 2282 μηδὲ
2639 2207 2740 2274 τὴν
2780 2209 2942 2283 θύραν
2988 2206 3180 2284 μικρόν
3237 2227 3288 2262 τι
3320 2200 3652 2283 πάρανοῖξαι
3696 2201 3781 2278 ῥᾴ-

2149 2296 2256 2355 διον
2317 2296 2399 2370 ὅν,
2433 2303 2509 2372 τῷ
2552 2294 2746 2366 πλήθει
2776 2300 2884 2351 τῶν
2940 2293 3082 2352 ἔνδον
3139 2294 3558 2373 ἀνειργομένην.
3624 2289 3779 2350 Καλέ-

2147 2410 2243 2452 σας
2287 2388 2458 2443 τοίνυν
2490 2387 2576 2443 καὶ
2629 2384 2826 2449 ἄλλους
2883 2390 2992 2441 τῶν
3048 2381 3316 2463 ἀδελφῶν,
3377 2384 3473 2440 καὶ
3504 2382 3605 2450 τὴν
3644 2384 3780 2457 θοραν

419 2471 602 2560 opera
630 2494 835 2539 everso
858 2478 1037 2554 ostio,
1056 2478 1217 2541 videt
1239 2497 1306 2541 ea
1336 2498 1469 2562 quae
1486 2487 1661 2542 erant
1679 2479 1859 2553 intus,
1883 2482 2056 2542 innu-

2146 2478 2240 2533 σὺν
2297 2481 2480 2539 αὖτοτς
2534 2474 2853 2553 ἀνατρέψας,
2907 2473 3004 2554 ὁρᾷ
3057 2473 3124 2530 τὰ
3182 2471 3353 2547 ἔνδον,
3408 2471 3683 2547 ἀμύθητόν
3737 2490 3775 2524 τι

418 2557 765 2630 merebilem
796 2586 1013 2647 panum
1040 2557 1483 2631 multitudinem
1521 2589 1537 2647 ;
1569 2568 1641 2631 ad
1670 2569 1799 2632 haec
1823 2570 2056 2647 vini,in-

2146 2565 2347 2635 πλῆθος
2403 2564 2597 2643 ὂίρτιιιιν⁹
2660 2563 2811 2622 οἴνου
2867 2586 2951 2636 τε,
3001 2568 3162 2643 φημὶ,
3207 2565 3297 2620 καὶ
3354 2561 3533 2621 έλαίοι
3591 2557 3778 2624 πολλὴν

417 2665 689 2738 quam,et
707 2656 825 2718 olei
847 2657 1155 2737 ingentem
1182 2659 1438 2739 copiam,
1462 2666 1639 2741 atque
1663 2660 1905 2722 omnino
1924 2679 2056 2723 con-

2146 2655 2416 2736 ἀφθονίαν,
2450 2656 2539 2712 καὶ
2595 2652 2860 2733 ἀνάλογον
2901 2660 2970 2732 τῇ
3027 2655 3147 2731 περὶ
3200 2653 3263 2711 τὸ
3319 2650 3527 2711 διδόναι
3588 2650 3775 2710 πάντως

418 2747 756 2809 venientem
781 2744 1081 2826 Euthymii
1105 2749 1161 2809 in
1191 2747 1388 2810 dando
1420 2749 1898 2829 magniﬁcentiae.

2146 2746 2406 2821 Εὖθυμίου
2434 2743 2709 2826 φιλοτιμίᾳ
2723 2788 2738 2804 .

475 2834 787 2899 ΧΙΝΗεεο
810 2836 1034 2898 utvidit
1054 2835 1450 2914 Domitianus,
1470 2838 1687 2901 divinae
1706 2840 1910 2919 gratiae
1930 2859 2067 2920 ope-
2227 2835 2371 2897 ME’.
2417 2844 2592 2895 Ταῦτα
2626 2835 2949 2911 Δομενιανδς
2999 2832 3154 2907 ἰδὼν.
3190 2836 3279 2892 καὶ
3318 2838 3427 2903 τῆς
3456 2833 3602 2897 θείας
3630 2829 3774 2910 χάρι-

418 2925 710 2988 rationem
740 2925 1106 3005 intelligens,
1134 2927 1402 3006 procedit
1426 2928 1496 2989 ad
1523 2928 1705 3008 pedes
1736 2931 2056 3008 magni,ve-

2146 2949 2237 2991 τος
2284 2924 2566 3002 συμϐαλὼν
2596 2925 2693 2993 τὴν
2751 2924 3040 3005 ἐνέργειαν,
3074 2926 3255 2982 πίπτει
3313 2927 3452 3004 πρὸς
3509 2936 3629 2984 τοῖς
3669 2920 3773 2977 ποσὶ

420 3015 581 3077 niam
601 3014 862 3096 petiit,et
879 2992 1182 3096 paucitatis
1197 3015 1408 3078 sordes
1425 2992 1767 3081 veliementi
1790 2992 2056 3101 rependit

2148 3023 2240 3075 τοῦ
2310 2992 2572 3093 μεγάλου,
2634 3037 2798 3092 συγγν
2812 2992 2957 3092 ἑξμήν
3024 2992 3209 3091 αἰτῶν,
3286 2992 3377 3073 καί
3450 3009 3773 3089 μικρολογίας

427 3103 800 3185 paenitentia.
835 3104 941 3167 llle
964 3122 1100 3166 vero
1123 3123 1255 3167 cum
1290 3104 1629 3169 Domitiano
1659 3106 1974 3188 benignam
2010 3119 2056 3172 et

2149 3104 2441 3170 ἀντιδιδοὺς
2514 3105 2798 3181 μετανοίας
2856 3106 3182 3184 θερμότητα.
3261 3106 3530 3170 Κάκεῖνος
3598 3102 3772 3188 εὔμενῆ

428 3202 690 3257 mentem
711 3203 768 3255 et
786 3212 1026 3256 manum
1042 3195 1742 3277 porrexissetjpsumque
1755 3186 2056 3275 elevasset,

2149 3218 2208 3253 τε
2277 3196 2588 3271 Δομετιάνῷ
2629 3194 2718 3251 καὶ
2749 3194 3001 3277 ’φνώμην
3056 3196 3151 3253 καί
3215 3207 3383 3275 χεῖρα
3442 3192 3647 3272 ὀρέξας,
3700 3186 3773 3245 ια’

427 3303 461 3346 o
480 3283 924 3365 fili,inquit,qui
946 3272 1211 3347 seminat
1232 3286 1295 3347 in
1318 3272 1860 3365 benedictionibus,
1886 3290 1951 3351 in
1975 3272 2056 3352 be?

2152 3288 2307 3345 αὐτὸν
2363 3286 2690 3359 ἀναστήσας,
2748 3272 2813 3339 Ὦ
2869 3283 3075 3357 τέκνον,
3134 3272 3259 3365 ἔφη,
3322 3285 3351 3341 ὃ
3426 3283 3653 3360 σπείρων
3702 3277 3774 3333 ἐπὶ

426 3373 870 3438 nede‘ctionibus
918 3380 976 3437 et
1004 3381 1179 3437 metet
1200 3376 1250 3434 4.
1313 3374 1423 3447 Qui
1454 3393 1593 3456 ergo
1645 3378 2056 3441 accedentibus

2153 3376 2440 3455 εὖλογίαις,
2476 3374 2563 3431 ἐπ’
2626 3373 2891 3452 εὐλογίαις
2921 3375 3008 3431 καὶ
3048 3375 3262 3455 θερίσει.
3316 3378 3381 3433 Οἱ
3427 3383 3555 3453 γοῦν
3612 3367 3773 3432 κοινὴν

425 3480 743 3525 commune
774 3472 996 3525 tectum
1046 3464 1315 3545 praebent
1350 3472 1408 3527 et
1436 3465 1545 3541 sal,
1585 3466 1926 3530 nescientes
1954 3468 2056 3530 sib:

2152 3479 2271 3531 τοῖς
2332 3470 2576 3542 παριοῦσι
2605 3463 2704 3528 τήν
2747 3465 2945 3541 στέγην
2983 3465 3071 3521 καὶ
3118 3464 3240 3528 τοὺς
3270 3463 3407 3528 ἅλας
3464 3462 3769 3537 ποιούμενοι,

427 3554 628 3634 potius
655 3561 1004 3634 comparant
1034 3554 1339 3635 c0piosam
1365 3556 1930 3636 suppeditationem,
1959 3576 2056 3620 net

2152 3555 2464 3612 λανθάνουσι
2507 3551 2708 3628 δαψιλῆ
2753 3551 2960 3627 μᾶλλον
3006 3553 3219 3617 ἑαυτοῖς
3262 3558 3662 3633 περιποιοῦντες
3690 3547 3773 3611 τὴν

424 3650 652 3703 tantum
685 3640 828 3703 dant
855 3650 1140 3723 quantum
1184 3643 1507 3723 accipiunt.
1543 3644 1711 3718 Quod
1762 3647 2004 3728 quidem
2036 3667 2056 3708 ε

2154 3644 2445 3724 χορηγίαν,
2476 3643 2564 3698 καὶ
2619 3643 2698 3718 μὴ
2743 3651 2992 3702 τοσοῦτον
3040 3639 3268 3709 διδόντες
3297 3642 3429 3700 ὅσον
3484 3638 3765 3714 λαμϐάνουο

425 3731 593 3792 vobis
622 3749 859 3812 quoque
893 3732 1250 3795 servandum
1276 3742 1389 3810 est,
1425 3733 1664 3809 fratres,
1687 3736 1737 3797 si
1770 3735 1892 3798 Deo
1926 3736 2056 3799 esti:

2152 3756 2257 3797 σιν,
2320 3732 2491 3810 ’Ὅπερ
2522 3730 2735 3810 ἀδελφοὶ
2789 3732 2878 3789 καὶ
2905 3733 3035 3809 ὑμῖν
3088 3731 3408 3808 φυλακτέον,
3456 3734 3499 3788 εί
3543 3728 3769 3805 μέλλοιτε

428 3820 844 3901 gratificaturi,
903 3834 960 3883 et
1018 3820 1279 3903 plurima
1334 3840 1536 3886 rerum
1589 3827 2056 3890 necessariarum

2153 3825 2242 3882 καὶ
2291 3829 2406 3897 Θεῷ
2436 3823 2767 3902 χαρίζεσθαι,
2800 3823 2887 3878 καὶ
2944 3820 3122 3899 πολλῇ
3152 3823 3379 3880 πάντοτε
3403 3838 3432 3869 ιι
3486 3821 3650 3897 κομᾷν
3674 3820 3764 3872 τῶν

430 3910 906 3991 suppeditatione
929 3910 1561 3990 semperabundaturi.
1593 3912 1746 3976 Hinc
1776 3915 2056 3980 bonorum

2153 3917 2453 3993 ἀναγκαίων
2523 3914 2591 3989 τῇ
2661 3913 2917 3992 χορηρίᾳ,
2988 3911 3257 3970 Ἐντεῦθεν
3326 3913 3538 3990 ἀγαθῶν
3593 3907 3760 3985 σωρὸς,

430 4017 702 4075 acervus,
724 4010 789 4063 ut
818 4000 1004 4071 aiunt,
1026 4000 1537 4084 constitit,resque
1558 4002 1741 4065 lauraa
1761 4019 2056 4087 coeperunt

2153 4005 2215 4060 τὸ
2246 4003 2338 4060 τοῦ
2390 4002 2572 4080 λόγου,
2608 4000 2857 4076 συνέστη,
2890 4003 2979 4058 καὶ
3032 4003 3098 4059 τὰ
3154 4008 3253 4071 τῆς
3303 4000 3499 4083 λαύρας
3551 4000 3761 4063 εύθηνεῐθ

432 4090 631 4170 vigere
678 4107 747 4151 ac
789 4089 1166 4153 exuberare:
1226 4091 1461 4170 quando
1518 4091 1761 4173 quidem
1822 4095 2056 4158 fratrum

2153 4091 2357 4173 ἤρχετο
2413 4112 2501 4149 και
2533 4092 2606 4156 εἷς
2665 4089 2865 4159 πλῆθος
2898 4088 3209 4149 ἐπιδιδόναι·
3269 4090 3357 4149 ὅτε
3410 4093 3519 4151 τῶν
3553 4086 3760 4162 ἀδελφῶν

433 4197 721 4242 numerus
748 4179 822 4242 ad
856 4180 1284 4262 quinquaginta
1328 4172 1624 4261 pervenit,
1656 4191 1716 4245 et
1748 4186 2056 4267 unicuiqut

2155 4180 2398 4260 ἀριθμὸς,
2462 4182 2543 4243 εἰς
2596 4180 2929 4249 πεντήκοντα
2979 4179 3259 4263 περιέστη,
3326 4182 3533 4256 ἑκάστῳ
3581 4198 3633 4234 τε
3676 4172 3757 4229 αὖα

434 4287 640 4331 eorum
673 4269 824 4333 cella
852 4268 962 4330 fuit
992 4261 1283 4332 mditicata
1319 4289 1334 4347 ;
1367 4278 1546 4351 atque
1580 4290 1749 4334 sacra
1798 4261 2056 4355 mysteria

2157 4277 2263 4331 τῶν
2308 4269 2519 4328 κελλίον
2575 4268 2920 4345 ᾠκοδομήθη·
2982 4272 3070 4328 καὶ
3127 4271 3194 4328 τὰ
3235 4261 3332 4340 τῆς
3378 4275 3522 4354 ἱερᾶς
3561 4261 3754 4326 καθεκά·

435 4358 703 4440 quotidie
733 4359 1195 4440 peragebantur.

2159 4384 2292 4429 στην
2336 4358 2577 4418 ἔτελεῐτο
2607 4361 3009 4438 μυσταγωγίας.

514 4446 719 4511 XLVI.
767 4445 948 4509 Porro
980 4448 1029 4509 is
1059 4452 1152 4510 cui
1185 4448 1415 4511 credita
1443 4451 1634 4514 fuerat
1685 4449 2049 4533 dispensatio

2241 4449 2393 4526 mg”.
2451 4448 2679 4508 Ἐννοῶν
2731 4446 2788 4505 δὲ
2846 4452 2874 4507 ὁ
2918 4452 3019 4518 τὴν
3068 4452 3376 4527 οἰκονομίαν
3422 4441 3746 4533 ἐγχειρισβξῖςν

437 4538 578 4600 dum
600 4536 920 4616 cogitat,ad
939 4544 1165 4599 tantum
1192 4538 1439 4601 fratrum
1461 4529 1901 4604 multitudinem
1929 4543 2051 4606 mnl

2160 4542 2242 4599 ὅτι
2299 4541 2431 4619 πρὸς
2487 4537 2625 4596 οὕτω
2681 4536 2819 4596 πολὺ
2860 4542 2966 4596 τῶν
3021 4538 3261 4621 ἀδελφῶν
3317 4529 3539 4615 πλῆθος,
3579 4529 3741 4621 πολλῆ-ί

441 4638 501 4691 ιο
531 4626 712 4690 etiam
738 4625 853 4688 sibi
885 4646 1035 4707 opus
1065 4627 1193 4689 fore
1224 4627 1579 4710 ministerio,
1615 4630 1809 4693 mulos
1835 4651 2056 4713 quoquc

2161 4634 2303 4704 αὒτῷ
2343 4617 2446 4685 καὶ
2487 4629 2776 4713 ὑπηρεσίας
2832 4625 3033 4705 δεήσει,
3065 4617 3470 4708 προσεκτήσατο
3509 4617 3740 4713 τῇλαάξάι

441 4718 664 4802 paravit
692 4716 1033 4780 laumErat
1057 4725 1252 4780 autem
1278 4717 1518 4799 quidam
1539 4716 1600 4781 in
1622 4738 1692 4782 ea
1709 4710 1963 4784 Asianus
1984 4740 2055 4802 ge

2159 4721 2248 4778 καὶ
2292 4719 2572 4794 ἡμιόνους.
2603 4712 2700 4774 Ἦν
2758 4715 2812 4775 δέ
2840 4739 2923 4782 τις
2953 4717 3007 4775 ἒν
3041 4718 3176 4796 αὐτῇ
3230 4721 3295 4777 τὸ
3321 4721 3474 4800 γένος
3521 4710 3741 4802 Ἀσιανὸς,

439 4796 864 4885 nere,nomine
884 4796 1336 4884 Auxentius.qui
1351 4817 1476 4872 erat
1494 4818 1667 4891 aptus
1687 4811 1757 4873 ad
1785 4796 2056 4874 mulorun

2161 4811 2261 4877 τὴν
2312 4806 2506 4875 κλῆσιν
2563 4805 2857 4879 Λῦξέντιος,
2917 4806 3229 4875 ἐπιτηδείως
3302 4796 3450 4891 ἔχων
3498 4809 3612 4887 πρὸς
3667 4796 3746 4891 τίη

441 4897 870 4962 ministerium.
895 4896 952 4959 Is
982 4915 1122 4976 ergo
1145 4895 1220 4958 ab
1250 4889 1703 4961 hocmconomo
1732 4911 1995 4979 rogatus,
2020 4921 2054 4962 υ

2161 4905 2270 4956 τῶν
2310 4897 2554 4972 ἡμιόνων
2611 4894 2902 4960 διακονίαν.
2966 4897 3132 4960 Οὗτος
3163 4889 3475 4960 οὗτοςηόπὸ
3500 4893 3628 4954 τοῦδε
3674 4889 3746 4942 τοῦ

436 4989 602 5052 illam
635 4986 841 5050 subire
879 4985 1459 5050 administrationem
1504 4976 1842 5071 differebat,
1876 4997 1935 5052 et
1962 5009 2056 5051 non

2163 4986 2446 5063 οἰκονόμου
2514 4985 3012 5063 παρακαλούμενος,
3080 4987 3222 5046 ὥστε
3289 4988 3389 5057 τὴν
3467 4976 3746 5060 λειτουργίαν

440 5076 778 5142 obediebat.
813 5075 928 5141 Sed
951 5095 1087 5139 cum
1109 5095 1208 5140 res
1235 5087 1395 5142 esset
1416 5078 1487 5140 ad
1512 5097 1680 5141 usum
1714 5081 2056 5142 necessaria

2163 5077 2412 5136 ὑπελθεῖν
2500 5075 2696 5143 ταύτην
2723 5121 2742 5152 ,
2801 5074 3131 5135 ἀνεϐάλλετο
3198 5080 3282 5136 καὶ
3353 5079 3456 5160 οὐχ
3508 5074 3743 5142 {mimum

439 5172 716 5231 Joannem
741 5177 794 5227 et
819 5169 1119 5242 Gyrtonem
1167 5170 1533 5244 presbyteros
1564 5186 1759 5229 secum
1791 5172 2049 5244 acoipien

2164 5164 2485 5244 Ἀναγκαίου
2542 5162 2595 5219 δὲ
2626 5165 2720 5221 καί
2780 5167 3051 5245 χρησίμου
3102 5173 3195 5225 τοῦ
3251 5168 3553 5246 πράγματος
3601 5160 3741 5223 ὄντος,

442 5274 814 5331 ωοοιιοπιιιε,
847 5255 1068 5318 iterum
1120 5274 1252 5318 cum
1301 5256 1373 5318 iis
1403 5256 1649 5337 rogabat
1697 5257 2054 5320 Auxentium

2167 5254 2497 5358 παραλαϐὼν
2548 5255 2638 5311 καὶ
2691 5251 2945 5325 Ἰωάννην
3005 5257 3119 5335 μεθ’
3186 5257 3375 5317 ἑαυτοῦ
3424 5259 3506 5316 καὶ
3556 5247 3746 5328 Ruptum

522 5380 557 5429 '5
594 5377 672 5441 III
703 5377 852 5455 Reg.
882 5393 1032 5453 xvn,
1065 5377 1124 5439 3.
1208 5378 1238 5428 4
1264 5376 1319 5441 lI
1349 5378 1485 5443 Cor.
1510 5395 1592 5455 IX,
1628 5379 1688 5442 6.

1760 5483 2017 5550 VARUE
2063 5481 2495 5550 LECTIONES.

525 5616 564 5646 ¹¹¹
595 5609 670 5673 al.
705 5611 1108 5687 ἀρτοφυλάκιον.
1196 5628 1223 5656 η
1252 5615 1331 5679 al.
1364 5616 1645 5677 πάντοθεν,
