3972 6130
209 331 334 398 633
1556 334 1745 399 νιΤΑ
1792 333 1850 395 S.

1984 331 2312 395 lTHYMIl.
3495 332 3572 397 63
3585 334 3616 397 ’t

204 468 333 534 τοὺς
380 469 796 550 πρεσϐυτέρους
839 473 868 530 ὁ
913 470 1220 546 οἰκονόμος,
1271 465 1418 538 ἠξίου
1461 467 1558 524 καί
1602 469 1747 532 αὖθις
1807 470 1889 527 σὺν

1984 468 2123 551 quia
2142 484 2282 530 vero
2304 466 2393 529 sic
2422 483 2662 548 quoque
2683 464 3092 548 inobsequens
3115 472 3263 539 erat,
3287 473 3349 529 et
3364 467 3485 545 jam
3519 469 3631 531 ad-

203 560 296 615 καὶ
343 563 551 627 αὖτοϊς
585 564 686 619 τὸν
729 561 1031 628 Λῦξέντιον.
1065 560 1226 619 Ἐπεὶ
1255 557 1310 615 δὲ
1341 560 1428 616 καὶ
1457 557 1623 623 οὕτως
1669 558 1897 631 ἀνήκοος

201 651 297 724 ἧν,
347 656 454 707 τοῦ
504 649 800 710 Σαϐϐάτου
829 650 934 719 ἤδη
964 649 1358 729 διαγεγονότος,
1389 648 1548 716 ἡνίκα
1577 649 1654 724 τῷ
1679 650 1900 728 μεγάλῳ

201 739 331 808 ἐξῆν
367 741 680 822 ἐντυχεῖν,
741 740 988 820 ἀναφέρει
1031 741 1098 797 τὰ
1145 739 1284 796 κατὰ
1311 740 1404 796 τὸν
1447 736 1722 804 Αύξέντιον
1759 743 1901 814 αὒτῷ

199 831 389 888 πάντα
422 831 454 888 ὁ
487 832 819 908 οἰκονόμος.
869 831 1130 893 Κάκεῖνος
1189 827 1609 906 μεταστέλλεται
1666 829 1762 901 μὲν
1805 832 1900 886 εὔ-

199 921 339 987 θὲως
389 922 496 978 τὸν
546 920 782 1001 ἀδελφὸν
827 928 875 1002 ⁸,
920 920 1204 978 ὑπακούειν
1252 917 1307 975 δὲ
1359 930 1632 998 παραινεῖ,
1678 923 1764 976 καὶ
1819 921 1900 994 μὴ

200 1008 382 1075 οὕτως
447 1008 752 1068 ἂνένδοτον
809 1013 949 1067 εἶναι
1008 1010 1098 1066 καὶ
1152 1008 1372 1083 ἀπειθῆ,
1433 1011 1513 1082 τῷ
1582 1005 1695 1080 ἰδίῳ
1753 1009 1901 1082 μόνῳ

202 1103 563 1181 στοιχοῦντα
613 1099 901 1175 θελήματι,
950 1101 1036 1156 καὶ
1078 1099 1178 1166 τὴν
1233 1097 1416 1164 κοινὴν
1474 1110 1591 1162 τοῖς
1643 1095 1898 1174 ἀδελφοῖς

199 1192 680 1270 χρησιμεύουσαν
732 1188 999 1246 διακονίαν
1028 1187 1476 1262 ἀποποιούμενον.
1525 1194 1630 1246 Τοῦ
1673 1185 1729 1243 δὲ
1777 1209 1893 1262 μη-

201 1277 258 1334 δὲ
293 1278 702 1360 παράκλησιν,
734 1277 873 1355 μηδὲ
918 1279 1090 1353 μόνην
1150 1277 1273 1353 ὄψιν
1332 1275 1661 1342 αἰδεσθέντος
1708 1277 1894 1335 τοιαύ-

200 1390 333 1443 την,
371 1368 535 1426 ἀλλᾶ
585 1368 683 1426 καῖ
735 1369 901 1432 οὕτως
960 1365 1315 1443 ἂναδυομένου
1363 1369 1570 1445 σαφῶς,
1616 1368 1703 1424 καὶ
1743 1369 1894 1423 ποίαν

201 1460 334 1538 οὖχὶ
395 1459 698 1522 κινοῦντος
756 1459 1042 1538 πρόςρασιν,
1089 1456 1182 1512 ἵνα
1228 1456 1390 1531 μόνον
1434 1455 1646 1532 θέλημα
1678 1456 1738 1512 τὸ
1767 1456 1895 1511 ἑαυ-

200 1558 301 1608 τοῦ
328 1549 538 1624 κύριον
574 1547 766 1626 δείξῃ·
821 1549 907 1604 καὶ
936 1557 1024 1604 νὺν
1069 1546 1166 1622 μὲν
1198 1547 1260 1601 τὸ
1293 1543 1593 1602 ἀλλοδαπὸν
1626 1545 1770 1603 εἶναι
1800 1544 1894 1602 καῖ

201 1643 306 1706 τῆς
387 1638 712 1719 ἐπιχωρίου
781 1643 964 1717 φωνῆς
1011 1636 1340 1710 ἀνομίλητον
1398 1636 1743 1711 αἰτιωμένου,
1808 1641 1897 1691 νῦν

201 1725 260 1783 δὲ
307 1728 414 1790 τὰς
465 1731 584 1796 τῆς
628 1730 822 1806 σαρκὸς
882 1724 1166 1788 ἐπιϐουλὰς
1213 1727 1298 1781 καὶ
1346 1726 1440 1789 τὰς
1499 1724 1746 1788 ποικίλας
1806 1727 1899 1781 τοῦ

1983 567 2229 622 venerat
2258 555 2605 628 Sabbatum,
2639 576 2757 636 quo
2801 563 2917 616 tem
2929 573 3071 635 pore
3102 554 3323 618 licebat
3353 575 3630 634 maguum

1983 645 2541 721 couvenire,omnia
2561 645 2636 706 de
2651 646 2945 708 Auxentio
2969 645 3022 708 ci
3044 645 3230 707 refert
3250 663 3628 710 oeconomus.

1982 737 2055 802 Et
2080 737 2182 799 ille
2204 737 2448 818 quidem
2482 737 2724 798 fratrem
2763 741 2961 797 statim
2994 735 3266 807 arcessit;
3301 736 3635 800 suadetau-

1985 837 2104 889 tem
2136 837 2200 889 ut
2229 826 2652 903 obediat,neve
2685 825 2761 886 sit
2791 825 2944 887 adeo
2977 834 3293 887 contumax
3328 834 3386 886 et
3416 827 3631 889 inobe-

1983 917 2178 992 dieus,
2215 915 2516 998 propriam
2550 915 2838 976 duntaxat
2896 914 3204 996 sequendo
3237 916 3628 989 voluntatem,

1980 1015 2041 1069 et
2072 1005 2471 1067 ministerium
2505 1003 2794 1066 fratribus
2837 1005 3238 1067 communiter
3271 1004 3417 1066 utile
3445 1024 3627 1068 recu-

1981 1096 2192 1159 sando.
2218 1097 2275 1158 Is
2305 1111 2448 1156 vero
2494 1113 2604 1156 nec
2636 1094 3141 1169 adhortationem,
3178 1113 3290 1156 nec
3331 1095 3418 1156 vel
3450 1095 3627 1157 talem

1978 1188 2172 1249 solum
2196 1184 2545 1265 adspectum
2595 1183 2917 1257 reveritus,
2951 1183 3056 1246 sed
3092 1183 3271 1246 etiam
3305 1185 3391 1246 sic
3422 1195 3631 1267 aperte

1977 1272 2370 1353 detrectabat,
2404 1282 2465 1334 et
2487 1291 2666 1352 quem
2693 1292 2810 1333 non
2852 1282 3198 1351 praetextum
3223 1274 3530 1350 afferebat,
3565 1282 3630 1336 ut

1979 1363 2166 1425 solam
2193 1363 2552 1424 voluntatem
2587 1381 2754 1424 suam
2791 1361 3094 1423 dominam
3147 1363 3536 1439 ostenderet;
3573 1373 3630 1425 et

1979 1471 2137 1514 nunc
2168 1453 2410 1532 quidem
2447 1452 2808 1513 causabatur
2837 1470 2903 1512 se
2926 1470 3062 1514 esse
3086 1451 3632 1533 alienigenam,nec

1981 1543 2236 1622 peritum
2262 1542 2560 1603 sermonis
2579 1541 2845 1619 regionis
2875 1541 3061 1618 illius;
3087 1561 3248 1603 nunc
3267 1561 3409 1603 vero
3433 1544 3629 1605 carnis

1977 1633 2228 1694 insidias
2251 1633 2562 1711 variasque
2587 1629 2829 1710 maligni
2855 1640 3014 1692 artes
3041 1651 3054 1693 :
3083 1629 3166 1692 Ne
3198 1631 3374 1704 forte,
3410 1631 3624 1712 inquit,

1981 1741 2071 1783 me
2094 1730 2254 1783 extra
2279 1724 2482 1784 oculos
2507 1734 2720 1782 Vestras
2741 1724 3036 1782 inventum
3057 1725 3484 1797 supplantat,ac
3509 1740 3628 1782 suae

204 1826 467 1897 πονηροῦ
499 1829 532 1873 Ρ
564 1817 764 1899 τέχνας
799 1834 814 1850 ⁸
854 1816 1078 1888 Μήποτέ
1109 1837 1200 1890 με,
1230 1815 1415 1894 φησὶν,
1451 1812 1548 1880 ἔξω
1575 1815 1682 1871 τῶν
1710 1814 1889 1891 ὑμετέ-

1984 1811 2222 1873 ηιοιὶιίω
2242 1829 2394 1890 opus
2419 1809 2721 1884 exhibeat;
2743 1808 2815 1869 ad
2841 1809 2967 1870 hinc
2989 1828 3062 1870 ne
3081 1811 3451 1872 assuefactus
3467 1810 3627 1871 curis

205 1928 319 1985 ρων
352 1907 668 1988 ὀφθαλμῶν
722 1907 958 1986 ἔφευρὼν
1007 1904 1362 1986 ὑποσκελίσῃ,
1411 1906 1498 1961 καὶ
1549 1905 1734 1968 κακίας
1791 1905 1890 1973 τῆς

207 1997 412 2057 ἑαυτοῦ
442 1998 614 2076 ἔργον
671 1996 812 2074 δείξῃ
843 2013 858 2028 ⁸
907 1997 1038 2074 πρὸς
1083 1993 1162 2068 δὲ,
1200 1995 1286 2052 καὶ
1345 1993 1493 2058 ὅπως
1538 1995 1616 2070 μὴ
1648 1994 1887 2076 φροντίσι

1976 1910 2035 1964 et
2055 1901 2516 1974 tumultibus,de
2540 1906 2757 1960 caetero
2783 1917 3166 1978 permaneam
3195 1901 3546 1980 discrepans
3569 1909 3629 1963 et

1972 1991 2252 2053 dissonus
2283 1990 2356 2053 ad
2389 1991 2575 2052 animi
2607 1989 2876 2069 quietem
2908 2001 2970 2052 et
3003 1989 3528 2067 tranquillitatem.

206 2089 300 2144 καὶ
354 2087 618 2166 θορύϐοις
701 2087 1038 2158 συνεθισθεὶς,
1113 2082 1328 2159 ἀπᾴδων
1387 2091 1479 2142 τοῦ
1558 2083 1751 2142 λοιποῦ
1808 2085 1896 2144 καὶ
1955 2083 2272 2162 ἀσύμφωνος
2345 2084 2476 2158 πρὸς
2533 2080 2764 2160 ἡσυχίαν
2825 2081 2914 2136 καὶ
2969 2082 3210 2158 γαλήνην
3272 2085 3458 2164 ψυχῆς
3518 2079 3629 2138 δια-

212 2179 418 2256 μείνω,

300 2268 426 2326 MZ’
439 2313 456 2330 .
495 2275 732 2328 Τοιαῦτα
761 2265 1040 2347 λέγοντος,
1073 2265 1162 2322 καὶ
1205 2265 1304 2332 τὴν
1336 2269 1435 2331 τῆς
1468 2267 1654 2344 ψυχῆς
1683 2263 1888 2342 βλάϐην

215 2360 293 2421 ὡς
325 2357 664 2426 δυσωπῆσαι
693 2357 885 2424 ἱκανὴν
916 2358 1078 2414 οὖσαν
1125 2352 1587 2433 προϐαλλομένου,
1633 2355 1661 2409 ὃ
1721 2355 1890 2432 μέγας

212 2447 389 2510 πάλιν
440 2449 736 2528 Εὗθύμιος,
798 2444 969 2502 Ἀλλὰ
1011 2443 1337 2521 δεησόμεθα,
1369 2446 1413 2498 ῶ
1463 2443 1675 2522 τέκνον,
1735 2446 1887 2523 φησὶ,

216 2537 315 2594 τοῦ
373 2539 554 2616 Θεοῦι
625 2538 765 2595 ὥστε
826 2535 1014 2613 μηδενὶ
1069 2540 1178 2600 τῶν,
1233 2531 1606 2610 βλαπτόντων,
1651 2532 1736 2590 διὰ
1792 2535 1892 2602 τὴν

216 2627 489 2696 ὑπακοὴν
550 2624 827 2702 ἀλώσιμον
893 2625 1116 2704 ὀφθῆναί
1187 2645 1270 2685 σε.
1344 2622 1511 2681 Αύτοῦ
1581 2623 1682 2702 γάρ
1748 2623 1891 2699 ἐστιν

512 2736 526 2752 ⁶
595 2720 704 2776 Οὔκ
754 2714 917 2783 ῆλθον
969 2713 1377 2793 διακονηθῆναι,
1431 2711 1571 2769 ἀλλά
1635 2711 1892 2771 διακονῆσ-

543 2824 557 2841 ⁶
618 2807 692 2865 Οὖ
734 2805 875 2862 ποιῶ
931 2806 992 2860 τὸ
1049 2801 1260 2878 θέλημα
1318 2808 1378 2858 τὸ
1435 2800 1589 2882 ἐμὸν,
1650 2802 1787 2860 ἀλλὰ
1831 2805 1892 2860 τὸ

227 2895 455 2972 θέλημα
537 2902 630 2953 τοῦ
714 2894 1028 2969 πέμψαντός
1089 2913 1157 2968 με
1241 2897 1468 2970 Πατρός.
1537 2894 1671 2968 Πρὸς
1727 2900 1894 2950 ταῦτα

229 2986 309 3042 ἔτι
354 2985 570 3063 μᾶλλον
600 2983 1000 3065 τραχυνομένου
1029 2991 1124 3042 τοῦ
1173 2980 1454 3048 Αὖξεντίου
1497 2983 1585 3039 καὶ
1629 2981 1891 3058 μηδαμῶς

235 3075 518 3148 ε’ίκοντος,
589 3075 872 3154 βαρύτερον
932 3073 1077 3146 αὒτῷ
1124 3073 1501 3150 προσενεχθεὶς
1549 3073 1576 3127 ὁ
1605 3074 1752 3136 θεῖος
1787 3076 1890 3131 Εὐ-

237 3167 451 3247 θῦμιος,
489 3157 684 3242 Ἠμεῐς
716 3165 839 3239 μὲν,
862 3165 906 3218 ὧ
935 3161 1145 3237 τέκνον,
1180 3161 1362 3236 εἶπεν,
1394 3159 1524 3239 ὅπερ
1551 3158 1606 3216 δὲ
1637 3162 1721 3218 καὶ
1749 3163 1892 3236 αὐτῷ

246 3277 327 3312 σοι
354 3253 662 3313 λυσιτελεῖν
709 3252 906 3329 ἐδόκει,
950 3250 1436 3326 συνεϐουλεύσαμεν
1469 3265 1483 3281 ⁹
1537 3251 1599 3306 σὺ
1629 3250 1684 3307 δὲ
1715 3251 1888 3327 μένων

2055 2259 2431 2325 XLVIl.Cum
2466 2259 2592 2321 haec
2621 2258 2876 2338 diceret,
2899 2266 2955 2320 et
2975 2258 3192 2321 animae
3217 2277 3436 2321 noxam
3460 2267 3524 2320 ut
3552 2260 3626 2322 ad

1975 2351 2332 2415 movendum
2354 2348 3256 2430 idoneam,proferret,magnus
3274 2349 3491 2411 iterum
3516 2353 3628 2412 Eu-

1976 2440 2236 2522 thymius
2272 2458 2285 2502 :
2321 2437 2438 2502 Sed
2465 2437 2678 2517 Deum,
2718 2438 2937 2516 inquit,
2983 2437 3316 2515 arabimus,
3351 2457 3386 2500 ο
3419 2440 3524 2514 fili,
3564 2447 3627 2500 ut

1975 2539 2222 2613 propter
2250 2527 2686 2603 obedientiam,
2714 2547 2747 2590 a
2779 2527 2944 2588 nullo
2978 2545 3050 2588 ex
3108 2527 3181 2588 iis
3209 2548 3344 2610 qua;
3371 2528 3622 2604 laedunt,

1975 2628 2189 2698 captus
2249 2616 2528 2678 videaris.
2591 2615 2739 2695 Ejus
2789 2615 2950 2677 enim
3005 2634 3112 2677 vox
3146 2625 3237 2676 est
3273 2635 3285 2676 :
3320 2616 3457 2680 Non
3489 2619 3629 2680 veni

1973 2709 2343 2780 ministrari,
2378 2705 2483 2768 sed
2518 2707 2876 2768 ministrare
2904 2707 2957 2766 5.
2993 2704 3065 2767 Et
3097 2726 3112 2766 :
3147 2705 3284 2768 Non
3311 2708 3482 2785 facio
3526 2725 3627 2770 va-

1973 2797 2273 2861 luntatem
2320 2812 2547 2877 meam,
2602 2797 2708 2858 sed
2739 2794 3117 2858 voluntatem
3153 2799 3292 2874 ejus
3323 2798 3432 2876 qui
3460 2799 3624 2860 misit

1975 2907 2065 2949 me
2097 2887 2308 2950 Patris
2338 2885 2390 2946 6.
2426 2884 2514 2947 Ad
2549 2884 2660 2946 ista
2690 2883 2886 2946 adhuc
2916 2885 3103 2963 magis
3125 2898 3480 2964 eanperato
3511 2891 3625 2948 Au-

1973 2976 2202 3050 xentio,
2241 2985 2297 3036 et
2351 2993 2726 3055 nequaquam
2789 2974 3068 3053 cedente,
3127 2973 3453 3052 graviusin
3488 2994 3623 3038 eum

1972 3066 2267 3128 invehens
2293 3066 2534 3127 divinus
2565 3064 2916 3144 Euthymius
2945 3083 2958 3126 :
2992 3062 3112 3126 Nos
3144 3064 3413 3145 quidem,
3447 3085 3480 3126 ο
3515 3067 3623 3140 fili,

1972 3156 2187 3237 inquit,
2224 3155 2388 3235 quod
2415 3155 2524 3216 tibi
2556 3154 2675 3235 ipsi
2700 3173 2943 3234 quoque
2974 3172 3109 3216 esse
3139 3155 3525 3219 conducibile
3544 3159 3624 3220 vi-

1971 3245 2249 3320 debatur,
2300 3244 2718 3307 consuluimus
2756 3266 2770 3304 :
2826 3254 2885 3305 tu
2917 3251 3116 3305 autem
3149 3245 3211 3304 in
3243 3245 3452 3306 eadem
3487 3265 3618 3310 ma-

247 3345 340 3402 ὶπὶ
401 3348 499 3415 τῆς
556 3346 722 3411 αὖτῆς
757 3343 1051 3422 ἀπειθείας,
1084 3340 1208 3397 ὅσον
1237 3338 1388 3396 οῧπω
1429 3340 1508 3403 τίς
1537 3341 1564 3397 ὁ
1594 3342 1694 3408 τῆς
1724 3340 1884 3397 ἀπει-

1984 3354 2120 3397 nens
2147 3333 2580 3413 inobedientia,
2610 3352 2744 3395 mox
2775 3333 2953 3408 scies,
2989 3332 3266 3409 quisnam
3298 3334 3376 3395 sit
3404 3335 3618 3398 inobe-

257 3435 395 3497 θείας
434 3437 634 3512 καρπὸς
674 3431 829 3510 εἴσῃ.
889 3431 1054 3491 Οὔπω
1093 3429 1247 3494 τέλος
1279 3429 1410 3510 εἶχε
1440 3431 1519 3505 τῷ
1562 3429 1784 3508 μεγάλῳ
1827 3430 1892 3486 τὰ

261 3521 526 3600 εἰρημένα,
584 3525 674 3580 καὶ
731 3522 920 3580 κλόνον
970 3521 1066 3578 οὒκ
1101 3519 1211 3578 οἶδ’
1245 3517 1361 3576 ὅθεν
1405 3521 1433 3576 ὁ
1486 3519 1758 3585 Abii-mo:
1801 3526 1891 3577 τοῦ

253 3613 498 3689 σώματος
553 3614 816 3692 ὑποστὰς,
863 3611 1042 3675 ἅθλιος
1087 3610 1173 3668 ἐπὶ
1228 3609 1328 3678 τήν
1383 3613 1486 3688 γῆν
1541 3610 1887 3685 καταπίπτει,

250 3701 481 3783 δακρύων
523 3702 610 3760 διὰ
653 3703 754 3770 τὴν
810 3701 1082 3781 συμφορὰν
1139 3701 1304 3775 μόνον
1357 3710 1385 3754 τι
1443 3697 1611 3765 ἄξιος.
1667 3700 1726 3757 Οἰ
1763 3705 1890 3777 γοῦν

247 3793 505 3870 παρόντες
587 3797 694 3849 τῶν
774 3789 1043 3870 ἀδελφῶν,
1121 3789 1528 3853 ἐπικλασθέντες
1585 3790 1728 3862 αὖτῲ
1796 3789 1891 3844 τὰς

249 3883 432 3963 ψυχὰς
465 3880 634 3945 οὕτως
668 3880 914 3945 ἐλεεινῶς
959 3879 1169 3960 ἔχοντι,
1228 3878 1435 3937 ἐδέοντο
1466 3878 1743 3953 Εὖθυμίου,
1773 3876 1892 3933 ἱκέ-

247 3993 420 4047 τευον,
467 3969 825 4048 ἠντηϐόλουν,
860 3971 1128 4047 βοηθῆσαι
1188 3969 1441 4046 κειμένῳ,
1491 3970 1580 4025 καὶ
1609 3968 1890 4046 παρακοῆς

244 4063 535 4120 ὑποστάντι
567 4061 804 4138 πονηρὰν
836 4059 1058 4121 ἔκτισιν.
1092 4057 1154 4116 Ὀ
1185 4056 1263 4132 δὲ,
1299 4060 1430 4138 πρὸς
1490 4057 1655 4122 οὕτως
1697 4056 1890 4125 ἀπειθῆ

242 4154 330 4209 καί
374 4151 631 4224 ἀνήκοον,
658 4182 661 4183 ν
691 4150 910 4224 ἕτοιμος
968 4153 1036 4218 ἦν
1077 4149 1390 4209 ὑπακούειν.
1446 4150 1544 4207 Καὶ
1594 4145 1892 4221 λαϐόμενος

245 4245 406 4300 αὗτοῦ
445 4248 555 4300 τῶν
599 4245 825 4319 χειρῶν,
881 4238 1126 4305 ἀνίστησι
1168 4239 1260 4294 τὸν
1304 4237 1601 4310 Αὒξέντιον,
1658 4236 1888 4316 ὒπότρο-

245 4354 349 4407 μον
407 4330 509 4404 ἔτι⁹
571 4331 660 4387 καὶ
719 4327 805 4384 διὰ
863 4329 1077 4384 πάντων
1138 4329 1332 4406 μικροῦ
1398 4335 1506 4384 τῶν
1564 4325 1742 4402 μελῶν
1789 4325 1891 4393 τὴν

243 4420 506 4500 τιμωρίαν
566 4421 862 4499 ὅπέχοντα.
914 4417 1051 4474 Εἶτα
1095 4416 1192 4474 καὶ
1235 4417 1472 4495 καθάπερ
1514 4439 1565 4473 τι
1613 4417 1892 4496 φάρμακον

245 4515 392 4584 αὖτῳ
443 4512 504 4566 τὸ
561 4515 655 4566 τοῦ
711 4513 936 4588 σταυροῦ
994 4519 1226 4582 σημεῖον
1283 4504 1581 4586 ἐπιϐαλὼν,
1638 4505 1749 4562 λύει
1819 4505 1894 4579 τῷ

1972 3425 2214 3488 dientiaa
2271 3425 2521 3487 fructus.
2574 3425 2856 3487 Nondum
2889 3423 3101 3484 horum
3137 3422 3433 3486 dictorum
3487 3444 3617 3487 ma-

1971 3533 2123 3594 gnus
2155 3516 2334 3576 linem
2364 3514 2680 3588 fecerat,ct
2708 3530 3068 3574 concussum
3105 3515 3380 3592 corporis
3424 3516 3624 3578 nescio

1972 3604 2132 3666 unde
2164 3622 2374 3686 passus
2404 3602 2770 3679 Auxentius,
2807 3602 2992 3664 miser
3021 3602 3082 3664 in
3129 3612 3346 3665 terram
3372 3604 3621 3682 decidit,

1974 3694 2166 3755 solum
2209 3693 2428 3774 dignus
2466 3693 2746 3773 lacrymis
2781 3701 3023 3773 propter
3053 3692 3476 3759 calamitatem.
3512 3695 3626 3769 Qui

1975 3802 2118 3863 ergo
2145 3783 2393 3846 aderant
2423 3801 2499 3845 ex
2529 3781 2836 3860 fratribus,
2869 3782 3039 3844 fracti
3091 3782 3311 3845 animis
3341 3803 3525 3864 super
3555 3805 3627 3848 eo

1977 3883 2092 3935 tam
2131 3874 2350 3935 misere
2381 3873 2616 3947 affecto,
2639 3873 2928 3951 rogabant
2951 3873 3359 3953 Euthymium,
3393 3875 3627 3955 suppli-

1975 3961 2213 4037 cabant,
2248 3961 2670 4034 obsecrabant,
2707 3969 2769 4022 ut
2799 3981 2974 4042 opem
3002 3961 3187 4023 ferret
3208 3963 3460 4043 jacenti,
3485 3983 3628 4043 gra-

1972 4071 2230 4133 vemque
2289 4070 2582 4133 perpesso
2640 4051 3070 4114 inobedientia:
3102 4070 3369 4132 pugnam.
3401 4052 3457 4115 Is
3489 4073 3627 4117 vero

1973 4161 2116 4220 erga
2143 4142 2293 4204 adeo
2328 4150 2747 4206 contumacem
2779 4151 2838 4202 et
2880 4141 3353 4216 inobedientem,
3391 4153 3628 4222 paratus

1973 4241 2102 4294 erat
2130 4231 2422 4307 obedire;
2481 4251 2550 4295 ac
2605 4232 2736 4313 ejus
2769 4231 3044 4294 manibus
3077 4231 3416 4312 prehensis,
3451 4232 3630 4312 erigit

1972 4321 2366 4398 Auxentium,
2418 4320 2882 4384 tremebundum
2943 4321 3163 4400 adhuc,
3199 4331 3258 4382 et
3289 4340 3397 4402 per
3426 4321 3629 4384 omnia

1973 4413 2100 4474 fere
2133 4411 2405 4474 membra
2435 4431 2641 4494 poenas
2673 4411 3064 4494 pendentem.
3112 4411 3340 4473 Deinde
3371 4431 3505 4474 cum
3539 4419 3627 4474 si-

1973 4520 2153 4581 gnum
2214 4503 2436 4583 crucis,
2497 4503 2689 4564 instar
2741 4501 3054 4582 cujusdam
3090 4501 3536 4578 medicamenti,
3571 4503 3628 4565 ei

245 4598 509 4678 ἀνθρώπῳ
577 4599 640 4656 τὸ
710 4598 902 4674 πάθος,
962 4597 1051 4652 καὶ
1107 4597 1230 4674 ὑγιᾶ
1291 4599 1630 4676 παραχρῆμα
1689 4593 1889 4652 δείκνυ-

1984 4590 2348 4664 immisisset,
2381 4593 2556 4653 solvit
2580 4591 2888 4655 hominem
2920 4591 2994 4654 ab
3025 4609 3094 4654 ea
3137 4591 3476 4668 affectione,
3501 4604 3625 4656 sta-

249 4711 359 4752 σιν.
1917 4713 1958 4766 D
1978 4681 2208 4758 timque
2234 4699 2443 4743 sanum
2476 4681 2696 4743 reddit.

327 4776 472 4842 Mﬂ’.
505 4777 836 4857 Ἀνενεγκὼν
867 4785 956 4836 οὖν
987 4777 1015 4832 ὸ
1049 4774 1350 4848 Αὒξέντιος,
1377 4774 1472 4833 καΐ
1503 4780 1604 4844 τῆς
1635 4775 1734 4852 μὲν
1765 4796 1889 4847 παρ-

2057 4768 2314 4834 XLVIII.
2344 4773 2676 4834 Recreatus
2697 4777 2898 4850 itaque
2930 4771 3290 4848 Auxentius,
3323 4781 3380 4834 et
3410 4772 3616 4834 inobeo

249 4873 418 4937 ακοῆς
448 4870 523 4933 εἰς
578 4869 803 4945 μνήμην
861 4864 1049 4940 ἐλθὼν,
1112 4866 1282 4926 συνεὶς
1315 4861 1484 4922 δὲκαὶ
1513 4867 1575 4922 τὸ
1610 4863 1889 4931 κατασκῆ-

1984 4858 2225 4923 dientiaa
2236 4861 2477 4942 quidem
2494 4861 3222 4941 recordatus,intelligeus
3235 4880 3374 4924 vero
3389 4861 3630 4924 calami-

250 4964 359 5035 ψαν
416 4960 491 5024 εἰς
534 4959 695 5016 αὐτὸν
753 4956 946 5037 πάθος,
1009 4955 1094 5011 καὶ
1163 4954 1244 5011 ὅτι
1303 4956 1472 5030 μόνης
1513 4955 1579 5022 ῆν
1629 4956 1889 5021 ἆπειθείας

1984 4959 2159 5012 tatem
2193 4970 2325 5031 qum
2354 4952 2407 5012 ei
2441 4952 2822 5029 incubuerat,
2858 4969 2970 5014 nec
2993 4951 3218 5013 inscius
3249 4970 3398 5031 opus
3443 4951 3628 5014 fuisse

250 5049 406 5127 ἔργον
464 5049 543 5125 μῆ
623 5047 916 5126 ἀγνοήσας,
1004 5043 1080 5102 ἔτι
1153 5045 1371 5120 μείζονα
1425 5043 1577 5112 δίκην
1627 5046 1726 5102 ὑπὸ
1803 5052 1889 5102 τοῦ

1984 5041 2162 5102 solius
2181 5041 2598 5116 contumaciae,
2627 5044 2886 5123 majores
2909 5041 3107 5102 adhuc
3132 5040 3334 5102 luebat
3360 5058 3566 5120 pcenas
3595 5061 3630 5103 a

249 5135 550 5200 συνειδότος
634 5137 947 5214 ἓπράττετο,
1034 5135 1123 5190 καὶ
1202 5132 1531 5210 μεταμέλειά
1597 5156 1676 5197 τις
1736 5135 1889 5191 αὖτὸν

1984 5131 2692 5212 conscientia,gravisque
2706 5150 2841 5196 eum
2856 5130 3036 5193 subiit
3058 5130 3628 5211 pcenitentiaﬂuare

255 5228 424 5304 εἰσῄει
468 5224 637 5297 δεινή,
698 5223 917 5295 Ἀμέλει
976 5224 1064 5280 καὶ
1122 5224 1440 5297 προσπίπτει
1483 5227 1560 5298 τῷ
1605 5224 1843 5300 Εὗθυμίῳ
1873 5239 1888 5256 ⁸

1984 5221 2047 5284 ad
2074 5221 2260 5302 pedes
2283 5221 2880 5302 prociditEuthymii;
2913 5221 3132 5302 partim
3159 5228 3371 5301 petens
3391 5222 3623 5285 veniam

253 5325 408 5374 τοῦτο
461 5315 560 5393 μὲν
615 5314 940 5394 συγγνώμην
984 5317 1091 5371 τῶν
1135 5311 1240 5382 ἤδη
1283 5312 1660 5394 γεγενημένων
1704 5317 1889 5394 αἰτῶν,

1984 5312 2095 5392 iam
2125 5319 2418 5385 actorum,
2451 5313 2664 5393 parthn
2686 5313 2746 5374 in
2767 5312 3034 5374 futurum
3057 5311 3621 5377 securitatem.Cum

330 5477 364 5529 Β
392 5474 599 5540 Matth.
636 5490 736 5552 xx,
771 5473 873 5538 28.
958 5468 1190 5538 610m.
1223 5488 1282 5550 v,
1317 5473 1416 5539 30.

1569 5568 1831 5634 νΑΒυΕ
1876 5563 2304 5633 LECTIONES.

331 5689 355 5717 °
389 5675 468 5741 al.
501 5674 637 5740 add.
723 5688 749 5731 P
783 5675 860 5741 al.
896 5680 1110 5758 ἓχθροῦ.
1198 5687 1224 5730 (Ι
1253 5675 1328 5738 al.
1364 5676 1569 5756 μόνων.
