3972 6130
394 295 511 365 635

1709 314 1760 376 Μ
1775 313 1984 376 ENSIS
2009 311 2460 375 JANUARIUS.

3634 300 3737 370 636

395 433 449 528 is
479 435 729 528 verojei
779 439 978 502 statim
1035 437 1362 521 ignovisset
1411 445 1635 520 (anima
1685 446 1842 508 enim
1893 463 2021 528 quae

2110 443 2265 501 τοῦτο
2323 443 2378 502 δὲ
2425 445 2515 504 καὶ
2569 446 2694 517 πρὸς
2747 446 2808 502 τὸ
2837 441 3036 520 μέλλον
3081 440 3404 522 ἀσφάλειαν,
3454 448 3552 500 Τοῦ
3580 439 3632 498 δὲ
3661 441 3739 497 καὶ

393 523 489 617 vis
515 526 752 588 tandem
777 529 846 588 ad
868 527 1014 591 iram
1033 549 1319 594 conversa
1343 533 1558 608 fuerat,
1583 535 1885 617 quomodo
1912 523 2036 596 non

397 614 611 678 fuisset
661 628 932 698 prompte
958 638 1205 682 cursura
1233 623 1304 682 ad
1338 614 1928 686 commiserationem
1958 624 2032 704 ἲ),

397 710 458 764 et
492 705 753 767 futurum
788 715 1024 788 tempus
1056 729 1162 790 per
1192 712 1522 774 orationem
1553 715 2030 787 communiisset,

397 792 501 856 ille
531 813 663 856 cum
695 797 996 876 voluptate
1019 811 1075 860 et
1097 801 1279 862 animi
1305 803 1609 866 alacritate
1631 804 1879 882 suscipit
1898 822 2034 864 mu-

396 882 588 974 lorum
607 885 1120 952 ministerium.Sic
1137 891 1480 972 disciplina
1504 889 1885 974 Domini7,ut
1900 911 2033 953 cum

395 971 590 1062 divina
614 975 915 1054 Scriptura
959 977 1196 1059 loquar,
1231 971 1492 1044 et’aures
1514 985 1742 1062 aperit;
1768 971 1825 1044 et
1858 983 2036 1062 plane

393 1061 598 1142 adjicit
629 1063 1106 1145 intelligentiam.
1143 1069 1212 1131 Et
1254 1071 1354 1151 qui
1378 1061 1701 1152 antequam
1725 1061 2031 1152 deprime-

388 1162 554 1242 retur
567 1152 640 1214 hu
653 1153 928 1236 milisque
941 1158 1706 1228 redderetur.contumacia3
1721 1169 2028 1242 peccatum

388 1241 732 1334 admiserat,
766 1257 899 1325 post
929 1247 1378 1328 depressionem
1412 1241 1930 1334 humilitatemque
1961 1269 2030 1312 ex

389 1331 707 1412 disciplina
764 1345 978 1409 ortam,
1035 1341 1309 1419 cognitus
1359 1339 1468 1401 fuit
1516 1339 1588 1402 ad
1621 1331 2026 1402 obedientiam

389 1424 868 1502 promptus.Haec
900 1426 1047 1488 mihi
1081 1429 1442 1491 anachoreta
1463 1428 1740 1510 Cyriacus
1761 1431 1895 1510 (57)
1927 1429 2029 1491 ilfe

389 1512 490 1591 qui
518 1513 594 1574 ab
617 1513 862 1575 ineunte
891 1517 1133 1596 quidem
1166 1527 1340 1582 aetate
1362 1529 1573 1580 tonsus
1605 1522 1798 1581 fuerat
1829 1521 1886 1580 in
1912 1538 2032 1582 crn-

389 1600 572 1662 nobio
605 1601 906 1680 Euthymii
942 1607 1083 1686 (58),
1121 1617 1429 1689 postquam
1480 1618 1676 1670 autem
1727 1627 1862 1671 cum
1897 1611 2030 1689 ejus

391 1689 514 1770 (59)
549 1694 998 1756 successoribus
1028 1696 1170 1758 satis
1199 1697 1377 1775 longo
1408 1705 1678 1779 tempore
1709 1710 1868 1760 esset
1902 1716 2031 1762 ver-

386 1788 944 1864 satus,omnemque
975 1785 1050 1846 ab
1084 1786 1171 1848 eis
1202 1786 1310 1848 viri
1344 1795 1404 1848 et
1432 1786 1950 1862 exercitationem,
1971 1796 2031 1851 et

386 1869 514 1930 vitae
542 1870 840 1933 rationem
874 1883 1152 1936 accurate
1183 1875 1517 1949 didicisset,
1543 1889 1743 1954 postea
1775 1877 1834 1938 in
1860 1877 2026 1938 laura

385 1961 604 2021 veteris
625 1959 797 2023 Sucte
819 1962 952 2040 (60)
983 1965 1358 2045 septuaginta
1378 1965 1513 2046 (61)
1547 1965 1670 2028 fere
1695 1967 1832 2028 totis
1852 1985 1925 2027 an
1937 1967 2028 2029 nis

384 2067 450 2110 se
485 2049 778 2124 exercuit,
800 2053 964 2113 omni
996 2054 1210 2116 virtute
1236 2073 1304 2117 ac
1335 2055 1604 2117 honestae
1634 2054 1765 2117 vitae
1786 2056 2026 2138 praecla-

381 2138 466 2199 ris
501 2139 670 2200 factis
695 2141 1017 2204 admodum
1052 2143 1329 2208 illustris.

464 2228 736 2294 XLIX.Et
757 2233 916 2294 aliud
942 2242 1140 2294 autem
1165 2234 1297 2316 ipse
1327 2236 1471 2298 mihi
1489 2236 1880 2316 retulit,quod
1905 2237 2024 2299 duo

383 2337 452 2379 ex
477 2318 948 2396 fratribus,Maro
975 2331 1034 2384 et
1057 2323 1486 2402 Clematius,ad
1510 2325 1919 2388 austeritatem
1947 2329 2024 2390 vi-

378 2415 451 2468 tte
480 2427 547 2470 ac
576 2409 909 2491 disoiplinaa
968 2413 1030 2474 in
1086 2413 1252 2475 laura
1283 2415 1612 2479 observata
1647 2417 2017 2493 fatiscentes,

377 2497 540 2561 inter
568 2517 634 2560 se
663 2511 1094 2576 convenerunt,
1129 2512 1191 2563 ut
1223 2504 1388 2566 illinc
1422 2505 1758 2566 clanculum
1788 2507 2018 2585 etinge-

377 2596 535 2662 rent,
569 2598 628 2649 et
650 2608 715 2652 se
748 2599 927 2652 noctu
957 2591 1160 2652 furtim
1193 2592 1751 2674 subriperentﬂaec
1775 2594 1861 2655 illi
1885 2595 2021 2674 qui-

377 2677 512 2738 dem
547 2682 850 2740 communi
884 2699 1180 2742 consensu
1217 2681 1614 2762 loquebantur
1657 2693 1714 2744 et
1765 2684 1920 2764 apud
1954 2703 2021 2747 se

379 2766 719 2845 cogitabant
754 2787 770 2831 °.
808 2770 911 2830 sed
945 2771 1044 2850 qui
1077 2779 1308 2833 secreta
1338 2773 1617 2852 aperit,et
1647 2772 1720 2833 iis
1751 2773 1850 2854 qui
1884 2783 2022 2834 sunt

375 2856 658 2934 dedicati,
692 2858 837 2920 dicit
868 2879 975 2939 per
1005 2859 1215 2921 Isaiam
1255 2883 1268 2925 :
1300 2862 1434 2923 Λοη
1457 2864 1580 2923 erit
1611 2863 1726 2923 tibi
1751 2862 2021 2942 amplius

375 2947 469 3009 sol
497 2949 562 3010 in.
597 2949 790 3011 lucem
821 2950 970 3023 diei,
1005 2968 1196 3029 neque
1238 2958 1412 3014 ortus
1443 2951 1605 3013 tum:
1635 2951 2020 3015 illuminabit

375 3036 486 3098 tibi
513 3044 796 3111 noctem;
853 3039 959 3101 sed
1011 3041 1124 3100 erit
1175 3039 1288 3102 tibi
1323 3042 1616 3102 Dominus
1648 3041 1762 3102 lucc
1792 3043 2017 3118 sempi-

377 3134 549 3189 terna
577 3131 610 3178 8
643 3148 656 3187 :
695 3129 827 3208 ipse
860 3131 974 3192 hoc
1023 3149 1264 3210 quoque
1315 3131 1694 3192 manifestum
1751 3131 1890 3192 facit
1919 3131 2014 3193 fa-

377 3217 535 3278 mulo
568 3237 702 3280 suo.
732 3219 892 3280 Facit
927 3227 1124 3281 autem
1158 3219 1273 3280 hoc
1309 3229 1501 3300 pacto.
1533 3219 1594 3280 In
1621 3220 1820 3301 quiete
1852 3221 2012 3281 enim

370 3305 613 3384 degenti
651 3308 970 3385 aliquando
1001 3311 1139 3372 huic
1173 3328 1383 3389 magno
1439 3317 1499 3371 et
1529 3309 1862 3370 admirabili
1894 3308 2016 3372 Eu-

371 3397 594 3476 thymio
623 3398 780 3459 visus
811 3407 892 3461 est
948 3399 1266 3478 malignus.
1326 3400 1552 3461 Maroni
1611 3408 1669 3460 et
1701 3397 2012 3474 Clematio,

369 3494 648 3567 tanquam
681 3488 756 3548 ob
791 3489 1002 3551 oculos
1031 3497 1237 3551 sancto
1294 3489 1740 3570 assistentibus,
1775 3489 2013 3551 frenum

368 3575 645 3656 injicere,
705 3597 929 3660 eosque
990 3578 1048 3639 in
1100 3579 1382 3657 laqueum
1436 3579 1676 3641 trahere
1725 3579 2010 3658 gravissi-

370 3683 555 3729 mum.

451 3754 578 3816 Lis
599 3773 735 3815 vero
759 3757 954 3817 statim
990 3757 1314 3820 intellectis
1348 3757 1866 3829 insidiis,arcessit
1890 3757 2012 3818 fra-

369 3851 492 3905 tres
523 3844 822 3906 Maronem
849 3856 906 3907 et
929 3846 1538 3929 Clematium,eosque
1571 3849 1864 3919 hortatur,
1901 3847 2007 3907 ad-

369 3935 1348 4016 monet,rogat,docet,alluquitur,
1375 3945 1433 3997 et
1465 3937 1753 4017 prolixam
1779 3935 2009 3997 oratiu-

372 4041 507 4083 nem
541 4024 722 4085 habet
751 4025 828 4086 de
859 4025 1490 4107 tolerantia,quodque
1513 4044 1660 4106 opus
1683 4026 1762 4087 sit
1792 4025 2012 4104 ubique

373 4111 632 4193 plurima
664 4115 931 4174 custodia
953 4123 1012 4174 et
1033 4114 1572 4178 cautione.Deinde
1597 4114 1655 4175 in
1675 4114 2012 4193 exemplum

371 4201 461 4263 eis
482 4202 724 4264 adducit
752 4203 1042 4265 Adamum
1068 4212 1127 4264 et
1172 4203 1386 4266 Jobum
1415 4227 1430 4275 ;
1474 4205 1643 4266 illum
1677 4204 1919 4284 quidem
1952 4203 2012 4262 in

375 4292 644 4371 paradiso
671 4292 929 4353 mandati
951 4293 1493 4367 viulatnrem,hunc
1516 4313 1656 4356 vero
1680 4297 2018 4372 omnigenus

2119 535 2436 612 συγγνόντος
2497 535 2672 599 εὒθέος
2732 534 2875 609 αύτῷ
2948 533 3006 613 (ἡ
3069 533 3167 610 γὰρ
3231 533 3364 611 πρὸς
3413 533 3574 610 ὀργὴν
3625 554 3739 606 cpu-

2117 636 2282 679 πεϊσα
2343 623 2505 696 μόλις
2549 625 2730 704 ψυχὴ,
2777 631 2889 689 πῶς
2933 623 3028 679 οὒκ
3077 620 3303 696 ἔμελλεν
3351 623 3578 694 ἑτοίμως
3627 619 3742 698 δρα-

2117 725 2242 785 μεῖν
2303 715 2375 775 εἰς
2425 714 2756 786 συμπάθειαν
2787 711 2859 793 ς),
2926 713 3013 768 καὶ
3087 714 3146 768 τὸ
3204 711 3412 786 μέλλον
3467 709 3541 767 δι’
3593 712 3743 789 εὐχῆς

2117 800 2568 882 ἀσφαλισαμένου,
2633 802 2751 878 μεθ’
2801 801 2996 872 ἡδονῆς
3057 802 3266 866 ἐκεῖνος
3332 803 3421 857 καὶ
3479 799 3745 877 προθυμίας

2115 891 2213 959 τὴν
2268 899 2375 948 τῶν
2428 892 2670 965 ἡμιόνων
2756 892 3058 970 ἀναιρεῖται
3120 889 3418 947 διακονίαν.
3485 887 3657 950 Ούτως
3718 890 3745 954 ἡ

2115 979 2327 1036 παιδεία
2413 981 2620 1059 Κυρίου,
2699 981 2834 1038 κατά
2905 981 3007 1046 τὴν
3084 980 3224 1036 θείαν
3300 977 3466 1059 φάναι
3527 977 3745 1058 Γραφὴν,

2116 1069 2304 1146 ἀνάγει
2364 1091 2418 1125 τε
2475 1071 2541 1126 τὰ
2587 1070 2723 1142 ὦτα,
2797 1071 2885 1126 καὶ
2943 1076 3062 1127 νοῦν
3115 1065 3352 1147 ἀκριϐῶς
3419 1068 3745 1138 προστίθησι,

2117 1160 2215 1216 Καὶ
2260 1162 2286 1214 ὁ
2330 1160 2432 1237 πρὸ
2475 1166 2568 1215 τοῦ
2622 1158 3014 1226 ταπεινωθῆναι
3075 1160 3174 1226 τὴν
3247 1157 3530 1214 ἀπείθειαν
3573 1155 3748 1229 πλημ-

2115 1247 2376 1323 μελήσας,
2426 1250 2564 1324 μετὰ
2619 1252 2717 1316 τὴν
2761 1249 2823 1304 ἐκ
2881 1247 3120 1310 παιδείας
3164 1250 3520 1320 ταπείνωσιν,
3556 1246 3748 1319 ἕτοιμος

2113 1338 2244 1414 πρὸς
2302 1339 2544 1405 ὑπακοὴν
2614 1339 2951 1416 ἐγνωρίζετο.
3008 1338 3184 1397 Ταῦτά
3237 1359 3335 1414 μοι
3385 1339 3414 1394 ὁ
3473 1337 3750 1415 ἀναχωρηο

2109 1428 2207 1494 τὴς
2273 1431 2528 1504 Κυριακὸς
2582 1427 2901 1507 διηγήσατο,
2967 1426 3232 1507 Κυριακὸς
3301 1427 3544 1506 ἐκεῖνος,
3591 1429 3644 1490 ὃς
3700 1425 3752 1481 ἐκ

2112 1516 2230 1573 νέου
2286 1517 2384 1590 μὲν
2453 1525 2529 1591 τῷ
2603 1520 2693 1575 τοῦ
2763 1518 3004 1594 μεγάλου
3068 1518 3328 1593 Εὔθυμίου
3389 1517 3752 1593 ἐναπεκείρατο

2112 1603 2396 1680 κοινωϐίῳ,
2447 1619 2566 1669 τοῖς
2615 1607 2815 1664 ἐκείνου
2874 1606 2928 1663 δὲ
2985 1605 3262 1686 διαδόχοις
3327 1606 3536 1686 χρόνον
3588 1606 3750 1661 ἱκανὸν

2112 1696 2523 1776 συγγενόμενος,
2605 1697 2691 1752 καὶ
2750 1703 2924 1753 πᾶσαν
2996 1695 3124 1774 παρ’
3183 1700 3362 1755 αὒντῶν
3425 1702 3519 1751 τοῦ
3578 1692 3749 1770 ἀνδρὸς

2113 1783 2338 1851 ἅσκησίν
2393 1807 2451 1841 τε
2504 1786 2590 1841 καὶ
2643 1784 2915 1842 πολιτείαν
2991 1789 3122 1865 πρὸς
3170 1783 3449 1864 ἀκριϐείαν
3496 1784 3748 1859 ἐκμαθὼν,

2110 1872 2326 1945 ὕστερον
2409 1877 2540 1952 πρὸς
2621 1880 2688 1949 τῇ
2773 1875 2939 1954 λαύρα
3042 1883 3133 1932 τοῦ
3245 1874 3490 1931 παλαιοῦ
3594 1879 3752 1929 Σουκᾶ

2108 1963 2233 2039 παρ’
2283 1963 2442 2028 ὅλους
2488 1962 2856 2039 ἑϐδομήκοντα
2912 1963 3105 2045 σχεδὸν
3165 1965 3443 2026 ἐνιαυτους
3501 1962 3748 2034 ἤσκησεν,

2108 2052 2269 2130 ἀρετῇ
2324 2055 2470 2130 πάσῃ
2552 2056 2639 2112 καὶ
2709 2055 2824 2131 βίου
2908 2061 3105 2130 σεμνοῦ
3159 2055 3578 2130 κατορθώμασιν
3638 2051 3749 2107 ἑπι-

2107 2150 2282 2222 φανῶς
2311 2142 2642 2219 διαλάμψας.

2189 2231 2327 2292 ΜΘ’.
2365 2233 2596 2291 Κάκεϊνο
2625 2232 2680 2290 δέ
2737 2257 2828 2311 μοι
2874 2237 2900 2290 ί.
2947 2235 3100 2298 αὐτὸς
3153 2232 3489 2313 διηγήσατο,
3550 2229 3629 2287 δ’τι
3669 2227 3749 2285 δύο

2106 2325 2244 2384 τινές
2305 2331 2409 2381 τῶν
2455 2323 2721 2403 ἀδελφῶν,
2757 2326 2952 2403 Μάρων
2987 2346 3044 2380 τε
3079 2325 3163 2380 καὶ
3226 2323 3571 2400 Κληματιος,
3631 2321 3746 2395 πρὸς

2106 2414 2164 2469 τὸ
2207 2415 2380 2492 τραχὺ
2438 2419 2536 2479 τῆς
2592 2416 2729 2470 κατά
2772 2414 2871 2481 τὴν
2917 2413 3114 2490 λαύραν
3157 2413 3387 2490 ἀγωγῆς
3433 2413 3524 2468 καὶ
3555 2409 3746 2474 διαίτης

2102 2502 2586 2581 ἀπαγορεύσαντες,
2623 2503 2884 2570 συνθήκας
2916 2503 3094 2559 ἔθεντο
3125 2501 3258 2580 πρὸς
3311 2500 3612 2572 ἀλλήλους,
3659 2495 3746 2552 λα-

2101 2594 2292 2668 θραίως
2337 2592 2540 2649 ἐκεῖθεν
2573 2593 2848 2671 ἐκφυγεῖν,
2895 2593 2989 2648 καί
3022 2593 3122 2649 ὑπὸ
3175 2593 3341 2648 νύκτα
3406 2591 3607 2666 κλέψαι
3655 2586 3744 2652 τὴν

2102 2683 2474 2760 ἀναχώρησιν.
2536 2690 2711 2740 Ταῦτα
2767 2684 2814 2739 οἱ
2860 2682 2956 2741 μὲν
3010 2679 3447 2758 ἐκοινολογοῦντο
3504 2681 3592 2735 καὶ
3637 2673 3744 2732 καθ’

2105 2773 2318 2838 ἑαυτοὺς
2373 2773 2750 2829 διεσκέπτοντο
2785 2789 2798 2803 '
2863 2772 2982 2829 ἀλλ’
3030 2775 3056 2830 ὁ
3114 2771 3512 2828 ἀνακαλύπτων
3567 2766 3739 2846 βαθέα,

2101 2864 2189 2918 καὶ
2239 2878 2358 2928 τοῖς
2415 2864 2784 2938 ἀνακειμένοις
2844 2865 2988 2935 αὖτῷ
3058 2860 3143 2918 διὰ
3215 2853 3451 2920 Ἠσαίου
3509 2860 3740 2937 φάσκων,

2101 2952 2181 3008 ὅτι
2233 2955 2339 3010 Οὔκ
2397 2953 2542 3009 ἔσται
2625 2975 2710 3009 σοι
2769 2952 2852 3010 ἔτι
2910 2955 2936 3007 ὁ
2993 2951 3145 3020 ἥλιος
3197 2953 3270 3015 εἷς
3330 2958 3449 3031 φῶς
3525 2948 3736 3024 ἡμέρας,

2099 3039 2214 3098 οῦδὲ
2324 3042 2560 3111 ἀνατολὴ
2673 3042 2902 3110 σελήνης
3006 3055 3202 3120 φωτιεϊ
3306 3065 3393 3099 σοι
3481 3041 3583 3106 τὴν
3663 3036 3735 3092 νύ·

2098 3154 2196 3187 κτα
2230 3180 2245 3205 ,
2332 3132 2453 3188 ἀλλ’
2565 3131 2714 3189 ἔσται
2825 3155 2906 3189 σοι
2997 3132 3184 3209 Κύριος

2098 3222 2254 3286 αὑτὸς
2289 3221 2514 3289 ἔκδηλον
2558 3221 2653 3279 καί
2696 3222 2855 3279 τοῦτο
2899 3234 3050 3278 ποιεῖ
3099 3227 3176 3294 τῷ
3231 3222 3412 3295 οἰκείῳ
3441 3222 3733 3297 θεράποντι.

2099 3317 2256 3368 Ποιεϊ
2309 3310 2364 3367 δὲ
2419 3311 2543 3375 ὧδε,
2604 3310 2962 3391 Ἢαυχάζοντι
3047 3312 3148 3387 γάρ
3210 3332 3342 3367 ποτε
3387 3314 3469 3384 τῷ
3527 3303 3734 3384 μεγάλῳ

2099 3402 2269 3474 τούτῳ
2348 3403 2435 3457 καὶ
2513 3405 2795 3476 θαδμοστῷ
2865 3401 3126 3475 Εὕθυμίῳ,
3194 3399 3350 3474 ἒῴκει
3416 3398 3631 3477 Μάρωνί
3683 3413 3733 3449 τε

2097 3489 2190 3546 καί
2228 3489 2522 3563 Κληματίῳ
2579 3489 2806 3569 χαλινὸν
2849 3486 3106 3564 ἐμϐαλεῖν
3155 3491 3183 3546 ὁ
3214 3489 3481 3568 πονηρὸς,
3515 3485 3735 3560 καθάπερ

2096 3580 2182 3659 ὕφ’
2239 3578 2540 3661 ὀφθαλμοὺς
2595 3581 2672 3654 τῷ
2742 3577 2877 3656 ἅγίῳ
2935 3579 3350 3654 παρισταμένοις
3410 3594 3456 3653 ι’,
3519 3577 3604 3633 καὶ
3669 3574 3734 3635 εἰς

2091 3667 2286 3746 παγίδα
2318 3669 2534 3732 τούτους
2568 3668 2745 3725 ἕλκειν
2780 3667 3212 3749 χαλεπωτάτην,

2179 3760 2260 3818 Ν“.
2310 3756 2370 3815 Ὀ
2405 3757 2485 3830 δὲ,
2535 3756 2819 3832 συμϐαλὼν
2875 3759 3021 3820 εὒθὺς
3068 3757 3168 3824 τὴν
3221 3755 3545 3834 ἐπιϐουλὴν,
3581 3773 3732 3830 μετα·

2095 3846 2342 3904 καλεῖται
2385 3849 2508 3912 τοὺς
2541 3846 2823 3927 ἀδελφοὺς,
2857 3847 3084 3920 Μάρωνα
3115 3849 3204 3902 καὶ
3239 3847 3576 3924 Κλημάτιον,
3609 3862 3730 3917 παρ·

2096 3945 2258 3995 αινὼν
2300 3939 2509 4013 tat-3:01,
2556 3941 2838 4008 νουθετῶν,
2900 3935 3249 4015 παρακαλῶν,
3295 3933 3586 4013 διδάσκων,
3619 3930 3725 3988 δια-

2095 4025 2410 4102 λεγόμενος,
2443 4026 2677 4103 μακροὺς
2711 4027 2832 4102 πυρὶ
2889 4026 3164 4099 ὑπομονῆς
3199 4023 3496 4081 ἀποτείνων
3526 4021 3724 4098 λόγους,

2097 4117 2192 4172 καῖ
2231 4115 2312 4170 δτι
2378 4113 2581 4181 πολλῆς
2638 4121 2920 4193 πανταχοῦ
2977 4111 3219 4189 φυλακῆς
3255 4118 3412 4192 χρεία
3444 4113 3533 4168 καὶ
3563 4111 3725 4186 ἀσφα-

2098 4203 2242 4270 λείας
2269 4224 2282 4238 ·
2319 4205 2443 4261 εἶτα
2471 4204 2558 4260 καὶ
2587 4204 2678 4260 τὸν
2711 4201 2882 4278 Ἀδὰμ
2915 4204 3097 4265 αὑτοῖς
3128 4200 3432 4280 ὑπόδειγμα
3462 4200 3718 4278 αιταριὶγων¹

2097 4295 2184 4350 καὶ
2213 4295 2306 4349 τὸν
2352 4293 2493 4367 Ἰὼϐ,
2529 4296 2619 4349 τὸν
2652 4292 2748 4367 μὲν
2797 4293 2853 4348 ἐν
2901 4289 3204 4370 παραδείσῳ
3232 4293 3330 4358 τὴν
3363 4289 3585 4356 ἐντολὴν
3611 4287 3718 4341 ἀθε-

3270 3138 3387 3209 qui);
3476 3129 3687 3186 αἰώνιον
3721 3172 3736 3204 ,

372 4381 683 4448 virtutis,in
701 4382 1078 4463 sterquilinio
1098 4382 1876 4464 demonstratoremNeque
1894 4383 2019 4443 haec

2109 4384 2360 4461 τήσαντα,
2417 4384 2508 4438 τὸν
2565 4380 2620 4438 δὲ
2666 4382 2759 4438 καὶ
2809 4387 2912 4437 πᾶν
2942 4381 3136 4458 ἀρετῆς
3171 4380 3316 4444 εἶδος
3370 4378 3461 4436 ἐπὶ
3516 4375 3713 4453 κοπρίαξ

370 4471 859 4553 praetermittens,
894 4473 1053 4553 quod
1087 4482 1324 4552 oportet
1375 4474 1729 4536 monachum
1773 4489 2004 4550 nequa-

450 4575 480 4624 7
510 4576 621 4638 Isa.
657 4595 709 4652 L,
737 4577 795 4640 5.
883 4578 916 4628 8
947 4581 1042 4641 Isa
1070 4596 1169 4653 Lx,
1206 4578 1302 4640 19·

2089 4470 2503 4547 ἀποδειξάμενον
2562 4479 2582 4506 ⁸
2616 4488 2629 4502 ⁶
2705 4469 2822 4528 οῦδὲ
2893 4471 3024 4526 αὕτά
3085 4467 3458 4549 παραλείπων,
3517 4465 3592 4526 ὅτι
3640 4461 3712 4520 δεῖ

1687 4658 1937 4723 νΑΒΙιΕ
1982 4657 2416 4724 LECTIONES.

449 4753 472 4781 ι’
496 4735 574 4800 al.
609 4739 1054 4815 περικειμένους.
1145 4749 1164 4774 ³
1193 4739 1274 4802 al.
1308 4738 1723 4816 ἐπιδειξάμενον,

1581 4819 1794 4884 JOAN.
1843 4819 2219 4884 BOLLANDI
2259 4821 2511 4884 NOTAE.

440 4920 556 4991 (57)
589 4921 666 4977 Do
693 4921 750 4980 S.
786 4922 1044 4992 Cyriaco,
1077 4922 1198 4981 sive
1240 4923 1534 4992 Quiriaco,
1587 4931 1778 4980 actum
1827 4933 1914 4982 est
1951 4929 2006 4981 in

411 4995 780 5069 rotego_m_.n.
815 4995 1012 5069 9._7Dg
1067 4993 1190 5064 cjus
1215 5068 1222 5069 ί
1246 4999 1408 5053 aetate
1466 5011 1626 5052 num.
1665 4995 1732 5050 1‘2
1762 5007 1815 5052 et
1846 5011 2002 5069 seqq.

397 5063 554 5122 iitani
585 5066 847 5122 dabimus
877 5067 946 5121 29
977 5063 1265 5135 Septemb.

441 5137 552 5205 (58)
585 5138 828 5209 Abiipso
858 5137 912 5196 S.
960 5136 1300 5208 Euthymio;
1337 5155 1362 5188 ι
1389 5138 1557 5209 cujus
1596 5139 1769 5195 bea'aa
1804 5153 2009 5194 manus

366 5220 596 5265 sacrum
645 5208 769 5280 ejus
823 5218 994 5279 caput
1039 5217 1373 5280 tetigerunt,
1409 5208 1578 5266 simul
1611 5211 1840 5280 quidem
1875 5225 2008 5266 eum

366 5279 688 5336 monastico
718 5280 1023 5337 induentes
1055 5279 1274 5348 habitu,
1322 5289 1378 5336 et
1429 5285 1486 5335 in
1553 5295 1682 5336 eum
1741 5292 2012 5338 vocantes

367 5347 695 5408 uberiorem
726 5351 974 5422 Spiritus
1006 5350 1421 5420 operationem.
1461 5372 1482 5402 ι
1512 5353 1650 5408 Acta
1683 5351 1898 5422 ejusld
1930 5353 2010 5410 ta-

365 5426 520 5477 ctum
561 5436 714 5478 anno
751 5419 852 5478 Ch.
887 5422 993 5478 465

435 5490 553 5560 (59)
583 5492 1247 5564 Α-εηΕιιιΙιγιῐιίομιιιοιι
1278 5491 1552 5550 imberbis
1585 5504 1760 5562 esset,
1801 5493 2012 5552 missus

366 5563 468 5624 fuit
510 5566 577 5636 ad
616 5562 670 5636 ξ.
706 5562 1063 5636 Gerasiinum
1103 5562 1383 5636 {acujus
1409 5565 1565 5620 obitu
1596 5566 1766 5624 rediit
1790 5569 1860 5623 ad
1887 5566 2014 5622 lau-

367 5646 487 5713 ram
519 5633 574 5690 S.
611 5633 904 5703 Euthymii
937 5647 1090 5690 anno
1125 5635 1250 5700 475,
1287 5633 1623 5708 mansitque
1674 5639 1804 5697 istic
1843 5639 2013 5696 annis

2094 4924 2162 4980 10
2195 4935 2254 4998 ut
2285 4925 2339 4984 in
2382 4925 2508 4998 ejus
2548 4925 2704 4984 Actis
2749 4924 2984 4998 legitur.

2160 4997 2272 5068 (60)
2309 4999 2386 5053 De
2411 4993 2481 5052 ὀδ
2514 5006 2704 5054 actum
2743 4993 2906 5053 nu'm.
2938 4995 2972 5050 2
3000 4995 3058 5052 in
3091 4993 3316 5068 proles,
3339 4996 3560 5053 addi”,
3584 4994 3710 5044 ve“...

2091 5066 2176 5124 ris
2201 5070 2273 5125 ob
2307 5070 2547 5125 Lauram
2579 5083 2799 5137 novam,
2823 5081 2938 5124 non
2971 5066 3170 5136 procul
3203 5067 3336 5122 inde
3365 5068 3713 5124 exstructam.

2160 5139 2272 5207 (6t)
2305 5140 2368 5196 Hi
2395 5142 2780 5213 septuaginta
2814 5138 2951 5213 anni
2986 5146 3298 5213 censentur
3349 5154 3378 5213 a_
3413 5138 3710 5213 discessum?

2092 5195 2533 5284 monasterioé.
2584 5195 2932 5284 Ebthymii:
2978 5222 3010 5261 ο
3056 5208 3268 5284 quibus
3303 5195 3708 5284 ministravit

2093 5295 2276 5338 annos
2307 5284 2364 5338 in
2399 5281 2557 5338 laura
2599 5270 2800 5348 Sucai;
2837 5279 2903 5353 t_0
2934 5270 3210 5353 transegit
3243 5280 3300 5335 in
3326 5270 3708 5353 solitudinibus

2097 5353 2302 5422 partim
2333 5353 2828 5424 N:ttupba,partim
2855 5348 3033 5414 Buba;
3063 5349 3091 5404 7
3122 5348 3330 5408 mansit
3368 5353 3426 5408 in
3457 5348 3704 5424 Susacim;

2097 5425 2131 5478 5
2160 5426 2214 5480 in
2241 5425 2514 5500 spelunca
2539 5425 2598 5482 S.
2619 5423 2975 5500 _Charitonis_;
2999 5431 3053 5500 et
3077 5435 3278 5478 rursus
3299 5424 3336 5500 ξ
3366 5423 3706 5500 ἱρ-διιιᾷιιοξξῐξὲ

2095 5511 2161 5551 ac
2187 5491 2416 5552 tandem
2443 5496 2476 5548 2
2497 5495 2665 5551 annis
2694 5491 2999 5551 transactis
3023 5493 3079 5548 in
3108 5503 3276 5549 antro
3303 5491 3358 5550 S.
3391 5492 3703 5551 CharitouIS.

2097 5565 2254 5624 obiit.
2289 5565 2370 5623 Ita
2408 5565 2534 5638 ejus
2563 5567 2725 5623 Acta.
