3972 6130
240 334 363 402 637

1614 349 1797 414 VlTA
1843 350 1902 412 S.
1951 351 2367 416 EUTHYMII.‘

3548 352 3664 418 638

235 475 335 533 τὸν
383 481 675 562 μοναχὸν
727 480 1097 558 ἀπαράδεκτον
1139 481 1285 540 εἶναι
1327 481 1434 540 τῶν
1474 505 1538 541 εκ
1580 490 1672 542 τοῦ
1708 507 1916 564 πονηρο

2029 503 2205 566 quam
2226 487 2548 552 admittere
2564 489 2958 570 cogitationes
2981 507 3013 552 a
3045 487 3305 569 maligno
3333 496 3667 569 suggestus,

232 563 575 651 λογισμῶν,
631 571 748 630 κᾶν
789 572 966 642 λύπην
1009 572 1239 647 ἐκεῖνος,
1301 572 1399 628 κᾶν
1431 585 1620 649 μῖσος,
1651 574 1750 632 κάν
1794 563 1938 642 ἀκη-

230 655 355 714 δίαν
396 659 448 732 ί,
485 661 605 718 κᾶν
641 663 871 743 ἑτέρωθι
903 661 1200 739 μετάϐασιν
1228 659 1514 742 ὑποϐάλω,
1549 661 1687 738 μηδὲ
1712 665 1809 732 τὴν
1840 666 1940 741 ἀρ-

231 747 355 829 χὴν
403 753 576 825 αὒτῷ
630 751 895 827 μηδόλως
939 752 1040 819 τὴν
1083 750 1320 810 διάνοιαν
1367 752 1567 809 ἀνιέναι
1601 767 1616 784 ⁸
1662 751 1802 810 ἀλλά
1829 753 1938 810 δια-

228 839 545 916 κρούεσθαι
584 842 768 900 ταῦτα
801 845 888 899 καὶ
929 841 1262 899 ἀπωθεῖσθαι
1293 841 1442 916 πάσῃ
1497 841 1643 922 χειρί
1675 858 1690 873 ⁸
1727 844 1940 918 μήποτε

226 927 377 1007 λάθῃ
444 927 547 987 διὰ
616 931 905 1006 μεθοδείας
963 930 1314 994 ὃποσκελίσας
1368 932 1539 1006 ἡμᾶς,
1609 935 1698 990 καὶ
1741 941 1938 1010 πτῶμα

224 1017 399 1096 ῥίψας
464 1017 746 1098 δακρύων
790 1021 958 1088 ἄξιον,
995 1023 1054 1079 Εἰ
1081 1018 1136 1077 δέ
1178 1043 1264 1086 τις
1309 1019 1530 1078 ἐνταῦθα
1588 1024 1755 1102 τυχὸν
1807 1023 1936 1097 ἀρε-

228 1109 338 1178 τὴν
421 1109 703 1179 ἀσκῆσαι
775 1112 854 1188 μὴ
937 1109 1169 1188 δύναιτο,
1233 1111 1310 1186 μὴ
1371 1109 1635 1184 νομιζέτω
1692 1111 1938 1193 ἀλλαχοῦ

230 1197 529 1280 μεταϐὰς,
619 1202 756 1280 ῥᾷον
823 1204 1159 1281 κατορθῶσαι
1215 1203 1277 1257 τὸ
1341 1200 1790 1276 σπουδαζόμενον,
1865 1202 1938 1260 Οὔ

229 1291 344 1370 γὰρ
391 1293 570 1370 παρά
655 1293 757 1360 την
807 1297 902 1349 τοῦ
970 1291 1138 1350 τόπου
1209 1291 1385 1370 φύσιν,
1445 1289 1581 1347 ἀλλὰ
1637 1292 1782 1362 παρά
1837 1295 1936 1359 τὴν

231 1379 457 1440 οἰκείαν
525 1382 707 1457 ἡμῶν
765 1382 1068 1460 προαίρεσιν
1143 1384 1179 1452 ἡ
1249 1388 1341 1436 τοῦ
1411 1380 1610 1458 ἀγαθοῦ
1681 1380 1934 1459 ἐργασία.

232 1471 602 1530 Τοῦναντίον
667 1472 769 1548 μὲν
837 1469 928 1527 οῦν
982 1471 1077 1528 καῖ
1128 1468 1391 1548 σφαλερὸν
1455 1476 1610 1527 τοῦτο
1653 1483 1772 1533 τοῖς
1828 1493 1935 1545 μο-

235 1574 488 1642 ναχοτς,
573 1563 676 1620 καὶ
745 1560 968 1624 ἀτόνους
1029 1559 1218 1626 αὖτοὺς
1261 1559 1356 1616 καί
1415 1561 1616 1639 ἀρετῶν
1668 1560 1937 1634 ἀκάρπους

232 1664 438 1709 ποιεῖν
490 1649 833 1728 δυνάμενον.
880 1647 1037 1707 Ἐπεὶ
1081 1647 1222 1726 μηδὲ
1253 1649 1418 1730 φυτὸν
1457 1651 1579 1708 οἶόν
1623 1671 1680 1708 τε
1721 1671 1932 1728 καρπο-

235 1753 478 1822 φορεῖν,
522 1747 788 1822 συνεχῶς
819 1739 1335 1821 μεταφυτευόμενον.

325 1831 480 1890 NA’.
520 1832 678 1909 Πρὸς
709 1828 929 1887 πλείονα
987 1827 1042 1884 δὲ
1096 1832 1204 1884 τῶν
1261 1827 1557 1906 εἰρημένων
1599 1829 1801 1903 πίστιν,
1845 1829 1936 1886 καί

234 1943 412 1980 τινων
512 1920 798 1999 γερόντων
865 1917 1052 1981 αὒτόϊς
1132 1917 1432 1994 Αίγυπτίων
1491 1918 1701 1995 ἐπεξῄει
1761 1929 1791 1963 1
1843 1919 1928 1976 δι’

235 2012 487 2088 ήγημα.
523 2008 768 2088 ’Ἔλεγεν
813 2010 926 2080 οῦν,
960 2009 1034 2073 ὡς
1085 2007 1148 2076 ἦν
1179 2029 1261 2072 τις
1293 2005 1520 2074 ἀδελφὸς
1553 2007 1606 2064 ἓν
1651 2009 1925 2088 Αἰγύπτῳ,

237 2099 298 2158 ἒν
343 2097 637 2174 κοινοϐίῳ
678 2099 780 2155 τινὶ
823 2097 1154 2172 καθήμενος,
1211 2097 1270 2162 ’ὸς
1327 2102 1574 2177 συνεχῶς
1636 2099 1709 2164 εἷς
1764 2100 1929 2174 θυμὸν

236 2188 668 2270 ἐκφερόμενος,
725 2189 978 2266 ἠγριοῦτο
1034 2187 1124 2243 καὶ
1178 2184 1520 2265 ἐταράττετο,
1567 2189 1656 2244 καὶ
1712 2189 1926 2268 πιγρίας

240 2284 308 2337 τὸ
371 2279 576 2354 στόμα
634 2278 723 2335 καὶ
810 2277 975 2356 ὀργῆς
1057 2275 1386 2351 ἐπίμπλατο,
1447 2275 1692 2334 Λαϐοὗσα
1735 2275 1790 2335 δέ
1846 2301 1926 2342 τις

240 2370 417 2428 αὐτὸν
470 2365 841 2446 μεταμέλεια,
896 2368 970 2430 ὡς
1016 2366 1110 2434 εἴη
1166 2364 1251 2422 διά
1305 2373 1398 2424 τοῦ
1427 2370 1596 2441 θυμοῦ
1634 2367 1787 2424 τοῦδε
1841 2369 1928 2424 καὶ

241 2457 348 2527 τῆς
381 2461 547 2538 πρὸ-ς
581 2458 681 2527 τὴν
711 2457 960 2536 ταραχὴν
1012 2454 1255 2521 εὖκολίας
1307 2456 1479 2530 ἐαυτῷ
1516 2463 1793 2532 πολεμῶν,
1840 2460 1928 2515 καὶ

248 2548 303 2606 εἴ
342 2571 458 2606 που
508 2571 558 2606 τι
585 2547 676 2605 καὶ
715 2544 883 2603 καλὸν
932 2543 1034 2613 ἤδη
1079 2544 1279 2625 φθάσας
1331 2545 1619 2621 ἐκτήσατο,
1655 2549 1926 2604 καὶτοῦτο

253 2637 663 2718 προσαπολλῦς
695 2684 713 2709 ,
801 2637 969 2692 πείθει
1051 2643 1146 2693 τοῦ
1225 2635 1488 2695 κοινοόίού
1572 2637 1926 2718 ἀναχωρῆσαι

257 2732 358 2786 καί
422 2727 608 2804 μόνον
669 2724 736 2794 δὴ
793 2727 880 2782 καὶ
936 2724 1056 2781 καθ’
1113 2725 1303 2783 ἑαυτὸν
1343 2727 1565 2806 ἡσύχως
1623 2725 1921 2784 διαϐιῶναι⁹

260 2817 361 2875 ἅτε
434 2815 624 2875 πολλὰ
676 2817 776 2883 τῆς
861 2814 1086 2890 ἐρημίας
1143 2816 1276 2890 πρὸς
1335 2815 1582 2893 γαλήνην
1635 2819 1782 2890 άῦτῷ
1836 2815 1924 2874 καὶ

264 2907 570 2988 ἀταραξίαν
624 2906 943 2984 συνάρασθαι
1013 2903 1336 2979 δυναμένης.
1397 2906 1565 2987 "gero
1649 2907 1773 2984 γὰρ⁷
1847 2909 1922 2970 ὥς

266 2995 373 3075 ἄρα
418 2995 663 3074 μηδενὸς
707 2997 932 3060 ὑπόντος
975 2996 1108 3073 πρὸς
1155 2995 1212 3051 ὃν
1264 2994 1324 3051 ἂν
1380 2997 1469 3052 καὶ
1514 2998 1806 3076 θυμωθείη,
1837 2998 1927 3054 καὶ

2023 574 2148 636 sive
2179 576 2280 639 ille
2315 579 2644 655 tristitiam,
2680 581 2808 642 sive
2837 580 3064 654 odium,
3091 577 3218 640 sive
3250 577 3513 658 taedium,
3547 577 3669 639 sive

2023 662 2084 724 in
2114 663 2296 727 alium
2331 667 2526 730 locum
2561 669 2979 748 migrationem
3030 667 3337 748 subjiciat,
3371 676 3428 728 et
3457 684 3570 728 nec
3593 665 3666 726 ab

2022 753 2198 816 initio
2225 757 2280 817 ei
2304 758 2550 819 omnino
2576 766 2841 821 mentem
2868 756 3358 838 permittere,sed
3382 756 3497 817 ista
3518 754 3664 835 reji-

2021 860 2185 919 cere,
2219 851 2398 926 atque
2429 856 2549 908 tota
2574 867 2752 909 manu
2781 848 3104 927 repellere,
3143 866 3217 908 ne
3247 847 3400 908 forte
3431 863 3540 906 nos
3571 845 3664 906 la-

2023 940 2226 996 tenter
2256 955 2362 1016 per
2387 936 2658 999 fraudem
2689 938 3121 1020 supplantat,et
3141 939 3200 999 in
3221 955 3421 998 casum
3448 935 3664 1016 praeci-

2024 1023 2667 1107 pitetlacrymabilem.
2703 1026 2765 1090 Si
2795 1027 2929 1109 quis
2957 1038 3156 1089 autem
3182 1027 3280 1090 hic
3312 1026 3510 1088 forsan
3541 1043 3662 1086 non

2023 1114 2208 1192 possit
2235 1114 2509 1178 virtutem
2542 1135 2850 1191 exercere,
2887 1135 2964 1178 ne
2993 1117 3317 1191 existimet,
3353 1115 3512 1194 quod
3545 1114 3663 1176 alio

2021 1203 2588 1279 transiens,facilius
2611 1208 2828 1288 poterit
2847 1215 3044 1286 optata
3077 1207 3229 1268 bono
3253 1203 3500 1285 exsequi
3532 1201 3662 1265 Non

2020 1292 2179 1353 enim
2211 1311 2280 1356 ex
2313 1295 2429 1358 loci
2454 1296 2800 1368 natura,sed
2833 1315 2906 1359 ex
2932 1296 3124 1358 libero
3157 1294 3344 1357 nostri
3362 1291 3548 1355 animi
3573 1293 3664 1354 in-

2020 1381 2222 1444 stituto
2241 1383 2383 1445 boni
2403 1386 2673 1464 procedit
2693 1385 3212 1466 Operatio.Contra
3233 1401 3372 1446 vero
3389 1383 3504 1447 hoc
3529 1401 3660 1445 mo-

2022 1471 2232 1532 nachis
2267 1473 2699 1552 periculosum,
2735 1473 3017 1556 quodque
3050 1481 3243 1555 potest
3271 1491 3374 1534 eos
3401 1470 3659 1533 reddere

2019 1559 2358 1624 imbecillos
2385 1563 2792 1644 virtutumque
2822 1564 3250 1626 infructuosos.
3275 1558 3661 1639 Quandoqui-

2019 1649 2156 1711 dem
2187 1669 2299 1714 nec
2321 1651 2518 1732 planta
2549 1661 2742 1734 potest
2773 1655 2931 1715 ferre
2962 1651 3216 1726 fructus,
3251 1668 3385 1731 quae
3413 1648 3655 1711 assidue

2017 1739 2504 1818 transplantatur.

2096 1826 2189 1890 Ll.
2215 1828 2302 1891 Ad
2334 1831 2621 1910 majorem
2644 1849 2786 1892 vero
2807 1830 3103 1893 dictorum
3125 1829 3332 1904 fidem,
3357 1833 3532 1890 etiam
3567 1828 3655 1888 eis

2012 1916 2354 1998 proferebat
2373 1920 2767 2001 quorumdam
2795 1938 3005 1982 senum
3029 1918 3438 2000 [Egyptiorum
3459 1917 3652 1978 histo-

2011 2005 2165 2067 riam
2185 2006 2468 2070 9.Aiebat
2487 2027 2652 2089 ergo:
2671 2009 2807 2072 Fuit
2829 2011 3157 2072 nonnullus
3178 2010 3362 2072 frater
3381 2009 3445 2069 in
3468 2005 3650 2086 [Egy-

2012 2106 2110 2176 pto
2137 2097 2357 2177 (62),in
2378 2097 2632 2178 quodam
2660 2100 2933 2162 coenobio
2957 2099 3260 2175 residens;
3287 2099 3390 2178 qui
3407 2098 3480 2159 ad
3500 2096 3649 2158 iram

2011 2185 2295 2248 continue
2323 2198 2554 2269 raptus,
2588 2188 3053 2269 exasperabatur
3101 2197 3160 2251 et
3189 2187 3562 2266 turbabatur,
3593 2191 3652 2247 et

2011 2274 2337 2338 acerbitate
2352 2277 2846 2358 acindignatione
2867 2297 2934 2340 os
2955 2280 3088 2359 ejus
3109 2275 3650 2358 implebatur.Cum

2011 2381 2145 2425 eum
2177 2374 2376 2427 autem
2433 2367 2708 2448 quaedam
2766 2367 3050 2431 subiisset
3083 2367 3456 2448 poenitentia,
3490 2362 3650 2446 quod

2013 2462 2257 2534 propter
2284 2455 2442 2518 banc
2497 2457 2650 2519 iram
2695 2467 2757 2520 et
2807 2457 3275 2538 perturbationis
3303 2457 3648 2518 facilitatem

2010 2561 2214 2605 secum
2280 2544 2506 2606 bellum
2535 2558 2797 2622 gereret,
2834 2556 2894 2610 et
2939 2547 2990 2608 si
3020 2546 3159 2628 quid
3191 2545 3333 2610 boni
3356 2547 3480 2627 jam
3512 2551 3651 2606 ante

2010 2633 2410 2713 aequisiisset,
2445 2635 2501 2695 id
2533 2653 2775 2717 quoque
2807 2640 3109 2716 perderet;
3142 2635 3467 2717 persuadet
3497 2635 3650 2712 ei,ut

2011 2722 2321 2785 recederet
2343 2743 2374 2784 ει
2404 2723 2998 2807 cmnobio,solusque
3018 2746 3125 2806 per
3143 2745 3210 2789 se
3238 2726 3460 2788 viveret
3481 2724 3651 2804 quie-

2011 2819 2144 2886 tus;
2178 2821 2387 2893 utpote
2415 2814 2571 2894 quod
2601 2814 2863 2878 solitudo
2907 2816 3161 2896 multum
3191 2822 3394 2896 posset
3416 2813 3472 2875 ei
3493 2831 3647 2875 con-

2007 2901 2231 2964 ducere
2253 2903 2326 2964 ad
2353 2905 2841 2984 tranquillitatem
2868 2916 2926 2968 et
2957 2905 3427 2987 perturbationis
3441 2903 3648 2966 vacui-

2011 2999 2212 3054 tatem.
2239 2990 2628 3056 Existimabat
2659 2994 2820 3056 enim
2865 2995 3108 3075 quod,si
3141 2996 3344 3057 nullus
3375 2993 3650 3055 subesset

270 3087 389 3144 καθ’
439 3087 507 3144 οῦ
565 3085 627 3144 ἂν
669 3091 739 3162 τῇ
781 3085 914 3164 ὀργῆ
962 3085 1260 3166 χρήσαιτο,
1300 3082 1651 3154 σϐεσθήσεται
1707 3088 1916 3151 πάντως

2013 3080 2104 3141 cui
2134 3081 2593 3162 irasceretur,et
2621 3082 2681 3143 in
2708 3102 2886 3164 quem
2921 3093 3190 3148 uteretur
3209 3082 3644 3164 indignatione,

274 3176 455 3255 ἡρέμα
510 3178 573 3234 τὸ
631 3173 800 3232 δεινὸν
871 3175 1050 3231 ἐκεῖνο
1131 3176 1222 3231 καὶ
1275 3174 1499 3240 ὀξύτατα
1549 3175 1923 3252 ἀναπτόμενον

277 3275 372 3326 τοῦ
425 3272 596 3343 θυμοῦ
636 3273 762 3344 πῦρ,
814 3264 1005 3321 καὶτὸ
1055 3263 1245 3321 λοιπὸν
1297 3263 1495 3340 ἥμερος
1556 3266 1712 3330 αὐτὸς
1772 3265 1920 3323 ἔσται

284 3357 375 3412 καὶ
424 3355 665 3434 γαλήνης
740 3355 921 3422 πάσης
992 3355 1083 3412 καὶ
1127 3355 1358 3433 ἡσυχίας
1402 3363 1426 3393 '
1459 3357 1680 3429 μεστός.
1747 3361 1920 3413 Ταῦτα

290 3441 636 3523 λογισάμενον
679 3444 914 3520 ἐκεῖνον,
957 3445 1020 3501 τὸ
1057 3443 1181 3512 ἑξῆς
1237 3445 1544 3502 ἀποστάντα
1601 3452 1692 3502 τοῦ
1733 3446 1913 3500 κοινο-

289 3531 422 3609 ϐίου,
479 3535 642 3612 μόνον
699 3531 781 3615 ἐφ’
843 3534 1081 3615 ἡσυχίας
1151 3531 1354 3612 διάγειν
1385 3551 1400 3570 ο
1459 3534 1548 3591 καί
1595 3555 1724 3591 ποτε
1781 3534 1918 3591 κατά

283 3625 468 3704 χρείαν
508 3625 651 3696 τινὰ,
683 3625 746 3680 τὸ
791 3625 1048 3702 ποτήριον
1107 3622 1497 3694 ὁποπλήσαοτα
1556 3621 1769 3695 ὕδατος,
1827 3625 1918 3680 καί

279 3734 329 3769 τι
379 3715 571 3794 μικρὸν
626 3713 756 3770 αὐτὸ
826 3714 956 3792 πρὶς
1014 3713 1090 3788 τῷ
1153 3711 1332 3794 ἒδάφει
1383 3711 1684 3781 θελήσαντα
1747 3734 1915 3769 ιιατα-

278 3804 479 3876 θεῖναι,
537 3803 711 3885 τέχνῃ
755 3804 859 3860 τινὶ
916 3810 1008 3860 τοῦ
1053 3811 1288 3882 πονηροῦ
1341 3809 1499 3860 τοῦτο
1556 3805 1917 3883 περιστραφῆ-

280 3914 363 3949 ναι
396 3908 412 3923 ⁸
477 3892 610 3971 ὅπερ
653 3895 758 3974 οὔχ
803 3891 966 3966 ἃπαξ,
1028 3890 1166 3950 ἀλλά
1221 3895 1309 3950 καὶ
1367 3891 1443 3958 δὶς
1473 3891 1663 3972 ἑφεξῆς
1689 3894 1776 3950 καὶ
1806 3895 1916 3970 τρὶς

278 3984 525 4060 γεγονὸς,
584 3983 892 4058 ὼμωθῆναί
931 4004 989 4039 τε
1045 3985 1138 4040 τὸν
1180 3981 1435 4063 ἀδελφὸν,
1479 3984 1567 4040 καὶ
1625 3981 1776 4050 ἥττω
1816 3988 1916 4050 τῆς

277 4081 370 4132 τοῦ
426 4077 594 4150 θυμοῦ
634 4074 807 4151 ῥύμης
847 4075 1160 4151 γενόμενον,
1204 4074 1276 4140 ὠς
1323 4077 1482 4154 εἶχεν
1515 4074 1660 4136 εἰθὺς
1693 4074 1765 4135 εἷς
1811 4073 1914 4151 γῆν

270 4177 622 4241 κατενεγκεῖν
674 4165 733 4220 τὸ
775 4161 1054 4242 ποτήριον,
1108 4163 1199 4220 καί
1249 4163 1405 4220 τοῦτο
1448 4164 1724 4242 συντρίψαι
1763 4181 1777 4199 ³
1825 4165 1914 4220 καὶ

268 4253 409 4311 οὕτω
438 4251 629 4328 πολλῷ
660 4253 874 4327 μείζονα
905 4260 984 4328 τῷ
1013 4251 1192 4333 ἐχθρῷ
1233 4253 1444 4318 πάντως
1475 4255 1564 4311 καὶ
1593 4253 1912 4332 θερμότερον

264 4340 500 4422 ὀφλῆσαι
529 4344 622 4401 τὸν
651 4341 882 4422 γέλωτα.

2004 3170 2254 3231 omnino
2275 3171 2500 3232 sensim
2527 3171 3005 3250 exstingueretur
3018 3175 3340 3236 vehemens
3366 3173 3468 3235 ille
3487 3182 3546 3234 et
3568 3171 3652 3232 ci-

2003 3259 2230 3320 tissime
2260 3261 2516 3339 ﬂagrans
2548 3260 2708 3340 ignis
2741 3262 3092 3339 iracundiae;
3115 3263 3468 3342 futurusque
3489 3267 3652 3324 esset

1999 3348 2290 3430 deinceps
2309 3349 2437 3430 ipse
2451 3350 2930 3431 milis,omnique
2951 3353 3382 3434 tranquillitate
3403 3362 3460 3412 et
3475 3350 3644 3432 quie-

2004 3446 2060 3500 te
2088 3438 2325 3518 plenus.
2361 3441 2494 3500 Haec
2516 3439 2615 3500 ille
2643 3449 2951 3520 reputans,
2976 3441 3263 3503 discessit
3292 3441 3581 3521 deinceps
3608 3458 3644 3501 a

1999 3525 2366 3603 caanobio,et
2389 3528 2713 3590 solitariam
2744 3529 2918 3591 vitam
2954 3540 3042 3592 est
3064 3531 3394 3611 amplexus:
3423 3538 3638 3592 etcum

1997 3618 2595 3700 aliquando,propter
2612 3636 2784 3680 usum
2817 3621 3133 3698 quemdam
3159 3639 3312 3701 aqua
3331 3619 3643 3701 implesset

2000 3707 2280 3789 poculum
2309 3707 2460 3788 (63),
2493 3708 2677 3789 idque
2698 3709 2982 3771 voluisset
3003 3709 3169 3771 humi
3203 3709 3642 3790 aliquantisper

1999 3797 2331 3877 deponere,
2366 3799 2655 3860 nonnulla
2687 3797 2927 3874 maligni
2963 3807 3089 3860 arte
3119 3799 3178 3861 id
3211 3817 3492 3861 eversum
3524 3807 3640 3861 est.

1998 3885 2165 3958 Quod
2192 3886 2434 3966 quidem
2456 3886 2559 3948 ubi
2587 3907 2704 3949 non
2730 3888 2916 3950 semel
2943 3889 3307 3964 tantum,sed
3340 3889 3518 3952 etiam
3550 3888 3642 3952 bis

2001 3985 2059 4038 et
2089 3984 2182 4038 ter
2210 3977 2498 4056 deinceps
2526 3977 2868 4050 accidisset,
2906 3987 3032 4041 tum
3075 3979 3264 4041 iratus
3305 3987 3398 4042 est
3428 3979 3634 4053 frater,

2002 4077 2122 4126 tum
2155 4065 2228 4127 ab
2259 4067 2364 4128 iraa
2393 4066 2617 4146 impetu
2639 4066 3137 4142 devictus,statim
3157 4067 3238 4130 ita
3262 4075 3325 4128 ut
3355 4067 3634 4142 habebat,

1999 4155 2165 4217 humi
2191 4156 2444 4236 projecit
2473 4156 2774 4235 poculum,
2812 4156 3075 4238 illudque
3104 4158 3420 4237 confregit:
3455 4170 3638 4236 atque
3743 4237 3746 4240 ἢ

1996 4246 2085 4306 sic
2116 4245 2362 4307 omnino
2391 4244 2717 4306 ludibrium
2751 4245 2941 4309 multo
2971 4247 3162 4326 majus
3189 4247 3508 4328 acriusque
3539 4250 3640 4310 de-

1996 4333 2124 4397 buit
2149 4333 2418 4397 inimico.

347 4421 477 4495 NB'.
522 4421 672 4509 Πρὸς
718 4441 884 4491 ταῦτα
931 4432 1065 4511 γελᾷ
1099 4433 1200 4508 μὲν
1242 4435 1270 4490 ὁ
1312 4432 1647 4507 κλήματιος,
1697 4431 1906 4511 διαθερ-

2076 4423 2196 4488 LII.
2229 4423 2320 4486 Ad
2355 4423 2481 4485 haec
2511 4423 2934 4505 ridetquidem
2968 4425 3423 4507 Clematius,per
3454 4427 3636 4490 urba-

263 4522 478 4596 μανθεὶς
538 4522 640 4589 τὴν
693 4523 879 4600 ψυχὴν
940 4527 1017 4594 τῷ
1085 4521 1279 4596 ἀστείῳ
1315 4529 1447 4601 ᾐτοῦ
1516 4521 1854 4601 διηγήματος
1889 4541 1901 4554 ·

2013 4517 2236 4575 litatem
2272 4513 2633 4576 narrationis
2667 4513 3053 4576 incalefactus
3110 4516 3334 4579 animo.
3390 4517 3638 4580 Divinos

263 4612 524 4692 προσχὼν
582 4609 637 4668 δὲ
696 4614 725 4668 'o
773 4598 924 4676 θεῖος
971 4610 1254 4692 Εὐθύμιος,
1309 4598 1502 4688 1lino»,
1565 4598 1749 4692 φησὶν,
1805 4611 1912 4669 ὑπό

2013 4622 2132 4667 vero
2154 4601 2506 4684 Euthymius
2539 4621 2607 4666 re
2635 4603 3059 4667 animadversa
3087 4626 3102 4666 :
3143 4607 3634 4687 Nunquid,ait,tu

262 4721 428 4775 τινος,
460 4699 680 4781 ἀδελφὶ,
727 4702 963 4777 πονηροῦ
1013 4701 1101 4758 καὶ
1160 4701 1222 4758 σὺ
1277 4701 1580 4780 κεκίνησκι,
1628 4699 1902 4776 δαίμονος,

2013 4711 2255 4775 ιυοίιυο,
2288 4692 2497 4764 frater,
2548 4701 2746 4755 motus
2773 4711 2838 4755 es
2861 4711 2894 4781 a
2920 4693 3075 4755 male
3106 4694 3305 4774 aliquo
3336 4695 3634 4772 daemone,

262 4787 344 4845 ὅτι
403 4789 502 4846 καί
584 4789 745 4868 γελᾷς
825 4789 993 4855 οὕτως
1066 4789 1442 4870 ἀναισχύντως
1500 4789 1596 4847 καί
1649 4791 1902 4866 ἰταμῶς;

1987 4782 2147 4866 quod
2177 4782 2326 4844 adeo
2356 4781 2764 4844 inverecunde
2787 4791 2846 4843 et
2865 4780 3251 4862 impudenter
3283 4783 3479 4846 rides?
3499 4804 3633 4846 cum

261 4875 377 4936 δέον
432 4878 701 4958 ὀδύρεσθαι
757 4881 850 4937 καὶ
907 4884 1146 4958 θρηνεῖν,
1207 4880 1308 4948 τὴν
1360 4879 1564 4938 ἐκεῖθεν
1613 4881 1903 4957 παράκλη-

2013 4879 2268 4955 »ροτιθιυθ
2300 4871 2448 4934 ﬂere
2480 4880 2539 4933 et
2567 4870 3268 4948 lamentari,suasionem
3299 4871 3443 4936 inde
3473 4892 3634 4935 sum-

263 4990 370 5042 σιν,
395 4967 782 5049 ἐκδεχόμενον,
814 4969 972 5049 εἴπερ
1001 4969 1209 5040 ἀληθής
1257 4968 1401 5026 ἐστιν
1447 4972 1475 5026 ὁ
1520 4970 1638 5026 τότε
1670 4968 1900 5026 δικάσων

2013 4973 2142 5024 itam
2164 4960 2618 5036 admittendo,si
2648 4978 2822 5049 verax
2854 4970 2966 5033 est,
3000 4961 3101 5042 qui
3127 4970 3270 5024 tunc
3294 4971 3497 5024 noster
3519 4962 3634 5034 erit

264 5057 422 5134 ἡμῖν,
482 5058 772 5137 μακαρίους
833 5059 930 5134 μὲν
989 5060 1108 5124 τοὺς
1167 5067 1254 5116 νῦν
1303 5059 1618 5123 πενθοῦντας
1689 5060 1902 5118 ἀποκα-

2013 5054 2197 5131 udex,
2226 5050 2366 5112 dum
2401 5049 2606 5111 beatos
2636 5048 2879 5129 quidem
2909 5049 3167 5130 appellat
3197 5067 3300 5113 eos
3332 5053 3432 5131 qui
3468 5071 3626 5114 nunc

261 5145 370 5204 λῶν
434 5145 583 5227 ("Ott
625 5158 650 5190 ι
681 5194 700 5222 ,

746 5148 900 5229 φησί,
974 5147 1524 5227 παρακληθήσονται),
1586 5148 1791 5214 ἀθλίους
1850 5148 1904 5206 δὲ

2013 5150 2240 5225 ugent;
2274 5139 2434 5220 quia,
2466 5137 2679 5220 inquit,
2713 5137 3185 5201 consolationem
3209 5139 3506 5221 accipient
3541 5142 3622 5219 10;

335 5253 371 5304 ο
398 5252 552 5316 Vitae
581 5252 746 5317 Patr.
779 5269 866 5330 ιιι,
895 5254 975 5317 98
1007 5273 1024 5330 ;
1068 5273 1128 5330 ν,
1158 5271 1267 5332 vn,
1300 5255 1403 5318 33.
1488 5255 1541 5301 ίο
1569 5255 1774 5320 Matth.
1808 5275 1864 5320 ν.
1896 5255 1916 5317 ἒ

2024 5254 2163 5312 Luc.
2194 5263 2280 5319 v1,
2312 5244 2413 5308 25.

1580 5350 1836 5415 νΑιιιιΕ
1868 5338 2300 5416 LECTIONES.

417 5443 433 5476 ⁸
461 5441 544 5506 al.
576 5441 802 5506 ἀδικίαν,
860 5453 888 5486 ³
916 5441 995 5506 al.
1028 5445 1194 5522 βίους,
1279 5455 1305 5486 V
1333 5445 1415 5521 al,
1453 5445 1696 5523 ἠρεμίας⁶
1762 5459 1788 5491 ι
1817 5446 1899 5508 δι,
1932 5443 2118 5504 inser,
2153 5434 2319 5507 αὒτοί,

1473 5537 1691 5604 JOAN.
1736 5533 2103 5605 BOLLANDI
2145 5526 2402 5590 NOTAE.

324 5622 433 5708 (62,
469 5624 829 5708 Πιερίης..ἱᾲ
884 5626 942 5684 in
976 5627 1128 5708 AVitis
1182 5628 1422 5708 Patrum
1476 5626 1758 5708 ﬁnitiuus
1791 5641 1892 5708 aut

256 5695 516 5769 quisquis
545 5695 669 5770 eius
695 5697 830 5758 libri
861 5706 1058 5760 auctor
1089 5709 1192 5770 est,
1227 5701 1328 5760 lib.
1362 5698 1416 5768 3,
1452 5713 1515 5758 ιι.
1545 5702 1616 5760 98
1645 5713 1701 5764 et
1722 5703 1890 5762 Pela-

1971 5617 2339 5700 ειυς-μειερ,
2370 5615 2526 5700 libet.
2561 5616 2649 5700 t5,
2690 5630 2750 5700 n_.
2788 5615 2917 5700 Sig.

2045 5692 2156 5769 (63)
2187 5686 2460 5762 Pelagius
2489 5688 2840 5757 curisculm,
2873 5690 3134 5752 Bullinus
3161 5707 3281 5750 var.
