3972 6130
241 290 371 361 6’15

239 431 576 513 νηφαλιονο
639 431 914 508 Ἀροένιε,
976 431 1044 482 δι’
1113 431 1144 480 ’ὁ
1208 431 1473 500 ἑξῆλθτς;
1521 431 1657 478 κατὰ
1699 431 1761 473 τὸ
1817 431 1896 522 0':

233 510 460 579 ἐκείνου
497 522 814 597 λείόμενον.
878 517 988 583 Τὴν
1033 512 1085 570 δΞ
1147 510 1446 583 κατάνυξιν,
1495 515 1658 588 πῶς;
1718 510 1793 564 Τὰ
1850 510 1904 560 δὲ

231 609 479 690 δάκρυα,
545 592 642 675 τίπις⁷
682 607 986 686 παννόχους
1046 625 1101 658 τε
1154 600 1466 680 ἀγρυπνίας,
1525 600 1614 656 καὶ
1675 597 1735 652 τί)
1780 592 1904 674 φιλ-

229 684 476 779 έρημσν-
511 704 712 770 ὶκεῖνο1
777 698 863 753 καὶ
909 691 1142 770 ἀκριϐῶς
1194 691 1419 766 ἄμικτον
1455 711 1466 725 ·
1514 688 1574 744 τὸ
1634 684 1904 760 συμπαθὲς

230 773 378 868 πρὸς
446 791 686 864 τούτοις,
743 789 805 844 τὸ
850 785 1179 862 εὖδιάκριτον
1221 791 1251 835 σ
1282 829 1298 852 ,
1345 781 1407 836 τὸ
1468 780 1539 868 εἰς
1566 773 1905 868 Δττ,’>οοεπευχ”ξιν

231 861 530 958 πρόθυμόν
562 900 618 935 τε
667 876 758 934 καί
807 874 1039 948 εὔτονον,
1099 873 1188 928 καὶ
1229 871 1324 938 τὴν
1363 865 1794 946 ὑπερϐάλλουσαν
1851 861 1906 917 ἐν

232 947 375 1025 πέσι
445 969 546 1026 τοῦ
598 966 784 1046 ἀνδρὸς,
850 963 1176 1043 καρτερίαν;
1221 947 1336 1037 ’Ἆρ’
1405 960 1495 1014 οὖν
1551 957 1648 1024 τὴν
1705 954 1905 1010 ἐκείνου

231 1058 536 1116 πολιτεία-ι
566 1044 706 1115 οὕτω
751 1055 1107 1132 μιμούμενος,
1143 1052 1267 1130 οὗχὶ
1305 1050 1526 1106 καὶτῶν
1558 1044 1757 1102 ἐκείνου
1789 1064 1902 1123 χαι

231 1150 540 1226 ρισμάτων
572 1151 789 1226 γέγονεν
827 1144 968 1210 ἄξιος
1005 1163 1021 1223 ς
1082 1145 1119 1208 ἢ
1162 1141 1350 1218 γέγονε
1381 1137 1502 1213 μὲν,
1536 1142 1595 1193 οὑ
1624 1141 1732 1191 τῶν
1762 1134 1901 1190 ’ίσων

229 1224 344 1317 62';
400 1224 701 1311 Οὖμενοῦν,
751 1233 872 1291 ἀλλ’
920 1232 1063 1289 ἔστιν
1133 1229 1223 1293 οἷς
1284 1229 1441 1285 αὐτὸν
1516 1224 1901 1317 καὶ-ἆῖεχνῶς

227 1313 573 1395 ὅπερέὖάλε.
641 1324 791 1392 Πλὴν
851 1322 986 1379 ἀλλὰ
1048 1326 1154 1377 τῶν
1199 1317 1374 1375 ἄλλων
1430 1317 1564 1378 τέως
1621 1313 1900 1394 ἀφέμενοι,

230 1415 389 1478 ὅπως
461 1417 585 1494 περὶ
656 1421 762 1471 τῶν
815 1410 1126 1488 μελλό·.των
1190 1407 1446 1488 ἐγίνωσκέ
1501 1427 1557 1462 τε
1614 1406 1702 1459 καὶ
1759 1424 1898 1482 προ-

226 1507 506 1585 ηγόρεδε,
537 1505 773 1581 δείξομεν
805 1502 1138 1582 φιλαλήθως·

315 1583 430 1660 ε’.
487 1595 779 1674 Ἐγλίχετο
823 1592 1060 1672 σφοδρῶς
1108 1595 1206 1656 τῆς
1252 1592 1410 1647 αὐτοῦ
1467 1586 1590 1650 θέας
1639 1583 1900 1642 Ἀναστά-

226 1707 378 1760 σιος,
421 1689 454 1743 ὁ
492 1692 598 1742 τῶν
627 1688 784 1765 ἱερῶν
814 1689 1018 1743 σκευῶν
1048 1687 1145 1748 τῆς
1177 1679 1330 1757 ἁγίας
1390 1676 1734 1738 ἀναστάσεως
1795 1694 1897 1730 πε-

1569 279 1757 347 ἯΤΔ
1802 281 1860 342 S.
1909 277 2322 343 EUTHYMII.

639 429 914 508 Ἀροένιε,
976 425 1044 482 δι’
1113 425 1144 480 ’ὃ
1208 419 1473 500 ἒξῆλθτς;
1521 418 1657 478 κατᾶ
1699 419 1761 473 τὸ
1817 417 1888 472 ὖπ

1993 412 2130 476 lius.
2167 413 2697 494 Gompunctionem
2730 424 2928 508 autem
2944 438 3070 508 quo
3101 416 3327 483 modo?
3364 422 3506 486 item
3540 427 3629 488 la-

3516 289 3638 354 646

1989 521 2244 582 crymas,
2280 513 2599 566 nocturnas
2627 507 3128 586 pervigilationes,
3160 508 3330 572 illum
3363 531 3629 577 amorem

1989 592 2333 654 solitudinis
2357 604 2766 684 exactumque
2825 615 2858 658 a
2905 599 3137 660 cunctis
3173 619 3520 684 recessum;
3555 604 3628 666 ad

1990 681 2116 743 haec
2149 682 2769 758 commiserationem,
2806 686 3193 751 discernendi
3219 689 3358 765 vim,
3395 690 3457 751 in
3493 681 3633 773 pre-

1989 772 2221 833 catione
2276 773 2642 835 alacritatem
2694 784 2753 836 et
2802 779 3224 856 constantiam,
3272 772 3631 860 praecellen-

1990 867 2228 942 temque
2258 862 2362 924 viri
2395 862 2556 924 circa
2585 864 2787 926 omnia
2838 866 3303 930 fortitudinem?
3330 871 3484 934 Num
3518 891 3629 934 au-

1988 958 2128 1026 tem,
2166 970 2300 1013 cum
2335 953 2422 1014 sic
2473 953 2636 1014 illius
2685 955 3025 1018 imitaretur
3073 958 3207 1019 vitae
3261 958 3626 1040 institutum,

1987 1057 2106 1100 non
2140 1041 2312 1103 etiam
2368 1041 2583 1120 dignus
2641 1042 2751 1104 fuit
2802 1045 2963 1106 illius
2991 1046 3500 1113 charismatibus?
3531 1061 3631 1112 aut

1987 1121 2098 1190 fuit
2127 1130 2396 1210 quidem,
2430 1141 2488 1191 at
2540 1151 2655 1192 non
2710 1135 3002 1213 paribus?
3047 1137 3433 1218 Nequaquam
3472 1161 3486 1202 :
3520 1141 3628 1203 sed

1987 1227 2124 1282 sunt
2156 1221 2214 1281 in
2246 1219 2465 1301 quibus
2494 1241 2628 1283 eum
2663 1226 2906 1286 omnino
2941 1227 3261 1306 superavit.
3299 1231 3624 1292 Verumta-

1990 1328 2126 1370 men
2184 1308 2316 1370 aliis
2379 1311 2617 1371 interim
2669 1313 2936 1392 omissis,
2968 1316 3469 1394 quemadmodum
3527 1319 3626 1382 fu-

1989 1409 2118 1460 tura
2169 1399 2514 1478 cognoverit
2559 1411 2619 1462 et
2648 1403 3008 1483 praedixerit,
3039 1405 3308 1468 veridice
3340 1409 3624 1472 ostende-

1984 1505 2137 1550 mus.

2063 1579 2181 1641 LX.
2217 1582 2367 1644 Eum
2406 1581 2610 1643 videre
2637 1580 2807 1641 valde
2839 1579 3216 1644 desiderabat
3246 1585 3622 1665 Anastasius,

1983 1670 2152 1748 cujus
2185 1671 2321 1732 ﬁdei
2376 1672 2604 1733 credita
2651 1678 2776 1731 erat
2807 1671 3080 1732 custodia
3111 1691 3420 1736 sacrorum
3454 1695 3624 1740 vaso-

233 1759 608 1850 πιστευμὲνος
646 1777 746 1842 τὴν
774 1773 1038 1854 φυλακὴν,
1102 1768 1520 1850 χωρεπίσκοπός
1566 1788 1623 1822 τε
1666 1763 1763 1834 ὢν,
1809 1764 1888 1820 καὶ

1983 1777 2114 1820 rum
2147 1770 2368 1823 sanctae
2398 1759 2898 1834 Resurrectionis,
2933 1760 3402 1844 chorepiscopus
3421 1773 3622 1842 etiam,

227 1866 521 1942 φοιτητής
579 1865 692 1940 ἅμα
752 1853 844 1921 καί
916 1862 1161 1933 ζηλωτὴς
1238 1859 1614 1935 Πασσαρίωνος
1695 1861 1790 1910 τοῦ
1848 1853 1898 1908 ἐν

226 1954 420 2032 ἁγίοις
487 1953 871 2032 γεγενημένος.
942 1953 1108 2008 Πόθον
1161 1951 1250 2005 οὗν
1327 1954 1569 2004 τοιοῦτον
1642 1949 1741 2011 τῆς
1811 1949 1902 2000 τοῦ

234 2042 444 2120 ἀνδρὸς
510 2045 715 2124 τρέφων
759 2043 960 2119 ὅψεως,
1007 2037 1178 2112 Φείόῳ
1222 2059 1278 2093 τε
1309 2041 1387 2111 τῷ
1437 2033 1720 2105 ἐπισκᾶπῳ
1751 2032 1901 2090 Ἰόπσο

232 2155 349 2199 πτις
385 2132 414 2174 δ
445 2135 537 2190 καὶ
575 2122 764 2210 Κὸσμᾷ
808 2137 882 2206 τῷ
927 2127 1344 2208 σταυροιρύλακι,
1395 2127 1493 2193 τὴν
1540 2122 1713 2190 καλὴν
1757 2122 1901 2210 ἐκεί-

233 2247 340 2290 νην
407 2223 696 2300 ἐπιθυμίαν
752 2230 1024 2280 κοινοῦται
1060 2238 1076 2254 ⁶
1121 2221 1209 2274 καὶ
1275 2217 1492 2278 τούτους
1551 2209 1899 2291 παραλαῖὼν,

235 2309 384 2369 ἀλλὰ
435 2317 529 2368 καὶ
573 2311 769 2370 Φεῖδον
828 2311 1009 2390 ἓτερον
1067 2310 1156 2364 τὸν
1191 2317 1282 2364 τοῦ
1326 2305 1625 2362 ἐπισκόπου
1683 2300 1901 2378 ἔκγονον

236 2401 444 2460 Φείδου
480 2403 622 2483 (νέος
661 2401 718 2459 δὲ
759 2405 826 2468 ἦν
874 2403 1026 2464 οὗτος
1073 2398 1147 2454 ἔτι
1182 2397 1194 2440 ί
1238 2398 1330 2465 τὴν
1375 2394 1614 2472 ἡλικίαν,
1675 2393 1770 2447 καί
1826 2397 1901 2463 τῷ

235 2497 348 2547 τῶν
384 2493 752 2569 ἀναγνωστῶν
781 2498 936 2571 χορῷ
989 2484 1503 2568 συγκατειλεγμένος
1544 2506 1553 2514 ·
1609 2481 1666 2546 ὅς
1710 2501 1768 2557 γε
1802 2477 1897 2546 δήν

237 2603 346 2636 που
375 2583 474 2639 καὶ
503 2589 670 2640 ταῦτα
703 2587 779 2654 τῷ
813 2586 1041 2660 μοναχῷ
1110 2583 1355 2654 Κυριακῷ
1405 2569 1770 2652 παραδεδώκει
1817 2580 1901 2631 καὶ

240 2668 613 2751 διηγήσαιτο),
650 2671 862 2745 ἀπαίρει
903 2659 996 2726 συν
1041 2671 1225 2730 αοῖιτοϊς
1258 2668 1388 2743 πρὸς
1416 2665 1508 2720 τὸν
1538 2661 1709 2739 μέγαν
1745 2659 1900 2716 Εὐθύ-

243 2782 397 2834 μιον.
436 2753 531 2824 ἐὶς
577 2761 633 2817 6“:
677 2759 908 2827 πλησίον
937 2758 1041 2827 ἤδη
1100 2764 1197 2824 τῆς
1237 2755 1434 2834 λαύρας
1465 2753 1736 2830 ἐγένοντο,
1782 2761 1900 2812 τοῖς

246 2850 346 2923 μὲν
394 2850 610 2930 ἄλλοις,
680 2850 830 2907 οὔπω
905 2846 1320 2915 καταλαϐόντες,
1383 2841 1596 2914 ἄδηλοι,
1662 2839 1899 2914 Εὔθυμίῳ

248 2935 304 2994 δὲ
355 2943 576 3021 φανεροὶ
654 2939 793 3008 ἦσαν
868 2937 1184 3018 ἆπορῤήτως
1240 2937 1342 2992 ὑπὸ
1411 2942 1506 2989 του
1563 2930 1894 3021 Πνεύματος,

254 3018 506 3093 Καλέσας
564 3029 655 3086 οὖν
699 3030 844 3093 εὐθὺς
887 3029 980 3084 τὸν
1041 3032 1140 3092 τῆς
1193 3025 1391 3102 λαύρας
1441 3020 1722 3095 οἰκονόμον
1755 3018 1895 3096 Χρύ-

1982 1851 2292 1930 sanctique
2323 1850 2691 1913 Passarionis
2722 1849 2902 1910 simul
2953 1850 3282 1932 discipulus
3331 1861 3390 1916 et
3418 1858 3620 1921 imita-

1984 1948 2097 2000 tor.
2134 1939 2276 2002 Cum
2337 1959 2476 2020 ergo
2531 1940 2644 2001 hoc
2692 1940 3061 2001 desiderium
3099 1941 3336 2004 vivendi
3367 1946 3626 2010 hominis

1984 2027 2042 2089 in
2077 2048 2141 2091 se
2179 2029 2390 2111 aleret,
2450 2030 2594 2092 Fido
2644 2028 2767 2108 ('78)
2795 2027 3018 2110 Joppes
3068 2030 3191 2112 (79)
3229 2035 3536 2116 episcopo.
3568 2048 3628 2100 et

1985 2119 2215 2182 Casum
2243 2139 2484 2183 crucem
2516 2119 2746 2181 custodi
2779 2119 3087 2199 pulchram
3149 2122 3310 2184 illam
3344 2143 3620 2189 commu-

1985 2209 2144 2269 nicat
2172 2209 2609 2289 cupiditatem:
2668 2218 2846 2288 atque
2903 2228 3006 2269 eos
3062 2227 3373 2274 assumens
3402 2220 3617 2291 quiue-

1986 2298 2124 2358 tiam
2159 2299 2363 2360 Fidum
2398 2299 2515 2377 (80;
2575 2298 2829 2360 alterum
2883 2299 3148 2378 episc0pi
3187 2301 3312 2363 Fidi
3344 2315 3622 2385 nepotem

1988 2386 2142 2461 (erat
2168 2397 2367 2448 autem
2405 2389 2455 2448 is
2487 2386 2680 2448 adhuc
2712 2394 2882 2447 zetate
2909 2388 3168 2468 juvenis,
3193 2397 3252 2450 et
3280 2396 3338 2451 in
3372 2395 3623 2457 chorum

1985 2476 2275 2538 lectorum
2309 2486 2618 2555 cooptatus
2649 2496 2665 2556 ;
2701 2475 2798 2554 qui
2841 2476 3015 2537 etiam
3049 2479 3296 2557 Cyriaco
3331 2487 3623 2548 monacho

1985 2566 2108 2626 haec
2143 2565 2382 2627 tradidit
2414 2575 2472 2626 et
2503 2565 2780 2642 narravit)
2816 2584 2952 2626 cum
2989 2567 3074 2627 eis
3109 2569 3514 2647 proﬁciscitur
3542 2577 3617 2636 ad

1986 2673 2265 2734 magnum
2297 2653 2708 2734 Euthymium.
2740 2652 2814 2716 Ut
2843 2663 3038 2717 autem
3066 2655 3304 2720 fuerunt
3323 2662 3446 2739 jam
3477 2681 3621 2743 pro-

1985 2765 2058 2825 pe
2085 2747 2331 2818 lauram,
2368 2746 2498 2808 aliis
2528 2744 2774 2822 quidem
2807 2746 2964 2825 quod
2998 2747 3263 2808 nondum
3311 2753 3619 2830 pervenis.

1983 2844 2142 2911 sent,
2165 2836 2386 2898 occulti
2419 2845 2609 2908 erant,
2643 2844 2701 2894 at
2750 2833 3059 2914 Euthymio
3093 2838 3414 2916 manifesti,
3447 2860 3619 2904 arca~

1982 2944 2060 2988 no
2117 2925 2374 3006 quodam
2436 2923 2636 3000 modo,
2696 2941 2804 3004 per
2831 2923 3148 3002 Spiritum.
3182 2928 3386 3009 Itaque
3414 2940 3619 2995 vocato

1980 3015 2177 3077 statim
2211 3016 2393 3078 lauraa
2417 3032 2729 3104 ceconomo
2779 3013 3106 3096 Chrysippo
3147 3038 3159 3075 :
3213 3020 3363 3093 Sint,
3403 3022 3616 3104 inquit,

253 3138 478 3193 σιππον,
518 3120 756 3198 Εὐτρεπῆ
788 3139 871 3174 σοι
903 3119 968 3174 τὰ
997 3119 1128 3195 πρὸς
1159 3113 1438 3194 ὒποδοχῆν
1491 3110 1649 3190 ἔστω,
1683 3109 1844 3188 φησιν
1877 3123 1888 3140 ·

1983 3105 2088 3166 tibi
2121 3113 2322 3198 parata
2351 3103 2604 3198 quaead
2662 3111 3138 3198 susceptionem
3167 3108 3562 3189 requiruntur
3593 3103 3612 3179 ἐ

249 3204 364 3264 ἰδοὺ
395 3191 498 3287 γὰρ
553 3191 666 3282 ἅμα
721 3211 800 3267 τῶ
856 3191 1068 3284 ἀδελφῷ
1120 3205 1198 3279 τῷ
1244 3191 1439 3278 σῷκαὶ
1481 3203 1509 3258 6
1551 3198 1888 3279 πατριάρχης

1983 3213 2122 3258 ecce
2153 3195 2314 3256 enim
2347 3193 2525 3257 simul
2557 3211 2691 3255 cum
2724 3191 2907 3256 fratre
2939 3202 3038 3256 tuo
3068 3193 3140 3256 ad
3174 3214 3284 3260 nos
3312 3205 3472 3262 venit
3507 3221 3619 3282 pa-

258 3295 380 3376 παρ’
412 3299 556 3371 ἡμᾶς
586 3297 830 3377 ἔρχεται.
1017 3367 1023 3371 _

341 3378 477 3448 Et...
513 3385 656 3454 Ἤδη
700 3384 755 3441 δὲ
813 3387 903 3442 καὶ
954 3385 1128 3444 αὐτῶν
1184 3379 1657 3461 παραγεγονότων,
1705 3381 1898 3456 Θεωρία

269 3477 368 3555 τινὶ
415 3477 644 3555 θειοτέρα
713 3475 952 3555 κάτοχος
1010 3474 1250 3551 γεγονὼς
1314 3474 1342 3528 6
1405 3469 1601 3548 μέγας,
1661 3467 1757 3524 οἷα
1807 3465 1895 3522 καὶ

273 3551 641 3642 Ἰεροσολύμων
687 3551 1000 3644 πατριᾶτρχῃ
1043 3561 1235 3639 ὡμίλει
1283 3567 1361 3636 τῷ
1403 3556 1737 3631 Ἀναστασίῳ
1805 3555 1890 3644 καί

258 3648 545 3733 διελέγετο.
635 3657 695 3711 0i
780 3653 878 3729 μὲν
945 3643 1037 3710 οὖν
1122 3652 1408 3730 παρόντες,
1485 3647 1540 3704 ἂν
1606 3643 1890 3720 θαύματιΙ

253 3743 446 3807 πάντες
505 3743 643 3811 ἦσαν
677 3763 691 3777 ·
755 3743 1062 3822 Χρύσιππος
1134 3739 1191 3798 δὲ
1233 3741 1324 3798 καὶ
1373 3738 1531 3800 αὐτὸς
1572 3733 1886 3822 ἒκπλαγεὶς,

250 3833 339 3888 καὶ
384 3833 516 3912 πρὸς
574 3834 662 3896 οὖς
719 3821 988 3908 ἔπικύψας
1061 3835 1138 3903 τῷ
1193 3829 1452 3904 Εὖθυμίῳ,
1513 3821 1671 3912 Ἀλλ’
1720 3823 1824 3901 οὐχ
1861 3823 1889 3878 6

249 3925 620 4003 πατριάρχης,
679 3921 940 3998 σεϐάσμιε
1019 3922 1213 3997 Πάτερ,
1287 3919 1442 3999 φησὶ,
1513 3911 1640 3993 παρ’
1697 3915 1834 4014 ἡμῖν
1872 3930 1885 3944 ⁸

245 4014 273 4068 6
329 4013 386 4070 δὲ
444 4011 608 4079 φύλαξ
662 4013 767 4070 τῶν
814 4015 971 4092 ἱερῶν
1035 4016 1237 4068 σκευῶν
1293 4007 1668 4080 Ἀναστάσιος,
1737 4007 1888 4080 Ὀρᾷς

243 4099 393 4166 ὅπως
451 4101 551 4180 ἄρα
605 4103 700 4159 καί
760 4098 1052 4181 περιϐολῆς
1131 4099 1300 4180 ἔχει;
1383 4094 1552 4162 δείξας
1610 4097 1770 4152 αὐτοῦ
1823 4092 1891 4148 τὰ

242 4191 431 4268 ἱμάτια
465 4206 480 4222 ·
532 4191 756 4270 λαμπρὰ
803 4189 858 4247 δὲ
902 4197 1072 4248 ταῦτα
1114 4192 1206 4247 καὶ
1241 4187 1446 4265 σηρικὰ
1487 4189 1625 4254 ἦσαν
1663 4199 1676 4214 ⁸
1726 4182 1887 4262 ἅπερ,

245 4285 399 4360 φησὶ,
465 4283 808 4361 πατριάρχην
881 4272 1266 4358 Ἰεροσολύμων
1310 4275 1629 4349 ἐνδεδῠσθαι,
1693 4271 1886 4341 ἥκιστα

243 4371 487 4446 Θεμιτόν.
544 4371 828 4451 Ἐπισχὼν
885 4367 942 4425 δέ
1000 4391 1118 4425 τινα
1169 4367 1370 4447 χρόνον
1445 4367 1472 4421 6
1531 4362 1727 4442 γέρων,
1786 4363 1884 4418 καὶ

245 4459 428 4538 ὥσπερ
476 4459 529 4517 ἐν
558 4459 744 4516 ἑαυτοῦ
786 4459 812 4500 κ
881 4459 1197 4537 γενόμενος,
1246 4454 1414 4514 Ἀλλὰ
1454 4452 1736 4510 πιστεύσόν
1768 4471 1883 4529 μοι,

243 4550 456 4626 τέκνον,
518 4547 696 4630 φησί,
788 4547 987 4616 λευκὴν
1068 4548 1226 4606 αὐτὸν
1284 4546 1357 4608 εἰς
1417 4541 1536 4600 τόδε
1593 4544 1690 4598 καί
1761 4540 1883 4596 οἵαν

244 4639 385 4704 εἰκὸς
455 4639 802 4719 πατριάρχην
870 4635 1071 4705 στολῆν
1113 4633 1482 4693 ἓπενδεδῦσθαι
1527 4631 1562 4706 ¹,
1623 4639 1884 4711 φοροῦντα

243 4727 425 4807 ἐώρων
462 4746 477 4760 ⁸
521 4729 612 4786 καὶ
645 4729 807 4804 οἶμαι
851 4730 926 4791 ὡς
983 4726 1080 4783 οὐκ
1125 4725 1413 4800 ἠπάτημαι
1451 4743 1466 4758 ·
1517 4720 1640 4777 ἀλλ’
1670 4720 1699 4776 ὃ
1743 4740 1882 4795 προ-

244 4817 383 4895 έγνω
437 4820 594 4896 Θεὸς,
637 4817 734 4875 καί
779 4817 853 4884 εἱς
893 4815 1058 4891 πέρας
1117 4812 1229 4881 ἄξει
1259 4831 1276 4847 ’
1339 4809 1726 4888 ἀμεταμέλητα
1781 4809 1882 4886 γὰρ

241 4910 403 4965 ανδτοῦ
439 4909 506 4964 τὰ
562 4909 899 4989 χαρίσματα.
944 4905 1005 4966 Ὀ
1050 4905 1147 4984 μὲν
1190 4914 1283 4965 οὖν
1324 4909 1490 4960 ταῦτα
1548 4901 1634 4957 ἐπὶ
1670 4897 1880 4956 πολλῶν

319 5019 371 5063 ¹⁴
403 5016 576 5080 Rom.
612 5031 695 5094 ιι,
725 5015 826 5081 29.

1979 3284 2262 3347 triarcha.

2059 3372 2211 3436 LXI.
2248 3371 2392 3437 Cum
2413 3374 2537 3455 jam
2561 3385 2760 3440 autem
2779 3373 2898 3456 ipsi
2917 3371 3302 3437 advenissent
3324 3377 3618 3444 diviniore

1977 3463 2231 3546 quadam
2257 3463 2760 3544 contemplatione
2780 3466 2870 3525 vir
2883 3481 3131 3542 magnus
3145 3481 3614 3547 correptus,cum

1971 3553 2290 3617 Anastasio
2318 3553 2534 3630 agebat
2560 3562 2620 3616 et
2675 3552 3133 3633 colloquebatur
3164 3562 3444 3637 tanquam
3477 3577 3613 3621 cum

1973 3643 2314 3725 patriarcha
2337 3641 3031 3725 Hierosolymorum.Qui
3063 3661 3206 3724 ergo
3228 3646 3476 3709 aderant
3498 3649 3615 3711 mi-

1973 3731 2262 3796 rabantur
2310 3733 2559 3810 cuncti;
2622 3733 2988 3814 Chrysippus
3037 3752 3177 3797 vero
3209 3735 3340 3816 ipse
3369 3757 3616 3819 quoque

1973 3821 2439 3903 obstupefactus,
2475 3832 2534 3885 et
2557 3822 2628 3884 ad
2652 3841 2858 3884 aurem
2880 3841 2945 3885 se
2967 3823 3264 3888 inclinans
3283 3825 3612 3909 Euthymii,

1971 3911 2090 3977 Sed
2123 3931 2240 3974 non
2274 3922 2388 3988 est,
2423 3913 2641 3994 inquit,
2671 3914 2830 3994 apud
2881 3933 2991 3975 nos
3038 3912 3402 3998 Patriarcha,
3437 3937 3614 3982 vene-

1971 4002 2157 4065 rande
2178 4001 2389 4080 Pater;
2412 4010 2471 4066 at
2490 4021 2796 4065 sacrorum
2822 4021 3092 4065 vasorum
3142 4014 3344 4068 custos
3363 4010 3617 4071 Anasta-

1973 4092 2121 4156 sius.
2150 4092 2336 4154 Vides
2381 4093 2696 4173 quomodo
2719 4093 2965 4154 vestitus
2978 4091 3056 4154 sit
3076 4099 3104 4156 ?
3125 4096 3449 4158 ostendens
3477 4098 3612 4177 ejus

1971 4192 2187 4263 vestes;
2215 4200 2350 4259 quas
2373 4191 2544 4244 erant
2566 4182 2900 4264 splendidae
2917 4194 2974 4244 et
3005 4184 3272 4266 sericem;
3307 4185 3608 4266 qualibus,

1969 4271 2186 4352 inquit,
2225 4270 2471 4332 minime
2493 4271 2578 4333 fas
2598 4279 2690 4333 est
2718 4272 3320 4353 Hierosolymitanum
3357 4276 3608 4355 patriar-

1968 4361 2142 4422 cham
2165 4359 2358 4423 indui.
2388 4361 2556 4422 Tunc
2581 4378 2688 4441 per
2713 4360 2950 4440 aliquod
2977 4371 3209 4442 tempus
3229 4381 3296 4424 se
3321 4364 3615 4442 repressit

1969 4467 2178 4527 senex,
2215 4459 2274 4512 et
2303 4449 2465 4511 velut
2509 4451 2582 4512 ad
2619 4469 2684 4510 se
2713 4467 3015 4523 reversus,
3047 4451 3168 4515 ait:
3206 4450 3428 4515 Verum
3460 4454 3612 4518 mihi

1952 4540 2171 4620 crede,
2210 4538 2487 4613 ﬁli,hunc
2516 4537 2634 4600 vidi
2665 4539 2979 4618 hucusque
3004 4539 3258 4603 candida
3277 4551 3440 4606 veste
3459 4544 3610 4607 amis

1965 4636 2148 4704 ctum,
2179 4638 2240 4690 et
2269 4627 2432 4710 quali
2474 4629 2833 4710 superindui
2863 4629 3038 4692 decet
3067 4632 3468 4712 patriarcham
3497 4653 3513 4711 ;
3547 4645 3608 4698 et

1967 4719 2241 4782 existimo
2265 4737 2360 4780 me
2406 4737 2526 4781 non
2570 4737 2704 4782 esse
2725 4720 3045 4801 deceptum
3081 4743 3098 4794 ;
3127 4721 3233 4783 sed
3265 4723 3425 4803 quod
3447 4722 3606 4787 Deus

1965 4809 2356 4890 praescivit,id
2379 4810 2449 4871 ad
2474 4809 2654 4872 ﬁnem
2679 4809 2958 4873 deducet.
2980 4814 3127 4874 Sunt
3149 4813 3308 4874 enim
3329 4814 3462 4893 ejus
3493 4813 3606 4876 do-

1964 4917 2041 4960 na
2073 4898 2208 4961 sine
2240 4900 2591 4982 paenitentia
2619 4901 2697 4962 16.
2731 4899 2835 4964 llle
2857 4901 3036 4980 igitur
3066 4901 3194 4964 haec
3222 4902 3374 4965 dixit
3405 4903 3606 4966 multis

1553 5087 1810 5155 VARIIE
1853 5086 2286 5158 LECTIONES.

315 5220 346 5264 τ
372 5207 452 5272 al.
484 5207 832 5286 διακριτικὸν.
918 5204 946 5246 ΙΙ
973 5202 1050 5264 al.
1088 5200 1290 5270 Ἰόπης.
1375 5199 1388 5236 ί
1419 5197 1592 5261 abest
1621 5197 1694 5261 ab
1725 5200 1802 5264 al.

1888 5203 1907 5257 1
1942 5201 2022 5264 al.
2054 5197 2306 5273 θαυμάσι.

2392 5196 2420 5238 ¹ί
2449 5195 2526 5269 al,
2563 5197 2758 5271 ἑαυτῷ,
2847 5195 2859 5230 ¹
2889 5195 2969 5259 al.
3004 5193 3402 5264 ἐπενδύσασθαι,

1463 5305 1670 5373 JOAN.
1721 5305 2092 5374 BOLLANDI
2136 5303 2390 5368 NOTAE.

304 5413 828 5491 (784)}licuPhidus
883 5408 1233 5491 subscripsit
1285 5407 1540 5466 concilio
1571 5407 1886 5480 EphesinO'

238 5486 764 5632 ,Πὸξῗὺίέἓιοηιε
781 5556 893 5614 hoc
941 5552 1258 5632 Potastipge
1290 5551 1605 5632 etiamnum
1635 5550 1873 5632 celebri.

246 5621 369 5706 agit
399 5621 671 5704 plut-ilius
728 5625 1110 5695 Quaresmtus
1165 5623 1268 5680 lib.
1316 5622 1371 5689 ι,
1426 5621 1776 5695 peregrinat.
1819 5625 1872 5691 1,

1924 5411 2079 5480 ‘cap,
2097 5407 2158 5480 '_l.

2026 5475 2144 5548 (80)
2175 5475 2256 5533 De
2315 5475 2622 5552 hoc_infra
2661 5477 2890 5552 sepius,
2931 5475 3288 5552 potissimum
3351 5491 3477 5552 cap.
3510 5479 3601 5539 20.

1955 5545 2165 5609 Factus
2197 5557 2283 5604 est
2324 5545 2556 5606 tandem
2596 5545 2759 5606 urbis
2788 5545 2984 5607 Daren
3014 5547 3340 5622 episcopus.
3383 5545 3444 5610 οἱ
3476 5553 3602 5612 122.
