3972 6130
402 204 518 269 647

1697 200 1978 268 MENSIS
2017 201 2474 270 JANUARIUS.

3637 203 3738 269 648

400 341 827 425 audientibus;
861 348 1040 422 atque
1080 346 1443 403 consecutus
1473 339 1583 402 fuit
1622 355 1827 400 rerum
1857 355 2035 400 even-

2131 337 2303 408 δήπου
2346 337 2453 394 τῶν
2509 337 2814 395 ἀκουόντων
2877 336 3044 410 ἔφησε
3077 352 3090 366 ⁹
3143 336 3238 393 καὶ
3277 338 3310 405 ἡ
3353 335 3439 393 ἐπὶ
3477 337 3577 394 τῶν
3617 359 3743 416 πρα-

406 441 523 497 tus.

481 522 938 588 LXIl.Terebon
971 521 1094 594 ille,
1132 519 1230 600 qui
1263 527 1397 582 erat
1429 538 1652 599 genere
1682 523 2039 594 Saracenus,

400 633 535 679 cum
569 633 750 678 uxore
786 611 1063 676 habitans
1097 611 1310 682 sterili,
1333 629 1450 671 non
1475 610 1754 691 gignebat
1778 610 2040 684 liberos;

401 705 559 787 quod
592 706 646 767 ei
671 704 845 765 vitam
875 700 1172 764 efficiebat
1205 699 1453 762 minime
1496 702 1762 778 vitalem,
1795 707 2044 781 eratque

403 813 579 858 causa
609 793 836 854 doloris
863 791 1211 853 nullatenus
1245 789 1603 854 tolerabilis.
1637 792 1721 853 Ac
1752 790 1915 853 cedit
1939 789 2046 848 ita-

401 903 516 966 que
548 883 868 964 aliquando
923 899 1057 942 cum
1112 898 1304 941 uxore
1360 881 1435 940 ad
1467 879 1888 942 admirabilem
1917 879 2040 940 Eu-

396 973 709 1053 thymium,
771 989 1014 1050 rogans,
1079 969 1450 1050 supplicans,
1487 969 1632 1052 quid
1665 989 1786 1032 non
1817 969 2043 1032 faciens

395 1081 463 1124 ex
496 1063 568 1124 iis
601 1080 735 1144 quae
767 1069 1014 1142 possunt
1060 1060 1302 1122 trahere
1333 1060 1405 1122 ad
1441 1060 1945 1142 miscricordiam,
1983 1067 2046 1120 ut

393 1152 444 1213 is
475 1161 699 1213 naturae
729 1150 998 1212 defectus
1059 1149 1410 1224 solveretur,
1445 1157 1503 1210 et
1531 1150 1875 1230 aperiretur
1908 1156 2043 1211 ute-

391 1259 494 1303 rus
527 1243 599 1304 ad
630 1240 1007 1321 pariendum.
1035 1238 1144 1302 Ille
1167 1248 1368 1301 autem
1401 1259 1534 1302 cum
1570 1250 1660 1301 ter
1689 1240 1775 1301 eis
1805 1239 2045 1319 injecis-

391 1341 479 1393 set
536 1331 772 1410 signum
836 1330 1060 1403 crucis,
1123 1330 1464 1410 deindeque
1515 1329 1817 1410 lapideum
1868 1329 2038 1390 illum

2125 450 2349 507 γματων
2381 425 2594 492 ἔκϐασις
2628 425 2991 496 ἠκολούθησε.

2207 520 2346 579 ΞΒ’.
2393 515 2634 594 Τερέϐων
2675 517 2907 593 ἐκεῖνος,
2971 521 3029 581 ὃς
3059 516 3125 584 ἧν
3154 518 3216 574 τὸ
3243 517 3394 596 γένος
3430 519 3742 596 Σαρακηνὸς,

2128 609 2307 689 στείρᾳ
2369 609 2572 688 γυναικὶ
2613 615 2900 687 συνοικῶν¹
2945 605 3151 664 παίδων
3223 607 3416 685 ἄγονος
3475 606 3542 674 ἦν
3575 626 3586 637 ·
3632 604 3744 686 ὅπερ

2125 696 2354 757 ἀϐίωτον
2413 703 2556 774 αὐτῷ
2608 701 2698 754 τὸν
2775 699 2889 774 βίον
2947 698 3143 768 ἐποίει,
3205 700 3301 753 καὶ
3365 695 3536 763 λύπης
3591 696 3744 753 αἴτιον

2125 790 2192 857 ἦν
2244 793 2443 860 ἥκιστα
2501 793 2767 868 φορητῆς.
2817 787 3069 866 Πρόσεισι
3114 789 3287 844 τοίνυν
3329 787 3469 862 μετὰ
3521 785 3614 852 τῆς
3656 808 3743 864 γυ-

2125 880 2309 944 ναικός
2366 900 2495 936 ποτε
2579 885 2656 952 τῷ
2739 881 3032 954 θαυμαστῷ
3127 879 3390 952 Εὖθυμίῳ,
3449 872 3742 949 ἀντιϐολῶν,

2123 971 2399 1043 ἱκετεύων,
2456 969 2505 1025 τί
2553 969 2630 1044 μὴ
2685 975 2856 1024 ποιῶν
2925 967 3033 1024 τῶν
3109 964 3411 1041 δυναμένων
3463 964 3632 1020 ἕλκειν
3681 967 3743 1030 εἰς

2129 1059 2303 1139 ἔλεον,
2350 1059 2489 1116 ὥστε
2533 1058 2753 1126 λυθῆναι
2798 1059 2895 1125 τὴν
2942 1057 2998 1114 ἐν
3043 1065 3138 1129 τῆς
3183 1057 3391 1133 φύσεως
3447 1055 3676 1134 πήρωσιν
3699 1064 3741 1130 ι,

2125 1151 2215 1206 καὶ
2255 1151 2385 1228 πρὸς
2449 1146 2647 1210 ὠδῖνας
2717 1149 2852 1223 αύτῇ
2911 1153 2950 1180 ⁵³
3010 1150 3099 1204 καὶ
3157 1149 3347 1209 τόκους
3407 1149 3505 1212 τὴν
3561 1145 3744 1223 μήτραν

2126 1237 2481 1317 διανοιγῆναι.
2543 1241 2604 1296 '0
2668 1236 2721 1294 δὲ
2806 1239 2982 1315 τρίτον
3042 1237 3226 1300 αὒτοϊς
3282 1238 3345 1292 τὸ
3399 1234 3494 1292 τοῦ
3549 1241 3744 1314 σταυροῦ

2126 1341 2360 1404 σημεῖον
2419 1326 2715 1406 ἐπιϐαλὼν,
2784 1328 2912 1384 εἶτα
2975 1327 3064 1382 καὶ
3109 1327 3205 1394 τῆς
3263 1323 3518 1387 λιθώδους
3562 1322 3744 1390 ἐκείνης

389 1429 656 1482 ventrem
707 1419 1001 1499 tetigisset
1035 1439 1050 1480 :
1105 1419 1306 1493 Abite,
1343 1419 1558 1500 inquit,
1587 1421 1706 1480 laeti
1739 1422 1797 1482 in
1831 1419 2035 1481 Domi-

2125 1421 2350 1498 γαστρὸς
2374 1418 2677 1494 ἁψάμενος,
2716 1418 2946 1492 "Amce,
2981 1439 3138 1495 φησι,
3171 1416 3458 1496 χαίροντες
3487 1414 3539 1470 ἐν
3574 1414 3742 1490 Κυρίῳ.

395 1529 495 1571 no.
528 1511 584 1572 Is
617 1510 842 1590 quippe
873 1508 1044 1570 vobis
1075 1508 1358 1571 concedit
1407 1517 1470 1570 ut
1498 1508 1832 1572 cernamini
1862 1509 2035 1572 trium

2127 1507 2320 1563 Δίδωσι
2365 1509 2466 1586 γὰρ
2509 1528 2660 1566 ουτος
2718 1507 2849 1582 ὑμῖν
2907 1508 3068 1584 τριῶν
3123 1503 3325 1561 παίδων
3386 1504 3607 1582 ὀφθῆναι
3647 1523 3744 1557 πα-

393 1589 740 1663 ΙῘὺθι-οτυιηί
774 1607 1081 1680 parentes.
1138 1597 1347 1678 Itaque
1380 1599 1464 1660 illi
1499 1598 1560 1660 in
1589 1617 1872 1661 sermone
1905 1607 2034 1660 tan-

2125 1597 2296 1675 τέρας.
2331 1597 2570 1654 Ἐκεῖνοι
2623 1597 2722 1670 μὲν
2768 1599 2856 1652 οὖν
2913 1595 3095 1672 ὥσπερ
3155 1593 3316 1672 ἔργῳ,
3352 1599 3432 1666 τῷ
3463 1591 3603 1670 λόγῳ
3627 1589 3741 1668 016-

393 1708 566 1770 quam
603 1690 660 1750 in
686 1707 752 1750 re
794 1687 922 1768 ipsa
952 1689 1318 1750 collocantes
1351 1689 1626 1750 fiduciam
1661 1690 1904 1751 domum
1936 1709 2035 1753 re-

2125 1688 2406 1764 βήσαντες,
2468 1685 2650 1743 οἴκαδε
2728 1686 3064 1765 ἀνεχώρουν,
3145 1682 3368 1758 ἔμπλεῳ
3428 1683 3523 1750 τὴν
3578 1681 3743 1760 ψυχὴν

393 1780 659 1854 dierunt,
694 1778 894 1840 animo
927 1779 1128 1841 latitia
1180 1779 1384 1859 pleno.
1415 1778 1544 1841 Jam
1579 1788 1777 1841 autem
1809 1790 1869 1842 et
1899 1799 2035 1862 par-

2125 1774 2345 1844 ἡδονῆς,
2379 1773 2524 1844 "Har.
2557 1773 2612 1832 δὲ
2645 1777 2730 1833 καὶ
2761 1778 2788 1832 6
2821 1781 2924 1831 τῶν
2969 1773 3170 1831 ὠδίνων
3214 1775 3402 1851 καιρὸς
3435 1771 3741 1852 ἐφειστήκει,

394 1878 488 1932 tus
522 1878 760 1950 tempus
781 1867 1203 1930 advenerat.Et
1234 1868 1426 1946 primo
1461 1869 1707 1945 quidem
1743 1859 2035 1949 parit—Pe-

2129 1867 2225 1924 Καὶ
2280 1873 2465 1943 πρῶτα
2549 1866 2648 1938 μὲν
2705 1867 2868 1921 τίγτει
2950 1864 3146 1940 Πέτρον
3214 1865 3362 1943 τινὰ,
3414 1863 3506 1918 τὸν
3561 1859 3744 1938 πατέρα

393 1967 549 2020 trum
575 1948 920 2039 quemdam,
950 1967 1177 2038 patrem
1213 1957 1571 2028 Terebonis.
1601 1959 1700 2040 qui
1733 1948 2035 2040 Euthymii

2125 1954 2451 2033 Τερέϐωνος,
2513 1956 2568 2021 ὃς
2625 1953 2723 2033 ἄρα
2781 1967 2902 2019 τοῖς
2953 1953 3249 2028 ὁμιληταῖς
3314 1952 3590 2040 Εὖθυμίου,
3630 1948 3738 2040 φιλέ

391 2048 705 2129 discipulis
737 2049 863 2110 haec
894 2066 1033 2110 vere
1065 2056 1122 2110 et
1145 2063 1352 2129 aperte
1384 2049 1665 2110 narravit.
1700 2051 1909 2111 Postea
1938 2068 2040 2111 au-

393 2145 514 2199 tem
570 2138 756 2199 multo
818 2148 1090 2214 tempore
1143 2139 1484 2218 interjecto.
1532 2156 1708 2200 verax
1741 2139 2041 2220 Euthymii

389 2225 932 2308 promissum,alios
953 2247 1191 2309 quoquo
1225 2229 1377 2290 duos
1408 2228 1619 2290 fratres
1650 2227 1900 2308 praebuit
1930 2229 2042 2292 Te-

389 2316 632 2380 reboni.
1841 2393 1844 2396 ρ

469 2404 614 2468 LIII.
668 2404 879 2468 Frater
930 2413 1060 2469 erat
1117 2408 1177 2470 in
1231 2409 1420 2483 laura,
1455 2407 1758 2470 Romanus
1787 2427 2032 2489 genere,

389 2496 634 2558 nomine
666 2495 1050 2570 Emilianus,
1083 2498 1184 2576 qui
1210 2497 1426 2560 bonam
1462 2500 1638 2560 vitam
1671 2499 2032 2576 sectabatur,

389 2591 447 2646 et
479 2585 823 2666 praeclaram
859 2588 1318 2669 temperantiam
1354 2589 1445 2650 vel
1507 2591 1763 2650 maxime
1795 2608 1865 2650 ex
1907 2590 2039 2669 ipsa

386 2676 699 2754 amplexus
729 2675 920 2738 fuerat
943 2676 1532 2742 adolescentiaﬂuic
1565 2687 1744 2740 noctu
1765 2679 2036 2760 aliquan-

386 2764 484 2838 do,
523 2784 654 2829 cum
692 2777 852 2826 esset
879 2767 1229 2828 Dominicus
1253 2767 1405 2840 dies,
1432 2766 1721 2829 Inimicus
1753 2787 1826 2830 ex
1855 2787 2036 2831 carne

385 2851 608 2915 bellum
643 2873 820 2931 grave
852 2858 1199 2919 commovit.
1233 2859 1335 2921 Cui
1374 2875 1442 2919 se
1475 2867 1763 2937 perpetuo
1796 2858 2036 2921 restitu-

384 2961 517 3004 rum
550 2943 900 3024 desperans,
938 2945 1120 3006 cessit
1143 2946 1268 3025 jam
1301 2955 1359 3007 et
1405 2946 1865 3024 cogitationibus
1889 2967 2032 3010 suc-

382 3032 764 3133 c‘ubuil._Cum
799 3035 877 3095 ita
907 3053 972 3097 se
997 3035 1268 3133 haberet,
1303 3044 1480 3133 atque
1511 3037 1584 3099 ab
1614 3055 1684 3098 ea
1717 3037 2031 3117 perturba-
2049 3081 2092 3133 ο

382 3123 547 3184 tione
570 3123 969 3197 obsideretur,
1008 3143 1184 3187 mane
1209 3124 1497 3188 ﬁtobvius
1530 3133 2034 3202 sancto,venienti

378 3210 452 3272 ad
476 3213 737 3294 synaxim
772 3231 785 3276 :
809 3221 990 3294 atque
1015 3233 1082 3276 ex
1105 3234 1176 3278 eo
1206 3223 1362 3277 teter
1384 3216 1636 3296 qtiidam
1661 3221 1814 3281 odor
1838 3218 2035 3280 exibat

379 3302 478 3383 qui
498 3321 736 3382 gravem
762 3302 926 3364 illam
947 3304 1134 3366 animi
1159 3305 1670 3385 perturbationem
1695 3326 1910 3387 magno
1932 3308 2036 3369 de-

379 3391 666 3455 clarabat.
702 3394 906 3474 ltaque
942 3395 1228 3457 odoratus
1262 3394 1502 3458 divinus
1535 3397 1906 3479 Euthymius,
1933 3399 2030 3461 in-

381 3482 669 3564 sidiisque
687 3484 1248 3564 cognitis,increpat
1269 3486 1489 3548 malum
1503 3486 1839 3550 daemonem
1864 3507 2033 3552 vexa-

378 3579 592 3634 torem.
627 3571 697 3633 Et
736 3572 936 3634 statim
970 3573 1155 3636 frater
1185 3575 1426 3655 quidem
1461 3577 1622 3639 humi
1651 3578 1895 3658 jacebat
1925 3597 2030 3641 su-

377 3663 578 3741 pinus,
612 3662 880 3742 seipsum
913 3664 1259 3726 convellens
1289 3674 1346 3727 et
1377 3666 2035 3751 agitans,spumamque

376 3769 483 3812 ore
516 3769 847 3830 exspuens.

459 3837 750 3902 LXIV.Ad
770 3859 905 3902 eum
931 3851 1130 3904 autem
1161 3843 1330 3906 multi
1361 3864 1600 3925 quoque
1618 3856 2035 3910 convenerunt

375 3931 852 3991 monacbiJussit
878 3935 1071 4006 itaque
1095 3951 1338 4007 magnus
1363 3936 1712 4010 Euthymius
1736 3939 1930 3998 afferri
1954 3941 2036 3998 lu.

387 4035 616 4083 men,eo
642 4015 801 4100 quod
816 4017 986 4080 locus
1001 4019 1469 4082 essetobscurus
1484 4029 1664 4102 atque
1679 4023 2035 4088 tenebrosus

383 4113 440 4167 et
462 4105 700 4168 aitillis:
727 4105 939 4170 Videlo
966 4107 1211 4171 fratrem
1241 4111 1384 4188 (81),
1413 4131 1447 4173 ο
1476 4109 1707 4190 Patres,
1732 4115 2034 4194 quomodo

384 4201 525 4270 quia
550 4215 733 4271 puero
759 4203 818 4257 in
833 4202 1041 4259 virtute
1063 4204 1289 4266 vixit,et
1304 4208 1699 4276 temperantiae
1720 4221 1919 4266 curam
1933 4211 2035 4268 ha-

387 4284 537 4376 buit,
572 4304 731 4376 nunc
763 4285 920 4366 quod
957 4305 1209 4368 paucum
1235 4292 1486 4354 cesserit
1516 4293 1855 4356 carnalibus
1876 4297 2037 4376 cogi-

2122 2044 2338 2115 αλήθως
2383 2055 2547 2105 ταῦτα
2600 2046 2689 2102 καὶ
2718 2045 2900 2124 σαφῶς
2932 2043 3262 2122 διηγήσατο.
3296 2041 3501 2120 Χρόνου
3543 2039 3596 2096 δὲ
3626 2039 3744 2115 μετὰ

2122 2145 2286 2194 ταῦτα
2341 2142 2542 2216 συχνοῦ
2611 2133 3032 2212 διαγενομένου,
3090 2135 3126 2196 ἡ
3201 2129 3439 2208 ἀψευδὴς
3515 2129 3745 2204 Εὗθυμίου

2122 2226 2447 2306 ὓπόσχεσις,
2492 2227 2581 2282 καὶ
2610 2225 2733 2290 τοὺς
2768 2223 2961 2290 ἄλλους
2990 2221 3080 2281 δύο
3112 2229 3185 2298 τῷ
3217 2218 3482 2301 Τερέϐωνι
3512 2217 3743 2299 ἀδελφοὺς

2122 2329 2415 2396 παρεῖχεν,

2203 2392 2345 2466 Ξιίί.
2379 2403 2633 2486 Ἀδελφὸς
2667 2407 2736 2472 ἧν
2765 2405 2819 2461 ἐν
2847 2409 2917 2480 τῇ
2958 2402 3147 2481 λαύρᾴ,
3197 2392 3472 2475 Ῥωμαῖος
3501 2402 3560 2457 τὸ
3584 2398 3740 2478 γένος,

2121 2495 2432 2570 Αἰμιλιανὸς
2482 2496 2583 2563 τὴν
2635 2495 2856 2575 κλῆαιν,
2912 2494 3026 2572 βίον
3082 2515 3141 2548 τε
3216 2493 3465 2572 χρηστὸν
3537 2490 3737 2568 μετιὼν⁷

2119 2587 2208 2642 καὶ
2267 2586 2615 2665 σωφροσύνην
2672 2587 2745 2649 ὡς
2804 2583 3038 2660 μάλιστα
3103 2583 3201 2650 τὴν
3256 2581 3433 2649 καλὴν
3493 2579 3544 2646 ἐξ
3597 2582 3740 2645 αὐτῆς

2120 2676 2374 2742 νεότητος
2405 2675 2812 2750 ἀσπασάμενος,
2866 2675 3044 2746 Τούτῳ
3095 2671 3284 2732 νυκτός
3342 2693 3471 2729 ποτε
3516 2669 3739 2746 διαγενο-

2119 2764 2287 2840 μένης
2347 2769 2642 2846 Κυριακῆς,
2682 2765 2929 2844 χαλεπὸν
2987 2765 3049 2820 ἐκ
3107 2765 3207 2830 τῆς
3246 2764 3448 2842 σαρκὸς
3503 2763 3530 2817 6
3573 2759 3738 2840 ἐχθρός

2117 2857 2367 2922 κεκίνηκε
2397 2853 2657 2931 πόλεμον.
2695 2857 2830 2932 Πρὸς
2890 2855 2948 2910 ὃν
3006 2853 3265 2933 ἀντέχειν
3325 2854 3402 2916 εἷς
3453 2849 3598 2915 τέλος
3644 2847 3736 2904 ἄπ-

2117 2945 2436 3024 αγορεύσας,
2467 2942 2694 3001 ἐνεδίδου
2723 2942 2827 3012 ἤδη
2885 2945 2971 3000 καὶ
3027 2957 3149 3007 τοῖς
3205 2941 3503 3022 λογισμοῖς
3535 2942 3738 2997 51:03:11:-

2117 3035 2376 3093 εκλίνετο.
2439 3032 2619 3100 Οὕτως
2664 3034 2835 3113 ἔχων,
2886 3034 2975 3090 καὶ
3022 3034 3124 3090 ὑπὸ
3171 3038 3264 3088 τοῦ
3306 3033 3506 3094 πάθους
3535 3027 3735 3105 πολιορ-

2115 3124 2406 3205 κούμενοις³
2491 3123 2808 3204 ἐντυγχάνει
2882 3125 3002 3202 περὶ
3078 3125 3170 3180 τὸν
3242 3121 3432 3200 ὄρθρον
3482 3116 3734 3200 ἐρχομένῳ

2117 3216 2251 3293 πρὸς
2302 3215 2404 3282 τὴν
2447 3213 2658 3278 σύναξιν
2701 3214 2778 3289 τῷ
2826 3213 2963 3292 ἁγίῳ
2995 3230 3010 3245 ⁶
3068 3213 3157 3269 καί
3187 3235 3267 3278 τις
3315 3210 3371 3277 ἐξ
3401 3213 3558 3269 αὐτοῦ
3585 3227 3734 3286 προσ-

2116 3301 2308 3360 έϐαλλε
2360 3301 2608 3381 δυσωδία,
2655 3305 2718 3360 τὸ
2745 3301 2994 3383 χαλεπὸν
3025 3303 3206 3360 ἐκεῖνο
3236 3301 3408 3368 πάθος
3437 3307 3511 3375 τῷ
3540 3295 3735 3374 μεγάλῳ

2115 3393 2374 3460 δηλοῦσα,
2439 3393 2782 3474 Ὀσφρανθεὶς
2831 3402 2922 3450 οὐν
2983 3394 3150 3460 αὐτῆς
3208 3394 3236 3448 6
3280 3395 3432 3456 θεῖος
3475 3388 3731 3464 Εὖθύμιος,

2115 3485 2202 3540 καὶ
2258 3485 2415 3562 γνοὺς
2471 3483 2570 3551 τὴν
2629 3480 2946 3557 ἐπιϐουλήν,
2994 3481 3220 3559 ἐπιτιμᾷ
3274 3490 3352 3558 τῷ
3400 3479 3732 3558 διενοχλοῦντι

2115 3580 2338 3653 πονηρῷ
2381 3572 2616 3649 δαίμονι.
2698 3574 2794 3631 Καὶ
2877 3573 3220 3653 παραχρῆμα
3273 3572 3459 3635 ἷῖπτιός
3516 3569 3610 3646 μὲν
3660 3563 3732 3621 ἐπὶ

2115 3670 2208 3720 τοῦ
2256 3661 2481 3743 ἐδάφους
2542 3666 2570 3720 6
2623 3661 2852 3744 ἀδελφὸς
2924 3661 3122 3737 ἔκειτο,
3183 3663 3503 3742 σπαράττων
3567 3655 3730 3716 ἑαυτὸν

2115 3755 2206 3811 καὶ
2235 3752 2467 3834 κλονῶν,
2498 3755 2588 3810 καὶ
2613 3753 2780 3834 ἀφρὸν
2813 3753 3057 3810 ἐκπτύων
3089 3761 3184 3812 τοῦ
3209 3754 3497 3829 στόματος.

2198 3842 2347 3904 ΞΔ¹.
2411 3843 2683 3919 Συνῄεσαν
2726 3840 2783 3899 δὲ
2835 3843 2924 3899 καὶ
2978 3840 3169 3900 πολλοὶ
3211 3849 3317 3898 τῶν
3368 3841 3615 3919 μοναχών
3653 3829 3724 3890 ἐπ’

2119 3935 2283 4010 aii-:63.
2317 3940 2440 3999 Φῶς
2493 3936 2667 3993 τοίνυν
2713 3935 2740 3990 6
2785 3933 2952 4011 μέγας
3016 3932 3276 4008 Εὒθύμιος
3330 3931 3607 4011 ἐνεχθῆναι
3645 3945 3726 3981 κε-

2117 4025 2330 4095 λεύσας,
2417 4021 2503 4080 διὰ
2572 4025 2633 4082 τὸ
2693 4027 2782 4081 καὶ
2844 4024 2940 4079 τὸν
2981 4022 3148 4079 τόπον
3192 4024 3336 4078 εἶναι
3393 4016 3592 4100 ζοφώδη
3645 4016 3726 4069 καί

2116 4115 2329 4195 ἀφεγγῆ
2364 4132 2381 4150 '
2425 4112 2617 4193 Ὀρατε
2647 4114 2738 4170 τὸν
2767 4111 3016 4188 ἀδελφὸν,
3055 4114 3100 4168 ὦ
3161 4110 3424 4190 Πατέρες,
3466 4108 3587 4190 φησί
3613 4102 3723 4183 πρὸς

2117 4207 2331 4280 αὐτοὺς,
2391 4201 2536 4268 ὅπως
2591 4205 2645 4260 ἐν
2677 4203 2844 4280 ἀρετῇ
2873 4208 2980 4274 ζῶν
3012 4203 3074 4259 ἐκ
3105 4198 3322 4274 παιδὸς,
3356 4202 3445 4257 καὶ
3475 4213 3720 4276 supponu-

2118 4318 2214 4362 νης
2273 4293 2718 4369 ἐπιμελούμενος,
2765 4300 2856 4348 νὺν
2898 4290 2983 4348 διὰ
3027 4293 3089 4349 τὸ
3118 4292 3309 4371 μικρὸν
3360 4289 3582 4348 ἐνδοῦναι
3622 4293 3719 4343 τοῖς

381 4374 698 4464 tationibus
715 4376 868 4464 iacet
891 4378 1164 4464 omnibus
1178 4380 1347 4436 nobis
1364 4381 1634 4454 lacrymis
1650 4383 1891 4456 dignum
1911 4373 2033 4456 spe-

2125 4385 2213 4454 τῆς
2272 4385 2468 4464 σαρκὸς
2526 4381 2810 4461 λογισμοῖς
2867 4395 2915 4458 ο,
2960 4395 3139 4439 κεῖται
3198 4387 3363 4438 πᾶσιν
3413 4382 3540 4455 ἡμῖν
3575 4373 3714 4464 θέαμα

386 4459 903 4531 ctaculquuare
917 4463 1364 4526 omnicustodia
1378 4467 1702 4549 unicuique
1716 4471 2032 4550 servanda,

386 4561 476 4614 est
500 4572 684 4646 mens
704 4572 950 4646 sua,qne
993 4575 1102 4646 nos
1127 4557 1216 4620 vel
1244 4577 1351 4638 per
1372 4561 1745 4641 phantasiam
1770 4563 2030 4646 aliquam

386 4643 640 4705 latenter
661 4643 824 4706 fallat
845 4644 1217 4722 inimicus,et
1235 4648 1295 4709 in
1309 4650 1661 4730 perditionis
1683 4643 2030 4717 baratbrum

383 4733 891 4815 prmeipitetl‘lam
920 4735 971 4797 si
1004 4736 1266 4800 absurda
1295 4741 1587 4820 quaepiam
1619 4743 1897 4822 cogitatio
1930 4745 2030 4806 in-

380 4825 606 4886 vaserit
636 4825 853 4900 nos,ad
887 4833 1122 4907 turpem
1155 4828 1546 4908 cupiditatem
1572 4832 1882 4911 instigans,
1918 4851 2031 4896 nos

380 4928 525 4976 vero
553 4915 748 4976 statim
774 4913 846 4976 ab
866 4914 1038 4977 initio
1066 4934 1197 4979 eam
1229 4916 1534 4982 debellare
1565 4938 1682 4983 non
1707 4923 2033 4986 contenda-

381 5021 534 5081 mus,
572 5004 677 5066 sed
742 5005 901 5068 velut
948 5005 1186 5088 placide
1218 5007 1280 5069 in
1317 5009 1584 5072 animum
1617 5010 2024 5091 admittamus,

2118 4476 2324 4556 θρήνων
2346 4462 2513 4539 Ἵόίξιον
2545 4489 2562 4506 ⁶
2597 4471 2677 4529 διὸ
2709 4473 2856 4549 πάσῃ
2885 4471 3098 4552 φυλακῇ
3145 4471 3247 4528 τὶν
3289 4467 3518 4528 διάνοιαν

2275 4563 2466 4621 ἑαυτοῦ
2491 4561 2782 4642 τηρητέον,
2813 4545 3083 4637 μὴ’λάθη
3113 4561 3203 4618 καὶ
3231 4557 3317 4617 διὰ
3362 4554 3615 4642 φαντασίας
3642 4545 3700 4642 ,δή

2113 4676 2257 4718 τινος
2287 4651 2490 4728 κλέψας
2523 4635 2666 4728 ἡμᾶς
2697 4653 2725 4709 6
2757 4635 2976 4732 ἐχθρὸς,
3020 4635 3108 4708 καὶ
3139 4651 3214 4712 εἷς
3257 4651 3319 4707 τὸ
3365 4635 3459 4718 τῆς
3489 4635 3703 4732 ἀπωλείας

2126 4743 2447 4824 καταγαγὼν
2498 4728 2827 4822 βάραθρονοη
2855 4728 2972 4804 Κᾶν
3042 4741 3144 4820 γὰρ
3213 4740 3411 4805 ἄτοπός
3465 4759 3537 4800 τις
3595 4728 3704 4824 ἡμῖν

2112 4815 2399 4913 ἐγγένηται
2451 4815 2711 4910 λογισμδς
2786 4833 2859 4896 εἰς
2935 4815 3214 4906 ἐπιθυμίαν
3285 4830 3567 4918 ἀκόλαστον
3613 4815 3707 4918 ἔρξ’

2111 4908 2293 4998 θέζξον,
2325 4924 2492 4998 ἡμεῖς
2533 4908 2596 4976 δὲ
2639 4920 2719 4997 μὴ
2771 4921 2871 4989 τὴν
2902 4920 3124 5000 πρώτην
3169 4919 3316 4985 εὐθὺς
3361 4908 3708 5000 Extrahit-99;!"

2114 4991 2200 5074 vat
2243 4991 2416 5086 τούτω
2472 4991 2885 5089 σπουδνάσωμεν,
2922 4991 3042 5067 ἀλλ’
3100 5007 3223 5066 οἷον
3278 5008 3507 5086 εὐμενῶς
3532 4991 3709 5054 Ραῦτὸν

1695 5174 1956 5238 VARUE
1999 5173 2437 5242 LEGTIONES.

457 5280 496 5308 ³³
527 5273 608 5339 al.
638 5275 936 5352 στείρωσιν.
1021 5289 1049 5320 ιι
1079 5276 1158 5343 al.
1191 5280 1379 5348 αὐτὴν,
1465 5291 1489 5320 ο
1521 5280 1600 5346 al.
1634 5286 1876 5345 πᾶοεσιν.
1959 5295 1986 5339 ρ
2013 5285 2097 5353 ιι,
2133 5285 2349 5363 εὐμενὲς
2381 5291 2440 5347 et
2469 5284 2731 5362 εδμαρῶς.

1606 5439 1811 5505 JOAN.
1862 5442 2236 5512 BOLLANDI
2279 5441 2525 5510 NOTAE.

461 5538 586 5618 (81)
616 5541 941 5618 Sequentia
975 5544 1199 5607 desunt
1225 5545 1288 5607 in
1317 5547 1644 5627 Lipomano
1677 5558 1736 5612 et
1764 5549 1966 5620 Surio.
1999 5551 2086 5618 Ex
2117 5551 2324 5619 Graeco
2354 5567 2470 5616 tu.
2495 5567 2534 5614 ι
2560 5548 2734 5612 nobis
2762 5547 3010 5616 inserta.
