3972 6130
205 289 316 357 649

1503 294 1691 362 VITA
1734 295 1795 358 S.
1842 292 2254 358 EUTHYMII.

3437 291 3557 357 650

202 434 267 504 τῇ
324 424 526 500 διανοίᾳ
598 427 1034 508 παραδεξώμεθα,
1097 429 1350 506 οὐμενοῦν
1417 429 1679 509 ἐλεύθεροι
1737 454 1827 490 κα·

1927 449 2299 513 nequaquam
2361 427 2586 490 erimus
2634 445 2668 487 a
2698 433 2944 506 peccato
2975 425 3276 488 immunes
3305 443 3321 500 ;
3354 443 3558 488 verum

200 529 310 579 κίας
367 516 624 592 ἐσομεθα,
657 517 794 574 ἀλλὰ
837 520 925 575 καὶ
957 518 1166 594 σώματι
1199 519 1278 593 μὴ
1310 518 1837 598 πλησιάζοντες,-ὼς

204 607 615 682 πεπορνευκότες
647 609 780 663 κατὰ
811 606 1046 664 διάνοιαν
1083 611 1463 686 κριθησόμεθα.

272 694 410 756 EE’.
460 693 714 772 Ἐπεξῄει
771 694 826 752 δέ
882 719 931 752 τι
993 699 1078 753 καὶ
1137 705 1376 756 τοιοῦτον
1421 699 1628 764 αὐτοῖς·
1663 699 1837 779 ⁸Ὀπερ

196 784 332 862 ἐμοὶ,
365 785 524 861 φησὶ,
560 788 688 866 Δτῶν
741 787 1039 864 Αἰγυπτίων
1082 787 1222 851 τινὲς
1273 789 1537 866 γερόντων
1568 789 1698 845 ποτὲ
1751 787 1836 845 δι-

197 873 491 947 ηγήσαντο,
557 863 653 930 Ἠν
708 897 789 936 τις
821 863 902 931 γὲν
959 874 1138 954 πόλει,
1211 863 1470 952 βίου’μὲν
1513 878 1657 954 παρὰ
1705 884 1833 934 πᾶσι

195 963 494 1034 θαυμαστοῦ
555 964 929 1040 νομιζόμενος,
965 965 1050 1020 καὶ
1094 963 1304 1031 πολλὴν
1356 963 1509 1033 δῆθεν
1538 968 1670 1043 πρὸς
1703 969 1832 1022 Θεὸν

195 1048 497 1120 πλουτήσας
555 1053 653 1119 τὴν
699 1054 1006 1120 οἰκειότητα
1041 1069 1055 1084 ⁸
1111 1055 1284 1110 πυκνὰ
1317 1051 1370 1109 δὲ
1403 1068 1524 1119 ταῖς
1556 1054 1830 1122 ἀληθείαις

194 1143 522 1217 παροργίζων
575 1143 734 1201 αὐτὸν
790 1143 843 1198 ὲν
901 1151 978 1217 τῷ
1007 1151 1222 1220 κρυπτῷ
1254 1146 1512 1220 κινήματι
1564 1151 1663 1213 τῆς
1695 1168 1829 1223 καρ-

195 1225 322 1301 δίας,
383 1227 470 1286 διὰ
530 1232 629 1299 τῆς
684 1234 814 1306 πρὸς
875 1234 996 1296 τοὺς
1051 1232 1281 1312 φαύλους
1339 1233 1631 1312 λογισμοὺς
1687 1235 1832 1314 τάχα

193 1318 627 1390 συγκαταθέσεως
661 1341 677 1357 ο
726 1321 865 1378 ὥστε
918 1323 1016 1377 κᾶν
1045 1323 1123 1397 μῆ
1165 1331 1242 1396 τῷ
1271 1322 1433 1401 ἔργῳ,
1468 1322 1590 1378 ἀλλ’
1633 1331 1720 1379 οὖν
1766 1327 1832 1399 τῇ

194 1405 387 1480 διανοίᾳ
427 1409 624 1486 ῥᾳδίως
671 1413 1043 1488 πλημμελεῖν.
1104 1415 1296 1492 Βαρείᾳ
1353 1421 1480 1491 γοῦν
1538 1416 1564 1470 6
1596 1413 1832 1476 τοιοῦτός

195 1517 315 1552 ποτε
360 1497 503 1572 νόσῳ
547 1504 878 1577 περιπεσὼν,
927 1506 1054 1580 περί
1100 1502 1195 1566 τὰς
1268 1503 1508 1580 ἐσχάτας
1565 1502 1833 1565 ἀναπνοὰς

191 1584 273 1657 ἧν,
334 1588 418 1642 καὶ
480 1586 591 1654 ἤδη
670 1591 804 1667 πρὸς
874 1591 1097 1646 θάνατον
1158 1588 1403 1650 ἔϐλεπεν,
1465 1587 1724 1667 Ὀδυρμὸς
1781 1588 1835 1644 δὲ

193 1688 412 1755 κατεῖχε
443 1677 548 1744 τήν
600 1677 782 1752 πόλιν,
843 1681 931 1735 καὶ
971 1679 1152 1746 ἡλικία
1194 1685 1338 1734 πᾶσα
1393 1678 1651 1735 ἐκόπτετο
1685 1696 1697 1709 ’
1747 1680 1836 1735 καὶ

1923 523 2064 583 licet
2093 537 2346 600 corpore
2376 537 2494 579 non
2544 517 3002 596 conjungamur,
3037 523 3238 577 tamen
3267 521 3331 576 ut
3359 514 3560 577 animo

1922 611 2199 673 fornicati
2227 607 2659 689 judicabimur.

2002 698 2179 763 LXV.
2216 697 2428 760 Narrat
2465 696 2683 758 deinde
2713 694 2788 756 iis
2820 695 2940 756 tale
2972 694 3144 771 quid,
3180 695 3342 775 quod
3385 695 3556 776 mihi,

1922 789 2140 870 inquit,
2173 787 2511 849 retulerunt
2540 784 2860 867 aliquando
2903 783 3142 864 quidam
3178 784 3434 864 {Egyptii
3463 802 3561 846 se-

1916 897 2025 940 nes
2039 878 2182 955 (82).
2221 876 2357 939 Erat
2380 875 2599 954 aliquis
2618 879 2679 934 in
2697 873 2957 947 civitate,
2992 873 3127 935 vitae
3147 873 3389 954 quidem
3404 879 3558 953 apud

1917 986 2125 1029 omnes
2148 964 2516 1028 admirandae
2537 961 2988 1043 liabitus,quasi
3013 961 3268 1042 plurima
3289 982 3422 1024 cum
3435 963 3558 1024 Deo

1917 1057 2317 1118 familiaritate
2333 1054 2573 1133 ditatus;
2598 1070 2809 1113 revera
2830 1060 3026 1114 autem
3050 1051 3400 1132 frequenter
3421 1071 3556 1116 eum

1915 1146 1989 1206 ad
2020 1145 2171 1206 iram
2198 1160 2530 1224 provocans
2550 1142 2613 1202 in
2635 1140 2874 1202 occulto
2898 1139 3104 1202 cordis
3123 1149 3560 1222 motu,propter

1917 1235 2098 1295 citum
2162 1234 2356 1313 pravis
2413 1229 2877 1311 cogitationibus
2929 1231 3466 1306 assensum;adeo
3495 1240 3560 1293 ut

1915 1341 2250 1403 quanquam
2275 1341 2392 1382 non
2415 1319 3555 1401 opere,atcogitationefacilepeccaret.

1915 1413 1969 1473 Is
1989 1413 2188 1492 itaque
2214 1410 2379 1490 gravi
2403 1409 2646 1470 tandem
2669 1406 2880 1469 morbo
2904 1409 3312 1488 correptus,in
3337 1409 3563 1472 ultimis

1915 1507 2049 1561 vita;
2082 1499 2368 1561 halitibus
2395 1497 3027 1576 versabatur,jamque
3049 1497 3119 1558 ad
3146 1505 3398 1560 mortem
3419 1515 3561 1578 spe-

1917 1587 2361 1652 ctabat.Urbem
2395 1606 2530 1650 vero
2555 1586 2798 1648 tenebat
2822 1585 3564 1668 comploratio,omnisque

1917 1686 2058 1740 etas
2086 1677 2445 1758 plangebat;
2471 1675 2670 1738 cuncti
2690 1684 2830 1738 ante
2846 1675 3068 1751 virum,
3098 1678 3147 1736 si
3172 1676 3304 1737 ﬁeri
3335 1687 3560 1755 posset,

194 1770 277 1820 τοῦ
330 1762 541 1842 ἀνδρὸς,
592 1765 749 1844 εἴπερ
796 1765 915 1823 οἶόν
958 1789 1042 1842 τε,
1074 1769 1580 1845 προαναρπασθῆναι
1637 1768 1827 1832 πάντες

1919 1776 2110 1829 morte
2141 1765 2334 1847 abripi
2368 1765 2751 1846 exoptabant,
2807 1767 2992 1827 satius
3047 1767 3157 1827 rati
3189 1766 3303 1826 hoc
3331 1764 3558 1840 subire,

193 1854 518 1934 επτδύχοντο,
550 1855 764 1932 βέλτιον
815 1858 1098 1934 ἡγούμενοι
1144 1879 1297 1914 τουτο
1332 1860 1548 1936 παθεῖν,
1585 1857 1617 1924 ἢ
1650 1856 1833 1935 ἀνδρὸς

193 1941 322 1997 οὕτω
378 1941 465 1999 διὰ
535 1945 718 2012 πάσης
789 1944 1047 2019 ᾀδομένου
1103 1945 1356 2024 γλώττης
1415 1946 1516 2012 τὴν
1574 1944 1834 2022 ἐκδημίαν

193 2028 238 2052 9"
444 2039 468 2049 υ
559 2033 584 2052 ἢ
813 2042 833 2051 υ
923 2033 969 2053 Nl
1397 2035 1410 2056 1
1587 2041 1612 2052 ~

195 2045 340 2092 ιοετν.
392 2042 509 2090 Των
554 2053 872 2113 οιορατικων
917 2053 972 2090 οε
1013 2057 1093 2097 τις
1154 2035 1209 2090 ἐν
1252 2057 1494 2106 τοσουτῳ
1551 2057 1620 2112 τῃ
1676 2034 1832 2092 πόλει

190 2120 533 2197 παρακαλῶν,
581 2124 679 2180 καί
724 2127 784 2180 τὸ
839 2125 968 2202 βαρὺ
1026 2134 1182 2184 τοῦτο
1211 2126 1299 2181 καὶ
1329 2122 1610 2198 πάνδημον
1641 2124 1830 2189 πένθος

191 2210 318 2286 ὁρῶν
355 2230 369 2246 ο
433 2209 625 2268 ἔπειτα
682 2214 771 2268 καὶ
814 2215 875 2268 τὸ
911 2213 1114 2282 πλῆθος
1167 2213 1373 2270 ἀκούων
1415 2213 1534 2288 μετ’
1586 2215 1828 2291 οἰμωγῆς

191 2295 388 2355 ἐκεῖνον
446 2299 620 2366 οὕτως
680 2301 1103 2376 ἀνακλαιόμενον
1137 2319 1150 2333 ⁸
1210 2293 1272 2356 Ὠ
1303 2301 1456 2380 ἅγιος
1486 2308 1499 2363 l
1534 2304 1562 2359 6
1592 2305 1776 2378 Πατήρ
1811 2303 1824 2361 ί

194 2388 218 2441 6
258 2389 434 2465 σωτὴρ
479 2392 507 2445 6
553 2390 817 2467 ἡμέτερος
850 2396 862 2452 l
922 2399 980 2447 οὗ
1015 2397 1078 2468 τῇ
1109 2390 1358 2469 πρεσϐείᾳ
1388 2402 1413 2444 q
1444 2392 1635 2454 πάντες
1671 2392 1833 2466 ἐσμὲν

193 2476 472 2552 σωζόμενοι
505 2497 522 2513 ·
557 2481 685 2535 ποία
716 2479 903 2536 λοιπὸν
947 2482 1084 2552 ἡμῖν
1137 2480 1285 2537 ἕσται
1337 2482 1602 2560 σωτηρίας
1630 2479 1780 2544 ελπίς
1813 2499 1828 2556 ;

195 2568 309 2621 ποία
363 2569 496 2641 μετὰ
587 2568 775 2626 τοῦτον
850 2569 1112 2649 ἀσφάλεια
1147 2592 1172 2644 ;'
1213 2577 1390 2628 Ταῦτα
1445 2573 1472 2627 6
1531 2569 1831 2648 διορατικὸς

196 2655 385 2719 ἐκεῖνος
417 2659 554 2737 ἀνὴρ
586 2657 710 2715 ἰδών
739 2681 796 2715 τε
831 2659 928 2716 καί
957 2660 1213 2735 ἀκούσας,
1260 2661 1423 2736 ἀπῄει
1469 2661 1604 2736 μετὰ
1658 2683 1829 2717 σπου-

198 2741 285 2810 δῆς
337 2747 452 2824 παρ’
486 2749 675 2820 αὐτὸν,
738 2749 904 2828 εὐχῆς
947 2748 1234 2816 ἂξιωθῆναι
1269 2772 1411 2813 τινος
1463 2751 1549 2806 καὶ
1583 2749 1825 2828 εὐλογίας

199 2837 664 2913 κατεπειγόμενος.
723 2837 873 2894 Ἐπεὶ
917 2835 972 2892 δὲ
1020 2835 1121 2905 ἤδη
1180 2841 1268 2894 καὶ
1324 2837 1554 2905 πλησίον
1587 2840 1674 2918 ἦν,
1725 2842 1822 2914 ὁρᾷ

202 2920 292 2992 μὲν
318 2924 431 2987 τοὺς
463 2927 878 3006 λαμπροτάτους
924 2933 1028 2983 τῶν
1087 2926 1345 3001 πολιτῶν,
1380 2930 1474 3005 ὁρᾷ
1505 2927 1558 2982 δὲ
1591 2929 1680 2983 τὸν
1712 2935 1817 2983 τῶν

199 3009 363 3085 ἱερέων
416 3012 644 3093 κλῆρον,
704 3018 834 3094 πρὸς
894 3015 949 3072 δὲ
1021 3019 1106 3073 καὶ
1158 3018 1316 3075 αὒτὸν
1365 3019 1458 3072 τὸν
1502 3016 1818 3091 ἐπίσκοπον,

1917 1875 2093 1937 quam
2123 1856 2386 1918 hominis
2438 1856 2524 1918 sic
2572 1873 2680 1936 per
2709 1873 2949 1917 omnem
2981 1854 3246 1932 linguam
3278 1853 3563 1916 celebrati

1917 1963 2170 2008 cernere
2203 1963 2542 2007 excessum.
2579 1946 2815 2006 Interea.
2849 1943 3082 2024 quidam
3116 1943 3391 2023 egregius
3413 1961 3562 2005 con-

1914 2042 2032 2096 tem
2041 2035 2235 2114 plator
2248 2035 2459 2096 urbem
2483 2035 2884 2112 ingressus,et
2897 2033 3108 2094 videns
3131 2052 3367 2113 gravem
3390 2033 3558 2095 illum

1916 2123 2346 2203 publicumque
2377 2123 2624 2198 luctum;
2655 2121 2906 2185 audiens
2928 2121 3149 2184 deinde
3179 2133 3242 2184 et
3274 2123 3560 2204 populum

1916 2230 2050 2273 cum
2071 2212 2293 2292 ejulatu
2317 2218 2395 2273 ita
2416 2213 2492 2274 de
2515 2231 2585 2274 eo
2609 2214 3040 2274 lamentantem
3073 2233 3086 2274 :
3122 2209 3168 2275 Ο
3192 2211 3448 2274 Sanctus
3475 2213 3489 2270 ί
3526 2231 3558 2273 ο

1918 2299 2108 2361 Pater!
2136 2320 2168 2361 ο
2195 2311 2467 2363 servator
2487 2310 2692 2363 noster
2726 2301 2738 2363 !
2767 2301 2940 2379 cujus
2961 2300 3036 2362 ad
3059 2300 3244 2363 Deum
3265 2303 3559 2381 depreca-

1919 2389 2082 2452 tione
2110 2391 2376 2452 salvandi
2407 2409 2612 2452 sumus
2643 2391 2841 2452 cuncti
2873 2411 2885 2452 :
2921 2397 3055 2469 qua;
3085 2389 3258 2450 nobis
3312 2391 3560 2470 posthac

1917 2479 2033 2541 erit
2051 2479 2258 2541 salutis
2281 2480 2732 2560 spes?quaenam
2751 2491 2884 2559 post
2904 2480 3066 2541 hunc
3087 2479 3409 2541 securitas?
3421 2479 3558 2541 Haec

1915 2568 2004 2628 vir
2026 2567 2127 2632 ille
2157 2571 2652 2651 contemplativus
2681 2569 2890 2631 videns
2919 2577 2977 2630 et
2998 2568 3279 2647 audiens,
3315 2568 3390 2631 ad
3423 2587 3556 2631 eum

1913 2659 2120 2721 sedulo
2148 2658 2737 2741 pergit,precationis
2767 2666 2870 2720 aut
2900 2657 3347 2720 benedictionis
3375 2658 3560 2720 alicu-

1904 2748 2005 2828 jus
2033 2748 2474 2828 consequendae
2508 2764 2686 2809 causa
2716 2764 3071 2828 properans.
3127 2749 3206 2809 Ut
3265 2765 3406 2809 vero
3431 2750 3556 2826 jam

1906 2855 2095 2917 prope
2125 2838 2461 2912 fuit,cernit
2488 2837 2738 2917 quidem
2774 2835 2996 2898 civium
3022 2837 3557 2909 clarissimos,cer-

1907 2927 1992 2987 nit
2024 2927 2203 2988 etiam
2236 2927 2617 2988 sacerdotum
2649 2926 3340 3006 clerum,praetereaque
3362 2926 3556 3008 ipsum

1906 3015 2278 3097 episcopum,
2313 3022 2413 3095 qui
2448 3016 2610 3078 faces
2645 3014 2921 3076 manibus
2952 3018 3289 3096 gestabant,
3327 3023 3386 3076 et
3417 3035 3557 3078 cor-

203 3094 462 3172 λαμπάδας
509 3103 600 3159 διὰ
657 3107 840 3184 χειρὸς
897 3104 1150 3184 ἔχοντας,
1194 3105 1288 3164 καί
1318 3106 1420 3172 τὴν
1449 3114 1542 3163 τοῦ
1573 3106 1822 3181 σώματος

1919 3094 2522 3199 poris_deductionem
2557 3104 2991 3199 exsequiasque
3037 3094 3554 3199 praestolabantur.

204 3193 509 3263 προπομπὴν
604 3192 983 3267 ἀναμένοντας.

209 3275 384 3342 πλῆθγ
461 3283 554 3338 καὶ
687 3285 714 3339 ὸ
833 3285 846 3302 “
1012 3285 1022 3302 ’
1272 3286 1285 3306 ’
1358 3283 1388 3340 λ
1435 3287 1449 3305 ‘
1625 3309 1632 3322 ν
1695 3288 1701 3298 ’

366 3323 409 3355 τ,
612 3306 682 3362 πρ
719 3305 744 3346 ς
799 3305 889 3340 τον
943 3304 1186 3358 κειμενον
1245 3305 1353 3341 εισε
1393 3288 1522 3365 θων,
1598 3287 1822 3362 εδρισκει

215 3365 301 3437 μὲν
328 3371 466 3426 αὒτὸν
510 3371 697 3450 ὀλίγον
751 3371 829 3428 ἔτι
881 3372 1184 3446 ἐμπνέοντα
1217 3390 1232 3405 ⁶
1267 3372 1454 3450 βλέπει
1490 3372 1546 3429 δέ
1575 3397 1624 3430 τι
1653 3373 1824 3446 θέαμα

219 3470 442 3527 κρυπτοῖς
505 3460 834 3540 ὀφθαλμοῖς,
865 3463 953 3518 καὶ
996 3460 1128 3519 ἰδεῖν
1172 3460 1417 3542 φοϐερὸν,
1470 3465 1557 3519 καὶ
1602 3463 1824 3519 ἀκοῦσαι

216 3538 425 3621 δακρύων
467 3548 632 3616 ἄξιον.
683 3548 886 3608 Ἐδόκει
936 3553 1036 3629 γάρ
1088 3574 1170 3615 τις
1216 3555 1358 3626 αὐτῷ
1389 3553 1604 3630 πύρινον
1637 3555 1757 3608 οἷον
1799 3565 1823 3594 ι’

209 3632 471 3715 τριόδοντα,
564 3642 638 3704 εἰς
724 3641 820 3708 τὴν
879 3641 1080 3697 ἐκείνου
1150 3641 1386 3698 καθιέναι
1439 3639 1677 3719 καρδίαν,
1733 3643 1822 3697 καὶ

206 3722 292 3808 τὴν
321 3729 521 3808 ψυχὴν,
559 3736 658 3808 φεῦ
691 3730 704 3790 ί
753 3730 938 3806 βιαίως
971 3729 1174 3787 ἐκεῖθεν
1204 3732 1292 3787 καὶ
1323 3736 1524 3808 πικρῶς
1556 3730 1819 3801 ἆνασπᾷν’

205 3807 370 3872 ἔπειτα
417 3820 506 3876 καὶ
565 3824 750 3899 φωνῆς
802 3819 1004 3877 ἄνωθεν
1061 3820 1295 3878 ἀκούειν.
1359 3818 1461 3877 "Ov
1503 3820 1699 3896 τρόπον
1729 3820 1824 3876 οὐκ

201 3899 441 3963 ἀνέπαυσε
498 3930 592 3984 με,
635 3908 922 3989 λεγούσης,
983 3912 1018 3978 ἡ
1075 3911 1228 3989 ψυχὴ
1289 3908 1422 3977 αὕτη
1454 3911 1624 3985 μόνην
1669 3906 1822 3968 οὐδε-

204 3990 313 4066 μίαν
365 3997 596 4078 ἡμέραν,
668 4001 759 4056 τὸν
846 3999 1004 4056 αὐτὸν
1077 3997 1249 4069 δήπου
1305 3998 1500 4077 τρόπον
1565 3997 1702 4075 μηδὲ
1762 4000 1823 4054 σὺ

201 4083 360 4161 παύσῃ
409 4088 728 4168 σπαράττων
759 4089 927 4156 αὐτὴν
957 4091 1041 4147 οιαὶ
1071 4088 1308 4169 σφοδρῶς
1340 4087 1511 4146 ἕλκων
1543 4091 1626 4145 καὶ
1655 4110 1825 4164 τιμω-

203 4171 437 4246 ρούμενος
447 4220 461 4236 .

271 4263 419 4337 Ξς·’.
453 4276 631 4327 Ταῦτα
679 4271 812 4347 πρὸς
843 4270 966 4333 τοὺς
1009 4268 1274 4348 παρόντας
1309 4274 1414 4325 τῶν
1442 4267 1684 4346 ἀδελφῶν
1718 4270 1822 4326 Εὖ-

199 4348 368 4424 θύμιος
400 4352 669 4423 διεξῆλθεν
702 4377 715 4391 ·
752 4361 874 4414 εἶτα
906 4357 998 4414 καί
1038 4356 1402 4435 παραινέσεως
1435 4356 1556 4423 ἑξῆς
1597 4355 1819 4436 ἥπτετο,

1073 3194 1212 3251 Εἶτα
1303 3196 1690 3272 παρωσάμενος
1764 3196 1821 3251 τὸ

1919 3192 2136 3254 Deinde
2169 3193 2447 3254 submota
2473 3191 2668 3263 turba,
2707 3201 2762 3254 et
2793 3192 2866 3253 ad
2890 3193 3192 3271 jacentem
3224 3193 3552 3272 ingressus,

1908 3281 2138 3344 invenit
2161 3301 2297 3343 eum
2335 3281 2581 3362 paulum
2630 3282 2830 3344 adhuc
2857 3281 3233 3364 spirantem;
3268 3285 3428 3344 videt
3455 3301 3555 3343 au-

1911 3378 2033 3432 tem
2064 3371 2320 3432 internis
2344 3371 2718 3451 occultisque
2734 3371 2922 3433 oculis
2939 3373 3343 3452 spectaculum
3366 3372 3551 3452 quod-

1910 3461 2067 3535 dam,
2105 3470 2162 3522 et
2195 3461 2319 3521 visu
2345 3460 2749 3535 horridum,et
2777 3460 2982 3521 auditu
3015 3460 3550 3541 lacrymabile.Vi-

1904 3549 2156 3611 debatur
2187 3554 2345 3609 enim
2379 3550 2456 3619 ei,
2492 3549 2653 3625 quod
2685 3549 2931 3626 quidam
2963 3555 3202 3628 igneum
3235 3551 3394 3614 velut
3424 3552 3539 3615 tri-

1905 3639 2145 3701 dentem
2197 3638 2256 3698 in
2307 3637 2579 3699 hominis
2641 3637 2801 3700 illius
2835 3657 2938 3701 cor
2968 3639 3330 3713 demitteret,
3364 3649 3540 3722 atque

1905 3727 2046 3790 inde
2076 3728 2334 3790 animam
2371 3728 2562 3808 (heu!)
2589 3727 2883 3790 violenter
2914 3728 3365 3806 crudeliterque
3395 3730 3553 3793 evel-

1907 3817 2058 3880 leret
2085 3838 2100 3893 ;
2133 3815 2414 3898 quodque
2448 3826 2654 3897 postea
2684 3817 2918 3880 audiret
2953 3817 3186 3880 caelitus
3217 3819 3553 3895 vocem,di-

1908 3914 2142 3970 centem
2193 3925 2206 3966 :
2273 3905 2793 3978 Quemadmodum
2845 3907 3044 3969 anima
3103 3909 3229 3969 haec
3263 3927 3339 3970 ne
3394 3909 3554 3972 diem

1908 3997 2149 4078 quidem
2183 4014 2368 4058 unum
2397 4014 2492 4056 me
2535 3995 2672 4058 sivit
2701 3995 3035 4077 quiescere,
3073 3997 3151 4058 ita
3182 4015 3294 4060 nec
3325 4007 3383 4058 tu
3418 4017 3554 4060 ces-

1910 4104 2008 4148 ses
2065 4085 2224 4147 illam
2285 4085 2600 4160 dilaniare,
2667 4085 2995 4148 crudeliter
3023 4086 3394 4168 discerpere,
3428 4096 3554 4149 tor-

1910 4175 2128 4237 mentis
2153 4173 2415 4236 afﬁcere.

1990 4263 2190 4328 LXVI.
2225 4261 2365 4327 Haec
2412 4262 2808 4346 praesentibus
2860 4264 3145 4327 fratribus
3204 4264 3558 4347 Euthymiua

1908 4353 2206 4417 enarravit
2230 4371 2243 4412 :
2271 4353 2489 4415 deinde
2516 4371 2654 4415 vero
2684 4370 2933 4414 monere
2958 4371 3062 4415 eos
3084 4354 3558 4435 ccepit,suadens

201 4449 564 4514 προσεκτικοὺς
619 4448 805 4512 αὐτοὺς
851 4447 995 4504 εἶναι
1051 4449 1140 4503 καὶ
1169 4449 1242 4509 εἰς
1275 4445 1360 4502 ἂιεῖ
1394 4448 1671 4524 εὐτρεπεῖς
1703 4447 1824 4524 περὶ

1919 4459 1970 4506 ut
1990 4449 2198 4506 attenti
2220 4457 2413 4504 essent
2438 4461 2781 4518 semperque
2804 4447 2873 4504 ad
2899 4447 3103 4504 animae
3127 4464 3430 4507 excessum
3457 4465 3556 4520 pa-

200 4526 285 4617 :ﬁiv
325 4532 420 4597 τῆς
481 4538 665 4614 ψυχῆς
723 4533 900 4601 ἔξοδον
957 4539 1396 4614 προμηθούμενος
1433 4555 1446 4568 ⁸
1484 4515 1822 4615 modum},

1919 4534 2044 4608 rati,
2080 4534 2290 4596 dicens
2329 4553 2342 4595 :
2377 4515 2733 4596 JEmilianus
2765 4533 2878 4595 iste
2907 4533 3075 4596 vobis
3125 4537 3406 4617 exemplo
3436 4515 3551 4610 sit;

201 4611 382 4694 λέγων,
411 4611 724 4701 οὗτος-ὑμῖν
768 4611 1073 4704 ὑπόδειγμα
1112 4625 1250 4682 ἔστω
1287 4643 1300 4657 ·
1333 4625 1392 4680 ὃν
1423 4625 1511 4681 καὶ
1539 4622 1624 4680 διὰ
1665 4611 1822 4682 τοῦτο

1919 4640 2090 4702 quem
2117 4622 2250 4683 ideo
2281 4622 2462 4702 plane
2497 4623 2768 4701 permisit
2807 4624 2968 4685 Deus
2993 4626 3070 4685 ita
3098 4623 3254 4686 foede
3287 4611 3343 4686 et
3377 4626 3560 4686 mise-

202 4706 399 4794 πάντως
443 4715 470 4769 ὁ
516 4715 646 4778 Θεὸς
704 4713 968 4792 περιεῖδεν
1008 4715 1247 4794 αἰσχρῶς
1278 4713 1477 4772 οὑτωσὶ
1502 4713 1600 4770 καῖ
1629 4713 1821 4778 ἀθλίως

1919 4710 2180 4773 rabiliter
2200 4711 2261 4772 in
2293 4711 2565 4772 omnium
2593 4719 2855 4772 vestrum
2888 4713 3077 4774 oculis
3105 4731 3140 4774 a
3169 4733 3322 4777 saevo
3351 4715 3555 4794 impu-

201 4791 257 4886 ἐν⁸
289 4812 402 4864 τοῖς
445 4803 697 4862 ἁπάντων
739 4791 888 4879 ὑμῶν
943 4791 1238 4886 ὀφθαλμοῖς
1268 4804 1370 4861 ὖπδ
1421 4813 1514 4862 τοῦ
1553 4803 1651 4872 τῆς
1695 4804 1819 4883 φίλ’

1919 4799 2132 4863 iicitiaa
2153 4799 2424 4862 daemone
2445 4799 2788 4880 opprimi.ut
2805 4819 2904 4861 vos
2921 4801 3264 4863 efﬁciamini
3279 4791 3558 4864 meliores

201 4881 397 4954 ηδονίας
454 4897 879 4973 κατεργασθῆναι
933 4881 1126 4974 πίκροῦ
1199 4893 1469 4971 δαίμονος,
1521 4892 1599 4948 ’ἶν’
1674 4881 1826 4954 αὗτοὶ

1919 4897 2088 4970 atque
2113 4908 2184 4951 ex
2207 4891 2340 4969 ejus
2360 4888 2654 4969 supplicio
2677 4888 2908 4950 lucrum
2923 4891 3347 4971 reportetis.At
3365 4892 3550 4963 enim,

204 4973 413 5050 γένησθε
454 4982 716 5059 βελτίους,
765 4985 850 5042 καὶ
893 4985 1001 5042 ἀπὸ
1038 4973 1157 5054 τῆς
1217 4986 1290 5050 εἷς
1352 4985 1510 5041 αὐτὸν
1569 4985 1827 5062 τιμωρίας

1919 4979 2130 5058 inquit,
2164 4978 2352 5040 Deum
2387 4996 2653 5053 oremus,
2685 4987 2750 5039 ut
2790 4978 2842 5039 is
2863 4986 2951 5041 vir
2973 4998 3007 5040 a
3030 4979 3247 5042 talibus
3268 4981 3556 5043 liberetur

201 5062 346 5137 ὑμεῖς
401 5070 710 5150 κερδάνητε.
773 5071 943 5135 Ἀλλὰ
1000 5075 1100 5152 γὰρ
1159 5071 1456 5150 δεηθῶμεν,
1524 5074 1678 5154 φησὶ,
1736 5079 1827 5129 τοῦ

1919 5068 2258 5131 insidiis.Et
2279 5067 2379 5128 ille
2413 5066 2657 5146 quidem
2684 5067 2882 5130 statim
2906 5087 3014 5150 pro
3031 5070 3210 5132 fratre
3233 5079 3322 5132 est
3340 5089 3554 5152 preca-

205 5158 348 5233 Θεοῦ,
409 5160 503 5228 τῆς
558 5163 809 5231 τοιαύτης
867 5161 1154 5232 ἐπιϐουλῆς
1212 5163 1467 5231 ἀνεθῆναι
1508 5163 1598 5219 τὸν
1643 5159 1824 5241 ἄνδρα,

1919 5157 2230 5222 tus.Totus
2257 5173 2392 5218 vero
2418 5154 2732 5218 confestim
2757 5155 2926 5220 locus
2949 5167 3099 5222 tetro
3131 5160 3316 5223 odore
3345 5161 3555 5242 plenus

1485 5266 1752 5332 VARUE
1799 5264 2238 5333 LECTIONES.

1007 5369 1025 5394 τ
1055 5358 1136 5425 al.
1169 5362 1240 5427 ὡς
1269 5360 1390 5418 οἷόν
1433 5381 1516 5420 τε.

1404 5446 1593 5512 JOAN
1603 5491 1620 5510 .
1663 5446 2044 5515 BOLLANDI
2083 5443 2332 5509 ΝΟΤΔΕ.

211 5548 424 5712 μὲῗὲἐο
447 5550 587 5697 13a);
615 5555 830 5699 ἕρπει
860 5554 1130 5636 Egypto,
1164 5555 1268 5620 aed
1301 5555 1456 5636 apud
1488 5558 1552 5620 S.
1588 5555 1976 5636 Enthymium
2039 5559 2287 5635 peracta
2312 5558 2586 5614 asserunt
2613 5550 2836 5615 Menaaa
2864 5560 2923 5616 et
2970 5555 3350 5638 Nicephorus
3378 5578 3558 5640 supra

426 5733 683 5803 ΡΑτιιοι..
720 5736 839 5814 Gn.
880 5736 1085 5803 CXIV.

275 5361 300 5405 (1
328 5353 403 5417 al.
435 5355 549 5421 ius.
585 5361 717 5440 πρὸς
765 5361 916 5423 Θεόν.

3154 5736 3223 5800 21
