3972 6130
334 254 448 325 653

1636 263 1823 329 VITA
1870 263 1930 325 S.
1976 261 2389 328 EUTHYMII.

3576 258 3695 328 654

329 393 573 470 δεόμενος
619 395 813 470 μόνης,
857 397 948 453 καὶ
999 396 1169 462 πάντα
1214 399 1305 453 τὸν
1356 396 1502 454 ἔλεον
1535 399 1679 460 εὐθὺς
1725 397 1960 475 δαψιλῶς

2059 395 2710 476 iccasione,statimque
2729 411 2969 456 omnem
2995 393 3230 456 abunde
3248 394 3561 457 eﬂ'undens
3583 397 3697 458 mi-

325 485 671 565 προϊέμενος,
721 485 1108 563 προσπέσωμεν
1151 486 1315 566 αὐτῷ,
1349 490 1436 543 καὶ
1492 491 1700 566 θερμῶς
1755 486 1962 554 δεηθὼ-

319 595 423 647 μεν
456 590 470 604 '
518 577 605 630 καὶ
635 573 743 630 οἵδ’
790 575 871 630 ὅτι
916 578 1304 654 συγγνώσεται,
1337 578 1424 633 καὶ
1467 578 1532 634 τὰ
1575 578 1763 634 ἑαυτοῦ
1794 579 1962 646 ποιή-

318 684 431 734 σει,
488 665 575 719 καὶ
631 665 842 743 βροχῆν
892 664 1128 744 ἀφοριεῖ,
1190 667 1277 721 καὶ
1333 670 1605 744 πατρικῶς
1648 668 1805 741 ἡμῶν
1836 689 1964 744 προ-

315 754 596 821 νοήσεται.
652 753 844 831 Ἐγγὺς
905 756 1005 832 γὰρ
1054 755 1238 833 Κύριος
1298 762 1426 810 πᾶσι
1486 769 1606 819 τοῖς
1665 755 1962 812 ἐπικαλου-

315 842 506 909 μένοις
551 845 728 914 αὗτὸν,
763 846 963 904 ὁθεῖος
1026 843 1127 921 ἔφη
1193 841 1373 918 Δαϐίδ,
1433 843 1487 900 ἐν
1545 843 1788 917 ἀληθείᾳ.
1845 846 1965 901 "Eu

317 928 376 985 δὲ
450 931 608 987 αὒτοῦ
668 930 948 1008 λέγοντος,
1021 930 1382 994 ὑπολαϐόντες
1445 933 1668 1005 ἐκεῖνοι,
1731 935 1964 1009 καθάπερ

316 1020 430 1075 ὑπὸ
457 1027 553 1093 μιᾷ
580 1027 648 1096 τῇ
680 1020 898 1098 γλώττῃ
959 1021 1053 1078 καί
1113 1027 1182 1098 τῇ
1213 1029 1386 1101 φωνῇ,
1424 1022 1589 1084 Αὐτὸς
1621 1023 1751 1100 ὑπὲρ
1786 1024 1959 1102 ἡμῶν,

317 1110 469 1184 τίμιε
523 1111 718 1188 Πάτερ,
783 1111 965 1190 εἷπον,
1025 1110 1270 1180 δεήθητι.
1317 1114 1388 1168 Τὸ
1443 1112 1542 1189 γὰρ
1599 1111 1809 1186 θέλημα
1862 1115 1966 1168 τῶν

316 1197 666 1277 φοϐουμένων
696 1203 852 1259 αὐτὸν
882 1214 1060 1257 ποιεῖν
1092 1199 1210 1258 οἶδε
1242 1201 1455 1262 πάντως
1485 1203 1512 1257 ὁ
1549 1204 1759 1279 Κύριος,

410 1376 525 1432 τθν
613 1384 713 1435 τ’
887 1380 899 1398 ‘
983 1379 996 1396 ‘
1177 1381 1200 1392 ”
1430 1376 1513 1433 δτ
1607 1379 1751 1434 "E-
1889 1382 1966 1434 ιὸ

407 1417 456 1431 ...
536 1421 550 1435 .
658 1399 787 1434 αυτα
817 1401 902 1434 και
950 1401 1009 1434 τα
1052 1401 1270 1437 τοιαυτα
1301 1400 1424 1454 παρι
1460 1400 1542 1434 ε.ν
1571 1401 1665 1437 ουκ
1744 1403 1855 1458 ιων

309 1467 470 1522 θεῖος
533 1465 812 1546 Εὐθύμιος,
860 1469 947 1523 καὶ
1003 1483 1080 1523 τω
1136 1466 1327 1537 πλήθει
1380 1468 1478 1542 μὲν
1509 1468 1780 1544 ἱκετηρίαν
1811 1468 1965 1525 ἐκτε-

309 1559 390 1620 τῆ
453 1554 840 1632 παραγγείλας,
908 1556 1064 1618 αὖτὸς
1108 1554 1161 1611 δὲ
1206 1560 1311 1612 τῶν
1369 1558 1627 1637 μοναχῶν
1674 1559 1796 1622 τοὺς
1825 1581 1964 1636 παρ-

311 1642 483 1706 όντας
551 1642 899 1722 παραλαϐὼν,
933 1643 1132 1702 εἴσεισι
1180 1647 1241 1702 σὺ
1293 1648 1570 1724 εὐκτήριον
1601 1647 1692 1703 σὺν
1724 1648 1909 1711 αὐτοῖς
1946 1669 1957 1682 ’

2047 484 2776 564 sericordiam,supplices
2801 484 2855 545 ei
2889 482 3560 564 procidamus,eumque
3580 483 3694 544 fer-

2048 575 2186 636 vide
2221 591 2499 654 oremus;
2558 583 2615 634 et
2671 573 2795 634 srio
2828 572 2956 634 fore
2986 579 3051 633 ut
3077 573 3373 651 ignoscat,
3409 579 3529 631 tum
3564 589 3696 651 quas

2047 682 2151 724 sua
2185 671 2321 725 sunt
2345 661 2928 741 faciat,imbremque
2959 661 3268 738 decernat,
3297 669 3478 742 atque
3508 660 3698 721 nostri

2051 761 2351 829 paternam
2377 760 2542 830 gerat
2576 769 2804 813 curam.
2836 749 2935 810 Est
2965 750 3126 811 enim
3160 750 3368 830 Prope
3403 750 3695 812 Dominus

2047 841 2326 902 omnibus
2346 841 2783 904 invocantibus
2805 858 2962 913 cum,
2988 839 3228 901 divinus
3257 840 3455 920 inquit
3477 837 3691 914 David,

2047 929 2112 990 in
2141 935 2403 992 veritate
2429 929 2601 990 25.Εο
2632 937 2830 990 autem
2863 928 3058 991 adhuc
3093 928 3494 1008 loquente,illi
3524 926 3691 989 exci-

2050 1019 2303 1098 pientes,
2355 1021 2535 1081 veluti
2583 1038 2699 1080 una
2757 1019 2958 1096 lingua
3010 1026 3067 1078 et
3096 1036 3241 1079 voce
3277 1037 3289 1077 :
3327 1017 3486 1097 Ipse,
3521 1017 3695 1079 dixe-

2049 1118 2209 1181 runt,
2248 1127 2353 1189 pro
2388 1108 2562 1170 nobis
2591 1126 2717 1182 ora,
2769 1107 3114 1169 venerande
3163 1107 3366 1170 Pater.
3397 1106 3694 1169 Volunta-

2051 1205 2170 1257 tem
2201 1199 2420 1278 quippe
2451 1216 2659 1260 eorum
2691 1199 2788 1277 qui
2823 1197 3033 1259 timent
3063 1197 3260 1276 ipsum
3313 1197 3510 1258 facere
3555 1213 3691 1256 om-

2052 1287 2195 1347 nino
2227 1290 2393 1348 novit
2421 1287 2729 1350 Dominus.

2131 1376 2335 1439 LXIX.
2371 1375 2509 1438 Haec
2533 1385 2591 1438 et
2607 1376 2828 1438 similia
2851 1395 2967 1437 non
3001 1376 3205 1438 valens
3227 1375 3467 1437 divinus
3488 1377 3693 1457 despi-

2051 1483 2191 1527 cere
2241 1465 2616 1545 Euthymius,
2679 1464 3048 1527 multitudini
3096 1465 3344 1541 quidem
3393 1467 3694 1526 intensam

2049 1554 2547 1634 supplicationem
2577 1554 3021 1635 praecepit,ipse
3051 1571 3190 1614 vero
3213 1554 3536 1634 assumptis
3559 1571 3695 1615 mo—

2049 1644 2253 1706 nachis
2285 1645 2385 1724 qui
2414 1645 2686 1719 aderant,
2720 1643 3054 1720 ingreditur
3107 1662 3240 1704 cum
3295 1643 3441 1722 ipsis
3493 1651 3697 1705 orato-

308 1734 412 1788 καὶ
453 1732 610 1808 ῥίψας
673 1734 858 1809 ἑαυτον
917 1734 1004 1790 ἐπὶ
1062 1739 1190 1814 γῆς,
1233 1733 1410 1791 ἐδεῖτο
1455 1737 1547 1790 σὺν
1605 1735 1820 1813 δάκρυσι
1873 1761 1964 1794 του

2059 1734 2202 1794 rium
2234 1755 2249 1808 ;
2284 1751 2467 1814 seque
2493 1733 2660 1794 humi
2687 1732 3038 1814 projiciens,
3076 1735 3265 1796 Deum
3322 1731 3532 1794 orabat
3560 1751 3697 1794 cum

311 1828 481 1879 Θεοῦ.
535 1823 630 1879 Καὶ
672 1828 740 1897 τῇ
783 1821 960 1892 δεήσει
1014 1826 1144 1888 Θεὸς
1175 1824 1411 1880 ἐπείθετο
1447 1841 1459 1856 ’
1494 1828 1580 1881 καὶ
1611 1825 1797 1883 αὐτίκα
1827 1825 1970 1904 ἦχός

309 1933 406 1972 τις
465 1912 636 1983 βιαίου
698 1913 999 1986 πνεύματος
1059 1913 1362 1988 ἐξηκούετο,
1425 1914 1510 1968 καὶ
1561 1921 1724 1992 νεφῶν
1781 1916 1808 1968 ὁ
1868 1915 1970 1982 ἀὴρ

310 1997 647 2075 ἐπληροῦτο,
708 2003 794 2057 καὶ
850 2011 877 2040 ιι
934 1999 1123 2078 λάϐρος
1181 2011 1204 2041 ν
1271 2003 1422 2065 ὑετὸς
1478 2003 1818 2082 κατεφέρετο,
1881 2006 1967 2059 καὶ

310 2086 504 2144 ὕδασιν
537 2090 791 2168 ἀφθόνοις
821 2091 855 2157 ἡ
887 2096 961 2169 γῆ
992 2089 1332 2166 ἐμεθύσκετο.

410 2263 494 2327 Ο’.
551 2265 812 2330 Ἀναστὰς
857 2267 1029 2323 τοίνυν
1080 2275 1175 2324 τοῦ
1215 2266 1439 2347 ἐδάφους
1470 2267 1699 2342 ἐκεῖνος,
1731 2272 1818 2326 καὶ
1851 2283 1968 2334 τοῖς

311 2353 517 2434 ὄχλοις
577 2355 850 2432 ἐπιφανείς
885 2371 896 2385 ⁸
961 2352 1120 2430 Ἰδοὺ,
1182 2358 1334 2436 φησὶ,
1387 2358 1578 2434 Κύριος
1642 2364 1746 2414 τῶν
1795 2360 1970 2438 εὐχῶν

310 2446 472 2518 ὑμῶν
530 2446 832 2509 ἐπακούσας
863 2455 910 2520 ι,
985 2445 1255 2522 ἐπισκοπῇ
1342 2447 1496 2502 αὐτου
1556 2447 1656 2512 τὴν
1709 2453 1810 2520 γῆν
1871 2448 1964 2502 ἐπ.

315 2533 614 2609 εσκέψατο,
647 2535 738 2589 καὶ
769 2533 986 2608 ἐμὲθοσε
1019 2536 1143 2596 τοὺς
1202 2535 1430 2600 αὔλακας
1483 2539 1670 2609 αὐτῆς,
1730 2537 1817 2592 καὶ
1877 2546 1968 2596 τοῦ

314 2621 606 2678 πλουτίσαι
666 2623 831 2689 αὐτὴν
887 2623 1174 2692 ἐπλήθυνεν
1212 2645 1225 2658 ·
1290 2624 1573 2702 εὐλογήσει
1637 2623 1690 2679 δὲ
1750 2628 1836 2681 καὶ
1877 2629 1968 2682 τὸν

317 2712 582 2787 στέφανον
639 2719 731 2768 τοῦ
785 2712 1026 2768 ἐνιαυτοῦ
1074 2713 1284 2791 τούτου,
1348 2714 1477 2789 ὑπὲρ
1543 2714 1663 2773 τοὺς
1724 2711 1912 2780 ἄλλους
1948 2732 1961 2746 ’

318 2802 414 2855 καὶ
463 2799 864 2868 πλησθησονται
923 2801 1022 2874 μὲν
1081 2803 1144 2856 τὰ
1187 2800 1338 2856 πεδία
1387 2804 1668 2882 πιότητος,
1733 2807 1964 2873 πιανθή-

325 2909 511 2943 σονται
577 2890 643 2944 τὰ
699 2890 874 2966 ὡραῖα
927 2900 953 2941 Y
1009 2895 1109 2956 τῆς
1171 2890 1395 2967 ἐρήμου,
1459 2893 1543 2947 καὶ
1614 2891 1966 2958 πληθυνοὺσιν

323 2978 374 3032 οἱ
437 2975 680 3041 κοιλάδες
735 2991 909 3056 σῖτον,
950 2977 1043 3034 καὶ
1095 2977 1410 3056 ἂγαλλίασιν
1456 2980 1502 3036 οἱ
1536 2981 1711 3054 βουνοὶ
1743 2982 2026 3068 neptim-cz

323 3088 534 3127 σονται.
599 3059 655 3124 Ὀ
701 3067 798 3142 μὲν
843 3069 932 3123 οὖν
963 3070 1180 3123 τοιαῦτα
1213 3068 1398 3142 εἰπὼν,
1459 3066 1655 3124 διαλύει
1712 3071 1774 3125 τὸ
1818 3070 1966 3137 πλῆ-

320 3159 412 3218 θος
447 3175 465 3191 ⁶
530 3155 840 3232 παραπόδας
900 3155 954 3212 δὲ
1013 3157 1098 3212 καὶ
1153 3159 1187 3224 ἡ
1247 3161 1344 3223 τῆς
1380 3156 1721 3235 προρρήσεως
1757 3158 1965 3225 ἔκϐασις

324 3245 519 3301 εἵπετο
555 3264 569 3278 ο
604 3248 691 3301 καὶ
719 3247 752 3313 ἡ
785 3251 855 3323 γῆ
887 3246 940 3301 ἐν
975 3259 1096 3306 ταῖς
1155 3246 1406 3322 σταγόσιν
1461 3246 1621 3314 αὐτῆς
1653 3249 1968 3326 ηὐφραίνετο

324 3333 708 3395 ἀνατέλλουσα.
777 3326 834 3392 Ὀ
895 3335 1077 3409 μέντοι
1135 3333 1387 3412 ῥαγδαῖος
1444 3337 1592 3398 ὑετὸς
1625 3335 1835 3401 ἐκεῖνος
1883 3337 1966 3417 ἐφ’

327 3427 506 3480 ἱκανὸν
561 3423 701 3480 οὕτω
755 3424 1088 3503 κατηνέχθη,
1151 3425 1224 3487 ὡς
1283 3423 1536 3504 ἐπισχεῖν
1580 3422 1708 3504 ἄχρι
1768 3425 1967 3482 πολλοῦ

339 3513 425 3568 καὶ
478 3514 572 3580 τὴν
627 3513 714 3570 ἐπὶ
769 3519 866 3580 τῆς
922 3512 1123 3590 ἐρήμου
1175 3519 1267 3569 τοῦ
1334 3511 1519 3591 ἀνδρὸς
1591 3514 1962 3594 ἀναχώρησιν,

333 3609 392 3658 Τί
447 3602 532 3658 οὖν
567 3619 583 3677 ;
629 3604 852 3682 ἀπόχρη
891 3604 980 3658 καὶ
1028 3609 1191 3659 ταῦτα
1231 3608 1336 3658 τῶν
1383 3603 1640 3678 Εὐθυμίο)
1669 3603 1848 3659 καλῶν
1879 3621 1896 3679 ;
1931 3605 1966 3672 ἣ

323 3691 522 3765 ζημίαν
549 3705 672 3757 ταῖς
703 3691 966 3768 φιλοθέοις
1028 3697 1237 3771 ψυχαῖς
1298 3689 1522 3767 οἴσομεν
1557 3701 1600 3772 ⁸,
1634 3694 1678 3748 εἰ
1707 3694 1772 3748 τὰ
1801 3693 1965 3750 λοιπὰ

320 3783 432 3837 τῶν
488 3781 688 3837 ἐκέίνου
743 3781 1170 3860 κατορθωμάτων
1250 3779 1613 3858 παρήσομεν;
1673 3790 1964 3861 Τοιγαρουν

320 3873 554 3927 κὰκεῖνα
610 3870 918 3949 διηγητέον,
979 3869 1014 3925 dt
1069 3892 1160 3944 μοι
1214 3866 1490 3944 Ἰωάννης,
1537 3872 1564 3926 ὁ
1620 3872 1960 3949 ἡσυχαστὴς,

321 3961 488 4039 τημὶ,
551 3962 638 4016 καὶ
691 3961 1005 4034 ἐπίσκοπος,
1039 3960 1126 4015 καὶ
1184 3957 1476 4023 Θαλέλαιος
1536 3963 1562 4015 ὁ
1615 3957 1964 4039 πρεσϐύτερος

321 4054 394 4126 τῇ
426 4048 590 4125 λαύρα
622 4047 674 4104 δὲ
718 4052 859 4106 οὗτοι
918 4054 1010 4105 τοῦ
1061 4048 1354 4124 μακαρίτου
1410 4045 1556 4105 Σάϐα
1615 4057 1639 4090 ³
1695 4048 1771 4105 ἔτι
1829 4051 1970 4129 πάρ-

325 4160 467 4194 εισιν
499 4137 901 4219 ἐνασκούμενοι)
935 4136 1250 4218 παρέδοσαν,

429 4228 558 4292 ΟΑ’.
605 4227 833 4307 Ἔλεγον
862 4229 984 4308 γὰρ,
1018 4229 1092 4292 ὡς
1141 4225 1367 4290 πολλοῖς
1397 4248 1453 4283 τε
1483 4225 1684 4308 ἄλλοις,
1719 4231 1808 4285 καὶ
1836 4229 1979 4304 αὖτῷ

343 4315 521 4388 δήπου
549 4325 627 4395 τῷ
657 4295 778 4393 θείω
813 4295 980 4398 [lci-cpi
1025 4315 1192 4389 Σάϐᾳ,
1245 4314 1331 4372 διὰ
1384 4295 1759 4392 θαύματοςιῆν
1813 4319 1893 4374 ἀεὶ
1951 4295 2043 4377 δυ

2055 1821 2519 1903 lacrymisDeus
2544 1841 2682 1884 vero
2715 1823 2985 1884 oratione
3015 1824 3202 1884 ﬂexus
3234 1831 3343 1897 est,
3374 1823 3698 1904 statimque

2053 1911 2406 1974 audiebatur
2426 1912 2668 1993 quidam
2701 1931 2884 1974 sonus
2915 1913 3291 1976 vehementis
3314 1913 3698 1993 spiritus,aer

2053 1999 2418 2080 implebatur
2447 2001 2733 2079 nubibus,
2761 2001 3162 2082 erumpebant
3191 2002 3470 2075 tonitrua,
3512 2002 3701 2082 pluri-

2057 2107 2188 2149 mus
2217 2108 2430 2168 magno
2461 2091 2688 2170 impetu
2719 2089 2969 2151 cadebat
2992 2089 3209 2167 imber,
3237 2099 3294 2151 et
3317 2089 3700 2154 afﬂuentibus

2053 2179 2224 2258 aquis
2257 2187 2413 2240 terra
2443 2177 2876 2242 inebriabatur.

2135 2265 2521 2348 LXX.Itaque
2543 2268 2645 2329 ille
2679 2269 2861 2329 humo
2895 2285 3147 2346 surgens
3173 2286 3238 2329 se
3272 2269 3460 2330 turbis
3491 2275 3699 2331 osten-

2054 2356 2178 2437 dit;
2240 2358 2439 2437 aitque
2495 2378 2507 2414 :
2572 2355 2725 2417 Ecce
2785 2357 3076 2419 Dominus
3135 2357 3428 2418 exauditis
3483 2357 3699 2419 vestris

2056 2445 2352 2526 precibus,
2388 2444 2649 2507 visitavit
2703 2457 2921 2507 terram
2985 2445 3326 2507 visitatione
3357 2464 3485 2522 sua,
3517 2457 3579 2507 et
3608 2446 3700 2506 ri-

2051 2551 2155 2597 vos
2188 2535 2316 2614 ejus
2345 2533 2683 2608 inebriavit,
2737 2544 2912 2614 atque
2977 2534 3392 2614 multiplicavit
3426 2534 3702 2614 locuple-

2055 2633 2178 2687 tare
2210 2644 2380 2701 eam;
2435 2624 2753 2686 benedicet
2787 2631 2988 2684 autem
3021 2641 3308 2684 coronam
3340 2625 3480 2685 anni
3515 2624 3693 2703 hujus

2050 2733 2229 2793 supra
2257 2715 2444 2791 alios;
2479 2723 2536 2774 et
2564 2714 2958 2793 replebuntur
2984 2713 3225 2793 quidem
3285 2713 3480 2794 campi
3512 2713 3694 2776 uber-

2053 2812 2192 2876 tate,
2229 2805 2620 2884 pinguescent
2650 2821 2791 2863 vero
2845 2803 3117 2882 speciosa
3151 2803 3396 2882 deserti,
3429 2811 3487 2864 et
3509 2803 3690 2865 valles

2049 2893 2436 2954 abundabunt
2466 2891 2796 2963 frumento,
2854 2899 2912 2952 et
2961 2891 3144 2952 colles
3174 2892 3570 2954 exsultatione
3597 2910 3690 2955 ac-

2052 2983 2366 3062 cingentur
2388 2982 2468 3044 34.
2505 2983 2702 3061 Atque
2734 2981 2826 3042 his
2848 2979 3050 3054 dictis,
3084 2980 3327 3041 dimittit
3371 2980 3692 3044 multitudi-

2051 3091 2187 3134 nem
2225 3089 2237 3133 :
2277 3090 2408 3133 mox
2443 3089 2580 3132 vero
2606 3081 2849 3131 secutus
2881 3089 3120 3150 quoque
3152 3077 3241 3130 est
3270 3081 3514 3132 eventus
3543 3089 3690 3150 prae-

2051 3161 2364 3241 dictionis;
2428 3171 2485 3221 et
2515 3160 2710 3221 laetata
2758 3169 2846 3219 est
2875 3167 3058 3232 terra,
3092 3160 3154 3220 in
3186 3159 3310 3219 suis
3345 3160 3521 3220 stillis
3549 3178 3690 3238 ger-

2055 3250 2312 3310 minans.
2345 3249 2533 3310 Porro
2571 3250 2890 3310 vehemens
2918 3248 3021 3308 illa
3068 3247 3283 3322 pluvia,
3319 3266 3509 3327 usque
3537 3249 3690 3311 adeo

2051 3338 2294 3419 delapsa
2326 3348 2438 3411 est,
2473 3346 2536 3397 ut
2593 3337 2692 3398 diu
2753 3337 3077 3398 detinuerit
3127 3336 3236 3398 viri
3295 3355 3598 3398 secessum
3626 3338 3690 3398 in

2048 3427 2455 3490 solitudinem.
2492 3424 2644 3498 Quid
2680 3443 2819 3503 ergo
2844 3423 2868 3486 ?
2892 3424 3110 3486 Haecne
3143 3425 3447 3486 sufﬁciunt
3477 3444 3548 3487 ex
3573 3426 3688 3488 bo-

2050 3517 2142 3576 nis
2171 3514 2511 3596 Euthymii?
2542 3533 2616 3575 an
2649 3513 2762 3594 piis
2793 3515 3075 3574 damnum
3101 3513 3320 3576 animis
3343 3516 3687 3596 aiferemus,

2049 3606 2098 3666 si
2131 3602 2552 3684 praeclarorum
2583 3601 2744 3662 illius
2797 3602 3088 3663 factorum
3139 3602 3374 3683 reliqua
3404 3603 3688 3665 omiseri-

2052 3712 2182 3754 mus
2205 3699 2232 3755 ?
2265 3693 2372 3755 [Ila
2425 3710 2566 3771 ergo
2599 3691 2775 3752 etiam
2811 3708 3054 3752 narrare
3085 3701 3348 3772 oportet,
3380 3711 3512 3773 quae
3541 3692 3693 3754 mihi

2046 3781 2329 3859 Joannes,
2363 3781 2667 3843 solitarius
2717 3780 2876 3860 (84),
2932 3779 3198 3860 inquam,
3257 3790 3315 3842 et
3348 3781 3688 3865 episcopus,

2051 3880 2110 3934 et
2136 3871 2471 3934 Thalelaeus
2509 3871 2636 3951 (85)
2669 3869 2978 3951 presbyter
3027 3870 3095 3947 (ii
3141 3879 3344 3933 autem
3401 3872 3597 3933 adhuc
3629 3872 3694 3933 in

2050 3963 2218 4023 laura
2249 3959 2438 4023 sancti
2465 3961 2634 4024 Saba;
2692 3959 2869 4021 vitam
2930 3959 3160 4021 ducunt
3189 3961 3538 4040 asceticam)
3569 3969 3692 4024 tra-

2055 4051 2334 4113 diderunt
2367 4050 2519 4130 (86).

2143 4228 2325 4292 LXXI.
2360 4227 2653 4293 Dicebant
2705 4228 2887 4303 enim,
2933 4228 3093 4310 quod
3137 4248 3271 4291 cum
3302 4227 3435 4290 aliis
3467 4229 3693 4306 multis,

2067 4333 2187 4385 tum
2216 4320 2326 4400 ipsi
2349 4319 2547 4379 divino
2571 4317 2727 4380 Patri
2742 4316 2910 4380 Saba;
2929 4318 3308 4381 admirationi
3326 4337 3566 4401 semper
3589 4319 3700 4383 fuit

412 4480 470 4532 ’5
501 4478 657 4544 Psal.
695 4495 892 4556 cxuv,
926 4478 1028 4558 t8,
1061 4477 1155 4539 19.
1239 4474 1298 4526 94
1329 4475 1488 4540 Psal.
1520 4493 1679 4558 an,
1715 4477 1812 4560 10,
1849 4481 1949 4564 it,

2065 4533 2079 4562 ,
2121 4481 2348 4562 13,14.

1642 4569 1895 4634 VARUE
1947 4573 2384 4638 LECTIONES.

416 4673 431 4706 ί
487 4670 568 4734 δι,
634 4670 820 4733 inser,
887 4668 1052 4734 εἶξεν.
1112 4663 1247 4748 ηεξ.
1303 4663 1443 4726 add.
1475 4666 1561 4721 καὶ
1604 4665 1815 4742 βρονταὶ
1860 4669 2302 4748 κατεῤῥηγνυντο.
2379 4676 2404 4708 ν
2432 4666 2509 4728 al.
2545 4666 2756 4744 λαῦρος.
2819 4665 2948 4728 καί.
2983 4667 3324 4731 εἶσακουσας.
3380 4679 3406 4721 Ἰ
3435 4668 3512 4730 al.
3552 4669 3698 4748 δρέα.

325 4765 348 4795 ι
394 4752 474 4816 ει,
511 4749 836 4827 εἰσοίσομεν,
919 4760 940 4787 ι
973 4747 1050 4819 al,
1085 4743 1263 4803 Σάϐϐα
1296 4752 1354 4806 et
1377 4761 1639 4827 semper.

1543 4821 1762 4888 JOAN.
1802 4826 2178 4892 BOLLANDI
2220 4825 2474 4890 NOTIE.

410 4922 526 4994 (8t)
575 4919 792 4994 V_itam_
821 4919 877 4976 S.
939 4910 1539 4994 JoanniSHSilentiarii
1579 4911 1873 4994 dabimus
1908 4916 1973 4972 t3

335 4984 576 5061 Ma‘ii;’de
597 4989 794 5061 Cyrillt
813 5002 944 5046 cum
968 5001 1038 5045 eo
1054 4984 1643 5061 familiaritateactum
1669 4988 1726 5041 in
1752 4989 1970 5060 proleg.

330 5057 495 5131 num,
536 5064 596 5138 9_,
626 5057 697 5138 de
726 5068 883 5138 teta_te
915 5074 974 5138 n.
997 5057 1082 5138 _12
1115 5067 1358 5138 etseqq.
1433 5127 1444 5138 .
1652 5127 1663 5138 Ι

405 5127 518 5208 (85)
554 5127 657 5210 Est
685 5135 782 5210 hic
811 5130 1138 5210 Thalelaeus
1175 5127 1446 5198 Cilix,qui
1471 5127 1974 5210 sexaginta-annos

328 5197 616 5279 transegit
639 5209 698 5262 in
734 5206 844 5279 vita
861 5197 1501 5279 monasticamupquatn
1515 5197 1972 5279 deradesistens,

331 5267 892 5351 dicens'quejugiter
921 5294 935 5328 :
967 5272 1244 5351 «Tempus
1275 5267 1384 5326 hoc
1407 5270 1570 5351 nobis
1592 5270 1661 5326 ad
1688 5267 1975 5351 poenitenf

331 5355 471 5411 tiam
509 5341 806 5408 itidnl'tuin
838 5355 947 5411 est,
981 5352 1036 5401 et
1071 5341 1234 5399 valde
1261 5342 1592 5410 requiratur
1629 5355 1661 5398 a
1702 5344 1896 5409 nobis,
1929 5345 1974 5400 si

335 5423 478 5482 illud
499 5418 956 5482 nentexerimus.
987 5437 1008 5467 ι
1036 5414 1118 5472 Ita
1137 5412 1404 5470 Moschus
1427 5425 1550 5481 cup.
1582 5411 1671 5467 59.
1706 5413 1872 5470 Alius
1905 5415 1976 5471 ab

335 5435 478 5482 ιιιιια
499 5437 568 5479 ne
622 5435 956 5476 texerlmus.
987 5437 1008 5467 ι
1037 5435 1118 5472 ιω
1137 5435 1404 5470 mosuuus
1427 5435 1550 5481 cup.
1582 5435 1671 5467 av.
1706 5435 1872 5470 unus
1905 5435 1976 5471 ιιι)

333 5497 445 5554 hoc
478 5435 1121 5568 estgl'halelteusCilig,
1154 5487 1253 5568 qui
1300 5495 1541 5568 integro
1572 5483 1783 5542 saeculo
1811 5487 1979 5568 anu-

375 5570 505 5625 utor
537 5575 722 5635 prope
772 5559 1043 5635 Gabatam
1075 5559 1132 5614 in
1172 5554 1350 5635 Syria
1389 5557 1562 5635 vitam
1601 5559 1978 5635 monasticam

375 5583 505 5625 ιιιοι·
537 5583 722 5635 prope
772 5583 1043 5617 uauutam
1077 5583 1132 5614 tu
1186 5583 1350 5627 Dyltu
1397 5583 1562 5610 νιιιιιιι
1601 5583 1978 5613 ιυυυυδιιτυω

333 5583 630 5697 ίδοιδυηιιίο
668 5633 878 5701 exegit,
935 5644 1107 5701 quem
1163 5626 1463 5684 celebrant
1512 5625 1720 5686 Menwa
1768 5628 1831 5683 27
1867 5626 1981 5686 Fe-

2057 4917 2317 4980 bruar,et
2338 4916 2857 4988 Theodor_etus,qui
2889 4930 3022 4973 eum
3055 4914 3266 4988 invisit,
3301 4916 3357 4972 in
3386 4915 3700 4988 Philotheo

2057 5003 2181 5059 cap.
2215 4987 2384 5055 28,3d
2405 5002 2575 5059 quem
2599 4985 2797 5044 locum
2812 4987 3162 5059 Roswevdus
3185 5000 3352 5042 num.
3375 4986 3440 5059 8,1
3477 4994 3702 5046 utrum-

2057 5056 2172 5130 qu’e
2211 5056 2494 5130 confudit.
2523 5058 2678 5130 Alius
2729 5059 2978 5128 denique
3015 5056 3346 5130 Thalelaeus
3378 5058 3586 5130 Martyr
3615 5069 3706 5120 est

2059 5128 2115 5186 in
2152 5130 2372 5186 Menaeis
2427 5128 2499 5183 20
2549 5129 2698 5192 Maii,
2735 5131 2908 5201 cujus
2955 5129 3240 5201 martyrio,
3282 5132 3464 5185 relato
3520 5128 3623 5190 lib.
3661 5145 3701 5189 ι.

2059 5201 2333 5258 Virtdarii
2359 5201 2504 5256 sacri
2538 5213 2610 5255 ex
2640 5198 2823 5256 tribus
2857 5199 3019 5256 hisce
3044 5198 3346 5256 Thalelaeis
3371 5213 3552 5257 unum
3574 5203 3707 5260 facit

2059 5273 2338 5331 Raderus.
2371 5269 2584 5328 Verum
2620 5272 2728 5342 hic
2761 5278 2978 5342 martyr
3010 5272 3153 5327 vixit
3189 5270 3298 5328 sub
3333 5269 3702 5342 Numeriano,

2059 5345 2130 5401 ab
2163 5344 2292 5400 aliis
2331 5344 2569 5399 omnino
2603 5340 2911 5400 distinctus

2133 5414 2248 5485 (86)
2279 5412 2436 5470 Circa
2493 5427 2591 5469 an.
2643 5412 2741 5468 Ch.
2800 5412 2927 5478 554,
2988 5412 3190 5485 imos.
3233 5413 3476 5485 Joannis
3518 5414 3705 5476 Vitam

2059 5483 2526 5612 aduncitgventis
2582 5485 2814 5554 scripsit
2855 5498 2950 5541 an.
2987 5483 3088 5541 Ch.
3123 5484 3250 5541 557.
3281 5483 3418 5542 Vide
3475 5487 3704 5562 proleg.

2106 5573 2220 5612 um.
2329 5600 2343 5612 .

2063 5570 2220 5614 num.
2258 5570 2343 5614 υ).
