3972 6130
396 257 513 323 655
1700 256 1980 325 MENSIS
2019 305 2028 322 .

2116 259 2473 326 NUARIUS.
3622 260 3721 328 656

394 395 493 456 hic
522 394 613 455 vir
641 389 1034 467 admirabilis,
1092 411 1212 472 quo
1273 400 1442 472 pacto
1500 393 1561 453 in
1590 411 1826 456 summa
1853 395 2028 457 animi

2121 397 2425 472 θαυμαστὸς
2458 395 2609 458 οὗτος
2640 394 2666 435 ¹¹
2718 394 2849 473 ἂνῆρ
2885 409 2902 427 ⁹
2955 394 3100 457 ὅπως
3145 395 3198 451 ἐν
3242 398 3439 473 μετρίῳ
3478 398 3606 454 πάνυ
3653 402 3727 456 καὶ

397 481 811 545 moderatione
843 489 899 544 et
932 480 1414 553 mansuetudine,
1451 490 1673 543 tantum
1726 503 1832 564 pro
1858 485 2028 547 recti:

2124 486 2356 542 ἐπιεικεῖ
2423 492 2500 558 τῷ
2559 485 2886 564 φρονήματι,
2932 484 3185 541 τοσοῦτον
3245 485 3374 563 ὑπὲρ
3433 491 3534 542 τῶν
3586 487 3729 564 ὀρθῶν

399 571 691 634 Ecclesiae
721 571 1098 650 dogmatibus
1127 569 1319 631 zelum
1349 569 1646 648 intulerit;
1678 579 1741 633 ut
1769 573 1928 635 idem
1951 593 2028 637 re

2123 575 2222 642 τῆς
2282 572 2606 639 Ἐκκλησίας
2651 571 2934 648 δογμάτων
2999 575 3279 651 εἰσήνεγκε
3325 572 3511 654 ζῆλον,
3553 575 3620 638 ὡς
3653 578 3731 632 τὸν

397 680 539 724 vera
573 669 733 724 esset
762 661 924 720 mitis
957 667 1014 721 et
1045 668 1377 738 pugnator:
1413 667 1470 720 et
1491 659 1764 723 absolute
1794 663 2028 743 quidem

2125 665 2281 720 αὐτὸν
2339 666 2393 719 ὲν
2453 661 2676 735 ἀληθείᾳ
2718 669 2881 736 πρᾶον
2955 663 3100 718 εἶναι
3155 664 3242 718 καὶ
3299 664 3582 742 μαχητήν.
3649 667 3732 722 Καὶ

394 752 684 813 adversus
734 766 947 810 omnes
997 756 1164 808 recta
1235 767 1353 808 non
1413 749 1765 824 sentientes,
1825 771 2028 831 magno

2124 751 2309 815 ἁπλῶς
2368 753 2467 827 μὲν
2523 753 2659 808 κατὰ
2716 752 2892 810 πάντα
2934 753 3061 827 ὀρθὰ
3115 753 3192 825 μὴ
3240 753 3592 831 φρονούντων,
3645 777 3732 810 πο-

395 840 678 920 praeditus
709 847 837 900 erat
868 844 1044 916 atque
1077 835 1310 899 ardenti
1342 836 1511 912 zelo;
1546 841 1803 902 maxime
1837 850 2028 902 autem

2119 841 2212 905 λὺς
2241 843 2306 908 ἦν
2349 843 2439 896 τὸν
2483 839 2647 911 ζῆλον
2687 843 2774 896 καὶ
2832 839 3138 919 διαπύρσιος
3182 856 3207 883 ο
3261 841 3402 897 κατὰ
3446 844 3732 920 Μανιχαίων

393 937 602 991 contra
661 927 1047 1002 manichaios,
1111 944 1337 1006 eosque
1391 926 1496 1006 qui
1554 946 1737 1007 nugas
1795 937 2039 992 tuentur

391 1017 702 1096 Origenis:
739 1016 843 1096 qui
873 1013 1044 1077 multi
1073 1033 1209 1077 cum
1244 1027 1449 1076 essent
1481 1024 1621 1078 tunc
1653 1017 1714 1076 in
1741 1017 1891 1080 locis
1915 1019 2036 1082 Cae-

391 1124 622 1168 saream
655 1103 1085 1179 ambientibus,
1122 1114 1244 1165 tum
1279 1105 1352 1164 ad
1387 1123 1522 1165 eum
1570 1107 1843 1170 venirent
1875 1126 2032 1188 pras-

387 1203 552 1259 textu
585 1195 848 1275 pietatis,
884 1202 1012 1255 erat
1042 1193 1137 1255 leo
1167 1193 1453 1255 adversus
1495 1194 1720 1275 vulpes,
1753 1216 2034 1261 sermone

384 1283 872 1364 inexpugnabilis
898 1300 1009 1344 nec
1039 1283 1324 1344 sustineri
1373 1282 1597 1357 valens,
1651 1284 2032 1348 demonstra-

391 1373 658 1436 tionibus
716 1395 748 1434 e
803 1389 973 1434 sacra
1029 1369 1339 1452 Scriptura
1401 1371 1599 1450 petitis
1657 1374 1849 1436 valide
1894 1375 2034 1438 illos

388 1463 798 1544 comprimens
829 1470 888 1522 et
915 1461 1255 1534 suﬁocans;
1307 1469 1366 1521 et
1395 1462 1726 1524 secundum
1755 1466 2034 1527 Ieremia;

387 1551 574 1613 verba
599 1551 684 1624 25,
719 1549 994 1611 efﬁciens
1050 1558 1116 1610 ut
1146 1549 1264 1629 ipsi
1295 1550 1811 1614 confunderentur
1839 1573 1871 1614 a
1897 1553 2030 1632 glo-

386 1640 644 1703 riatlone
670 1657 819 1713 sua;
851 1657 1088 1700 necnon
1118 1638 1388 1699 fabulose
1417 1639 1572 1719 apud
1605 1658 1708 1702 eos
1749 1640 2025 1703 traditam

2119 928 2173 986 δὲ
2231 932 2489 1005 μάλιστα,
2535 930 2632 986 καῖ
2683 934 2854 988 αὐτῶν
2900 937 3005 986 τῶν
3037 932 3102 986 τὰ
3129 928 3437 1009 Ὠριγένοσς
3469 928 3734 1005 ληρήματα

2120 1017 2520 1098 πρεσϐευόντων
2551 1035 2566 1050 ⁶
2616 1021 2705 1081 οὓς
2763 1017 2993 1083 πολλοὺς
3040 1019 3162 1076 τότε
3210 1018 3368 1083 ὄντας
3413 1017 3466 1073 ἐν
3499 1024 3736 1098 τοῖςπερὶ

2117 1112 2438 1186 Καισάρειαν
2499 1107 2710 1182 τόποις,
2767 1107 2893 1165 εἶτα
2949 1109 3036 1164 καὶ
3100 1105 3377 1171 εὐλαϐείας
3408 1109 3734 1186 προσχήματι

2115 1198 2249 1275 πρὸς
2306 1199 2466 1255 αὐτὸν
2522 1202 2842 1275 φοιτῶντας,
2904 1196 3043 1253 λέων
3118 1198 3248 1275 πρὸς
3310 1194 3595 1257 ἂλώπεκας
3657 1200 3734 1276 ἦν,

2117 1283 2335 1364 ἄμαχός
2381 1308 2437 1341 τε
2495 1287 2588 1341 τὸν
2648 1286 2806 1362 λόγον
2851 1287 2938 1342 καὶ
2986 1286 3376 1349 ἀνυπόστατος,
3415 1297 3537 1347 ταῖς
3565 1283 3737 1340 ἐκτῶν

2115 1375 2268 1430 θείων
2328 1377 2549 1453 Γραφῶν
2601 1373 2932 1440 ἀποδείξεσιν
2975 1377 3210 1454 ἰσχυρῶς
3270 1373 3462 1437 αὐτοὺς
3521 1372 3737 1452 συνέχων

2116 1464 2203 1518 καὶ
2259 1463 2572 1540 ἆποπνίγων
2607 1482 2622 1496 ⁶
2673 1464 2757 1519 κσὶ
2812 1464 2871 1519 τὸ
2925 1470 3017 1520 τοῦ
3065 1456 3348 1542 Ἰερεμίου,
3409 1461 3736 1541 αἰσχυνθῆναι

2113 1553 2330 1615 τούτους
2386 1551 2493 1607 ἀπὸ
2553 1553 2874 1631 καυχήσεως
2937 1553 3111 1608 αὗτῶν
3173 1552 3609 1630 παρασκευάζων
3651 1551 3738 1618 τὴν

2112 1638 2238 1718 παρ’
2320 1642 2505 1703 αὐτοῖς
2584 1662 2642 1696 τε
2731 1639 3202 1718 μυθολογουμένην
3273 1637 3598 1718 προύπαρξιν
3661 1641 3738 1695 καὶ

388 1729 927 1809 praeexsistentiam
962 1737 1019 1790 et
1049 1727 1492 1790 restitutionem
1524 1739 1796 1792 evertens
1825 1731 2023 1791 omni-

2116 1730 2544 1788 ἀποκατάστασιν
2610 1729 2920 1804 ἀνατρέπων
2979 1731 3132 1787 παντί
3209 1729 3382 1787 σθένει
3447 1729 3536 1785 καὶ
3587 1749 3737 1785 κατα-

387 1818 502 1880 bns
534 1817 756 1880 viribus
779 1826 958 1898 atque
989 1817 1305 1897 dejiciens.
1341 1817 1675 1888 Quinetiam
1707 1819 1768 1879 in
1796 1837 1898 1880 eos
1923 1819 2026 1900 qui

2116 1816 2344 1880 ϐάλλων.
2409 1822 2480 1877 Οὗ
2539 1819 2672 1898 μὴν,
2732 1817 2870 1874 ἀλλὰ
2946 1820 3034 1875 καὶ
3093 1817 3211 1876 κατ’
3271 1819 3449 1874 αὐτῶν
3503 1815 3610 1874 ὅσοι
3649 1816 3736 1882 τὴν

392 1908 520 1969 Arii
571 1917 630 1970 et
689 1907 934 1969 Sabellii
992 1906 1266 1968 laborant
1297 1907 1552 1982 insania,
1589 1909 1805 1969 acriter
1831 1908 2027 1987 spira-

2116 1906 2316 1986 Ἀρείου
2373 1930 2429 1964 τε
2489 1908 2573 1962 καὶ
2640 1906 2933 1964 Σαϐελλίου
3010 1910 3202 1981 μανίαν
3260 1907 3508 1981 ἐνόσουν,
3562 1906 3738 1982 θερμὸν

383 1997 506 2073 bat,
542 2016 789 2078 eosque,
821 1999 992 2076 juxta
1019 1995 1400 2076 Prophetam,
1427 1995 1690 2076 perfecto
1722 1997 1862 2058 odio
1888 1999 2026 2060 ode-

381 2096 473 2149 rat
498 2088 579 2150 93.

465 2176 688 2240 LXXII.
723 2175 1015 2238 Caeterum
1069 2174 1510 2255 septuagesimo
1543 2181 1602 2235 et
1631 2180 1836 2255 quinto
1867 2194 2022 2239 anno

391 2263 1746 2344 aetatis(87)magniEutliymii,congregatafuit
1767 2268 2024 2346 synodus

382 2353 891 2417 Chalcedonensis
919 2373 934 2433 ;
986 2353 1047 2413 in
1070 2370 1248 2429 quam
1276 2371 1486 2414 omnes
1505 2353 1629 2416 fere
1653 2361 1832 2416 totius
1859 2355 2023 2417 orbis

383 2444 648 2524 undique
669 2451 1080 2505 convenerunt
1105 2442 1418 2521 pontiﬁces
1433 2443 1589 2522 (88):
1627 2461 1730 2504 eos
1754 2444 1914 2505 enim
1949 2445 2020 2506 ad

383 2541 740 2594 conventum
763 2532 1076 2605 vocabant,
1105 2549 1238 2612 quas
1255 2530 1476 2612 Ephesi
1494 2531 1725 2593 scilicet
1743 2531 2023 2598 innovata

379 2622 638 2698 fuerant,
676 2641 710 2683 a
739 2620 1326 2702 Dioscoro,inquam,
1361 2621 1766 2683 Alexandrino
1794 2643 1809 2703 ;
1843 2643 2020 2702 quem

2109 1995 2276 2071 ἔπνει,
2310 1999 2398 2053 καὶ
2429 1996 2632 2054 τέλειον
2666 1996 2880 2075 αὖτοὺς,
2913 1997 3049 2054 κατὰ
3101 1999 3193 2053 τὸν
3236 1998 3550 2075 προφήτην,
3587 2007 3733 2068 μῖσος

2110 2087 2306 2162 ἐμίσει.

2187 2175 2312 2236 ΟΒ’.
2367 2167 2784 2250 Ἑϐδομηκοστῷ
2825 2173 2880 2230 δὲ
2911 2180 3009 2242 τῆς
3060 2175 3321 2249 Εὖθυμίου
3382 2176 3476 2229 τοῦ
3521 2170 3734 2250 μεγάλου

2104 2262 2318 2332 ἡλικίας
2349 2268 2437 2320 καὶ
2468 2287 2702 2340 πέμπτῳ
2732 2264 2979 2338 ἐνιαυτῷ,
3031 2262 3126 2319 καὶ
3183 2265 3217 2330 ἡ
3274 2263 3331 2319 ἐν
3394 2261 3684 2328 Χαλκηδόνι
3714 2261 3736 2302 ἀ

2107 2355 2464 2430 ωνεκροτήθη
2510 2353 2726 2418 σύνοδος
2766 2373 2778 2386 ·
2830 2353 2947 2410 καθ’
2979 2353 3046 2421 ἢν
3101 2353 3350 2410 ἁπάντων
3400 2349 3594 2431 σχεδὸν
3642 2354 3732 2406 τῶν

2106 2452 2386 2522 πανταχοῦ
2443 2447 2542 2509 τῆς
2602 2442 2920 2518 οἰκουμένης
2980 2441 3343 2499 συνελθόντων
3402 2438 3729 2520 ἀρχιερέων·

2104 2530 2286 2586 ἒκάλει
2346 2533 2446 2609 γὰρ
2505 2533 2694 2596 αὖτοὺς
2754 2535 2828 2595 εἷς
2914 2531 3217 2590 συνέλευσιν
3289 2531 3356 2586 τὰ
3430 2530 3482 2585 ἐν
3545 2528 3732 2606 Ἐφέσῳ

2106 2620 2310 2688 δηλαδὴ
2369 2622 2779 2700 νεωτερισθέντα
2875 2622 2976 2678 ὑπὸ
3050 2621 3380 2700 Διοσκόρου,
3443 2621 3602 2697 φημὶ,
3659 2624 3736 2673 τοῦ

379 2730 512 2774 cum
550 2711 758 2773 eadem
792 2729 862 2772 ac
882 2711 984 2772 ille
1009 2708 1479 2784 asserentibus,e
1503 2709 1694 2771 sacris
1716 2711 2024 2790 ejeceruut

2116 2707 2493 2785 Ἀλεξανδρέως
2527 2726 2540 2740 ⁸
2591 2711 2650 2766 ὃν
2693 2710 2807 2786 ἅμα
2850 2711 2971 2775 τοῖς
3027 2711 3093 2767 τὰ
3144 2710 3356 2765 ἐκείνου
3403 2705 3730 2786 πρεσϐεύουσι

381 2800 697 2881 Catalogis;
732 2806 1196 2878 accuratumque
1221 2798 1362 2860 ﬁdei
1394 2799 1700 2862 decretum
1731 2818 2015 2880 exposue-

2116 2798 2208 2855 τῶν
2260 2799 2416 2877 ίερξόν
2469 2797 2802 2856 ἐκϐαλόντων
2847 2798 3206 2878 καταλόγων,
3259 2797 3384 2876 ὅρον
3442 2817 3498 2852 τε
3556 2791 3728 2872 ἀκριϐῆ

380 2899 541 2952 runt.
573 2888 721 2950 Huic
746 2889 971 2969 synodo
993 2889 1169 2950 etiam
1196 2888 1530 2950 intererant
1549 2888 1824 2967 discipuli
1862 2909 2017 2969 prai—

2116 2893 2199 2954 τῆς
2245 2889 2472 2951 πίστεως
2532 2887 2830 2964 ἐκθεμένων
2863 2906 2877 2919 ·
2927 2888 3016 2944 καὶ
3077 2889 3128 2944 οἱ
3186 2888 3446 2962 Εὖϐυμίου
3506 2881 3725 2958 μαθηταί

379 2979 651 3042 cellentis
674 2977 995 3058 Euthymii,
1017 2977 1356 3058 Stephanus
1373 2977 1621 3038 Jamniae
1647 2975 1790 3058 (89),
1822 2988 1880 3040 et
1903 2978 2014 3042 Sa-

2116 2984 2190 3034 τοῦ
2247 2978 2380 3034 πάνυ
2435 2982 2501 3053 τῇ
2560 2975 2761 3050 συνόδῳ
2810 2975 3067 3056 παρόντες
3116 2976 3445 3056 ἐτύγχανον,
3480 2970 3722 3051 Στέφανός

375 3085 731 3129 racenorum
751 3068 1066 3148 episcopus
1087 3065 1522 3143 Joannes;cum
1541 3068 1753 3128 Petrus
1775 3067 2015 3148 quidem

2116 3087 2156 3122 τε
2199 3068 2226 3121 ὁ
2283 3065 2547 3140 Ἰαμνείας
2604 3074 2646 3144 θ,
2693 3068 2781 3124 καὶ
2825 3069 2853 3123 ὁ
2899 3072 3004 3123 τῶν
3063 3072 3399 3145 Σαρακηκῶν
3462 3064 3723 3122 ἐπίσκοπος

369 3157 495 3236 jam
522 3176 554 3218 e
575 3156 691 3218 vita
708 3156 1086 3230 excessisset,
1121 3157 1221 3236 qui
1242 3171 1386 3217 vero
1410 3155 1465 3216 ei
1493 3157 1788 3217 successit
1811 3159 2013 3220 Auxo-

2122 3155 2355 3222 Ιωάννης
2393 3173 2408 3190 ⁸
2446 3155 2644 3233 Πέτρου
2677 3157 2774 3230 μὲν
2806 3154 2908 3223 ἤδη
2940 3158 3032 3212 τὸν
3065 3156 3178 3232 βίον
3221 3153 3604 3226 ἀπολιπόντος,
3645 3156 3723 3205 τοῦ

375 3247 505 3307 laus
531 3245 1034 3326 (90),adhaasisset
1055 3244 1436 3319 Dioscoro,et
1453 3244 1588 3306 ideo
1615 3263 1826 3324 magno
1846 3247 2017 3326 (proh

2116 3243 2152 3298 se
2213 3243 2331 3318 μετ’
2392 3246 2547 3301 αὐτὸν
2607 3243 2874 3310 Λύξολάου
2928 3252 3004 3320 τῷ
3038 3243 3310 3323 Δὶοσκόρῳ
3341 3241 3717 3322 προστεθέντος,

374 3335 547 3397 dolor
572 3337 616 3411 ι)
640 3352 782 3396 sane
828 3332 1145 3414 Euthymio
1198 3332 1424 3394 invisus
1445 3333 1627 3396 vitam
1661 3334 1939 3398 ﬁniisset.
1972 3335 2016 3396 li

2116 3333 2186 3388 ιαὶ
2217 3330 2302 3387 διὰ
2332 3339 2486 3390 τοῦτο
2515 3332 2570 3388 ἐν
2599 3334 2863 3414 ἀπεχθείᾳ
2891 3335 2982 3390 τὸν
3021 3333 3159 3410 βίον,
3209 3334 3363 3408 οἴμοι
3400 3337 3413 3391 l
3450 3332 3573 3408 τάγε
3602 3329 3716 3406 πρὸς

373 3425 893 3505 ergo,Stephanus
924 3422 1202 3484 videlicet
1231 3432 1289 3485 et
1315 3421 1832 3505 Joannes,synodo
1859 3443 2008 3505 pra:-

2116 3423 2189 3477 τὸν
2248 3421 2417 3500 μέγαν
2476 3423 2733 3498 Εὐθύμιον
2813 3426 3300 3501 καταστρέψαντος.
3379 3423 3530 3481 Οὗτοι
3585 3424 3712 3494 γοῦνι

370 3523 593 3589 sentes,
629 3521 938 3594 postquam
974 3512 1117 3574 ﬁdei
1140 3513 1448 3575 decretum
1476 3515 1600 3594 jam
1627 3525 1757 3575 erat
1777 3515 2017 3575 manda-

2116 3510 2368 3589 Στέφανος
2413 3509 2660 3577 δηλονότι
2694 3513 2780 3569 καὶ
2809 3511 3088 3592 Ἰωάννης,
3127 3517 3196 3588 τῇ
3226 3510 3428 3585 συνόδῳ
3459 3508 3714 3587 παρόντες,

367 3613 490 3666 tum
524 3604 840 3679 litteris,eo
863 3603 1059 3664 statim
1083 3614 1348 3685 arrepto,
1371 3622 1546 3683 quam
1574 3613 1894 3685 potuerunt
1910 3623 2016 3666 ce-

2116 3599 2316 3678 ὲπείπερ
2371 3597 2475 3668 ἤδη
2535 3603 2562 3657 ὁ
2618 3605 2719 3669 τῆς
2762 3601 2994 3664 πίστεως
3055 3601 3174 3680 ὅρος
3206 3600 3262 3657 ἐν
3291 3599 3597 3680 γράμμασιν
3636 3598 3711 3672 ἦν,

368 3692 614 3754 lerrime
671 3692 742 3753 ad
776 3690 1159 3770 Euthymium
1211 3693 1527 3757 accedunt.
1559 3693 2015 3767 Quonammodo

2116 3689 2430 3767 ιρπάσαντες
2463 3690 2654 3753 εὖθέως
2700 3691 2876 3763 αὐτὸν,
2912 3692 2949 3766 ᾗ
2979 3692 3185 3770 τάχους
3237 3693 3400 3770 εἶχον
3438 3689 3564 3766 πρὸς
3620 3687 3708 3743 Εὗ-

367 3781 599 3842 affecti?
623 3780 906 3841 Volentes
927 3783 1196 3854 scire,an
1221 3782 1350 3860 ipse
1373 3801 1610 3863 quoque
1630 3783 2017 3845 assentiretur

2116 3779 2282 3854 ιύμιον
2338 3780 2741 3857 παραγίνονται.
2809 3780 2866 3838 Τί
2947 3781 3257 3854 παθόντεςς
3321 3781 3380 3837 Εἰ
3435 3778 3522 3833 καὶ
3573 3772 3711 3834 αύτὸς

366 3871 442 3931 iis
471 3886 600 3949 quae
621 3869 840 3949 scripta
867 3857 1266 3931 fuerant.Non
1294 3857 1682 3934 mediocriter
1702 3874 1862 3933 enim
1888 3881 2013 3934 ter-

2116 3869 2350 3947 ττοιχοίη
2380 3881 2499 3932 τοῖς
2529 3867 2920 3948 γεγραμμένοις
2949 3872 3143 3944 μᾶθετν
3180 3867 3475 3933 ἐθέλοντες.
3523 3857 3710 3949 Ἐφόϐει

365 3948 538 4020 rebat
560 3977 662 4020 eos
684 3948 842 4038 quod
893 3958 1158 4020 Auxolao
1206 3960 1804 4041 contigerat;neque
1823 3960 2012 4024 habe-

2116 3957 2196 4036 ίὰρ
2243 3957 2432 4021 αὐτοὺς
2490 3959 2551 4015 οὖ
2605 3960 2830 4038 μετρίως
2883 3960 2945 4015 τὸ
2988 3961 3126 4015 κοιτᾶ
3169 3959 3260 4015 τὸν
3291 3956 3554 4023 Δῦξόλαον
3585 3974 3596 3986 ·
3631 3948 3709 4041 καί

368 4047 513 4110 bant
543 4067 658 4129 quo
685 4047 864 4110 modo
887 4055 988 4109 aut
1006 4055 1552 4125 consentirent,aut
1572 4039 2014 4126 diﬁ‘errent,an-

2116 4047 2190 4102 ιύκ
2246 4045 2408 4126 εἶχον
2463 4045 2610 4112 ὅπως
2663 4049 2698 4115 ἢ
2749 4051 3060 4124 συνθῶνται,
3122 4047 3158 4116 ἢ
3189 4044 3576 4116 ἆναϐάλωνται,
3606 4039 3707 4129 πρὶν

365 4127 611 4215 tequam
645 4147 1082 4217 cognoscerent
1123 4157 1239 4219 quo
1283 4147 1560 4217 vergeret
1581 4139 1741 4201 illius
1761 4148 2011 4202 senten-

2116 4135 2158 4190 ἰν
2215 4136 2303 4192 καὶ
2345 4137 2443 4203 τὴν
2489 4135 2689 4194 ἐκείνου
2732 4150 2910 4215 γνοῖεν
2941 4140 3040 4206 τῆς
3073 4137 3298 4215 γνώμης
3345 4135 3534 4215 ῥοπήν.
3566 4127 3699 4188 Ἐπεὶ

369 4227 469 4289 tia.
505 4230 822 4307 Postquam
857 4244 997 4291 vero
1057 4225 1158 4289 ille
1211 4228 1477 4308 legisset,
1516 4239 1573 4292 et
1621 4249 1754 4307 qua:
1784 4229 2010 4310 scripta

2116 4225 2147 4279 LE.
2205 4225 2443 4304 ἐντυχὼν
2489 4224 2722 4307 ἐκεῖνος,
2756 4225 2934 4290 καλῶς
2967 4225 3166 4305 ἔχοντα
3216 4228 3330 4304 εὗρε
3377 4227 3441 4282 τὰ
3487 4237 3703 4310 γεγραμ-

369 4325 539 4376 erant
567 4316 898 4377 invenisset
941 4324 1110 4378 recte
1142 4335 1206 4378 se
1237 4307 1464 4380 habere
1493 4328 1550 4380 et
1581 4329 1758 4381 rectm
1788 4307 2011 4398 regulae

2116 4315 2248 4388 ιένα,
2296 4315 2383 4371 καὶ
2425 4319 2504 4386 τῷ
2547 4315 2682 4393 όρθῷ
2737 4317 2918 4372 κανόνι
2963 4320 3062 4382 τῆς
3112 4314 3368 4382 ἀληθείας
3420 4307 3694 4398 συνᾴδοντα,

366 4404 630 4466 veritatis
661 4405 1012 4480 concinere,
1047 4406 1308 4485 pervasit
1339 4416 1588 4488 repente
1620 4408 1776 4472 fama
1825 4392 2006 4470 totam

2116 4405 2278 4484 εθρόον
2331 4404 2366 4471 ἡ
2426 4392 2586 4481 φήμη
2639 4412 2924 4484 πανταχοῦ
2951 4409 3050 4471 τῆς
3095 4403 3298 4483 ἐρήμου
3329 4401 3594 4476 διέϐαινεν,
3622 4392 3692 4488 δῖε

363 4493 778 4575 solitudinem,
812 4494 970 4576 quod
995 4474 1082 4557 'e-t
1131 4515 1380 4574 magnus
1409 4474 1759 4580 Euthymius
1781 4516 2028 4580 seque-

2116 4474 2174 4550 ,αὶ
2230 4495 2257 4549 ὁ
2301 4474 2470 4571 μέγας
2507 4474 2518 4480 1
2543 4474 2924 4570 Εὖθύμιοςττῇ
2984 4493 3036 4549 ἐν
3120 4474 3422 4561 ἶαλκηδόνι
3478 4474 3686 4564 στοιχοίη

365 4589 536 4645 retur
568 4583 856 4664 synodum
891 4583 1467 4652 Chalcedonensem.

2116 4581 2312 4656 υνόδῳ.

445 4743 504 4796 95
530 4741 756 4807 Jerem.
791 4761 902 4826 xu,
937 4747 1036 4808 l3.
1121 4745 1182 4796 ’6
1209 4747 1364 4814 Psal.
1399 4751 1932 4895 cxxxvm,3§hlm
1973 4822 2391 4893 LECTIONES

441 4932 468 4973 δ
497 4933 576 4995 al.
611 4932 729 4997 ins.
757 4931 942 5000 ὅντως.
1031 4951 1057 4981 ε
1087 4935 1167 4998 al.
1203 4936 1532 5017 διαπρύσιος.
1616 4939 1644 4983 ά
1671 4937 1752 5002 al.
1787 4937 2098 5019 Καλχηδόνι
2128 4943 2192 4996 et
2221 4932 2394 4995 infra.
2481 4948 2507 4978 ο
2534 4931 2615 4996 al.
2648 4930 2908 5013 ’[αμνίας,
2941 4939 3000 4995 et
3027 4931 3207 4997 infra.

1580 5041 1790 5108 JOAN.
1838 5038 2216 5106 BOLLANDI
2258 5037 2513 5104 NOTIE.

367 5182 370 5185 λ
444 5144 560 5225 (87)
593 5145 702 5203 An.
733 5144 855 5229 βυ..
899 5147 1031 5229 {151,
1057 5157 1238 5229 coepta
1271 5157 1355 5229 est
1383 5150 1668 5229 8‘o_ct_obr.
1701 5161 1754 5208 et
1786 5159 1932 5229 post
1950 5147 2015 5204 t3
2099 5157 2158 5210 et
2189 5147 2226 5211 6
2257 5145 2360 5209 ubi
2386 5146 2646 5211 Joannes
2701 5146 2920 5209 dicitur
2959 5146 3278 5229 episcopus
3309 5147 3477 5208 ἔθνους
3506 5133 3683 5214 Σαββα-

364 5216 962 5296 sessione§_absoluta
1008 5216 1034 5274 ’1
1091 5216 1367 5278 Νόνεωι).
1420 5221 1642 5280 Dicitur
1657 5216 1859 5296 annus
1889 5220 2017 5296 Eu-
2096 5236 2301 5296 χηνῶν.

368 5286 723 5380 29299.1?-
766 5301 1170 5380 .°_"31_r°!9r1
1190 5300 1414 5380 nam!!!
1446 5303 1634 5380 sset.
1655 5294 1757 5380 τέ»
1779 5292 2012 5380 quem
2101 5285 2128 5287 "
2157 5285 2613 5377 “<90>'Auxolaus
2650 5307 2746 5364 hic
2775 5307 3034 5380 interni:
3083 5307 3306 5380 synodo
3335 5285 3683 5380 Ephesius."

365 5354 726 5449 §9Pjg§3§ﬂ
764 5361 1386 5449 gyypguipcbgargpt
1443 5354 1813 5449 Qgienlale'sf
1850 5363 2014 5432 isque
2095 5354 3548 5449 reaisais“;radiata?iii'viiaa'atuazgi‘m
3568 5362 3681 5449 Diq-

2095 5437 2290 5518 sroro,
2324 5437 2706 5520 ’subscripsu.
2769 5451 2900 5507 Haec
2965 5451 3219 5521 produnt
3249 5437 3372 5508 acta
3406 5437 3677 5521 Ephesii?!)

2093 5535 2219 5594 quae
2249 5509 2468 5594 intexta
2500 5509 2639 5579 sunt
2670 5525 2895 5594 synodo
2924 5509 3374 5580 Cbalcedonensi
3406 5509 3502 5576 siit)
3528 5509 3672 5566 ﬁnem

2090 5592 2354 5651 Actionis
2377 5594 2594 5665 primae.

365 5427 730 5496 principium
762 5441 1084 5487 contineret
1113 5438 1246 5488 anni
1282 5434 1438 5492 illius
1469 5435 1555 5491 75.

440 5495 872 5572 (βξγέειοθυιὶ
911 5507 972 5572 et
999 5503 1254 5572 triginta.

435 5565 552 5632 (89)
583 5565 838 5634 Uterque
886 5565 1314 5643 subscripsisse
1364 5576 1577 5646 legitur
1625 5579 1854 5636 Actioni
1896 5583 1943 5644 1,
1977 5577 2010 5630 2
