3972 6130
260 297 364 362 661

1563 307 1750 371 νΙΤΑ
1793 307 1852 370 S.
1901 305 2314 371 EUTHYMII.

3502 301 3620 368 662

258 433 610 509 ἐπιστομίζειν
656 435 859 512 μᾶλλον
917 437 1042 502 τοὺς
1084 438 1224 496 οὕτω
1263 446 1607 518 φρονοῦντας,
1653 441 1752 499 καί
1794 439 1882 496 ὅστ

1981 447 2040 501 et
2097 459 2201 520 pro
2259 439 2492 502 viribus
2551 456 2654 501 eos
2711 437 3082 500 deducerent
3143 434 3216 500 ad
3247 435 3616 514 veritatem;

255 520 473 597 δύναμις
509 539 876 605 χειραγωγεῖν
920 546 994 590 εις
1052 526 1308 596 ἀλήθειαν
1341 545 1355 559 ⁸
1416 530 1627 608 ἀπαίρει
1671 533 1759 588 κάί
1807 539 1882 588 vi»

1980 548 2139 591 nunc
2185 547 2424 610 quoque
2470 527 2700 591 recedit
2755 528 2818 589 in
2869 526 3278 588 omnimodam
3333 525 3619 588 solitudi-

255 610 339 667 ἐπὶ
395 613 497 680 τὴν
567 616 904 696 πανέρημον,
963 615 1194 682 πολλοὺς
1251 619 1334 675 καὶ
1403 617 1594 682 ἄλλους
1651 621 1892 697 γενέσθαι

253 704 660 787 παρασκευάσας
687 704 931 776 ζηλωτὰς
965 707 1124 762 αὐτοῦ
1154 711 1254 772 τῆς
1287 705 1710 787 ἀναχωρήσεως.

330 789 464 854 ΟΖ¹,
494 786 594 848 Ἠν
638 791 693 848 δέ
721 815 800 859 τις
833 795 1196 874 ἀναχωρητὴς
1247 796 1364 852 ἐκεῖ
1397 786 1574 875 μέγας
1635 799 1736 876 πρὸ
1795 821 1891 874 μι-

252 887 404 958 κροῦ,
465 879 699 960 ἔναγχος
781 884 879 956 μὲν
956 881 1279 961 παραϐαλὼν
1337 884 1444 942 ἀπὸ
1500 889 1600 954 τῆς
1670 889 1888 961 Λυκίας,

251 969 545 1045 Γεράσιμος
609 969 666 1027 δὲ
724 971 1078 1048 καλούμενος,
1140 973 1198 1037 ὅς
1254 980 1428 1030 πᾶσαν
1473 977 1530 1031 ἰν
1572 982 1641 1052 τῇ
1684 975 1891 1055 πατρίδι

247 1061 350 1123 τὴν
420 1073 698 1141 μοναχοτς
756 1061 1060 1136 πρέπουσαν
1144 1062 1536 1140 ἐπιδειξάμενος
1593 1065 1889 1142 πολιτείαν,

249 1146 486 1211 πολλοὺς
527 1152 616 1206 καὶ
658 1150 796 1208 κατὰ
838 1159 944 1208 τῶν
989 1158 1088 1220 τῆς
1124 1156 1381 1231 πονηρίας
1413 1155 1728 1230 πνευμάτων
1771 1159 1886 1214 εἷσ-

249 1239 448 1314 ήνεγκε
493 1240 612 1302 τοὺς
681 1239 928 1319 ἱδρῶτας.
990 1242 1154 1306 Οὗτος
1229 1243 1318 1300 οὖν
1359 1246 1414 1298 ὲν
1471 1251 1537 1320 τῇ
1596 1247 1740 1322 παρὰ
1798 1249 1888 1304 τὸν

247 1325 522 1400 Ἰορδάνην
567 1329 754 1407 ἐρήμῳ
794 1330 972 1395 καλῶς
1023 1332 1376 1408 ἀσκούμενος,
1431 1335 1516 1390 καὶ
1565 1333 1740 1391 πολλὰ
1769 1336 1889 1399 τοὺς

247 1414 509 1492 δαίμονας
552 1417 833 1497 πλήττων,
893 1419 1147 1495 βάλλεται
1193 1423 1282 1478 καὶ
1311 1425 1494 1502 αὐτὸς,
1536 1422 1890 1496 ἢσκελίζεται

244 1505 482 1581 μᾶλλον,
527 1509 629 1564 ὑπὸ
673 1508 770 1576 τῆς
830 1510 1002 1567 αὐτῶν
1048 1513 1390 1588 κακουργίας,
1445 1510 1539 1568 καί
1589 1527 1710 1577 τοῖς
1742 1518 1889 1593 αἱρε-

239 1609 423 1660 τικοῒς
481 1598 873 1676 συναπάγεται.
930 1599 1171 1657 Ἀκούων
1228 1599 1282 1656 δὲ
1339 1601 1482 1678 παρά
1540 1602 1752 1661 πάντων
1784 1627 1888 1680 μι-

237 1692 374 1756 κροῦ
402 1691 510 1742 τῶν
552 1687 922 1767 ἀναχωρητῶν
951 1689 1018 1745 τά
1048 1710 1107 1766 γε
1157 1698 1249 1749 τοῦ
1298 1691 1578 1764 Εὐθυμίου,
1627 1693 1712 1748 καὶ
1769 1705 1888 1757 τοῖς

237 1775 362 1852 περὶ
425 1775 584 1832 αὐτοῦ
656 1775 934 1851 ᾀδομένοις
1013 1779 1079 1834 τὰ
1139 1781 1251 1835 ὦτα
1317 1777 1710 1857 πληρούμενος,
1769 1780 1950 1862 ﬁxus

238 1864 375 1920 ποτὲ
407 1866 542 1943 πρὸς
586 1867 744 1922 αὐτὸν
787 1866 872 1924 ἐπὶ
901 1868 994 1924 τὸν
1042 1866 1261 1926 Ῥοῦϐἆν
1297 1884 1310 1898 ³
1373 1871 1462 1926 καὶ
1505 1873 1702 1949 χρόνον
1759 1893 1888 1927 συν-

237 1952 525 2029 διατρίψας
586 1957 808 2035 συχνὸν,
861 1957 1094 2032 νάματός
1140 1979 1197 2014 τε
1241 1960 1342 2026 τῆς
1397 1958 1598 2015 ἐκείνου
1641 1958 1888 2037 γλώττης

235 2045 340 2100 τοῦ
393 2047 765 2123 καθαρωτάτου
823 2047 986 2123 πιὼν,
1033 2049 1130 2104 οἷά
1171 2070 1288 2104 τινα
1339 2049 1492 2104 νόσον
1522 2049 1622 2116 τὴν
1675 2049 1890 2127 αἵρεσιν

234 2132 448 2208 ἆξεμεϊ,
498 2136 585 2191 καὶ
627 2137 758 2214 πρὸς
789 2152 888 2204 την
929 2138 1053 2214 ὑγιᾶ
1111 2138 1288 2194 πίστιν
1328 2137 1567 2194 ἐπάνεισι
1602 2154 1616 2169 ⁸
1679 2138 1889 2207 πολὶὴν

235 2223 346 2290 τῆς
398 2224 612 2290 ἀπάτης
671 2226 957 2300 μετάνοιαν
1012 2226 1182 2307 ἔχων,
1245 2229 1333 2284 καὶ
1373 2229 1468 2295 τὴν
1512 2225 1890 2308 διαφθαρεῖσαν

233 2315 346 2370 ὑπὸ
405 2319 574 2370 κενῶν
633 2313 811 2393 λόγων
852 2313 1091 2394 καρδίαν,
1160 2317 1362 2396 κέντρῳ
1422 2318 1591 2384 λύπης
1649 2316 1890 2390 κολάζων

239 2425 334 2459 και
394 2405 814 2479 τιμωρούμενος.
873 2415 1052 2478 Τούτῳ
1099 2404 1153 2462 δὲ
1204 2408 1346 2480 αὖτῷ
1401 2408 1488 2463 καὶ
1532 2406 1886 2486 ἄναχωρηταί

245 2492 444 2570 ἕτεροι,
492 2494 689 2573 Πέτρος
764 2498 792 2551 6
851 2496 1103 2574 Γυρνίτης
1149 2498 1166 2550 .l
1210 2495 1458 2572 ἐπίκλην,
1519 2499 1614 2552 καί
1676 2499 1888 2577 Μάρκος

243 2586 332 2639 καὶ
389 2581 605 2641 Ἰούλων
661 2587 746 2642 καὶ
819 2585 1108 2650 Σιλουανὸς
1175 2585 1562 2662 ἠκολούθησαν,
1644 2587 1732 2642 καὶ
1789 2587 1886 2656 τῆς

243 2670 528 2730 Θεοδοσίου
550 2675 638 2730 καὶ
665 2676 810 2733 αύτοὶ
838 2673 1099 2752 βλαϐερᾶς
1122 2675 1427 2742 ἀπέστησαν
1459 2675 1762 2738 κοινωνίας,

327 2751 462 2825 ΟΗ’,
500 2765 754 2839 Δευτὲρου
811 2751 868 2820 δὲ
927 2751 1064 2838 μετὰ
1106 2767 1271 2820 ταῦτα
1298 2763 1673 2842 διαγεγονότος
1704 2764 1883 2820 ἐνιαυ-

1977 635 2162 694 nem;
2195 629 2373 699 atque
2425 617 2647 680 multos
2697 616 2850 679 alios
2903 615 3172 678 reddidit
3227 633 3502 678 secessus
3525 616 3620 678 sui

1975 707 2326 770 imitatores.

2057 795 2650 860 LXXVIICaeterum
2669 795 2795 857 illic
2821 813 3069 874 magnus
3090 794 3333 876 quidam
3360 797 3620 858 anacho-

1971 893 2100 947 reta
2121 904 2153 946 a
2185 905 2373 966 pauco
2407 896 2676 966 tempore
2707 883 2982 964 degebat,
3019 885 3119 964 qui
3146 883 3389 965 quidem
3423 903 3619 962 nuper

1973 984 2216 1036 venerat
2237 993 2306 1036 ex
2329 973 2852 1055 Lycia,vocabatur
2882 979 3082 1034 autem
3108 972 3453 1036 Gerasimus
3481 975 3566 1054 (2)
3597 993 3613 1050 ;

1976 1083 2340 1146 omnemque
2359 1065 2416 1126 in
2440 1065 2628 1145 patria
2651 1063 2978 1125 monachos
3003 1062 3317 1124 docentem
3337 1063 3621 1124 ostende-

1969 1162 2060 1215 rat
2079 1157 2627 1225 virtutem,necnon
2654 1153 2874 1216 multos
2894 1151 3178 1213 intulerat
3199 1151 3449 1213 sudores
3462 1170 3616 1214 con-

1971 1251 2064 1305 tra
2086 1243 2331 1323 spiritus
2359 1242 2721 1324 nequitiaer
2745 1241 2980 1322 ergo,in
3005 1259 3205 1303 eremo
3224 1240 3471 1304 Jordani
3504 1242 3616 1302 ad-

1972 1331 2196 1410 juncta;
2225 1351 2288 1394 se
2323 1333 2608 1414 praeclare
2640 1337 3020 1404 exercens,et
3050 1347 3208 1410 saepe
3239 1329 3618 1409 multumque

1974 1420 2279 1482 daemones
2313 1422 2682 1501 percutiens,
2735 1420 3008 1499 pulsatur
3051 1419 3182 1498 ipse
3212 1436 3475 1499 quoque,
3510 1436 3617 1479 seu

1976 1510 2174 1590 potius
2193 1510 2636 1590 supplantatur,
2657 1509 2732 1571 ab
2767 1527 2974 1571 eorum
3003 1507 3476 1587 improbitate,et
3506 1509 3616 1568 ab-

1971 1598 2211 1660 ducitur
2238 1601 2310 1660 ab
2337 1597 2817 1662 haereticisﬁum
2846 1605 3046 1658 autem
3068 1596 3306 1658 audiret
3325 1596 3398 1656 ab
3423 1596 3619 1656 omni-

1973 1687 2084 1749 bus
2103 1688 2230 1750 fere
2249 1689 2631 1750 anachoretis
2654 1688 2728 1749 de
2749 1687 3399 1766 Euthymio,auresque
3429 1683 3618 1746 habe-

1969 1786 2063 1839 ret
2089 1778 2360 1858 oppletas
2384 1777 2458 1838 iis
2479 1797 2614 1856 quae
2635 1777 2709 1839 de
2733 1795 2804 1839 eo
2829 1774 3480 1850 celebrabantur,venit
3500 1773 3616 1836 ali-

1971 1869 2214 1948 quando
2241 1867 2311 1928 ad
2337 1886 2472 1929 eum
2499 1868 2559 1928 in
2583 1866 2820 1943 Ruban;
2845 1866 3075 1944 diuque
3103 1883 3240 1926 cum
3261 1863 3390 1944 ipso
3409 1881 3616 1925 versa-

1975 1965 2092 2028 tus,
2129 1966 2443 2037 postquam
2495 1956 2882 2037 purissimum
2923 1955 3087 2016 illius
3125 1954 3342 2032 linguae
3363 1952 3619 2014 bibisset

1972 2046 2284 2122 ﬂuentum,
2308 2045 2489 2107 veluti
2514 2044 2834 2125 quemdam
2861 2042 3142 2105 morbum
3166 2040 3388 2102 evomit
3417 2042 3615 2103 hare-

1973 2134 2268 2205 sim,etad
2288 2153 2492 2196 sanam
2521 2134 2697 2195 ﬁdem
2720 2133 3069 2209 revertitur;
3097 2131 3285 2193 multa
3308 2130 3383 2192 ob
3404 2130 3621 2192 seduc-

1975 2223 2200 2285 tionem
2222 2223 2436 2286 ductus
2460 2222 2836 2303 pmnitentia,
2865 2229 2922 2284 et
2945 2240 3049 2284 cor
3069 2223 3234 2283 vanis
3265 2227 3615 2298 corruptum

1973 2311 2618 2385 sermonibus,doloris
2651 2312 2896 2372 stimulo
2927 2311 3225 2390 castigans
3254 2317 3311 2371 et
3334 2309 3614 2389 puniens.

1972 2401 2143 2462 Hunc
2167 2419 2304 2463 vero
2334 2402 2527 2482 ipsum
2555 2401 2740 2463 etiam
2767 2399 2872 2462 alii
2896 2399 3088 2460 secuti
3118 2405 3256 2460 sunt
3275 2397 3617 2459 anachore-

1973 2490 2286 2567 taa,Petrus
2309 2493 2404 2570 (3)
2431 2490 2705 2572 Gyruites
2727 2489 3111 2569 cognomine,
3146 2489 3406 2561 Marcus,
3436 2487 3615 2548 Julon

1971 2587 2029 2641 et
2059 2580 2376 2653 Silvanus;
2443 2581 2675 2661 ipsique
2739 2577 3382 2660 pariteraTheodosii
3440 2575 3618 2639 noxia

1973 2671 2398 2732 communione
2431 2677 2839 2732 recesserunt.

2048 2757 2356 2822 LXXVIII.
2418 2758 2564 2821 Cum
2620 2768 2818 2820 autem
2870 2757 3171 2819 secundus
3200 2759 3282 2826 (4)
3317 2763 3452 2837 post
3487 2758 3616 2819 haec

249 2857 372 2929 τοῦ,
399 2851 613 2930 οἴχεται
646 2854 744 2928 μὲν
797 2853 848 2918 ἐξ
893 2851 1183 2930 ἀνθρώπων
1233 2856 1260 2909 6
1320 2851 1621 2930 Θεοδόσιος,
1684 2854 1882 2912 κάτεισι

1977 2864 2172 2910 annus
2202 2849 2670 2924 intercessisset,
2706 2847 2829 2910 abit
2887 2847 3134 2928 quidem
3163 2847 3315 2909 clam
3350 2845 3615 2907 homini-

248 2939 307 2995 δὲ
361 2940 468 2996 ἀπὸ
526 2949 618 2998 τοῦ
671 2940 860 3000 Ῥουϐἆ
917 2944 1047 3021 πρῆς
1091 2943 1191 3009 τὴν
1234 2941 1428 3022 λαύραν
1477 2946 1504 2998 6
1564 2943 1756 3020 μέγας.
1792 2944 1882 3002 Καῖ

1977 2935 2086 2998 bus
2116 2937 2515 3019 Theodosius,
2545 2957 2577 3000 e
2608 2936 2820 3000 Ruban
2874 2955 3013 2998 vero
3066 2936 3128 2997 in
3159 2936 3386 2997 lauram
3419 2953 3618 2998 rever-

244 3028 309 3099 δή
340 3051 473 3086 ποτε
518 3037 644 3106 μιᾶς
684 3033 789 3088 τῶν
822 3031 1136 3109 Σαϐϐάτων,
1171 3035 1198 3088 6
1230 3031 1327 3107 μὲν
1371 3031 1688 3110 ἐλειτούργει
1745 3039 1882 3107 Θεῷ,

1977 3027 2114 3088 titur
2143 3046 2395 3107 magnus
2423 3027 2801 3107 Euthymius.
2863 3025 2933 3087 Et
2961 3025 3282 3107 aliquando
3315 3043 3437 3087 una
3461 3024 3618 3088 Sab-

245 3121 331 3175 καὶ
388 3119 490 3186 τὴν
537 3119 860 3194 ἀναίμακτον
919 3123 1062 3194 αὒτῷ
1136 3122 1376 3199 προσῆγε
1438 3123 1640 3201 θυσίαν,
1708 3131 1882 3197 Δομε-

1977 3115 2272 3192 batorum,
2309 3117 2413 3178 ille
2446 3117 2690 3197 quidem
2721 3115 2845 3178 Deo
2878 3115 3280 3189 ministrabat,
3316 3115 3497 3195 eique
3527 3115 3615 3176 in-

247 3210 428 3273 τιανὸς
481 3206 535 3263 δὲ
591 3211 723 3286 πρὸς
763 3212 828 3266 τὰ
871 3209 1012 3276 δεξιὰ
1056 3211 1192 3288 μέρη
1237 3210 1264 3251 κ
1304 3212 1438 3286 μετὰ
1481 3214 1580 3278 τῆς
1625 3216 1882 3284 μυστικῆς

1977 3214 2286 3268 cruentum
2321 3205 2614 3268 oﬂ‘erebat
2644 3205 3004 3267 sacriﬁcium
3034 3227 3050 3277 ;
3107 3204 3484 3268 Domitianus
3510 3223 3617 3266 au-

249 3296 453 3364 ὲκείνης
510 3297 710 3375 ῥιπίδος
777 3298 1091 3373 παρίστάτο.
1137 3299 1416 3356 Τελετσθαι
1474 3297 1528 3355 δὲ
1585 3298 1689 3366 ἤδη
1748 3299 1882 3373 μελ-

1977 3302 2092 3356 tem
2122 3295 2358 3358 astabat
2411 3295 2483 3355 ad
2545 3297 2853 3357 dexteram
2909 3301 3136 3374 partem
3195 3311 3330 3354 cum
3367 3293 3616 3373 mystico

253 3385 448 3453 λούσης
481 3393 576 3454 τῆς
622 3395 718 3446 τοῦ
773 3390 1044 3467 τρισαγίου
1100 3388 1430 3468 δοξολογίας,
1485 3387 1724 3465 Τερέϐων
1774 3392 1882 3445 τεὸ

1977 3383 2074 3444 ἱΙΙο
2135 3385 2486 3445 ventilabro.
2558 3383 2828 3463 Cumque
2875 3385 3002 3463 jam
3057 3382 3399 3462 peragenda
3452 3391 3615 3444 esset

258 3477 557 3553 Σαρακῆνὸς
617 3478 706 3532 καὶ
755 3480 783 3534 6
843 3480 1150 3557 Χρυσίππου
1186 3477 1412 3558 ἀδελφὸς
1464 3476 1804 3554 Γαϐριήλιος,
1860 3479 1882 3533 6

1977 3470 2225 3552 Trisagii
2258 3471 2593 3547 doxologia,
2629 3471 2906 3533 Terebon
2957 3471 3292 3533 Saracenus
3337 3478 3395 3533 et
3423 3471 3614 3551 Chry-

252 3564 351 3636 μὲν
409 3564 655 3636 πλησίον,
716 3569 744 3623 6
803 3565 858 3622 δὲ
907 3570 1001 3623 τοῦ
1082 3567 1456 3644 θυσιαστηρίου
1514 3566 1656 3623 ἔνδον
1716 3568 1882 3631 ἑστὼς

1977 3561 2126 3642 sippi
2185 3563 2371 3623 frater
2419 3560 2780 3637 Gabrielius,
2838 3560 2935 3622 hic
2985 3561 3230 3638 quidem
3264 3578 3475 3641 prope,
3511 3561 3614 3622 ille

251 3659 374 3731 (τῆς
407 3653 617 3722 πολλῆς
649 3678 743 3712 σου
776 3657 892 3734 περὶ
921 3659 1013 3713 τὸν
1043 3657 1322 3737 Εὖθύμιον,
1361 3656 1574 3736 Χριστὲ,
1607 3655 1882 3736 χάριτοςί)

245 3745 408 3818 ὁρῶσι
468 3752 571 3820 πυρ
626 3745 687 3801 ἐκ
738 3756 830 3804 τοῦ
872 3744 1154 3825 αἰφνιδίου,
1206 3745 1441 3821 καθάπερ
1472 3744 1558 3801 ἐπί
1588 3766 1730 3808 τινος
1764 3743 1884 3801 δια-

240 3832 548 3910 κεχυμένον
607 3834 820 3913 ὀθόνης,
866 3833 1060 3891 ἄνωθεν
1103 3836 1311 3914 κατιὸν,
1358 3837 1446 3891 καὶ
1477 3834 1632 3890 αὐτόν
1687 3855 1744 3890 τε
1794 3836 1884 3889 τὸν

239 3922 413 4000 μέγαν
475 3923 750 3996 Εὖθύμιον,
813 3924 905 3980 σὺν
963 3925 1102 3998 αὑτῷ
1151 3923 1207 3979 δὲ
1257 3923 1344 3980 καὶ
1381 3925 1706 3998 Δομετιανὸν
1738 3921 1885 3980 ἔνδον

239 4008 554 4088 περιλαὸὸν,
609 4013 703 4067 καί
762 4011 900 4068 οὕτω
962 4019 1078 4089 περὶ
1136 4014 1322 4077 αὑτοὺς
1381 4011 1662 4086 διαμεῖναν
1705 4012 1883 4090 ἀπαρ-

241 4101 355 4179 χῆς
410 4103 504 4156 τοῦ
536 4102 818 4178 Τρισαγίου
851 4099 979 4180 ἄχρι
1011 4103 1106 4158 καί
1149 4101 1583 4179 συμπληρώσεως
1616 4101 1710 4170 τῆς
1741 4104 1884 4180 ἱερᾶς

239 4189 603 4266 λειτουργίας,
671 4189 791 4246 Δέει
833 4189 888 4245 δὲ
950 4189 1217 4268 ληφθέντα
1265 4193 1396 4270 φησὶ
1451 4195 1543 4246 τὸν
1587 4189 1884 4269 Τερὲϐωνα,

239 4277 464 4354 περιδεῆ
525 4281 614 4334 καὶ
665 4277 970 4357 κατάφοϐον
1027 4280 1380 4360 ὑποχωρῆσαι
1439 4287 1532 4337 τοῦ
1589 4283 1886 4347 θυσιαστη-

243 4367 382 4444 ρίου,
443 4366 539 4423 καί
597 4375 692 4424 τοῦ
749 4367 942 4425 λοιποῦ
997 4371 1191 4441 μηκέτι
1235 4368 1452 4436 ἀναίδην
1497 4372 1570 4433 ὡς
1630 4369 1759 4448 εἶχε
1799 4371 1888 4426 καὶ

243 4454 483 4532 θρασέως
568 4457 662 4524 τῆς
735 4460 841 4514 τῶν
913 4456 1114 4514 ἀδύτιον
1173 4457 1376 4516 εἰσόδου
1444 4457 1883 4530 κατατολμῆσαι,

1968 3669 2108 3713 vero
2137 3659 2299 3711 stans
2338 3653 2492 3711 intra
2522 3649 2707 3711 altare
2737 3653 2794 3729 (ο
2829 3667 3125 3729 magnam,
3163 3649 3422 3725 Christe,
3451 3658 3612 3711 tuam

1970 3756 2112 3818 erga
2146 3740 2528 3819 Euthymium
2562 3741 2813 3817 gratiam
2841 3739 2884 3818 !)
2940 3738 3146 3800 vident
3192 3739 3394 3814 ignem
3427 3739 3612 3800 dere-

1970 3837 2168 3911 pente,
2205 3829 2388 3891 veluti
2423 3829 2484 3888 in
2535 3827 2792 3908 quodam
2852 3828 3129 3889 diﬂ‘usum
3182 3827 3396 3902 linteo,
3426 3827 3610 3890 desu-

1970 3937 2077 3998 per
2105 3916 2598 3986 descendentem,
2633 3917 2854 3998 quique
2906 3917 3066 3978 intus
3110 3918 3614 3996 complecteretur

1967 4009 2162 4088 ipsum
2190 4025 2468 4086 magnum
2502 4005 2882 4086 Euthymium
2928 4023 3165 4086 unaque
3217 4025 3350 4066 cum
3384 4025 3454 4068 eo
3486 4005 3610 4067 Do-

1971 4097 2307 4176 mitianum,
2334 4096 2543 4176 sicque
2575 4095 2738 4157 circa
2769 4096 2932 4175 ipsos
2967 4096 3367 4176 permansisse
3390 4095 3465 4157 ab
3500 4095 3615 4158 ini-

1971 4186 2053 4247 tio
2083 4184 2335 4263 Trisagii
2389 4192 2584 4264 usque
2639 4183 2715 4246 ad
2775 4183 3282 4264 complementum
3316 4201 3503 4245 sacra)
3534 4183 3613 4244 li-
3715 4246 3719 4252 ,

1970 4277 2204 4354 turgiae.
2254 4273 2632 4335 Terebonem
2689 4283 2885 4335 autem
2937 4273 3021 4335 ait
3067 4281 3226 4335 metu
3260 4281 3612 4354 terroreque

1968 4371 2337 4444 correptum,
2396 4361 2470 4422 ab
2529 4361 2700 4424 altari
2757 4361 3108 4435 recessisse,
3186 4378 3300 4422 nec
3352 4361 3613 4442 amplius

1971 4461 2177 4534 postea
2203 4451 2397 4514 libere
2447 4451 2530 4529 (5)
2585 4451 2668 4512 uti
2699 4461 2828 4512 erat
2859 4459 2917 4512 et
2947 4451 3206 4513 fidenter
3233 4468 3444 4512 ausum
3476 4469 3612 4513 esse

247 4525 375 4600 ἀλλ’
420 4543 476 4599 ἒν
520 4559 638 4610 τοῖς
680 4553 774 4602 τοῦ
806 4554 930 4603 ναοῦ
973 4546 1320 4624 προπυλαίοις
1352 4549 1488 4623 μετὰ
1516 4525 1722 4616 πολλης
1753 4525 1882 4603 κατά

1977 4525 2204 4621 ingredi
2235 4540 2296 4600 in
2327 4525 2520 4620 adyta,
2553 4540 2660 4601 sed
2691 4540 2752 4601 in
2783 4539 2992 4621 templi
3049 4539 3394 4602 constitisse
3429 4541 3616 4602 vesti—

249 4633 348 4698 τῆν
381 4632 591 4699 σύναξιν
650 4635 863 4692 ἑστάναι
913 4641 1012 4702 τῆς
1058 4634 1330 4698 εὐλαϐείας
1368 4653 1381 4668 ·
1433 4639 1506 4699 ὡς
1538 4639 1565 4692 6
1595 4637 1882 4716 ἀναχωρη-

1977 4629 2136 4692 bulis
2163 4648 2299 4692 cum
2359 4646 2572 4707 magna
2629 4647 2736 4709 per
2787 4629 3062 4707 synaxim
3119 4629 3479 4692 reverentia.
3541 4633 3617 4691 Ut

249 4722 348 4788 τὴς
405 4725 528 4798 ἒμοὶ
575 4726 832 4799 Κυριακὸς
890 4725 1105 4802 ὕστερον
1154 4725 1472 4804 διηγήσατο,
1529 4726 1671 4804 παρὰ
1729 4724 1890 4803 Τερέ-

250 4806 421 4874 ϐωνος
482 4813 613 4868 αὒτὰ
669 4812 765 4869 καί
824 4811 1136 4892 Γαϐριηλίου
1215 4818 1320 4871 τῶν
1377 4815 1689 4891 ἑωρακότων
1746 4813 1887 4879 ἀκη-

252 4901 414 4965 κοώς,

1978 4720 2124 4781 mihi
2173 4718 2546 4799 postmodum
2603 4717 2859 4780 narravit
2919 4719 3196 4799 Cyriacus
3228 4718 3608 4793 anachoreta,

1975 4809 2076 4891 qui
2108 4811 2236 4872 haec
2265 4808 2538 4870 audierat
2566 4826 2600 4870 a
2621 4806 2938 4872 Terebone
2969 4818 3029 4872 et
3060 4807 3387 4887 Gabrielio,
3427 4806 3608 4869 mira-

1975 4900 2091 4962 culi
2121 4895 2576 4978 spectatoribus.

1555 5062 1817 5126 VARle
1867 5057 2306 5124 LECTIONES.

1478 5222 1686 5289 JOAN.
1728 5219 2102 5287 BOLLANDI
2142 5217 2388 5282 NOTAE.

326 5139 345 5192 J
392 5136 472 5200 al.
507 5143 808 5216 Γουρνίτης.
900 5143 925 5182 ι
950 5140 1120 5204 abest
1147 5141 1220 5204 ab
1252 5143 1330 5205 al.

333 5321 410 5391 (2)
447 5321 522 5403 Pe
553 5325 610 5382 S.
647 5327 941 5403 Gerasimo
970 5343 1204 5403 egemus
1230 5331 1266 5386 5
1287 5329 1632 5403 iiartlI.Ejus
1655 5334 1894 5389 virtutes
1976 5327 2302 5403 deﬁnimus.

260 5392 670 5472 describuntur
703 5399 850 5472 intra
881 5392 1287 5472 cap.'15,apud
1321 5392 1610 5459 Moschum
1644 5404 1698 5460 in
1722 5403 1896 5459 Prata

2047 5401 2128 5470 (t)
2145 5399 2386 5470 Menses
2411 5395 2491 5470 ες)
2517 5395 2819 5470 seditiosus
2847 5396 3204 5470 Theodosius
3247 5398 3615 5470 tyrannidem

261 5464 537 5590 ἒρἯιιφζέ
577 5481 702 5545 ρει),
742 5469 839 5524 107
897 5464 1124 5534 91'141,
1167 5464 1222 5528 ét
1277 5475 1337 5528 in
1390 5473 1503 5530 Vita
1537 5473 1593 5530 S.
1628 5474 1785 5532 Sahae
1843 5483 1896 5531 et
1980 5464 2198 5527 in'sede
2221 5465 2732 5590 Hierosolkmitana
2756 5467 3099 5538 exercuit.et
3121 5470 3192 5528 ad
3224 5464 3480 5528 m’ontem
3505 5471 3610 5543 Sy-

308 5577 320 5589 .
407 5551 628 5590 umaci.
1981 5556 2169 5590 mnum
2204 5540 2456 5590 prolusit
2536 5537 2863 5590 Icenhorus.

353 5534 628 5601 Quiriaci.

331 5607 432 5687 ,(3),
450 5607 773 5687 ijpnasterii
795 5611 1033 5687 Abbatis
1067 5611 1222 5687 ljetri
1243 5613 1408 5687 juxta
1439 5613 1741 5687 Iordanem
1773 5629 1899 5672 me-

269 5678 440 5736 minit
468 5677 732 5738 Moschus
761 5697 883 5756 cap.
925 5685 1011 5751 16,
1040 5685 1102 5740 17
1135 5694 1190 5743 et
1223 5677 1311 5751 f8,
1335 5687 1437 5744 sed
1464 5701 1538 5745 an
1555 5685 1754 5760 hujus,
1781 5701 1902 5746 non

1981 5556 2169 5599 meum
2204 5540 2456 5608 profugit
2485 5537 2863 5608 Nicephorus.

2054 5613 2129 5681 (5)
2162 5608 2302 5678 Quia
2342 5607 2426 5666 vir
2461 5608 2583 5681 ipse
2603 5607 2947 5681 conjugatus
2976 5619 3119 5672 erat.
