3972 6130
225 308 345 372 665
1530 307 1716 369 VITA
1762 307 1822 369 S.
1871 305 2283 368 EUTHYMII.
3481 308 3598 373 666

223 445 318 501 καὶ
359 443 420 500 τδ
461 440 651 500 λοιπὸν
695 439 898 520 σπουδῇ
955 441 1102 519 πάσῃ
1135 441 1267 498 κατὰ
1296 446 1404 499 τῶν
1435 440 1720 522 ὀρθοδόξων
1780 441 1864 498 δι·-

1951 439 2234 505 adversus
2261 439 2629 504 orthodoxos
2653 447 2774 504 toto
2791 438 2989 503 studio
3020 438 3382 506 decertabat:
3411 443 3514 504 sed
3539 452 3596 506 et

220 535 524 613 ηγωνίζετο
556 549 571 564 ⁶
632 532 942 611 ἔπηγάγετο
972 530 1026 588 δὲ
1056 532 1144 588 καὶ
1182 532 1384 598 πάντας
1415 533 1534 598 τοὺς
1567 532 1863 612 μοναχοὺς,

1951 530 2188 596 induxit
2219 549 2428 593 omnes
2461 532 2812 606 monachos,
2848 539 3133 613 quotquot
3168 531 3257 594 vel
3285 533 3342 594 in
3377 531 3597 593 solitu-

219 623 344 680 ὅσοι
401 637 459 679 τε
503 623 600 692 τὴν
646 622 874 702 ἔρημον,
932 621 1018 679 καὶ
1079 620 1194 678 ὅσοι
1238 623 1338 690 τὴν
1371 623 1526 700 ἁγίαν
1557 621 1713 678 πόλιν
1742 643 1864 677 κατ-

1951 619 2093 681 dine
2116 621 2204 681 vel
2228 620 2290 682 in
2314 628 2520 682 sancta
2542 620 2892 683 habitabant
2910 620 3596 702 civitate,persuasitque

216 715 420 787 ᾤκουν,
454 713 544 769 καὶ
587 713 652 768 τὰ
709 712 842 768 αὒτὰ
873 710 1050 788 ἐκείνῃ
1082 709 1392 789 πρεσϐεύειν
1421 710 1656 768 ἔπεισεν.
1705 708 1864 768 Ἐπεὶ

1953 719 2014 771 ιιι
2044 711 2254 772 eadem
2286 730 2420 773 cum
2455 710 2556 773 illa
2611 719 2974 774 assererent.
3028 713 3346 793 Postquam
3395 719 3594 774 autem

212 801 278 858 δὲ
323 803 360 868 ὴ
403 800 525 868 δίκη
567 801 798 876 μετῆλθε
830 802 922 857 τὸν
973 800 1409 878 Θεοδόσιον,’καί
1439 803 1465 856 ὁ
1499 801 1596 875 μὲν
1628 800 1867 856 ἐκποδὼν

211 891 327 960 ἤδη
372 893 597 969 γίνεται.
627 890 983 957 Ἰουϐενάλιος
1040 889 1095 947 δὲ
1157 893 1249 948 τὸν
1281 893 1471 948 ἑαυτοῦ
1497 891 1680 970 θρόνον
1724 891 1866 947 ἀπο-

215 980 518 1061 λαμϐάνει,
573 983 660 1038 καὶ
707 995 830 1046 ταῖς
877 978 1230 1048 Ἐκκλησίαις
1272 982 1339 1042 τὰ
1377 980 1588 1055 λυπηρὰ
1621 978 1868 1036 διαλύον-

214 1094 336 1145 ται,
399 1072 692 1149 γράμματα
738 1070 1001 1134 πολλάκις
1051 1070 1119 1138 τῇ
1165 1067 1393 1146 βασιλίδι
1440 1067 1724 1146 Οὐαλερίου
1775 1077 1870 1127 106

211 1160 471 1240 ἀδελφοῦ,
553 1163 646 1216 καί
737 1159 1010 1239 Ὀλυόρίου
1092 1159 1185 1215 106
1262 1157 1502 1237 γαμϐροῦ
1560 1157 1867 1234 πέμπονται

211 1250 349 1329 πὰρ’
383 1250 575 1324 αἰτίαν,
608 1250 748 1306 ὥστε
801 1255 900 1316 τῆς
943 1256 1048 1305 τῶν
1112 1250 1544 1328 Εὖτυχιανιστῶν
1593 1248 1866 1328 ἀφεμένην

211 1341 530 1412 κοινωνίας,
591 1351 712 1402 τοῖς
775 1345 843 1415 τῇ
884 1337 1148 1414 καθολικῇ
1205 1337 1501 1410 Ἐκκλησία
1533 1335 1867 1416 δεδογμένοις

210 1429 612 1496 ἀκολουθῆσαι,
660 1428 724 1485 Ἦ
756 1425 811 1484 δὲ
855 1433 1038 1505 πρῶτα
1085 1428 1182 1504 μὲν
1219 1428 1319 1494 τὴν
1369 1423 1677 1502 μεταϐολὴν
1707 1425 1866 1482 ὤκνει

1941 799 2177 878 justitia
2197 799 2452 880 sumpsit
2469 800 2789 862 vindictam
2813 799 2888 861 de
2907 798 3593 882 Theodosio,isquejam

1950 896 2182 950 amotus
2213 889 2344 962 fuit,
2376 888 2682 952 Juvenalis
2727 907 2866 950 vero
2898 889 3106 952 sedem
3141 909 3305 952 suam
3339 889 3594 970 recepit,

1950 978 2238 1040 dissoluta
2295 986 2434 1039 sunt
2493 998 2625 1059 quae
2677 978 2960 1040 Ecclesiis
3012 980 3340 1042 efferebant
3372 980 3597 1040 moles-

1953 1066 2118 1144 tiam,
2153 1067 2365 1130 litterae
2396 1065 2618 1129 Valerii
2655 1067 2738 1146 (6)
2793 1067 2989 1129 fratris
3021 1076 3078 1129 et
3101 1067 3327 1148 Olybrii
3363 1067 3450 1146 (7)
3484 1085 3592 1146 ge-

1951 1161 2082 1218 neri
2139 1175 2300 1236 saepe
2360 1158 2677 1220 mittuntur
2733 1155 2805 1218 ad
2860 1156 3304 1237 imperatricem
3357 1158 3466 1219 hac
3516 1157 3590 1218 de

1951 1263 2150 1318 causa,
2181 1253 2245 1306 ut
2269 1245 2853 1324 Eutychianistarum
2903 1245 3114 1308 relicta
3143 1246 3590 1322 communione,

1948 1341 2231 1414 sequatur
2290 1353 2358 1396 ea
2407 1354 2541 1413 quae
2597 1333 2669 1396 ab
2730 1335 3000 1397 Ecclesia
3029 1335 3322 1396 catholica
3353 1336 3594 1397 decreta

1951 1425 2212 1487 luerunt.
2274 1423 2380 1485 Illa
2438 1442 2579 1485 vero
2633 1424 2891 1504 primum
2926 1424 3169 1504 quidem
3204 1425 3592 1486 mutationem

1949 1511 2316 1574 detrectabat
2349 1520 2407 1573 et
2437 1511 2774 1593 differebat,
2807 1531 3003 1594 neque
3049 1520 3298 1576 noverat
3325 1531 3442 1594 quo
3476 1532 3598 1575 mo-

1950 1600 2026 1662 do
2061 1600 2224 1680 prius
2257 1600 2473 1676 placita
2499 1601 2810 1680 abjiceret.

209 1517 320 1574 καῖ
351 1516 703 1596 ἀνεϐάλλετο,
735 1518 827 1574 καὶ
858 1518 952 1574 οὒκ
995 1517 1154 1596 εἶχεν
1189 1513 1332 1581 ὅπως
1365 1514 1426 1569 ἂν
1453 1515 1518 1570 τὰ
1543 1512 1646 1582 ἤδη
1675 1512 1866 1580 δόξαν-

208 1629 286 1664 τα
321 1607 692 1684 καταπρόηται
705 1655 719 1668 ,

303 1695 434 1758 III".
481 1694 705 1763 Ἐπειδὴ
749 1694 805 1751 δὲ
859 1695 1018 1770 μάθοι
1061 1695 1152 1750 τόν
1196 1715 1253 1750 τε
1297 1692 1533 1770 γαμϐρὸν
1585 1693 1751 1760 αὐτῆς
1814 1693 1864 1748 ἑν

2029 1688 2328 1754 LXXXIII.
2365 1693 2588 1754 Verum
2625 1699 2936 1773 postquam
2963 1691 3276 1752 didicisset
3305 1709 3592 1769 generum

209 1786 406 1863 Θρᾴκῃ
432 1785 796 1864 ἀναιρεθῆναι,
832 1785 933 1852 τὴν
989 1783 1248 1863 θυγατέρα
1280 1806 1339 1840 τε
1369 1785 1458 1840 καὶ
1499 1784 1623 1845 τοὺς
1668 1781 1864 1845 παῖδας

1953 1797 2125 1841 suum
2151 1781 2212 1841 in
2233 1779 2487 1843 Thracia
2518 1781 2601 1862 (8)
2627 1781 2813 1843 fuisse
2834 1780 3262 1863 interemptum
3293 1781 3352 1830 28
3369 1782 3482 1861 (9),
3518 1782 3594 1842 ti-

207 1879 323 1934 ὑπὸ
377 1890 500 1941 τοῖς
537 1877 820 1952 πολεμίοις
879 1875 983 1944 ἤδη
1029 1875 1296 1953 γενέσθαι,
1357 1877 1446 1932 καὶ
1487 1874 1864 1954 αἰχμαλώτους

1957 1869 2220 1950 liamque
2254 1870 2379 1951 (10)
2413 1879 2470 1931 et
2497 1873 2627 1951 ejus
2661 1872 2810 1932 ﬁlias
2850 1890 2982 1932 esse
3023 1871 3085 1932 in
3129 1879 3421 1952 potestate
3448 1872 3593 1933 hos—

208 1968 298 2030 εἰς
375 1965 699 2046 Καρχηδόνα
766 1967 1108 2045 ἀπάγεσθαι,
1172 1963 1372 2044 σφόδρα
1431 1963 1712 2043 πληγεῖσα
1771 1965 1864 2032 τὴν

1955 1958 2119 2033 tiam,
2155 1968 2332 2040 atque
2373 1961 2634 2040 captivas
2670 1959 2885 2021 abduci
2909 1958 3326 2039 Carthaginem
3361 1981 3375 2020 :
3411 1961 3593 2023 corde

207 2053 463 2135 καρδίαν,
508 2060 604 2112 καὶ
653 2053 1010 2112 ἀνταπόδοσιν
1053 2058 1194 2111 εἶναι
1239 2054 1442 2110 τούτων
1469 2052 1570 2120 τήν
1603 2055 1708 2108 τῶν
1738 2051 1864 2132 φιλ-

1953 2047 2124 2110 valde
2145 2049 2489 2124 sauciata,et
2509 2049 2794 2112 arbitrata
2815 2050 3300 2111 charissimorum
3325 2050 3593 2113 amissio-

205 2144 397 2201 1a‘t'1wv
469 2142 741 2213 ἀποϐολὴν
820 2145 1066 2222 κρίνασα,
1113 2140 1427 2198 διδάσκαλον
1479 2142 1707 2217 εὑρίσκει
1763 2142 1863 2208 τὴν

1951 2155 2086 2198 nem
2110 2138 2362 2200 retribui
2383 2138 2567 2216 gestis
2611 2139 2759 2213 suis,
2794 2139 3434 2202 invenitcalamitatem
3461 2160 3593 2202 ma-

206 2234 493 2313 συμφορὰν
546 2242 637 2292 τοῦ
696 2233 872 2299 καλῶς
932 2233 1160 2312 ἔχοντος
1191 2249 1204 2263 '
1274 2233 1370 2290 Καὶ
1417 2233 1452 2299 ἡ
1497 2229 1710 2286 παιδεία
1765 2231 1864 2309 γὰρ

1949 2224 2188 2304 gistram
2223 2229 2354 2306 ejus
2379 2227 2540 2309 quod
2572 2235 2736 2289 recte
2756 2226 2969 2289 habet:
2999 2247 3132 2288 nam
3162 2229 3237 2289 Et
3258 2227 3593 2310 disciplina

207 2345 338 2398 σου,
389 2325 575 2402 φησὶν,
638 2323 771 2393 αὒτή
831 2344 898 2399 με
941 2321 1133 2387 διδάξει
1171 2338 1184 2352 ⁸
1243 2323 1332 2378 καὶ
1380 2321 1511 2398 πρὸς
1563 2321 1660 2386 τὴν
1705 2319 1862 2396 ὀρθό-

1951 2315 2442 2397 tua,inquit,ipsa
2459 2335 2553 2378 me
2574 2315 2807 2379 docebit
2827 2315 2909 2392 29;
2932 2324 2991 2377 et
3009 2317 3081 2377 ad
3105 2324 3326 2378 rectam
3351 2335 3589 2380 veram-

207 2435 389 2488 1,op.ov
434 2421 456 2447 °
497 2414 584 2470 καὶ
645 2412 818 2488 ἀληθῇ
876 2413 1055 2469 πίστιν
1114 2409 1182 2466 δι’
1233 2411 1444 2477 εκείνης
1507 2407 1860 2489 ὁδηγηθεϊσα,

1951 2424 2066 2484 que
2090 2405 2264 2468 ﬁdem
2297 2425 2406 2486 per
2428 2405 2588 2467 illam
2619 2405 2903 2480 deducta,
2940 2406 3141 2468 statuit
3170 2406 3455 2488 deinceps
3485 2426 3589 2470 va-

209 2501 493 2582 σχολάσαι
552 2503 613 2558 τὸ
655 2503 844 2558 λοιπὸν
875 2500 1014 2580 ἔγνω
1054 2501 1210 2564 θείοις
1258 2498 1475 2578 ἀνδράσι
1532 2498 1863 2574 τυπουμένη,

1949 2513 2112 2570 care,
2145 2515 2178 2557 a
2203 2495 2345 2558 viris
2375 2495 2592 2558 divinis
2625 2496 2917 2571 instituta,
2953 2495 3149 2576 iisque
3176 2503 3352 2558 utens
3384 2498 3590 2560 ducto-

215 2593 306 2648 καὶ
351 2604 727 2671 χειραγωγοῖς
775 2590 1038 2670 χρωμένη
1081 2592 1213 2668 πρὸς
1257 2591 1548 2667 σωτηρίαν.
1588 2589 1762 2666 Ταύτῃ
1783 2609 1864 2644 τοι

1949 2584 2114 2647 ribus
2142 2585 2214 2646 ad
2247 2585 2524 2649 salutem.
2557 2586 2752 2668 Atque
2781 2585 2918 2646 ideo
2951 2585 3335 2648 Anastasium
3369 2587 3590 2650 chore-

213 2682 308 2737 καὶ
393 2683 482 2737 τὸν
565 2681 984 2760 χωρεπίσκοπον
1053 2678 1425 2758 Ἀναστάσιον,
1514 2678 1649 2753 μετὰ
1708 2700 1864 2734 τινων

1949 2676 2255 2756 pisc0pum
2293 2675 2420 2756 (H)
2450 2694 2582 2736 cum
2617 2675 2970 2756 quibusdam
3005 2677 3136 2738 aliis
3159 2675 3446 2738 ministris
3467 2678 3592 2740 suis

215 2769 668 2847 ὑπηρετουμένων
750 2769 886 2845 αὐτῇ
972 2770 1059 2826 καὶ
1117 2767 1320 2842 ἄλλων,
1394 2768 1466 2832 εἷς
1523 2765 1864 2848 Ἀντιόχειαν

1953 2765 2133 2826 mittit
2155 2763 2533 2826 Antiochiam
2560 2765 2631 2826 ad
2648 2766 3006 2846 Symeonem
3030 2764 3153 2844 (12)
3180 2766 3588 2830 columnarem

219 2860 371 2935 παρά
406 2860 495 2915 τὸν
552 2859 792 2925 κιονίτην
837 2859 1084 2938 Συμεὼν,
1137 2858 1229 2914 τὸν
1285 2856 1560 2932 ὕψωθέντα
1593 2856 1660 2923 τῆ
1698 2857 1863 2934 ἀρετῇ

1949 2854 2253 2932 illum,qui
2286 2854 2473 2916 multo
2505 2854 2692 2916 altius
2724 2863 2852 2915 erat
2883 2855 3152 2917 sublatus
3175 2854 3387 2916 virtute
3413 2875 3586 2937 quam

217 2947 412 3022 πολλῷ
439 2947 644 3023 μᾶλλον
691 2949 727 3014 ἦ
778 2953 854 3020 τῷ
897 2949 1056 3022 κίονι,
1088 2947 1150 3003 τὸ
1179 2945 1354 3021 θαῦμα
1384 2951 1486 3013 τῆς
1517 2946 1860 3022 οἰκουμένης,

1949 2943 2432 3017 columna,totius
2461 2943 2627 3006 orbis
2660 2944 3040 3021 miraculum;
3071 2944 3247 3025 eique
3286 2964 3394 3026 per
3424 2946 3588 3007 litte-

216 3036 510 3112 ἐκπέμπει,
557 3035 844 3112 σημάνασα
887 3035 971 3092 διὰ
1038 3036 1371 3114 γραμμάτων
1427 3035 1569 3109 αὒτῷ
1627 3037 1721 3090 τὸν
1761 3057 1862 3102 της

1949 3053 2044 3096 ras
2073 3034 2368 3113 signiﬁcat
2394 3034 2594 3097 cordis
2621 3035 3351 3116 propositum,rursusque
3382 3044 3589 3116 postu-

216 3126 435 3206 καρδίας
465 3128 690 3201 σκοπὸν,
728 3126 944 3192 ἀξιοῦσά
971 3149 1029 3184 τε
1076 3127 1202 3204 παρ’
1253 3126 1454 3182 ἐκείιου
1496 3123 1658 3182 πάλιν
1714 3127 1861 3205 γνώ-

220 3241 329 3292 μην
374 3215 590 3279 λαϐεῖν,
641 3208 834 3273 Ἠποῖα
865 3217 953 3273 οὖν
1003 3219 1037 3284 ἡ
1083 3214 1208 3294 παρ’
1253 3215 1454 3272 ἐκείνου
1497 3216 1715 3292 γνώμη,
1777 3217 1864 3272 καὶ

219 3309 298 3368 τὶς
356 3309 392 3375 ἡ
421 3306 701 3383 ἀπόκρισις
737 3328 753 3382 ;
807 3309 1063 3384 Γῖνωσκε,
1096 3306 1283 3382 φησὶν,
1317 3307 1389 3368 ὡς
1423 3307 1450 3360 ὁ
1482 3305 1740 3384 πονηρὸς,
1775 3307 1864 3362 τὸν

228 3395 451 3455 πλοῦτον
480 3396 588 3452 τῶν
622 3401 733 3453 σῶν
765 3399 901 3474 δρῶν
945 3397 1170 3474 ἀρετῶν,
1206 3393 1504 3471 ἐξῃτήσατο
1543 3395 1774 3451 σινιάσαι
1807 3417 1865 3450 σε

234 3485 306 3548 ὡς
337 3486 427 3541 τὸν
456 3499 605 3542 σῖτον
642 3502 655 3516 ⁸
684 3487 772 3542 καὶ
813 3484 989 3542 πολλά
1019 3507 1081 3562 γε
1113 3483 1198 3541 διὰ
1227 3487 1320 3540 τοῦ
1361 3482 1634 3558 λυμεῶνος
1665 3484 1866 3540 ἐκεῖνοι)

229 3571 502 3631 Θεοδοσίου
543 3575 644 3642 τὴν
690 3574 920 3653 θεοφιλη
974 3596 1067 3632 σου
1118 3573 1306 3654 ψυχὴν
1337 3573 1663 3648 ἒλυμήνατο,
1695 3571 1867 3629 Ἀλλᾶ

221 3663 421 3742 θάρσει.
456 3666 529 3722 Οὑ
577 3665 677 3742 γὰρ
735 3662 943 3729 ἐξέλιπέ
987 3685 1082 3722 σου
1127 3665 1161 3730 ἡ
1212 3664 1410 3727 πίστις.
1459 3661 1614 3736 Ἐμοὶ
1672 3660 1726 3716 δὲ
1780 3663 1866 3718 καὶ

219 3760 377 3810 τοῦτο
433 3751 550 3809 λίαν
619 3753 794 3810 ἔπεισι
851 3753 1160 3828 θαυμάζειν,
1224 3751 1410 3830 ὅτιπερ
1470 3751 1578 3807 ἐνΡ
1609 3749 1865 3829 γειτόνων

214 3864 300 3898 σοι
331 3863 436 3909 της
473 3865 660 3920 πηγης
693 3843 885 3924 οὔσης,
918 3845 1086 3909 αὐτὴν
1132 3842 1230 3917 μὲν
1286 3847 1545 3918 παρορᾷς,
1597 3840 1863 3919 πόρρωθεν

215 3930 271 3988 δὲ
318 3938 507 4002 ζητεῖς
551 3940 644 3988 106
687 3934 844 3988 αὑτοῦ
887 3932 1134 4010 ἀρύεσθαι
1188 3928 1404 3994 ὕδατος.
1449 3930 1646 4010 (Ἐχεις
1691 3931 1864 3986 τοίνυν

210 4021 308 4076 τὸν
363 4021 619 4100 θεοφόρον
675 4022 930 4098 Εόθύμιον
963 4037 976 4051 ⁸
1050 4023 1110 4076 οὒ
1153 4034 1275 4082 ταῖς
1321 4017 1681 4084 διδασκαλίαις
1727 4019 1862 4076 ἐπο-

209 4109 379 4184 μέιιη,
428 4111 533 4190 οὐχ
575 4111 906 4189 ἀμαρτήσεις
949 4116 1043 4166 τοῦ
1072 4109 1357 4181 σώζεσθαι.

1947 3124 2028 3184 lat
2057 3123 2131 3184 ab
2163 3142 2232 3184 eo
2284 3123 2602 3186 consilium
2635 3125 2928 3205 accipere.
2967 3124 3162 3196 Quale
3183 3125 3366 3203 igitur
3398 3125 3590 3206 ipsius

1948 3212 2992 3294 consilium,quodqueresponsum?
3007 3213 3590 3295 Scias,inquit,quod

1951 3302 2483 3381 malignus,videns
2502 3321 2647 3383 opes
2667 3311 2896 3364 tuarum
2919 3303 3509 3384 virtutum,expetivit
3527 3312 3591 3366 ut

1949 3390 2248 3452 cribraret
2279 3399 2335 3452 te
2369 3393 2525 3453 sicut
2557 3390 2826 3452 triticum
2855 3390 2958 3464 50;
2994 3391 3283 3469 valdeque
3317 3409 3425 3470 per
3451 3411 3589 3472 pes-

1950 3480 2186 3541 tiferum
2221 3481 2384 3540 illum
2417 3479 2847 3556 Theodosium,
2878 3479 3214 3558 religiosam
3253 3489 3410 3542 tuam
3445 3500 3584 3543 cor-

1949 3568 2109 3648 rupit
2139 3569 2424 3632 animam.
2460 3568 2573 3631 Sed
2602 3567 2862 3632 conﬁde.
2896 3570 3027 3630 Non
3061 3573 3217 3628 enim
3249 3567 3471 3631 defecit
3510 3572 3585 3631 ﬁ-

1948 3660 2055 3720 des
2079 3657 2343 3720 tua.Mihi
2375 3665 2568 3720 autem
2590 3658 2888 3720 succurrit
2918 3659 3031 3719 hoc
3061 3658 3448 3720 vehementer
3477 3661 3588 3722 ad-

1950 3747 2178 3823 mirari,
2204 3747 2362 3829 quod
2387 3750 2520 3808 cum
2549 3747 2658 3808 tibi
2689 3747 2766 3808 sit
2795 3746 2927 3808 fons
2962 3747 3360 3828 propinquus,
3388 3747 3585 3828 ipsum

1947 3836 2192 3914 quidem
2255 3836 2543 3917 despicis,
2603 3837 2813 3917 procul
2874 3855 3012 3898 vero
3064 3837 3280 3917 quaeris
3313 3838 3589 3901 eamdem

1945 3944 2159 4007 aquam
2191 3926 2456 3988 haurire.
2488 3925 2687 3988 Habes
2719 3925 2899 4003 igitur
2931 3928 3051 3988 Deo
3083 3925 3325 4006 plenum
3358 3925 3588 4008 Euthy-

1947 4017 2157 4092 mium,
2192 4016 2366 4095 cujus
2395 4034 2655 4097 sequens
2678 4014 3037 4091 doctrinam,
3075 4033 3194 4076 non
3230 4014 3538 4077 aberrabis
3558 4034 3592 4078 a

1943 4105 2159 4167 salute.

288 4212 357 4263 38
384 4210 460 4278 ν.
495 4211 558 4274 in
586 4213 740 4277 Boll.
825 4214 886 4265 99
915 4212 1076 4277 Psal.
1107 4229 1260 4289 xvu,
1291 4215 1393 4276 36.
1477 4212 1542 4264 30
1570 4211 1692 4275 Luc
1719 4229 1864 4289 χιιι,
1896 4215 1998 4292 31,
2032 4211 2129 4275 32.

1528 4307 1791 4370 VARIAE
1833 4305 2268 4372 LECTIONES.

1446 4463 1651 4532 JOAN.
1699 4465 2068 4531 BOLLANDI
2105 4466 2356 4531 NOTE.

295 4396 320 4424 ⁰
353 4389 434 4454 al.
466 4388 767 4469 ὀρθοδοξον,
853 4401 878 4444 Ρ
907 4389 988 4452 al.
1024 4389 1106 4450 ἐκ.

284 4569 360 4641 (6)
390 4569 534 4641 Ejus
560 4569 826 4641 meminit
857 4567 1217 4641 Nicephorus
1250 4566 1350 4641 lib.
1377 4565 1466 4635 15,
1467 4579 1617 4641 _cap.

284 4579 360 4641 (6)
391 4579 534 4641 Ejus
564 4579 826 4654 meminit
857 4579 1217 4640 Nicepnorus
1250 4579 1350 4650 lin.
1377 4579 1466 4635 ιδ,
1493 4579 1617 4692 carl).
1653 4579 1719 4620 ια
1750 4579 1851 4636 per

208 4650 478 4721 quadret
507 4639 850 4721 Olybrium“
879 4639 1105 4721 ambos‘
1128 4639 1434 4721 Patricios,
1467 4635 1570 4721 E_ui
1597 4637 1722 4693 ocia
1759 4651 1853 4694 re-

210 4709 521 4769 conciliata
546 4709 630 4768 eit
655 4711 714 4768 S.
750 4711 1062 4768 Pulcheriae
1082 4709 1460 4779 Imperatrici,
1485 4709 1553 4764 de
1583 4722 1694 4778 qua
1719 4723 1855 4780 age-

211 4798 349 4838 mus
395 4784 462 4838 10
492 4783 646 4838 Sent.

211 4798 349 4841 mus
395 4792 462 4838 10
492 4792 646 4841 δθυῑ.

287 4798 374 4924 ἓξ)
395 4796 679 4924 ᾚΙῗιῗέῖδε
727 4851 918 4924 populi
970 4851 1214 4924 Romani
1251 4852 1543 4922 princeps,
1592 4863 1674 4924 ex
1711 4851 1853 4907 urbe

213 4918 398 5001 Roma
420 4939 458 5001 _a_
474 4918 785 5001 Genserico
802 4918 944 4995 rege
961 4918 1373 5001 Wandalorum
1390 4918 1555 5001 capta
1582 4919 1852 5001 constan-

213 4996 522 5066 tin0polim
562 4992 1020 5065 protugusferat
1049 4993 1198 5064 apud
1234 4992 1584 5066 Marcianum
1614 4992 1851 5066 impera-

215 5062 428 5124 torem.
461 5062 606 5123 Huic
644 5062 985 5136 desponsata
1037 5062 1154 5122 tum
1199 5073 1319 5121 erat
1361 5062 1634 5136 Placidia;
1666 5064 1851 5136 neptis

218 5138 508 5200 Eudociaa,
542 5137 657 5194 ﬁlio
684 5132 1061 5194 Valentiniani
1107 5135 1456 5204 imperatoris
1491 5146 1562 5190 ex
1593 5132 1848 5190 Eudoxia

218 5209 492 5267 Eudocue
521 5207 658 5265 tilia.
696 5209 979 5276 Evagrins
1006 5206 1107 5262 lib.
1160 5205 1219 5271 2,
1254 5220 1378 5276 cap.
1413 5204 1465 5259 7.
1497 5204 1853 5276 Nicephorus

218 5280 321 5338 lib.
355 5281 441 5345 15.
476 5294 602 5350 cap.
658 5281 759 5350 11.
788 5275 1070 5350 Olybrius
1120 5278 1261 5350 dein
1286 5275 1571 5350 Marciano
1602 5286 1654 5350 et
1688 5275 1849 5350 Festo

215 5365 369 5422 coss.
402 5346 720 5422 Indictione
753 5349 818 5416 X,
849 5346 948 5407 an.
978 5349 1100 5404 172.
1123 5347 1439 5422 Anthemio
1489 5348 1546 5422 in
1599 5346 1878 5422 Imperio,
1910 5408 1912 5422 ξ

217 5421 963 5504 occidentalisubstitutus,
993 5421 1240 5504 septimo.
1265 5417 1718 5504 manserimperii
1761 5417 1883 5504 sui

219 5496 329 5552 vita
361 5494 670 5551 defunctus
702 5501 804 5549 est.
835 5490 1197 5550 Marcellinus
1227 5490 1285 5547 in
1319 5490 1528 5548 Chron.

298 5566 384 5646 (8)
416 5566 653 5646 Graece
677 5563 730 5618 ἐν
788 5565 1018 5646 βράκῃ-,Α
1040 5562 1321 5646 mendum
1354 5581 1369 5636 ;
1403 5560 1762 5646 _reponimus
1793 5561 1851 5617 ἐκ

225 5613 1133 5728 θρὲίξιὲξὲἷῗιιὲιιρῖἔξέἐΐιίὲἓῐ
1141 5613 1568 5705 ἷᾶιὶῖὶθὶῖεὲἓῐζ

1653 4564 1719 4620 12
1750 4579 1851 4636 per
1874 4574 1918 4628 ο
2009 4566 2086 4635 (9)
2109 4566 2545 4637 Valentinianus
2574 4565 3052 4637 lmperator,dolo
3079 4567 3303 4624 Maximi
3339 4567 3394 4624 in
3422 4568 3586 4628 Cam-

1937 4651 2042 4765 pzp].
2068 4636 2267 4764 t‘iggtio
2319 4636 2622 4695 confossus
2658 4636 2743 4695 est
2797 4637 2917 4694 XVI
2955 4638 3192 4696 Kalend.
3225 4639 3443 4710 Aprilis
3484 4655 3579 4701 an.

2006 4779 2122 4848 (10)
2153 4777 2413 4835 Eudoxia
2464 4780 2520 4835 in
2583 4793 2779 4834 necem
2840 4780 3068 4836 Maximi
3117 4781 3488 4839 Gensericum
3521 4783 3579 4838 in

1933 4849 2158 4907 Italiam
2191 4861 2471 4922 evocarat,
2526 4867 2552 4907 a
2602 4865 2720 4922 quo
2752 4851 2905 4908 Urbe
2933 4863 3095 4922 capta
3129 4867 3248 4921 ipsa
3284 4853 3454 4908 etiam
3485 4867 3583 4908 ca-

1938 4922 2086 4989 ptiva
2132 4922 2190 4977 in
2222 4921 2476 4978 Africam
2506 4921 2758 4978 abducta
2795 4933 2880 4978 est
2906 4921 3035 4978 cum
3064 4922 3288 4980 duabus
3321 4923 3578 4989 ﬁliabus,

1934 5006 2177 5064 quarum
2207 4992 2384 5048 altera
2417 4993 2756 5061 desponsata
2787 4991 3037 5064 Olybrio,
3073 5008 3202 5048 cum
3231 5003 3410 5050 matre
3427 4994 3582 5050 Con-

1934 5063 2366 5132 Stantinopolim
2425 5065 2660 5119 remissa
2697 5072 2780 5119 est
2809 5063 2903 5119 an.
2943 5063 3042 5120 Ch.
3079 5065 3201 5119 462.
3236 5065 3424 5121 Altera
3460 5064 3580 5122 Eu-

1934 5135 2091 5191 docia
2123 5146 2298 5196 nupta
2335 5134 2620 5190 Hunerico
2647 5134 2938 5191 Genserici
2970 5135 3122 5196 tilio,
3152 5137 3205 5191 ei
3231 5135 3579 5194 Hildericum

1934 5207 2173 5278 peperit.
2208 5203 2460 5278 Tandem
2487 5205 2636 5278 clam
2687 5203 2931 5278 dilapsa,
2964 5205 3177 5278 inloco
3211 5216 3409 5264 sancta
3443 5221 3582 5278 pro-

1933 5275 2080 5347 fugit
2103 5289 2196 5350 an.
2230 5275 2335 5331 472
2357 5286 2410 5332 et
2435 5275 2768 5348 sepulcrum
2793 5276 2933 5334 avita
2961 5275 3235 5334 Eudociae
3260 5275 3582 5350 longe'post

1910 5408 1912 5422 ί
1931 5347 2267 5427 exosculata
2309 5354 2412 5427 est.

2009 5420 2120 5488 (it)
2155 5416 2445 5494 Absoluta
2474 5418 2778 5494 episcopus
2807 5417 3024 5477 dicitur
3050 5434 3079 5474 a
3115 5419 3442 5494 Nicephoro
3477 5420 3578 5479 lib.

1933 5501 2034 5553 xv,
2069 5503 2192 5558 cap.
2230 5488 2314 5554 13,
2347 5489 2449 5547 ubi
2482 5488 2685 5546 eadem
2711 5491 2846 5546 hinc
2877 5498 3091 5549 narrat.

2006 5560 2118 5632 (12)
2149 5561 2227 5618 De
2259 5559 2313 5615 S.
2346 5561 2627 5636 Symeone
2655 5560 2859 5637 Siylita
2886 5571 3078 5621 actum
3111 5563 3147 5620 5
3183 5563 3468 5624 Januarii.
