3972 6130
402 325 518 392 66⁸7

1694 332 1978 395 MENSIS
2021 330 2478 396 JANUABlUS.

3664 335 3769 402 668

484 461 788 528 LXXXIV.
825 464 911 526 Ad
944 463 1056 526 ista
1088 465 1395 545 negligens
1437 483 1556 527 non
1617 466 1727 527 fuit
1756 465 2042 542 Eudocia,

2216 467 2350 532 HA’.
2389 471 2521 546 Πρὸς
2586 475 2750 526 ταῦ-ια
2789 471 2882 527 οὐκ
2926 467 3140 546 ἀμελὴς
3190 471 3257 538 ἧν
3315 470 3348 537 ἡ
3383 467 3632 546 Εὗδοκία,
3675 471 3771 532 οὐδ’

400 571 600 635 neque
623 553 838 635 supina
854 553 1016 616 circa
1044 555 1186 616 boni
1210 554 1690 636 inquisitionem;
1715 555 1820 616 sed
1847 555 2042 619 statim

2133 559 2286 614 ὑπτία
2320 561 2437 638 περὶ
2481 560 2582 626 τὴν
2623 567 2716 616 τοῦ
2745 560 2910 617 καλοῦ
2939 559 3162 631 ζῆτησιν
3199 575 3212 590 ⁸
3261 559 3390 616 ἀλλ’
3425 563 3613 620 αὐτίκα
3643 562 3777 636 μάλα

406 643 658 705 multum
693 644 768 705 de
800 645 928 704 viro
962 653 1349 725 perscrutata,
1385 664 1521 707 cum
1565 645 1880 708 didicisset
1910 665 2046 708 eum

404 733 518 796 sibi
553 733 940 795 interdixisse
962 752 1272 796 accessum
1298 736 1370 797 ad
1393 736 1572 798 ullam
1602 737 2050 811 civitatem,tur—

403 842 534 886 rem
562 824 812 885 aediﬁcat
845 824 902 884 in
930 824 1254 886 solitudine
1279 843 1413 902 quae
1453 826 1645 905 vergit
1667 826 1738 888 ad
1765 827 2047 888 exorien-

402 925 524 976 tem
549 913 951 992 solem,super
969 913 1324 975 altissimum
1349 916 2049 995 promontorium,inter-

401 1003 552 1064 vallo
585 1021 616 1062 a
651 1003 815 1064 laura
847 1022 965 1063 non
993 1003 1126 1082 plus
1151 1023 1326 1084 quam
1355 1005 1593 1084 triginta
1615 1005 2050 1068 stadiorum.Et

400 1092 503 1152 illa
525 1091 763 1172 quidem
792 1095 851 1152 in
877 1110 1006 1153 eam
1042 1093 1335 1162 ascendit,
1370 1103 1431 1154 ut
1466 1095 1630 1154 nullo
1663 1093 2043 1176 prohibente,

400 1182 760 1262 frueretur(t
779 1181 831 1259 3)
847 1182 918 1242 ad
945 1182 1276 1244 satietatem
1301 1183 1574 1245 doctrina
1590 1183 1907 1265 Euthymii,
1925 1182 2050 1248 Sta-

398 1275 501 1332 tim
525 1288 661 1331 vero
686 1275 852 1332 mittit
869 1274 939 1330 ad
961 1275 1391 1346 inquisitionem
1408 1275 1845 1342 illius,Cosmam
1863 1279 2052 1334 crucis

404 1357 710 1420 custodem
731 1368 789 1421 et
805 1359 1086 1439 superius
1102 1377 1134 1420 a
1151 1378 1245 1420 me
1263 1370 1654 1421 memoratum
1672 1360 2048 1422 Anastasium

398 1448 924 1529 chorepiscopum.
960 1447 1052 1510 Illi
1086 1457 1284 1511 autem
1317 1449 1465 1512 adeo
1498 1450 1736 1511 ardenti
1771 1450 2050 1511 mandato

403 1537 630 1616 aequale
664 1536 1018 1618 obsequium
1055 1539 1400 1610 afferentes,
1437 1538 1495 1600 in
1544 1539 1772 1600 lauram
1807 1539 2047 1620 quidem

403 1624 676 1704 protinus
701 1629 1058 1705 perveniunt
1083 1649 1096 1686 :
1123 1636 1439 1708 comperto
1465 1637 1661 1689 autem
1690 1628 1847 1709 quod
1871 1628 2051 1689 abes-

2131 645 2588 724 διερευνησαμένι,
2660 653 2779 726 περὶ
2835 657 2927 706 τοῦ
2985 648 3197 730 ἀνδρὸς,
3257 653 3351 707 καὶ
3412 653 3661 726 μαθοῦσα
3714 654 3780 717 ὡς

2132 737 2494 814 ἀπηγόρευται
2531 736 2596 806 δὴ
2656 739 2821 813 αὐτῷ,
2856 738 3009 796 πόλει
3055 741 3156 796 τινὶ
3199 738 3603 820 παραϐάλλειν,
3651 743 3777 819 πύρ-

2135 851 2227 905 γον
2261 827 2314 883 ἐν
2345 835 2413 904 τῇ
2462 829 2594 906 πρὸς
2653 827 2945 908 ἀνίσχοντα
2985 829 3136 896 ἣλιον
3165 831 3355 908 ἐρήμῳ
3389 830 3476 908 ἐφ’
3511 831 3777 906 ὑψηλοτά-

2133 939 2231 983 της
2263 918 2554 996 ἀκρωρείας
2601 916 2900 992 οἰκοδομεῖ,
2935 923 2995 978 οὗ
3025 917 3186 977 πλέον
3235 919 3267 988 ἢ
3325 919 3626 997 τριάκοντα
3657 942 3775 976 στα-

2132 1004 2269 1072 δίους
2325 1011 2422 1072 τῆς
2465 1006 2659 1086 λαύρας
2702 1006 3006 1087 ἀπέχοντα,
3071 1010 3168 1067 Καὶ
3216 1011 3248 1077 ἡ
3304 1009 3412 1083 μὲν
3444 1007 3647 1082 ἔνεισιν
3701 1009 3776 1066 ἐπ’

2133 1097 2312 1170 αὒτὸν,
2347 1097 2484 1152 ὥστε
2544 1095 2774 1172 μηδενὸς
2833 1097 3108 1176 εἴργοντος
3143 1097 3445 1155 ἀπολαύειν
3508 1101 3584 1161 εἰς
3633 1100 3778 1177 κόρον

2133 1185 2228 1253 τῆς
2297 1186 2554 1258 Ειόθυμίου
2613 1185 2974 1248 διδασκαλίας.
3039 1188 3246 1263 Πέμπει
3299 1186 3358 1244 δὲ
3391 1188 3534 1244 κατὰ
3568 1189 3778 1258 ζήτησιν

2134 1273 2324 1339 ευθέως
2357 1277 2537 1350 αὐτοῦ,
2578 1282 2796 1350 Κοσμᾶν
2827 1297 2883 1332 τε
2913 1278 3005 1333 τὸν
3053 1276 3502 1355 σταυροφύλακα,
3569 1279 3656 1332 καὶ
3699 1279 3779 1333 τὸν

2134 1362 2381 1438 ἀνωτέρῳ
2437 1388 2528 1439 μοι
2586 1366 2868 1440 εἰρημένον
2926 1366 3349 1445 χωρεπίσλιοπον
3414 1364 3775 1427 Ἀναστάσιον.

2135 1455 2195 1510 Οἱ
2253 1451 2306 1508 δὲ
2361 1460 2428 1530 τῇ
2470 1453 2648 1530 πολλῇ
2689 1455 2979 1530 θερμότητι
3036 1461 3133 1522 τῆς
3181 1455 3488 1534 ἐπιταγῆς,
3519 1454 3652 1522 ἴσην
3692 1455 3779 1535 ἄρα

2133 1544 2222 1598 καὶ
2309 1546 2404 1610 τὴν
2465 1545 2751 1621 δπουργίαν
2817 1545 3233 1623 εἰσενεγκόντες,
3312 1541 3782 1613 καταλαμϐάνουσι

2135 1631 2234 1704 μὲν
2294 1629 2482 1696 εὖθέως
2527 1632 2624 1698 τὴν
2669 1631 2864 1698 λαύραν
2901 1650 2914 1664 ·
2963 1632 3223 1706 μαθόντες
3268 1631 3325 1687 δὲ
3377 1635 3457 1693 ὡς
3522 1631 3583 1686 οὗ
3614 1633 3784 1708 παρὼν

405 1715 630 1789 set,sed
658 1716 783 1794 jam
817 1716 918 1777 diu
946 1726 1082 1778 ante
1118 1719 1456 1779 transiisset
1487 1719 1559 1779 ad
1584 1718 1823 1792 Ruban,
1855 1738 2042 1796 neque

2137 1717 2253 1798 εἴη,
2301 1718 2420 1774 ἀλλ’
2465 1720 2527 1776 ἐκ
2555 1719 2760 1777 πολλοῦ
2788 1718 2890 1788 ἤδη
2923 1719 3190 1796 μεταϐαίη
3238 1724 3373 1797 πρὸς
3423 1722 3519 1776 τὸν
3555 1711 3782 1792 ιΡουϐἆν,

403 1803 492 1864 sic
524 1821 558 1864 a
592 1813 785 1884 empto
818 1805 1200 1882 destiterunt;
1235 1813 1292 1868 at
1333 1826 1536 1868 secum
1573 1815 1879 1869 sumentes
1910 1808 2049 1869 bea-

402 1902 527 1955 tum
561 1892 1000 1970 Theomistum,
1037 1896 1110 1958 ad
1142 1897 1310 1957 illum
1345 1897 1588 1968 abeunt,
1617 1900 2049 1958 communiter-

405 2001 522 2064 que
548 1992 716 2044 orant
744 1983 1025 2065 precibus
1048 1985 1305 2048 intensis
1337 1995 1399 2047 et
1426 1986 2053 2067 vehementibus,sup-

399 2070 636 2152 pliciter
668 2072 1076 2151 obtestantur,
1111 2082 1169 2136 et
1203 2074 1442 2136 tandem
1479 2077 1948 2156 persuadent,ut
1975 2077 2046 2137 ad

404 2160 618 2222 turrim
653 2162 892 2242 veniat;
948 2164 1045 2225 ubi
1101 2183 1259 2225 nunc
1292 2165 1596 2226 conditum
1631 2171 1720 2226 est
1749 2165 2052 2227 Scholarii

401 2251 534 2330 (14)
574 2251 1026 2316 monasterium.

482 2339 952 2404 LXXXVJ’orro
976 2341 1185 2404 videns
1209 2361 1344 2405 eum
1379 2343 1726 2425 imperatrix
1759 2347 2042 2424 Eudocia,

400 2447 522 2490 non
557 2430 767 2491 leviter
795 2431 1162 2510 aspexit,sed
1191 2440 1252 2493 ut
1275 2440 1477 2495 aestate
1499 2435 1600 2512 qui
1625 2435 1750 2496 sitit
1773 2453 1984 2516 aquam
2027 2455 2040 2499 :

402 2527 462 2580 et
490 2517 564 2581 ad
590 2519 774 2599 pedes
805 2520 966 2580 illius
998 2539 1131 2582 cum
1167 2539 1403 2584 summo
1436 2522 1652 2600 gaudio
1696 2524 2039 2602 procidens,

397 2607 568 2670 Nunc
599 2610 871 2688 cognovi,
908 2611 1124 2691 inquit,
1159 2611 1314 2692 quod
1348 2610 1638 2673 Dominus
1693 2630 1786 2673 me
1829 2613 2042 2674 visita-

402 2700 562 2761 tione
596 2699 930 2762 donaverit.
968 2700 1077 2761 llle
1135 2719 1299 2776 vero,
1331 2703 1503 2763 solita
1534 2699 1960 2764 benedictione
1991 2705 2042 2765 ei

397 2787 748 2869 impertita:
811 2787 926 2850 Sed
980 2795 1239 2868 oportet,
1297 2791 1511 2870 inquit,
1571 2798 1650 2866 te,
1687 2809 1718 2850 ο
1751 2791 1894 2868 ﬁlia,
1937 2791 2044 2854 tibi

397 2877 685 2956 deinceps
709 2878 1045 2955 attendere,
1079 2887 1133 2938 et
1157 2878 1213 2938 in
1243 2878 1510 2940 futurum
1535 2879 1856 2955 diligenter
1879 2900 2044 2944 cave-

397 2984 486 3029 re.
516 2967 670 3038 Quia
699 2969 859 3028 enim
885 2968 973 3028 vel
994 2986 1202 3048 parum
1229 2969 1483 3030 abducta
1507 2968 1668 3029 fuisti
1693 2989 1823 3030 cum
1853 2969 2044 3034 Theo-

396 3055 589 3130 dosio,
630 3057 880 3119 molesta
903 3058 1038 3118 ideo
1065 3057 1170 3118 tibi
1225 3066 1553 3120 evenerunt
1581 3057 1642 3119 in
1678 3060 2044 3125 charissimis

2137 1807 2251 1866 οὒδὲ
2313 1808 2451 1866 οὕτω
2493 1809 2587 1877 τῆς
2631 1812 2803 1887 ὁρμῆς
2853 1810 3086 1875 ἔστησαν
3122 1830 3136 1845 '
3170 1809 3309 1866 ἀλλὰ
3363 1812 3463 1866 τὸν
3497 1809 3784 1886 μακαρίτην

2135 1897 2636 1975 συμπαραλαϐόντες
2696 1899 3035 1974 Θεόκτιστον,
3100 1901 3286 1956 ἀπίασι
3387 1901 3526 1978 πρὸς
3613 1899 3779 1972 αὐτὸν,

2133 1989 2221 2044 καὶ
2278 1985 2483 2044 δέονται
2529 1995 2685 2064 κοινῇ
2745 1987 2927 2055 δέησιν
2957 1991 3147 2055 ἒκτενῆ
3182 1988 3277 2045 καῖ
3313 1985 3646 2067 σπουδαίαν,
3708 1990 3782 2044 καί

2133 2077 2437 2156 λιπαροῦσι,
2497 2079 2584 2134 καὶ
2624 2077 2806 2151 τέλος,
2858 2079 3091 2136 πείθουσι
3141 2080 3283 2155 παρὰ
3316 2080 3416 2134 τὸν
3450 2078 3654 2156 πύργον
3690 2076 3776 2133 ἐλ-

2131 2169 2269 2243 θεῖν,
2305 2165 2425 2223 ἔνθα
2454 2173 2541 2223 νῦν
2569 2168 2603 2234 ἡ
2638 2167 2940 2246 Σχολαρίου
2971 2169 3109 2244 μονὴ
3140 2166 3529 2244 ᾠκοδόμηται.

2213 2343 2341 2405 ΠΕ’.
2405 2343 2607 2401 ’ἰδοῦσα
2669 2345 2723 2401 δὲ
2785 2347 2940 2403 αὒτὶιν
2997 2348 3031 2414 ἡ
3089 2346 3300 2423 βασιλὶς
3366 2344 3622 2425 Εὖδοκία,
3684 2345 3770 2422 οὗχ

2129 2434 2312 2497 ἁπλῶς
2365 2435 2533 2510 εἶδεν,
2579 2434 2700 2491 ἀλλ’
2745 2438 2815 2501 ὡς
2873 2439 2927 2492 ὲν
2984 2436 3120 2515 θέρει
3179 2438 3206 2492 ὃ
3237 2435 3417 2511 διψῶν
3462 2434 3604 2514 ὕδωρ
3636 2454 3650 2468 ’
3695 2433 3769 2487 καὶ

2128 2538 2244 2590 τοῖς
2308 2525 2507 2582 ἐκείνου
2565 2525 2719 2581 ποσὶν
2769 2525 2966 2594 ἡδονῆς
3015 2524 3116 2592 ὅλη
3176 2532 3446 2600 πεσοῦσα,
3484 2532 3592 2583 Νῦν
3621 2522 3768 2600 ἔγνων

2128 2613 2209 2670 ὅτι
2267 2614 2566 2684 ἐπισκοπήν
2600 2637 2705 2688 μου
2732 2624 2779 2693 (ι,
2827 2618 3012 2694 φησὶν,
3059 2613 3207 2671 ἔθετο
3243 2615 3470 2693 Κύριος.
3522 2613 3768 2671 Κάκεῖνος

2127 2709 2223 2771 τῆς
2258 2705 2511 2774 συνήθως
2577 2705 2707 2779 αὒτῇ
2765 2703 3025 2778 μεταδοὺς
3084 2704 3354 2783 εὐλογίας,
3399 2701 3573 2760 Ἀλλὰ
3615 2721 3768 2764 προσ-

2129 2795 2276 2873 έχειν
2322 2815 2379 2848 σε
2428 2791 2510 2849 δεῖ
2544 2800 2637 2849 τοῦ
2666 2793 2855 2850 λοιποῦ
2898 2800 3120 2870 σεαυτῇ,
3158 2793 3374 2870 τέκνον,
3409 2793 3543 2872 ἔφη,
3600 2791 3682 2846 καὶ
3720 2790 3770 2844 τὸ

2128 2883 2322 2959 μέλλον
2385 2880 2614 2959 ἀκριϐῶς
2677 2882 3088 2961 ἀσφαλίσασθαι.
3135 2883 3257 2940 "Ott
3303 2884 3412 2961 γὰρ
3459 2883 3550 2938 καὶ
3598 2879 3769 2955 μικρὸν

2127 2970 2477 3052 συναπήχθης
2538 2969 2822 3050 Θεοδοσίῳ,
2877 2969 2960 3027 διὰ
3016 2979 3170 3029 τοῦτό
3209 2995 3292 3029 σοι
3339 2973 3534 3028 καὶτὰ
3577 2967 3767 3044 λυπηρᾶ

2129 3060 2322 3128 συνέϐη
2378 3063 2495 3138 περὶ
2540 3063 2603 3117 τὰ
2637 3059 2862 3140 φίλτατα
2897 3079 2912 3094 δ
2948 3059 3069 3118 ἀλλ’
3101 3061 3246 3124 ὅπως
3280 3061 3515 3140 ἀπόσχῃ
3549 3058 3632 3115 διὰ
3667 3057 3767 3134 βίου

397 3148 604 3212 rebus.
637 3147 755 3208 Sed
789 3157 876 3208 ut-
905 3165 1011 3227 per
1067 3155 1246 3207 totam
1297 3148 1472 3210 vitam
1507 3148 1809 3210 abstineas
1832 3151 1903 3212 ab
1932 3152 2041 3214 hac

2133 3155 2222 3218 τῆς
2256 3151 2452 3229 ἀλόγου
2485 3152 2681 3217 ταύτης
2721 3149 3070 3230 φιλονεικίας,
3113 3159 3209 3206 Δεῖ
3238 3152 3342 3229 γάρ
3375 3172 3462 3229 σε,
3497 3151 3627 3224 πρὸς
3655 3158 3762 3206 ταῖς

398 3247 618 3319 praeter
663 3236 959 3299 rationem
1016 3236 1427 3298 contentione.
1494 3237 1639 3298 Nam
1693 3249 1928 3319 oportet
1959 3250 2038 3318 te,

399 3336 621 3410 praeter
657 3336 777 3388 tres
805 3326 950 3388 alias
973 3336 1208 3389 sanctas
1227 3335 1284 3388 et
1307 3327 1714 3390 mcumenicas
1741 3330 1998 3409 synodos
2024 3349 2036 3389 :

394 3437 612 3497 nempe
643 3415 972 3488 Nicaenam,
1008 3435 1140 3498 qua}
1173 3417 1453 3478 convenit
1481 3417 1767 3480 adversus
1796 3420 2043 3494 Arium;

397 3506 1153 3586 Constantinopolitanam,
1181 3525 1251 3568 ea
1283 3525 1422 3566 vero
1447 3517 1811 3587 congregata
1843 3509 1952 3570 fuit
1984 3511 2042 3571 in

393 3595 834 3672 Macedonium;
859 3604 916 3655 et
940 3593 1298 3674 Ephesinam
1327 3595 1576 3675 primam
1605 3606 1814 3658 contra
1834 3600 2047 3661 Nesto«

398 3686 584 3758 rium;
611 3684 933 3745 admittere
959 3683 1132 3744 etiam
1156 3684 1460 3744 decretum
1487 3686 1642 3766 quod
1670 3686 1857 3748 edidit
1875 3687 2019 3748 Chal

395 3773 754 3836 cedonensis
809 3772 1158 3849 nuperrime
1214 3773 1416 3834 habita
1449 3795 1462 3853 ;
1498 3785 1677 3854 atque
1710 3794 1740 3836 a
1772 3778 2043 3839 Dioscori

397 3862 826 3924 communione
856 3862 1275 3940 sejungentem
1310 3871 1388 3936 te,
1418 3865 1688 3925 Juvenali
1721 3867 2048 3947 archiepis-

396 3969 545 4031 copo
579 3951 1120 4031 Hierosolymitano
1157 3952 1398 4031 penitus
1418 3956 1864 4016 communicare
1899 3966 1954 4017 et
1985 3956 2043 4017 in

399 4040 680 4103 omnibus
712 4038 1082 4103 consentire.

477 4126 902 4191 LXXXVl.IIis
919 4128 1185 4199 dictis,et
1217 4137 1495 4208 precatus
1519 4148 1623 4210 pro
1643 4134 2044 4210 imperatrice,

399 4239 532 4282 cum
555 4218 777 4280 deinde
805 4218 858 4278 ei
883 4217 1662 4290 valedixisset,recedit.Illa
1686 4239 1821 4281 vero
1846 4223 2042 4284 statim

398 4309 565 4387 operi
593 4317 888 4387 praecepta
913 4307 1241 4381 mandavit;
1266 4317 1654 4390 sanctamque
1679 4311 1946 4389 ingressa
1965 4313 2042 4374 ci-

2133 4311 2183 4367 δὲ
2228 4314 2401 4390 εὐθὺς,
2435 4311 2572 4388 ἔργῳ
2605 4311 2669 4366 τὰ
2700 4309 3053 4385 ἐντεταλμένα
3085 4310 3250 4369 ἐδίδου
3284 4331 3298 4344 ·

2125 3241 2311 3306 ἄλλαις
2356 3243 2520 3318 τρισὶν
2567 3242 2740 3317 ἁγίαις
2787 3243 2873 3296 καὶ
2928 3241 3329 3317 οἰκουμενικαῖς
3397 3238 3641 3301 συνόδοις

2124 3331 2265 3387 τεέν
2299 3332 2491 3402 Νικαίᾳ
2534 3329 2809 3403 δηλονότι,
2870 3331 2905 3397 ἢ
2967 3331 3058 3386 καὶ
3104 3333 3329 3396 συνῆλθε
3363 3330 3505 3386 κατὰ
3545 3326 3755 3394 Ἀρείου,

2127 3421 2214 3476 καὶ
2273 3426 2340 3496 τῇ
2420 3420 2474 3475 ἐν
2550 3419 3130 3497 Κωνσταντινουπόλει,
3205 3421 3465 3498 ἠθροίσθη
3539 3415 3592 3471 δὲ
3639 3412 3755 3478 αὕτη

2127 3513 2264 3567 κατὰ
2312 3507 2634 3566 Μακεδονίου
2671 3528 2684 3543 '
2738 3509 2826 3564 καὶ
2885 3509 2952 3577 τῇ
3009 3509 3062 3564 ἐν
3105 3508 3340 3588 Ἐφέσῳ,
3377 3509 3518 3566 κατὰ
3568 3516 3756 3563 Νεστο-

2128 3601 2258 3676 ρίου,
2309 3599 2368 3653 τὸ
2413 3597 2716 3676 πρότεροι),
2783 3595 3033 3677 δέχεσθαι
3099 3600 3186 3654 καὶ
3248 3601 3342 3654 τὸν
3402 3593 3758 3676 ἑκφωνηθέντα

2128 3689 2249 3767 ὅρον
2286 3691 2386 3744 ὑπὸ
2417 3698 2511 3755 της
2542 3695 2628 3744 νῦν
2657 3691 2711 3744 ἓν
2754 3685 3058 3754 Χαλκηδόνι
3122 3687 3573 3766 συγκροτηθείσης
3610 3702 3623 3716 ⁸
3680 3683 3754 3736 καὶ

2127 3779 2222 3846 τῆς
2279 3779 2566 3851 Διοσκόρου
2611 3778 2888 3840 κοινωνίας
2949 3778 3371 3856 ἀπορραγεῖσαν,
3435 3769 3754 3833 Ἰουϐεναλίψ

2128 3868 2202 3941 τῷ
2232 3866 2643 3946 ἆρχιεπισκόπῳ
2693 3865 3079 3943 Ἰεροσολύμων
3129 3879 3414 3923 κοινωνεῖν
3475 3863 3631 3934 ὅλως,
3676 3857 3751 3912 καὶ

2129 3958 2259 4033 πρὸς
2289 3957 2498 4012 ἅπαντα
2529 3968 2876 4034 συμφρονεῖν,

2210 4133 2362 4207 ῐΙς⁹.
2395 4140 2568 4191 Ταῦτα
2604 4136 2628 4189 ὁ
2658 4134 2755 4208 μὲν
2791 4134 2978 4207 εἰπὼν,
3025 4135 3112 4189 καὶ
3151 4138 3250 4200 τῆς
3295 4130 3566 4208 βασιλίδος
3598 4127 3747 4222 ὑπερ-

2130 4221 2434 4296 ευΞάμενος,
2473 4224 2596 4278 εἶτα
2629 4223 2723 4278 καί
2753 4220 3140 4297 συνταξάμενος
3194 4226 3352 4298 αὐτῇ,
3408 4222 3653 4299 ἐκχωρεῖ.
3711 4216 3747 4264 Π

3357 4313 3447 4367 καὶ
3489 4308 3582 4373 τὴν
3613 4301 3743 4378 ἁγίαν

397 4385 667 4469 vitatem,
698 4385 970 4458 Juvenali
998 4404 1054 4456 et
1077 4396 1390 4458 catholicae
1412 4385 1812 4462 communicat
1830 4402 2041 4465 Eccle-

2133 4385 2431 4457 εἰσελθοῦαα
2489 4385 2669 4472 ⁸πόλιν,
2728 4398 3063 4473 Ἰουϐεναλίῳ
3105 4421 3162 4456 τε
3234 4401 3324 4456 καὶ
3382 4406 3451 4476 τῇ
3508 4390 3734 4459 καθολικῇ

403 4485 841 4561 size;simulque
861 4485 1166 4565 ingentem
1191 4488 1619 4549 monachorum
1639 4489 2044 4572 laicorumque

401 4574 845 4636 multitudinem
863 4574 2039 4658 confestiminducit;iisquemadmodum

403 4663 915 4738 dissensionis,ita
935 4668 1448 4729 etcommunionis
1463 4668 1802 4748 exemplum
1819 4670 2044 4750 optime

401 4755 576 4816 facta.
613 4751 880 4824 Quorum
914 4772 1068 4814 unus
1098 4753 1208 4817 fuit
1247 4757 1717 4819 archimandrita
1741 4758 2040 4837 Elpidius.

403 4842 900 4922 Quandoquidem
927 4844 1268 4918 Gerontius,
1296 4859 1360 4906 ut
1382 4849 1483 4927 qui
1503 4847 1782 4911 maluerit
1802 4849 1860 4908 in
1889 4848 2044 4910 malo

405 4951 866 5010 consenescere,
906 4951 1024 4995 non
1058 4934 1173 4996 sibi
1197 4935 1415 5017 solum,
1438 4937 1543 4998 sed
1579 4937 1778 4998 multis
1807 4955 2045 5018 quoque

2131 4485 2419 4562 Ἐκκλησία
2445 4503 2699 4546 κοινωνεῖ
2738 4507 2750 4523 ⁸
2787 4488 2922 4544 πολὺ
2966 4489 3020 4544 δὲ
3064 4491 3151 4546 καὶ
3181 4489 3387 4558 πλῆθος
3423 4487 3661 4564 μοναχῶν
3686 4494 3732 4564 τε

2125 4582 2212 4636 καὶ
2243 4579 2446 4635 λα’ίκῶν
2491 4579 2678 4654 ἀθρόον
2736 4577 2988 4656 ἐπάγεται
3025 4597 3039 4612 ⁶
3105 4579 3340 4657 καθάπερ
3389 4563 3565 4636 αὖτοῖς
3608 4563 3722 4657 fit”;

2125 4669 2315 4748 δειγμα
2358 4673 2454 4734 τῆς
2485 4666 2832 4747 διαστάσεως,
2885 4667 3024 4724 οὕτω
3068 4670 3156 4724 καὶ
3200 4669 3296 4734 τῆς
3332 4663 3593 4725 κοινωνίας
3613 4652 3716 4748 ,ἅριο

2125 4743 2229 4814 στα
2252 4757 2540 4836 γενομένη.
2593 4750 2689 4812 Ὧν
2744 4743 2828 4821 εἷς
2876 4759 2964 4813 καὶ
3023 4759 3049 4814 ὁ
3095 4756 3518 4836 ἁρχιμανδρίτης
3559 4743 3720 4805 Ἐλπί-

2125 4846 2234 4908 διος
2278 4845 2366 4913 ἦν.
2402 4845 2554 4902 Ἐπεί
2583 4867 2662 4900 τοι
2698 4844 2970 4922 Γερόντιος
3002 4851 3079 4919 τῷ
3109 4853 3260 4920 κακῷ
3315 4845 3517 4920 μᾶλλον
3549 4838 3722 4922 ἐπιτη-

2128 4957 2284 5016 ρασαι
2327 4933 2584 5014 θελήσας,
2616 4935 2721 5013 οὔχ
2768 4921 2948 5009 ἑαυτῷ
2991 4935 3176 5010 μόνον,
3210 4934 3350 4992 ἀλλὰ
3399 4933 3485 4991 καὶ
3529 4921 3727 4985 πολλοῖς

1725 5036 1982 5098 VABUE
2025 5031 2465 5101 LECTlONES.

1619 5194 1828 5258 JOAN.
1874 5193 2244 5258 BOLLANDI
2288 5189 2532 5255 NOTE.

469 5123 495 5164 (ι
525 5113 602 5174 al.
637 5136 753 5190 μοι.

467 5297 582 5373 (13(
615 5319 635 5350 ι
679 5299 956 5373 Βεεεζιθε
986 5305 1140 5358 venit
1186 5301 1256 5358 ad
1288 5301 1592 5373 quemdam
1622 5311 1900 5370 montem,
1939 5303 2036 5358 ubi

395 5371 689 5441 quondam
747 5371 809 5426 Β.
846 5372 1084 5428 Eudocia
1123 5371 1496 5428 comm‘anons
1530 5373 1796 5428 virtutem
1843 5375 2034 5441 magni

400 5438 692 5513 Euthymii
717 5441 1096 5513 imitabatur.)
1126 5443 1203 5498 lta
1231 5443 1476 5513 Cyrillus
1498 5445 1553 5497 in
1583 5443 1699 5498 Vita
1726 5438 2037 5502 S.Saha§rex

398 5506 868 5581 interpretatione
903 5515 1133 5581 antiqua
1170 5506 1399 5568 utsicut
1447 5514 1729 5570 consentit
1753 5528 1856 5568 ms.
1885 5514 2041 5570 Grae-

399 5591 552 5656 cum,
589 5577 1219 5656 licetperperam'apud
1244 5582 1622 5656 Lipomgauum
1645 5593 1698 5640 et
1718 5583 1953 5656 Suriutn
1979 5590 2038 5641 in

414 5645 580 5704 ribus
618 5645 964 5706 edltionibus
995 5645 1223 5721 tegatur
1259 5673 1282 5704 «ι
1313 5645 1674 5711 celeberrimi
1727 5654 2034 5714 Theodosii

2120 5299 2396 5357 doctrinm
2418 5302 2660 5358 fructum
2690 5299 3323 5372 percepisseznquorum
3347 5292 3716 5372 metalectjotlgg

2119 5373 2364 5431 seducti.
2397 5357 2453 5427 id
2485 5385 2657 5439 supra
2691 5357 2751 5426 Ἡ
2786 5357 3017 5428 Januar.
3065 5357 3134 5426 a'd
3164 5375 3334 5426 vitam
3361 5371 3412 5427 S.
3449 5357 3709 5422 Theodosi!

2121 5456 2292 5518 num.
2315 5441 2385 5518 29
2415 5445 2471 5498 in
2508 5443 3432 5518 prolegomon._aunotavgramus.
3495 5502 3563 5518 Γ,

2193 5492 2877 5585 ὶῖἷΐὲίέἰτῖιᾶὶῖὥᾚὶῖ
2891 5492 3585 5585 ἐῖῖἐῐήιῗέἱῖιξιῑῐέωίυῑι
3615 5492 3711 5551 Ito-

2123 5585 2302 5639 schus
2336 5596 2462 5654 cap.
2508 5583 2635 5639 178.
