3972 6130
184 294 308 366 673

1529 293 1718 368 VITA
1761 303 1822 365 S.
1871 293 2288 364 EUTHYMII.

3473 288 3588 362 6'74

198 435 390 496 ϐάνειν
454 440 486 494 ὃ
553 438 798 516 βούλοιτο
859 445 966 496 τῶν
1026 441 1100 504 εἷς
1148 439 1334 518 χρείαν
1395 437 1608 518 φαύλων
1663 439 1846 495 ἒκείνω

1963 453 2106 516 pere
2151 451 2221 495 ex
2257 432 2374 492 illis
2404 430 2622 492 vilibus
2653 430 2908 510 usuique
2937 430 3318 504 necessariis,
3351 433 3591 495 nemine

175 529 269 583 καὶ
328 528 685 605 ἀναγκαίων,
722 528 928 592 οὐδενὸς
987 528 1289 607 εἴργοντοςο
1350 527 1490 594 ἀλλὴ
1546 529 1633 584 καὶ
1679 528 1864 590 αὖτοὺς

176 615 588 680 ἆποστολικῶς
641 619 885 694 βιοῦντας
945 621 1184 697 ὁρᾶσθαι,
1244 619 1332 674 καὶ
1390 617 1534 673 εἶναι
1567 627 1591 658 ν
1648 622 1754 672 τῶν
1813 618 1865 674 ἐν

173 707 377 783 ἐρήμῳ
457 709 753 764 οἰκούντων
803 707 1195 787 παραπλησίως
1255 708 1441 770 αὐτοῖς
1497 707 1594 774 τὴν
1653 705 1866 784 καρδίαν

171 816 232 850 τε
279 797 380 852 καὶ
417 797 531 864 τὴν
589 797 798 876 ψυχὴν,
833 798 981 872 μίαν,
1015 796 1173 854 Ἐπεὶ
1207 795 1392 872 μηδεὶς
1423 803 1529 853 τῶν
1585 800 1864 876 ὕπαρχον-

170 906 283 941 των
322 884 489 956 αὒτῷ
540 885 708 962 μηδέν
741 887 941 966 ἔκρινεν
976 883 1120 943 ἴδιον
1176 890 1340 960 εἶναι,
1374 885 1512 942 ἀλλὰ
1539 887 1712 944 πάντα
1742 888 1864 942 ἐπί-

173 995 280 1041 σης
347 976 559 1040 αὐτοῖς
615 979 827 1032 κεῖσθαι
891 994 1067 1037 κοινα.
1135 976 1232 1034 Καὶ
1272 982 1430 1032 τοῦτο
1487 974 1540 1031 δὲ
1600 978 1864 1052 περὶτῶν

173 1064 586 1142 ἀναχωρητῶν
644 1063 888 1143 ὶέγεται,
922 1064 1004 1121 ὅτι
1060 1063 1461 1143 Προσελθόντων
1494 1065 1637 1139 αύτῷ
1676 1087 1858 1142 τινων,

176 1153 270 1208 καὶ
319 1153 590 1230 ἐφεῖσθαι
627 1155 812 1220 αὖτοτς
871 1155 1195 1229 αἰτουμένων
1253 1152 1389 1231 ὕδωρ
1437 1175 1495 1209 τε
1537 1156 1856 1233 Θερμαίνειν,

170 1242 264 1297 καὶ
331 1240 562 1316 ἐψητοῦ
617 1246 896 1323 μετέχειν,
929 1243 1025 1300 καῖ
1079 1244 1181 1299 ὑπὸ
1213 1241 1409 1322 λύχνον
1455 1243 1858 1321 ἀναγινώσκειν,

169 1330 266 1385 τὸν
325 1331 517 1409 μέγαν
564 1334 859 1407 Γεράσιμον
889 1329 1248 1405 ὑπολαϐόντα,
1285 1334 1344 1388 Εἰ
1403 1332 1540 1389 οὕτω
1583 1339 1675 1408 ζῇν
1727 1334 1859 1409 βού-

171 1418 362 1496 λεσθε,
404 1422 605 1500 φάναι,
640 1420 776 1478 πολὺ
835 1423 896 1478 τὸ
949 1421 1213 1501 σῦμφέρον
1268 1421 1321 1476 έν
1369 1419 1617 1496 κοινοϐίῳ
1662 1422 1859 1500 διάγειν

170 1509 346 1581 ὑμᾶς.
435 1509 595 1588 Ἐγὼ
665 1511 766 1589 γὰρ
837 1515 1090 1584 οὐμενοῦν
1165 1507 1409 1584 οὐδαμῶς
1479 1512 1664 1588 ὲφήσω
1738 1511 1859 1589 παρ’

171 1595 301 1654 ὅλον
355 1597 431 1664 δὴ
467 1621 579 1673 μου
607 1601 699 1655 τὸν
729 1605 830 1667 τῆς
863 1601 1010 1671 ζωῆς
1035 1604 1258 1679 χρόνον,
1291 1606 1444 1655 τοῦτο
1475 1599 1599 1678 παρ’
1631 1599 1857 1680 ἀναχω-

172 1700 381 1763 ρηταῒς
417 1688 692 1765 γίνεσθαι,

258 1760 507 1850 48'."

172 1865 322 1942 παρὰ
388 1871 486 1937 τῷ
527 1862 663 1936 ἆϐϐᾆ
718 1867 995 1944 Γερασίμῳ
1053 1866 1152 1933 τὴν
1204 1865 1473 1922 πολιτείαν
1530 1865 1670 1923 οὕτω
1719 1889 1852 1924 κατ-ο

173 1953 630 2030 ηναγκασμέδην
687 1955 835 2010 εἶναι
893 1957 982 2011 καὶ
1041 1953 1444 2034 ἀπαράκλητον,
1481 1957 1565 2011 καὶ
1607 1955 1742 2012 πολὺ
1794 1959 1855 2012 τὸ

175 2041 350 2120 ἄχαρι
385 2044 490 2098 καὶ
520 2042 693 2118 βίαιον
722 2042 896 2122 ἔχειν,
933 2043 1096 2119 νόμον
1157 2045 1372 2108 ἑαυτοῖς
1407 2047 1639 2100 ἐκθεῖναι
1673 2047 1850 2101 τοιού-

173 2151 294 2205 τον,
347 2128 644 2190 Σαϐϐἇτου
674 2154 730 2188 τε
785 2135 872 2189 καὶ
905 2133 1195 2212 Κυριακῆς.
1249 2137 1323 2191 ὡς
1367 2135 1555 2198 αὐτοὺς
1614 2133 1848 2208 ἀπιέναι,

180 2221 269 2276 καὶ
337 2219 698 2299 παράκλησιν
758 2223 942 2284 αὗτοῒς
1001 2225 1376 2298 μετακομίζειν
1438 2223 1546 2279 οὔτι
1612 2225 1851 2300 μετρίαν,

177 2307 358 2365 Ἀλλὰ
425 2317 587 2368 10310
643 2312 743 2386 μὲν
806 2303 1216 2390 ’ίεριχουντείων
1274 2311 1512 2385 ἔπαινος,
1571 2315 1656 2368 καὶ
1713 2312 1855 2369 ἀπό-

183 2395 346 2464 δειξις
423 2400 728 2479 φιλαρέτων
789 2407 1002 2479 ψυχῶν.
1060 2400 1298 2464 Πολλοὺς
1356 2401 1534 2476 μέντοι
1595 2407 1699 2457 τῶν
1753 2403 1855 2457 ὑπὸ

183 2493 262 2560 τῷ
323 2487 560 2567 μεγάλῳ
637 2491 809 2561 τούτῳ
878 2491 1154 2565 Γερασίμῳ
1225 2490 1558 2570 ἀγωνιστῶν,
1624 2492 1853 2565 ὁρῶντας

189 2575 275 2632 ἐπὶ
336 2585 536 2652 σκοπῷ
569 2579 796 2651 τοιούτῳ
847 2579 968 2643 τοὺς
998 2581 1288 2650 κοσμικοὺς
1334 2579 1683 2658 ἐρχομένους,
1718 2601 1849 2635 τοσ-

191 2673 347 2724 οῦτον
413 2669 648 2747 ἀπέχειν
693 2666 913 2741 εὔθυμον
975 2670 1147 2725 αὐτῶν
1205 2671 1292 2726 καὶ
1363 2667 1548 2736 ἡδεῖαν
1603 2670 1849 2748 ἡγεῖσθαι

191 2757 300 2812 τὼν
363 2755 566 2836 ἄφιξιν,
607 2756 744 2813 ὥστε
775 2755 914 2831 μηδὲ
958 2758 1093 2813 κατὰ
1138 2759 1324 2837 χώραν
1382 2758 1621 2836 στέργειν
1664 2759 1846 2820 αὐτοὺς

195 2843 340 2909 ὅλως
371 2846 502 2920 μηδ’
546 2847 854 2920 ὑπομένειν·
891 2845 1014 2903 ἀλλ’
1061 2848 1135 2910 ὡς
1178 2849 1245 2903 τὰ
1293 2848 1505 2925 μεγάλα
1547 2846 1850 2924 βλάψοντας

195 2933 432 3008 μᾶλλον,
466 2937 673 3014 φεύγειν
733 2935 921 2999 αὐτοὺς
967 2939 1054 2993 καὶ
1112 2935 1435 3014 ἐξίστασγαι.
1489 2936 1722 3007 ’ᾙὸεσαν
1749 2939 1849 3017 γὰρ

191 3022 392 3081 ἐκεῖνοι
446 3027 648 3101 καλῶς,
700 3025 908 3103 μητέρα
966 3027 1308 3105 σωφροσύνης
1366 3026 1612 3106 ἀκριϐοῦς
1670 3029 1845 3102 εἶναι,

1951 522 2308 601 prohibente
2344 542 2359 597 ;
2409 521 2549 601 quin
2583 521 2762 582 etiam
2796 519 2912 600 ipsi
2965 532 3362 582 cernerentur
3391 520 3588 584 vivere

1949 613 2584 692 apostolice,essetque
2617 627 2825 671 eorum
2851 608 2954 689 qui
2978 608 3323 671 habitabant
3348 609 3410 670 in
3443 610 3589 672 soli-

1952 701 2180 775 tudine,
2214 700 2608 763 coasimiliter
2641 699 2730 761 eis
2761 717 2867 760 cor
2900 717 3082 761 unum
3115 707 3174 760 et
3198 700 3393 761 anima
3417 718 3538 760 una
3571 718 3587 776 ;

1949 790 2436 872 quandoquidem
2463 807 2640 849 nemo
2669 789 2994 868 quidquam
3030 807 3100 850 ex
3133 789 3202 850 iis
3231 807 3367 866 quae
3397 788 3589 852 habe-

1948 879 2048 941 bat
2088 879 2398 960 judicabat
2429 895 2562 940 esse
2607 877 2938 957 proprium,
2973 880 3079 940 sed
3138 887 3348 940 cuncta
3380 879 3470 940 eis
3518 897 3588 941 ex

1947 987 2116 1049 aequo
2151 977 2486 1049 prostarent
2537 967 2878 1029 communia
2902 968 2984 1028 εἰί.
3045 965 3194 1027 Illud
3228 987 3466 1048 quoque
3513 968 3587 1030 de

1945 1059 2326 1120 anachoretis
2360 1059 2643 1132 refertur,
2667 1075 2804 1118 cum
2831 1055 3070 1137 quidam
3102 1058 3172 1118 ad
3209 1075 3344 1118 eum
3376 1075 3586 1119 acces-

1945 1149 2261 1223 sissent,et
2281 1154 2556 1228 peterent
2577 1155 2640 1208 ut
2657 1145 2773 1206 sibi
2797 1145 3008 1207 liceret
3041 1155 3162 1206 tum
3187 1163 3396 1226 aquam
3421 1147 3584 1209 cale-

1945 1237 2163 1311 facere,
2189 1245 2312 1298 tum
2341 1243 2576 1299 coctum
2611 1253 2871 1305 sumere,
2908 1245 3031 1296 tum
3065 1234 3136 1296 ad
3167 1234 3472 1298 lucernam
3495 1239 3583 1298 le-

1941 1344 2114 1403 gere,
2139 1345 2416 1405 magnum
2449 1324 2823 1387 Gerasimuin
2847 1323 3312 1404 respondentem
3337 1324 3582 1387 dixisse.

1943 1416 2007 1478 Si
2038 1415 2214 1476 vultis
2265 1417 2344 1476 ita
2393 1415 2594 1475 vivere
2646 1412 2832 1473 multo
2864 1413 3050 1492 magis
3101 1414 3342 1492 expedit
3368 1425 3434 1476 ut
3483 1433 3586 1476 vos

1941 1503 2169 1582 degatis
2215 1505 2274 1565 in
2308 1503 2606 1565 coenobio.
2662 1501 2782 1580 Ego
2828 1504 2986 1563 enim
3021 1520 3393 1582 nequaquam
3441 1521 3586 1564 sane

1943 1593 2278 1671 permittam
2313 1600 2434 1654 toto
2467 1610 2616 1653 mese
2645 1594 2776 1651 vitae
2806 1599 3096 1671 tempore,
3130 1593 3246 1651 hoc
3270 1591 3399 1652 fieri
3429 1591 3586 1672 apud

1939 1683 2348 1744 anachoretas.

509 1785 648 1831 Ωστε
708 1776 829 1840 τοὺς
893 1774 1293 1856 Ἰεριχοντείους
1325 1787 1351 1817 κ
1405 1777 1694 1842 ἀκούοντας
1748 1779 1846 1835 τῶν

2005 1769 2394 1850 XCIIJtaque
2420 1768 2818 1832 Jericbontini
2844 1769 3153 1832 audientes
3173 1769 3349 1831 vitam
3373 1789 3582 1833 eorum

1939 1861 2039 1939 qui
2076 1869 2246 1920 erant
2270 1860 2427 1938 apud
2459 1858 2737 1921 abbatem
2771 1859 3149 1920 Gerasimum
3173 1877 3306 1920 esse
3329 1860 3476 1922 adeo
3493 1879 3585 1922 ar-

1939 1956 2094 2010 ctam
2129 1957 2187 2010 et
2215 1949 2405 2010 solatii
2441 1959 2766 2028 expertem,
2805 1948 3176 2028 multumque
3209 1949 3431 2011 habere
3454 1968 3582 2011 m0-

1940 2037 2126 2099 lestiaa
2154 2057 2224 2098 ac
2254 2038 2570 2112 violentiae,
2609 2037 2762 2098 hanc
2795 2036 2911 2098 sibi
2965 2037 3160 2116 legem
3195 2038 3480 2115 tulerunt,
3518 2046 3583 2101 ut

1939 2124 2195 2188 Sabtiato
2228 2135 2288 2187 et
2337 2126 2654 2188 Dominica
2683 2127 2758 2188 ad
2801 2145 2904 2189 eos
2933 2125 3190 2203 abirent,
3226 2129 3433 2208 eisque
3464 2147 3582 2190 non

1941 2216 2234 2276 modicam
2263 2216 2545 2276 afferrent
2565 2215 3053 2280 consolationem.
3068 2213 3184 2277 Sed
3204 2218 3316 2278 hoc
3339 2217 3580 2296 quidem

1938 2303 2066 2364 laus
2089 2311 2180 2364 est
2203 2305 2778 2376 Jerichuntinorum,
2805 2312 2981 2384 atque
3003 2316 3414 2383 argumentum
3445 2307 3580 2366 ani-

1941 2410 2173 2452 marum
2199 2393 2432 2455 virtutis
2453 2394 2959 2455 amantium.Cum
2978 2402 3172 2455 autem
3207 2395 3376 2455 multi
3409 2414 3478 2456 ex
3509 2396 3581 2456 iis

1937 2481 2040 2560 qui
2059 2481 2170 2542 sub
2201 2501 2414 2560 magno
2439 2483 2552 2544 hoc
2567 2484 2876 2544 Gerasimo
2893 2482 3580 2557 decertabant,viderent

1934 2572 2250 2632 saeculares
2273 2589 2405 2632 cum
2428 2572 2540 2632 boc
2565 2571 2871 2652 proposito
2905 2572 2978 2632 ad
3003 2590 3068 2634 se
3099 2574 3321 2647 venire,
3351 2583 3574 2634 tantum

1933 2658 2106 2721 abest
2135 2670 2198 2720 ut
2229 2660 2463 2722 illorum
2500 2661 2823 2722 adventum
2857 2671 3085 2739 gratum
3126 2663 3578 2743 jucundumque

1933 2748 2300 2824 dicerent,ut
2322 2767 2432 2810 nec
2463 2767 2566 2810 eos
2589 2750 2831 2829 quidem
2855 2750 2916 2810 in
2948 2751 3194 2829 regione
3223 2752 3466 2812 omnino
3491 2761 3578 2812 to-

1931 2835 2128 2898 lerare
2154 2838 2374 2900 vellent
2410 2859 2426 2914 ;
2455 2839 2562 2899 sed
2595 2839 2797 2918 potius
2839 2849 2901 2899 ut
2931 2840 3100 2900 valde
3130 2840 3378 2901 laesuros
3404 2841 3574 2919 fuge-

1931 2935 2065 2989 rent
2090 2928 2253 3007 ipsos
2283 2937 2341 2988 et
2362 2927 2759 2990 declinarent.
2789 2927 2977 2990 Probe
2997 2929 3155 2990 enim
3177 2929 3264 2989 illi
3291 2938 3579 2991 noverant

1930 3029 2224 3078 accuratae
2255 3018 2666 3097 temperantia;
2695 3025 2944 3079 matrem
2969 3035 3104 3080 esse
3124 3018 3573 3092 abstinentiam,

195 3112 295 3179 τὴν
340 3114 678 3192 ἐγκράτειαν
727 3115 1017 3194 λογισμοὺς
1076 3137 1134 3171 τε
1179 3116 1432 3193 ,υπαροὸς
1494 3116 1846 3194 ἀπωθεῖσθαι,

1939 3124 2066 3186 qua;
2126 3114 2324 3186 posset
2355 3116 2415 3168 et
2466 3115 2672 3188 turpes
2729 3108 3029 3188 expellere
3071 3107 3484 3190 cogitationes,
3519 3118 3577 3170 et

197 3203 284 3258 καὶ
339 3202 510 3261 ὕπνου
567 3205 832 3285 κουφίζειν
874 3206 1146 3284 βαρύτητα
1201 3202 1517 3279 δυναμένην·
1564 3205 1656 3267 ἅτε
1715 3205 1851 3282 μηδε

201 3287 382 3370 λόγοις
451 3295 630 3376 μόνον,
670 3293 809 3350 ἀλλὰ
837 3295 925 3351 καὶ
971 3293 1141 3373 ἔργοις
1173 3295 1274 3371 ὑπο
1304 3300 1398 3352 τοῦ
1425 3297 1623 3374 πατρὸς
1666 3296 1853 3376 ἄριστα

209 3400 356 3439 τουτο
387 3385 779 3459 μεμαθῆκότες.

292 3470 412 3544 4'1".
445 3471 684 3530 Ἐκεῖνον
715 3475 815 3551 γὰρ
847 3471 1033 3551 ἔλεγον
1065 3473 1234 3550 οὗτοι,
1261 3481 1511 3533 τοσοῦτον
1542 3473 1850 3552 ἐγκράτειαν

213 3559 324 3633 περὶ
379 3559 623 3621 πλείστου
671 3567 922 3638 ποιῆσαι,
971 3565 1045 3627 ὡς
1101 3563 1194 3626 τὰς
1257 3563 1652 3643 τεσσαράκοντά
1709 3587 1848 3644 φημι

205 3651 300 3714 τῆς
359 3651 603 3717 νηστείας
660 3650 890 3731 ἡμέρας,
926 3650 1108 3709 ἄσιτον
1167 3651 1374 3727 διιέναι,
1420 3658 1488 3729 τῇ
1543 3651 1847 3728 μεταλήψει

199 3739 332 3814 μόνῃ
405 3739 510 3796 τῶν
582 3741 889 3817 μυστηρίων
947 3740 1294 3818 ἀρκούμενον.
1371 3743 1523 3799 Οὕτω
1594 3743 1847 3817 βιωσαντι

199 3829 500 3907 Γερασίμῳ,
533 3831 620 3886 καὶ
677 3842 794 3893 τοῖς
826 3829 916 3886 ὑπ’
973 3830 1130 3887 αὐτὸν
1187 3830 1490 3910 ἀρχέτυπον
1533 3831 1723 3910 ἀρετῆς
1762 3833 1848 3890 καὶ

197 3918 466 3994 σωτηρίας
511 3917 759 3975 ύποθεσιν
813 3918 1107 3996 γενομένῳ,
1169 3920 1230 3975 τὸ
1270 3921 1450 3978 κοινὸν
1495 3917 1610 3976 ἔπει
1666 3919 1842 3996 τέλος,

194 4005 454 4080 πέμπτην
510 4013 604 4063 τοῦ
664 4009 894 4086 Μαρτίου
953 4009 1124 4082 μηνὸς
1183 4005 1428 4087 ἄροντος,
1471 4005 1844 4086 τρισκαιδεκά-

194 4115 291 4161 της
352 4095 520 4161 οὔσης
591 4094 963 4176 Ἰνδικτιῶνος,
1024 4096 1078 4153 ἐν
1134 4097 1356 4170 ὑπατείᾳ
1417 4099 1662 4168 Ζήνωνος
1732 4104 1844 4159 Αύ-

192 4184 419 4260 γούστου
470 4187 532 4241 τὸ
562 4183 824 4265 δεύτερον.
887 4189 1054 4262 Ἢμϊν
1106 4183 1160 4240 δὲ
1193 4184 1356 4242 πάλιν
1399 4185 1696 4268 ἐπανιτέον,
1727 4189 1842 4246 ὅθεν

192 4270 476 4348 ἐξέϐημεν,

1933 3197 2130 3256 somni
2187 3195 2383 3257 levare
2412 3198 2752 3274 gravitatem
2791 3219 2803 3258 :
2867 3205 3068 3277 utpote
3119 3197 3220 3276 qui
3267 3216 3385 3260 non
3433 3197 3576 3259 solis

1933 3283 2154 3366 verbis,
2190 3286 2294 3346 sed
2328 3285 2507 3346 etiam
2537 3285 2706 3347 factis
2738 3285 2849 3347 hoc
2881 3305 2914 3347 a
2963 3285 3130 3350 Patre
3161 3288 3385 3366 optime
3413 3285 3574 3348 didi-

1933 3374 2175 3437 cissent.

2014 3461 2218 3525 XCIII.
2247 3462 2320 3526 Hi
2344 3463 2502 3525 enim
2531 3465 2722 3544 ipsum
2756 3462 3034 3525 dicebant
3056 3464 3204 3526 tanti
3230 3465 3443 3527 fecisse
3470 3463 3572 3526 ab-

1933 3552 2301 3626 stinentiam,
2334 3562 2397 3614 ut
2429 3554 2821 3631 quadraginta
2853 3552 2988 3614 illos
3005 3552 3222 3632 jejunii
3253 3553 3406 3632 dies,
3439 3555 3572 3617 sine

1932 3639 2065 3702 cibo
2114 3642 2489 3720 transigeret,
2524 3648 2839 3704 contentus
2873 3641 3000 3703 sola
3053 3653 3569 3706 sacramentorum

1935 3729 2414 3812 participatione.
2453 3731 2783 3811 Gerasirno,
2815 3750 2952 3793 cum
2981 3737 3068 3793 sic
3097 3732 3358 3805 vixisset,
3393 3743 3569 3814 atque

1934 3820 2009 3880 iis
2030 3821 2128 3900 qui
2153 3819 2263 3882 sub
2287 3840 2356 3882 eo
2383 3830 2554 3882 erant
2579 3819 2789 3882 fuisset
2809 3819 3111 3902 exemplar
3143 3822 3374 3884 virtutis
3403 3825 3567 3884 salu-

1933 3908 2130 3986 tisque
2161 3927 2362 3991 causa,
2397 3913 2734 3972 communis
2764 3910 3004 3972 advenit
3031 3910 3188 3988 ﬁnis,
3220 3913 3428 3993 quinto
3452 3912 3573 3992 (26)

1933 3999 2162 4060 mensis
2209 3999 2425 4080 Martii,
2458 3998 2787 4062 indictione
2843 4001 3078 4062 decima
3111 4002 3279 4063 tertia
3335 4004 3475 4078 (Ἦ),
3506 4001 3568 4062 iu

1930 4087 2238 4150 consulatu
2290 4087 2548 4149 Zenonis
2603 4089 2851 4169 Augusti
2899 4089 3186 4152 secundo.
3249 4089 3430 4152 Nobis
3460 4109 3570 4151 au-

1927 4185 2045 4238 tem
2074 4194 2283 4238 rursus
2310 4177 2687 4240 redeundum
2721 4186 2830 4255 est,
2860 4179 3022 4240 unde
3053 4179 3306 4258 digressi
3333 4198 3564 4244 sumus.

269 4363 405 4440 (A'.
472 4363 696 4426 Λέοντος
757 4363 872 4432 ὤδη
905 4365 964 4420 τὸ
1007 4371 1298 4432 τηνικαῦτα
1349 4372 1441 4422 τοῦ
1493 4364 1738 4432 εὖσεϐοὺς
1784 4389 1841 4423 τε

1979 4356 2309 4414 XCIV.Cnm
2323 4356 2441 4428 jam
2469 4366 2604 4413 tunc
2621 4355 2737 4414 Leo
2761 4356 2890 4428 pius
2904 4366 2958 4413 et
2981 4356 3188 4415 Christi
3212 4373 3412 4416 amans
3437 4373 3564 4417 suc-

189 4455 280 4510 καὶ
336 4452 687 4534 φιλοχρίστου
747 4455 845 4522 τὴν
907 4461 1212 4532 Μαρκιανοῠ
1278 4453 1550 4530 βασιλείαν
1618 4454 1839 4522 ἐκδεξα-

1939 4448 2197 4505 :essisset
2219 4447 2490 4503 Marciani
2514 4445 2621 4517 (28)
2642 4445 2913 4516 imperio,
2937 4447 3275 4506 Timotheus
3295 4449 3406 4522 (29)
3435 4450 3565 4522 qui-

192 4542 381 4622 μένου,
416 4543 667 4618 Τιμόθεός
730 4565 810 4607 τις
856 4542 1079 4610 ἐπίκλην
1123 4541 1408 4620 Λῖλσυρος,
1455 4545 1554 4612 τὴν
1585 4543 1840 4612 Ἀλεξαν-

192 4629 356 4710 δρέων
415 4631 610 4689 διέσειε
680 4635 769 4690 καὶ
849 4633 1202 4710 συνετάρασσε
1270 4639 1462 4690 πᾶσαν
1539 4632 1723 4690 ἔπειτα
1787 4632 1840 4691 δὲ

189 4722 280 4778 καὶ
355 4722 512 4779 αὑτὸν
570 4723 660 4779 τὸν
735 4726 836 4791 τῆς
911 4721 1121 4787 πόλεως
1177 4721 1525 4802 πατριάρχην
1593 4723 1652 4791 ἐν,
1706 4724 1840 4792 αὗτῆ

266 4833 318 4881 τι
345 4837 481 4900 Act.
516 4853 600 4903 tv.
633 4836 734 4902 32.

1925 4540 2056 4596 dam
2079 4537 2424 4608 cognomine
2437 4534 2876 4601 [ElurusJotam
2892 4539 3253 4596 concutiebat
3273 4549 3568 4599 etcontur-

1924 4629 2099 4686 bahat
2119 4623 2763 4694 Atexandriam;deinde
2785 4633 2974 4684 autem
2999 4627 3099 4684 ubi
3120 4629 3311 4699 ipsum
3335 4644 3566 4703 quoque

1925 4717 2178 4782 civitatis
2202 4715 2596 4797 patriarcbam
2630 4715 2754 4795 (30)
2784 4718 2840 4797 (0
2861 4716 3097 4798 iniquas
3118 4728 3179 4781 et
3198 4718 3410 4801 impias
3432 4721 3566 4783 illas

1512 4915 1774 4982 VARUE
1819 4914 2254 4983 LECTIONES.

267 4995 411 5060 "III.
441 4995 632 5064 inser.
667 5002 780 5062 καὶ.
866 5009 892 5042 ι
923 4995 1002 5061 II.
1041 4989 1410 5081 Ἰεριχοντίους
1446 5006 1505 5063 et
1532 4999 1712 5081 intra.

1523 5077 1759 5145 JOAN..
1790 5075 2087 5144 BOLLAN
2095 5077 2170 5142 D1
2213 5072 2455 5138 NOTAE.

264 5183 383 5255 (26)
443 5183 930 5260 ConsentitAVitg
951 5183 1009 5243 S.
1053 5185 1307 5260 Quiriaci
1341 5186 1409 5243 30
1465 5186 1759 5260 Septemb.
1791 5196 1848 5245 et

196 5255 488 5320 Martyrol.
524 5256 688 5320 Rom.
723 5257 856 5314 licet
891 5255 1071 5314 Graeci
1104 5272 1234 5316 cum
1267 5259 1302 5314 4
1329 5260 1510 5317 Martii
1535 5255 1752 5316 colant.

268 5326 386 5397 (27)
443 5329 554 5384 An.
593 5329 696 5386 Ch.
739 5327 863 5384 L75.
907 5328 1196 5387 Aberrant
1232 5329 1436 5388 Menaea
1492 5329 1846 5394 Graecorum.

198 5402 296 5470 qui
357 5413 490 5456 eum
525 5407 787 5457 statuunt
827 5397 1038 5470 vixisse
1094 5400 1152 5459 in
1210 5403 1486 5460 interiore
1525 5400 1846 5459 Thebaidos

197 5468 534 5546 solitudine,
569 5473 896 5546 imperante
925 5468 1300 5546 Constantino
1329 5472 1643 5546 Pogonato.
1667 5472 1846 5532 Hera-

201 5538 832 5616 cllignepotetdtiobus
861 5551 991 5616 post
1016 5543 1140 5601 bsic
1169 5538 1702 5616 tempora'saacutis.

265 5612 381 5687 (se)
409 5612 523 5671 An.
553 5613 653 5672 cn.
685 5612 809 5669 ιω.

2001 5184 2120 5267 (29).
2169 5184 2361 5267 Agunt
2392 5181 2463 5267 de
2497 5181 2698 5267 @Iuro
2755 5181 3168 5267 Evagriuslib.
3224 5196 3284 5252 ιε,
3319 5186 3511 5267 σοι)λὸ
3542 5207 3556 5253 ;

1927 5253 2264 5338 Theodorus
2284 5256 2482 5340 Lector
2512 5253 2612 5340 lib,
2643 5265 2692 5336 1,.
2717 5253 2966 5340 collecti,
2997 5255 3299 5340 Liberatus
3327 5253 3405 5340 in:
3424 5257 3564 5340 Bre-

1927 5330 2105 5386 viario
2161 5341 2285 5398 cap.
2319 5326 2388 5382 15
2414 5334 2469 5382 et
2499 5326 2860 5395 potissimum
2908 5327 3108 5386 Clerns
3135 5327 3563 5388 AleXandrinus

1929 5410 1982 5458 et
2005 5399 2231 5469 ngypti
2261 5400 2514 5469 episcopi
2545 5396 2846 5454 orthodoxi
2867 5399 2923 5454 in
2945 5400 3186 5469 epistola
3208 5402 3279 5458 ad
3309 5402 3560 5460 Leonem

1929 5410 1982 5458 et
2005 5399 2231 5470 ngypti
2261 5400 2514 5469 episcopi
2545 5399 2846 5454 orthodoxi
2867 5399 2923 5454 in
2945 5400 3186 5469 epistola
3208 5402 3279 5458 ad
3309 5402 3560 5460 Leonem

1928 5473 2384 5562 ‘lPPFii‘PE‘E‘Ps
2394 5476 2780 5562 Ευέθρὲξὲἒὲἓ.
2793 5470 2966 5562 .‘PE‘E’.
2978 5473 3265 5562 .°Bl3_‘°!:‘3
3283 5474 3560 5562 ,ἔὲεὲἓδὶηθ

1932 5540 2179 5600 diversis
2211 5554 2314 5611 pro
2347 5541 2516 5597 Cone.
2543 5540 2995 5598 Cbalcedonensi
3025 5540 3149 5612 par.
3182 5546 3238 5613 3,
3270 5547 3436 5616 epist.
3468 5545 3559 5606 22.

2008 5611 2120 5684 (30)
2153 5611 2210 5669 S.
2241 5610 2588 5676 Proterium,
2621 5612 2721 5683 qui
2757 5611 2968 5671 colitur
2996 5613 3066 5670 28
3094 5613 3416 5675 Februarii.
