3972 6130
211 275 336 345 677
1547 276 1731 343 VITA
1779 281 1842 342 S.
1896 269 2310 341 EUTHYMII.
3501 273 3620 344 678

213 414 443 490 ῥήσεις,
500 413 584 494 ἐφ’
640 416 701 471 ὃν
744 419 794 471 αἱ
839 415 1150 495 φιλαλήθεις
1194 412 1533 492 ἐπαγγελίαι,
1583 409 1676 469 Ὧν
1736 414 1886 476 οὗτος

1992 408 2294 483 lictiones,
2329 409 2404 471 de
2434 428 2554 488 quo
2586 427 2739 471 verae
2780 410 3234 490 promissiones.
3271 412 3535 484 Quarum
3569 415 3620 475 is

212 505 429 569 εὐθέως
501 506 876 586 ἂναμνησθείς,
923 507 1114 564 Φεϊδον
1165 507 1256 563 τὸν
1302 508 1375 570 εἰς
1420 505 1519 573 τήν
1565 505 1759 584 λαύραν
1803 507 1896 560 σὺν

1992 499 2178 560 statim
2225 499 2598 580 recordatus,
2631 498 2868 573 Fidum,
2907 502 3004 580 qui
3059 499 3130 560 ad
3192 499 3418 561 lauram
3480 519 3615 562 cum

211 596 373 668 αὖτῷ
472 597 902 674 παραγεγονότα,
959 596 1055 654 καὶ
1111 603 1219 653 τῶν
1293 593 1638 674 προῤῥήσεων
1683 596 1896 652 ἐκείνων

1992 593 2108 669 ρεο
2139 599 2506 664 accesserat,
2569 588 2960 669 audieratque
3011 589 3431 668 praedictiones
3461 590 3616 664 illas,

211 683 571 755 ἀκούσαντα,
619 685 863 742 διάκονον
907 698 1238 765 χειροτονεῖ,
1291 686 1384 741 καί
1427 687 1558 762 πρὸς
1591 687 1681 741 τὸν
1723 685 1893 762 μέγαν

1992 677 2213 740 )rdinat
2271 679 2617 752 diaconum,
2653 686 2710 739 et
2753 697 2962 740 rursus
3008 678 3079 738 ad
3131 697 3411 754 magnum
3446 678 3624 740 mittit

214 773 375 836 αὖθις
446 776 587 848 μετὰ
635 782 728 832 τοῦ
784 775 1216 854 σταυροφύλακος
1271 773 1594 830 ἀποστέλλει
1635 793 1648 810 ’
1695 776 1794 844 τήν
1839 795 1894 828 τε

1992 785 2096 827 una
2127 787 2260 828 cum
2295 768 2541 830 custode
2574 766 2768 829 crucis
2801 786 2816 842 ;
2849 779 2972 830 tum
3008 767 3340 846 prophetia“:
3382 767 3618 847 signiﬁ-

213 867 322 929 τῆς
391 865 727 941 προφητείας
776 867 992 940 μηνύων
1037 862 1276 939 ἔκϐασιν,
1333 865 1420 919 καὶ
1477 863 1636 928 ἀξιῶν
1665 866 1892 940 ἓπιτρα-

1992 875 2121 918 :ans
2153 865 2454 929 eventum,
2493 866 2615 918 tum
2666 875 2882 935 rogans
2934 856 3044 917 sibi
3080 857 3343 936 permitti
3373 858 3448 918 ad
3483 875 3621 918 eum

215 952 398 1018 πῆναί
430 955 485 1008 οἱ
515 954 614 1020 τὴν
645 956 774 1028 πρὸς
822 956 980 1012 αὐτὸν
1033 953 1278 1016 κάθοδον,
1310 955 1370 1010 Ὃ
1403 951 1457 1008 δὲ
1489 953 1684 1016 ταύτας
1716 951 1892 1008 δῖδωσι

1992 964 2253 1026 pergere.
2292 948 2346 1008 ls
2376 956 2574 1007 autem
2623 947 2722 1006 dat
2773 946 2898 1006 hazc
2929 964 3220 1026 responsa
3257 964 3269 1008 :
3304 945 3448 1007 Mihi
3479 965 3623 1009 sane

216 1041 318 1102 τὰς
357 1041 678 1120 ἀποκρίσεις
701 1063 719 1080 ο
754 1043 908 1118 Ἐμοὶ
937 1041 1005 1098 δι’
1039 1042 1316 1116 ἐπιθυμίας
1353 1041 1500 1098 ἐστίν
1530 1042 1609 1097 ἀεὶ
1641 1042 1738 1109 τὴν
1769 1043 1894 1116 ὑμε-

1992 1043 2320 1114 axoptatum
2355 1053 2601 1115 semper
2631 1043 2720 1096 est
2751 1043 3008 1096 vestram
3055 1035 3260 1097 videre
3293 1037 3623 1114 perfectio-

216 1130 389 1207 τέραν
426 1134 559 1205 ὁρᾷν
608 1131 948 1211 τελειότητα,
1009 1133 1100 1187 καὶ
1156 1130 1368 1208 κέρδους
1402 1130 1568 1192 οὕτως
1602 1131 1888 1187 ἀπολαύειν

1992 1142 2136 1197 iem,
2199 1125 2405 1204 sicque
2451 1125 2677 1186 lucrum
2742 1124 3012 1204 spiritale
3044 1127 3357 1206 consequi.
3396 1125 3622 1188 Verum

219 1230 634 1294 πνευματικοῦ,
662 1219 832 1277 Ἀλλὰ
860 1222 921 1276 τὸ
953 1220 1052 1294 μὲν
1083 1225 1178 1287 τῆς
1214 1219 1469 1297 προτέρας
1503 1219 1650 1293 ὑμῶν
1699 1218 1889 1286 ἐπιδη-

1992 1212 2140 1291 ςηοίοι-
2170 1213 2408 1292 quidem
2441 1221 2638 1275 vester
2669 1213 2978 1284 adventus,
3032 1213 3206 1274 aliter
3267 1223 3417 1288 erat,
3473 1215 3624 1276 citra

220 1309 384 1383 μίας,
418 1307 604 1372 ἄλλως
638 1310 729 1388 ἦν,
762 1309 860 1374 ἔξω
889 1312 1087 1373 παντὸς
1117 1309 1288 1388 ὄχλου
1317 1312 1403 1366 καὶ
1455 1309 1632 1375 πάσης
1678 1309 1892 1387 ἀπραγ-

1992 1321 2215 1362 )ῐηηειη
2249 1301 2508 1368 turbam.
2547 1322 2681 1363 cum
2743 1303 2906 1363 omni
2964 1303 3415 1382 tranquillitate.
3451 1305 3624 1366 Nunc

221 1399 510 1470 μοσύνης.
546 1409 649 1458 Νῦν
678 1397 733 1455 δὲ
764 1401 824 1456 τὸ
857 1402 952 1466 τῆς
975 1399 1150 1478 ἀρχῆς
1178 1399 1620 1477 μέγεθος,ἑτέραν
1653 1400 1781 1473 ὑμῖν
1802 1401 1894 1454 σὺν

1992 1407 2122 1451 vero
2156 1391 2463 1470 dignitatis
2497 1392 2841 1467 magnitudo
2867 1391 2966 1451 dat
2998 1391 3165 1451 vobis
3195 1391 3376 1452 alium
3410 1391 3625 1470 agendi

223 1488 349 1561 Θεῷ
413 1485 601 1544 δίδωσι
656 1487 802 1553 τάξιν
837 1508 851 1523 ⁸
917 1488 1054 1544 ὥστε
1100 1486 1398 1566 ὅπερϐαίνει
1433 1489 1573 1565 παρὰ
1618 1486 1753 1545 πολὺ
1797 1491 1893 1554 τὴν

1992 1480 2280 1554 πόίιιεηι,
2319 1479 2440 1541 Deo
2475 1481 2553 1540 ita
2583 1480 2820 1541 volente
2854 1499 2866 1542 :
2905 1480 3191 1557 quocirca
3221 1480 3396 1558 longe
3429 1497 3622 1543 meam

221 1575 373 1650 ἐμην
410 1577 694 1635 ἀσθένειαν
735 1581 770 1646 ἡ
815 1578 1042 1655 ὑμετέρα
1096 1577 1300 1646 δηλαδὴ
1333 1578 1614 1654 παρουσία.
1654 1583 1896 1633 Δυσωτώ

1992 1579 2227 1649 superat
2259 1571 2755 1643 imbecillitatem,
2791 1579 2984 1632 vestra
3016 1570 3249 1632 scilicet
3279 1572 3622 1649 praesentia.

223 1671 360 1743 γοῦν
409 1665 612 1741 μήκέτι
669 1689 727 1722 σε
784 1667 1040 1732 σκυλῆναι
1073 1669 1203 1745 πρὸς
1227 1668 1294 1723 τὰ
1323 1667 1565 1729 ἐνταῦθα.
1603 1668 1659 1723 Εἰ
1692 1665 1734 1721 δ’
1780 1669 1891 1740 οὖν,

1992 1661 2144 1736 Rogo
2176 1658 2376 1738 igitur,
2413 1678 2486 1720 ne
2535 1659 2794 1739 amplius
2854 1660 3121 1722 laborem
3183 1659 3302 1720 huc
3347 1660 3629 1722 veniendi

222 1753 355 1810 ἀλλ’
403 1756 526 1832 ἑγὼ
569 1757 664 1830 μὲν
728 1755 960 1836 δέχομαι
1034 1757 1318 1836 προθύμως
1377 1756 1672 1835 ἐρχόμενον
1707 1772 1722 1787 ⁸
1771 1756 1896 1812 εἶτα

1992 1747 2297 1828 suscipias.
2371 1747 2477 1811 Sin
2540 1749 2758 1821 minus,
2799 1757 3060 1811 attamen
3117 1767 3226 1827 ego
3285 1749 3627 1811 venientem

221 1845 316 1900 καὶ
361 1846 500 1908 τοὺς
560 1844 754 1909 ἄλλους
795 1845 998 1911 πάντας
1058 1846 1354 1923 ἀναγκαῖον
1397 1847 1608 1910 πάντως
1659 1849 1752 1903 οὒκ
1794 1844 1895 1901 ἆπ-

1992 1837 2267 1917 iccipiam
2301 1837 2485 1900 alacri
2517 1839 2752 1910 animo;
2811 1838 3031 1900 deinde
3067 1857 3317 1900 necesse
3349 1840 3456 1900 erit
3490 1858 3627 1900 om-

223 1937 505 1990 ωθεϊσθαι
542 1949 555 1963 ⁶
605 1936 693 1991 καὶ
751 1935 810 1991 τὰ
855 1935 1068 2008 λοιπὸν,
1133 1934 1309 1990 οὐκέτι
1361 1933 1644 2012 διατρίιῗειν
1677 1934 1897 1991 ἐνταῦθα

1992 1927 2122 1990 nino
2155 1938 2216 1988 ut
2248 1928 2349 1990 alii
2382 1927 2583 1990 cuncti
2616 1947 2734 1989 non
2787 1927 3157 2008 repellantur
3185 1952 3199 2003 ς
3263 1928 3629 2008 tandemque

227 2021 468 2086 δυνατὸς
501 2023 715 2098 ἔσομαι,
749 2027 826 2096 τῷ
853 2027 960 2080 τῶν
1011 2021 1462 2102 παραϐαλλόντων
1525 2023 1721 2094 πλήθει
1768 2045 1894 2078 στει-

1992 2037 2099 2078 non
2161 2027 2370 2097 potero
2429 2019 2690 2097 amplius
2747 2019 2840 2078 hic
2904 2017 3148 2093 versari,
3183 2016 3630 2079 amultitudine

1977 2107 2392 2168 accedentium
2452 2117 2812 2170 coarctatus.
2871 2106 2986 2168 Sed
3047 2125 3179 2187 quae
3246 2125 3494 2185 magnus
3553 2106 3629 2168 ad

1981 2197 2400 2274 patriarcbam,
2471 2196 2570 2257 tali
2632 2196 2892 2273 quodam
2957 2197 3132 2256 modo
3193 2195 3437 2258 habent.
3495 2194 3627 2257 Jam

1979 2284 2161 2363 exigit
2194 2285 2404 2358 oratio,
2439 2285 2524 2346 uti
2583 2297 2955 2347 revertamur
3003 2284 3197 2346 adhuc
3248 2285 3318 2344 ad
3354 2283 3626 2347 Terebo-

1982 2392 2146 2434 11ern.

2021 2462 2355 2525 XCVllHic
2373 2481 2514 2542 ergo
2529 2461 2804 2525 Terebon
2822 2461 3259 2525 Saracenorum
3282 2463 3468 2526 tribus
3485 2481 3629 2545 prae-

1981 2551 2196 2629 fectus,
2223 2571 2356 2615 cum
2393 2553 2591 2632 aliqua
2621 2552 2696 2614 de
2720 2571 2896 2614 causa
2917 2552 3178 2615 venisset
3201 2553 3446 2615 Bostras
3478 2555 3624 2633 (38),

235 2115 684 2193 νοχωρούμενος,
744 2113 913 2171 Ἀλλὰ
955 2117 1020 2171 τόι
1065 2115 1163 2189 μὲν
1206 2124 1297 2172 τοῦ
1347 2114 1584 2194 μεγάλου
1632 2116 1759 2190 πρὸς
1806 2115 1896 2170 τὸν

232 2205 620 2282 ἰτξατριάρχην³
681 2212 898 2262 τοιαῦτα
955 2205 1040 2260 καὶ
1127 2203 1294 2266 οὕτως
1358 2202 1578 2282 ἔχοντα,
1644 2202 1896 2258 Βούλεται

235 2288 291 2346 δὲ
350 2299 450 2348 νῦν
507 2295 535 2348 ὁ
607 2291 790 2370 λόγος,
855 2294 939 2350 ἐπὶ
1003 2295 1092 2348 τὸν
1137 2290 1411 2369 Τερέϐωνα
1457 2294 1545 2348 καὶ
1593 2294 1734 2356 αὖθις
1794 2290 1892 2348 ἐπ-

237 2380 522 2443 ανελθεϊν.

321 2461 456 2545 ζ’Ζ”.
491 2468 735 2547 Τερέϐωδ
761 2471 932 2528 τοίνυν
965 2471 1117 2535 οὗτος
1153 2473 1179 2526 ὁ
1212 2477 1316 2526 τῶν
1377 2473 1705 2548 Σαρακηνών
1760 2468 1897 2547 φύλ-

241 2581 446 2638 αρχος,
507 2560 580 2624 εἰς
642 2561 879 2636 Βόστρας
937 2561 1073 2616 κατὰ
1122 2581 1239 2615 τινα
1302 2559 1486 2638 χρείαν
1562 2557 1748 2637 ἐλθὼν,
1813 2560 1899 2614 καὶ

240 2649 388 2726 παρά
421 2670 566 2712 τινος
597 2648 982 2728 συμφυλάρχου
1014 2658 1108 2706 τοῦ
1136 2647 1162 2689 ¹³
1191 2651 1289 2716 τὴν
1321 2648 1498 2727 ἀρχὴν
1557 2648 1654 2714 τῆς
1714 2647 1897 2727 χώρας

1992 2650 2040 2704 et
2067 2661 2101 2704 a
2131 2641 2384 2723 quodam
2421 2641 2837 2721 comprtefecto
2899 2643 3132 2704 delatus
3175 2652 3332 2705 esset
3381 2643 3454 2704 ad
3487 2662 3628 2706 eum

245 2736 716 2816 ἒπιτετραμμένου
771 2747 793 2778 ο
859 2736 1184 2811 διαϐληθεὶς,
1249 2736 1552 2816 κατεσχέθη
1599 2758 1657 2792 τε
1698 2739 1787 2793 καὶ
1839 2737 1898 2791 τὸ

1992 2730 2075 2792 :ui
2107 2731 2430 2793 commissa
2466 2730 2658 2792 fuerat
2683 2730 2953 2808 regionis
2985 2730 3627 2807 administratio,com-

249 2827 616 2906 δεσμωτήριον
677 2829 845 2884 οἰκεῖν
904 2827 1188 2906 κατεκρίθη
1248 2825 1411 2882 πολὺν
1469 2826 1524 2882 ἐν
1569 2833 1644 2900 τῷ
1705 2823 1898 2900 μεταξὺ

1992 2822 2319 2900 prehensus
2339 2819 2446 2881 fuit
2466 2829 2523 2881 et
2543 2838 2848 2882 carcerem
2875 2820 3150 2884 habitare
3169 2820 3629 2904 condemnatus,

254 2917 475 2997 χρόνον,
523 2917 684 2979 Γνοὺς
745 2915 832 2974 οὖν
877 2919 938 2973 τὸ
994 2916 1170 2996 δρᾶμα
1214 2920 1311 2983 τῆς
1363 2917 1710 2996 συκοφαντίας
1743 2917 1769 2971 ὁ
1799 2914 1896 2990 μέ.

1992 2909 2350 2988 perlongum
2369 2909 2529 2990 quod
2549 2908 2890 2971 intercessit
2913 2910 3420 2990 tempus.Cognito
3451 2910 3631 2990 igitur

253 3023 352 3082 γας
400 3005 680 3080 Εὖθύιιιος,
740 3005 930 3086 γράφει
989 3006 1327 3083 Ἀντιπάτρῳ
1359 3012 1436 3080 τῷ
1479 3016 1771 3072 τηνικαῦτα
1802 3005 1899 3073 τὴν

1992 2998 2296 3060 calumniae
2327 3008 2461 3060 actu
2485 3019 2733 3080 magnus
2756 2999 3126 3080 Euthymius.
3157 3000 3366 3062 scribit
3389 3001 3462 3063 ad
3491 3002 3629 3064 An-

253 3094 583 3162 Ἐκκλησίαν
666 3095 914 3174 Βόστρων
981 3096 1232 3167 ίθύνοντι,
1309 3093 1724 3159 συναποστείλας
1779 3108 1898 3159 τοῖς

1992 3089 2266 3179 tipatrum
2299 3087 2549 3170 (39),qui
2577 3099 2716 3150 tunc
2738 3088 3123 3179 Bostrensem
3149 3089 3394 3168 regebat
3412 3088 3631 3153 Eccle-

257 3185 537 3260 γράμμασι
607 3187 693 3241 καὶ
750 3187 980 3242 Γαΐανὸν
1035 3187 1126 3242 τὸν
1185 3182 1411 3262 ἀδελφὸν
1470 3185 1740 3261 Στεφάνου
1811 3192 1900 3241 τοῦ

1992 3178 2156 3253 siam;
2193 3197 2309 3239 una
2333 3196 2462 3239 cum
2513 3179 2730 3240 litteris
2785 3179 3028 3240 mittens
3058 3177 3346 3240 Gaianum
3381 3179 3626 3244 fratrem

259 3269 522 3348 Ἰαμνείας
560 3321 577 3348 ,
672 3273 811 3331 ὥστε
898 3271 1134 3341 σπουδὴν
1233 3272 1626 3351 εἰσενέγκασθαι
1699 3279 1899 3352 πᾶσαν,

1992 3266 2272 3346 Stephani
2300 3265 2550 3328 Jamniae
2582 3267 2852 3348 episcopi
2891 3288 2906 3344 ;
2954 3276 3016 3328 ut
3041 3285 3282 3329 omnem
3317 3267 3633 3331 adhiberet

268 3359 505 3429 ἆνεθῆναι
549 3363 656 3419 τῶν
708 3361 917 3439 δεσμῶν
975 3365 1068 3419 τὸν
1098 3358 1396 3440 Τερέϐωνα.
1431 3352 1489 3418 Ὀ
1525 3359 1580 3417 δὲ
1612 3363 1676 3418 τὰ
1720 3362 1898 3441 γράμ-

1992 3355 2358 3434 diligentiam
2422 3375 2539 3436 quo
2601 3374 2634 3416 a
2663 3355 2920 3417 vinculis
2954 3352 3231 3418 Terebon
3265 3357 3629 3436 eriperetur.

269 3472 408 3522 ματα
456 3450 713 3531 εἰληφὼς,
779 3451 1058 3528 δεξάμενός
1114 3473 1172 3507 τε
1217 3451 1309 3508 καὶ
1353 3451 1611 3530 Γαῖανὸν,
1656 3453 1746 3506 τὸν
1804 3449 1900 3524 μὲν

1992 3445 2091 3508 [lle
2111 3446 2553 3522 vero,acceptis
2575 3445 3230 3524 litteris,snsceptoque
3245 3445 3630 3513 Gaiano.cnm

272 3537 532 3617 Τερέόωνα
581 3542 764 3609 πάσης
807 3542 1136 3620 κατηγορίας
1179 3539 1564 3617 ἐλευθερώσας,
1625 3540 1720 3596 καὶ
1771 3539 1901 3607 ὃσης

267 3629 404 3703 αὐτῷ
447 3627 548 3686 ἔδει
593 3629 835 3698 δαπάνης
879 3632 1010 3710 πρὸς
1063 3631 1164 3697 τὴν
1221 3627 1339 3687 ὁδὸν
1395 3630 1751 3705 κοινωνήσας,
1817 3627 1901 3685 ἐπὶ

257 3718 347 3774 τὸν
406 3718 576 3798 μέγαδ
635 3717 1038 3786 ἐξαποστέλλει.
1100 3721 1330 3776 Γαϊανὸν
1390 3717 1445 3774 δὲ
1489 3717 1668 3796 ὥσπερ
1697 3740 1747 3774 τι
1792 3718 1900 3789 ζώ-

257 3829 421 3887 πυρον
499 3809 598 3877 τῆς
681 3809 938 3885 Εὐθυμίου
1009 3807 1348 3872 διδασκαλίας
1421 3807 1560 3886 ἔγνω
1616 3830 1897 3886 παρακατ-

256 3895 429 3977 έχειν,
463 3899 552 3955 καὶ
594 3901 692 3965 τῆς
751 3896 1018 3966 Μηδάϐων
1075 3898 1284 3963 πόλεως
1317 3898 1609 3955 ἐπίσκοπον
1647 3919 1898 3976 χειροτο-

257 4000 366 4050 νεῖ,

336 4067 472 4154 ζΗ’.
525 4076 600 4133 "H
659 4098 720 4154 γε
777 4077 887 4152 μὴν
941 4088 1234 4156 μακαρῖτις
1300 4075 1542 4156 Εύδοκία,
1621 4079 1772 4140 ναοὺς
1820 4077 1898 4133 ὅτι

252 4164 538 4231 πλείστους
593 4167 670 4241 τῷ
729 4167 842 4241 Θεῷ
916 4165 1238 4242 δειμαμένη,
1305 4166 1642 4244 γηροκομεῖά
1697 4189 1756 4223 τε
1813 4168 1901 4224 καὶ

253 4269 511 4335 πτωχεϊα
553 4253 582 4297 ἀ
635 4257 723 4311 καὶ
775 4257 1110 4332 μοναστήρια
1154 4253 1283 4330 μηδ’
1325 4255 1530 4332 ἀριθμῷ
1585 4255 1900 4324 emanca-

254 4367 342 4401 ναι
413 4342 564 4420 ῥᾴδια
651 4343 908 4424 φιλοθέως
992 4342 1398 4419 συστησαμένη,
1459 4343 1774 4422 προσέταξεν
1847 4345 1903 4401 ἓν

254 4457 361 4490 τινι
417 4439 526 4489 τῶν
565 4432 653 4490 ὑπ’
711 4431 877 4498 αὐτῆς
934 4431 1367 4510 ᾠκοδομημένων
1411 4441 1454 4512 °,
1509 4434 1563 4498 ὃς
1597 4435 1777 4510 Πέτρῳ
1807 4435 1972 4538 μένῡ

257 4527 336 4598 τῷ
391 4524 662 4604 κορυφαίῳ
695 4529 800 4580 τῶν
831 4522 1148 4581 ἀποστόλων
1179 4523 1413 4603 ἀνεῖται,
1447 4523 1659 4602 ἂντικρὺ
1707 4523 1760 4580 δὲ
1804 4528 1902 4592 τῆς

261 4612 518 4686 Εὐθύμίου
590 4610 787 4690 λαύρας
845 4610 1130 4685 διάκειται²
1193 4611 1288 4668 οὒκ
1359 4611 1581 4669 ἔλαττον
1639 4613 1674 4680 ἢ
1729 4613 1902 4671 εἴκοσι

263 4698 496 4766 σταδίοις
548 4698 866 4776 διεστηγὼς,
929 4701 1127 4758 λάκκον
1183 4698 1205 4742 ί
1243 4701 1382 4778 μέγα
1425 4699 1584 4776 βάθος
1641 4704 1774 4778 ὁμοῦ
1818 4709 1905 4762 καὶ

263 4793 464 4867 μῆκος,
510 4791 694 4871 χρείας
738 4792 882 4857 τινὸς
914 4790 1208 4868 ἀναγκαίας
1242 4792 1402 4872 χάριν
1445 4791 1711 4867 ἀνορύξαι,
1769 4797 1903 4852 Ποτὲ

1983 3531 2358 3596 Terebonein
2391 3533 2464 3595 ab
2495 3533 2659 3594 omni
2683 3533 3002 3597 liberasset
3024 3541 3429 3617 accusatione,
3453 3538 3632 3616 eique

1984 3632 2285 3704 sumptum
2317 3623 2388 3684 ad
2452 3621 2884 3703 profectionem
2936 3623 3343 3686 necessarium
3401 3644 3630 3708 suppe-

1984 3712 2258 3793 ditasset,
2318 3730 2453 3773 eum
2509 3711 2688 3772 mittit
2740 3712 2812 3774 ad
2873 3730 3176 3791 magnum.
3212 3713 3286 3775 At
3335 3715 3630 3778 Gaianum

1985 3802 2176 3864 veluti
2197 3800 2493 3864 scintillas
2524 3801 2810 3882 quasdam
2854 3801 3142 3864 doctrinae
3171 3801 3472 3884 Euthymii
3502 3814 3630 3868 sta-

1986 3893 2096 3954 tuit
2128 3893 2478 3968 retinere,et
2508 3892 2856 3972 episcotium
2891 3891 3274 3954 Medaborum
3314 3894 3438 3975 (40)
3475 3895 3628 3958 civi-

1986 3983 2121 4044 tatis
2151 3982 2406 4044 ordinat.

2067 4070 2510 4136 XCVIII.Beata
2546 4089 2721 4151 porro
2754 4069 3038 4152 Eudocia,
3069 4079 3378 4152 postquam
3408 4075 3630 4156 templa

1984 4162 2426 4243 quamplurima
2474 4161 2596 4222 Deo
2656 4160 2989 4234 aedificavit,
3045 4163 3258 4243 pieque
3293 4166 3630 4227 construxit

1984 4251 2346 4332 gerocomia,
2381 4251 2639 4330 ptochia,
2678 4251 3066 4325 monasteria,
3128 4269 3258 4331 quae
3318 4269 3395 4312 ne
3451 4253 3628 4316 facile

1987 4341 2230 4422 quidem
2258 4341 2368 4402 sub
2400 4359 2721 4401 numerum
2777 4341 2977 4401 venire
3011 4349 3300 4420 possunt;
3353 4341 3538 4421 jussit
3567 4344 3630 4412 in

1989 4429 2244 4512 quodam
2273 4449 2341 4491 ex
2373 4429 2687 4492 aediﬁcetis
2711 4429 2784 4491 ab
2812 4448 2881 4491 ea
2913 4430 3179 4510 templis,
3215 4431 3370 4512 quod
3407 4441 3496 4493 est
3525 4451 3627 4494 sa-

1988 4539 2155 4598 crum
2183 4524 2356 4582 Petro
2382 4519 2639 4600 principi
2667 4518 3282 4600 apostolorum,situm
3312 4529 3513 4585 autem
3540 4529 3632 4585 est

1989 4629 2022 4673 e
2038 4610 2283 4687 regione
2303 4609 2484 4671 laurae
2505 4609 2952 4689 Euthymii,non
2976 4607 3203 4672 distans
3230 4610 3427 4672 minus
3447 4630 3631 4692 quam

1990 4701 2194 4780 viginti
2226 4699 2436 4773 stadia,
2473 4697 2681 4760 fodere
2707 4697 3029 4760 cisternam
3063 4698 3236 4761 valde
3267 4701 3628 4781 profundam

1989 4787 2168 4855 simul
2226 4798 2285 4850 et
2337 4788 2538 4863 latam,
2597 4787 2851 4866 alicujus
2879 4786 3070 4866 gratia
3103 4807 3247 4852 usus
3275 4790 3627 4856 necessarii.

1575 4949 1831 5016 VARUE
1877 4949 2312 5022 LECTIONES.

341 5052 367 5098 δ
395 5055 475 5119 al.
510 5061 611 5131 τῷ.
697 5069 721 5101 ⁸
745 5056 823 5120 al.
858 5057 1322 5138 ἐπιτετραμμένῳ.

1409 5060 1438 5102 ά
1467 5057 1545 5122 al.
1582 5078 2026 5143 πτωχοτροφεϊα.

2115 5075 2139 5105 θ
2168 5058 2246 5122 al.
2279 5057 2458 5120 addd.
2495 5065 2655 5120 ναῶν.
2749 5055 2761 5090 ⁸
2791 5055 2871 5118 al.
2905 5054 3125 5119 λάκκου.

1492 5167 1697 5234 JOAN.
1745 5167 2036 5234 BOLLAN
2048 5170 2120 5232 DI
2161 5163 2410 5230 NOTZE.

336 5275 451 5349 (38)
486 5273 636 5349 Urbs
679 5283 800 5332 erat
863 5275 1249 5349 munitissima
1292 5287 1348 5336 et
1385 5277 1787 5349 antiquissima
1842 5277 1898 5334 in

270 5345 480 5406 Arabia
514 5346 766 5414 deserta,
806 5345 986 5403 tribui
1015 5347 1271 5405 Manasse
1299 5357 1461 5408 trans
1490 5345 1798 5408 Jordanem
1821 5365 1907 5407 as-

271 5415 690 5491 signata._V_ide
724 5415 1164 5491 Adrichomium
1204 5435 1256 5475 c.
1293 5420 1385 5477 27.

342 5486 461 5559 (39)
493 5486 672 5561 liuius
710 5487 978 5548 decessor
1014 5490 1359 5561 subscripsit
1389 5490 1642 5550 concilio
1673 5491 1910 5550 Chalce-

272 5558 516 5635 donensi
537 5579 559 5635 ε
577 5558 1005 5618 Constantinus
1034 5558 1327 5621 Bostrenae
1357 5563 1600 5622 civitatis
1629 5572 1914 5635 instrepe-

275 5632 344 5690 lis
383 5629 628 5690 Arabiae.

2059 5275 2174 5345 (40)
2207 5272 2472 5330 «Medaba
2503 5272 2705 5345 civitas
2736 5269 3476 5345 transAJordanemArabiaa
3496 5269 3636 5345 sub-

1981 5342 2233 5421 iacens.-
2269 5345 2390 5402 Vita
2413 5342 2692 5421 S._Sabaa_;
2719 5343 3015 5421 quondam
3038 5343 3310 5413 primaria
3339 5343 3637 5421 ammoni-

1991 5413 2204 5486 tarum,
2235 5427 2429 5486 postea
2453 5413 2920 5486 Amorrbaiorutn
2948 5413 3019 5470 ad
3041 5424 3354 5470 torrentem
3385 5415 3588 5472 Arnon
3617 5434 3632 5482 ;

1996 5485 2193 5562 patria
2221 5485 2504 5562 Gerontii,
2523 5489 2621 5557 qui
2653 5485 3025 5562 _Hegumenus
3054 5495 3176 5542 erat
3201 5486 3634 5562 monasteriis.

1996 5555 2478 5632 Euthymii.cum_
2516 5555 2768 5632 vitabaec
2794 5555 3070 5632 a_Cyrillo
3099 5556 3474 5632 scriberetur.
3500 5555 3638 5616 Vide

1995 5626 2432 5691 Adriéhomium
2465 5629 2523 5687 in
2559 5629 2710 5687 tribu
2737 5626 2940 5687 Ruben
2971 5642 3097 5701 cap.
3136 5626 3225 5686 L7.
