3972 6130
440 285 558 353 679

1719 281 2000 348 MENSIS
2050 281 2502 349 JANUARIUS.

3671 287 3770 354 680

443 425 718 506 Cumque
742 423 1062 506 aliquando
1095 421 1362 484 venisset
1390 419 1462 482 ad
1495 437 1625 482 eam
1667 422 2064 502 spectandam1

2166 421 2220 478 δὲ
2293 425 2428 482 κατᾶ
2500 423 2621 480 θέαν
2674 425 2832 482 αὐτοῦ
2887 425 3180 504 ἀφιγμένη,
3240 427 3340 502 6ρᾷ
3395 424 3496 489 τὴν
3552 423 3773 499 Εὒθυμίον

440 514 602 575 videt
636 514 865 576 lauram
897 511 1200 594 Euthymii
1226 509 1478 592 positam
1511 511 1570 570 in
1592 509 1787 570 media
1813 509 2078 573 solitudi-

442 613 613 678 ne,et
643 602 1144 685 quemadmodum
1182 600 1348 662 cellae
1375 599 1623 660 fratrum
1649 609 1822 661 erant
1851 619 1883 661 a
1911 619 1976 662 se
1995 601 2082 661 in.

441 693 636 756 vicem
670 693 978 772 sejunctas;
1009 699 1188 770 atque
1220 687 1368 751 illud
1393 689 1720 770 Scriptura;
1751 689 2031 751 meditata
2065 713 2078 748 :

444 780 646 857 Quam
662 782 937 862 pulchra:
953 781 1084 842 dom
1093 798 1164 841 us
1177 778 1924 848 tuce,Jacob.tabernacula
1947 785 2077 860 tua,

441 870 740 934 189116153!
770 871 1028 950 indeque
1052 870 1438 930 vehementer
1466 867 1666 929 animo
1695 879 2076 948 compuncta,

439 960 602 1022 illico
635 960 708 1021 ad
742 979 877 1022 eum
936 958 1117 1020 mittit
1169 956 1561 1030 Gabrielium,
1609 975 1830 1038 rogans
1879 967 1940 1018 ut
1967 959 2077 1020 sibi

436 1051 888 1131 permitteretur
909 1048 1222 1122 accedere,
1249 1046 1533 1127 illiusque
1556 1046 1672 1108 frui
1707 1065 1988 1108 sermone
2020 1057 2081 1109 et

436 1139 709 1200 doctrina
742 1160 755 1200 :
793 1139 971 1199 simul
1005 1155 1142 1199 vero
1174 1135 1436 1198 habebat
1466 1135 1526 1197 in
1562 1139 1760 1198 animo
1793 1137 1976 1198 laurae
2001 1138 2077 1197 il-

433 1227 596 1308 lique
628 1229 936 1306 assignare
965 1226 1222 1306 reditus,
1253 1244 1381 1286 eam
1409 1225 1484 1286 ob
1522 1235 1855 1297 causam,ut
1886 1227 2078 1288 fratri-

433 1316 545 1378 bus
578 1318 654 1378 de
685 1327 902 1379 caetero
932 1315 1240 1378 sufﬁciens
1271 1324 1525 1377 exstaret
1555 1334 1755 1377 rerum
1789 1334 2072 1378 necessa-

430 1405 652 1467 riarum
687 1405 1117 1486 suppeditatio.

517 1493 831 1557 XClelle
857 1513 992 1556 vero
1017 1512 1145 1556 eam
1173 1495 1338 1575 prius
1368 1494 1462 1555 his
1483 1492 1681 1554 verbis
1708 1494 2068 1576 compellat:

431 1585 621 1647 Morte
652 1584 724 1644 ad
756 1583 916 1645 fores
947 1592 1164 1658 stante,
1197 1602 1322 1656 cur,
1360 1604 1394 1645 ο
1430 1584 1568 1658 lilia,
1606 1582 1863 1645 sollicita
1891 1603 1957 1646 es
2017 1593 2075 1646 et

433 1671 784 1734 distraheris
817 1673 974 1734 circa
1007 1671 1297 1752 plurima?
1320 1673 1426 1735 Illa
1456 1672 1646 1734 solum
1685 1671 1792 1733 tibi
1823 1674 1944 1734 sint
1975 1693 2075 1753 pa-

2165 511 2362 591 λαύραν
2423 513 2477 569 ἐν
2527 513 2714 592 ἐρήμῳ
2753 514 2894 590 μέσῃ
2937 513 3305 590 διακειμένην,
3341 513 3488 576 ὅπως
3522 535 3576 569 τε
3605 514 3664 568 τὰ
3689 517 3776 570 τῶν

2165 602 2407 685 ἀδελφῶν
2463 603 2646 661 κελλία
2705 605 2800 662 ἀπ’
2859 605 3110 676 ἀλλήλων
3188 605 3328 672 ἦσαν
3403 604 3772 678 ἀπῳκισμένα·

2165 696 2251 750 καὶ
2304 696 2364 750 τὸ
2418 696 2680 774 Γραφικὸν
2739 699 2916 751 έκεῖνο
2976 694 3311 773 λογισαμένη
3349 709 3363 724 ⁸
3428 685 3519 755 Ὠς
3576 692 3777 750 καλοὶοὶ

2164 785 2311 840 οἶκοι
2371 783 2584 862 Ἰακὼϐ,
2645 787 2697 840 αἱ
2773 787 2970 852 σκηναί
3043 807 3159 857 σου,
3239 781 3511 861 ἰσραὴλί
3570 781 3777 860 σφοδρῶς

2162 897 2219 930 τε
2275 874 2375 941 τὴν
2435 875 2618 953 ψυχὴν
2648 873 2882 932 ἐντεῦθεν
2912 887 3298 951 κατανυγεϊσα,
3334 872 3540 946 πέμπει
3573 869 3778 950 Γαϐριή-

2161 962 2272 1020 λιον
2345 962 2489 1026 εὐθὺς
2558 964 2689 1041 πρὸς
2759 963 2941 1038 αὐτὸν,
3019 964 3244 1038 δεομένη
3311 961 3662 1038 ἐπιτραπῆναι
3711 964 3780 1016 καὶ

2166 1053 2296 1128 αὐτῇ
2353 1053 2665 1132 προσελθεῖν
2709 1056 2852 1124 αὒτῷ
2896 1063 2946 1128 ε,
2993 1054 3082 1109 καὶ
3125 1052 3305 1129 λόγων
3371 1049 3664 1106 ἀπολαῦσαι
3692 1051 3777 1107 τῶν

2161 1144 2358 1198 ἐκείνου
2414 1145 2502 1198 καὶ
2550 1148 2648 1209 τῆς
2707 1141 3042 1205 διδασκαλίας
3079 1157 3092 1172 ⁸
3144 1144 3280 1216 ὁμοῦ
3331 1139 3389 1195 δὲ
3422 1141 3510 1195 καὶ
3539 1159 3780 1214 προσαπο·

2159 1243 2343 1306 νεῖμαι
2387 1238 2456 1299 τῆ
2517 1253 2570 1286 τε
2623 1230 2788 1310 λαύρα
2828 1231 2925 1288 καί
2972 1233 3114 1303 αὒτῷ
3166 1228 3492 1308 προσόδους,
3535 1227 3622 1284 ἐπὶ
3683 1236 3781 1284 νοῦν

2158 1324 2285 1399 εἶχε
2321 1337 2334 1350 °
2383 1322 2469 1376 καὶ
2525 1321 2560 1387 ἡ
2591 1322 2751 1399 αἰτία,
2787 1321 2924 1376 ὥστε
2970 1319 3158 1398 διαρκῆ
3212 1335 3334 1380 τοῖς
3378 1316 3630 1397 ἀδελφοῖς
3660 1317 3780 1372 εἶναι

2157 1420 2247 1467 τοῦ
2276 1409 2465 1466 λοιποῦ
2493 1416 2600 1465 τῶν
2629 1409 2932 1488 ἀναγκαίων
2962 1411 3060 1476 τὴν
3093 1409 3392 1488 χορηγίαν.

2240 1498 2374 1574 46¹,
2411 1491 2469 1556 Ὀ
2517 1497 2593 1573 δὲ,
2642 1512 3020 1579 προαναφωνεϊ
3065 1501 3220 1574 αὐτῇ·
3258 1497 3389 1554 Ἐπὶ
3434 1496 3614 1566 θύραις
3643 1495 3782 1560 οὔσης

2155 1591 2254 1654 τ’ἶις
2312 1588 2588 1663 τελευτῆς,
2651 1589 2702 1643 τί
2761 1590 3076 1665 φροντίζεις,
3125 1587 3326 1666 λέγων³
3370 1591 3418 1642 ὦ
3463 1586 3661 1657 τέκνον,
3706 1584 3783 1638 καί

2157 1685 2478 1750 περισπᾶσαι
2524 1679 2641 1755 περὶ
2702 1677 2921 1754 πολλά;
2983 1679 3199 1735 Ἐκετνά
3261 1699 3347 1733 σοι
3405 1677 3571 1750 μόνον
3625 1673 3782 1755 εὔτρε-

431 1771 579 1833 rata,
642 1781 772 1839 qua;
829 1761 904 1822 ad
961 1781 1280 1824 excessum
1331 1781 1399 1822 ex
1453 1762 1563 1823 hac
1591 1762 1709 1822 vita
1741 1763 2064 1841 pertinent.

2158 1767 2233 1834 τιῆ
2293 1766 2545 1844 γενέσθαι),
2578 1753 2642 1822 τὰ
2674 1769 2802 1843 πρὸς
2839 1769 2935 1831 την
2979 1773 3076 1832 τῆς
3108 1771 3250 1837 ζωῆς
3286 1763 3577 1839 ἐκδημίαν,
3627 1753 3783 1834 Ἠμῶν

428 1848 627 1912 Nostri
656 1861 854 1914 autem
893 1871 966 1911 ne
1001 1851 1369 1930 memineris,
1403 1859 1684 1932 quantum
1731 1851 1802 1912 ad
1835 1851 2064 1914 reditus

2153 1853 2205 1910 δὲ
2249 1855 2325 1930 μὴ
2370 1853 2456 1910 ἐπὶ
2487 1853 2764 1932 προσόδοις
2825 1858 2930 1911 τισὶ
2975 1859 3241 1930 μνησθῇς,
3298 1851 3445 1928 μηδὲ
3502 1853 3781 1931 χρήμασιν,

429 1941 584 2002 ullos
615 1950 715 2002 aut
739 1939 1163 2020 pecunias,sed
1189 1941 1509 2002 recordare
1532 1958 1734 2001 coram
1761 1943 2064 2002 communi

2153 1943 2271 2000 ἀλλ’
2318 1943 2402 2000 ἐπὶ
2445 1944 2536 2000 τοῦ
2597 1955 2774 2004 κοινοῦ
2805 1947 3071 2020 μνήσθητι
3120 1945 3425 2015 Δεσπότου,
3465 1940 3594 1997 ὅπου
3623 1939 3682 2006 δὴ
3713 1941 3782 1995 καὶ

428 2029 820 2102 Domino,ubi
843 2048 987 2091 sane
1007 2039 1061 2091 te
1077 2029 1270 2109 potius
1291 2031 1480 2092 nostri
1500 2030 1847 2092 meminisse
1869 2041 2064 2111 postu-

2153 2035 2451 2110 μνησθῆναί
2508 2056 2566 2089 σε
2610 2034 2814 2110 μᾶλλον
2859 2037 3012 2109 ἡμῶν
3070 2033 3348 2108 ἀξιοῦμεν,
3386 2032 3600 2089 Τούτων
3629 2029 3775 2085 ἁκού-

428 2121 641 2181 lamus.
675 2119 780 2180 His
810 2120 912 2180 illa
941 2119 1186 2194 auditis,
1215 2123 1484 2182 animum
1517 2119 1774 2181 divisum
1812 2120 2064 2184 habebat

2153 2145 2310 2198 σασα,
2370 2123 2482 2179 δυσὶ
2535 2124 2723 2179 πάθεσι
2769 2123 2996 2198 τούτοις,
3059 2123 3317 2191 ἐκπλήξει
3365 2122 3458 2178 καὶ
3510 2119 3649 2194 λύπῃ
3692 2119 3774 2183 τὴν

427 2209 490 2270 in
522 2208 704 2270 hasce
733 2208 884 2270 duas
913 2209 1284 2284 affectiones,
1320 2209 1778 2271 admirationem
1803 2218 1861 2270 et
1883 2212 2064 2271 tristi-

2153 2214 2332 2292 ψυχὴν
2386 2213 2654 2290 ἐμερίζετο
2689 2229 2701 2242 ⁸
2749 2215 2811 2269 τὸ
2856 2214 2977 2288 μὲν,
3023 2218 3089 2288 τῇ
3132 2213 3442 2291 προγνώσει
3488 2208 3580 2265 τοῦ
3621 2207 3769 2282 μεγά-

427 2299 567 2361 tiam
604 2317 617 2360 :
653 2297 800 2361 illud
830 2298 1314 2378 quidem,magni
1339 2298 1610 2362 tribuens
1643 2300 2060 2379 praescientiae.

428 2398 484 2450 et
509 2389 1010 2468 quemadmodum
1057 2408 1126 2451 ea
1165 2409 1297 2470 quae
1314 2390 1388 2452 de
1411 2390 1512 2451 illo
1546 2392 1674 2470 ipsa
1701 2389 1900 2451 animo
1933 2391 2061 2469 agi-

422 2478 604 2554 tabat,
633 2477 683 2538 is
713 2481 887 2556 longe
908 2488 1042 2541 ante
1059 2478 1472 2559 intelligeret;
1511 2479 1622 2540 hoc
1655 2497 1816 2555 vero,
1844 2479 2000 2558 quod
2031 2499 2063 2542 a

422 2584 530 2628 sua
558 2586 665 2648 spe
695 2586 764 2628 ea
793 2568 854 2628 in
906 2586 970 2629 re
1003 2568 1348 2632 excidisset.
1383 2567 1633 2629 Volebat
1663 2569 1822 2629 enim
1857 2568 1910 2630 ei
1953 2588 2062 2649 pe-

420 2658 631 2718 cunias
660 2657 1088 2737 redituumque
1120 2658 1458 2719 subsidium
1505 2658 1869 2738 relinquere,
1907 2659 2062 2721 sicut

420 2746 705 2808 diximus.
735 2746 888 2808 Hinc
918 2747 1082 2808 venit
1111 2747 1185 2807 ad
1217 2759 1485 2809 sanctam
1512 2747 1810 2808 civitatem
1849 2769 1861 2805 :
1898 2767 2061 2808 cum-

417 2853 534 2916 que
569 2834 943 2896 Anastasium
980 2836 1378 2915 patriarcham
1437 2836 1874 2913 arcessivisset,
1909 2855 1976 2897 ac
2005 2838 2060 2897 ei

417 2923 793 3003 exposuisset
824 2941 958 3002 quae
986 2941 1020 2984 a
1045 2923 1245 2984 divino
1277 2923 1594 3005 Euthymio
1627 2925 1920 2999 audierat,
1951 2944 2058 3004 ge-

418 3014 580 3074 mina
612 3012 796 3092 priori
856 3012 1171 3073 sententiae
1227 3012 1384 3073 fecit.
1419 3016 1507 3075 Ac
1568 3012 1760 3092 primo
1814 3015 2057 3094 quidem

2146 2302 2240 2358 λου
2271 2301 2505 2378 διδοῦσα,
2569 2304 2655 2358 καὶ
2699 2303 2843 2366 ὅπως
2897 2302 3032 2380 ἅπερ
3083 2302 3217 2368 αὕτη
3250 2302 3396 2358 γατὰ
3427 2303 3548 2357 νοῦν
3579 2297 3770 2354 ἐσκόπει

2247 2393 2259 2413 ς
2361 2392 2372 2410 ς
2453 2400 2474 2407 -
2610 2394 2618 2414 ν
2665 2393 2677 2414 ε
3219 2395 3229 2414 ν
3319 2407 3332 2420 ⁸
3418 2391 3427 2401 ι
3481 2387 3524 2406 tu
3641 2388 3654 2404 ς
3725 2387 3737 2406 ι

2149 2413 2264 2472 περι
2320 2414 2503 2471 συτου,
2551 2391 2816 2470 πόρρωθεν
2863 2393 3069 2455 ἐκεῖνος
3116 2413 3278 2448 συνιει
3381 2412 3444 2445 το
3476 2405 3554 2463 οε,
3587 2383 3666 2445 δια
3693 2407 3770 2454 την

2145 2490 2250 2538 τῶν
2307 2482 2390 2539 ἐπ’
2437 2486 2580 2556 αῦτῳ
2628 2483 2854 2540 ἐλπίδων
2884 2483 3210 2562 ἀποτυχίαν,
3247 2479 3548 2539 Ἠϐούλετο
3581 2477 3675 2554 γὰρ
3701 2476 3771 2530 καὶ

2143 2574 2404 2652 χρήματα
2462 2575 2548 2628 καὶ
2607 2573 2848 2652 ἀφορμὰς
2909 2573 3051 2646 αὒτῷ
3100 2569 3384 2651 προσόδων
3449 2565 3768 2635 καταλιπεῖν,

2143 2662 2323 2740 ὥσπερ
2379 2660 2605 2740 ἕρημεν,
2669 2663 2938 2720 Ἐντεῦθεν
2999 2664 3129 2741 πρὸς
3174 2661 3271 2728 τὴν
3317 2660 3479 2737 ἁγίαν
3543 2656 3768 2733 ἀφικνεῖ-

2143 2774 2228 2807 ται
2287 2750 2444 2806 πόλιν
2480 2766 2493 2780 ⁶
2555 2749 2898 2807 Ἀναστάσιόν
2945 2773 3000 2806 τε
3059 2747 3534 2826 μέταστειλαμένη
3567 2745 3654 2799 τὸν
3683 2763 3766 2797 πι-

2143 2841 2431 2919 τριάρχην,
2505 2845 2601 2896 καὶ
2656 2839 2689 2894 ἃ
2742 2841 2884 2918 παρᾶ
2953 2847 3045 2896 τοῦ
3118 2840 3258 2895 θείου
3320 2836 3584 2910 Εῦθυμίου
3638 2832 3770 2906 μάθοι

2143 2918 2272 3008 πρὸς
2301 2918 2512 2986 τοῦτον
2570 2929 2969 3008 διασαφήσασα,
3017 2927 3216 3007 ἀδελφὰ
3255 2934 3318 3003 τῇ
3361 2924 3594 3004 προτέρᾳ
3643 2918 3766 2997 γνώ-

2143 3043 2220 3096 μῃ
2279 3019 2469 3081 ἐποίει.
2528 3021 2625 3077 Καὶ
2684 3019 2867 3097 πρῶτα
2921 3020 3020 3095 μὲν
3108 3020 3199 3074 τὸν
3256 3017 3344 3073 ἐπὶ
3406 3012 3659 3092 Στεφάνῳ
3707 3014 3766 3078 τῷ

418 3102 710 3182 Stephani
739 3103 1188 3182 protomartyris
1217 3103 1438 3165 Christi
1470 3102 2054 3182 templum,nondum

2153 3109 2549 3186 πρωτομάρτυρι
2601 3115 2696 3165 τοῦ
2743 3115 2973 3187 Χριστοῦ
3015 3109 3142 3165 ναὸν
3200 3105 3470 3167 ἐλλειπῶς
3502 3101 3528 3144 δ
3561 3101 3631 3156 ἔτι
3681 3102 3762 3162 τῆς

417 3192 582 3254 omni
606 3211 684 3277 rex
745 3199 913 3272 parte
969 3200 1382 3254 constructum
1418 3193 1568 3274 (51),
1607 3191 1846 3254 dedicat
1872 3195 2055 3274 quin-

2153 3198 2472 3266 ιατασκευῆς
2528 3197 2750 3277 ἔχοντα,
2827 3197 3050 3274 πέμπτῃ
3109 3195 3399 3274 ἔγκαινίζει
3446 3194 3534 3249 καὶ
3591 3188 3761 3261 δεκάτῃ

417 3276 716 3340 todecimo
776 3279 1005 3342 mensis
1059 3279 1378 3343 Januarii:
1441 3281 1663 3342 deinde
1718 3284 1771 3342 ei
1833 3280 2055 3344 tributo

412 3367 600 3432 multo
628 3367 849 3445 reditu,
887 3370 1139 3450 ejusque
1171 3387 1315 3431 cura
1365 3369 1694 3433 commissa
1724 3370 2050 3448 Gabrielio,

411 3475 607 3538 neque
636 3458 786 3522 alias
817 3460 1074 3540 neglexit
1128 3460 1441 3540 ecclesias,
1497 3469 1791 3540 quotquot
1819 3459 1894 3521 ab
1925 3461 2054 3541 ipsa

413 3548 714 3610 aediﬁcatae
742 3549 1023 3628 fuerant;
1077 3549 1185 3611 sed
1245 3549 1377 3610 illas
1435 3569 1676 3630 quoque
1727 3549 2052 3629 diligenter

413 3655 628 3716 magno
664 3656 798 3699 cum
831 3638 1036 3700 labore
1061 3639 1288 3717 obibat,
1324 3639 1637 3716 dedicans,
1673 3648 1732 3702 et
1752 3640 2052 3702 sufﬁcien-

410 3735 527 3788 tem
588 3727 850 3790 reditum
908 3729 1237 3808 unicuique
1305 3729 1661 3792 altribuens.
1721 3727 1849 3792 Jam
1910 3750 2049 3795 vero

410 3825 663 3895 quatuor
695 3816 1007 3878 mensibus
1037 3827 1169 3898 post
1215 3819 1654 3882 dedicationem
1710 3823 2049 3902 transactis,

415 3916 476 3965 et
519 3904 647 3984 ipsa
679 3906 1002 3968 humanam
1057 3907 1231 3968 vitam
1283 3911 1662 3991 relinquens,
1725 3911 2054 3977 exceditad

411 3993 731 4056 Dominum
770 3995 915 4076 (42).

493 4085 766 4166 C.Longo
784 4095 980 4148 autem
1009 4095 1139 4166 post
1165 4093 1458 4169 tempore,
1485 4109 1621 4151 cum
1642 4098 1804 4152 esset
1824 4089 2049 4172 Euthy-

413 4175 571 4236 mius
587 4175 711 4254 jam
738 4176 1060 4254 nonaginta
1078 4195 1266 4238 annos
1289 4179 1552 4256 natus,in
1575 4198 1816 4260 gravem
1839 4180 2051 4243 incidit

2138 3289 2310 3364 μηνὸς
2369 3287 2711 3366 Ἰανουαρίου.
2778 3287 2917 3345 Εἶτα
2972 3285 3068 3344 καΐ
3135 3284 3350 3352 πολλὴν
3416 3282 3560 3355 αῦτῷ
3614 3277 3759 3356 πρόσ-

2137 3376 2256 3432 οδον
2297 3376 2653 3450 ἆπονείμασα,
2701 3379 2790 3433 καὶ
2821 3377 2919 3445 τὴν
2963 3375 3089 3455 περὶ
3122 3375 3280 3432 ascen
3339 3374 3595 3450 πρόνοιαν
3647 3369 3759 3421 ἁνα-

2135 3469 2289 3523 θετσα
2351 3463 2673 3548 Γαϐριηλίῳ,
2737 3466 2854 3523 οὒδέ
2914 3454 3042 3524 τῶν
3081 3463 3260 3521 ἄλλων
3319 3461 3516 3537 ἡμέλει
3578 3454 3758 3548 ἐκκλη-

2134 3562 2286 3632 σιῶν,
2347 3544 2471 3613 ὅσαι
2525 3555 2649 3633 παρ’
2695 3560 2860 3623 αὐτῆς
2890 3555 3239 3631 ᾠκοδόμηντο
3275 3571 3289 3585 ⁸
3328 3551 3470 3609 ἀλλὰ
3501 3548 3583 3606 καὶ
3618 3544 3757 3633 αὑτὰς

2133 3631 2463 3726 περιήρχετο
2506 3631 2702 3722 κομιδῇ
2771 3645 3099 3726 φιλοπόνως,
3154 3635 3530 3722 ἐγκαινίζουσά
3571 3657 3624 3692 τε
3680 3631 3752 3726 καὶ

2133 3721 2231 3802 τὴν
2288 3721 2582 3814 ἆρκοῦσανν
2613 3721 2814 3812 ἑκάστη
2860 3733 3116 3815 πρόσοδον
3174 3721 3522 3813 ἄφορίζουσα.
3570 3721 3749 3782 Τεσσά-

2140 3847 2244 3902 ρων
2276 3822 2330 3880 δὲ
2359 3822 2464 3892 ἤδη
2499 3833 2686 3902 μηνῶν
2718 3827 2854 3901 μετὰ
2884 3827 2976 3882 τὸν
3007 3823 3356 3902 ἐγκαινισμὸν
3387 3815 3751 3898 παρελθόντων,

2138 3915 2225 3970 καὶ
2255 3915 2389 3971 αῦτῆ
2422 3917 2512 3973 τὸν
2545 3917 2872 3995 ἀνθρώπινον
2921 3914 3208 3972 ἐκλιποῦσα
3259 3913 3400 3992 βίον,
3434 3910 3561 3988 πρὸς
3595 3903 3755 3979 Κύριον

2137 4001 2390 4078 ἑκδημεῐ,

2219 4093 2299 4153 Ρ’.
2335 4093 2479 4150 Μετὰ
2523 4093 2707 4169 μέντοι
2757 4095 2955 4173 συχνὸν
2996 4092 3048 4159 ἐξ
3093 4094 3294 4150 ἐκείνου
3334 4090 3531 4172 χρόνον
3585 4079 3748 4173 ἐνενηο

2132 4205 2296 4240 κοντα
2346 4189 2437 4239 τοῦ
2489 4166 2741 4259 Ευθυμίου
2956 4184 3237 4262 γεγονότος
3284 4166 3560 4250 ἐνιαυτῶν,
3591 4166 3746 4262 βαρείᾳ

407 4264 858 4340 aegrotationem
892 4273 1134 4326 sanctus
1163 4255 1848 4347 Theoctistus,adeoque
1870 4269 2050 4331 morti

2153 4273 2436 4352 ιεριπίπτει
2497 4275 2637 4347 νόσῳ
2693 4274 2780 4329 καὶ
2836 4275 2863 4329 ὁ
2935 4272 2989 4329 ἐν
3047 4273 3217 4350 ἁγίοις
3284 4255 3744 4352 Θεόκτιστοςηκῖιὶ

405 4352 686 4434 vicinam,
721 4361 787 4414 ut
840 4354 1207 4432 signiﬁcaret
1262 4373 1328 4416 se
1379 4375 1512 4418 mox
1563 4377 1694 4419 esse
1751 4359 2046 4421 decessu-

2153 4368 2347 4420 εοσοῦτο
2391 4364 2706 4441 γειτονούσῃ
2762 4362 2993 4438 θανάτῳ,
3067 4361 3204 4417 ὥστε
3275 4363 3366 4418 καὶ
3425 4357 3576 4415 αὺτὸν
3638 4348 3741 4403 ὅσον

406 4459 569 4521 rum;
594 4443 835 4522 quijam
858 4446 929 4505 ad
958 4444 1488 4524 profundissimam
1521 4456 1889 4510 senectutem
1917 4468 2048 4530 per-

2153 4451 2276 4509 ιῦπω
2333 4439 2620 4532 προσάγειν
2705 4449 2895 4520 ἐδήλου
2930 4467 2944 4481 ’
3018 4451 3283 4528 βαθύτατα
3341 4448 3452 4543 ἤδη
3502 4439 3731 4543 γηράσας,

408 4530 701 4607 venisset,
727 4532 1060 4614 plenusque
1089 4535 1375 4596 evasisset
1398 4536 1526 4614 ipse
1549 4535 1728 4598 etiam
1757 4525 2045 4601 humano-

2153 4543 2215 4597 Lati
2273 4525 2487 4620 πλήρης
2572 4542 2790 4619 ἡμερῶν
2872 4541 2959 4597 καὶ
3039 4542 3194 4604 αὐτὸς
3269 4545 3376 4595 τῶν
3434 4525 3733 4624 ἒινθριιιηξίνυυ)ί

407 4637 544 4682 rum
608 4621 863 4686 dierum.
925 4621 1190 4685 Veniens
1249 4642 1390 4704 ergo
1441 4624 1511 4686 ad
1561 4637 1697 4687 enm
1729 4628 2042 4689 visendum

2153 4617 2434 4705 ἐνόμενος.
2503 4617 2785 4688 Κατελθὼν
2828 4629 2998 4687 τοίνυν
3042 4629 3470 4705 ἐπισκεψόμενος
3526 4617 3660 4709 αὒτδν
3708 4617 3729 4661 ὁ

403 4727 656 4787 magnus
685 4709 1064 4792 Euthymius,
1123 4711 1397 4794 adeoque
1452 4713 1788 4795 periculose
1819 4715 2045 4779 habere

2153 4721 2296 4798 ιέγας
2349 4719 2629 4795 Εὐθύμιος,
2662 4719 2755 4776 καί
2816 4716 2984 4783 οὕτως
3043 4716 3388 4780 ἐπικινδύνως
3421 4707 3729 4798 ’έχονταθεα-

404 4799 679 4878 intuitus,
740 4791 946 4864 statuit
1005 4821 1226 4884 paucos
1285 4791 1416 4866 dies
1452 4791 1607 4868 cum
1637 4804 1740 4867 illo
1773 4825 2041 4882 manere,

2153 4791 2354 4884 τάμενος
2387 4857 2402 4883 ,
2479 4791 2622 4886 ἔγνω*
2671 4809 2758 4865 καὶ
2839 4809 3095 4889 βραχείας
3167 4809 3308 4880 αὒτῷ
3366 4791 3510 4866 τινας
3563 4791 3729 4889 ἡμέρας

403 4897 469 4979 ιιι
497 4899 699 4954 sancta
724 4891 854 4972 ejus
882 4880 1081 4954 anima
1104 4893 1229 4973 jam
1263 4893 1335 4956 ad
1363 4896 1553 4958 Deum
1579 4895 1869 4978 profecta,
1916 4880 2045 4978 ipse

2153 4880 2565 4979 ιυμπαραμεῖναι
2602 4915 2614 4929 ⁸
2677 4901 2750 4957 ὡς
3061 4900 3192 4977 πρὸς
3255 4897 3442 4975 Κύριον
3484 4893 3574 4954 τῆς
3605 4880 3728 4979 ᾲγίας

403 4978 564 5059 justa
621 4981 865 5063 corpori
921 4981 1172 5058 faceret,
1231 4973 1731 5067 cunctaque—qum
1765 4973 1892 5048 mos
1924 4973 2038 5060 est,

2153 4973 2475 5065 ;κδημδύσης
2539 4993 2751 5068 ψυχῆς,
2813 4989 2966 5052 αὐτὸς
3020 4973 3423 5064 τῷ-σώματιτᾶ
3450 4973 3726 5056 νομιζόμ⁶ν²

482 5102 544 5151 ³³
573 5097 749 5164 Νυιηο
783 5116 948 5178 ων»
981 5101 1042 5165 ⁵·
1709 5188 1969 5256 νΑΒιίΕ
2015 5188 2459 5257 LECTIONES.

1611 5347 1829 5416 JOAN.
1871 5352 2252 5418 BOLLANDI
2299 5349 2548 5414 NOTAE.

480 5472 1179 5560 (41)}!Auiplumedeomt
1199 5477 1394 5534 decem
1417 5478 2043 5560 milllajyongchprum
2127 5485 2290 5560 Maio.
2325 5480 2613 5560 Sepelitur
2642 5478 2701 5536 in
2735 5477 2953 5549 templo
2981 5476 3039 5535 8.
3073 5475 3375 5549 Stephani.
3405 5461 3714 5537 Nicellhoms

408 5551 659 5626 exlo‘nini
694 5551 975 5626 erem_o_in
1026 5552 1522 5626 eo_cqnven_erir_1_t.
1553 5571 1579 5626 ρ
1613 5551 1824 5626 Vitas.
1857 5555 2040 5612 Saba).
2127 5565 2182 5615 et
2210 5555 2508 5626 Evagrius.

476 5613 597 5684 (42)
631 5615 799 5671 Anno
833 5617 866 5670 t
893 5616 1122 5686 imperii
1171 5618 1399 5685 Leonis,
1433 5620 1644 5679 Christi
1684 5623 1808 5693 460,
1845 5640 2046 5685 mense

483 5280 510 5317 κ
540 5262 711 5327 abest
733 5261 807 5324 ab
838 5262 916 5327 al.
1002 5263 1028 5302 ιλ
1055 5263 1132 5328 al.
1167 5264 1420 5329 ἐλλιπῶς.
