3972 6130
191 341 305 412 681
1507 341 1696 414 νΙΤΑ
1739 349 1799 412 S.
1845 351 1849 410 ζ

1937 348 2262 414 ΙΤΗΥΜΙΙ.
3458 340 3577 413 682

184 480 583 560 λειτουργήσῃ,
645 478 744 538 καί
798 480 933 559 ἅπερ
974 479 1088 548 ἔθος
1145 480 1406 556 ὲπάὒτῷ
1463 483 1638 543 πάντα
1696 481 1843 550 πλη-

1937 481 1990 544 in
2014 501 2083 545 eo
2112 483 2420 564 impleret.
2453 485 2598 548 Cum
2641 498 2778 545 vero
2832 480 3173 562 patriarcha
3201 481 3580 561 cognovisset

186 571 371 648 ρώσῃ.
407 571 567 634 Γνοὺς
599 568 653 626 δὲ
713 572 814 636 τὴν
861 570 1116 646 Εὖθυμίου
1165 573 1308 648 παρὰ
1339 574 1640 646 θεοκτίστῳ
1671 595 1842 644 προσ-

1937 571 2085 651 apud
2142 571 2554 636 Theoctistum
2607 572 2878 634 assidere
2938 571 3348 652 Euthymium,
3396 569 3580 652 idque

183 659 398 741 εδρείαν
460 663 488 718 ὃ
566 661 937 742 πατριάρχης,
1024 665 1116 718 καὶ
1193 662 1458 741 πρόφασιν
1527 663 1680 720 τοῦτο
1747 661 1844 730 τῆς

1937 661 2333 725 existimasset
2362 663 2740 725 occasionem
2782 679 2921 724 esse
2955 679 3076 722 non
3109 659 3576 740 inopportunam

183 753 326 830 πρὸς
375 752 535 810 αὐτὸν
591 748 818 830 ἀφίξεως
871 751 965 806 οὒκ
1015 747 1234 829 ἄκαιρον
1281 751 1426 810 εἶναι
1460 753 1705 832 νομίσας,
1740 750 1843 820 ἤδη

1937 749 2001 813 ad
2025 769 2158 812 eum
2193 752 2498 834 veniendi,
2527 753 2651 832 jam
2687 750 2862 813 beato
2893 751 3238 813 Theoctisto
3279 748 3355 811 ad
3384 751 3574 812 Deum

180 847 284 898 106
316 840 616 920 μακαρίτου
659 839 976 899 Θεοκτίστου
1033 841 1166 918 πρὸς
1228 843 1362 898 Θεὸν
1413 841 1842 922 ἐκδημήσαντος,

1937 840 2222 921 profecto,
2259 843 2432 905 tertia
2454 843 2553 904 die
2586 840 2811 904 mensis
2835 839 3213 922 Septembris
3245 840 3581 922 (43),acce-

180 930 378 1008 τρίτην
423 928 654 1010 ἔχοντος
699 929 822 986 τότε
881 935 975 986 τοῦ
1037 928 1400 1008 Σεπτεμϐρίου
1457 933 1651 1008 μηνὸς,
1714 932 1848 988 κάτ-

182 1041 298 1076 ειστ
331 1017 459 1099 παρ’
491 1018 675 1092 αὐτὸν,
727 1019 816 1076 καὶ
862 1025 1021 1090 κοινῇ
1080 1021 1180 1087 τῆς
1241 1027 1334 1078 τοῦ
1376 1020 1632 1096 λειψάνου
1671 1023 1847 1101 ταφῆς

183 1107 283 1166 ὑπ’
321 1111 498 1166 αὐτῶν
536 1108 839 1187 γεγονυίας.

272 1190 406 1261 ΡΔ’.
457 1198 687 1256 Ἔπειτα
715 1198 805 1255 καὶ
847 1198 881 1253 ἃ
923 1199 1054 1275 πρὸς
1104 1199 1360 1274 Εὖθῦμιον
1401 1201 1429 1256 ὁ
1484 1202 1678 1279 θερμὸς
1725 1200 1849 1257 ἐκέ-

180 1288 314 1348 λευε
373 1288 558 1364 πόθος,
625 1289 652 1344 ὁ
715 1287 1062 1366 πατριάργης
1110 1285 1276 1345 ἐποίει
1311 1309 1325 1324 ο
1381 1289 1470 1346 καὶ
1511 1287 1684 1360 ἡδέως
1743 1297 1851 1347 τῶν

176 1380 348 1454 ἱερῶν
392 1375 592 1432 ἐκείνου
621 1382 824 1455 χειρῶν
853 1372 1176 1451 λαϐόμενος,
1241 1381 1326 1433 καὶ
1381 1379 1569 1439 αὑταῖς
1616 1380 1688 1443 ὡς
1725 1381 1850 1458 εἶχε

179 1467 538 1546 περιχυθείς,
611 1464 884 1535 ἠσπάζετό
961 1487 1019 1521 τε
1075 1468 1310 1542 θερμῶς,
1368 1469 1456 1522 καὶ
1513 1467 1674 1522 πόθου
1733 1481 1850 1531 τοῖς

178 1556 512 1630 ἀσπασμοῖς
557 1552 781 1632 ἐπέλεγε
833 1555 1051 1632 ῥήματα
1084 1574 1098 1586 ·
1149 1553 1245 1612 Ἐκ
1290 1553 1495 1612 πολλοῦ
1541 1558 1645 1611 τῶν
1684 1557 1848 1636 ἁγίων

178 1644 304 1724 ἑγὼ
344 1645 550 1702 τούτων
609 1644 900 1719 ιπεθόμουν
960 1650 1163 1724 χειρῶν
1193 1663 1207 1678 ο
1243 1643 1335 1700 καί
1369 1641 1478 1700 ἰδοὺ
1523 1643 1849 1723 πεπλήρωκὲ

179 1756 286 1811 μοι
332 1734 434 1801 τὴν
467 1732 646 1814 ἔφεσιν
677 1735 704 1790 ὁ
751 1734 908 1798 Θεός.
956 1731 1123 1792 Ἀλλὰ
1155 1731 1342 1806 δέομαί
1371 1755 1485 1806 σου,
1539 1735 1683 1810 τίμιε
1728 1741 1845 1792 Πα-

1930 929 2014 990 dit
2047 929 2119 991 ad
2153 949 2315 1004 eum,
2351 941 2410 993 et
2438 929 2842 994 communiter
2874 929 3000 1010 (44)
3057 930 3133 992 ab
3187 930 3259 992 iis
3303 929 3456 992 facta
3487 935 3580 992 est

1931 1019 2204 1101 corporis
2226 1021 2559 1102 sepultura.

2012 1204 2103 1265 Cl.
2140 1201 2373 1265 Deinde
2428 1220 2561 1283 quae
2617 1220 2758 1281 erga
2813 1201 3194 1281 Euthymium
3250 1201 3576 1265 vehemens

1926 1289 2180 1373 jubebat
2205 1291 2601 1367 desiderium,
2631 1291 2771 1354 fecit
2809 1289 3148 1372 patriarcha
3174 1311 3190 1373 ;
3232 1301 3290 1355 et
3318 1290 3581 1354 suaviter

1933 1381 2120 1444 sacris
2144 1381 2304 1443 illius
2335 1380 2615 1443 manibus
2645 1382 2982 1462 prehensis,
3019 1380 3250 1462 eisque,
3306 1382 3392 1443 uti
3423 1395 3573 1456 erat,

1935 1470 2358 1545 circumfusus,
2395 1477 2518 1531 tum
2568 1469 3035 1532 deosculabatur
3080 1469 3390 1552 ardenter,
3451 1480 3575 1533 tum

1933 1559 2092 1622 inter
2115 1560 2320 1622 oscula
2341 1567 2399 1623 et
2421 1559 2736 1641 amplexus
2757 1559 2940 1622 verba
2961 1559 3189 1621 amoris
3206 1559 3574 1640 proferebat:

1928 1647 2167 1712 Jamdiu
2194 1648 2267 1711 ab
2288 1649 2431 1713 hinc
2453 1668 2563 1729 ego
2593 1659 2830 1712 sanctas
2851 1649 2958 1712 has
2984 1667 3196 1711 manus
3217 1647 3535 1730 cupiebam
3560 1670 3575 1710 :

1931 1749 1989 1801 et
2012 1758 2153 1801 ecce
2185 1757 2385 1803 meum
2410 1737 2572 1803 Deus
2594 1739 2868 1821 implevit
2887 1738 3411 1803 desiderium.Sed
3433 1758 3578 1819 rogo

175 1845 303 1898 τερ,
337 1824 430 1880 καὶ
460 1821 660 1911 σιρόδρα
689 1820 876 1899 δέομαι
914 1843 926 1856 ·
965 1830 1151 1903 πρῶτα
1182 1823 1280 1898 μὲν
1310 1827 1564 1904 εόχεσθαι
1595 1833 1671 1900 τῷ
1703 1826 1843 1905 Θεῷ,

1937 1830 2360 1903 te,venerande
2391 1831 2590 1905 Pater,
2625 1820 2694 1892 et
2712 1830 2885 1893 valde
2915 1848 3106 1907 rogo;
3141 1830 3401 1911 primum
3437 1831 3574 1911 qui-

177 1915 283 1976 τὲις
317 1914 414 1975 σὰς
445 1910 534 1969 ἐπ’
563 1911 682 1987 ἐμοὶ
712 1911 1058 1991 προῤῥῆσεις,
1090 1911 1177 1968 διὰ
1203 1911 1387 1979 τέλους
1421 1917 1842 1994 συντηρηθῆναι’

177 2003 381 2062 ἔπειτα
411 1999 464 2057 δὲ
499 2002 591 2058 καὶ
627 2002 848 2081 γράφειν
879 2024 973 2078 μοι
1006 2008 1250 2082 συνεχῶς
1298 2004 1413 2080 περὶ
1463 2010 1568 2060 τῶν
1623 2003 1844 2062 δοκούν-

175 2114 320 2166 των,
371 2090 472 2148 ὅσα
501 2093 591 2148 καὶ
620 2093 823 2148 τέκνων
854 2091 866 2126 ¹
910 2094 1074 2167 νόμος
1118 2090 1505 2155 διακελεύεται.
1563 2101 1738 2152 Ταῦτα
1769 2101 1847 2170 τῷ

181 2181 437 2257 Εὖθυμίῳ
466 2179 583 2238 λίαν
628 2181 865 2256 εὔμενῶς
895 2180 1085 2256 ὡμίλει
1116 2184 1203 2238 καὶ
1262 2180 1562 2260 διελέγετο,
1616 2185 1702 2240 καὶ
1746 2182 1847 2244 ὅσα

178 2269 348 2346 ἕτερα
395 2272 424 2325 ὃ
465 2271 647 2348 καιρός
697 2293 756 2327 τε
801 2268 998 2346 ἀπῄτει
1055 2273 1145 2328 καὶ
1204 2269 1289 2328 διὰ
1353 2279 1546 2350 μικροῦ
1588 2275 1847 2351 συντυχία

177 2367 280 2418 τοῦ
323 2357 512 2435 ἀνδρὸς
556 2361 984 2436 ὑπεμίμνησκεν.
1034 2359 1094 2419 Ὀ
1143 2359 1224 2441 δὲ,
1269 2361 1408 2436 μετὰ
1455 2363 1554 2429 τῆς
1589 2365 1844 2434 συνήθους

181 2449 402 2516 ἐκείνης
432 2448 751 2528 ἐπιεικείας,
797 2459 964 2508 Τοῦτο
994 2447 1201 2524 μᾶλλον
1260 2450 1368 2528 ἐγὼ
1400 2451 1541 2529 παρὰ
1585 2457 1684 2518 τῆς
1743 2456 1842 2519 σῆς

184 2541 439 2615 αἰτοῦμαι
485 2539 887 2616 μακαριότητος
918 2539 1241 2611 ἀπεκρίνατο
1273 2555 1288 2571 ·
1326 2541 1386 2595 τὸ
1445 2540 1499 2596 ὲν
1540 2554 1664 2604 ταῖς
1710 2543 1844 2620 πρὸς

181 2631 280 2686 τὸν
327 2630 459 2685 Θεὸν
503 2626 810 2706 πρεσϐείαις
843 2649 939 2685 σου
969 2627 1064 2686 καί
1096 2627 1277 2692 λιταῖς
1309 2630 1398 2686 καὶ
1446 2631 1589 2705 ἡμᾶς
1633 2632 1846 2688 κεῖσθαί

184 2739 272 2776 σοι
333 2716 420 2774 διὰ
477 2719 726 2794 μνήμης.
805 2719 1073 2781 Κάκεῖνος
1129 2716 1438 2799 ὑπολαϐὼν,
1503 2718 1576 2777 Οὔ
1631 2743 1736 2795 τοι,
1799 2722 1845 2778 ῶ

187 2808 396 2886 Πάτερ,
479 2810 667 2888 φησὶν,
756 2805 1002 2884 οῦδαμῶς
1090 2810 1480 2889 παραχωρήσω
1578 2832 1660 2867 σοι
1750 2818 1844 2868 τοῦ

189 2895 513 2972 αἶτήματος.
572 2904 740 2956 Τοῦτο
796 2898 897 2976 γὰρ
957 2898 1067 2975 ἐγὼ
1120 2900 1260 2976 παρὰ
1325 2921 1420 2955 σου
1469 2902 1685 2972 πρῶτος
1741 2899 1846 2957 λα-

185 2983 310 3043 ϐεῖν
355 2983 486 3053 ἀξιῶ
521 3002 535 3018 ⁸
569 2990 695 3044 επεὶ
727 2988 812 3043 καὶ
873 2987 1198 3066 πεπείραμαι
1257 2987 1439 3053 καλῶς
1483 2987 1585 3057 ἤδη
1629 2992 1728 3057 τῆς
1788 2989 1841 3047 ἐν

186 3098 271 3132 σοι
330 3083 440 3133 τῶν
495 3077 650 3132 θείων
708 3076 1068 3156 χαρισμάτων
1146 3076 1413 3155 ἐνεργείας
1487 3077 1686 3156 κομιδῇ
1755 3081 1845 3136 καὶ

1929 1919 2163 1997 dem,ut
2189 1919 2380 1982 Deum
2417 1919 2713 1998 preceris,
2747 1918 3096 1982 conservavi
3124 1920 3188 1980 in
3220 1928 3575 2000 perpetuum

1929 2019 2062 2071 tuas
2095 2009 2170 2072 :le
2195 2027 2290 2070 me
2319 2009 2785 2090 praedictiones;
2811 2008 3033 2071 deinde
3074 2017 3135 2069 ut
3163 2008 3343 2070 etiam
3373 2008 3446 2071 ad
3482 2028 3578 2074 me

1927 2099 2168 2160 assidue
2201 2098 2434 2162 scribas
2463 2099 2538 2161 de
2558 2099 2634 2160 iis
2654 2117 2786 2179 quae
2808 2098 3578 2179 videbuntur,quaacunque

1931 2188 2187 2250 ﬁliorum
2213 2188 2311 2251 lex
2339 2186 2780 2268 praecipiLHaec
2813 2205 2949 2250 cum
2973 2186 3295 2266 Euthymio
3319 2187 3577 2266 benigne

1927 2276 2742 2358 admodumrcolloquebatur
2781 2284 2841 2338 et
2895 2275 3259 2358 disserebat,
3318 2285 3375 2337 et
3404 2296 3575 2358 quie-

1928 2377 2170 2435 cunque
2197 2357 2315 2420 alia
2343 2356 2709 2420 autoccasio
2742 2356 3099 2438 postulabat,
3134 2366 3236 2418 aut
3272 2356 3576 2436 post'lon-

1926 2466 2065 2528 gum
2127 2457 2364 2528 tempus
2413 2465 2547 2509 cum
2602 2447 2728 2509 viro
2758 2445 3108 2526 congressio
3139 2445 3458 2508 revocabat
3514 2448 3576 2510 in

1931 2537 2306 2601 memoriam.
2343 2539 2396 2601 Is
2419 2555 2562 2601 vero
2593 2556 2730 2598 cum
2761 2536 2934 2598 solita
2958 2535 3061 2598 illa
3089 2535 3383 2599 modestia
3412 2535 3576 2601 :Hoc

1929 2647 2037 2707 ego
2061 2627 2630 2709 potius,respondit,
2666 2636 2802 2706 peto
2830 2645 2863 2686 a
2884 2633 2982 2688 tua
3005 2625 3478 2702 beatitudine,ut
3513 2633 3574 2689 in

1927 2717 2044 2778 tuis
2063 2716 2137 2779 ad
2156 2715 2344 2779 Deum
2368 2715 2908 2779 intercessionibus
2929 2723 2993 2778 et
3029 2714 3576 2796 supplicationibus

1929 2824 2039 2867 nos
2060 2825 2297 2887 quoque
2319 2807 2379 2868 in
2403 2805 2694 2868 memoria
2723 2803 3050 2866 habeas.Et
3082 2803 3182 2866 ille
3212 2804 3522 2886 excipiens
3556 2824 3570 2869 :

1927 2893 2611 2978 Nequaquam,inquit,o
2635 2895 2835 2971 Pater,
2863 2894 3208 2956 nullatenus
3233 2893 3576 2957 tibiconce-

1928 2984 2064 3047 dam
2097 2985 2611 3067 petitionem.Hoc
2635 2986 2794 3048 enim
2823 3003 2932 3063 ego
2953 2995 3067 3046 uta
3090 2992 3146 3045 te
3169 2984 3402 3064 primus
3425 2987 3577 3048 acci-

1929 3075 2085 3156 piam
2110 3093 2289 3154 rogo:
2318 3078 2543 3157 quippe
2578 3075 2675 3155 qui
2687 3076 2808 3155 jam
2838 3074 3125 3155 praeclare
3149 3074 3260 3135 sim
3295 3084 3575 3155 expertus

185 3163 488 3241 δυναμεως.
538 3166 637 3222 Καὶ
692 3164 748 3230 ὃς
796 3163 1016 3240 ὁμαλῶς
1068 3163 1204 3243 ἄγαν
1231 3169 1320 3224 καὶ
1365 3168 1572 3248 πράως,
1606 3172 1841 3250 Συγχώ-

1937 3165 2266 3227 divinorum
2301 3166 2751 3239 charismatum,
2793 3183 2925 3245 qua;
2958 3164 3019 3226 in
3054 3173 3108 3225 te
3159 3165 3406 3226 omnino
3459 3173 3570 3240 est,

188 3276 376 3334 ρησον,
439 3255 584 3330 τίμιε
644 3255 838 3332 Πάτερ,
900 3253 1002 3335 ἔφη
1037 3269 1052 3285 ⁹
1088 3254 1470 3333 παρακλήθητι
1505 3254 1559 3314 δὲ
1588 3259 1842 3336 πρόνοιαν

1937 3255 2339 3336 operationem
2366 3263 2422 3318 et
2452 3256 2759 3318 virtutem.
2785 3256 2934 3316 Tum
2967 3253 3069 3315 ille
3101 3253 3335 3334 placide
3359 3255 3572 3316 admo-

192 3343 400 3419 μᾶλλον
470 3355 565 3404 τοῦ
627 3343 888 3423 παρόντος
949 3346 1310 3423 μοναστηρίου
1381 3347 1544 3427 χάριν
1592 3348 1726 3422 ἐμήν
1783 3372 1841 3407 τε

1937 3343 2066 3405 dum
2103 3353 2161 3406 et
2195 3345 2412 3406 leniter
2441 3344 2522 3406 ait
2557 3366 2570 3403 :
2628 3343 2933 3417 Concede,
2988 3343 3331 3404 venerande
3363 3346 3570 3417 Pater;

196 3436 286 3490 καὶ
326 3435 448 3509 σὴν,
492 3438 580 3492 καὶ
627 3436 801 3492 αὐτῶν
845 3432 900 3490 δὲ
944 3435 1050 3492 τῶν
1083 3433 1324 3515 ἀδελφῶν
1355 3435 1512 3494 ἕνεκα
1544 3441 1836 3514 ποιεῖσθαι,

1937 3451 2175 3495 exorare
2200 3453 2335 3496 vero
2358 3443 2419 3494 ut
2438 3434 2636 3515 potius
2654 3434 2967 3514 prmsentis
2983 3433 3499 3506 monasterii,mea
3513 3443 3572 3495 et

195 3526 287 3581 καὶ
344 3525 584 3596 κήδεσθαι
639 3529 730 3583 καὶ
776 3525 963 3606 αὖτοῦ,
1027 3524 1209 3604 ὥσπερ
1264 3526 1429 3592 εἰκός.
1492 3529 1630 3607 Πρὸς
1676 3536 1840 3586 ταῦτα

1937 3531 2025 3582 tua
2055 3541 2232 3585 causa
2263 3535 2319 3585 et
2353 3531 2596 3603 propter
2626 3524 2787 3604 ipsos
2835 3522 3077 3595 fratres,
3132 3523 3568 3601 providentiam

189 3615 217 3670 ὁ
249 3616 614 3694 πατριάρχης,
653 3616 749 3674 Καὶ
795 3615 1135 3690 Θεοκτίστου,
1197 3617 1380 3695 φησὶν,
1428 3614 1504 3672 ἔτι
1561 3618 1834 3696 περιόντος

1937 3609 2167 3686 iabeas,
2203 3615 2454 3692 ejusque
2503 3630 2705 3674 curam
2737 3621 3006 3691 geras,ut
3038 3628 3143 3689 par
3175 3621 3285 3675 est.
3322 3614 3406 3674 Ad
3435 3614 3568 3675 haec

185 3713 282 3763 τοῦ
311 3703 367 3760 ἐν
413 3706 617 3784 ἁγίοις,
662 3706 726 3762 σὺ
768 3706 835 3772 ης
867 3707 894 3761 ὂ
927 3708 1026 3772 τῆς
1057 3703 1260 3783 ἐρήμου
1301 3704 1503 3772 ταύτης
1533 3709 1833 3785 προεστὼς,

1937 3701 2281 3781 patriarcha:
2307 3701 2526 3784 Etiam,
2551 3701 2984 3779 inquit,sancto
3007 3699 3354 3764 Theoctisto
3375 3702 3572 3764 adhuc

185 3796 276 3851 καὶ
333 3795 494 3851 πόλιν
549 3795 717 3863 αὐτὴν
773 3796 850 3871 τῷ
906 3802 1013 3851 τῶν
1087 3793 1432 3852 ἐνοικούντων
1491 3793 1683 3866 πλήθει
1745 3797 1838 3854 καί

1937 3792 2267 3872 superstite,
2303 3802 2364 3854 tu
2413 3793 2555 3855 huic
2605 3793 2898 3874 pratfuisti
2949 3790 3284 3866 solitudini,
3323 3810 3578 3873 eamque

185 3883 251 3959 τῇ
306 3886 474 3962 ἁρετῇ
515 3892 771 3961 κομῶσαν
816 3882 1118 3959 ἀποδείξας,
1180 3886 1268 3942 καὶ
1317 3881 1489 3952 ἄλλην
1518 3886 1638 3942 τινὰ
1667 3888 1836 3944 καθά-

1937 3881 2178 3944 aﬂ‘ecisti
2199 3881 2498 3945 civitatem
2527 3883 2820 3962 insignem
2856 3881 3241 3944 multitudine
3263 3899 3332 3943 ac
3353 3882 3576 3945 virtute

181 3995 284 4054 περ
346 3966 698 4053 Ἰερουσαλὴμ
753 3997 832 4050 τῳ
890 3978 1102 4052 Χριστῷ
1145 3975 1496 4053 παραστήσας
1534 3993 1548 4006 ⁶
1609 3977 1697 4032 καὶ
1752 3979 1840 4032 νῦν

1937 3971 2286 4049 incolarum,
2322 3983 2380 4036 et
2437 3973 2600 4034 velut
2647 3974 2825 4035 aliam
2889 3971 3210 4052 quamdam
3240 3972 3574 4034 Jerusalem

183 4063 349 4121 πάλιν
406 4063 608 4121 ἐκείνου
683 4065 776 4122 τὸν
846 4063 958 4141 βίον
1003 4065 1356 4144 ἀμείψαντος,
1404 4065 1486 4120 σοὶ
1527 4065 1593 4124 τὰ
1648 4077 1843 4126 σαυτοῦ

1937 4061 2162 4124 Christo
2186 4063 2516 4125 exhibuisti
2543 4084 2559 4140 ;
2583 4072 2640 4124 et
2662 4081 2822 4124 nunc
2844 4080 3057 4125 rursus
3097 4081 3234 4124 cum
3261 4061 3365 4123 ille
3399 4080 3432 4124 e
3461 4064 3577 4124 vita

184 4155 595 4214 καταλείπεται.
651 4157 711 4213 ’0
769 4154 871 4228 μὲν
915 4157 1004 4212 οῦν
1044 4164 1212 4215 ταῦτα
1252 4153 1440 4228 εἰπὼν,
1499 4155 1586 4212 καὶ
1643 4177 1840 4212 συντα-

1937 4151 2221 4231 migravit,
2250 4152 2358 4215 tibi
2390 4163 2490 4215 tua
2519 4152 2966 4234 relinquuntur.
2999 4150 3106 4214 His
3139 4151 3340 4232 itaque
3369 4151 3569 4228 dictis,

187 4240 417 4318 ξάμενος
461 4249 537 4317 τῷ
579 4243 738 4323 ἁγίῳ,
785 4245 918 4321 πρὸς
980 4244 1074 4308 τὰς
1133 4243 1328 4308 οἰκείας
1371 4244 1515 4308 αὖθις
1570 4243 1839 4312 ἐπανῆλθε

1937 4261 2058 4306 :um
2090 4253 2300 4306 sancto
2332 4244 3021 4321 valefecisset,reversus
3042 4249 3135 4304 est
3163 4241 3236 4304 ad
3270 4260 3436 4304 suam
3463 4243 3572 4304 ha-

188 4329 466 4410 διατριϐἀς
477 4379 489 4391 .

1937 4328 2304 4394 bitationem.

269 4418 396 4481 PB'.
444 4422 702 4498 Εὖθύμιος
760 4422 816 4479 δὲ
871 4424 898 4479 δ
951 4421 1147 4502 μέγας,
1201 4422 1369 4501 Μάριν
1413 4424 1505 4480 τὸν
1547 4430 1641 4480 τοῦ
1672 4423 1837 4502 Τερέ-

1964 4418 2167 4484 CII.At
2189 4439 2436 4502 magnus
2449 4421 2801 4503 Euthymius
2825 4430 3135 4504 postquam
3151 4420 3362 4485 Marim
3380 4423 3574 4484 Tere-

188 4507 364 4583 ϐωνος
422 4514 593 4592 θετον,
655 4512 948 4590 φιλαρέτως
991 4511 1188 4588 ζῶντα,
1223 4512 1311 4568 καὶ
1341 4512 1438 4580 τὴν
1477 4511 1690 4581 ἡλικίαν
1734 4512 1839 4583 ἤδη

1937 4510 2102 4572 bonis
2119 4511 2482 4574 avunculum
2495 4529 2590 4587 ,ex
2607 4513 2842 4576 virtutis
2862 4513 3071 4592 regula
3093 4512 3392 4574 viventem
3422 4511 3542 4592 (45)
3557 4562 3573 4589 ,

189 4581 527 4681 προήκοντα,
577 4581 878 4681 Ϊῆγούμενον
935 4581 1032 4669 τῆς
1105 4581 1278 4678 μονῆς
1338 4604 1704 4679 καταστήσας,
1767 4581 1838 4667 εἷς

1937 4600 2165 4682 iamque
2215 4610 2386 4664 aetate
2432 4581 2805 4684 provectum,
2844 4581 3193 4664 monasterii
3227 4581 3573 4682 praefectum

190 4691 290 4758 τὴν
350 4692 551 4748 οἰκείαν
593 4691 684 4748 καὶ
736 4691 893 4758 αὐτὸς
940 4690 1139 4772 λαύραν
1189 4691 1453 4753 ἐπάνεισι.
1494 4701 1598 4752 Τοῦ
1639 4690 1717 4770 δὲ,
1751 4693 1841 4752 δύο

1937 4697 2656 4763 :onstituisset,revertitur
2675 4697 2798 4768 ipse
2811 4711 3041 4768 quoque
3063 4698 3119 4752 in
3135 4711 3295 4754 suam
3323 4695 3571 4753 lauram.

191 4785 262 4858 τῇ
302 4785 402 4849 τῆς
462 4786 634 4855 μονῆς
681 4782 978 4860 προστασίᾳ
1041 4780 1264 4862 χρόνους
1325 4779 1682 4863 ἐπιϐιοῦντος,
1719 4784 1841 4842 εἶτα

1937 4777 2148 4843 Cumis
2169 4799 2311 4843 vero
2332 4781 2393 4844 in
2419 4781 2765 4844 monasterii
2812 4780 3166 4862 praefectura
3196 4782 3349 4842 duos
3381 4795 3574 4843 annos

193 4872 290 4927 καί
350 4871 507 4928 αἷντοῦ
547 4872 642 4928 τὸν
691 4872 805 4948 βίον
863 4869 1315 4952 μεταλλάξαντος,
1367 4869 1638 4928 κατελθὼν
1695 4876 1841 4938 αὖθις

1937 4869 2255 4939 vixisset,ac
2275 4870 2497 4933 deinde
2519 4890 2552 4932 e
2572 4869 2686 4933 vita
2713 4869 3032 4951 migrasset
3049 4869 3575 4946 (46),descendens

194 4961 222 5016 ὁ
270 4959 465 5040 μέγας,
511 4961 574 5018 τὸ
603 4961 703 5037 μὲν
742 4962 886 5042 ἱερὸν
914 4960 1102 5020 τούτου
1128 4966 1309 5037 σῶμα,
1343 4960 1397 5016 ἐν
1426 4968 1497 5039 τῇ
1543 4969 1636 5020 τοῦ
1669 4966 1842 5043 μεγάο

1937 4978 2130 5024 rursus
2155 4980 2668 5044 magnus,sacrum
2686 4961 2932 5044 quidem
2956 4962 3088 5041 ejus
3111 4978 3330 5044 corpus
3351 4960 3415 5022 in
3438 4977 3568 5021 ma-

195 5047 291 5108 λου
341 5051 654 5109 Θεοκτίστου
707 5052 850 5129 θήκῃ
909 5049 1172 5132 θεοφιλῶς
1214 5050 1551 5108 κατατίθεται
1587 5067 1602 5083 ’
1637 5055 1841 5134 Λογγί-

1937 5052 2025 5132 gni
2055 5049 2388 5117 Theoctisti
2435 5053 2612 5116 theca
2635 5057 2730 5134 pie
2761 5051 3054 5134 deponit;
3095 5049 3334 5114 cuidam
3367 5056 3568 5112 autem

1505 5211 1767 5279 VARUE
1808 5213 2258 5280 LECTIONES.

1418 5371 1632 5441 JOAN.
1679 5373 2061 5443 BOLLANDI
2101 5374 2349 5441 NOTJE.

274 5531 391 5610 (43)
418 5533 522 5610 An_.
553 5530 654 5610 Ch.
688 5531 819 5610 467,
860 5532 932 5592 ad
981 5533 1146 5593 illum
1195 5535 1352 5610 diem
1383 5535 1552 5610 deeo
1580 5551 1839 5610 agemus.

269 5602 389 5678 tu)
424 5623 447 5655 '
477 5602 831 5678 Euthronius
858 5617 991 5678 cun)
1025 5617 1234 5678 magna
1267 5602 1714 5667 honoriﬁcentia
1745 5625 1844 5668 se-

202 5675 400 5750 pelivit
438 5675 652 5747 corpus
697 5675 844 5747 ejus.
881 5696 905 5729 ι
944 5675 1195 5749 Cyrilliis
1243 5681 1302 5738 in
1353 5678 1466 5737 Vita
1501 5679 1560 5739 8.
1593 5679 1757 5740 Saba
1817 5704 1840 5735 ι

521 5783 786 5850 Ρλπιοι.
815 5784 928 5850 Gn.
965 5785 1173 5854 CXIV.

277 5291 292 5327 ⁸
321 5289 400 5354 ιι.
434 5290 629 5365 τέκνῳ.

1997 5540 2113 5610 (45)
2149 5560 2172 5591 α
2206 5539 2404 5598 Marim
2435 5537 2675 5612 dignum
2705 5545 2760 5597 et
2791 5536 3140 5605 mirabilem.
3177 5558 3200 5592 ι
3232 5537 3292 5599 in
3321 5537 3445 5598 Vita
3475 5554 3574 5599 ea-

1925 5609 2097 5670 dem.
2501 5609 2523 5612 ⁷

1997 5682 2117 5756 (46)
2158 5682 2260 5740 An.
2304 5681 2406 5740 Ch.
2449 5679 2574 5737 469.

3205 5789 3285 5854 22
