3972 6130
275 331 405 406 685
1610 333 1796 401 VITA
1841 337 1900 398 S.
1950 337 2362 398 EUTHYMII.
3558 339 3678 406 686

263 474 482 550 ἥμερον
505 473 595 529 ἐπὶ
625 468 760 528 πολὺ
781 470 878 527 καὶ
907 469 1068 548 ξηρὰν
1091 471 1180 527 καὶ
1201 471 1451 549 ἀτεχνῶς
1483 467 1722 547 ἄνυδρον.
1759 470 1930 548 Ἔγω-

2030 471 2514 550 Lem,siccamque
2538 480 2595 531 et
2618 468 2864 532 omnino
2885 487 3054 549 aquas
3079 475 3548 554 expertem.Ego
3571 477 3676 539 ita-

259 586 322 641 γε
357 563 454 620 οὖν
504 562 776 631 ἀσυνήθης
837 559 912 616 ὢν
970 564 1276 616 παντάπασι
1321 562 1426 614 τῶν
1479 558 1531 614 ἐν
1588 559 1776 636 ἐρήμῳ
1818 558 1937 616 δια-

2030 577 2138 638 que
2161 559 2263 639 qui
2290 560 2463 639 plane
2486 577 2646 640 eram
2669 559 3007 620 inassuetus
3024 561 3593 626 commorationibus
3617 567 3676 627 in

259 649 494 730 τριϐὧν,
542 649 682 725 δίψει
743 670 800 705 τε
846 649 1128 728 συσχεγεὶς
1192 646 1557 726 σφοδροτάτῳ,
1608 647 1940 729 λειποψυχίᾳ

257 763 319 798 τε
382 742 760 820 συνειχόμην,
795 741 882 795 καὶ
942 737 1058 795 οὐδὲ
1106 739 1226 799 τοὺς
1258 736 1422 802 πόδας
1475 738 1638 817 εἶχον
1669 737 1745 794 ἔτι
1806 741 1937 817 πρὸς

260 832 361 900 τὴν
427 832 658 908 πορείαν
717 827 1038 904 δυναμένους
1099 830 1410 906 ὑπηρετεῖν.
1477 828 1834 902 Ἐπιστρὲψας
1882 827 1937 884 δέ

260 943 438 988 φησιν
477 923 508 977 ὁ
575 921 743 996 μέγας
807 918 1088 991 Εὖθύμιος,
1124 919 1212 973 καὶ
1265 915 1430 980 οὕτως
1476 916 1789 973 ἐκλείποντα
1831 916 1936 984 ἤδη

259 1013 355 1067 καὶ
404 1011 754 1088 ἀπειρηκὸτα
783 1030 851 1083 με
893 1008 1244 1082 θεασάμενος,
1281 1007 1440 1064 ἔπαθε
1495 1008 1593 1075 τὴν
1623 1013 1807 1088 ψυχὴν
1852 1008 1936 1064 ἐπ’

2030 1005 2401 1068 deﬁcientem
2432 1017 2490 1066 et
2531 1005 2778 1066 fractum
2804 1005 3074 1080 intuitus,
3111 1026 3242 1068 mea
3262 1028 3438 1070 causa
3467 1013 3669 1073 animo

263 1102 417 1180 ἐμοί,
459 1102 553 1157 καὶ
614 1101 802 1177 μικρὸν
835 1099 921 1178 ἀφ’
967 1100 1122 1173 ἡμῶν
1155 1097 1393 1173 διαστὰς,
1425 1099 1510 1153 καὶ
1554 1099 1619 1164 τῆ
1662 1106 1734 1174 γῇ
1765 1121 1935 1176 προσ-

2030 1105 2361 1156 commotus
2396 1104 2482 1156 est
2512 1113 2526 1169 ;
2561 1114 2818 1175 cumque
2853 1115 2916 1157 se
2950 1097 3246 1176 paululum
3300 1117 3334 1159 a
3367 1099 3536 1160 nobis
3566 1121 3664 1162 se-

262 1189 606 1247 καταϐαλὼν
669 1189 882 1267 ἑαυτὸν,
931 1187 1162 1267 ηὔχετο,
1202 1189 1380 1266 Κύριε,
1423 1185 1621 1265 λέγων,
1657 1186 1745 1248 δός
1804 1186 1939 1265 ὕδωρ

2030 1184 2337 1262 iunxisset,
2375 1195 2430 1245 et
2460 1186 2532 1246 ad
2569 1193 2782 1246 terram
2841 1186 3277 1266 prostravisset,
3313 1189 3540 1265 orabat,
3571 1192 3664 1250 di-

261 1279 316 1336 ἐν
379 1287 460 1356 γῇ
495 1278 736 1354 διψώσῃ,
785 1280 883 1344 τὴν
913 1277 1005 1334 τοῦ
1048 1274 1276 1356 ἀδελφοῦ
1319 1275 1473 1351 δίψαν
1519 1277 1936 1352 παραμυθούμε-

2030 1292 2185 1334 cens:
2217 1273 2492 1348 Domine,
2523 1273 2597 1334 da
2619 1292 2830 1354 aquam
2860 1277 2918 1334 in
2946 1282 3104 1336 terra
3137 1276 3383 1347 sitienti,
3411 1278 3481 1340 ad
3506 1281 3669 1343 sola-

509 1369 616 1430 Καὶ
678 1368 815 1440 μετά
845 1368 942 1434 τὴν
1003 1367 1174 1446 εὐχὴν
1228 1365 1483 1446 ἀναστὰς,
1518 1363 1939 1439 ἐπιλαμϐάνεται

2030 1364 2167 1423 tium
2203 1363 2574 1424 afferendum
2607 1363 2806 1424 fratris
2858 1367 2976 1424 siti.
3012 1363 3082 1424 Et
3109 1373 3240 1444 post
3275 1385 3482 1444 preces
3529 1388 3668 1432 sur-

262 1462 361 1515 τοῦ
424 1459 716 1536 σκαφείου,
749 1460 794 1530 ᾧ
846 1459 936 1523 τὰς
968 1459 1073 1512 τῶν
1124 1458 1364 1531 βοτανῶν
1411 1456 1755 1529 ἐκτέμνοντες
1798 1458 1940 1534 ῥίζας

2030 1452 2598 1532 gens,apprehendit
2621 1453 2905 1531 ligonem,
2941 1472 3058 1532 quo
3087 1454 3321 1516 radices
3350 1456 3668 1521 herbarum

262 1550 480 1627 τροφὴν
515 1547 866 1626 ἐποιούμεθα,
900 1547 988 1602 καὶ
1031 1549 1218 1602 κόπτει
1276 1547 1452 1626 βραχὺ
1497 1549 1556 1602 τὸ
1606 1545 1819 1625 ἔδαφος,
1853 1549 1940 1603 καὶ

2030 1541 2526 1602 εχευίηᾱοινειηιυε
2559 1541 2631 1602 ad
2665 1541 2991 1621 parandum
3025 1542 3199 1603 nobis
3227 1544 3452 1620 cibum,
3485 1555 3543 1607 et
3583 1565 3675 1608 so-

267 1640 424 1702 εὒθὺς
485 1635 626 1714 ὕδωρ
658 1637 765 1692 ἀπὸ
809 1641 906 1701 τῆς
955 1640 1058 1712 γῆς
1100 1632 1422 1698 ἀναδίδοται,
1487 1636 1622 1693 Εἶτα
1672 1636 1831 1692 καλεῖ
1873 1657 1940 1711 με

2030 1629 2146 1690 lum
2176 1649 2378 1710 parum
2412 1630 2653 1704 scindit,
2688 1631 3005 1712 statimque
3050 1651 3202 1712 aqua
3233 1653 3264 1694 e
3297 1642 3455 1695 terra
3482 1645 3673 1697 scatu-

265 1728 406 1803 πρὸς
447 1727 666 1798 ἑαυτὸν,
715 1727 804 1781 καὶ
846 1722 1177 1781 ὓποδείκνυσι
1209 1724 1268 1779 τό
1319 1721 1477 1802 ὕδωρ,
1511 1726 1597 1780 καὶ
1626 1738 1770 1781 πιεῖν
1815 1725 1939 1781 ἐπι-

2030 1721 2123 1780 rit.
2153 1723 2368 1782 Postea
2399 1730 2564 1781 vocat
2599 1738 2695 1782 me
2727 1719 2796 1780 ad
2823 1739 2911 1794 se,
2947 1722 3213 1783 ostendit
3240 1733 3546 1803 aquam,et
3574 1723 3670 1786 bi-

269 1815 495 1893 τρέπει.
553 1816 696 1871 ΙΙιὼν
727 1815 922 1886 τοίνυν,
958 1815 1045 1869 καὶ
1102 1814 1164 1868 τὸ
1195 1812 1420 1892 συνέχον
1451 1821 1543 1869 τοῦ
1573 1812 1752 1888 δίψους
1797 1815 1939 1870 ἀπο-

2030 1809 2170 1871 bere
2205 1810 2509 1890 permittit.
2533 1808 2753 1870 Bibens
2789 1807 3168 1887 igitur,etsiti
3200 1831 3335 1891 qua;
3366 1815 3674 1893 premebat

271 1902 470 1961 ϐαλὼν
506 1903 544 1979 ¹,
577 1905 956 1984 ηὐχαρίστησα
1001 1907 1076 1975 τῷ
1111 1900 1418 1980 παραδόξως
1477 1900 1558 1959 διὰ
1616 1909 1723 1958 τῶν
1782 1907 1940 1963 αὐτοῦ

2030 1899 2287 1978 depulsa,
2326 1901 2544 1977 gratius
2591 1899 2682 1978 egi
2735 1901 2858 1961 Deo
2910 1901 3011 1979 qui
3061 1909 3274 1979 praeter
3325 1903 3669 1982 opinionem

270 1996 631 2074 θεραπόντων
660 1994 726 2049 τὰ
770 2003 986 2052 τοιαῦτα
1015 1995 1496 2071 θαυματουργοῠντι
1529 1999 1666 2065 Θεῷ.

2030 2008 2129 2069 per
2157 2007 2360 2050 servos
2393 2007 2530 2051 suas
2563 1989 2701 2048 talia
2733 1988 2856 2049 edit
2889 1988 3194 2051 miracula.

357 2083 506 2147 PE’.
556 2083 732 2146 Οῧτως
782 2082 967 2162 ἔχοντι
1017 2083 1146 2159 πρὸς
1189 2084 1278 2138 τὸν
1339 2083 1469 2138 Θεὸν
1519 2081 1808 2160 παρρησίας
1862 2090 1938 2156 τῷ

2102 2077 2371 2140 CV.Cum
2398 2080 2550 2138 hanc
2577 2075 2827 2138 haberet
2851 2081 3003 2157 apud
3030 2080 3218 2140 Deum
3246 2079 3522 2142 ﬁduciam
3547 2081 3669 2144 Eu-

276 2175 556 2250 Ε’Βθυμίῳ,
607 2175 692 2229 καὶ
748 2175 1016 2239 τοσαύτην
1090 2171 1287 2227 ἄνωθεν
1352 2171 1770 2246 ἐπισπασαμένῳ
1837 2173 1937 2239 τὴν

2030 2167 2280 2246 thymius
2319 2175 2663 2246 tantamque
2698 2164 2957 2245 Spiritus
2990 2167 3240 2245 gratiam
3273 2187 3536 2248 superne
3574 2182 3669 2233 at-

275 2267 456 2344 χάριν
515 2271 607 2320 τοὺ
640 2265 976 2337 Πνεύματοο,
1008 2260 1125 2317 οὐδὲ
1158 2267 1254 2328 τῆς
1305 2265 1485 2330 κοινῆς
1517 2265 1658 2335 αὐτῴ
1687 2261 1937 2329 τελευτῆς

2030 2254 2316 2326 traxisset,
2357 2273 2430 2316 ne
2460 2260 2793 2314 communis
2825 2255 3066 2332 quidem
3107 2259 3318 2318 mortis
3349 2265 3400 2319 ei
3435 2269 3669 2340 tempus

278 2356 307 2409 δ
355 2355 550 2429 καιρὸς
583 2349 880 2429 ἀπεκρύϐη,
919 2348 1033 2407 οὐδὲ
1074 2350 1171 2406 ὅσα
1215 2351 1353 2406 κατά
1395 2351 1493 2405 τὶν
1543 2351 1701 2407 αὒτοῦ
1745 2350 1938 2431 λαύραν

2030 2355 2110 2406 est
2134 2345 2694 2418 absconditum,nec
2716 2362 3084 2424 quascunque
3107 2353 3392 2408 eventura
3418 2349 3664 2411 erantin

278 2439 600 2517 συμϐαίνειν
657 2438 903 2515 ἔμελλεν·
951 2441 1022 2501 ὡς
1065 2439 1112 2495 οἱ
1169 2442 1308 2495 θεῖοι
1364 2439 1591 2516 Πατέρες
1650 2441 1792 2495 οὗτοι
1851 2441 1940 2495 καί

2030 2433 2150 2512 ejus
2181 2433 2347 2494 laura
2371 2435 2523 2494 sicut
2552 2433 2733 2495 divini
2759 2433 2818 2493 hi
2847 2435 3050 2494 Patres
3075 2434 3148 2495 de
3180 2436 3249 2495 iis
3277 2437 3423 2499 mihi
3450 2457 3662 2500 narra-

2019 2537 2245 2582 verunt.
2281 2527 2681 2596 Aluntquippe
2705 2524 2858 2596 quod
2887 2535 3086 2582 octavo
3110 2526 3220 2596 (53)
3240 2535 3378 2585 tunc
3409 2529 3502 2588 die
3533 2543 3660 2602 post

2018 2611 2232 2672 festum
2283 2609 2600 2684 luminum,
2638 2609 2874 2689 quando
2934 2610 3262 2672 solebatad
3312 2613 3660 2676 interiorem

2023 648 2287 722 deserto,
2316 648 2843 710 vehementissima
2864 649 2958 709 siti
2983 662 3317 730 correptus,
3342 652 3674 730 deliquium

2022 737 2203 797 animi
2232 738 2518 816 patiebar,
2549 746 2606 798 et
2630 756 2739 798 nec
2774 739 2960 818 pedes
2989 738 3282 801 habebam
3315 742 3570 822 amplius
3599 744 3671 806 ad

2025 824 2259 887 itineris
2290 827 2869 887 administrationem
2917 827 3166 892 validos.
3203 829 3538 894 Conversus
3568 853 3670 894 ve-

2021 933 2110 989 ro,
2168 916 2378 996 inquit,
2443 935 2689 992 magnus
2765 915 3133 997 Euthymius,
3168 937 3358 999 neque
3407 920 3495 984 sic
3543 923 3668 1002 jam

260 1393 352 1426 νον
384 1369 436 1430 ι,

279 2533 399 2610 περὶ
466 2531 638 2588 αὐτῶν
672 2530 790 2604 ἐμοὶ
849 2527 1201 2606 διηγήσαντο.
1249 2530 1387 2584 Φασὶ
1435 2529 1534 2607 γὰρ
1565 2527 1761 2607 ὄγδὸην
1819 2530 1937 2585 τότε

284 2622 426 2693 μετὰ
456 2619 522 2676 ταὶ
564 2625 716 2699 φῶτα
759 2618 987 2696 ἡμέραν,
1024 2617 1137 2676 καθ’
1183 2618 1249 2686 ἣν
1282 2619 1421 2692 αὒτῴ
1481 2620 1700 2684 σύνηθες
1728 2620 1794 2684 ἦν
1853 2619 1938 2675 ἐπὶ

285 2711 384 2777 τὴν
451 2698 725 2788 ἐνδοτέραν
797 2708 1038 2787 ἀπαίρειν
1110 2707 1352 2786 ἔρημον,
1411 2706 1760 2784 συνήλθομεν,
1821 2708 1937 2764 οἵτε

2030 2699 2320 2780 proﬁcisci
2353 2698 2764 2772 solitudinem,
2790 2699 3333 2781 convenimus,tum
3366 2704 3466 2784 qui
3491 2715 3663 2766 erant

292 2799 610 2878 προπέμψαι
673 2797 987 2872 μέλλοντες,
1023 2799 1110 2854 καὶ
1141 2798 1256 2853 ὃσοι
1314 2797 1634 2865 κοινωνῆσαι
1665 2799 1726 2853 τὸ
1757 2798 1936 2875 παρτέ-

2030 2787 2353 2858 tlcducturi,
2369 2799 2486 2848 tum
2515 2788 2856 2868 quicunque
2875 2789 3006 2868 ejus
3019 2790 3520 2868 peregrinationis
3542 2813 3664 2854 om-

295 2911 398 2944 παν
456 2890 594 2962 αὖτῴ
625 2894 724 2954 τῆς
785 2885 1091 2962 ἀποδημίας
1150 2885 1470 2954 ἠϐούλοντο,
1507 2886 1596 2944 Ἐν
1656 2887 1818 2952 οἷςῑιι
1878 2887 1939 2941 ἂν

2030 2879 2167 2939 nino
2199 2877 2477 2938 volebant
2501 2895 2633 2939 esse
2657 2877 2805 2938 socii
2832 2898 2847 2958 ;
2883 2896 3032 2957 quos
3063 2879 3221 2940 inter
3249 2891 3420 2942 erant
3446 2881 3662 2964 Marty-

294 2977 428 3045 ἧσαν
473 2981 520 3033 οἱ
551 2978 668 3054 περὶ
717 2977 1011 3052 Μαρτύριον
1055 2977 1142 3031 καὶ
1176 2973 1380 3040 ’Πλίαν.
1434 2974 1654 3044 Ἐπειδὴ
1684 2974 1737 3032 δὲ
1795 2975 1940 3032 οὖδὲν

2030 2968 2148 3028 rius
2172 2976 2228 3030 et
2255 2968 2432 3031 lilias.
2473 2966 2762 3039 Quoniam
2787 2985 2923 3029 vero
2946 2967 3094 3028 nihil
3120 2979 3383 3048 paratum
3416 2971 3667 3035 iuvenes

292 3067 550 3146 εὐπρεπὲς
583 3081 610 3110 ιι
667 3069 842 3144 εὗρον,
875 3064 1022 3122 οὐδὲν
1053 3064 1290 3145 ἕτοιμον,
1323 3063 1437 3121 οὒδὲ
1491 3069 1763 3144 προσηκον
1805 3067 1938 3122 ἀνα-

293 3159 561 3236 χωρήσει,
597 3155 718 3212 ἀλλ’
777 3155 1148 3233 ἀπαράσκευον
1179 3155 1319 3217 ὅλως
1367 3157 1458 3211 τὸν
1491 3155 1647 3234 ἄνδρα
1707 3155 1938 3212 κατέλα-

293 3245 407 3321 ϐον,
442 3247 790 3303 ἐπυνθάνοντο
825 3247 868 3300 εἱ
900 3247 978 3320 μὴ
1013 3243 1188 3322 αὔριον
1217 3252 1240 3278 ⁸
1288 3245 1521 3308 ἀπιέναι,
1557 3237 1616 3303 Ὀ
1647 3244 1701 3301 δὲ
1737 3253 1936 3320 Πᾶσαν,

295 3335 421 3417 ἔστι,
457 3337 557 3403 τὴν
616 3334 878 3410 ἑϐδομαδα
909 3335 1200 3410 συνέσομαι
1247 3337 1375 3410 ύμῖν
1435 3335 1488 3390 ἐν
1519 3342 1585 3411 τῇ
1627 3335 1814 3416 λάύρᾳ,
1846 3343 1942 3392 καί

303 3434 390 3483 τοῦ
420 3423 694 3482 Σαϐϐἀτου
727 3425 904 3501 μέσων
937 3429 1163 3499 νυκτῶν,
1194 3423 1284 3502 ἀφ’
1316 3425 1461 3498 ὑμῶν
1506 3424 1939 3503 χωρισθήσομαι,

312 3515 462 3572 Τοὺτο
519 3513 573 3570 δὲ
636 3528 785 3594 εἷπε,
843 3521 1137 3580 τηνικαῦτα
1180 3515 1429 3584 τελευτᾷν
1460 3523 1486 3565 Ρ
1532 3515 1937 3588 προσημαίνων.

377 3603 522 3678 Ρς·’.
573 3604 735 3684 Τρίτῃ
767 3611 893 3682 γοῦν
941 3605 1002 3660 τὸ
1064 3603 1201 3678 μετά
1263 3609 1424 3660 ταῦτα
1469 3601 1668 3679 ἡμέρᾳ,
1704 3607 1789 3658 καὶ
1839 3609 1938 3670 τῆς

298 3690 580 3750 Ἀντωνίου
638 3692 740 3760 ἤδη
814 3701 906 3750 τοῦ
964 3695 1102 3751 θείο)
1164 3693 1348 3772 ἑορτῆς
1405 3692 1724 3765 ἐπιστάσης,
1772 3692 1940 3771 ἀργυ-

297 3783 450 3840 πνίαν
481 3779 565 3838 διᾶ
600 3783 777 3850 πάσης
822 3783 914 3850 τῆς
946 3784 1127 3842 vene;
1161 3783 1216 3838 ἑν
1247 3785 1322 3856 τῷ
1366 3789 1474 3856 ναῷ
1503 3780 1861 3861 παραγγέλλει
1893 3792 1939 3843 ti,

301 3874 395 3930 Καὶ
457 3873 563 3928 τῶν
595 3881 908 3951 νυκτερινῶν
966 3873 1146 3948 ὕμνων
1189 3874 1373 3937 αὐτοῖς
1431 3871 1644 3928 ἐκείνων
1688 3871 1943 3928 συντελε-

296 3962 550 4036 σθέντων,
614 3962 733 4024 τοὺς
805 3959 1187 4040 πρεσϐυτέρους
1257 3960 1312 4017 ἐν
1355 3962 1431 4036 τῷ
1497 3959 1781 4036 διακονικῷ
1854 3985 1947 4018 κα-

296 4049 543 4127 λουμένῳ
603 4049 954 4134 παραλαϐὼν,
1016 4051 1228 4127 Οὐκέτι,
1288 4055 1469 4131 φησὶν,
1529 4049 1769 4130 ἀδελφοὶ,
1830 4053 1942 4126 μεθ’

300 4141 445 4215 δμὼν
505 4142 793 4219 ἀγρυπνίαν
852 4140 1163 4200 διατελέσω.
1223 4140 1392 4198 Καλεῐ
1439 4141 1538 4218 γάρ
1597 4163 1663 4215 με
1690 4138 1793 4208 ἤδη
1841 4141 1946 4198 ἀπὸ

297 4231 399 4296 τῆς
455 4231 728 4310 παρούσης
762 4236 906 4302 ζωῆς
968 4233 994 4286 ὁ
1029 4232 1189 4295 Θεός,
1235 4228 1401 4288 Ἀλλὰ
1430 4238 1515 4286 νῦν
1549 4231 1644 4304 μὲν
1702 4229 1945 4296 ἐξελθόν-

300 4341 413 4395 τες,
452 4319 719 4377 καλέσατέ
778 4343 867 4396 μοι
931 4319 1279 4395 Δομετιανόνο
1337 4318 1499 4376 ἕωθεν
1528 4319 1582 4375 δὲ
1625 4326 1730 4376 τῶν
1777 4319 1946 4376 Πατέ-

2023 3057 2340 3132 runt,nihil
2371 3068 2850 3136 promptum,nec
2873 3059 3135 3120 secessui
3165 3063 3664 3138 conveniens,sed

2025 3148 2218 3210 virum
2243 3147 2627 3208 otiendet'unt
2644 3147 2818 3226 plane
2843 3147 3508 3227 imparatum,sciscitati
3529 3163 3668 3215 sunt

2025 3257 2098 3298 an
2124 3256 2240 3298 non
2266 3245 2421 3298 esset
2444 3254 2573 3297 cras
2593 3235 2881 3296 abiturus.
2919 3237 3025 3298 Ille
3057 3255 3194 3299 vero
3221 3258 3234 3299 :
3268 3239 3662 3322 Tota,inquit,

2025 3327 2402 3388 hebdomade
2427 3345 2531 3386 ero
2566 3325 2866 3386 vobiscum
2894 3323 2955 3384 in
2986 3325 3240 3404 laura,et
3265 3326 3504 3390 Sabbati
3529 3348 3663 3392 me-

2027 3417 2122 3478 dia
2175 3429 2371 3487 nocte,
2405 3434 2438 3474 a
2474 3415 2636 3475 vobis
2691 3413 3032 3494 separabor.
3089 3414 3214 3475 Hoc
3242 3425 3438 3478 autem
3491 3418 3661 3496 dixit,

2029 3505 2492 3586 prtesigniﬁcans
2522 3523 2586 3564 se
2613 3513 2750 3564 tunc
2774 3505 3150 3568 moriturum.

2105 3593 2249 3656 CV1.
2308 3592 2512 3673 Itaque
2545 3593 2716 3652 tertio
2765 3601 2895 3673 post
2929 3593 3054 3653 haec
3111 3593 3230 3670 die,
3259 3595 3382 3673 jam
3437 3597 3662 3660 adven-

2026 3692 2190 3748 tante
2219 3683 2404 3746 divini
2439 3683 2681 3744 Autonii
2730 3682 2903 3756 festo,
2939 3683 3222 3763 praecepit
3255 3692 3316 3745 ut
3345 3705 3452 3766 per
3485 3695 3660 3748 totam

2028 3783 2261 3836 noctem
2315 3771 2624 3850 vigilarent
2674 3770 2734 3832 in
2783 3772 3027 3851 templo.
3091 3771 3161 3834 Et
3188 3775 3499 3838 nocturnis
3548 3777 3667 3839 illis

2027 3864 2262 3945 hymnis
2295 3879 2402 3943 per
2432 3880 2535 3922 eos
2560 3860 2840 3940 peractis,
2876 3879 3010 3921 cum
3042 3863 3466 3942 assumpsisset
3495 3885 3667 3946 pres-

2032 3955 2264 4034 byteros
2313 3952 2371 4012 in
2405 3969 2475 4011 eo
2505 3949 2662 4030 quod
2693 3948 3069 4010 diacouicum
3128 3953 3460 4032 appellatur
3493 3977 3507 4018 :
3539 3954 3668 4018 Non

2029 4042 2307 4124 amplius,
2342 4040 2556 4120 inquit,
2592 4040 2826 4116 fratres,
2861 4039 3164 4102 vobiscum
3221 4043 3448 4122 vigilias
3493 4063 3668 4124 pera-

2029 4153 2186 4214 gam.
2250 4131 2339 4193 Me
2373 4131 2532 4192 enim
2559 4130 2682 4210 jam
2731 4139 2903 4190 vocat
2930 4129 3087 4191 Deus
3135 4149 3170 4191 a
3199 4131 3315 4193 vita
3366 4135 3669 4214 praesenti.

2030 4224 2147 4286 Sed
2184 4240 2338 4284 nunc
2370 4221 2609 4301 quidem
2664 4219 2914 4298 egressi,
2947 4221 3234 4283 arcessite
3265 4223 3411 4284 mihi
3465 4226 3672 4286 DonLi-

2033 4316 2255 4376 tianum
2291 4332 2308 4372 :
2343 4329 2516 4371 mane
2546 4317 2742 4370 autem
2778 4319 2932 4370 totus
2964 4308 3200 4370 Patrum
3232 4323 3421 4374 castus
3451 4331 3672 4377 conve-

303 4431 408 4488 ρων
468 4408 610 4466 ἅπαν
652 4412 714 4465 τὸ
767 4412 1014 4485 σύστημα
1067 4407 1378 4466 συνελθᾶτω.
1427 4408 1578 4484 Ἅμα
1635 4417 1760 4486 γοῦν
1804 4413 1940 4489 πρω“ι

2033 4403 2180 4464 niat.
2243 4399 2430 4463 Simul
2465 4417 2608 4478 ergo
2658 4399 2856 4489 cuncti
2912 4417 3084 4460 mane
3113 4401 3186 4461 ad
3236 4421 3373 4464 eum
3405 4406 3673 4467 studiose

300 4497 570 4578 συνέῤῥεον
635 4499 771 4574 μετά
843 4497 1077 4566 σπουδῆς
1138 4497 1369 4562 ἅπαντες
1430 4495 1561 4578 πρὸς
1609 4499 1787 4558 αὐτόν.
1849 4488 1940 4565 Kal

2035 4493 2475 4556 conﬂuxerunt.
2512 4498 2699 4566 Atque
2731 4488 2832 4550 ubi
2878 4507 2944 4550 se
2973 4507 3171 4569 param
3205 4491 3525 4576 continuit,
3558 4516 3672 4558 οω-

303 4591 492 4665 μικρὸν
538 4588 812 4668 ἐπισχὼν,
842 4587 1038 4667 ἤρξατο
1082 4589 1211 4666 πρὸς
1267 4586 1450 4648 αὒτοὺς
1507 4588 1669 4666 λόγου
1727 4587 1940 4646 τοιοῦδέ

2036 4584 2116 4665 pit
2149 4584 2306 4644 hunc
2337 4580 2408 4641 ad
2443 4598 2544 4640 eos
2575 4561 2795 4640 habere
2825 4561 3166 4641 serui-onem
3195 4601 3209 4644 :

384 4678 510 4740 PZ'.
543 4677 772 4758 Πατέρες
803 4680 947 4754 ἐμοὶ,
982 4679 1071 4736 καὶ
1125 4675 1338 4754 ἀδελφοὶ
1366 4679 1636 4756 ἀγαπητοὶ
1665 4678 1718 4735 ἐν
1755 4679 1940 4758 Κυρίῳ1

2114 4669 2285 4738 CVII.
2319 4673 2525 4733 Patres
2549 4669 2666 4731 mei
2695 4679 2752 4731 et
2770 4669 2984 4731 fratres
3013 4670 3213 4733 dilecti
3239 4672 3299 4734 in
3329 4673 3676 4758 Domino,et

302 4767 395 4826 καί
442 4767 624 4826 τέκιαο
685 4768 793 4845 ἐγὼ
849 4769 945 4844 μὲν
993 4767 1285 4845 πορεύομαι
1343 4765 1448 4834 ἤδη
1492 4768 1587 4836 τὴν
1646 4767 1940 4825 τελευταίαν

2034 4764 2283 4841 ﬁlii,ego
2303 4760 2543 4842 quidem
2564 4760 2686 4840 jam
2717 4769 3080 4841 postremam
3107 4762 3257 4824 viam
3282 4782 3551 4826 meorum
3570 4769 3678 4828 Pa-

303 4857 422 4916 ὁδὸν
465 4863 573 4916 τῶν
603 4857 846 4936 πατέρων
903 4881 1025 4934 μου.
1064 4849 1228 4934 (Γμᾶς
1276 4855 1330 4912 δὲ
1391 4858 1502 4938 χρὴ
1558 4859 1618 4913 τὸ
1662 4861 1793 4936 πρὸς
1855 4860 1940 4935 ἐμὲ

2036 4865 2190 4917 trum
2222 4851 2551 4929 ingredior.
2584 4852 2698 4912 Vos
2727 4858 2923 4912 autem
2949 4861 3182 4931 oportet
3209 4863 3466 4915 vestrum
3494 4857 3553 4915 in
3582 4875 3678 4918 me

304 4947 544 5029 φίλτρον,
580 4945 666 5005 διὰ
707 4949 806 5016 τῆς
847 4953 954 5004 τῶν
997 4947 1225 5004 ἐντολῶν
1269 4944 1433 5004 τῶνδε
1465 4945 1706 5027 φυλακῆς
1752 4947 1940 5004 ἐπιδεί-

2034 4961 2298 5008 amorem
2352 4959 2456 5021 per
2488 4941 2696 5004 horum
2733 4950 3164 5022 praeceptorum
3205 4941 3676 5007 observationem

306 5036 514 5103 ξασθαι,
581 5032 677 5094 Ὠν
737 5039 1159 5119 προηγουμένως
1219 5036 1360 5093 ἐστὶν
1412 5035 1448 5104 ἦ
1508 5036 1718 5115 ἀγάπη,
1767 5037 1940 5094 σύνδε-

2038 5032 2380 5099 ostendere.
2416 5033 2574 5093 Inter
2606 5050 2739 5113 qua:
2770 5033 3068 5111 prtecipue
3122 5042 3211 5092 est
3237 5032 3518 5110 Charitas,
3547 5053 3680 5116 quae

305 5149 440 5204 σμος
499 5129 630 5186 οὖσα
662 5132 760 5196 τῆς
821 5135 928 5184 τῶν
972 5127 1174 5208 ἀρετῶν
1204 5125 1570 5194 τελειότητος.
1630 5125 1801 5206 ’Ὅπερ
1855 5129 1940 5209 γὰε

2038 5122 2345 5188 vinculum
2383 5127 2475 5182 est
2503 5119 2784 5184 virtutum
2818 5120 3203 5201 perfectionis
3226 5123 3310 5186 54.
3334 5121 3481 5186 Nam
3519 5126 3681 5207 quod

382 5234 449 5286 54
477 5233 707 5301 Coloss.
739 5253 826 5314 ut,
862 5235 964 5302 i4.
1621 5314 1878 5382 VARUE
1927 5312 2360 5382 LECTIONES.

387 5424 412 5465 ³
439 5424 519 5489 al.
553 5425 1038 5504 παραμυθούκενος.
1124 5423 1240 5485 ia].
1297 5431 1390 5482 τοῦ
1419 5424 1739 5504 συνέχοντος
1784 5425 1967 5502 δίψους
1997 5427 2318 5504 ἂνενεγκων.

310 5509 495 5567 inser.
537 5503 734 5582 μέλλῃ.
817 5514 844 5558 P
871 5505 949 5569 al.
983 5505 1081 5574 τὴν
1110 5504 1366 5576 τελευτήν
1449 5515 1475 5559 tl
1505 5503 1584 5567 al;
1617 5507 2002 5586 παραγγείλας,

1527 5601 1740 5668 JOAN.
1791 5603 2158 5670 BOLLANDl
2203 5600 2446 5666 NOTAE.

383 5710 496 5788 (5_3)
527 5707 801 5788 Octavam
830 5709 1333 5788 Theophaniorum
1363 5727 1391 5767 a
1427 5711 1638 5770 Gracia
1661 5712 1944 5788 celebrari
2025 5713 2186 5788 Syris
2241 5709 2415 5788 etiam
2453 5706 2654 5788 _tu_isse
2680 5705 3073 5788 ‘observatatn
3104 5708 3270 5788 hinc
3325 5711 3683 5788 colligimus,

315 5775 696 5849 “Januarii,
730 5775 1387 5854 diximus-supremum
1412 5785 1890 5844 consuetudinem
1912 5800 1944 5844 a
2027 5775 2183 5858 quod
2215 5783 2380 5843 tertio
2418 5780 2490 5839 ab
2527 5779 2637 5837 hoc
2665 5775 2760 5836 die
2807 5777 2984 5836 merit
3013 5777 3290 5837 festivitas
3319 5783 3374 5837 δ.
3429 5775 3682 5848 Antonii;

2406 5428 2445 5455 ¹¹³
2477 5416 2665 5481 abest.
2717 5415 2792 5480 ab
2822 5416 2901 5479 al.
2992 5429 3019 5461 η
3049 5417 3128 5481 al.
3185 5423 3467 5501 εὐπρεπές,
3553 5435 3577 5464 ο
3606 5443 3684 5490 an
