3972 6130
331 323 447 389 687

1650 327 1929 396 ΜΕΝὸΙὸ
1955 327 2408 400 JANUARIUS.

3576 327 3678 400 688

322 463 406 524 sal
434 461 593 543 pani,
630 461 748 524 hoc
773 461 1093 525 virtutibus
1119 463 1412 526 charitas:
1450 483 1562 527 nec
1585 465 1715 526 sine
1748 484 1816 528 ea
1842 468 1947 531 ﬁer

2059 474 2105 527 οἱ
2151 471 2276 532 ἅλες
2306 476 2382 544 τῷ
2441 468 2605 548 άρτῳ,
2640 474 2795 526 τοῦτο
2849 481 2974 532 ταῖς
3023 469 3237 546 ἀρετοϊς
3298 470 3332 536 ἡ
3365 467 3562 546 ἀγάπη’
3606 472 3684 528 καὶ

331 560 544 632 potest,
582 562 646 613 ut
675 554 861 614 virtus
891 561 1064 634 prout
1094 564 1330 634 oportet
1378 565 1540 616 recte
1573 572 1926 619 exerceatur
1961 575 1975 620 ε

2067 563 2232 639 χωρὶς
2266 563 2431 626 αὐτῆς
2479 559 2671 638 ἀρετὴν
2723 560 2796 621 ὠς
2858 561 2970 638 χρὴ
3017 562 3349 636 κατορθῶσαι
3410 559 3685 637 ἀρήχανον,

321 643 802 724 quandoquidem
857 646 1131 705 universa
1162 645 1347 705 virtus
1396 663 1503 725 per
1531 647 1876 708 charitatem
1931 666 1947 709 ε

2064 650 2178 706 ἐπεὶ
2210 652 2295 706 καὶ
2341 650 2504 728 ἀρετὴ
2563 671 2731 721 πασα,
2780 647 2846 702 δι’
2905 649 3122 725 ἀγάπης
3165 649 3256 704 καὶ
3287 651 3688 727 ταπεινοφροσύ-

325 731 724 794 humilitatem
760 733 930 794 ﬁrma
961 741 1019 793 et
1049 733 1279 794 stabilis
1310 735 1718 811 cognoscitur.
1741 734 1972 798 Etenim

323 821 631 883 humilitas
657 821 900 902 quidem
926 822 1091 883 novit
1115 842 1250 884 eum
1282 825 1378 903 qui
1403 824 1506 885 illa
1535 825 1822 898 utitur,ad
1843 827 1976 886 cul-

325 928 464 972 men
499 919 664 972 recte
699 911 987 972 factorum
1042 913 1353 974 extollere:
1387 913 1649 974 charitas
1681 933 1818 976 vero
1853 925 1975 978 tuto

321 1000 609 1074 continet,
647 1018 846 1081 neque
877 1002 1019 1062 sinit
1050 1020 1118 1063 ea
1148 1020 1224 1064 ex
1281 1003 1594 1065 altitudine
1625 1005 1865 1067 cadere.
1899 1006 1980 1067 At

321 1089 517 1168 major
543 1097 630 1150 est
649 1089 909 1151 charitas
937 1091 1461 1174 humilitatezquod
1486 1102 1544 1155 et
1571 1101 1730 1174 patet
1753 1112 1820 1156 ex
1848 1095 1976 1175 ipso

318 1178 558 1240 Domini
585 1180 998 1261 Creatorisque
1032 1182 1333 1262 exemplo.
1359 1185 1505 1243 Nam
1540 1192 1783 1264 propter
1806 1203 1972 1246 suam

316 1269 380 1328 in
426 1287 538 1330 nos
571 1269 918 1331 charitatem
954 1271 1220 1350 seipsum
1267 1281 1480 1352 sponte
1522 1273 1880 1354 humiliavit,
1918 1282 1974 1332 et

311 1358 502 1421 factus
527 1359 800 1438 estjuxta
830 1378 960 1421 nos.
989 1361 1237 1440 Oportet
1260 1379 1403 1438 ergo
1429 1361 1482 1421 ei
1514 1370 1803 1442 perpetuo
1834 1380 1973 1423 con-

311 1447 559 1520 ﬁteri,et
586 1447 837 1528 hymnos
860 1449 1098 1509 offerre.
1125 1447 1261 1510 Haec
1295 1449 1591 1530 siquidem
1624 1452 1971 1528 praclarum

313 1548 406 1600 est
435 1556 466 1598 a
497 1537 733 1599 cunctis
764 1537 1110 1599 hominibus
1140 1539 1384 1600 omnino
1412 1540 1705 1615 exerceri;
1739 1558 1773 1601 a
1801 1539 1972 1602 nobis

313 1636 512 1689 autem
538 1633 675 1688 ante
696 1634 1098 1702 caeteros,tum
1121 1637 1364 1708 propter
1389 1637 1557 1708 pacta
1585 1647 1719 1689 cum
1743 1641 1965 1704 eo,tum

309 1719 450 1798 quia
485 1716 557 1778 ab
590 1719 753 1777 omni
807 1716 1264 1778 conturbatione
1296 1719 1674 1798 negotiisque
1724 1719 1966 1780 saecula-

2063 762 2157 806 νης
2210 727 2397 815 βεϐαία
2453 741 2784 816 γνωρίζεται,
2822 727 2884 794 Ἠ
2932 737 3029 811 μὲν
3075 738 3173 815 γὰρ
3225 739 3688 817 ταπεινοφροσύνη,

2061 833 2194 908 πρὸς
2249 830 2381 899 ὕψος
2415 829 2532 886 οἶδε
2583 828 3012 906 κατορθωμάτων
3049 827 3266 904 ἀνάγειν
3311 828 3404 882 τὸν
3437 829 3688 899 μετιόντα’

2061 921 2094 981 ἡ
2154 917 2207 974 δὲ
2252 920 2466 998 ἀγάπη,
2525 918 2740 998 συνέχει
2797 939 2855 973 τε
2927 916 3204 996 ἀσφαλῶς,
3254 918 3345 972 καὶ
3401 926 3495 974 τοῦ
3547 915 3692 991 ὕψους

2060 1009 2263 1065 ἐκείνου
2320 1007 2596 1065 διαπεσεῖν
2640 1010 2736 1064 οὐκ
2779 1013 2861 1080 εᾷ,
2919 1010 3121 1078 Μείζων
3149 1024 3174 1054 ι’
3215 1004 3272 1062 δὲ
3305 1008 3340 1074 ἡ
3384 1005 3570 1084 ἀγάπη
3606 1011 3693 1072 τῆς

2061 1100 2573 1178 ταπεινοφροσύνης·
2635 1097 2767 1174 ὅπερ
2838 1099 2926 1153 καὶ
2987 1097 3079 1153 ἀπ’
3152 1098 3316 1155 αὐτοῦ
3390 1093 3548 1162 δῆλον
3614 1095 3696 1152 τοῦ

2056 1190 2194 1245 κατά
2251 1190 2340 1244 τὸν
2404 1189 2683 1255 Δεσπότην
2741 1189 2828 1242 καὶ
2889 1187 3225 1266 Δημιουργὸν
3298 1182 3692 1261 ὑποδέίγματος,

2061 1279 2161 1333 Διά
2218 1279 2316 1356 γὰρ
2346 1278 2442 1344 τὴν
2487 1280 2619 1354 πρὸς
2679 1279 2820 1350 ἧμας
2881 1275 3099 1353 ἀγάπην
3158 1273 3523 1331 ἐταπείνωσεν
3574 1273 3694 1330 ἑκὼν

2058 1367 2267 1441 ἑαυτὸν,
2305 1369 2392 1422 καὶ
2449 1365 2570 1422 καθ’
2599 1367 2741 1440 ἡμᾶς
2795 1365 3006 1443 γέγονε.
3057 1364 3170 1440 Χρὴ
3202 1363 3296 1420 οὖν
3355 1361 3695 1439 ἐξομολογεῖ-

2056 1460 2175 1512 σθαι
2254 1458 2424 1512 τούτω
2507 1454 2818 1534 διαπαντὸς,
2905 1457 2994 1512 καὶ
3085 1454 3285 1529 ὕμνους
3370 1451 3692 1530 προσφέρειν,

2055 1553 2231 1604 Ταῦτα
2284 1547 2382 1620 μὲν
2414 1547 2513 1624 γὰρ
2565 1548 2654 1602 γαὶ
2685 1546 2887 1608 πάντας
2948 1545 3254 1621 ἀνθρώπους
3289 1541 3482 1605 ἁπλῶς
3526 1542 3694 1617 μετιέο

2053 1658 2137 1691 ναι
2199 1635 2383 1693 καλόν·
2432 1637 2534 1714 πρὸ
2593 1635 2646 1691 δὲ
2705 1636 2921 1691 πάντων
2974 1636 3143 1709 ἡμᾶς,
3191 1633 3278 1689 διά
3323 1655 3383 1688 τε
3433 1633 3527 1693 τὰς
3582 1633 3696 1709 πρὸς

2052 1725 2207 1784 αὐτόν
2262 1727 2548 1795 συνθήκας,
2583 1726 2669 1781 καὶ
2701 1723 2781 1781 ὅτι
2836 1724 3150 1803 συγχύσεως
3194 1723 3418 1789 ἀπάσης
3452 1723 3538 1776 καὶ
3566 1743 3695 1798 πραο

308 1809 479 1869 ribus
529 1806 730 1878 liberi,
763 1806 940 1867 vitam
1005 1815 1269 1868 nostram
1324 1809 1569 1868 minime
1621 1807 1947 1869 distractan'

2049 1816 2268 1893 γμάτων
2326 1813 2736 1892 ἀπηλλαγμένοι
2782 1815 3074 1893 βιωτικῶν,
3121 1813 3524 1891 ἀπερίσπαστον
3575 1810 3694 1887 ἆγο·

309 1899 570 1978 agimus,
603 1897 838 1977 solique
871 1896 1139 1957 solitarie
1183 1897 1548 1958 attendimus
1579 1896 1752 1958 nobis
1795 1898 1954 1976 ipsis.

308 1990 561 2067 Semper
590 1986 910 2061 debemus,
936 1985 1168 2060 fratres,
1196 1987 1552 2066 corporibus
1574 1996 1629 2048 et
1649 1987 1961 2047 animabus

309 2080 454 2140 casti
487 2097 886 2153 esse;necnon
922 2088 1269 2140 consuetam
1299 2083 1356 2139 in
1391 2079 1712 2158 synaxibus
1740 2078 1960 2157 gloriﬁ-

302 2169 626 2242 cationem,
665 2167 958 2247 nobisque
1007 2188 1040 2227 a
1071 2168 1363 2248 principio
1395 2169 1654 2247 desuper
1683 2167 1954 2228 traditam

303 2259 596 2340 regulam,
629 2258 792 2319 omni
839 2257 1108 2318 custodia
1167 2275 1544 2320 conservare.
1579 2257 1795 2318 Eorum
1856 2257 1955 2334 qui

300 2349 815 2429 aﬁliguntur,cura
841 2356 928 2408 est
955 2347 1217 2425 gerenda
1240 2366 1345 2427 pro
1369 2346 1732 2419 viribus.Qui
1756 2365 1820 2407 ex
1847 2347 1957 2408 fra-

299 2439 490 2500 tribus
538 2439 894 2500 colluctatur
923 2456 1058 2497 cum
1094 2437 1387 2516 improbis
1419 2435 1894 2515 cogitationibus,
1923 2455 1956 2497 a

297 2529 467 2590 vobis
497 2547 736 2609 semper
770 2527 1558 2607 conﬁrmetur,etperpetua
1586 2525 1814 2587 fruatur
1843 2526 1952 2588 ad-

301 2619 655 2695 monitione,
689 2616 989 2692 doctrina,
1029 2619 1456 2696 prazceptione;
1492 2634 1567 2677 ne
1605 2615 1954 2696 imprudens

299 2708 581 2787 paulatim
607 2706 1251 2786 supplantetur,gravis
1273 2705 1449 2766 ruina
1473 2705 1712 2766 diabolo
1737 2706 1948 2767 factus.

309 2797 435 2859 Hoc
484 2815 719 2878 quoque
751 2795 1022 2856 ultimum
1078 2795 1244 2856 vobis
1291 2797 1534 2876 impono
1582 2796 1947 2876 mandatum;

301 2889 626 2962 Nunquam
655 2886 840 2962 janua
862 2882 1213 2945 occludatur
1241 2884 1718 2960 advenientibus,
1739 2886 1844 2946 sed
1877 2887 1953 2946 sit

2045 1926 2144 1978 μεν
2198 1909 2356 1979 ἡμῶν
2387 1905 2485 1971 τὴν
2517 1905 2684 1974 ζωὴν,
2732 1904 2820 1960 καὶ
2862 1903 3016 1976 μόνοι
3067 1902 3383 1976 καταμόνας
3432 1900 3695 1978 προσέχο-

2043 2016 2142 2068 μεν
2193 1997 2436 2056 ἑαυτοῖς.
2472 1994 2784 2070 ’Λγννιστέον
2843 1994 2982 2063 ἡμῖν
3012 2003 3033 2030 ⁸
3072 1991 3151 2047 ἀεὶ
3205 1992 3300 2047 καί
3336 1989 3565 2064 σώματα
3615 1989 3690 2044 καὶ

2042 2086 2249 2164 ψυχὰς,
2283 2083 2517 2163 ἀδελφοί⁶
2568 2085 2654 2138 καὶ
2716 2085 2813 2148 τὴν
2876 2084 3076 2151 συνήθη
3138 2083 3257 2158 περὶ
3305 2081 3405 2144 τὰς
3462 2077 3686 2142 συνάξεις

2041 2173 2374 2252 δοξολογίαν,
2411 2176 2498 2230 καὶ
2546 2172 2638 2228 τὸν
2683 2172 2880 2227 ἄνωθεν
2937 2174 3073 2245 ἡμῖν
3105 2168 3542 2247 παραδεδομένον
3589 2189 3684 2222 κα-

2040 2265 2187 2340 νόνα,
2223 2267 2368 2340 πάσῃ
2400 2263 2609 2343 φυλακῇ
2641 2263 2889 2343 τηρηέον,
2954 2269 3070 2318 Τῶν
3098 2263 3156 2317 ἓν
3198 2261 3255 2315 ἐν
3289 2259 3560 2334 θλίψεσιν,
3593 2255 3684 2322 ὅση

2039 2351 2258 2427 δύναμις
2306 2341 2688 2426 ἐπιμελητέον,
2749 2341 2805 2405 Ὀ
2839 2348 3122 2426 λογισμοῖς
3175 2347 3402 2411 ἀτόποις
3450 2366 3682 2422 προσπα-

2038 2444 2200 2498 λαίων
2257 2450 2361 2498 τῶν
2412 2440 2679 2520 ἀδελφῶν,
2732 2439 3102 2520 ἀσφαλιζέσθω
3135 2439 3286 2512 ὑμῶν
3322 2439 3339 2470 ⁸
3399 2437 3481 2492 ἀεὶ
3508 2445 3556 2507 ³,
3610 2439 3686 2491 καὶ

2038 2534 2404 2611 παραινέσεως
2465 2530 2784 2588 ἀπολαυέτω
2859 2527 3132 2594 διηνεκοῦς
3203 2529 3292 2584 καὶ
3357 2524 3687 2584 διδασκαλίας

2036 2624 2124 2678 καὶ
2179 2624 2480 2692 ὑποθήκης·
2517 2622 2594 2696 μὴ
2649 2618 2785 2694 λάθῃ
2835 2619 2971 2674 κατὰ
3031 2619 3220 2695 μικρὸν
3266 2614 3685 2681 ὑποσκελισθεὶς,

2034 2715 2122 2767 καὶ
2152 2717 2351 2786 πτῶμα
2401 2709 2648 2789 χαλεπὸν
2679 2715 2757 2778 τῷ
2787 2705 3020 2780 διαϐόλῳ
3076 2706 3396 2784 γενόμενος.
3419 2705 3536 2789 ΔΚαὶ
3565 2704 3686 2759 ταύ-

2035 2823 2132 2867 την
2177 2798 2231 2855 δὲ
2265 2785 2573 2856 τελευταίαν
2629 2800 2758 2871 ὑμῖν
2791 2796 3014 2861 ἐντολὴν
3069 2797 3376 2870 ἐπιτίθημι⁶
3417 2785 3476 2851 Ὀ
3521 2789 3688 2849 πυλὼν

2035 2888 2304 2965 μηδέποτε
2349 2890 2469 2951 τοῖς
2502 2894 2777 2965 παριοῦσιν
2809 2895 2834 2925 ν
2871 2885 3299 2963 ἀποκεκλείσθω,
3339 2883 3469 2940 ἀλλ’
3501 2883 3684 2938 ἀναπε·

295 2995 536 3056 semper
559 2983 763 3055 aperta
784 2973 971 3034 cuivis
996 2973 1224 3050 viatori,
1248 2982 1307 3036 et
1329 2975 1488 3036 velut
1509 2975 1582 3036 ad
1614 2980 1945 3054 susceptio-

2038 2980 2303 3053 πτάμενος
2362 2979 2439 3034 ἀεὶ
2471 2979 2629 3034 παντὶ
2659 2975 2806 3052 ὁδίτῃ
2863 2977 3130 3054 παρέστω,
3168 2975 3253 3031 καὶ
3289 2975 3420 3031 οἷον
3452 2975 3526 3036 εἰς
3555 2973 3681 3027 ὑπο·

295 3084 433 3126 nem
469 3062 845 3145 paratissima
879 3084 890 3125 :
929 3062 1256 3142 quinetiam
1292 3065 1487 3146 ipsum
1525 3073 1746 3126 tectum
1783 3064 1947 3126 vobis

2038 3067 2206 3148 δοχὴν
2263 3067 2634 3144 ἑτοιμότατος·
2669 3067 2755 3122 καὶ
2811 3067 2944 3133 αῦτη
2975 3063 3028 3120 δὲ
3059 3065 3188 3138 ὑμῖν
3217 3065 3251 3130 ἡ
3303 3063 3502 3140 στέγη,
3537 3060 3679 3126 κοινή

293 3158 370 3217 sit
396 3173 716 3218 commune
747 3152 1084 3255 hospitibus
1117 3165 1290 3235 atque
1322 3153 1942 3215 transeuntibus:nec-

2038 3173 2148 3223 τοῖς
2207 3156 2366 3224 ξένοῖς
2413 3158 2500 3212 καὶ
2559 3153 2932 3229 παροδεύουσιν
2991 3151 3128 3220 ἤτω·
3176 3152 3334 3210 κοινὰ
3390 3151 3566 3208 δὲκαὶ
3621 3148 3679 3203 τὰ

2038 3248 2059 3255 ..
2365 3245 2386 3255 -
2505 3247 2514 3255 .
2858 3243 2925 3255 ,-
3047 3241 3104 3255 _..
3286 3242 3299 3255 .
3407 3241 3432 3255 ..
3529 3241 3540 3255 .
3593 3237 3646 3255 λι

291 3263 410 3306 non
443 3262 514 3306 ea
543 3260 673 3324 quae
703 3241 957 3316 habetis,
986 3243 1300 3321 egentibus
1354 3251 1763 3323 proponantur
1781 3261 1944 3304 com-

2038 3248 2152 3305 ῗντα
2195 3261 2315 3310 τοῖς
2361 3245 2629 3323 δεομένοις
2683 3243 3000 3323 προκείσθω.
3036 3241 3186 3300 Οὕτω
3244 3242 3349 3320 γὰρ
3398 3241 3464 3298 ἂν
3522 3237 3676 3318 ἀφθό-

293 3340 519 3396 munia.
580 3331 677 3395 Sic
709 3333 866 3393 enim
899 3331 1200 3411 copiosam
1250 3331 1792 3413 suppeditationem
1824 3351 1942 3395 cce-

286 3424 424 3485 litus
455 3421 928 3502 consequemini.
1192 3469 1194 3471 .

368 3512 566 3575 CVIII.
603 3511 737 3573 Hac
763 3511 861 3572 ubi
890 3518 978 3572 eis
999 3510 1497 3592 injunxit;postea
1520 3512 1935 3594 interrogavit,

286 3621 604 3683 quemnam
637 3602 853 3663 vellent
874 3601 1020 3679 ipsis
1045 3620 1299 3681 praeesse
1327 3611 1384 3662 et
1406 3602 1814 3682 imperareltli
1837 3622 1943 3665 au-

289 3704 406 3755 tem
435 3693 594 3754 velut
617 3710 685 3752 ex
709 3699 1018 3769 compacto
1040 3709 1251 3752 omnes
1268 3694 1942 3772 responderuntzDomi-

285 3779 603 3845 tiam:sz
628 3784 877 3843 verozAt
903 3781 1396 3860 hoc,inquit,ﬁeri
1430 3802 1549 3844 non
1583 3791 1797 3864 potest.
1819 3782 1939 3844 Do-

287 3871 570 3933 mitianus
623 3869 783 3930 enim
821 3887 935 3928 non
991 3869 1089 3929 hic
1143 3871 1316 3948 longo
1370 3879 1637 3952 tempore
1671 3883 1800 3954 post
1848 3892 1944 3935 me

288 3959 578 4034 manebit;
615 3957 720 4019 sed
745 3959 998 4038 septimo
1025 3959 1214 4020 solum
1241 3959 1338 4021 die
1369 3970 1684 4038 transacto,
1722 3965 1940 4044 postri-

283 4051 381 4112 die
408 4068 501 4110 me
526 4049 973 4130 sequetur.Hoc
1005 4066 1212 4109 omnes
1245 4049 1345 4128 qui
1372 4053 1622 4112 aderant
1651 4051 1938 4134 obstupe-

281 4141 608 4220 fecit,adeo
641 4146 851 4219 aperte
875 4146 932 4198 et
965 4137 1218 4198 ﬁdenter
1241 4138 1484 4199 dictum.
1523 4141 1711 4202 Simul
1742 4145 1940 4224 itaque

284 4251 390 4313 spe
413 4231 488 4293 de
511 4230 847 4292 Domitiano
878 4227 1122 4301 amissa;
1147 4227 1332 4289 Eliam
1361 4231 1677 4308 quemdam
1705 4243 1930 4312 petunt,

279 4321 589 4382 inferioris
621 4317 971 4380 monasterii
1020 4335 1423 4394 mconomum,
1454 4319 1931 4386 Jerichuutinum

281 4413 604 4487 genere.Ad
631 4427 759 4468 eum
779 4425 919 4481 ergo
945 4414 1132 4468 statim
1161 4425 1473 4469 conversus
1493 4417 1934 4487 magnus,Ecce,

2025 3360 2114 3394 νου
2147 3340 2243 3405 τῆς
2275 3339 2538 3418 χορηγίας
2570 3334 2769 3393 ἄνωθεν
2801 3333 3149 3392 ἀπολαύοιτε.

2105 3507 2233 3579 ΡΗ’.
2286 3527 2459 3575 Ταυτα
2491 3515 2621 3593 πρὸς
2683 3513 2872 3574 αὖτοὺς
2919 3513 3248 3587 ἐπισκήψας·
3297 3513 3450 3586 εἶτα,
3485 3509 3566 3565 καὶ
3618 3508 3672 3563 ὃν

2023 3609 2303 3685 βούλοιντο
2355 3604 2682 3683 ἀφηγεῖσθαί
2723 3625 2786 3658 τε
2827 3602 2998 3658 αὒτῶν
3060 3602 3149 3657 καὶ
3195 3599 3390 3681 ἄρχειν
3450 3601 3671 3656 ἀνεπυν-

2023 3699 2231 3760 θάνετο.
2291 3698 2350 3754 Οἱ
2380 3693 2433 3751 δέ
2491 3692 2726 3768 καθάπερ
2756 3693 2855 3748 ὕπὸ
2913 3692 3207 3765 συνθήματι
3239 3700 3264 3731 κ
3306 3692 3532 3769 πάντες,
3569 3697 3668 3742 Δο-

2026 3789 2273 3866 μετιανὸν
2327 3788 2702 3863 ἀπεκρίναντο.
2741 3786 2837 3843 Καὶ
2881 3783 2965 3856 ὃς,
3019 3781 3184 3841 Ἀλλὰ
3215 3791 3372 3842 τοῦτο
3405 3795 3506 3860 μὲν
3546 3777 3668 3836 ἀδύ-

2027 3902 2205 3952 νατον,
2240 3877 2365 3957 ἔφη,
2431 3875 2768 3950 Δομετὶανὸς
2813 3874 2911 3951 γὰρ
2960 3872 3136 3932 οὒκέτι
3200 3872 3321 3948 μετ’
3366 3873 3464 3950 ἐμὲ
3512 3868 3667 3928 πολὺν

2024 3968 2245 4025 ἐνταῦθα
2282 3955 2550 4041 ῦπομενεῖ
2581 3964 2801 4044 χρόνον⁹
2850 3961 2968 4018 ἀλλ’
3016 3960 3252 4038 ἐϐδομην
3298 3965 3476 4038 μόνην
3533 3955 3661 4032 ἡμέ-

2024 4081 2117 4136 ραν
2188 4055 2483 4135 διαγαγὼν,
2545 4059 2645 4120 τῆς
2708 4053 2989 4130 ὑστεραίας
3038 4061 3064 4105 1
3133 4051 3485 4123 ἀκολουθήσει
3555 4067 3662 4123 μοι.

2023 4157 2188 4206 Τοῦτο
2259 4147 2461 4207 πάντας
2534 4141 2788 4209 ἐξέπληξε
2861 4143 2981 4206 τοὺς
3057 4142 3359 4219 παρόντας,
3434 4137 3661 4219 φανερῶς

2018 4237 2156 4294 οὕτω
2239 4235 2335 4292 καῖ
2405 4232 2956 4310 πεπαῤῥησιασμένως
3028 4232 3244 4312 λεχθέν.
3316 4228 3657 4306 Ἀπογνοντες

2018 4317 2068 4382 δ’
2098 4326 2185 4382 οὗν
2218 4325 2365 4402 ὅμως
2419 4331 2766 4401 Δομετιανοῦ,
2801 4320 2984 4378 Ἠλίαν
3016 4323 3216 4379 αἰτοῦσί
3245 4342 3364 4377 τινα
3397 4324 3494 4387 τῆς
3523 4318 3655 4373 κάτω

2020 4421 2190 4483 μανῆς
2236 4416 2540 4489 οἰκονόμον,
2575 4415 2637 4469 τὸ
2695 4412 2848 4489 γένος
2886 4402 3310 4492 Ἱεριχούντειον,
3375 4410 3649 4483 Ἐπιστρα-

279 4499 497 4579 inquit,
527 4499 982 4585 omnesiPatres
1013 4495 1212 4585 tei'sibi
1247 4505 1543 4576 pastorem
1577 4508 1634 4562 et
1683 4503 1930 4582 praefec-

2038 4507 2131 4585 ρεὶς
2181 4508 2270 4561 οὗν
2301 4505 2448 4567 εὐθὺς
2498 4504 2630 4580 πρὸς
2662 4503 2819 4558 αὑτὸν
2864 4504 2890 4558 ὁ
2923 4502 3116 4580 μέγας,
3150 4499 3308 4568 Ἰδοὺ,
3335 4500 3489 4580 φησὶ,
3525 4495 3641 4585 πάν·

283 4571 407 4650 tuni
445 4571 690 4665 eligunt.
725 4584 812 4646 Tn
844 4603 981 4646 vero
1008 4584 1160 4659 vide,
1196 4571 1384 4646 uttibi
1407 4587 1520 4667 ipsi
1553 4571 1841 4672 attendas,
1875 4602 1932 4654 et

2038 4616 2100 4658 ἐς
2133 4598 2180 4651 οἱ
2231 4593 2468 4670 Πατέρας
2499 4592 2730 4667 ποιμένα
2763 4613 2820 4647 σε
2875 4591 3020 4648 αὐτοὶ
3050 4593 3264 4654 ἑαυτοῖς
3292 4591 3385 4646 καί
3423 4583 3641 4666 προστά-

279 4679 385 4740 toti
418 4677 611 4757 gregi.
647 4673 895 4756 Oportet
928 4683 1124 4735 autem
1177 4681 1232 4734 te
1261 4675 1372 4736 hoc
1401 4677 1575 4738 etiam
1606 4681 1762 4742 scire
1791 4690 1930 4744 ante

277 4765 582 4849 alia,quod
607 4768 729 4828 Deo
749 4763 938 4825 visum
965 4764 1222 4837 sit,haud
1249 4765 1326 4826 ita
1343 4763 1443 4826 diu
1468 4765 1686 4830 abhinc
1703 4769 1926 4833 lauram

276 4859 432 4922 hanc
454 4866 690 4919 vertere
715 4857 772 4916 in
797 4854 1159 4917 caanobium.
1195 4854 1495 4937 Deinceps
1515 4875 1680 4935 vero,
1703 4869 1760 4921 et
1789 4860 1926 4922 ubi-

276 4969 412 5012 nam
468 4947 751 5011 aediﬁcari
806 4943 1169 5018 coenobium,
1207 4954 1265 5006 et
1305 4947 1602 5026 quomodo
1651 4951 1928 5012 constitui

279 5037 760 5120 Oporteret,item
791 5035 864 5096 de
896 5034 1218 5114 hospitium
1252 5037 1630 5120 exceptione,
1665 5041 1929 5119 psalmo-

279 5131 592 5200 dia,studio
615 5129 672 5185 in
700 5129 901 5198 regula
929 5125 1278 5192 adhibendo,
1305 5139 1567 5200 praeceptt
1590 5131 1746 5199 Elige,
1782 5143 1834 5190 et
1861 5135 1930 5192 de

277 5230 390 5272 non
416 5214 784 5285 negligendis
807 5212 1112 5282 fratribus,
1135 5213 1382 5270 maxime
1406 5214 1477 5271 iis
1498 5219 1595 5287 qui
1619 5229 1926 5288 gravantur

2012 4708 2111 4752 την
2155 4687 2498 4765 ψηφίζονται.
2533 4683 2604 4737 Σὺ
2636 4691 2658 4722 ι
2693 4679 2748 4737 δὲ
2779 4681 2925 4745 ὅπως
2957 4682 3128 4755 ἑαυτῷ
3187 4701 3244 4736 τε
3275 4671 3646 4765 προσέχῃς-ξαῖ

2011 4775 2168 4831 παντὶ
2209 4780 2287 4846 τῷ
2316 4774 2547 4849 ποιμνίῷ
2576 4785 2624 4834 ι,
2658 4781 2755 4827 Δεῖ
2784 4768 2838 4827 δέ
2868 4793 2927 4828 σε
2973 4772 3062 4827 καὶ
3091 4777 3246 4828 τοῦτο
3277 4771 3378 4848 πρὸ
3413 4775 3512 4826 τῶν
3555 4760 3642 4818 ἄλ·

2011 4864 2121 4922 λων
2178 4862 2393 4943 εἰδέναι,
2454 4863 2535 4919 ὅτι
2591 4859 2858 4919 κοινόϐιον
2915 4861 3157 4939 γενέσθαι
3223 4861 3426 4927 ταύτην
3463 4859 3519 4914 οὒ
3571 4850 3645 4943 διᾷ

2013 4960 2216 5032 μακροῦ
2273 4939 2600 5030 τὴν-λαύραν
2658 4948 2942 5018 εὐδόκησεν
2986 4952 3013 5006 ὁ
3075 4950 3231 5014 Θεός.
3289 4940 3443 5015 Ἐξῆς
3474 4944 3526 5002 δὲ
3566 4939 3644 4997 καί

2012 5044 2143 5099 ὅπου
2197 5043 2258 5098 τὸ
2289 5039 2556 5098 κοινόϐιον
2607 5038 3045 5116 οἰκοδομηθῆναι,
3079 5041 3168 5097 καὶ
3197 5038 3344 5102 ὅπως
3406 5038 3642 5099 συστῆναι

2010 5131 2140 5207 δέοι,
2175 5135 2301 5210 περὶ
2361 5134 2461 5198 τῆς
2495 5129 2804 5210 ξενοδοχίας
2847 5151 2904 5186 τε
2930 5129 3044 5186 ,ἐαὶ
3078 5126 3394 5206 ψαλμῳδίας
3447 5125 3529 5182 καὶ
3554 5121 3641 5210 τῆς

2011 5223 2084 5278 εἶ’)
2124 5206 2256 5276 τὸν-
2287 5220 2485 5276 κανόνα
2548 5206 2797 5290 σπουδῆς,
2837 5218 3144 5286 ἐπέσκηπτε
3200 5225 3277 5292 τῷ
3335 5215 3506 5294 Ἦλίᾷ,
3561 5206 3638 5266 καὶ

277 5299 472 5378 pravis
492 5297 976 5373 cogitationibus.
993 5297 1222 5359 Deinde
1243 5299 1354 5361 hoc
1373 5311 1678 5380 postremo
1702 5305 1783 5365 ait
1803 5324 1928 5367 om-

2042 5320 2101 5370 οῦ
2145 5311 2222 5384 μὴ
2252 5316 2357 5365 τῶν
2403 5307 2644 5388 ἀδελφῶν
2686 5306 2961 5388 ἀδελφεϊν,
2993 5309 3080 5365 καὶ
3111 5308 3312 5365 τούτων
3351 5305 3510 5363 πλέον
3541 5303 3631 5355 τῶν

277 5391 493 5470 nibus:
531 5389 593 5450 Si
617 5391 870 5469 aliquam
918 5391 1248 5453 invenerim
1280 5394 1350 5454 ad
1386 5396 1574 5456 Deum
1621 5397 1922 5476 ﬁduciam,

2011 5400 2294 5479 λογισμοῖς
2355 5399 2577 5460 ἀτόποις
2632 5397 3017 5476 βορυνομένπν.
3090 5396 3321 5455 ’Ἔπειτα
3362 5396 3450 5452 καὶ
3513 5388 3631 5468 πρὸς

1601 5502 1854 5569 VARIE
1904 5503 2332 5569 LECTIONES.

824 5603 842 5628 '
874 5594 951 5655 al.
995 5596 1148 5665 ὑμῖν.

901 5684 921 5712 ²
952 5676 1030 5734 al.
1067 5677 1173 5734 σοί,

355 5612 379 5639 ι’
407 5596 463 5654 al
476 5640 488 5654 .
541 5601 739 5670 ρεϊζον,

277 5686 301 5730 1
330 5675 408 5736 al.
439 5680 506 5749 τῇ
534 5675 800 5747 ὺσνερκίᾳ.
901 5684 921 5712 ²
952 5676 1030 5734 al.
1067 5677 1173 5734 σοί.
1257 5688 1279 5715 ⁸
1311 5681 1389 5742 al.
1425 5680 1561 5741 add.
1599 5675 1847 5757 μελήσει.

1237 5601 1252 5631 ί
1293 5600 1372 5659 al.
1410 5601 1532 5681 IIIS.
1572 5603 1679 5681 ὕφ’,
1712 5603 1789 5664 al.
1843 5606 1998 5678 ὑμῖν.

2084 5617 2112 5647 ιι
2141 5604 2218 5666 al.
2255 5607 2450 5682 αῦτῶν,
2541 5615 2566 5647 ν
2593 5604 2673 5669 al,
2727 5611 3004 5682 παροῦσιν.
3091 5615 3117 5647 ι
3146 5601 3222 5666 al.
3279 5605 3623 5681 συνθήματος.

2436 5652 2450 5684 ἳ
