3972 6130
325 288 433 356 69f

1634 293 1689 354 Μ
1699 291 1915 354 ENSIS
1954 285 2411 355 JANUARIUS.

3575 293 3674 360 692

328 432 636 508 stuporem
665 421 1001 488 adducebat
1029 422 1396 488 continuatio
1421 426 1868 488 miraculorum.
1895 424 1975 484 Ex

2065 425 2266 494 ἐπλητε
2324 426 2377 484 δὲ
2410 429 2612 491 πάντας
2665 430 2699 497 ἡ
2747 433 2849 486 τῶν
2889 429 3172 504 θαυμάτων
3220 427 3489 510 συνέχεια.
3548 427 3684 499 Πλή-

327 535 624 578 eoncursu
645 515 822 594 igitur
846 515 1245 576 multitudinis
1269 534 1450 597 prope
1482 514 1968 596 inﬁnitae,prohi-

329 605 583 667 bebatur
602 623 833 666 sacrum
869 605 1015 667 illud
1047 624 1262 684 corpus
1295 625 1327 666 a
1361 605 1968 686 sepultura.cumjam

331 706 490 759 esset
509 695 655 756 liora
679 694 1058 767 nona;donec
1082 695 1322 764 milites,
1341 703 1402 758 ut
1425 696 1758 774 eisjussum
1783 695 1975 756 fuerat

330 805 364 847 a
393 785 755 866 patriarcha,
783 783 1136 845 submovent
1166 784 1630 849 multitudinem.
1669 785 1737 846 Et
1767 788 1851 845 sic
1881 784 1975 844 vix

332 875 570 937 tandem
607 874 778 935 datur
825 873 1020 934 aditus
1047 873 1270 935 divinis
1305 875 1597 947 Patribus,
1634 884 1695 936 ut
1741 875 1977 954 corpori

330 964 612 1041 illi,quod
641 963 792 1024 odeo
820 962 1223 1026 decertaverat
1250 965 1549 1046 multaque
1582 984 1817 1046 passum
1845 964 1977 1025 fue-

329 1055 605 1134 rat,justa
628 1055 1196 1135 peragerent,idque
1218 1073 1352 1116 cum
1380 1055 1612 1136 hymnis
1631 1055 1980 1116 convenien-

331 1144 489 1205 tibus
513 1144 574 1204 in
606 1143 890 1222 locupleti
917 1143 1292 1223 deponerent
1325 1144 1705 1206 loculo.Sane
1737 1145 1975 1225 quidem

330 1233 563 1296 cunctis
612 1233 783 1294 dolor
812 1231 886 1292 de
930 1234 1255 1294 amissione
1298 1233 1627 1312 Euthymii,
1655 1235 1975 1295 multarum

329 1333 456 1386 erat
488 1341 668 1385 causa
699 1322 1094 1402 lacrymarum
1125 1343 1138 1403 ;
1175 1323 1277 1383 sed
1311 1322 1646 1403 Martyrium
1683 1332 1736 1384 et
1789 1324 1975 1386 Eliam

331 1414 508 1494 longe
555 1413 831 1491 tangebat
880 1412 1319 1489 vehementius,
1351 1422 1526 1493 atque
1559 1413 1723 1474 vald}
1779 1414 1974 1493 plora-

332 1504 498 1566 bant.
552 1504 772 1562 Verum
803 1501 941 1561 illos
974 1500 1215 1580 quidem
1248 1504 1587 1563 consolatus
1646 1503 1980 1582 patriarcha

335 1609 442 1673 per
492 1590 888 1671 Chrysippum
941 1596 1135 1650 crucis
1193 1591 1523 1666 custodem,
1587 1601 1644 1653 et
1701 1593 1982 1669 congruis

336 1699 480 1743 usus
511 1679 1047 1753 admonitionibus,
1084 1681 1351 1741 hortatus
1405 1688 1493 1741 est
1523 1691 1586 1742 ut
1613 1681 1981 1760 frequentius

2052 520 2173 580 θους
2229 519 2319 574 οὖν
2378 519 2598 596 ἀπείρου
2657 517 2852 596 κομιδῇ
2917 517 3333 595 συνδραμόντος,
3385 517 3586 596 εἴργετο
3633 529 3687 582 τὸ

2053 608 2190 685 ἱερὸν
2240 608 2416 665 ἐκεῖνο
2463 615 2620 683 σῶμα
2664 614 2861 688 ταφῆς,
2909 608 3013 676 ἤδη
3057 610 3143 666 καὶ
3203 609 3397 675 ἐνάτης
3441 607 3572 685 ὥρας
3597 631 3686 665 κα-

2054 697 2416 765 ταλαϐούσης·
2491 699 2591 760 ἕως
2666 701 2713 755 οἱ
2775 702 3116 777 στρατιῶται,
3181 697 3464 755 κελευσθὲν
3528 700 3692 760 αὒτοῖς

2059 790 2159 844 ὑπὸ
2229 796 2323 845 106
2393 789 2748 868 πατριάρχου,
2813 790 2876 845 τὸ
2934 788 3138 856 πλῆθος
3197 786 3547 847 ἆποσοϐοὖσι.
3610 779 3694 848 ῐζαὶ

2061 878 2218 953 μόλις
2278 878 2418 935 οὕτω
2475 884 2600 956 γοῦν
2646 891 2763 940 τοῖς
2821 878 2981 941 θείοις
3043 879 3335 954 Πατράσιν,
3400 879 3434 945 ἡ
3481 877 3698 955 παράδο-

2061 990 2141 1033 σις
2171 969 2199 1010 h
2242 966 2461 1047 δίδοται,
2516 967 2656 1024 ὥστε
2714 970 2790 1040 τῴ
2834 966 3106 1040 ἀθλητικῷ
3147 969 3338 1041 ἱκείνῳ
3389 967 3484 1023 καὶ
3542 967 3692 1024 πολύ-

2061 1062 2224 1114 παθεϊ
2277 1057 2485 1132 σώματι
2517 1058 2582 1112 τὰ
2641 1057 2995 1132 νενομισμένα
3024 1056 3266 1138 τελέσαι,
3299 1058 3390 1114 καὶ
3433 1056 3570 1132 μετᾶ
3605 1063 3696 1113 τῶν

2063 1147 2448 1223 προσηκόντων
2503 1147 2683 1221 ὕμνων
2739 1150 2882 1220 αὒτῷ
2915 1145 2950 1220 ³,
3000 1153 3069 1223 τῇ
3127 1146 3490 1220 πολυπλοότῳ
3544 1169 3698 1204 κατα-

2061 1237 2238 1294 θέσθαι
2298 1238 2459 1315 σορῷ.
2500 1238 2638 1292 Πᾶσι
2684 1237 2782 1312 μὲν
2831 1236 2920 1294 οὗν
2979 1239 3038 1294 τὸ
3084 1238 3250 1300 πάθος
3309 1237 3407 1304 τῆς
3468 1237 3702 1312 Εὔθυμίου

2061 1328 2388 1403 στερήσεως,
2449 1325 2663 1382 πολλῶν
2733 1325 2969 1405 δακρύων
3025 1326 3202 1384 αἴτιον
3271 1327 3364 1394 ἦν’
3429 1327 3702 1403 Μαρτυρία)

2063 1413 2115 1470 δὲ
2177 1418 2262 1472 καὶ
2317 1413 2476 1471 Ἠλία
2531 1417 2619 1472 καὶ
2676 1417 3020 1496 ἰσχυρότερον
3069 1415 3257 1491 πολλῷ
3313 1416 3583 1495 καθίκετο,
3628 1417 3703 1472 καὶ

2063 1503 2302 1584 σφοδρῶς
2361 1503 2599 1562 ἔκλαιον·
2647 1503 2766 1561 ἀλλ’
2825 1505 3054 1570 ἐκείνους
3102 1507 3199 1580 μὲν
3257 1508 3704 1584 παρηγορήσαςδ

2064 1595 2430 1673 πατριάρχης,
2483 1592 2568 1651 διὰ
2620 1596 2924 1670 Χρυσίππου
2976 1603 3068 1653 106
3123 1594 3586 1674 σταυροφύλακος,
3629 1594 3706 1650 καὶ

2063 1685 2130 1740 τὰ
2201 1685 2379 1739 εἰκότα
2454 1685 2828 1758 παρακαλέσας
2861 1732 2882 1761 ,
2957 1687 3284 1764 πυκνότερον
3360 1682 3707 1761 παραϐάλλειν

333 1771 406 1832 ad
458 1789 592 1832 eum
625 1770 1006 1831 accederent.
1041 1770 1254 1830 Fidum
1307 1778 1504 1830 autem
1560 1769 1875 1831 diaconum
1921 1773 1975 1830 in

2065 1777 2118 1829 α’
2171 1779 2198 1789 ’”’
2472 1775 2512 1816 ’⁸
2713 1781 2760 1830 Φ
2821 1773 2848 1830 δ
2998 1776 3015 1796 ⁸
3256 1777 3270 1793 ⁸
3453 1776 3476 1813 ”
3655 1776 3693 1813 ’⁸

2100 1797 2207 1847 υτῳ
2262 1796 2652 1850 προετρέψατο,
2765 1788 2818 1831 ετ
2853 1799 2911 1832 ον
2967 1774 3022 1831 δε
3082 1777 3155 1840 εἷς
3215 1798 3320 1843 την
3378 1775 3447 1832 λα
3483 1798 3572 1851 ρον
3625 1797 3705 1830 τοι

333 1861 499 1922 laura
557 1859 928 1940 relinquens.
968 1857 1022 1918 ei
1054 1858 1390 1920 aedificandi
1440 1860 1756 1920 commistit
1792 1879 1975 1938 nego-

2064 1861 2306 1919 διάκονον
2393 1862 2800 1928 καταλελοιπὼς
2834 1865 2852 1918 αἱ
2885 1913 2900 1940 ,
2979 1864 3291 1922 ἐπισκέπτει
3382 1866 3525 1938 αὒτῷ
3605 1865 3709 1942 περὶ

335 1953 529 2026 tium;
589 1967 989 2029 reversusque
1046 1949 1104 2008 in
1139 1958 1401 2009 sanctam
1453 1949 1770 2022 civitatem,
1807 1951 1975 2012 mittil

2064 1958 2162 2019 τῆς
2193 1954 2221 1995 ιι
2266 1951 2577 2026 οἰκοδομῆς·
2640 1955 2725 2010 καὶ
2785 1955 2859 2018 εἷς
2910 1955 3010 2022 τὴν
3069 1954 3223 2032 ἁγίαν
3270 1953 3436 2012 πόλιν
3490 1951 3704 2010 ἐπανελ-

333 2040 405 2102 ad
437 2059 586 2120 opus
617 2039 862 2120 opifices
894 2047 952 2099 et
995 2039 1325 2114 materiam,
1354 2058 1469 2116 quo
1503 2038 1686 2099 beatae
1715 2039 1828 2099 illae
1856 2041 1940 2101 Eu
1962 2074 1980 2083 -

335 2129 542 2210 thymii
589 2129 864 2206 reliquiae
895 2130 954 2188 in
985 2139 1130 2210 apto
1163 2137 1221 2188 et
1269 2127 1647 2190 convenienti
1684 2129 1814 2189 loco
1870 2130 1979 2191 de-

335 2228 722 2302 ponerentur.

412 2310 568 2371 CXI.
595 2307 967 2370 Domitianus
990 2325 1155 2376 vero,
1183 2307 1380 2386 magni
1412 2325 1659 2386 magnus
1688 2326 1894 2369 revera
1927 2317 1985 2368 et

332 2416 654 2479 germanus
709 2396 1064 2476 discipulus,
1100 2405 1306 2476 utpote
1359 2396 1490 2476 ejus
1536 2398 1668 2458 vita;
1724 2397 1986 2458 imitatur

335 2487 842 2564 accuratissimus,
879 2486 978 2566 qui
1037 2487 1348 2566 plusquam
1409 2485 1837 2566 quinquaginta
1883 2507 1985 2548 an-

333 2597 442 2640 nos
467 2585 674 2639 sancto
708 2575 1002 2650 inserviit;
1045 2594 1162 2636 non
1198 2575 1446 2636 recessit
1475 2595 1504 2635 a
1536 2576 1690 2648 loco,
1725 2577 1826 2638 sed
1855 2597 1980 2658 per-

335 2669 553 2729 mansit
583 2667 653 2727 ad
710 2665 1076 2746 sepulcrum,
1115 2683 1304 2745 usque
1364 2666 1425 2724 in
1459 2664 1615 2726 diem
1673 2669 1982 2745 postmodo

333 2768 588 2838 sextum;
625 2759 791 2836 quasi
834 2755 1154 2816 arbitratus
1189 2773 1307 2814 non
1339 2773 1472 2815 esse
1503 2755 1615 2814 sibi
1671 2758 1980 2818 vivendum

335 2849 408 2909 de
440 2855 680 2920 caetero,
716 2865 824 2907 nec
860 2845 1172 2906 ferendum
1228 2845 1474 2905 omnino
1507 2853 1570 2906 ut
1603 2845 1751 2906 lianc
1786 2847 1978 2908 lucem

333 2938 656 3018 aspiceret.
686 2937 834 2999 Cum
861 2935 1148 3015 septimus
1175 2935 1508 3012 autemjam
1542 2934 1672 2995 dies
1703 2935 1978 2997 advenis-

333 3038 446 3104 set,
475 3027 527 3088 ei
560 3035 735 3090 noctu
768 3031 1016 3105 apparet
1045 3023 1176 3084 laeto
1211 3025 1368 3083 vultu
1399 3023 1768 3103 Eulhymius,
1805 3025 1977 3107 Veni,

2063 2044 2193 2122 θὼν,
2241 2043 2487 2121 τεχνίτας
2537 2044 2668 2121 πρὸς
2711 2045 2772 2099 τὸ
2819 2043 2973 2121 ἔργον
3003 2045 3089 2100 καὶ
3146 2043 3283 2111 ὕλην
3315 2041 3705 2116 ἐξαποστέλλει,

2065 2132 2202 2188 ὥστε
2259 2133 2320 2187 τὸ
2393 2133 2655 2210 μακάριον
2723 2135 2902 2190 ἐκεῖνο
2973 2140 3065 2190 106
3139 2135 3404 2209 Εὖθυμίου
3475 2133 3706 2208 )είψανον

2066 2221 2120 2277 ἐν
2153 2221 2210 2276 εὖ
2241 2220 2424 2300 ἔχοντι
2457 2221 2549 2277 καί
2583 2221 2868 2295 ἐπιτηδείῳ
2895 2225 3249 2290 κατατεθῆναι
3282 2225 3462 2298 τόπῳ.

2147 2310 2292 2370 Ρ1Α’.
2379 2313 2703 2386 Δομετιανὸς
2736 2311 2792 2368 δὲ
2850 2313 3003 2372 ὃτοῦ
3061 2313 3300 2390 μεγάλου
3332 2313 3504 2391 μέγας
3559 2313 3707 2373 ὄντως

2067 2404 2153 2458 καὶ
2212 2403 2431 2477 γνήσιος
2467 2402 2736 2476 μαθητὴς,
2779 2403 2871 2459 ἅτε
2929 2401 2994 2469 δὴ
3046 2405 3130 2460 καὶ
3187 2411 3279 2460 τοῦ
3311 2405 3432 2480 βίου
3481 2404 3706 2478 μιμητὴς

2067 2490 2469 2569 ἀκριϐέστατος,
2502 2491 2632 2568 ὑπὲρ
2690 2493 2754 2548 τὰ
2811 2495 3146 2562 πεντήκοντα
3202 2497 3281 2566 τῷ
3341 2495 3480 2571 ἀγῖῳ
3537 2490 3704 2547 διακο-

2067 2582 2368 2655 νησάμενος
2423 2581 2541 2651 ἔτη,
2578 2581 2674 2637 οὒκ
2731 2581 2938 2648 ἀπέστη
3001 2591 3094 2640 τοῦ
3142 2581 3335 2658 τόπου,
3389 2581 3528 2638 ἀλλὰ
3575 2601 3700 2656 παρ-

2069 2675 2244 2746 έμεινε
2316 2676 2385 2745 τῇ
2445 2671 2615 2748 σοφῷ,
2665 2670 2830 2750 μέχρι
2901 2670 3089 2727 λοιπόν
3156 2671 3321 2738 ἕκτης
3399 2671 3453 2736 ἐξ
3526 2669 3706 2726 ἐκείνου

2069 2760 2292 2838 ἡμέρας·
2356 2759 2536 2836 ὥσπερ
2595 2760 2653 2816 οὗ
2707 2762 2903 2837 βιωτὸν
2961 2760 3105 2834 αὖτῷ
3150 2763 3210 2817 τὸ
3271 2761 3471 2819 λοιπὸν
3517 2780 3708 2837 κρινας,

2067 2849 2180 2906 οὖδὲ
2239 2856 2391 2905 τοῦτο
2423 2847 2488 2916 δὴ
2541 2851 2600 2905 τὸ
2630 2855 2742 2927 φῶς
2799 2851 2929 2926 ὁρᾷν
2972 2850 3192 2908 ἀνεκτόν
3224 2849 3395 2914 ὅλως,
3465 2860 3706 2926 Διαγςνο-

2065 2939 2231 3014 μένης
2263 2937 2317 2993 δὲ
2361 2936 2464 3004 ἤδη
2511 2943 2605 3004 τῆς
2637 2936 2893 3020 ἑϐδόμης,
2925 2940 3238 3018 ἒπιφαίνετα
3296 2942 3448 3014 αὐτῷ
3506 2937 3703 3018 φαιδρὸς

2064 3029 2164 3096 τὴν
2223 3027 2346 3103 ὄψιν
2378 3029 2560 3089 νυκτὸς
2617 3028 2643 3083 δ
2698 3029 2978 3102 Εὐθύμιος,
3031 3031 3212 3106 Δεῦρο,
3251 3029 3455 3109 λέγων,
3493 3027 3704 3086 ἀπολαύ-

334 3117 566 3190 dicens,
605 3115 704 3176 tibi
763 3123 960 3195 parata
1013 3112 1200 3192 gloria
1249 3112 1560 3174 fruiturus.
1597 3111 1746 3174 licce
1793 3115 1975 3194 enim,

2067 3142 2170 3175 σων
2235 3124 2329 3182 τῆς
2360 3117 2774 3192 ἡτοτμασμένης
2833 3141 2916 3176 σοι
2961 3117 3142 3186 δόξης.
3200 3117 3334 3176 Ἰδοὺ
3365 3121 3474 3198 γὰρ
3532 3116 3707 3198 ἐχαρί-

335 3207 549 3286 inquit.
585 3205 740 3268 Deus
761 3205 1084 3273 concessit,
1122 3212 1185 3264 ut
1215 3203 1550 3263 communis
1583 3204 1754 3265 nobis
1787 3212 1860 3264 sit
1886 3207 1975 3267 hic

2065 3231 2217 3267 σατο.
2253 3211 2434 3288 φησὶν,
2470 3211 2497 3264 ὁ
2538 3209 2666 3271 Θεὸς
2697 3209 2881 3274 κοινὴν
2907 3209 3075 3282 ἡμετν
3105 3209 3250 3266 εἶναι
3280 3210 3365 3266 καὶ
3403 3211 3506 3276 τὴν
3538 3205 3708 3263 ἐνταῦ-

333 3316 571 3379 quoque
621 3295 982 3376 permansio.
1016 3293 1153 3354 Haec
1188 3292 1579 3368 Domitianus,
1611 3313 1742 3355 cum
1779 3297 1975 3357 venis-

2065 3303 2128 3355 θα
2188 3297 2488 3376 διαγωγήν.
2539 3307 2711 3356 Ταυτα
2763 3301 2789 3354 ὁ
2853 3299 3181 3374 Δομετιανὸς
3226 3300 3298 3360 εἷς
3354 3301 3462 3368 τὴν
3520 3297 3707 3361 σύναξιν

333 3397 424 3450 set
454 3387 524 3449 ad
574 3385 861 3466 synaxim,
900 3385 1182 3445 fratribus
1209 3382 1564 3446 annuntiat:
1619 3384 1822 3464 sicque
1855 3385 1975 3464 ipse

2064 3388 2253 3459 ἐλθὼν,
2289 3401 2409 3453 τοῖς
2459 3387 2713 3466 ἀδελφοῖς
2747 3387 3097 3466 ἀπαγγέλλει·
3149 3390 3235 3445 καὶ
3278 3389 3454 3453 οὕτως
3501 3389 3552 3443 ἐν
3582 3384 3710 3466 χαρᾷ

333 3477 509 3540 etiam
546 3475 605 3536 in
630 3475 844 3554 gaudio
876 3483 934 3535 et
955 3474 1286 3535 futurorum
1319 3473 1607 3534 bonorum
1642 3493 1768 3554 spe,
1805 3477 1975 3536 vitam

2064 3480 2150 3534 καὶ
2207 3479 2364 3541 αὐτὸς
2437 3479 2524 3534 καὶ
2573 3483 2642 3552 τῇ
2699 3484 2804 3534 τῶν
2867 3476 3175 3551 μελλόντων
3233 3478 3454 3556 ἀγαθῶν
3524 3474 3699 3553 ἐλπίδι,

332 3567 643 3647 relinquit.

412 3657 583 3719 CXll.
623 3659 699 3716 At
721 3655 1004 3715 diaconus
1030 3651 1436 3728 Fidus,multa
1458 3670 1774 3732 operarum
1805 3673 1978 3716 manu

333 3747 947 3824 collecta,magnoque
967 3742 1233 3804 adhibito
1257 3743 1816 3822 studio,speluncain
1847 3764 1981 3826 quae

331 3837 392 3896 in
445 3835 740 3914 principio
787 3833 977 3893 tenuit
1026 3836 1538 3912 quiete‘agentem
1563 3835 1972 3912 Euthymium,

333 3926 520 3987 aedem
549 3923 1007 4006 pulcherrimam
1027 3933 1085 3982 et
1107 3921 1418 3981 maximam
1442 3922 1815 4001 eﬁicit;cujus
1840 3945 1970 3984 cum

334 4015 595 4077 medium
630 4011 997 4074 attribuisset
1026 4011 1211 4070 thecas
1243 4011 1434 4087 magni
1470 4010 1673 4075 Patris.
1707 4030 1773 4071 ex
1807 4022 1972 4073 utra-

332 4123 449 4187 que
473 4113 639 4184 parte
665 4103 931 4164 elaborat
953 4101 1154 4161 thecas
1188 4098 1976 4180 presbyterorum,liegume-

329 4213 539 4256 norum
564 4212 663 4254 seu
689 4196 1046 4253 monasteriis
1079 4193 1978 4265 pizelectorum,reliquorumque

330 4293 672 4345 sanctorum
706 4278 1041 4342 hominum.
1076 4276 1393 4356 Postquam
1418 4295 1556 4339 vero
1569 4278 1690 4357 jam
1718 4279 1978 4358 perfecta

330 4373 582 4434 fuissent
612 4369 834 4442 omnia,
856 4368 1142 4447 tabulam,
1164 4385 1294 4446 quae
1325 4377 1451 4426 erat
1480 4367 1756 4447 sepulcro
1777 4369 1974 4449 impo-

333 4462 969 4538 nenda,etargenleam
994 4465 1295 4535 urnam,et
1314 4457 1975 4539 cancellos,ca3teraque

331 4550 550 4628 quibus
597 4549 789 4610 solent
820 4546 1038 4625 templa
1069 4551 1366 4616 exornari,
1403 4545 1735 4624 patriarcha
1778 4557 1970 4608 statim

331 4658 363 4702 e
390 4637 813 4718 Hierosolymis
845 4636 1056 4697 mittit:
1095 4634 1315 4696 deinde
1337 4633 1439 4695 ille
1471 4636 1598 4716 ipse
1630 4637 1804 4697 etiam
1834 4638 1968 4699 des-

327 4730 530 4795 cendit
559 4728 633 4790 ad
668 4728 1181 4805 lauram;cumque
1212 4732 1478 4784 sanctum
1505 4725 1648 4786 illud
1670 4725 1975 4788 beaticor-

319 4840 438 4903 pus
455 4838 589 4882 cum
615 4816 988 4898 lampadibus
1012 4823 1069 4875 et
1087 4814 1332 4894 psalmis
1345 4814 1696 4876 credidisset
1719 4821 1972 4897 propriis

325 4911 623 4984 manibus,
660 4906 934 4969 transferi
985 4905 1055 4966 ad
1085 4905 1272 4965 tndem
1309 4922 1482 4984 quam
1543 4905 1670 4983 ipse
1699 4917 1975 4968 recenter

324 5003 518 5063 fuerat
543 4999 884 5069 fabricatus,
921 5003 980 5056 et
1009 4994 1070 5054 in
1102 5011 1272 5055 sacro
1304 4992 1502 5054 loculo
1535 4995 1776 5075 deponit
1811 5005 1971 5070 tute;

322 5101 388 5154 ut
417 5097 718 5169 nunquam
771 5095 970 5168 posset
997 5085 1252 5165 amplius
1301 5085 1546 5166 aperiri,
1582 5105 1690 5148 nec
1737 5087 1852 5149 ulla
1885 5091 1970 5150 vel

324 5200 501 5263 parva
552 5181 690 5241 hinc
713 5177 936 5239 auferri
974 5176 1362 5255 reliquiarum
1392 5175 1501 5236 viri
1539 5177 1751 5256 portio.
1788 5180 1972 5239 Porro

324 5271 598 5350 imposita
624 5266 822 5327 tabula
846 5284 1054 5327 urnam
1085 5265 1347 5344 deSupcr
1367 5266 1532 5343 quasi
1560 5265 1629 5325 ad
1657 5275 1860 5344 pectus
1878 5268 1970 5328 de-

323 5359 561 5438 ﬁgit.Ea
587 5373 726 5418 vero
771 5356 844 5415 ab
868 5355 970 5416 illo
1004 5364 1272 5435 tempore
1298 5354 1357 5413 in
1391 5353 1749 5415 hodiernum
1785 5376 1971 5439 usque

2060 3567 2370 3625 καταλείπει
2404 3569 2496 3623 τὸν
2527 3567 2660 3644 βίον,

2145 3657 2294 3716 PlB'.
2328 3657 2461 3735 ’Ὀγε
2507 3657 2612 3732 μην
2649 3655 2892 3721 διάκονος
2925 3656 3142 3722 Φεϊδος.
3176 3673 3342 3739 χεῖρα
3374 3659 3585 3740 συχνὴν
3608 3653 3693 3710 καί

2061 3747 2270 3815 πολλὴν
2305 3746 2385 3802 ὅτι
2423 3748 2836 3824 συνεισενεγκὼν
2867 3749 2966 3811 τὴν
2998 3745 3257 3822 σπουδὴν,
3297 3750 3347 3806 τὸ
3379 3748 3644 3820 σπήλαιον
3674 3743 3698 3798 ὃ

2066 3838 2203 3914 παρᾶ
2251 3838 2351 3902 τὴν
2383 3837 2558 3916 ἀρχὴν
2601 3837 2945 3914 ἡσυχάζοντα
2977 3838 3106 3917 εἶχε
3161 3841 3251 3894 τὸν
3284 3840 3542 3915 Εὖθύμιον
3565 3836 3600 3907 ³,
3630 3836 3696 3895 εἰς

2059 3929 2212 3984 οἶκον
2257 3925 2543 3983 κάλλιστόν
2601 3948 2656 3982 τε
2706 3929 2790 3982 καὶ
2851 3926 3107 4005 μέγιστον
3167 3928 3467 4006 ἀπαρτίζει.
3530 3928 3587 3983 οὖ
3643 3925 3696 3980 τὸ

2058 4020 2375 4091 μεσαίτατον
2435 4022 2500 4091 τῇ
2529 4017 2669 4092 θήκῃ
2721 4023 2814 4073 106
2857 4017 3091 4095 μεγάλου
3122 4020 3326 4097 Πατρὸς
3368 4017 3696 4092 ἆπονείμαΜ

2057 4109 2182 4185 παρ’
2240 4108 2464 4184 ἑκάτερα
2535 4104 2900 4182 πρεσϐυτέρων
2962 4128 3019 4162 τε
3091 4109 3176 4164 καί
3235 4108 3550 4185 ἡγουμένων
3621 4124 3679 4159 κα

2062 4196 2272 4254 λοιπῶν
2344 4197 2502 4253 ὁσίων
2573 4194 2774 4273 ἀνδρῶν
2837 4194 3121 4274 φιλοπονεῐ
3189 4199 3382 4266 θήκας.
3457 4197 3603 4256 Ἐπεὶ
3644 4189 3690 4245 δὲ

2061 4289 2233 4343 πάντα
2285 4283 2386 4352 ἤδη
2427 4286 2746 4363 ἀπήρτιστο,
2778 4284 2878 4352 την
2937 4284 3236 4359 μέλλουσαν
3279 4285 3579 4343 ἐπικεῖσθαι
3625 4286 3691 4352 τῷ

2061 4377 2209 4454 τάφῳ
2281 4373 2482 4448 πλάκα,
2551 4373 2647 4429 καῖ
2706 4375 2806 4440 τὴν
2876 4374 3104 4452 ἀργυρᾶν
3175 4375 3389 4454 χώνην,
3453 4400 3546 4432 και
3606 4372 3690 4436 τὴν

2060 4463 2440 4542 κιγκλίδα,-καί
2483 4465 2549 4518 τὰ
2592 4461 2728 4518 ἄλλα
2777 4461 2874 4518 ὅσα
2919 4466 3011 4519 τὸν
3043 4467 3166 4520 ναὸν
3221 4463 3332 4522 οἶδε
3365 4465 3616 4540 κοσμεῖν,
3659 4459 3681 4512 δ

2057 4555 2400 4633 πατριάρχης
2474 4553 2578 4608 ἀπὸ
2670 4543 3049 4629 Ἱεροσολύμων
3139 4557 3286 4619 εὐθὺς
3358 4551 3680 4613 ἀποστέλλει·

2059 4643 2242 4700 ἔπειτα
2295 4642 2572 4706 καῖαὒτὸς
2630 4640 2836 4704 ἐκεῖνος
2899 4643 3100 4699 κάτεισι
3162 4647 3293 4723 πρὸς
3325 4645 3426 4712 τὴν
3484 4644 3681 4720 λαύραν

2057 4733 2150 4789 καί
2205 4733 2263 4788 τὸ
2295 4753 2351 4787 τε
2381 4731 2535 4806 ἃγιον
2585 4730 2763 4786 ἐκεῖνο
2792 4736 2949 4805 σῶμα
3009 4739 3100 4789 τοῦ
3131 4734 3370 4810 μάκαρος
3425 4735 3530 4790 ὑπὸ
3558 4732 3685 4803 λαμ-

2057 4822 2186 4878 πάσι
2243 4822 2328 4876 καὶ
2374 4819 2614 4894 ψαλμοῖς
2673 4821 2859 4898 χερσὶν
2915 4819 3068 4883 ἰδίαις
3114 4823 3423 4894 πιστεύσας,
3457 4825 3586 4899 πρὸς
3636 4819 3683 4872 ὃν

2059 4914 2212 4971 αὒτὸς
2261 4911 2575 4988 ὲνεούργησε
2621 4930 2913 4986 μεταφηρει
2944 4914 3120 4990 οἷκον,
3154 4913 3240 4968 καὶ
3299 4919 3366 4990 τῇ
3408 4915 3521 4988 ἱερᾷ
3562 4909 3683 4982 om

2056 5003 2305 5079 ἄσφαλὼς
2364 5001 2720 5056 κατατίθεται’
2771 5002 2842 5063 ὡς
2894 5001 3089 5075 μηκέτι
3136 5004 3522 5078 παρανοιγῆναί
3571 5015 3681 5057 ποτε

2059 5090 2324 5162 δύνασθαι,
2387 5087 2520 5164 μηδέ
2578 5112 2630 5144 τι
2675 5090 2864 5166 μικρὸν
2937 5090 3144 5146 ἰκεῖθεν
3201 5091 3541 5169 ὅφαιρεθῆναι
3606 5090 3682 5142 τοῦ

2055 5178 2239 5256 ἀνδρὸς
2283 5178 2558 5252 λείψανον,
2619 5177 2851 5241 Ἐπιθεὶς
2901 5179 2998 5252 μὲν
3057 5201 3138 5236 τοι
3195 5181 3295 5246 τὴν
3353 5180 3559 5258 πλάκα,
3597 5175 3678 5241 τὴν

2053 5271 2241 5349 χώνην
2296 5268 2492 5324 ἄνωθεν
2553 5269 2715 5334 αὖτῆς
2755 5269 2827 5329 ὡς
2872 5270 3002 5345 πρὸς
3058 5275 3133 5342 τῷ
3179 5271 3354 5337 στήθει
3412 5271 3674 5348 πήγνυσιν.

2056 5353 2118 5416 Ἠ
2178 5359 2231 5415 δὲ
2286 5355 2654 5419 παντοδαπαῖς
2713 5355 2765 5422 ἐξ
2836 5356 3040 5415 ἐκείνου
3095 5359 3182 5414 καὶ
3241 5360 3314 5424 εἰς
3385 5359 3544 5430 τήτδε
3594 5356 3676 5422 τὴν

1654 5514 1917 5581 VARUE
1951 5516 2382 5583 LECTIONES.

423 5643 452 5686 II
479 5640 558 5703 al,
594 5631 842 5713 πάροδος.
930 5635 942 5670 ¹
974 5635 1052 5699 al.
1089 5636 1236 5697 αὒτό.
1303 5637 1320 5693 1
1351 5634 1428 5698 al.
1467 5640 1826 5707 καταστήσας,

1918 5643 1944 5683 ¹¹
1974 5641 2053 5707 al.
2087 5642 2204 5703 ini.
2239 5640 2321 5703 τό.

2413 5638 2425 5672 ¹
2457 5637 2535 5700 al.
2567 5636 2750 5703 inser.
2781 5641 2950 5705 θεῖον,
