3972 6130
221 208 375 279 693
449 162 459 171 1
1575 212 1763 278 VITA
1808 213 1868 275 S.
1916 216 1923 275 ξ

2006 214 2328 278 [ΤΗΥΜΙΙ.
3520 202 3636 270 694

220 346 474 426 ἡμέραν
525 358 646 411 τοῖς
704 345 911 412 πιστῶς
956 353 1233 427 προσιοῦσι
1280 344 1532 428 δωρεῖται
1578 349 1703 413 ταῖς
1750 344 1912 426 ια’ρι-

2006 344 2157 409 diem
2180 348 2253 411 ad
2277 365 2457 411 omne
2472 350 2799 428 gratiarum
2817 362 3005 423 genus
3024 341 3515 425 consequendum
3536 341 3640 405 do—

220 455 359 499 σιν.
405 437 473 498 Ὀ
502 437 601 514 μὲν
629 435 769 494 οὕτω
796 434 1058 515 λαμπρῶς
1108 436 1245 495 κατὰ
1287 437 1388 505 τὴν
1446 433 1679 513 ἑϐδόμην
1738 436 1915 491 Μαίου

2006 439 2269 501 naturiis
2287 438 2392 520 qui
2416 446 2551 500 cum
2601 435 2721 499 ﬁde
2764 433 3077 497 accedunt.
3111 437 3306 512 Atque
3336 437 3385 493 is
3418 431 3523 494 ubi
3550 435 3637 496 sic

218 525 346 593 ⁸τὴν
399 526 502 584 τοῦ
555 527 834 607 λειψάνου,
862 526 1145 602 μετάθεσιν
1193 524 1585 606 ἐργασάμενος,
1619 525 1914 603 Μαρτύριον

2006 526 2970 607 splendidefecissetreliquiarum
2988 522 3441 587 translationem
3460 522 3641 603 septi-

217 615 374 691 μεθ’
447 617 639 675 ἑαυτοῦ
680 616 777 673 καὶ
820 606 1007 672 Ἠλίαν
1065 614 1412 695 παραλαϐὼν,
1478 617 1552 680 εἷς
1610 614 1709 682 τὴν
1760 614 1914 693 ἁγίαν

2006 606 2591 694 moMaii,Martyrium
2613 618 2866 678 etEliam
2891 631 3086 675 secum
3106 629 3641 679 assumens,rursus

214 709 329 762 καὶ
388 705 543 770 αὖθις
585 706 828 765 ὶπάνεισι
887 703 1045 763 πόλιν
1078 724 1095 741 ο
1157 705 1245 763 καὶ
1299 703 1676 784 πρεσϐυτέρους
1728 703 1915 767 αὖτοὺς

2006 704 2057 766 in
2080 706 2344 767 Sanctam
2371 705 2667 770 civitatem
2690 703 3011 766 revertitur
3036 721 3053 779 ;
3078 709 3258 783 atque
3279 719 3383 763 eos
3406 699 3647 762 ordinat

216 809 603 876 χειροτονεῖ,
650 795 745 853 καί
784 800 862 869 τῷ
917 798 1016 862 τῆς
1059 794 1215 872 ἁγίας
1246 795 1587 859 ἀναστάσεως
1628 790 1914 871 καταλέγει

2006 793 2407 876 presbyteros,
2441 804 2500 858 et
2522 796 2704 857 refert
2753 792 2817 855 in
2860 792 3204 873 Catalogum
3229 790 3376 854 cleri
3408 788 3642 853 Sanctae

220 881 477 963 κλήρῳ.
516 886 616 944 Καὶ
644 891 811 941 ταῦτα
842 880 942 959 μὲν
975 881 1170 947 οὕτως.

2006 884 2510 950 Resurrectionis.
2540 883 2611 948 Et
2639 885 2765 946 haec
2796 882 3038 964 quidem
3072 880 3143 943 ad
3175 881 3341 943 hunc
3370 880 3639 944 modum.

324 974 504 1034 PII".
539 971 683 1053 ’Ὦρα
739 971 795 1029 δὲ
851 971 1041 1031 λοιπὸν
1097 971 1283 1031 ἐκεῖνα
1339 971 1648 1049 διεξελθεῖν,
1684 972 1800 1030 ὅθεν
1843 973 1917 1037 είς

2081 973 2285 1038 CXIII.
2316 973 2522 1037 Restat
2546 993 2712 1036 nunc
2746 981 2809 1035 ut
2839 972 2938 1033 illa
2985 988 3443 1052 prosequamur,
3479 969 3642 1032 unde

223 1062 537 1129 κοινόϐιον
572 1064 660 1120 καὶ
717 1060 863 1124 ὅπως
917 1063 951 1133 ἤ
998 1063 1255 1138 Εὖθυμίου
1298 1060 1463 1144 λαύρα
1494 1062 1915 1139 μετεσκευάσθη,

224 1155 468 1232 Μικρὸν
529 1151 585 1210 δὲ
629 1151 829 1211 ἄνωθεν
871 1152 964 1208 τὸν
1022 1149 1184 1229 λόγον
1244 1151 1546 1231 ἀναγκαῖον
1602 1148 1918 1231 ἀναλαϐεῖν,

224 1242 319 1299 ἵν’
392 1243 541 1301 οὕτω
597 1242 782 1324 σαφῶς
838 1239 1073 1323 ἔχουσαν
1130 1242 1483 1318 ποιησώμεθα
1512 1242 1612 1310 τὴν
1641 1240 1916 1320 διήγησιν.

225 1331 464 1397 Ἐτους
494 1331 600 1400 ἤδη
631 1332 847 1412 πρώτου
876 1330 1014 1402 μετὰ
1056 1329 1155 1398 τὴν
1217 1331 1472 1405 Εὖθυμίου
1531 1337 1625 1388 τοῦ
1681 1329 1922 1409 μεγάλου

230 1421 528 1491 τελευτὴν
582 1419 980 1500 διαγεγονότος,
1034 1418 1180 1478 Λέων
1228 1422 1256 1477 ὁ
1316 1419 1485 1498 μέγας
1529 1421 1617 1478 καὶ
1659 1418 1919 1501 φιλόχρι-

2006 1420 2207 1502 lhymii
2241 1422 2471 1503 elapso,
2505 1425 2626 1487 Leo
2656 1423 2901 1501 Magnus
2941 1429 2999 1483 et
3025 1420 3249 1482 Christi
3280 1438 3487 1481 amans
3518 1419 3641 1481 im-

229 1534 387 1577 στος
422 1511 704 1590 βασιλεὺς,
738 1508 993 1567 καταλύει
1040 1510 1132 1567 τὸν
1180 1509 1316 1590 βίον,
1352 1508 1557 1569 Λέοντα
1598 1511 1691 1567 τὸν
1720 1511 1920 1568 οἰκεῖον

2006 1523 2246 1592 perator
2277 1512 2516 1577 excedit
2569 1532 2603 1575 e
2661 1513 2779 1574 vita
2839 1512 2983 1592 (6|),
3017 1527 3371 1572 successore
3405 1509 3641 1591 imperii

228 1599 492 1682 ἔκγονον
522 1601 599 1659 ἔτι
641 1598 842 1677 κομιδῇ
884 1600 1078 1671 νήπιον
1121 1598 1273 1675 ὄντα,
1326 1596 1578 1680 διάδοχον
1627 1600 1723 1669 τῆς
1755 1601 1918 1678 βασι-

2006 1600 2215 1663 relicto
2248 1603 2448 1667 Leone
2480 1610 2697 1683 nepote
2726 1620 2835 1664 suo
2868 1618 3114 1682 prorsus
3142 1599 3368 1661 infante
3399 1598 3542 1680 (62).
3570 1598 3643 1662 Ei

230 1691 415 1754 λείας
490 1689 829 1750 καταλιπών.
903 1686 1089 1771 Τόνδε,
1145 1688 1324 1770 βραχύ
1377 1711 1428 1746 τι
1491 1686 1797 1749 ἐπιϐιοῦντα
1852 1694 1920 1766 τῇ

2006 1700 2228 1766 autem,
2266 1700 2575 1774 postquam
2638 1711 2844 1773 parum
2896 1690 3044 1753 vixit
3100 1689 3163 1752 in
3195 1690 3448 1768 imperio
3485 1691 3637 1772 (63),

233 1778 542 1858 βασιλείᾳ,
578 1779 759 1848 Ζήνων
805 1780 832 1835 ὁ
861 1778 1043 1856 πατὴρ
1099 1774 1432 1859 διαδέχεται,
1481 1776 1634 1835 Ἀλλ’
1678 1781 1707 1835 ὁ
1737 1779 1837 1852 μὲν
1867 1777 1919 1845 ἒξ

2006 1779 2274 1842 succedit
2305 1791 2473 1862 pater
2499 1781 2681 1844 Zeno.
2719 1780 2835 1845 Sed
2868 1779 2972 1841 ille
3002 1778 3272 1859 quidem,
3302 1797 3436 1840 cum
3467 1779 3641 1842 Basi—

236 1866 563 1936 ἔπιϐουλῆς
608 1865 927 1926 Βασιλίσκου
969 1867 1113 1933 τινὸς
1179 1878 1300 1931 τοῖς
1363 1865 1654 1944 βασιλείοις
1710 1868 1915 1937 ἐπιπη-

237 1953 558 2032 δήσαντος,
616 1957 799 2038 φεύγει
844 1957 975 2035 πρὸς
1006 1955 1291 2036 ’[σαυρίαν.
1345 1955 1662 2024 Βασιλίσκος
1706 1955 1762 2014 δὲ
1818 1958 1917 2025 τὴν

237 2048 449 2129 ἀρχὴν
506 2047 825 2127 κατασχὼν,
871 2044 1185 2126 Ἐγκύιιλιον
1229 2046 1367 2103 κατὰ
1396 2049 1492 2116 τῆς
1526 2045 1581 2102 ἂν
1612 2045 1916 2116 Χαλκηδόνι

240 2139 413 2202 θείας
444 2134 663 2194 συνόδου
692 2147 932 2194 ποιεῖται
964 2154 977 2168 ·
1012 2136 1058 2210 ᾦ
1088 2133 1155 2204 δὴ
1181 2135 1271 2193 καὶ
1317 2136 1379 2192 τὸ
1434 2135 1765 2215 περιλειφθὲν
1821 2136 1919 2194 ἀνὰ

242 2228 366 2296 τὴν
428 2227 587 2307 ἆγίαν
643 2224 802 2283 πόλιν
856 2231 965 2283 τῶν
1009 2223 1395 2306 Ἀποσγιστῶν
1452 2224 1612 2302 μέρος
1644 2224 1920 2303 ἐπερειδό-

246 2339 447 2394 μενοι,
483 2316 578 2373 καί
604 2315 881 2396 Γερόντιόν
935 2336 1053 2372 τινα
1098 2316 1172 2380 εἰς
1231 2312 1656 2395 ὰρχιμανδρίτην
1716 2314 1919 2372 ἑαυτῶν

247 2406 735 2487 προστησάμενοι,
799 2402 976 2463 πολλᾶ
1029 2404 1169 2462 κατᾶ
1212 2409 1313 2472 τῆς
1363 2400 1690 2470 Ἐκκλησίας
1719 2426 1917 2462 νεωτε-

252 2499 495 2577 ρίζουσι,
539 2495 628 2553 καὶ
657 2492 805 2552 οὐδὲν
839 2493 983 2562 ἥττω
1036 2493 1140 2551 τῶν
1186 2494 1287 2551 ὑπὸ
1336 2490 1619 2551 Θεοδοσίου
1664 2494 1920 2574 πρότερον

252 2585 672 2663 τολμηθέντων.
711 2582 948 2660 Πέμπτῳ
990 2580 1045 2639 δὲ
1100 2584 1238 2659 μετᾶ
1276 2589 1431 2655 τρῦτα
1484 2584 1732 2659 ἐνιαυτῷ,
1783 2585 1918 2654 θνή-

262 2696 392 2735 σκει
455 2674 555 2749 μὲν
609 2672 961 2736 ’Δναστάσιος
1026 2673 1054 2729 ὁ
1106 2673 1446 2752 πατριάρχης
1494 2679 1556 2747 ¹¹¹,
1615 2671 1920 2754 ἀρχομένου

262 2763 380 2835 ἤδη
434 2765 609 2841 μηνὸς
649 2762 1007 2840 Ἰαννουαρίου
1040 2779 1052 2794 ·
1088 2762 1273 2831 Ζήνων
1317 2759 1370 2815 δὲ
1429 2764 1528 2828 τῆς
1572 2766 1744 2840 φυγῆς
1785 2761 1918 2818 ἂνα-

270 2853 531 2931 στρέψας,
562 2857 841 2932 χειροῦται
874 2849 973 2926 μὲν
1025 2850 1117 2906 τὸν
1172 2848 1515 2926 βασιλίσκον,
1549 2849 1783 2928 ἐγγρατῆ
1840 2848 1918 2908 ’ἑτι

2006 2855 2387 2932 Basiliscum,
2418 2863 2521 2938 qui
2575 2856 2773 2921 adhuc
2826 2855 3147 2937 imperium
3200 2854 3471 2932 tenebat,
3501 2847 3645 2918 ruri

269 2941 371 3010 τῆς
440 2939 714 3018 βασιλείας
764 2940 1103 3020 ὑπάρχοντα,
1151 2936 1446 2996 ἂνάκτᾶται
1500 2936 1557 2995 δὲ
1614 2939 1777 2997 πάλιν
1818 2941 1919 3009 τὴν

2006 2966 2224 3028 susque
2239 2936 2557 3026 recuperat
2572 2936 2973 3028 principatum
2999 2962 3174 3027 quem
3198 2945 3641 3026 amiserat(67).

268 3032 455 3111 ἀρχὴν
484 3028 831 3120 ἢνῗᾷπέθετο.
890 3030 985 3088 Kal
1042 3026 1354 3120 διαδέχεται
1406 3029 1494 3085 τὸν
1536 3031 1719 3107 θρόνον
1763 3037 1916 3110 Μαρ-

2006 3036 2070 3099 Ει
2101 3026 2232 3098 sedi
2260 3026 2838 3117 HierosoIg/‘mt'tanoe
2869 3026 3139 3097 succedit
3176 3033 3507 3116 Martyrius,
3541 3034 3647 3098 ille

268 3121 476 3202 τύριος,
509 3121 537 3179 ὃ
567 3118 678 3177 ἅνω
726 3143 819 3196 μοι
870 3125 964 3176 τοῦ
995 3117 1160 3195 λόγου
1189 3115 1451 3181 πολλάκις
1482 3121 1866 3194 μνημονευθείς
1900 3137 1912 3150 '

2006 3145 2035 3189 a
2067 3146 2159 3188 me
2190 3127 2471 3207 superius
2530 3115 2690 3206 saepe
2750 3132 3154 3197 memoratus;
3190 3123 3293 3204 qui
3336 3122 3409 3185 ad
3444 3123 3642 3204 ipsum

269 3210 328 3275 ’ὃς
359 3214 509 3285 αὐτῷ
538 3232 595 3268 τε
623 3217 699 3285 τῷ
727 3206 950 3288 βασιλεῖ
979 3210 1212 3296 Ζήνωνι,
1242 3208 1330 3265 καὶ
1360 3206 1599 3284 Ἀκακίῳ
1627 3215 1705 3284 τῷ
1739 3219 1918 3268 Κωνσ-

2006 3206 2427 3296 imperatOrem
2462 3215 2762 3277 Zenonem
2817 3221 2875 3275 et
2899 3213 3179 3278 Acacium
3213 3214 3647 3277 Constantino-

274 3298 830 3380 ταντινουπόλεως,τᾶ
848 3298 964 3378 περῖ
994 3303 1103 3353 τῶν
1130 3295 1515 3376 ’Λποσχιστῶν
1545 3297 1633 3352 καὶ
1658 3302 1755 3366 τῆς
1776 3295 1920 3353 ἑκεί-

2006 3295 2336 3385 politanum
2371 3305 2714 3385 episcopum
2754 3301 2966 3365 scribit
2996 3303 3071 3364 de
3099 3304 3498 3383 Aposchistis,
3533 3323 3643 3366 eo-

282 3412 384 3445 νων
412 3387 755 3469 βλασφημίας
779 3388 867 3444 καὶ
892 3391 1128 3466 φευκτῆς
1158 3384 1411 3464 αἱρέσεως
1445 3384 1750 3442 ἐπιστέλλει
1776 3405 1792 3420 ⁸
1824 3385 1920 3443 καί

2006 3384 2260 3475 rumque
2285 3384 2657 3476 blasphemia
2678 3405 2737 3456 et
2756 3392 2995 3455 vitanda
3018 3392 3230 3455 haeresi
3254 3414 3268 3475 ;
3304 3402 3483 3474 atque
3501 3392 3645 3456 Fido

283 3476 452 3551 Φείδῳ
479 3478 539 3535 τὰ
567 3478 862 3558 γράμματα
880 3476 1203 3565 ,ἐγχειρίσας
1249 3479 1325 3548 τῷ
1352 3472 1605 3554 διακόνῳ,
1639 3476 1736 3532 οὒκ
1764 3474 1921 3550 ὀλίγα

2006 3472 2259 3546 diacono
2288 3472 2504 3547 litteris
2533 3483 2790 3559 traditis,
2818 3501 2935 3544 non
2961 3501 3148 3565 pauca
3179 3472 3307 3546 viro
3338 3472 3443 3545 ore
3465 3483 3645 3547 etiam

278 3569 448 3625 εἰπεῖν
475 3574 552 3643 τῷ
582 3565 727 3641 ἀνδρὶ
755 3567 844 3622 καί
874 3563 957 3622 διὰ
990 3564 1239 3643 γλώττης
1270 3562 1597 3626 ἐντέλλεται.

2006 3574 2259 3637 dicenda
2289 3572 2556 3635 mandat.

359 3656 511 3730 PIA',
547 3648 607 3715 Ὀ
652 3653 836 3724 δὲτὴν
884 3654 1112 3722 Ἰόππην
1144 3668 1171 3698 η
1215 3649 1559 3728 καταλαϐὼν,
1607 3652 1702 3709 καί
1738 3650 1923 3712 πλοίου

269 3749 417 3812 τινὸς
476 3746 821 3824 καταίροντος
865 3745 937 3808 εἰς
1000 3743 1255 3821 Κορύκιον
1302 3748 1325 3776 °
1372 3738 1588 3822 ἐπιϐὰς,
1635 3741 1750 3799 ἐπεὶ
1800 3742 1923 3800 κατ’

270 3838 400 3894 αὐτὸ
442 3834 546 3904 ἤδη
597 3835 658 3902 τὸ
703 3834 1026 3913 Παρθενικὸν
1084 3832 1298 3911 ἐγένετο
1354 3830 1616 3909 πέλαγος,
1678 3836 1918 3912 χειμῶνι

267 3924 498 4006 μεγάλῳ
539 3926 627 3982 καὶ
675 3921 900 3982 κλύδωνι
959 3923 1262 4002 συντυχὼν,
1323 3920 1495 3994 μέσης
1563 3924 1747 3984 νυκτὸς
1816 3924 1920 4004 ὑφ-

268 4018 482 4074 ίσταται
514 4016 576 4071 τὸ
610 4014 886 4093 ναυάγιον.
947 4010 1351 4086 Καταδυόμενος
1401 4008 1455 4066 δὲ
1502 4009 1628 4089 ἤδη,
1678 4013 1767 4069 καὶ
1812 4011 1921 4072 οὐδ’

263 4108 516 4163 ὁπωσοῦν
543 4102 730 4164 ἑαυτὸν
758 4103 1041 4183 ὑπερέχων
1071 4111 1097 4154 Ρ
1128 4108 1218 4159 τοῦ
1263 4098 1557 4175 κλύδωνος,
1590 4100 1711 4158 ἀλλ’
1756 4102 1922 4170 οὕτως

2006 4117 2233 4177 tur,nec
2248 4124 2313 4169 se
2327 4125 2507 4188 supra
2531 4107 2749 4168 ﬂuctus
2769 4106 3146 4188 quomodocu
3157 4127 3313 4188 nque
3325 4111 3650 4192 attolleret,

264 4195 374 4252 ὐπὸ
427 4193 576 4270 μέτῳ
628 4192 852 4271 πελάγει
906 4194 990 4250 καὶ
1020 4190 1478 4284 ἀσαφείᾳῇνυκτρς
1522 4190 1918 4267 ἀπολλύμενος,

2006 4200 2109 4263 sed
2134 4200 2221 4263 sic
2244 4205 2301 4261 in
2331 4200 2532 4263 medio
2557 4200 3063 4282 mari,noctisque
3095 4201 3469 4265 obscuritate
3497 4190 3654 4284 peri;

268 4283 410 4357 ξύλῳ
477 4284 583 4341 τινὶ
638 4283 700 4339 ἐκ
748 4280 1083 4359 παραλόγου,
1147 4278 1353 4373 μᾶλλον
1414 4276 1469 4334 δὲ
1514 4286 1650 4337 Θεοῦ
1705 4279 1911 4357 δόντος,

2006 4298 2115 4373 ret,
2148 4290 2211 4373 in
2241 4289 2544 4371 quoddam
2576 4290 2831 4373 lignum,
2864 4308 2937 4351 ex
2961 4276 3323 4373 'inopinato,
3357 4292 3478 4355 imo
3498 4276 3647 4358 'vero

272 4373 659 4454 περιτυγχάνει
687 4387 703 4409 ’
750 4369 847 4428 καί
892 4368 1296 4445 ἂπονηξάμενος
1328 4367 1415 4426 ἐπὶ
1463 4369 1674 4446 τούτου,
1733 4372 1823 4428 καί
1871 4394 1922 4428 τι

2006 4370 2128 4433 Deo
2147 4367 2348 4448 dante,
2383 4372 2654 4447 incurrit;
2687 4389 2820 4433 cum
2853 4389 2970 4451 quo
3002 4367 3273 4450 enatans,
3309 4367 3653 4454 paululum-

2001 1151 2370 1217 cmnobium.
2402 1153 2520 1216 Sed
2555 1171 2803 1216 necesse
2834 1160 2923 1214 est
2951 1150 3282 1214 orationem
3338 1149 3514 1230 paulo
3546 1149 3638 1211 al-

2004 1242 2117 1303 tius
2142 1253 2441 1323 repetere,
2477 1252 2541 1305 ut
2598 1244 2686 1306 sic
2737 1240 3064 1304 dilucidam
3108 1239 3396 1302 faciamus
3428 1256 3641 1300 narra-

2003 1332 2251 1395 tionem.
2280 1334 2458 1397 Anno
2483 1335 2604 1413 jam
2630 1333 2822 1415 primo
2850 1340 2981 1413 post
3013 1338 3265 1393 mortem
3300 1329 3497 1409 magni
3528 1332 3642 1393 Eu-

2002 1870 2188 1933 liscus
2247 1871 2488 1950 quidam
2549 1890 2617 1933 ex
2677 1869 2917 1932 insidiis
2947 1867 3262 1931 invasisset
3295 1869 3637 1949 imperium,

2000 1960 2146 2039 fugit
2177 1960 2239 2022 in
2279 1961 2566 2024 Isauriam
2596 1960 2746 2040 (64).
2783 1960 2856 2023 At
2886 1957 3214 2023 Basiliscus
3245 1958 3501 2040 imperio
3529 1979 3641 2040 po-

1999 2048 2538 2130 titus,encyclicum
2570 2048 2712 2112 facit
2739 2048 3023 2110 adversus
3052 2046 3313 2109 divinam
3355 2047 3645 2127 synodum

1999 2136 2551 2201 Chalcedonensem
2575 2159 2593 2212 ;
2619 2158 2736 2220 quo
2757 2137 3002 2219 quidem
3028 2136 3227 2199 nitens
3249 2155 3385 2217 qua;
3408 2137 3645 2215 reliqua

2000 2235 2125 2290 erat
2158 2228 2218 2289 in
2250 2240 2455 2290 sancta
2511 2227 2753 2290 civitate
2778 2226 3276 2308 Aposchistarum
3311 2244 3469 2307 pars,
3504 2247 3639 2290 cum

1999 2320 2351 2383 Gerontium
2402 2318 2721 2399 quemdam
2769 2316 2883 2378 sibi
2938 2316 3349 2397 praefecissem
3379 2315 3504 2398 (65)
3538 2336 3642 2380 ar-

2001 2405 2489 2481 chimandritam,
2525 2407 2712 2469 multa
2757 2406 2816 2469 in
2868 2404 3195 2468 Ecclesiam
3232 2406 3493 2482 innovat,
3528 2426 3642 2471 nec

2004 2499 2235 2558 minora
2265 2497 2339 2559 iis
2395 2516 2527 2578 quae
2583 2506 2762 2559 antea
2811 2515 2990 2559 ausus
3020 2495 3216 2558 fuerat
3244 2493 3638 2559 Theodosius.

2003 2585 2290 2649 Caeterum
2323 2587 2535 2665 quinto
2568 2587 2845 2666 posthaec
2868 2604 3024 2648 anno
3049 2585 3207 2664 (66),
3247 2584 3499 2647 moritur
3517 2586 3647 2667 qui-

2002 2675 2139 2738 dem
2171 2675 2521 2739 Anastasius
2553 2675 2918 2757 patriarcha,
2941 2675 3068 2755 jam
3103 2675 3434 2755 incipiente
3468 2693 3641 2739 men-

2002 2783 2067 2828 se
2097 2767 2387 2828 Januario
2415 2792 2429 2839 ;
2465 2767 2622 2830 Zeno
2655 2775 2855 2828 autem
2880 2783 3211 2828 reversusa
3264 2764 3423 2845 fuga,
3459 2767 3643 2830 vincit

2086 3663 2397 3729 CXIV.llle
2421 3672 2620 3725 autem
2648 3669 2784 3726 cum
2807 3667 3042 3746 Joppen
3074 3666 3444 3744 pervenisset
3469 3673 3526 3728 et
3549 3684 3650 3729 na—

2005 3754 2222 3835 vigium
2247 3752 2623 3817 ascendisset
2646 3753 2805 3834 quod
2851 3752 3346 3833 proficiscebatur
3366 3755 3429 3816 in
3460 3753 3649 3836 Cory-

2005 3842 2434 3922 cium(68),ubi
2452 3844 2572 3921 jam
2596 3842 2707 3905 fuit
2729 3843 2932 3922 inipso
2956 3846 3105 3906 mari
3123 3845 3477 3908 Parthenico
3496 3845 3647 3926 (69),

2006 3940 2064 3994 in
2088 3951 2356 4008 magnam
2384 3936 2653 3994 incidens
2678 3936 2989 4007 procellam
3010 3946 3061 3994 et
3083 3939 3654 4011 tempestatem,pati-

2006 4030 2096 4081 tur
2115 4022 2297 4080 media
2314 4032 2480 4081 nocte
2502 4022 3151 4094 naufragium.Cumque
3163 4023 3282 4095 jam
3297 4024 3653 4097 demergere-

1585 4487 1845 4553 VARJ/E
1887 4484 2326 4555 LEGTIONES.

359 4596 403 4628 ω
429 4580 508 4657 al,
541 4579 681 4645 add.
713 4570 1120 4658 Ἰεροσολύμων.
1204 4589 1233 4621 ¹¹
1257 4574 1336 4639 al.
1372 4575 1581 4644 Ἰόπην.
1668 4591 1694 4622 °
1721 4576 1798 4640 al.
1838 4580 2129 4659 Κωρύκιον,
2215 4590 2242 4633 ν
2270 4579 2351 4643 al.
2383 4581 2751 4660 ὑπερανέχων.

1493 4681 1711 4748 JOAN.
1762 4682 2135 4749 BOLLANDI
2175 4684 2427 4751 NOTIE.

2024 4798 2043 4863 ‘_
2076 4788 2190 4863 (67)
2218 4789 2355 4848 Post
2374 4789 2443 4863 29
2465 4803 2892 4863 mepse§,quam
2920 4790 3140 4863 eiectus
3168 4800 3385 4863 erat,ut
3410 4793 3657 4854 tradunt

2004 4858 2255 4931 Cyrillus
2313 4863 2370 4919 in
2407 4860 2524 4918 Vita
2555 4861 2614 4918 S.
2654 4858 2836 4927 Saba),
2867 4869 2924 4920 et
2952 4858 3169 4919 'Victor
3229 4858 3650 4923 Tunnunensis

2004 4931 2339 5014 Simplicius
2366 4946 2509 5062 pleps
2541 4931 2611 4990 de
2638 4931 2880 5003 imperio
2908 4942 3251 5004 recuperato
3280 4936 3653 5020 congratula-

2009 5012 2099 5059 tur
2128 5003 2342 5061 Zenoni
2420 5003 2471 5060 II
2519 5002 2653 5061 ldus
2684 5003 2885 5062 Octob.
2921 5013 3047 5062 post
3074 5004 3443 5062 consulatum
3478 5007 3648 5062 Basi-

354 4792 601 4864 (604:1.
627 4788 732 4864 βυ.
765 4789 890 4864 ιτι,
921 4801 1129 4864 mense
1157 4786 1451 4864 Januario.

356 4856 468 4931 (62)
495 4862 584 4921 Ex
613 4861 731 4919 ﬁlia
769 4859 1043 4929 Ariadna,
1082 4870 1260 4930 nupta
1291 4856 1530 4917 Zenoni.

359 4935 475 5014 (93)
511 4934 986 5014 Hensilms.19-_
1467 5009 1478 5014 _
1804 5012 1811 5014 _
2004 4934 2339 5014 δίωὲηθίιιέ

2009 5012 2099 5059 tur
2128 5003 2342 5061 Zenoni

2002 1071 2211 1141 etquo
2268 1064 2443 1125 modo
2499 1062 2799 1146 Euthymii
2846 1063 3013 1124 laura
3045 1067 3436 1122 transmutata
3467 1059 3547 1121 sit
3576 1060 3640 1121 in
3748 1070 3751 1071 '

357 5001 473 5078 (δι)
502 5009 614 5078 An.
655 5005 753 5062 Ch.
790 5003 909 5061 676.
947 5001 1169 5078 Basilio
1208 5012 1260 5078 et
1293 5001 1726 5078 Armato_coss.,
1760 5012 1819 5058 ut
1853 5016 1923 5058 ex

288 5071 565 5146 Simplicii
597 5091 751 5147 papae
772 5072 1012 5148 epistola
1039 5071 1363 5144 colligitur,
1392 5073 1482 5148 his
1523 5071 1648 5130 data
1681 5087 1803 5130 cos.
1838 5084 1919 5138 Iv,

291 5150 374 5208 1d.
408 5143 1116 5219 Januar.,'qua'Zenonem
1165 5143 1228 5219 tit
1257 5155 1363 5215 pro
1390 5143 1736 5219 imperatore
1765 5158 1920 5219 quaa-

289 5223 422 5279 datn
451 5229 668 5291 ageret,
693 5214 955 5291 hortatur
984 5236 997 5271 :
1029 5228 1138 5273 nec
1168 5214 1269 5272 diu
1284 5224 1411 5287 post
1445 5214 1614 5273 isthic
1645 5214 1915 5283 substitit,

290 5301 351 5350 ut
378 5306 448 5348 ex
488 5288 675 5349 reditu
707 5288 940 5360 patebit.

2420 5003 2471 5060 II
2519 5002 2653 5075 ldus
2684 5002 2885 5062 Octob.
2921 5002 3443 5075 post'consulatum
3478 5007 3648 5065 Basi-

2007 5071 2131 5129 lisci
2167 5081 2220 5130 et
2252 5076 2460 5132 Armati
2492 5090 2586 5131 an.
2621 5073 2723 5133 Ch.
2762 5075 2887 5131 477.

2077 5144 2189 5213 (68)
2222 5145 2465 5220 (3mm
2494 5146 2822 5220 Piolemteo,
2877 5145 3083 5214 Plinio,
3113 5147 3406 5213 Straboni,
3442 5150 3509 5220 ρ.
3544 5148 3651 5209 Ca-

2005 5213 2188 5291 labro.
2213 5213 2426 5275 Ciliciae
2445 5219 2743 5291 oppidum;
2771 5213 3081 5289 Corycium
3107 5213 3653 5291 promontoriitm,et

2011 5288 2068 5344 in
2102 5304 2168 5363 eo
2198 5299 2426 5348 antrum
2481 5286 2801 5363 corycium,
2853 5286 2913 5347 in
2965 5305 3083 5363 quo
3109 5286 3388 5362 'optimua
3438 5286 3647 5353 crocus

320 5362 475 5434 ’(65)
520 5357 1084 5434 Αιτεευάοςρίεοορυω
1145 5363 1344 5434 contra
1398 5357 1796 5434 Anastasium.
1868 5366 1930 5417 ut
2009 5361 2286 5434 nascitur.

292 5427 714 5492 bene'advenit
747 5427 1028 5490 Baronius
1067 5442 1162 5485 an.
1199 5427 1320 5492 676.
1349 5441 1510 5486 num.
1552 5429 1642 5485 ιι.

2085 5431 2194 5500 (69)
2243 5431 2362 5502 Imo
2410 5430 2842 5502 Parthenicum,
2913 5447 3012 5490 seu
3065 5432 3435 5494 Parthenium
3494 5450 3654 5496 mare

362 5482 1929 5576 (etiamsarisas:castigatamtimum
2014 5482 2360 5576 Ma‘éiépio—i
2410 5482 3649 5576 "Samii:'ééT'pars—maiiﬁféiﬁférr'a'déi:

300 5570 621 5649 pzaeruisset
643 5574 716 5649 18
746 5589 950 5638 annos,
984 5579 1047 5630 ut
1084 5570 1295 5631 dicitur
1333 5572 1392 5629 in
1442 5571 1731 5630 Chronico
1761 5571 1929 5632 Nice-

298 5644 489 5724 phori,
521 5654 576 5706 et
609 5644 828 5723 aliquot
866 5658 1114 5704 menses.

2014 5573 2167 5646 quod
2199 5574 2392 5631 Asiam
2424 5573 2781 5651 Afri-namque
2812 5573 3092 5637 interluit.
