3972 6130
217 299 360 367 697
1548 298 1736 365 VITA
1781 297 1841 361 S.
1889 295 2305 364 EUTHYMII.
3497 299 3614 367 698

222 435 508 511 σώζοντος
569 457 630 495 τε
672 435 760 494 καὶ
800 443 896 494 τοῦ
924 433 1230 511 σωζομένου
1270 435 1339 511 τῇ
1368 433 1617 514 διηγήσει
1647 434 1878 512 μάλιστα

1975 447 2030 502 et
2081 448 2394 522 propterea
2424 448 2548 504 tum
2603 443 2896 503 servantis
2943 450 3070 503 tum
3101 438 3319 503 servati
3363 439 3621 503 maxime

213 526 503 606 ἡδομένη,
533 529 624 584 καί
666 549 769 586 που
796 527 886 584 καὶ
937 524 1132 602 δάκρυα
1161 530 1269 582 τῶν
1313 523 1599 606 ὀφθαλμῶν
1643 525 1878 584 ἀποστά-

1975 527 2266 592 delectata
2282 530 2496 605 relatu,
2523 539 2704 611 atque
2726 530 2902 592 etiam
2927 530 3216 610 lacrymas
3251 528 3621 610 profundens

211 623 420 692 ζουσα,
455 615 722 685 ἰκπλῆσαι
750 615 962 674 ἅπαντα
987 636 1066 689 τῳ
1120 615 1217 688 υἱῷ
1247 612 1640 679 συνεϐούλευεν,
1675 614 1878 674 ’Ἔπει-

1975 635 2044 680 ex
2085 619 2300 695 oculis,
2334 619 2634 683 consuluit
2672 620 2794 681 ﬁlio
2840 628 3051 682 cuncta
3078 619 3379 699 impleret.
3433 619 3621 680 Porro

211 728 293 763 τα
351 707 451 783 μέν
479 728 564 764 τοι
621 707 867 784 καὶπρὸς
925 705 1018 762 τὸν
1060 705 1408 785 πατριάρχην
1462 703 1670 782 διαϐὰς,
1705 706 1878 786 ἀπήγ-

1975 709 2276 772 transiens
2301 717 2508 790 postea
2525 709 2596 771 ad
2630 710 3054 789 patriarcham,
3080 708 3135 770 ei
3157 724 3394 789 quoque
3423 707 3623 769 omnia

210 803 382 874 γειλε
413 796 505 854 καὶ
549 795 692 870 αύτῷ
731 795 904 852 πάντα
931 797 960 851 ὁ
1006 792 1227 858 Φετδος.
1263 795 1523 894 Κάκεῐντος
1554 792 1688 873 ἄγαν
1718 817 1878 853 κατα-

1975 798 2334 894 renuntiavit
2389 800 2593 894 Fidus.
2627 799 2699 860 Et
2735 799 2838 894 ille
2870 800 3256 894 vehementer
3296 797 3622 894 admiratus

211 884 463 965 πλαγεὶς
492 885 570 961 τῷ
598 883 893 962 παραλόγῳ
925 890 1016 942 τοῦ
1046 881 1410 962 διηγήματος,
1446 881 1511 941 Ἦ
1535 885 1640 960 μὴν
1673 907 1878 964 προφη.

1976 889 2380 951 narrationem
2406 889 2690 968 opinione
2721 889 3034 969 majorem:
3067 887 3366 967 Proiecto,
3401 886 3619 966 inquit,

207 997 326 1043 της
392 981 488 1032 τοῦ
533 981 689 1048 Θεοῦ,
721 973 902 1049 εἶπεν,
952 975 980 1030 ὁ
1041 972 1208 1051 μέγας
1254 973 1537 1054 Εὗθύμιος,
1569 975 1657 1032 καὶ
1714 973 1878 1033 πολλὶ

1976 977 2086 1040 Dei
2109 979 2400 1060 propheta
2421 988 2510 1041 est
2531 997 2780 1056 magnus
2799 977 3176 1056 Euthymius,
3199 993 3529 1056 magnaque
3563 987 3623 1037 et

207 1071 314 1122 καὶ
387 1063 591 1144 ἔφατος
651 1065 792 1139 αὑτῷ
848 1064 980 1142 πρὸς
1032 1061 1244 1121 ἐκεῖνον
1285 1065 1320 1132 ἡ
1365 1062 1652 1144 παρῤησίαο
1685 1065 1750 1121 τὰ
1793 1065 1878 1144 γὰε

1975 1067 2298 1130 ineffabilia
2327 1076 2417 1130 est
2442 1068 2497 1130 ei
2535 1067 2693 1149 apud
2727 1068 2892 1129 illum
2949 1066 3328 1146 ﬁduciazquaa
3357 1067 3516 1126 enim
3545 1064 3620 1126 ad

203 1154 482 1235 περὶτῆς
528 1153 753 1233 λαύρας⁹
787 1154 876 1210 καὶ
929 1153 1032 1209 ὑπὸ
1085 1159 1248 1210 πᾶσιν
1277 1152 1416 1228 ἡμῖν
1473 1155 1701 1231 μάρτυσι
1745 1175 1878 1230 προ-

1975 1155 2199 1218 lauram
2219 1164 2515 1237 spectant,
2540 1175 2607 1219 ea
2631 1175 2830 1219 coram
2862 1153 3036 1217 nobis
3058 1153 3335 1216 omnibus
3370 1153 3620 1215 testibus

207 1245 495 1323 ηγόρευσε
566 1241 781 1319 μέλλων
847 1243 901 1299 ἒν
986 1248 1201 1321 Χριστῷ
1269 1241 1642 1306 τελειοῦσθαι.
1718 1244 1878 1300 Tauro

1975 1245 2392 1327 prmdixit,jam
2413 1246 2471 1307 in
2503 1246 2738 1311 Christo
2765 1265 2873 1327 per
2897 1252 3148 1306 mortem
3181 1260 3612 1305 consumman-

208 1335 423 1408 εἰπὼν,
470 1331 744 1406 ἐπιτρέπει
777 1339 854 1406 τῷ
881 1329 1054 1404 Φείδῳ
1116 1333 1205 1389 καὶ
1233 1331 1391 1399 αὐτὸς
1426 1332 1527 1402 τὴν
1570 1342 1664 1392 τοῦ
1707 1351 1878 1389 κοινο-

1975 1333 2102 1396 dus.
2152 1336 2259 1398 His
2297 1337 2492 1418 dictis,
2524 1337 2653 1418 ipse
2685 1338 2859 1399 etiam
2883 1336 3028 1398 Fido
3061 1333 3378 1396 committit
3404 1349 3613 1396 emno-

211 1421 341 1480 ϐίου
419 1420 732 1498 οἰκοδομήν
802 1422 890 1478 καὶ
962 1422 1062 1489 τὴν
1138 1420 1316 1478 έκεϊσε
1389 1421 1606 1481 κάθοδον
1680 1419 1878 1478 δίδωσιν

1975 1422 2054 1486 bii
2098 1425 2550 1490 aadiﬁcationem
2589 1448 2604 1498 ;
2648 1425 3048 1503 conceditque
3080 1425 3135 1487 ei
3183 1431 3247 1486 ut
3273 1422 3377 1485 illo
3429 1421 3612 1500 profi—

210 1517 399 1586 αὐτῷ·
463 1509 922 1591 ἐπαγγειλάμενος
985 1509 1098 1586 ἅμα
1149 1512 1236 1568 καὶ
1295 1509 1502 1588 ἕαυτὸν,
1541 1511 1703 1570 παντῖ
1762 1513 1878 1571 σθέ-

1975 1513 2278 1590 ciscatur;
2327 1516 2504 1577 simul
2563 1517 2869 1596 professus
2928 1533 2993 1576 se
3047 1531 3282 1594 quoque
3340 1509 3616 1572 omnibus

211 1623 302 1659 νει
335 1607 438 1659 τοῦ
467 1600 624 1682 ἔργου
653 1601 1114 1680 συειεφαψόμενον.

1975 1602 2198 1665 viribus
2227 1623 2377 1685 opus
2407 1625 2521 1668 una
2556 1624 2688 1668 esse
2721 1623 3128 1685 agressurum.

305 1690 467 1752 PIZ'.
519 1699 692 1770 Χεῖρα
735 1690 910 1747 τοίνυν
951 1687 1217 1757 πολλήνδ
1274 1689 1466 1755 Φεῐδος
1510 1692 1789 1771 ὑπηρετῶν
1831 1716 1878 1750 τι

2053 1690 2466 1758 CVVIl.Fidus
2488 1695 2963 1776 itaque,accepta
2985 1709 3195 1771 magna
3217 1709 3397 1752 manu
3430 1687 3614 1750 mini-

209 1781 312 1838 καὶ
379 1779 703 1856 οἰκοδόμων,
736 1781 824 1836 καὶ
875 1784 982 1835 τῶν
1041 1786 1355 1860 μεχανικῶν
1387 1779 1479 1837 ἕνα
1535 1781 1878 1860 παραλαϐὼν,

1975 1791 2226 1844 strorum
2252 1791 2310 1846 et
2330 1792 2860 1856 structorum,cum
2877 1803 2993 1846 uno
3017 1800 3090 1844 ex
3122 1780 3486 1843 mechanicis
3510 1795 3612 1840 seu

209 1872 471 1929 κάτεισιν
535 1873 610 1935 εἰς
639 1870 736 1938 τὴν
790 1868 1014 1947 λαύρανο
1049 1871 1136 1926 καὶ
1190 1871 1252 1927 τὸ
1295 1869 1562 1929 κοινόϐιον
1593 1869 1878 1949 οἰκοδομή-

1975 1873 2330 1948 architectis,
2361 1874 2677 1938 descendit
2699 1875 2758 1936 in
2786 1878 3008 1936 iauram
3023 1889 3301 1952 :cumque
3319 1868 3615 1931 aediﬁcas-

205 1983 346 2036 σας,
420 1962 510 2018 καὶ
568 1960 801 2041 φραγμῷ
857 1958 1036 2034 κύκλῳ
1091 1959 1178 2016 καὶ
1238 1961 1432 2040 τειχὶῳ
1489 1959 1792 2040 περιλαϐών
1841 1977 1878 2036 ι’,

1975 1970 2062 2024 set
2091 1964 2456 2040 ccenobium,
2490 1973 2780 2047 septoque
2815 1973 2877 2027 et
2919 1982 3088 2025 muro
3119 1963 3179 2024 in
3212 1960 3422 2023 orbem
3455 1965 3617 2020 esset

206 2052 310 2108 τὸν
378 2050 479 2127 μὲν
509 2049 742 2108 παλαιὸν
772 2049 922 2125 ναὸν,
959 2049 1034 2115 είς
1075 2047 1381 2128 ἂριστήριον
1413 2062 1434 2095 ³
1463 2062 1582 2114 τοῖς
1641 2049 1878 2129 ἆδελροτς

1975 2053 2340 2133 complexus,
2369 2063 2543 2118 vetus
2571 2054 2814 2136 quidem
2866 2054 3154 2134 templum
3186 2047 3462 2114 attribuit
3491 2047 3616 2109 fra-

208 2139 519 2217 ἆπονέμει,
553 2139 730 2217 ἕτερον
760 2137 816 2196 δε
869 2137 1113 2218 ὑπεράνω
1152 2139 1268 2196 νέον
1321 2137 1621 2212 οἰκοδομεῖ.
1684 2140 1878 2219 Πύργον

1975 2142 2162 2204 tribus
2189 2144 2259 2204 ad
2285 2147 2682 2208 cmnaculum:
2714 2144 2872 2208 aliud
2903 2152 3100 2206 autem
3133 2141 3422 2220 templum
3456 2137 3612 2201 aedi-

212 2228 273 2286 δὶ
339 2237 438 2287 τοῦ
467 2227 735 2287 κοινοϐίοιο
793 2225 963 2302 ἔνδον,
995 2228 1154 2284 οἱονεί
1195 2250 1245 2284 τι
1301 2227 1398 2296 τῆς
1429 2227 1630 2306 ἐρήμου
1679 2227 1878 2305 ἕρυμα⁴

1975 2232 2108 2294 fleat
2130 2233 2601 2312 superius.lnter
2622 2234 2962 2296 ccenobium
2995 2251 3159 2311 vero,
3181 2229 3495 2311 splendide
3518 2245 3616 2288 ex-

214 2320 415 2388 πάσης
482 2319 787 2398 περιφανῶς
857 2317 1136 2397 ἀνεγείρειο
1194 2319 1280 2374 καὶ
1349 2319 1484 2374 κατὰ
1543 2315 1708 2393 μέσον
1761 2318 1878 2374 αὖτέ

1975 2320 2109 2384 citat
2126 2322 2360 2398 turrim,
2374 2325 2528 2386 velut
2547 2324 2846 2406 quoddam
2865 2324 3047 2385 totius
3073 2319 3260 2383 eremi
3284 2333 3617 2400 propugna-

219 2409 530 2468 ἀποτάττει
588 2410 650 2465 τὸ
700 2408 1079 2486 κοιμητήριον,
1127 2407 1235 2475 Τὴν
1287 2404 1342 2462 δὲ
1401 2409 1494 2464 τοῦ
1535 2407 1700 2463 τόπου
1747 2406 1878 2463 θέσιν

1975 2410 2199 2488 culum;
2233 2413 2369 2474 etin
2402 2404 2600 2476 medio
2632 2412 2976 2476 coemeterio
3009 2410 3280 2473 collocat.
3313 2407 3452 2469 Loci
3471 2422 3614 2467 vero

218 2499 308 2580 ἰᾷ
369 2501 406 2576 ᾗ
437 2500 500 2557 τὸ
539 2499 681 2575 ἱερὸν
738 2507 894 2557 τοῦτο
951 2494 1218 2554 κοινόϐιον
1252 2495 1482 2574 ἵδρυται,
1517 2496 1573 2552 εὖ
1629 2517 1687 2552 τε
1746 2495 1885 2575 ὥρας

217 2589 468 2671 ἔχουσαν
525 2586 611 2646 διὰ
639 2585 850 2655 πολλὴν
909 2584 1247 2666 ὁμαλότητα,
1280 2586 1367 2642 καὶ
1427 2598 1698 2665 μοναχοϊς
1755 2586 1886 2664 πρὸς

219 2677 467 2747 ἄσκησιν
523 2679 684 2736 οὖσαν
716 2675 1045 2755 ἐπιτηδείαν,
1074 2673 1142 2732 δι’
1183 2675 1353 2754 ἀέρων
1409 2676 1514 2755 οὐχ
1544 2674 1738 2742 ἥκιστα
1794 2676 1885 2732 εὖ-

221 2767 452 2848 ιιρασίαν
498 2765 618 2824 καθ’
649 2767 774 2825 ὅσον
808 2766 929 2823 οἶόν
960 2786 1018 2822 τε
1047 2763 1327 2843 διαγράφω
1351 2771 1428 2839 τῷ
1457 2763 1626 2842 λόγῳ.

313 2856 477 2920 ιηΗθ.
510 2856 668 2916 ’Ἔστι
697 2877 778 2922 τις
819 2854 984 2936 λόφος
1013 2854 1352 2934 βραχύτατος
1406 2853 1601 2928 μεταξὺ
1633 2852 1722 2910 δύο
1765 2876 1884 2911 κοι-

1970 2501 2391 2584 posituram,in
2412 2522 2528 2580 qua
2554 2504 2666 2565 hoc
2687 2521 2921 2565 sacrum
2941 2505 3345 2564 constructum
3379 2504 3472 2556 est
3497 2511 3616 2555 coe-

1968 2589 2244 2667 nobium,
2270 2601 2331 2654 et
2359 2593 2670 2673 pulchram
2705 2593 2910 2656 multa:
2941 2588 3295 2671 aaqualitatis
3326 2602 3529 2673 causa,
3557 2591 3616 2646 et

1971 2680 2283 2742 monachis
2308 2672 2381 2744 ad
2402 2683 2750 2745 exercitium
2777 2691 2971 2763 aptam
2997 2687 3243 2762 propter
3256 2672 3414 2763 aeris
3433 2674 3617 2763 maxi-

1971 2786 2068 2831 me
2088 2778 2202 2830 tem
2213 2762 2872 2849 perationempratiorie
2888 2768 3226 2833 describam
3242 2784 3347 2846 pro
3364 2762 3609 2826 viribus.

2029 2857 2390 2924 CXVIII.Est
2411 2862 2648 2942 quidam
2674 2862 2848 2925 collis
2869 2860 3263 2924 brevissimus
3285 2852 3612 2942 interduas

227 2945 406 3006 λάδων
436 2945 489 3014 ἐξ
521 2945 798 3004 ἀνατολῶν
834 2947 929 3003 καί
960 2944 1154 3002 δύσεων
1186 2955 1214 2986 ιι
1241 2948 1528 3000 συνιουσῶν
1559 2941 1733 3019 ἡρέμα
1753 2945 1878 3022 πρὸς

1975 2948 2158 3012 valles
2207 2970 2276 3012 ex
2323 2940 2555 3013 oriente
2602 2963 2664 3016 et
2721 2952 3032 3014 occidente
3083 2946 3262 3010 simul
3324 2940 3608 3025 paulatim

225 3040 291 3096 τὸ
336 3039 487 3112 αὐτὸ,
524 3039 616 3094 καὶ
648 3034 910 3106 ἀλλήλαις
941 3035 1076 3091 κατὰ
1119 3035 1181 3090 τὸ
1212 3033 1383 3090 νότιον
1431 3032 1878 3112 έπιμιγνυμένων.

1975 3049 2279 3116 coeuntes,
2315 3050 2374 3103 et
2403 3042 2474 3103 ad
2516 3051 2782 3104 austrum
2816 3042 2972 3104 inter
3010 3057 3074 3101 se
3104 3034 3472 3100 commistas.
3517 3030 3613 3093 Ad

226 3128 306 3187 Τὰ
367 3126 554 3204 μέντοι
613 3127 737 3205 πρὸς
811 3124 1002 3221 βορρᾶν
1074 3127 1231 3184 αὐτοῦ
1295 3121 1627 3221 διήπλωται.
1670 3123 1878 3221 λαμπρὰ

1975 3125 2217 3221 boream
2245 3139 2441 3221 autem
2468 3140 2632 3212 patet
2652 3130 3060 3221 pulcherrima
3084 3125 3281 3221 campi
3312 3121 3610 3221 planitiesz

228 3217 414 3282 πεδιὰς
475 3216 562 3274 ἐπὶ
618 3217 756 3295 τρισὶ
825 3213 1059 3291 μάλιστα
1128 3211 1405 3294 κεχυμένη
1478 3210 1732 3287 σταδίοις,
1791 3211 1878 3269 οἶα

1975 3236 2105 3294 qua:
2149 3219 2221 3281 ad
2251 3220 2369 3282 tria
2397 3208 2586 3284 stadia
2640 3208 2896 3285 maxime
2924 3217 3302 3289 diffunditur,
3336 3211 3508 3294 quasi
3539 3208 3612 3271 ad

231 3309 364 3387 πρὸς
433 3305 630 3376 ἡδονὴν
701 3303 962 3364 κάλλιστα
1035 3303 1134 3360 καί
1201 3304 1384 3382 τέρψιν
1469 3300 1878 3378 ἐπινενοημένη.

1975 3307 2327 3388 voluptatem
2361 3318 2419 3371 et
2440 3311 2905 3374 delectationem
2937 3310 3162 3390 optime
3196 3311 3352 3366 esset
3369 3304 3613 3390 excogi-

239 3396 449 3476 Διαῤῥεῖ
506 3393 561 3452 δὲ
592 3394 676 3452 διὰ
729 3394 900 3471 μέσης
935 3394 1100 3460 αὐτῆς
1146 3395 1173 3448 ὂ
1228 3390 1541 3472 χείμαῤῥος,
1577 3390 1775 3448 ἄνωθεν
1825 3391 1878 3448 ἐκ

1975 3403 2109 3460 lata.
2162 3397 2278 3459 Per
2305 3417 2434 3460 eam
2469 3419 2606 3462 vero
2647 3401 2906 3463 mediam
2940 3389 3173 3460 torrens
3205 3390 3463 3474 perﬂuit,
3497 3389 3610 3450 de-

238 3486 329 3543 τοῦ
383 3487 508 3562 πρὸς
573 3483 839 3550 ἀνατολὰς
897 3484 1085 3560 βουνοῦ
1140 3483 1365 3561 κατιὼν,
1424 3482 1511 3538 καὶ
1565 3479 1745 3559 ὥσπερ
1803 3503 1878 3546 τις

1975 3504 2149 3567 super
2199 3488 2576 3552 descendens
2608 3508 2682 3552 ex
2736 3490 2890 3552 colle
2921 3487 3021 3570 qui
3053 3494 3143 3548 est
3183 3483 3254 3545 ad
3287 3480 3608 3570 orientem,

235 3577 377 3648 ζώνη
433 3582 506 3651 τῷ
558 3577 710 3632 τόπω
793 3573 1100 3653 γινόμενος,
1158 3572 1294 3650 Πρὸς
1340 3570 1476 3646 αὐτῇ
1505 3569 1694 3661 γεῃμέν
1725 3576 1804 3661 τῆ,
1825 3592 1878 3626 τε

1975 3576 2148 3656 [iique
2176 3577 2309 3640 loco
2341 3579 2520 3641 veluti
2551 3580 2820 3661 quaedam
2852 3567 3095 3642 zona.In
3127 3576 3257 3654 ipsa
3291 3587 3467 3652 porro
3489 3567 3612 3661 col—

228 3673 322 3722 τοῦ
371 3664 536 3747 λόγου
565 3666 696 3742 πρὸς
743 3665 803 3720 τὸ
837 3661 1016 3720 πεδίαν
1075 3661 1360 3740 ἐπικλίσει,
1397 3661 1486 3717 καὶ
1535 3658 1604 3727 τῆ
1635 3659 1728 3714 σὺν
1771 3659 1883 3737 ὥρα

227 3756 433 3813 τούτων
503 3753 640 3832 μίξει
702 3754 790 3810 καὶ
851 3756 1082 3832 ωναφῆ,
1145 3751 1234 3807 ὅτε
1316 3753 1514 3827 πύργος
1566 3748 1882 3828 ἀνέστηκεν,

226 3847 346 3904 οἷόν
391 3865 472 3911 τις
501 3844 710 3923 κορυφὴ
766 3843 856 3898 καὶ
885 3839 1196 3921 ἀκρόπολις.
1251 3840 1348 3897 Καὶ
1373 3840 1464 3897 τὸν
1508 3837 1708 3916 πύργον
1761 3836 1881 3905 ἑξῆς

225 3938 260 4006 ἡ
336 3935 472 4014 πρὸς
530 3937 593 3991 τὸ
653 3932 833 3990 πεδίον
889 3930 1192 4012 διαδέχεται
1250 3928 1395 3996 πύλη
1455 3926 1884 4006 παραπέμπουσα

220 4025 350 4089 τοὺς
407 4022 641 4090 ἔξιόντας
692 4021 808 4099 μεθ’
863 4020 1087 4098 ἡδονῆς,
1119 4019 1355 4096 καθάπερ
1399 4017 1505 4074 ἀπό
1536 4038 1680 4082 τινος
1737 4038 1884 4096 περι-

221 4119 386 4183 ωπῆς
452 4127 572 4178 τοῖς
629 4123 819 4178 καλοῖς
874 4111 1096 4171 έκείνοις
1167 4113 1265 4174 τῆς
1325 4104 1569 4170 πεδιάδος
1629 4106 1881 4182 Θεάμασιν

220 4205 644 4266 ἑπικύπτοντας.
699 4201 868 4259 Ἀλλὰ
897 4201 949 4258 τί
1003 4203 1065 4256 ἂν
1116 4221 1198 4262 τις
1247 4200 1343 4266 τὴν
1392 4205 1484 4252 τοῦ
1512 4197 1674 4253 τύπου
1725 4217 1884 4253 κατα·-

219 4295 363 4376 λέγη
419 4295 596 4376 φύσινο
631 4292 776 4359 ὅπως
833 4291 934 4366 μὲν
963 4289 1165 4368 ἥμερός
1213 4309 1270 4345 τε
1316 4287 1404 4343 καὶ
1461 4283 1735 4376 εὔγεως-ν·
1778 4284 1883 4360 οἴῳ

219 4373 602 4462 δὲντῷνῦπὲρ
655 4380 897 4461 κεφαλῆς
955 4379 1069 4459 ἆὲρι
1120 4376 1405 4457 κέκραται,
1460 4375 1550 4431 καὶ
1621 4373 1742 4432 οὕτε
1814 4380 1884 4451 τῇ

1965 3665 2039 3728 lis
2089 3665 2150 3728 in
2185 3667 2487 3747 planitiem
2521 3660 2585 3731 in
2633 3669 3048 3742 inclinatione,
3095 3678 3426 3741 eorumque
3479 3660 3608 3720 ale-

1965 3755 2127 3835 gauli
2181 3756 2432 3821 mistura
2481 3767 2539 3821 et
2581 3760 3036 3841 conjunctione,
3083 3751 3352 3830 exsurgit
3403 3748 3608 3841 turris,

1967 3844 2134 3925 quasi
2169 3854 2362 3910 vertex
2385 3861 2440 3910 et
2469 3866 2597 3912 arx.
2629 3835 2861 3912 Turrim
2907 3847 3196 3924 deinceps
3224 3835 3613 3917 consequitur

1966 3951 2173 3998 versus
2207 3937 2515 4017 planitiem
2549 3948 2741 4020 porta,
2764 3957 2896 4018 quae
2924 3955 3061 4000 cum
3084 3933 3382 4010 voluptate
3413 3937 3611 4020 trans-

1969 4024 2144 4086 mittit
2175 4043 2276 4088 eos
2305 4027 2408 4104 qui
2425 4017 2949 4110 exeunt,tanquam
2974 4046 3007 4089 a
3027 4023 3272 4106 specula
3290 4020 3488 4101 aliqua
3507 4017 3614 4078 de-

1966 4113 2295 4194 spicientes
2313 4117 2560 4195 pulchra
2583 4118 2684 4181 illa
2707 4116 2975 4199 planitiei
2997 4112 3358 4198 spectacula.
3387 4111 3609 4199 verum

1967 4203 2110 4283 quid
2133 4204 2249 4266 loci
2273 4214 2541 4270 naturam
2572 4197 2882 4270 recenseat
2900 4197 3148 4288 aliquis?
3182 4197 3495 4276 Quomodo
3519 4206 3613 4259 est

1966 4293 2211 4370 quidem
2246 4295 2406 4357 mitis
2440 4306 2498 4358 et
2519 4297 2736 4359 fertilis
2764 4318 2780 4374 ;
2810 4297 2972 4378 quali
3001 4303 3199 4356 autem
3224 4307 3405 4372 super
3433 4295 3611 4378 caput

1965 4400 2108 4446 aere
2130 4392 2636 4464 contemperetur,
2666 4395 2726 4449 et
2755 4377 2867 4449 nec
2893 4387 3118 4466 majore
3149 4399 3324 4463 quam
3355 4397 3506 4460 opus
3534 4377 3614 4440 sit

217 4474 397 4552 Θέρμῃ
458 4472 664 4530 πλείονι
693 4477 791 4540 τῆς
836 4469 1048 4551 χρείας,
1083 4469 1202 4525 οὔτε
1257 4464 1547 4556 τῷγψύχει,
1588 4463 1876 4556 κέχρηται,

1975 4473 2189 4549 calore,
2228 4493 2341 4536 nec
2376 4463 2614 4556 frigore
2667 4483 2889 4550 utatur,
2923 4463 3028 4538 sed
3071 4492 3143 4535 ex
3195 4468 3488 4534 ambobus
3538 4484 3611 4528 ea

218 4561 348 4622 ἀλλ’
420 4560 734 4642 ἀμφοτέρων
806 4561 870 4617 τὰ
912 4558 1176 4618 λυπούντα
1234 4555 1438 4636 φυγὼν,
1500 4553 1598 4620 τὴν
1657 4554 1880 4610 ἑκάστου

219 4653 456 4712 πλουτεῖ
525 4651 824 4730 μεσότητα,
885 4650 972 4704 καὶ
1031 4647 1142 4704 ἔστι
1191 4646 1298 4703 τῶν
1364 4643 1462 4718 μὲν
1533 4643 1878 4722 ψυχροτὲρων

1898 4532 1947 4586 D

1962 4581 2096 4642 quae
2117 4564 2374 4644 molesta
2417 4576 2554 4626 sunt
2585 4566 2895 4645 eﬂugiens,
2931 4563 3408 4642 uniuscujusque
3452 4557 3612 4618 dite-

1965 4661 2059 4713 tur
2110 4653 2334 4731 medio,
2369 4655 2566 4736 sitque
2616 4655 3028 4734 frigidioribus
3061 4653 3302 4736 quidem
3336 4647 3608 4711 calidior.

219 4747 567 4824 θερμότερος,
604 4746 707 4797 τῶν
767 4739 822 4796 δὲ
849 4737 1182 4819 Θερμοτέρων
1244 4735 1416 4812 ἠρέμα
1455 4730 1617 4824 πάλι-ν
1661 4733 1876 4824 ψυχρά⁹

1975 4730 2352 4806 calidioribus
2402 4730 2597 4806 autem
2655 4730 2866 4806 rursus
2923 4730 3147 4806 sensim
3206 4738 3501 4820 frigidior,
3553 4745 3614 4798 et

219 4819 402 4913 τερος,
457 4819 776 4894 Ἵὰκολούθως
830 4850 902 4928 ’τε
963 4833 1069 4885 τῶν
1154 4825 1272 4928 λίαν
1331 4824 1520 4928 ὑγρώνὶ
1572 4819 1874 4928 ξηρότνερος,

1975 4843 2405 4914 :onsequenter
2439 4836 2607 4898 valde
2639 4834 2904 4898 humidis
2943 4834 3180 4915 siccior,
3217 4840 3274 4894 et
3306 4829 3608 4928 immode-

220 4925 313 4981 κᾶὶ
371 4923 480 4979 τῶν
527 4921 772 4999 ἢμέτρως
828 4918 1001 4995 ξηρῶν
1057 4917 1360 4996 ὑγρότερος,
1396 4917 1534 4988 μετὰ
1560 4917 1660 4976 τῆς
1713 4917 1876 4989 ἅρμο-

1975 4930 2086 4985 rata
2119 4923 2296 4986 siccis
2325 4925 2654 5007 humidior,
2679 4945 2812 4988 cum
2845 4945 2916 4989 eo
2937 4927 3034 5006 qui
3055 4923 3303 5004 singulis
3333 4918 3609 4984 cenvenit

220 5014 422 5086 ζούσης
451 5010 536 5092 ἔφ’
558 5011 757 5068 ἕκαστα
787 5008 1138 5086 συμμετρίας.

303 5100 453 5162 Ριθ’.
494 5088 618 5167 ’Τῆς
653 5107 778 5178 γοῦν
811 5099 1058 5166 τοιαύτης
1097 5095 1229 5163 ὅλης
1282 5101 1374 5151 τοῦ
1406 5088 1664 5150 Αοινοϐίου
1717 5095 1872 5147 οἰκο-

1955 5030 2332 5077 commensu.

2013 5104 2338 5164 CXIX.Cum
2365 5107 2559 5180 itaque
2581 5108 2795 5180 hujusu
2822 5108 2915 5167 odi
2948 5116 3127 5166 totum
3155 5104 3405 5163 emnohii
3429 5102 3607 5159 aediﬁ-

221 5191 395 5267 δομῆς
450 5188 562 5262 ἅμα
614 5191 703 5246 καὶ
745 5187 1054 5266 εὖκοσμίας,
1110 5186 1168 5243 ού
1221 5182 1386 5242 πλέον
1446 5181 1482 5250 ἢ
1540 5186 1699 5258 τριῶν
1743 5179 1875 5238 ἐτῶν

1975 5190 2113 5252 :ium
2133 5191 2390 5255 simulet
2411 5179 2825 5256 ornamentum
2847 5213 2967 5256 non
2984 5211 3134 5274 opus
3152 5191 3456 5254 habuisset
3477 5189 3605 5270 plu-

221 5281 506 5349 δεηθείσης
534 5279 621 5337 διὰ
665 5279 875 5366 πολλὴν
937 5289 1098 5358 χεῖρα
1158 5276 1245 5366 καὶ
1277 5275 1527 5331 σύντονον
1561 5271 1869 5366 ὑπουργίαν,

1975 5299 2160 5362 iquam
2186 5282 2377 5344 tribus
2398 5283 2679 5358 annis,ob
2706 5285 2921 5346 multas
2945 5271 3154 5346 manus
3177 5283 3603 5361 intensumque

221 5369 514 5440 ἠϐούλοντο
580 5371 678 5445 μὲν
717 5362 777 5426 ὀἱ
835 5372 971 5425 Θεϊοι
1031 5365 1259 5443 Πατέρες
1312 5367 1514 5420 ὲκεϊνοι
1568 5360 1705 5450 μετὰ
1780 5362 1872 5430 τῆς

1975 5360 2644 5444 ιῐιηίειοτὶιιωμοιεοεηι
2661 5378 2894 5450 quidem
2924 5377 3102 5435 divini
3124 5377 3208 5434 illi
3239 5360 3602 5443 Patres,cum

127 5501 134 5509 .
221 5457 392 5527 ἄλλης
446 5457 855 5534 διακοσμήσεως
915 5477 974 5513 τε
1033 5457 1121 5510 καὶ
1175 5453 1402 5534 τέχνης,
1459 5447 1747 5508 ἀποδοῦναι
1803 5462 1872 5534 τῇ

1975 5459 2071 5522 ilio
2117 5470 2326 5524 ornatu
2373 5470 2444 5531 et.
2477 5447 2730 5527 artiﬁcio
2762 5463 3205 5528 dedicationem
3269 5461 3448 5526 etiam
3496 5479 3601 5528 ec-

1538 5605 1799 5678 VARIAE
1841 5618 2270 5686 LECTIONES.

297 5755 324 5794 ε
347 5739 431 5810 ιι,
461 5736 784 5824 πιριϐαλών.
869 5749 891 5780 ⁸
915 5737 995 5805 ιι.
1023 5735 1434 5823 ἀριστητῆριον.
1519 5747 1538 5786 ι
1561 5741 1641 5810 al.
1673 5741 1922 5826 ἔρεισμα,
2006 5755 2036 5792 ι
2060 5743 2142 5814 al.
2173 5742 2392 5817 δύσεως.
2477 5758 2504 5794 τ
2530 5749 2608 5816 al.
2643 5750 2880 5833 αὓγειος.
