3972 6130
406 249 525 318 699

1704 256 1987 320 MENSIS
2024 257 2358 321 JANUARI
2371 259 2482 321 US.

3633 255 3736 324 700

409 384 611 447 clesim
637 385 1037 466 tribuere;eos
1058 394 1254 450 autem
1275 385 1515 449 arcebat
1541 406 1748 451 rursus
1764 407 1930 470 aqua:
1953 407 2058 470 pe—

2163 391 2443 468 Εκκλησίᾳ
2490 417 2580 452 και
2630 395 2697 452 τὰ
2745 393 2998 473 ἑγκαίνία·
3071 398 3217 474 εἶργε
3269 390 3324 450 δὲ
3375 392 3525 451 πάλιν
3582 393 3738 458 αὖτοὺς

414 475 765 538 nuria.Nam
798 477 858 538 in
893 478 993 541 illa
1025 478 1352 540 solitudine
1384 477 1534 558 pluit
1566 486 1798 540 tantum
1832 479 2054 542 hieme.

2160 503 2175 550 λ
2231 491 2326 540 τοὺ
2383 482 2570 549 ὕδατος
2643 484 2858 550 σπάνις,
2918 483 3104 540 "rem
3179 482 3277 557 μὲν
3332 483 3431 561 γὰρ
3485 485 3518 550 ἦ
3572 481 3738 558 ἔρημος

417 563 560 637 Quae
579 567 860 646 quoniam
888 569 1112 648 majore
1133 586 1200 629 ex
1225 575 1389 648 parte
1414 567 1608 628 fuerat
1635 576 1814 644 atque
1847 587 2061 648 expers

419 661 476 715 et
501 655 792 736 sicca,eos
817 676 966 737 aqua
997 657 1322 730 defecerat,
1359 657 1610 719 maxime
1632 660 1790 720 circa
1820 677 2059 721 vernam

415 747 905 821 conversionem;
940 747 1052 808 nisi
1088 746 1237 808 forte
1268 747 1327 808 in
1361 746 1636 808 concavis
1667 747 2060 810 cisternarum

416 824 674 896 consiste
690 845 822 896 rent
861 836 1072 916 aliqua;
1110 835 1322 896 imbris
1353 835 1565 897 breves
1593 835 1888 918 reliquiae;
1907 837 2064 918 quod

415 923 657 1004 quidem
692 943 797 986 eos
828 925 902 986 ad
933 925 1170 987 consilii
1213 924 1475 1006 inopiam
1509 925 1844 1003 redigebat,
1872 935 1934 987 ut
1963 923 2068 1008 qui

415 1011 885 1077 inexorabilibus
939 1028 1362 1095 premerentur
1409 1023 1634 1077 naturai
1685 1015 2063 1078 necessitati-

414 1101 548 1164 bus.
603 1105 808 1184 ltaque
839 1104 1002 1166 Elias
1051 1106 1404 1185 praepositus
1449 1115 1507 1166 et
1540 1105 1832 1166 diaconus
1881 1104 2064 1167 Fidus

411 1190 752 1270 signiﬁcant
771 1194 1039 1273 Longino
1063 1193 1365 1255 inferioris
1393 1194 1739 1256 monasterii
1764 1193 1888 1275 (70)
1917 1212 2062 1276 prae-

409 1280 661 1362 fecto,et
688 1281 868 1345 Paulo
887 1285 1205 1364 praeposito
1239 1283 1582 1346 monasterii
1614 1284 1874 1364 Martyrii
1903 1284 2061 1364 (Ἡ).

413 1379 475 1433 ut
508 1389 616 1451 per
641 1372 916 1451 jumenta
947 1391 1051 1436 eos
1080 1373 1364 1454 adjuvant
1397 1373 1468 1435 ad
1500 1392 1712 1454 aquam
1753 1393 1824 1435 ex
1856 1373 2066 1436 Pharis

413 1461 892 1524 transferendam
905 1511 918 1526 .

498 1548 967 1631 CXX.Sequenti
990 1569 1129 1632 ergo
1155 1559 1599 1633 nocte,paratus
1621 1551 1695 1614 iis
1715 1553 1871 1615 circa
1902 1552 2065 1614 dilu-

415 1640 616 1703 culum
649 1640 723 1702 ad
755 1641 1139 1720 iter,iamque
1169 1642 1541 1720 congregatis
1555 1641 2067 1723 jumeniis,appa-

416 1739 509 1793 ret
533 1739 706 1792 nacte
736 1730 836 1792 illa
859 1730 1034 1793 beato
1065 1731 1206 1794 Elia:
1233 1751 1480 1810 magnus
1509 1731 1878 1813 Eutltymius:
1913 1730 2064 1804 Quid

2160 1739 2281 1815 γίων
2339 1743 2522 1805 αὐτοῖς
2593 1736 2696 1806 ἤδη
2757 1742 3229 1817 συναθροισθέντων

2142 570 2317 640 ἐκείνη
2376 577 2542 648 μόνου
2573 580 2857 653 χειρῶνος,
2918 576 3112 632 Τοῦτου
3164 571 3219 630 δὲ
3261 572 3474 650 ἀνύδρου
3503 573 3557 628 τὸ
3610 571 3743 628 πλίον

2145 665 2232 720 καὶ
2263 660 2422 739 ξηροῦ
2475 660 2873 741 διαγενομένου,
2913 662 3240 720 ἐπιλελοίπει
3291 664 3352 718 τὰ
3407 659 3539 740 ὕδωρ
3593 661 3743 721 αὖτοὺς

2147 753 2264 828 περὶ
2327 754 2526 831 τροπὰς
2587 751 2822 827 μαλιστα
2878 754 2972 814 τὰς
3018 753 3250 831 εαρινᾶς⁶
3314 750 3455 818 πλὴν
3501 753 3545 808 εἱ
3596 753 3747 824 μήπου

2148 841 2248 921 ἄρα
2289 843 2344 898 ἐν
2378 855 2494 908 τοῖς
2531 842 2728 908 κοίλοις
2774 845 2881 900 τῶν
2910 841 3124 900 λάκκων
3170 842 3492 909 συνεστηκὸς
3523 841 3585 909 ἧν
3626 841 3749 898 ὑετοῦ

2145 954 2197 988 τι
2252 933 2428 1012 βραχὺ
2459 935 2732 1008 Λείψανονο
2784 931 2914 1012 ὅπερ
2958 932 3145 996 αὐτοὺς
3199 933 3271 997 εἷς
3299 930 3607 1008 ἀμηχανίαν
3644 933 3748 986 καθ-

2149 1022 2266 1088 ίστη
2324 1035 2444 1084 ταῖς
2513 1020 2896 1100 ἀπαραιτήτοις
2950 1022 3207 1100 ἆναγκαις
3279 1020 3620 1095 πιεζομένους
3673 1023 3748 1084 τῆς

2146 1111 2376 1189 φύσεως.
2440 1111 2658 1187 Ἀμέλει
2691 1114 2780 1168 καὶ
2838 1111 3088 1179 δηλοῦσιν
3119 1115 3165 1169 οἱ
3197 1112 3316 1189 περὶ
3356 1110 3446 1166 τὸν
3472 1109 3747 1184 ἠθούμενον.

2145 1191 2332 1257 Ἠλίαν
2365 1201 2452 1257 καὶ
2480 1202 2573 1257 τὸν
2599 1198 2842 1258 διάκονον
2870 1199 3062 1258 Φετδον
3113 1201 3358 1278 Λογγίνῳ
3387 1205 3463 1271 τῷ
3491 1202 3586 1264 τῆς
3628 1197 3750 1255 κάτω

2147 1291 2338 1369 μονὴς,
2371 1292 2458 1347 καὶ
2509 1288 2701 1364 Παύλῳ
2729 1295 2807 1364 τῷ
2856 1293 2950 1356 τῆς
2998 1298 3092 1348 τοῦ
3124 1290 3418 1368 Μαρτυρίω
3469 1287 3749 1364 προεστῶτι,

2147 1380 2463 1457 συνάρασθαι
2520 1379 2604 1436 διὰ
2660 1380 2768 1437 τῶν
2826 1381 3115 1459 ὕποζυγίων
3159 1383 3342 1443 αὐτοῖς
3372 1379 3504 1454 πρὸς
3557 1376 3646 1440 τὴν
3681 1382 3754 1434 τοῦ

2147 1467 2336 1534 ὕδατος
2367 1469 2474 1527 ἀπὸ
2503 1473 2694 1542 Φαρῶν
2731 1479 2756 1511 ι
2783 1468 3172 1545 μετακομιδήν,

2232 1558 2361 1618 PX'.
2424 1559 2529 1626 Τῆς
2563 1561 2651 1616 οὖν
2705 1560 2957 1627 επιούσης
2989 1559 3104 1635 ἄρτι
3137 1565 3324 1624 νυκτός
3351 1559 3415 1614 τὸ
3443 1557 3556 1634 περὶ
3607 1554 3756 1633 ὄρθρον

2153 1648 2584 1724 ἐτοιμαζομένοις
2641 1651 2772 1727 πρὸς
2838 1650 2938 1716 τὴν
2992 1651 3227 1727 πορείαν,
3288 1649 3379 1704 καὶ
3435 1648 3538 1704 τῶν
3589 1647 3755 1714 ὑποζω-

3237 1786 3254 1818 ,
3315 1737 3634 1814 ἐπιφαίνεται
3681 1739 3758 1801 τῆς

417 1822 529 1882 hoc
559 1819 674 1882 sibi
703 1821 1091 1899 vult,rogans,
1120 1821 1278 1902 quod
1312 1822 1781 1902 hodiejumenta
1813 1838 2066 1900 congre-

2160 1830 2336 1892 νυκτὸς
2397 1828 2604 1895 ἐκείνης
2663 1827 2819 1900 Ἠλίᾳ
2865 1835 2941 1901 τῷ
2998 1831 3266 1906 μακαρίτῃ
3327 1830 3354 1885 ὁ
3412 1826 3574 1903 μέγας
3621 1825 3757 1882 Εὐθύ-

417 1911 572 1990 getis
601 1910 627 1972 ἲ
659 1911 804 1975 Cum
838 1911 888 1972 is
946 1930 1082 1973 vero
1128 1912 1545 1992 respondisset
1581 1933 1595 1971 :
1627 1910 1702 1975 Ut
1753 1931 1965 1994 aquam
1999 1931 2070 1973 ex

419 2002 630 2064 Pharis
662 2001 1005 2078 aﬂ‘eramus,
1042 2021 1113 2063 eo
1145 2001 1301 2082 quod
1349 2021 1456 2063 nos
1486 2020 1651 2064 nunc
1683 2002 1926 2063 omnino
1959 2000 2066 2062 de—

415 2091 652 2171 fecerit,
700 2090 1035 2171 increpavit
1111 2091 1233 2165 ille,
1297 2090 1554 2154 dicens:
1612 2091 1864 2153 illudij
1933 2091 2071 2152 fidei

419 2180 722 2256 homines,
760 2199 1011 2261 quanam
1071 2180 1146 2242 de
1205 2199 1382 2242 causa
1427 2180 1617 2244 Deum
1670 2199 1790 2243 non
1849 2179 2072 2258 precati

419 2271 609 2334 estis?
631 2272 784 2334 Num
820 2271 868 2332 is
899 2271 1003 2351 qui
1033 2289 1066 2333 ο
1093 2278 1391 2351 praarupta
1425 2279 1596 2352 petra
1625 2270 2071 2332 inobedientem

421 2360 644 2441 potavit
673 2360 987 2440 populum,
1021 2369 1080 2422 et
1108 2379 1320 2441 aquam
1353 2379 1424 2422 ex
1454 2359 1608 2422 asini
1641 2359 1875 2421 maxilla
1910 2357 2074 2422 Sam-

419 2455 548 2514 soui
581 2449 905 2531 aliquando
958 2449 1099 2512 fecit
1129 2450 1447 2526 scaturire,
1483 2469 1601 2511 non
1634 2448 1852 2531 poterit
1905 2448 2074 2510 vobis

419 2559 659 2621 quoque
685 2539 760 2602 ad
790 2558 965 2601 usum
995 2539 1403 2620 suppeditare,
1431 2539 1756 2601 dummodo
1790 2558 1924 2601 cum
1956 2538 2076 2601 fide

417 2630 684 2693 offeratis
717 2629 1068 2708 petitionem
1091 2629 1122 2690 ?
1177 2628 1410 2691 Deinde
1441 2630 1527 2692 eis
1559 2631 1738 2691 etiam
1772 2628 2078 2709 prohibuit

417 2721 532 2782 iter
573 2720 647 2782 ad
695 2718 948 2794 Pharas,
999 2727 1062 2780 ut
1106 2719 1354 2781 minime
1410 2717 1842 2781 necessarium.
1905 2719 2077 2800 Aqua

421 2809 580 2871 enim
617 2809 782 2871 vobis
809 2807 1246 2887 implebuntur,
1281 2807 1502 2888 inquit,
1535 2807 1626 2870 vel
1659 2807 1917 2870 maxime
1945 2809 2071 2870 cis-

421 2907 634 2975 ternae,
668 2916 742 2960 ne
773 2897 966 2960 tribus
999 2896 1244 2978 quidem
1275 2897 1439 2959 boris
1470 2896 1852 2978 exspectatis.

504 3075 700 3142 CXXI.
742 3074 1042 3138 Excitatus
1072 3094 1104 3137 e
1153 3093 1383 3137 sommo
1414 3074 1486 3136 ad
1537 3075 1827 3136 visionem
1867 3073 2074 3137 beatus

423 3168 607 3242 Elias,
643 3166 967 3246 statimque
1015 3183 1089 3228 ea
1119 3164 1265 3226 Eido
1320 3172 1377 3226 et
1404 3163 1654 3244 reliquis
1702 3163 2070 3240 annuntiata,

415 3261 691 3340 jumenta
713 3256 956 3338 quidem
984 3274 1016 3317 a
1041 3255 1344 3336 proposito
1367 3253 1540 3316 solvit
1562 3253 1916 3317 ministerio:
1942 3273 2075 3315 cum

424 3369 538 3412 nox
561 3355 758 3410 autem
787 3348 912 3427 jam
953 3346 1376 3424 transiisset,et
1403 3344 1493 3406 sol
1527 3362 1767 3405 omnem
1799 3353 2076 3423 quantam

422 3440 580 3502 videt
630 3446 848 3500 terram
895 3435 1202 3498 radiorum
1255 3434 1586 3496 illustraret
1612 3433 1848 3513 jaculis,
1889 3435 2080 3496 nubes

421 3528 700 3593 alicunde
719 3545 920 3589 aerem
952 3526 1148 3589 subito
1180 3523 1496 3605 complexa
1524 3521 1802 3585 coenobio
1833 3524 2074 3585 incum-

422 3619 690 3696 bentem,
727 3617 928 3698 erupit
977 3615 1250 3696 protinus
1305 3614 1367 3676 in
1416 3613 1678 3694 pluviam
1714 3635 1730 3691 °,
1766 3623 1824 3674 et
1873 3611 2077 3674 omnia

421 3709 666 3792 quidem
719 3705 1114 3768 circumcirca
1165 3703 1363 3765 simile
1401 3703 1594 3792 adhuc
1629 3701 1914 3783 puniebat
1966 3703 2074 3764 ﬂa-

421 3791 643 3878 gellum
679 3794 974 3856 siccitatis
1004 3814 1022 3869 ;
1059 3793 1097 3854 ii
1148 3805 1351 3854 autem
1386 3791 1498 3852 soli
1529 3791 1628 3871 qui
1662 3798 1836 3853 erant
1867 3793 1928 3852 in
1959 3810 2075 3854 cas-

425 3885 797 3964 nobio,aqua
822 3890 1038 3964 praeter
1067 3881 1412 3962 opinionem
1444 3879 2076 3960 fruebantur;perinde

424 3996 493 4040 ac
525 3977 572 4038 si
597 3973 814 4055 aliquis
841 3971 1098 4054 pluviam
1125 3970 1722 4050 circumscripsisset.
1751 3988 2077 4052 rursusque

429 4085 548 4130 non
599 4068 827 4126 sineret
884 4061 1135 4124 ulterius
1184 4059 1482 4141 progredi.
1521 4061 1838 4139 Postquam
1882 4069 2078 4122 autem

427 4158 709 4221 cisternae
739 4154 982 4217 fuerunt
1010 4169 1161 4232 aqua
1185 4150 1398 4229 plenae,
1429 4167 1540 4210 nec
1571 4147 1612 4210 ii
1641 4148 1898 4229 amplius
1927 4150 2081 4210 indi-

429 4247 650 4328 gebant
696 4240 994 4306 imbribus
1035 4260 1066 4302 e
1099 4240 1250 4302 ccelo
1302 4237 1501 4300 statim
1557 4236 1748 4300 nubes
1797 4237 2082 4321 dissipata

429 4327 540 4408 est,
581 4344 640 4396 et
671 4339 999 4396 vehemens
1052 4330 1334 4392 imbrium
1373 4328 1638 4410 procella
1667 4327 1738 4389 ad
1783 4330 2078 4391 serenita-

431 4433 487 4487 te
520 4427 734 4486 iterum
767 4422 1009 4484 redacta
1038 4419 1171 4483 fuit.

2153 1937 2300 1992 μιος*
2365 1920 2415 1976 τί
2469 1915 2716 1975 ϐούλεται
2775 1918 2962 1983 αυτοῖς
3019 1921 3254 1996 σήμερον
3314 1915 3759 1994 πυνθανόμενος,ἦ

2153 2012 2257 2064 τῶν
2289 2007 2579 2086 ὅποζυγίων
2640 2010 2952 2086 συναγωγή
3009 2014 3103 2065 τοῦ
3171 2005 3249 2080 δὲ,
3318 2004 3388 2062 δι’
3437 2004 3614 2067 ὕδατος
3677 2003 3760 2060 ἀτιό

2154 2097 2344 2174 Φαρῶν
2401 2096 2762 2172 μετακομιδὴν
2819 2097 3264 2176 ἀποκριναμένου,
3301 2095 3388 2153 διὰ
3437 2097 3495 2153 τὸ
3553 2094 3764 2171 παράπαν

2157 2191 2244 2244 νῦν
2304 2189 2448 2262 ἡμᾶς
2480 2185 2904 2244 ἐπιλελοιπέναιο
2963 2187 3287 2263 ἐπετίμησεν
3331 2189 3562 2264 εκεϊνος,
3606 2183 3760 2239 εἰπών’

2157 2276 2552 2355 Ὀλιγόπιστοι,
2587 2276 2713 2333 ὅτου
2743 2273 2796 2332 δὲ
2830 2277 2993 2356 χάριν
3022 2278 3099 2351 μὴ
3125 2275 3384 2346 ὶδεήθητε
3407 2280 3499 2332 τοῦ
3527 2281 3682 2344 Θευῦς
3705 2272 3765 2344 μὴ

2157 2366 2257 2444 γὰρ
2303 2369 2329 2422 ὁ
2355 2365 2408 2431 ἐξ
2450 2365 2750 2443 ἀκροτόπου
2781 2372 2974 2444 πέτρας
3032 2365 3353 2424 ἀπειθοῦντα
3403 2364 3614 2425 ποτίσας
3640 2361 3764 2439 λαὸν,

2227 2457 2244 2512 ὶ
2302 2454 2360 2476 (7‘
2472 2459 2483 2472 υ
2544 2459 2556 2474 1
2799 2457 2810 2472 Ι
2979 2456 2987 2472 9
3185 2458 3196 2476 θ
3469 2455 3486 2472 \
3559 2459 3585 2469 ο

2157 2479 2223 2512 κα
2301 2477 2437 2532 υοωρ
2468 2479 2571 2514 υπο
2598 2467 2624 2510 1
2654 2478 2902 2535 σιαγονος
2956 2457 3075 2514 ὂνου
3104 2457 3304 2533 βλυσας
3363 2476 3494 2513 ποτε
3521 2475 3594 2524 τῳ
3640 2459 3766 2526 Σαμ-

2158 2546 2300 2621 ψὼν,
2331 2545 2528 2622 ἀπορεῖ
2587 2547 2834 2624 καὶπρὸς
2891 2546 2990 2613 τὴν
3033 2547 3223 2627 χρείαν
3279 2546 3373 2602 καὶ
3427 2545 3553 2620 ὑμῖν
3601 2541 3762 2619 ἐπιχο-

2158 2649 2372 2715 ρηγεῖν,
2432 2637 2476 2692 εἰ
2533 2657 2704 2693 πιστει
2757 2635 2918 2711 μόνον
2963 2636 3062 2702 τὴν
3133 2633 3359 2703 αἴτησιν
3420 2631 3758 2707 εἰσενέγκῃς

2164 2729 2320 2805 Εἶτα,
2367 2727 2455 2782 καὶ
2499 2725 2594 2793 τήν
2638 2723 2733 2782 Eni
2791 2731 2970 2804 Φαρᾶς
3004 2734 3027 2766 ⁸
3083 2722 3201 2781 δδδν
3257 2727 3335 2789 ὡς
3367 2726 3464 2782 οὒκ
3517 2719 3758 2797 ἀναγκαίαν

2155 2815 2338 2880 αὺτοῖς
2413 2815 2738 2893 ἀπηγόρευε.
2815 2814 3225 2883 Πλησθήσονται
3302 2815 3406 2891 γὰρ
3481 2813 3620 2885 δμῒν,
3658 2808 3756 2887 ἔφη,

2155 2901 2292 2980 μηδὲ
2349 2905 2531 2983 τρίτην
2590 2903 2967 2982 πιριμέναντες
3035 2902 3198 2980 ὥραν,
3261 2905 3312 2959 οἱ
3386 2901 3619 2980 μέγιστοι
3678 2901 3758 2953 τῶν

2154 2993 2367 3050 λάκκων
2397 2993 2606 3058 ὕδατος.

2242 3073 2414 3146 ΡΚΑ’.
2477 3085 2802 3148 Διυπνισθείς
2833 3082 2890 3138 δὲ
2939 3085 3069 3162 πρὸς
3120 3081 3218 3151 τὴν
3269 3081 3400 3158 ὄψιν
3430 3083 3457 3135 ὁ
3515 3074 3757 3155 μακαρίτης

2158 3172 2372 3247 Ἠλίας,
2432 3172 2528 3230 καί
2587 3172 2761 3248 Φείδῳ
2817 3175 3016 3241 ταύτην
3073 3174 3220 3239 εὐθὺς
3281 3172 3534 3234 καὶτοῖς
3589 3167 3764 3225 λοιποῖς

2159 3262 2509 3341 ἀπαγγείλας,
2555 3264 2621 3321 τὰ
2679 3262 2776 3336 μὲν
2832 3264 3111 3340 ὑποζύγια,
3145 3267 3242 3329 νῆς
3295 3258 3640 3340 προκειμένης
3687 3257 3769 3310 ὰπ-

2162 3352 2278 3410 ἐλυε
2322 3352 2675 3429 λειτουργίας·
2712 3351 2827 3431 ἄρτι
2879 3351 2933 3408 δὲ
2967 3353 3150 3417 νυκτὸς
3184 3351 3506 3432 οἷχομένης,
3536 3345 3622 3403 καῖ
3648 3342 3770 3412 ἡλίου

2161 3442 2338 3500 πᾶσαν
2388 3439 2522 3508 ὅσην
2551 3443 2647 3519 ὁρᾷ
2701 3445 2801 3516 γῆν
2833 3454 2956 3506 ταῖς
3009 3443 3113 3496 τῶν
3142 3440 3374 3497 ἀκτίνων
3402 3437 3587 3515 βολαῖς
3630 3453 3770 3490 κατα-

2158 3531 2490 3606 λάμποντος,
2528 3528 2724 3609 νεφέλη
2783 3531 2942 3587 ποθὲν
3002 3536 3335 3609 περισχοῦσα
3393 3531 3484 3585 τὸν
3525 3525 3648 3586 ὑπὲο
3697 3525 3771 3576 τοῦ
3860 3550 3868 3561 ·

2159 3617 2423 3676 κοινυϐίου
2492 3617 2690 3697 αἴφνης
2747 3617 2897 3696 ἀέρα,
2961 3619 3032 3681 εἰς
3101 3618 3254 3674 ὑετὸν
3315 3617 3466 3678 εὐθὺς
3526 3609 3768 3690 ’ἐξεῤῥάγη’

2159 3711 2244 3766 καὶ
2301 3708 2366 3764 τὰ
2395 3708 2494 3782 μὲν
2524 3705 2706 3780 κύκλῳ
2750 3707 2946 3782 πάντα,
2977 3709 3012 3775 ἡ
3057 3706 3215 3782 ὁμοία
3259 3728 3349 3763 και
3383 3703 3456 3762 ἔτι
3486 3708 3578 3770 τῆς
3623 3700 3767 3770 ἀνομ-

2160 3796 2305 3875 ϐρίας
2356 3797 2576 3868 ἐκόλαζε
2607 3795 2813 3863 κσίστιξ⁸
2844 3799 2891 3853 οἱ
2943 3794 2999 3852 δὲ
3030 3799 3083 3852 εν
3128 3803 3203 3870 τῷ
3233 3792 3480 3867 κοινοϐίῳ
3508 3792 3648 3866 μόνοι
3697 3789 3770 3840 τοῦ

2160 3886 2346 3949 ὕδατος
2432 3884 2736 3965 παραδόξως
2809 3884 3098 3946 ἀπέλαυον·
3183 3888 3419 3956 καθάπερ
3499 3900 3630 3944 τινος
3689 3875 3762 3965 τὸν

2161 3979 2310 4034 ὑετὸν
2367 3977 2813 4056 περιγράψαντος,
2874 3976 2962 4032 καὶ
3025 3974 3317 4052 περαιτέρω
3375 3971 3528 4033 πάλιν
3593 3961 3763 4056 προελ-

2161 4071 2276 4123 θεῖν
2332 4066 2427 4124 οὒκ
2456 4065 2674 4130 ἐῶντος.
2711 4063 2859 4121 Ἐπεὶ
2912 4062 2965 4120 δὲ
3002 4063 3117 4121 οἵτε
3173 4062 3363 4120 λάκκοι
3425 4059 3598 4136 μεστοὶ
3624 4050 3760 4132 γεγό-

2163 4178 2314 4212 νασιν
2374 4152 2588 4234 ὕδατος,
2661 4153 2756 4211 καί
2829 4153 3004 4212 οὐκέτι
3068 4154 3226 4232 χρεία
3294 4158 3403 4208 τῶν
3471 4147 3521 4214 ἔξ
3585 4144 3768 4223 οὖρα·θοῦ

2162 4244 2374 4324 ὄμϐρων
2434 4249 2645 4317 αὐτοῖς,
2696 4242 2890 4323 δέσχεν
2949 4242 3136 4308 εὐθέως
3192 4240 3254 4298 τό
3311 4241 3466 4320 νέφος
3511 4235 3600 4295 καί
3653 4251 3764 4310 σφο-

2162 4322 2279 4412 δρὰν
2325 4339 2570 4412 καταιγὶς
2627 4334 2734 4390 τῶν
2791 4322 3028 4412 ομϐρών,
3089 4333 3162 4398 εἰς
3221 4330 3419 4409 αἰθρίαν
3471 4330 3604 4390 αὖθις
3655 4322 3762 4379 καθ·

2164 4426 2368 4488 ίστατο.

510 4513 732 4576 CXXII.
759 4513 905 4574 Cum
925 4529 1064 4572 vero
1088 4508 1440 4572 miraculum
1475 4505 1644 4569 brevi
1667 4515 1844 4570 totam
1871 4527 2066 4589 perva-

2244 4503 2413 4576 PKB'.
2485 4522 2589 4573 Τοῦ
2643 4513 2907 4590 θαύματος
2979 4510 3034 4568 δὲ
3096 4514 3195 4581 τὴν
3261 4510 3462 4591 ἔρημον
3527 4505 3576 4562 ἐν
3624 4498 3759 4591 ὀλίγῳ

432 4602 608 4665 sisset
628 4601 1225 4681 solitudinem,atque
1247 4597 1317 4660 ad
1340 4597 1535 4678 ipsum
1570 4597 1746 4660 etiam
1772 4597 2080 4680 archiepi-

433 4712 681 4774 scopum
733 4690 1082 4770 Martyrium
1109 4690 1232 4770 jam
1279 4687 1671 4769 pervenisset,
1705 4686 2083 4750 descendens

431 4784 534 4846 ille
555 4802 688 4847 cum
718 4785 906 4844 multa
929 4799 1129 4843 rerum
1147 4777 1450 4840 affluentia
1473 4776 1543 4838 ad
1568 4775 2088 4859 cmnobium,prae—

431 4875 654 4938 claram
675 4873 795 4953 agit
811 4871 1078 4953 synaxim
1113 4877 1170 4931 et
1195 4867 1622 4948 vigiliam,cum
1644 4865 1845 4927 multis
1870 4867 2088 4947 lampa-

433 4964 610 5028 dibus
632 4972 688 5026 et
721 4959 1148 5038 sutlitibus;sed
1185 4967 1242 5021 et
1271 4955 1648 5038 splendidam
1680 4955 2080 5034 magnificam-

433 5075 547 5137 que
604 5054 741 5116 facit
797 5051 1292 5126 dedicationem;
1374 5046 1687 5126 deponens
1752 5043 1862 5108 sub
1912 5046 2082 5108 altari

2163 4613 2336 4662 πᾶσαν
2395 4602 2801 4683 περιλαϐόντος,
2859 4603 2946 4659 καὶ
3005 4603 3078 4667 εἷς
3147 4590 3303 4660 αὐτὸν
3374 4599 3430 4657 δὲ
3482 4598 3566 4654 τὸν
3623 4590 3760 4683 ἀρχι-

2165 4677 2478 4752 επίσκοποί
2561 4693 2860 4772 Μαρτύρϊον
2942 4689 3044 4760 ἤδη
3133 4687 3406 4755 διαϐάντος
3439 4735 3456 4763 ,
3541 4677 3762 4741 κατελθών

2167 4787 2380 4850 ἐκεῖνος
2413 4786 2548 4860 μετά
2603 4771 2809 4850 πολλῆς
2861 4782 2950 4838 καὶ
3004 4778 3279 4856 δαψιλείας
3337 4780 3468 4856 πρὸς
3525 4774 3578 4831 τό
3615 4771 3760 4860 κοινοσ

2166 4873 2303 4945 ϐιον,
2378 4873 2626 4951 λαμπρὰν
2711 4872 2809 4949 μὲν
2883 4869 3002 4950 ἄγει
3085 4877 3182 4937 τὴν
3255 4868 3466 4934 σύναξιν
3539 4859 3625 4920 καῖ
3684 4853 3758 4919 τὴν

2166 4948 2477 5043 ἀγρυπνίαν,
2537 4948 2654 5020 Ἴὺπὸ
2717 4948 2962 5026 νπολλάῖς
3030 4957 3273 5034 λαμπάσι
3361 4958 3447 5014 καὶ
3509 4948 3756 5026 θυμιάμασι

2165 5055 2446 5134 φιλότιμον
2504 5051 2559 5108 δὲ
2615 5053 2705 5109 καὶ
2763 5049 3034 5126 πολυτελῇ
3086 5049 3176 5105 τὸν
3232 5045 3562 5125 ἑγκαινισμὸι
3612 5043 3751 5094 ποιεῖ’

1747 5203 2001 5270 VARLE
2044 5211 2480 5278 LECTIONES.

513 5360 538 5391 ⁸
566 5349 643 5413 al.
677 5351 856 5428 Φαράν
887 5357 945 5411 et
973 5350 1162 5426 Φαρὼν
1198 5353 1255 5409 et
1282 5343 1462 5406 infra.
1549 5353 1574 5396 ³
1605 5341 1684 5404 al.
1718 5342 1848 5400 ἀπό.
1931 5353 1954 5385 ⁸
1995 5347 2072 5408 al.
2108 5355 2286 5429 Φαρὰς
2331 5358 2389 5411 et
2417 5351 2622 5428 Φαράν,

1655 5445 1867 5512 JOAN.
1919 5451 2285 5520 BOLLANDI
2328 5455 2579 5521 NOTZE.

508 5564 619 5629 (70)
647 5564 977 5619 Theoctisti.

2193 5567 2392 5625 dosius
2420 5566 2822 5624 coenobiarcha
2853 5565 2914 5622 in
2946 5562 3228 5636 regimine
3251 5560 3589 5636 reliquorum
3602 5547 3764 5636 5922‘

507 5607 619 5722 ἐΐῖὶ
660 5607 1048 5722 ἰδὲιὲἷεὶὲῖίιέθι
1080 5633 1178 5690 θυι
1195 5630 1560 5722 Risimus
1597 5630 1910 5722 ῑμξιεεεείι»
1929 5648 2111 5722 εμθιιι
2193 5607 3544 5722 iiiis}?‘éiiigiié‘fiitr'iiiéiéiﬁééﬁi’“
3570 5630 3664 5722 “‘1
3680 5607 3763 5668 ⁶¹¹’

445 5699 553 5764 sibi
584 5699 926 5774 Secundum,
949 5699 1052 5764 seu
1082 5702 1494 5775 coadjutorem;
1527 5699 1773 5763 habebat
1821 5699 1909 5774 σαί
1929 5699 2118 5776 Theo,-

2192 5710 2304 5793 ~£93,
2329 5704 2616 5784 imposito.
2646 5704 2893 5788 Cyrinus
2923 5709 2984 5770 tn
3011 5706 3138 5772 Vita
3162 5705 3221 5768 S.
3253 5704 3432 5768 Saba.
