3972 6130
120 294 235 358 7m
1486 303 1672 367 VITA
1715 305 1776 367 s.
1824 305 2237 370 EUTHYMII.
3423 293 3543 359 702

124 436 270 514 μέρη
346 457 490 492 τινα
567 441 680 494 τῶν
747 437 1082 518 μαρωρικῶν
1151 439 1420 516 λειψάνων
1450 489 1465 512 ,
1540 441 1810 522 Ταράχου,

1909 439 2186 520 quasdam
2243 449 2439 522 partes
2488 440 2876 523 reliquiarum
2929 448 3258 521 martyrum
3289 429 3544 523 Tarachi

124 524 370 604 Πρόϐου,
427 529 534 583 καὶ
573 525 928 605 Ἀνδρονίκου,
959 531 1061 587 ὑπὸ
1106 531 1166 588 τὸ
1215 533 1588 611 θυσιαστήριον
1623 520 1810 590 λκατα-

1909 530 2050 608 (72),
2089 520 2290 605 Probi,
2328 540 2386 592 et
2414 520 2784 613 Andronici;
2819 520 3104 610 septimo
3128 524 3354 588 mensis
3382 520 3542 594 Maii,

121 617 357 691 θέμενος
397 631 415 646 ⁸
476 616 730 693 ἑϐδόμην
761 618 883 675 τότε
915 627 1004 677 τοῦ
1049 620 1216 678 Μαίου
1263 621 1576 700 ἐπέχοντος,
1610 622 1671 686 ’ὃς
1713 620 1810 688 ἤδη

1909 636 2061 682 anno
2104 621 2229 700 jam
2291 621 2648 683 duodecimo
2685 622 2816 702 (73)
2865 629 2996 700 post
3045 613 3349 696 Euthymii
3379 629 3543 702 mor-

119 705 448 770 δωδὲκατος
550 707 692 782 μετὰ
771 708 870 775 τὴν
948 710 1202 782 Εὖθυμίου
1259 710 1513 778 τελευτὴν
1585 711 1810 774 ἐνιαυτὸς

1909 714 2048 772 tem.
2085 699 2226 771 Cum
2262 710 2499 791 aliquod
2534 699 2731 771 autem
2764 699 2999 790 tempus
3029 704 3382 776 transiisset,
3408 699 3541 791 dia-

118 801 349 875 περιῆν,
424 798 654 876 Χρόνου
711 794 766 852 δε
818 818 964 863 τινος
1020 796 1340 874 διελθόντος,
1389 802 1476 858 καὶ
1519 803 1547 857 ὁ
1578 799 1810 863 διάκονος

1909 815 2088 859 conus
2119 788 2567 881 quoque—Fidus
2598 800 2813 880 accipit
2845 788 3258 881 cpisc0patum
3290 788 3542 856 civitatis

118 884 324 949 Φεϊδος
391 888 510 954 τῆς
585 886 792 950 πόλεως
855 886 1050 958 Δώρων
1115 886 1252 945 οὕτω
1301 889 1660 967 καλουμένης,
1722 892 1810 959 τηι

1909 905 2036 967 quae
2065 898 2305 950 vocatur
2336 888 2489 951 Dora
2517 890 2668 970 (Ἡ).

114 977 451 1058 ὶπισκοπῆν
506 976 897 1058 ἐγχειρίζεται,

201 1057 392 1130 ΡΚΓ’,
465 1065 640 1148 ’ῨΑλλ’
697 1067 916 1124 ἐνταῦθά
959 1090 1024 1144 με
1068 1069 1162 1124 τοῦ
1209 1068 1370 1147 λόγου
1415 1069 1726 1148 γενόμενον,
1757 1073 1819 1127 τὸ

119 1158 237 1234 περὶ
299 1163 426 1212 τῶν
483 1147 550 1214 Ἀ
570 1162 881 1236 ποσχιστῶν
937 1156 1115 1215 ἐκεῖνο
1166 1147 1466 1238 εἰσέρχεται
1507 1179 1519 1196 ο
1558 1155 1680 1230 ὃδὴ
1723 1162 1814 1218 καί

120 1248 251 1303 αὖτὸ
297 1244 488 1324 λόγου
541 1244 691 1311 ἄξιον
737 1246 880 1302 ε’ίναί
950 1269 1046 1322 μοι
1121 1244 1272 1304 δοκεῖ
1328 1251 1638 1326 προσθεῖναι
1697 1262 1816 1314 τοῖς

123 1335 446 1412 εἰρημένοις
486 1352 504 1366 ⁶
566 1338 640 1400 ὡς
685 1337 748 1392 ἃν
783 1336 1158 1416 ἐναργέστερον
1208 1336 1442 1394 ἐντεῦθεν
1495 1340 1529 1407 ἡ
1578 1339 1664 1396 ἐπὶ
1718 1343 1816 1408 τῆς

123 1425 418 1492 θαλάσσης
488 1428 762 1502 Εὖθυμίου
803 1434 896 1484 τοῦ
955 1429 1093 1483 θείου
1151 1436 1450 1507 προφητεία
1511 1426 1810 1509 διαδειχθῇ,

1909 1430 1994 1483 iur
2021 1423 2210 1486 divini
2240 1425 2533 1506 Euthymii
2570 1429 2884 1508 prophetia
2914 1426 3014 1488 illa
3045 1429 3103 1487 in
3127 1419 3538 1509 mari.Etenim

123 1513 272 1582 ’Ήδη
322 1516 435 1591 μὲν
488 1517 604 1594 γὰρ
665 1519 693 1573 ὁ
751 1517 1092 1597 πατριάρχης
1154 1518 1452 1597 Μαρτύριος
1511 1525 1578 1593 τῇ
1634 1508 1810 1597 παρα-

1909 1512 2014 1588 iam
2048 1515 2385 1592 patriarcha
2419 1515 2751 1597 Martyrius,
2810 1516 2987 1578 ﬁdem
3048 1514 3316 1577 tribuens
3345 1508 3542 1572 admi-

129 1603 265 1677 ὂόξῳ
327 1603 648 1666 πιστεύσας
695 1605 926 1678 ὀπτασίᾳ
984 1611 1078 1662 τοῦ
1133 1602 1342 1678 Φείδου,
1407 1606 1495 1662 καὶ
1541 1605 1630 1671 οἷς
1678 1606 1810 1682 αὔτῷ

1909 1602 2102 1664 randae
2130 1603 2257 1666 Fidi
2291 1605 2527 1681 visioni,
2560 1619 2619 1668 et
2651 1607 2726 1668 iis
2756 1626 2885 1688 quae
2914 1607 2967 1668 ei
3000 1605 3060 1667 in
3093 1603 3241 1666 mari
3272 1597 3545 1683 praedixit

129 1694 222 1752 ἐπὶ
285 1693 388 1752 τοῦ
450 1693 740 1774 πελάγους
799 1698 826 1751 ὁ
896 1693 1066 1772 μέγας
1119 1694 1348 1774 προέφη,
1410 1697 1508 1762 τῆς
1551 1697 1670 1769 περὶ
1714 1703 1810 1753 τῶν

1909 1710 2174 1771 magnus,
2230 1693 2304 1757 de
2351 1696 2445 1757 his
2493 1697 2870 1776 Aposchistis
2914 1695 3226 1758 remiserat
3249 1709 3451 1753 curam
3485 1696 3544 1750 et

131 1785 550 1864 Ἀποσχιστῶν
583 1785 787 1842 τούτων
815 1782 1086 1866 φροντίδος
1121 1782 1287 1851 ἀνῆκε
1339 1785 1454 1848 τοὺς
1501 1783 1810 1863 λογισμούς.

1909 1783 2350 1859 cogitationem.
2385 1788 2516 1850 Non
2547 1763 2798 1848 multum
2825 1797 3017 1849 autem
3044 1783 3332 1866 temporis
3360 1782 3542 1842 inter.

131 1875 334 1952 Χρόνος
399 1872 460 1930 δὲ
531 1875 596 1932 οὗ
672 1873 833 1938 πολὺς
910 1877 967 1930 εν
1028 1881 1104 1948 τῷ
1158 1874 1328 1949 μέσῳ,
1389 1875 1477 1932 καὶ
1525 1875 1707 1954 ὥσπερ
1757 1878 1810 1932 ὲκ

1909 1872 2099 1948 cessit,
2135 1882 2194 1934 et
2226 1875 2380 1937 velut
2429 1895 2496 1938 ex
2556 1877 2846 1939 diviniore
2893 1875 3149 1958 quadarn
3181 1870 3536 1946 visitatione,

134 1964 277 2027 τινὸς
343 1963 644 2040 θειοτέρᾶς
733 1961 1038 2030 ἐπισκοπῆς
1127 1963 1455 2044 Μαρκιανὸς,
1515 1967 1576 2021 οὗ
1640 1970 1810 2044 μικρῷ

1909 1962 2256 2039 Marcianus,
2288 1965 2458 2046 cujus
2487 1966 2663 2047 paulo
2695 1978 2832 2028 ante
2858 1965 3127 2039 memini,
3148 1967 3350 2025 anima
3379 1977 3538 2021 com-

131 2054 364 2132 πρόσθεν
432 2053 754 2129 ἒμνήσθην,
828 2053 1062 2120 κινηθεὶς
1118 2051 1218 2120 τήν
1280 2053 1491 2135 ψυχὴν,
1555 2053 1810 2134 συγκαλεῖ

1909 2059 2117 2126 motus,
2181 2071 2389 2114 omnes
2447 2055 2609 2136 ipsos
2668 2065 2951 2118 convocat
2980 2055 3042 2116 in
3074 2050 3348 2116 emnobio
3378 2047 3536 2130 quod

134 2145 337 2208 πάντας
387 2142 603 2208 αὐτοὺς
649 2142 704 2198 ἒν
760 2146 838 2212 τῷ
879 2141 969 2199 ὑπ’
1017 2141 1177 2200 αὺτοῦ
1233 2143 1481 2200 συστάντι
1534 2145 1650 2223 περὶ
1715 2145 1810 2213 τὴν

1909 2149 2307 2204 :onstruxerat
2338 2143 2410 2205 ad
2461 2154 2723 2206 sanctam
2775 2147 3109 2218 Bethleem,
3163 2149 3221 2205 et
3248 2141 3410 2222 loqui
3438 2139 3533 2201 in-

139 2234 291 2311 ἁγίαν
347 2232 620 2309 Βηθλεὲμ
661 2229 910 2305 κοινοϐίῳ
947 2249 961 2266 ⁸
1010 2233 1096 2289 καὶ
1127 2231 1291 2311 λόγου
1321 2231 1635 2310 ἆρξάμενος,
1667 2233 1810 2297 ’Ἕως

1909 2230 2125 2311 :ipiens
2160 2249 2172 2294 :
2209 2233 2553 2314 Quousque,
2587 2234 2802 2312 inquit,
2829 2235 3036 2296 fratres
3071 2240 3128 2294 et
3161 2236 3536 2304 Patres,con-

143 2325 295 2400 πότε,
358 2324 565 2405 φησὶν,
619 2321 836 2403 ἀδελφοὶ
879 2324 966 2379 καὶ
1024 2323 1277 2401 Πατὲρες,
1315 2325 1387 2386 εἷς
1420 2324 1557 2398 μέρη
1601 2326 1663 2381 τὸ
1719 2330 1810 2392 τῆς

1909 2321 2199 2382 tendimus
2224 2341 2440 2403 corpus
2471 2323 2753 2386 Ecclesia:
2786 2323 3052 2386 dividere
3080 2323 3140 2384 in
3188 2329 3404 2402 partes,
3437 2320 3532 2382 id-

145 2412 486 2480 Ἐκκλησίας
594 2419 752 2488 σῶμα
838 2412 1243 2492 φιλονεικοῦμεν
1318 2411 1593 2489 διατεμεῖν
1629 2433 1646 2450 ⁸
1726 2417 1810 2472 καὶ

1909 2428 2013 2490 que
2043 2429 2178 2471 cum
2213 2429 2322 2472 nec
2355 2410 2527 2473 nobis
2560 2413 2799 2494 quidem
2835 2421 3087 2487 constet,
3121 2429 3251 2492 quae
3279 2411 3354 2472 sit
3403 2416 3533 2472 tan-

148 2502 312 2560 ταῦτα
355 2501 506 2578 μηδέ
557 2501 722 2570 δῆλον
783 2504 944 2580 ἡμῖν,
990 2503 1038 2558 τί
1083 2503 1141 2558 τὸ
1201 2500 1404 2559 τέλειον
1460 2503 1670 2573 θέλημα
1727 2505 1810 2561 τοῦ

1909 2499 2034 2561 tlem
2064 2500 2329 2560 voluntas
2354 2501 2482 2574 Dei,
2519 2501 2624 2563 sed
2655 2520 2781 2564 rem
2815 2503 2900 2564 sic
2931 2500 3190 2582 propriis
3221 2499 3538 2562 credamus

152 2596 303 2667 Θεοῦ,
337 2592 484 2650 ἀλλὰ
530 2592 834 2671 λογισμοῖς
879 2592 1047 2657 οὕτως
1091 2589 1240 2655 ἰδίοις
1293 2593 1352 2649 τὸ
1383 2599 1604 2670 πρᾶγμα
1647 2617 1810 2651 κατα-

1909 2588 2412 2668 cogitationibus?
2469 2590 2568 2652 Est
2624 2611 2764 2670 ergo
2797 2590 2970 2653 nobis
3001 2589 3531 2663 considerandum,

151 2684 516 2747 πιστεύοντες.
588 2691 877 2760 Τοιγαροῦν
923 2681 1180 2739 σκεπτέον
1236 2681 1396 2757 ἡμῖν,
1451 2687 1662 2757 μήποτε
1719 2684 1810 2752 τὴν

1909 2697 1976 2740 ne
2008 2678 2162 2739 forte
2209 2676 2351 2739 dum
2412 2680 2817 2742 existimamus
2872 2689 3035 2743 recta
3063 2680 3154 2741 via
3182 2677 3536 2758 ingredi,pin

156 2772 353 2829 εὖθείαν
384 2773 634 2848 οἰόμενοι
667 2783 696 2818 8
728 2769 951 2843 ὁδεύειν,
1012 2768 1243 2834 ἀνοδίαις
1299 2769 1534 2848 συμϐαίη
1595 2794 1810 2851 περιπε-

1909 2767 2026 2828 avia
2055 2767 2356 2847 contingat
2384 2767 2673 2831 incidere.
2713 2771 3124 2848 Cogitationes
3155 2770 3318 2832 enim
3347 2768 3538 2831 homi-

159 2874 299 2924 σεῐν,
359 2861 631 2940 Λογισμοὶ
687 2861 788 2940 γὰρ
839 2859 1129 2940 ἀνθρώπων
1173 2858 1360 2934 δειλοὶ,
1423 2862 1488 2918 τὰ
1531 2862 1644 2940 ἱερά
1688 2885 1810 2942 φασι

1909 2876 2044 2920 num
2079 2859 2334 2934 timidae,
2371 2877 2542 2920 sacra
2571 2860 2734 2920 aiunt
2761 2858 3010 2941 Eloquia
3025 2859 3110 2919 εϐ.
3137 2856 3209 2921 Ει
3238 2864 3287 2919 si
3320 2857 3535 2938 placet,

161 2949 335 3030 λόγια.
400 2952 499 3010 Καὶ
563 2953 611 3008 εἰ
669 2949 844 3031 δοκεῖ,
906 2956 981 3024 τῷ
1050 2949 1392 3022 ἀποστολικῷ
1449 2950 1634 3024 ἐκείνῳ
1676 2953 1810 3010 ἀκο-

1909 2947 2044 3009 illud
2076 2947 2464 3028 apostolicum
2498 2957 2841 3028 sequentes,
2875 2949 3153 3031 velutque
3195 2946 3537 3026 exemplum

160 3041 490 3118 λουθοῦντες,
544 3045 634 3101 καὶ
691 3045 764 3106 ὡς
821 3041 1172 3120 ὑποδείγματι
1216 3043 1518 3123 χρώμενοι,
1559 3044 1810 3122 βάλωμεν

1909 3045 2272 3098 ιεευῐηθηιεε
2297 3037 2381 3112 57,
2407 3037 2704 3116 jaciamus
2729 3045 2918 3099 sortes
2945 3037 3057 3099 sub
3085 3055 3338 3118 persona
3369 3035 3536 3116 epis-

167 3130 382 3212 κλήρους
439 3135 531 3192 επὶ
595 3132 883 3212 προσώπου
940 3137 1046 3189 τῶν
1105 3131 1416 3190 ἐπισκόπων
1459 3155 1516 3189 τε
1569 3135 1656 3191 καὶ
1705 3142 1810 3192 τῶν

1909 3145 2180 3207 :oporum
2212 3139 2269 3188 et
2299 3126 2727 3188 monachorum
2766 3149 2778 3186 :
2815 3135 2873 3189 et
2915 3128 2964 3189 si
2995 3146 3124 3190 sors
3153 3125 3398 3203 quidem
3432 3143 3534 3187 ve-

167 3227 438 3304 μονᾱχῶν,
470 3222 579 3279 κᾶν
626 3223 728 3298 μὲν
770 3224 798 3280 ὁ
833 3221 1032 3301 κλῆρος
1066 3220 1150 3279 ἐπὶ
1184 3222 1302 3286 τοὺς
1335 3224 1610 3303 μοναχοὺς
1642 3222 1807 3303 ἔλθοι,

1909 3216 2050 3277 ierit
2075 3215 2146 3276 ad
2181 3215 2528 3292 monachos,
2589 3224 2822 3296 oportet
2882 3217 3125 3278 omnino
3155 3230 3538 3296 perseverare

173 3303 410 3386 ἐμμένειν
453 3312 543 3370 δεῖ
578 3313 790 3376 πάντως
821 3311 905 3377 ἐφ’
941 3311 1029 3374 οἷς
1071 3308 1175 3379 ἤδη
1221 3313 1310 3369 καὶ
1358 3315 1444 3369 νῦν
1493 3313 1725 3390 μένομέν
1754 3337 1810 3371 τε

1909 3324 1955 3365 ηη
2010 3305 2082 3365 iis
2140 3303 2356 3384 quibus
2407 3306 2717 3386 hucusque
2768 3324 3079 3368 manemus
3110 3315 3168 3368 et
3196 3304 3532 3386 acquiesci-

176 3403 258 3457 καὶ
293 3402 578 3482 στέργομεν
614 3423 628 3437 ’
684 3404 729 3459 εί
785 3401 839 3458 δὲ
901 3401 986 3458 ἐπὶ
1046 3404 1166 3466 τοὺς
1213 3401 1566 3478 ἐπισκόπους,
1629 3407 1810 3470 αὖτοϊς

1909 3414 2026 3456 rnus
2063 3416 2076 3454 :
2131 3394 2224 3455 sin
2284 3402 2479 3456 autem
2538 3395 2610 3456 ad
2644 3395 2984 3476 episcopos,
3019 3414 3152 3456 cum
3185 3395 3333 3475 ipsis
3361 3411 3531 3456 com-

177 3505 461 3556 κοινωνεῖν,
520 3493 737 3560 Ταύτην
794 3491 1190 3568 εἰσενεγκόντος
1235 3491 1334 3558 τὴν
1393 3491 1618 3570 γνώμην
1659 3499 1810 3566 Μαρ-

1909 3483 2225 3544 rnunicare.
2285 3485 2450 3546 Hanc
2502 3482 2602 3544 ubi
2650 3484 3010 3546 sententiam
3044 3483 3343 3546 intulisset
3372 3485 3530 3544 Mar-

1983 1065 2234 1130 CXXIII.
2273 1066 2519 1147 Seil,‘me
2551 1087 2685 1131 cum
2719 1069 2779 1130 in
2808 1069 2966 1131 hunc
3011 1070 3206 1131 locum
3243 1059 3537 1135 venerim,

1900 1153 2062 1216 subit
2115 1158 2457 1219 recordatio
2511 1159 2734 1238 negotii
2790 1157 3323 1238 Aposchistarum;
3383 1147 3541 1232 quod

1899 1245 2093 1324 ipsum
2154 1248 2329 1308 etiam
2383 1256 2446 1309 ut
2503 1248 2891 1310 memorabile
2947 1247 3091 1309 mihi
3147 1244 3381 1306 videtur
3409 1255 3542 1302 esse

1899 1332 2072 1395 dictis
2098 1335 2544 1414 adjungendum
2572 1359 2587 1412 ;
2625 1346 2686 1398 ut
2718 1338 3050 1398 evidentius
3081 1336 3222 1398 hinc
3254 1329 3540 1394 ostenda-

171 3584 358 3655 κιανοῦ,
405 3581 574 3646 οὐδεὶς
605 3585 675 3649 ἦν
736 3581 837 3638 τῶν
889 3580 1165 3659 παρόντων
1225 3581 1369 3645 ὅστις
1427 3580 1522 3637 οὒκ
1579 3581 1810 3638 ἒπαινῶν

170 3669 252 3737 ἦν,
295 3670 565 3740 Βληθέντα
594 3671 874 3749 τοιγαροῦν
905 3670 997 3727 τὸν
1042 3668 1264 3748 κλῆρον,
1299 3672 1346 3726 oi
1377 3669 1477 3745 μὲν
1522 3672 1754 3751 μοναχοὶ
1784 3669 1811 3712 ι)

168 3765 342 3816 τοῦτον
384 3763 557 3844 εἶχον
591 3779 604 3794 ⁸
638 3761 832 3824 πάντες
864 3758 917 3816 δὲ
963 3759 1150 3823 αὐτοῖς
1184 3761 1331 3822 εὐθὺς
1362 3759 1700 3834 ἐκοινώνουν,
1735 3762 1808 3824 ὡς

171 3847 225 3905 ἔκ
278 3857 403 3909 Θεοῦ
457 3854 524 3909 τὸ
581 3857 801 3929 πρᾶγμα
861 3849 1095 3928 γνωσθὲν
1141 3848 1460 3923 νομίσαντες
1498 3865 1511 3879 ⁸
1546 3848 1690 3918 πλὴν
1719 3857 1814 3906 Γε-

169 3941 363 4016 ροντίου
415 3943 588 4017 μόνου
650 3942 735 3998 καὶ
808 3933 1105 4019 Ῥωμανοῦ,
1167 3939 1255 3995 καὶ
1312 3939 1506 4002 πάντες
1563 3939 1812 4020 φέροντες

171 4025 373 4092 ἑαυτοὺς
431 4029 738 4107 παρὲγουσι
786 4031 855 4104 τῇ
912 4026 1007 4094 τῆς
1068 4024 1391 4093 Ἐκκλησίας
1457 4027 1669 4108 ἐνώσει,
1725 4025 1813 4085 καὶ

169 4119 378 4194 γνησίαν
439 4123 610 4186 αὐτῆς
653 4131 677 4162 ο
731 4118 820 4173 καὶ
877 4112 1167 4182 ἀκίϐδηλον
1196 4123 1288 4172 τοῦ
1316 4114 1506 4174 λοιποῦ
1535 4123 1807 4174 ποιοῦνται

171 4207 260 4273 τὴν
285 4209 593 4268 κοινωνίαν.

610 4301 636 4312 α
722 4293 765 4318 δὶ
837 4293 957 4318 ,97,‘

1894 3572 2100 3634 cianus
2136 3572 2286 3653 (75),
2349 3571 2546 3634 nullos
2603 3583 2729 3634 erat
2775 3592 2844 3635 ex
2893 3574 3244 3646 astantibus,
3281 3574 3382 3655 qui
3414 3591 3533 3635 non

1894 3661 2184 3724 laudaret.
2215 3663 2436 3724 .Iactam
2472 3663 2668 3742 itaque
2715 3671 2962 3738 sortem,
2998 3663 3336 3726 habuerunt
3365 3663 3530 3744 epis-

1893 3757 2069 3833 copi;
2105 3751 2173 3814 iis
2203 3770 2342 3813 vero
2373 3752 2567 3814 statim
2600 3769 2813 3814 omnes
2843 3753 3382 3827 communicarunt,
3403 3771 3530 3814 rem

1895 3853 2178 3920 tanquam
2213 3861 2246 3903 a
2274 3841 2397 3903 Deo
2453 3841 2754 3903 decretam
2815 3841 3085 3906 arbitrati
3114 3860 3129 3918 ;
3165 3852 3379 3924 praeter
3408 3844 3528 3906 Ge-

1891 3933 2154 3994 rontium
2187 3932 2378 3993 solum
2414 3941 2472 3993 et
2516 3933 2878 3995 Romanum.
2928 3936 3130 4010 Atque
3182 3951 3393 3995 omnes
3420 3931 3532 3994 ad—

1894 4023 2118 4083 ducunt
2147 4039 2213 4082 se
2244 4041 2310 4083 ac
2342 4020 2608 4102 prabent
2634 4019 2917 4083 Ecclesia;
2949 4022 3180 4097 unioni,
3213 4030 3271 4084 et
3301 4039 3530 4098 germa-

1896 4131 2030 4173 nam
2057 4110 2475 4192 sinceramque
2507 4110 2582 4172 de
2614 4119 2831 4172 caetero
2862 4110 3088 4173 faciunt
3111 4130 3245 4175 cum
3277 4132 3346 4174 ea
3369 4130 3530 4174 com-

1892 4201 2262 4264 munionem.

1971 4288 2560 4354 CXXIV.Patriarcha
2586 4308 2724 4352 vero
2753 4291 3001 4371 pulchre
3026 4290 3346 4372 illos,et,ut
3367 4291 3531 4356 dixe-

175 4384 336 4449 εἴποις
393 4389 452 4444 οὔ
513 4387 668 4467 χερσὶ
729 4385 892 4462 μόνον
951 4385 1187 4465 ὑπτίαις,
1251 4383 1390 4440 ἀλλὰ
1446 4386 1532 4442 καὶ
1590 4384 1804 4464 καρδίας

1909 4382 2117 4462 'is,non
2143 4380 2333 4442 solum
2361 4381 2590 4460 supinis
2616 4380 2910 4456 manibus,
2947 4381 3051 4443 sed
3081 4390 3139 4443 et
3161 4381 3359 4444 cordis
3380 4383 3530 4446 sini-

173 4473 382 4541 κόλποις
463 4474 779 4552 δεξάμενος,
854 4473 1106 4554 λαμπρὰν
1168 4474 1287 4554 ἄγει
1360 4475 1449 4531 καὶ
1526 4474 1800 4552 πάνδημον

243 4601 303 4653 ³6
328 4605 464 4688 Sap.
500 4624 582 4679 ιι,
614 4605 712 4670 14.
797 4605 860 4656 37
898 4607 1030 4669 Act.
1063 4623 1109 4686 ι,
1140 4603 1242 4666 26.

245 4782 266 4810 ⁸
292 4773 368 4837 al.
399 4779 684 4856 οἰομένοις.
768 4777 795 4820 b
824 4775 904 4841 al.
936 4777 1243 4836 ἐπίσκοποι.

1888 4472 1997 4535 bus
2017 4468 2736 4552 excipiens,3plendidum
2753 4471 2942 4551 agitet
2968 4470 3269 4554 publicum
3288 4472 3530 4537 festum.
3578 4479 3583 4483 ‘

1389 4665 1392 4670 ’
1469 4683 1724 4747 VARUE
1781 4681 2219 4748 LECTIONES.

1329 4793 1354 4822 ο
1386 4773 1464 4836 aI.
1501 4779 1684 4839 αὖτοϊς
1719 4783 1778 4836 et
1809 4775 2046 4838 ἑαυτοῖς.

1381 4901 1589 4968 JOAN.
1637 4904 2017 4970 BOLLANDI
2059 4904 2310 4970 NOTAE.

241 5059 346 5131 (72)
373 5063 529 5122 Passi
561 5073 692 5123 sunt
727 5067 836 5123 sub
893 5064 1247 5124 Diocletiano
1292 5063 1452 5122 Tarsi
1485 5063 1544 5122 in
1577 5065 1796 5124 Cilicia.

181 5123 366 5208 Depsz
396 5136 822 5208 agitMartyrol.
860 5123 1100 5195 Roman.
1138 5138 1195 5194 11
1241 5135 1441 5194 Octob.

243 5200 352 5272 (73)
385 5200 483 5263 Αὖ.
515 5207 614 5266 cu.
649 5200 774 5265 4'84.

208 5270 346 5352 ,(74)
375 5275 584 5352 Do‘ron,
627 5281 795 5346 Dora,
833 5279 1178 5352 Dor,,Ador.
1211 5287 1346 5346 etc.,
1386 5278 1590 5336 civitas
1614 5281 1797 5352 mari-

186 5344 330 5417 tima,
359 5344 677 5417 undecimo,
712 5344 829 5416 aut,
863 5361 925 5408 ut
953 5351 1046 5408 alii
1081 5351 1298 5414 volunt.
1332 5344 1495 5408 nono
1527 5350 1797 5408 milliaria

183 5423 210 5492 ρ
267 5415 513 5492 Cassarea
563 5415 896 5491 Palaestinae,
950 5420 1321 5492 pergentibus
1367 5421 1792 5480 Ptolemaidem.

183 5477 460 5555 Legendus
491 5477 896 5552 Ᾰᾶτίοὶὶοιυῖιιέ
925 5477 1160 5551 intribii
1180 5477 1482 5550 ’Manasses
1510 5477 1794 5552 ciu-hic}?-

186 5549 367 5615 danem
398 5575 498 5622 can
548 5565 640 5622 26.

287 5571 367 5615 em
398 5575 498 5620 can
548 5571 640 5620 26.

249 5578 367 5615 ηοω
398 5578 498 5634 cap
548 5578 640 5622 20.

246 5625 352 5698 (75)
381 5631 648 5696 Summus
674 5636 759 5694 vir
789 5645 982 5712 postea
1015 5637 1336 5695 Marcianus
1383 5634 1503 5702 fuit,
1540 5636 1596 5692 in
1630 5636 1794 5710 cujus

1884 5068 2091 5123 horreo
2126 5067 2479 5143 frumentum
2511 5083 2600 5143 ex,
2629 5069 2804 5127 unico
2862 5085 3042 5143 grano
3089 5070 3367 5129 divinitus
3406 5084 3520 5127 una

1881 5149 2049 5196 nocte
2085 5139 2392 5196 admodum
2444 5140 2801 5207 duplicatum
2848 5139 3047 5204 fuisse.
3080 5144 3295 5199 dictum
3337 5154 3423 5199 est
3465 5146 3523 5200 in

1881 5209 2000 5267 Vita
2033 5208 2090 5266 S.
2125 5209 2456 5279 Theodosii,
2492 5213 2550 5268 11
2588 5213 2848 5270 Januarii
2881 5229 3043 5272 num.
3081 5213 3144 5270 61
3201 5224 3256 5272 et
3302 5214 3391 5270 62.
3453 5215 3521 5271 In

1879 5280 1998 5338 Vita
2049 5281 2103 5336 S.
2161 5281 2317 5338 Saba:
2375 5282 2582 5340 dicitur
2639 5291 2872 5342 sanctus
2909 5286 3089 5343 abbas
3146 5293 3200 5342 et
3231 5286 3310 5342 vir
3351 5288 3522 5344 lenire

1880 5354 2173 5422 optimus;
2205 5356 2304 5424 qui
2338 5353 2558 5412 visione
2590 5356 2803 5414 cmlesti
2841 5359 3093 5414 monitus
3125 5357 3335 5421 fuerat,
3369 5367 3430 5414 ut
3455 5353 3519 5416 Β.
3572 5399 3587 5410 .

1878 5425 2040 5481 Saba;
2070 5425 2138 5478 de
2193 5427 2537 5497 necessariis
2592 5427 2932 5497 provideret.
2974 5427 3133 5485 Obiit
3171 5429 3522 5487 universalis

1877 5496 2338 5552 Archimandrita
2382 5496 2643 5554 omnium
2692 5501 3173 5558 monasteriorum
3207 5519 3234 5556 a
3263 5500 3520 5559 Salustio

1875 5566 2209 5624 Patriareha
2249 5571 2620 5640 constitutus,
2662 5573 2754 5629 cui
2805 5569 3027 5631 suffecti
3087 5571 3182 5632 SS.
3244 5571 3424 5632 Sabas
3465 5582 3520 5631 et

1876 5637 2255 5695 Theodosius.

1964 5652 2255 5696 600081118.
