3972 6130
441 318 553 383 711

1740 303 2022 380 MENSIS
2061 308 2514 383 IANUARIUS.

3659 313 3759 384 7i?

449 448 728 531 Zenonis,
756 445 1185 516 monachorum
1213 469 1346 515 cum
1368 451 1767 532 suscepissem
1785 449 2068 514 habitum.

2169 452 2408 522 Ζήνωνος
2443 452 2554 533 (α),
2585 455 2648 511 τὸ
2691 454 2797 512 τῶν
2828 458 3088 534 μοναχῶν
3115 451 3354 510 ὑπελθὼν
3382 451 3588 533 σχῆμα,
3622 451 3763 512 δεινόν

447 543 912 624 vehementique
933 557 1232 622 pungerer
1247 540 1456 603 aculeo
1471 541 1692 603 amoris
1709 545 1923 622 quietae
1937 539 2090 616 vitae,

449 653 520 696 ac
544 632 823 713 gestirem
845 632 976 712 ipse
996 630 1172 692 etiam
1202 629 1476 692 habitare
1501 631 1562 692 in
1586 630 2096 712 solitudine,qua3-

2177 564 2235 598 τε
2265 545 2494 622 ἡσυχίας
2525 542 2722 601 ὠδίνων
2768 543 2961 621 ἔρωτα,
2996 544 3082 600 καὶ
3111 542 3208 608 τὴν
3252 540 3451 619 ἔρημον
3481 541 3669 609 οἰκῆσαι
3694 546 3765 601 καὶ

2177 633 2333 695 αὐτὸς
2392 633 2548 712 ἐρῶν,
2622 634 2967 712 εὐπρόσωπον
3025 631 3198 689 ἄλλως
3256 631 3500 710 ἀφορμὴν
3554 629 3762 705 ἐζήτουν,

444 723 649 786 rebam
677 723 984 783 honestam
1011 720 1280 798 alioquin
1313 720 1720 795 occasionem,
1762 728 1823 780 ut
1853 720 1909 780 id
1942 737 2068 782 con-

2176 721 2314 779 ὥστε
2374 724 2563 780 τούτου
2605 728 2819 804 τυχεῖν.
2866 722 3110 799 Ἀπορῶν
3152 720 3205 778 δὲ
3269 721 3470 798 ἐτέρας,
3530 719 3764 787 innasci-

445 829 755 894 sequerer.
784 809 959 872 Nulla
985 828 1120 872 vero
1145 809 1262 871 alia
1283 809 1544 884 inventa,
1573 829 1694 890 prae
1717 827 1813 871 me
1837 808 1942 870 tuli
1964 827 2086 868 ma-

444 921 560 982 gno
583 899 774 962 teneri
800 917 895 961 me
917 899 1222 962 desiderio
1244 917 1384 978 erga
1405 899 1846 962 dedicationem
1870 895 2083 961 Eccle-

441 991 546 1054 siae
563 989 1205 1070 Hierosolymitanaa,et
1226 989 1368 1069 petii
1389 989 1690 1051 licentiam
1711 988 1853 1050 illuc
1873 988 2077 1050 eundi.

445 1079 740 1144 Dimissus
763 1079 944 1157 igitur
971 1097 1006 1140 a
1036 1078 1378 1158 praeposito,
1416 1078 1517 1140 ubi
1545 1080 1666 1158 jam
1699 1096 1733 1140 a
1765 1075 2081 1157 metropoli

441 1167 1067 1252 Scythopolitanorum
1103 1187 1265 1231 eram
1294 1168 1695 1239 discessurus,
1731 1165 2073 1230 mandatum

439 1260 553 1322 hoc
579 1258 724 1321 mihi
750 1259 848 1320 dat
873 1270 1085 1330 mater,
1119 1267 1182 1320 ut
1213 1258 1360 1320 nihil
1393 1277 1466 1322 ex
1494 1259 1678 1320 rebus
1709 1259 1780 1320 ad
1813 1259 2073 1320 animam

439 1347 906 1432 pertinentibus,
968 1348 1193 1429 absque
1252 1347 1664 1411 admonitione
1711 1357 1770 1409 et
1823 1347 2074 1408 consilio

437 1439 684 1501 Joannis
705 1437 975 1513 solitarii,
1005 1457 1073 1500 ex
1101 1457 1194 1500 me
1215 1438 1471 1501 facerem
1501 1460 1513 1498 :
1540 1440 1628 1501 Ne
1660 1437 1830 1514 forte,
1856 1437 2071 1518 inquit,

437 1528 635 1590 statim
666 1526 738 1588 ab
775 1527 944 1588 initio
977 1527 1328 1608 imprudens
1354 1527 1664 1590 abducaris
1712 1531 1770 1588 in
1801 1544 2070 1589 errorem

439 1615 937 1695 Origenistarum.
966 1617 1172 1696 Itaque
1200 1625 1506 1696 postquam
1534 1617 1828 1677 venissem
1855 1620 1914 1676 in
1936 1633 2066 1677 san-

439 1713 590 1768 ctam
614 1705 939 1779 civitatem,
967 1713 1026 1766 et
1050 1724 1217 1767 sacra
1238 1706 1366 1766 loca
1389 1705 1834 1780 adorassem,in
1854 1703 2075 1785 quibus

436 1795 730 1858 salutares
753 1792 886 1855 illas
911 1793 1197 1857 Dominus
1220 1805 1464 1876 propter
1486 1813 1595 1856 nos
1629 1811 1824 1856 moras
1853 1794 2068 1870 traxit;

2159 1796 2362 1859 ἐκείνας
2396 1798 2423 1852 ὁ
2456 1795 2732 1861 Δεσπότης
2785 1794 3024 1851 ἐποιεῖτο
3061 1790 3334 1870 διατριϐάς

2175 833 2285 885 μην
2329 826 2374 856 ιιι
2417 812 2695 888 ἐπιθυμίαν
2739 813 2857 869 τινὰ
2901 813 2993 868 τοῦ
3021 812 3119 878 τῆς
3149 808 3528 889 Ἰερόσολύμων
3563 805 3767 877 Ἐκκλη-

2167 901 2282 964 σίας
2343 901 2712 979 ἑγκαινισμοῦ,
2782 902 2869 956 καὶ
2941 900 3039 967 τὴν
3097 899 3277 956 ἐκεῖσε
3335 896 3550 956 καθόδον
3613 896 3763 973 ᾔτουν.

2167 982 2480 1054 Ἀπολυθεὶς
2538 993 2626 1048 οὗν
2686 991 2828 1071 παρὰ
2898 997 2990 1046 τοῦ
3066 988 3496 1068 καθηγουμένου,
3551 986 3652 1056 ἐπεὶ
3687 992 3766 1055 τῆς

2167 1080 2573 1138 Σκυθοπολιτῶν
2644 1079 2747 1148 ἤδη
2804 1079 3182 1160 μετροπόλεως
3240 1079 3487 1158 ἀπαίρειν
3550 1076 3762 1154 ἔμελλον,

2159 1167 2380 1239 ἒντολήν
2425 1191 2515 1244 μοι
2579 1169 2780 1236 ταύτην
2839 1171 2873 1237 ἡ
2919 1171 3105 1248 μήτηρ
3157 1166 3362 1238 δίδωσι,
3411 1165 3544 1243 μηδὲ
3593 1171 3687 1222 τῶν
3707 1167 3764 1230 είς

2158 1261 2343 1339 ψυχὴν
2389 1259 2649 1332 ἡκόντων,
2698 1258 2820 1315 ἄνευ
2882 1257 2976 1326 τῆς
3051 1258 3300 1316 Ἰωάννου
3363 1263 3456 1314 τοῦ
3503 1256 3766 1335 ἥσυχαπώ

2156 1350 2430 1418 ὑποθήκης
2461 1349 2550 1404 καὶ
2602 1345 2905 1423 συμϐουλῆς
2957 1347 3171 1404 οἴκοθεν
3215 1344 3589 1425 διαπράξασθαι
3621 1359 3632 1373 ⁶
3665 1343 3764 1412 Μή.

2158 1461 2314 1516 ποτε,
2347 1439 2499 1518 φησὶ,
2547 1440 2632 1495 καὶ
2685 1439 2744 1492 ἐκ
2789 1437 3079 1515 προοὶμίων
3141 1437 3290 1499 εὐθὺς
3323 1436 3485 1513 λάθῃς
3515 1434 3684 1491 ἑαυτὸν
3713 1439 3767 1510 τῇ

2159 1535 2264 1585 τῶν
2307 1526 2722 1606 Ὠριγενιαστῶν
2765 1537 2794 1568 ιι
2843 1527 3024 1605 ἀπάτῃ
3071 1527 3459 1607 συναπαχθείς.
3508 1523 3765 1598 Γενόμενος

2157 1618 2327 1676 τοίνυν
2386 1617 2523 1672 κατὰ
2579 1616 2677 1684 τὴν
2735 1617 2889 1693 ἁγίαν
2933 1615 3113 1688 πόλιν,
3175 1617 3262 1672 καὶ
3306 1611 3661 1692 προσκδνιίσας
3686 1611 3765 1686 μὲν

2157 1708 2275 1769 τοὺς
2333 1706 2505 1784 ἱεροὺς
2579 1706 2796 1778 τόπους,
2844 1705 2899 1760 ἐν
2957 1705 3046 1768 οἷς
3092 1706 3185 1768 τὰς
3235 1704 3528 1780 σωτηρίους
3557 1699 3619 1756 δι’
3647 1702 3766 1774 ἡμᾶς

3371 1812 3383 1825 ·
3433 1790 3768 1868 προσκυνήσεις

436 1896 614 1964 atque
645 1882 990 1944 adorassem
1026 1884 1248 1963 pariter
1289 1883 1506 1945 divina;
1555 1883 1752 1945 crucis
1802 1882 2068 1962 lignum;

2157 1883 2212 1941 δὲ
2255 1886 2342 1942 καὶ
2401 1887 2459 1940 τὸ
2514 1891 2608 1941 τοῦ
2671 1884 2809 1940 θείου
2871 1890 3094 1961 σταυροῦ
3135 1881 3290 1954 ζύλον
3327 1897 3339 1909 ⁹
3392 1881 3516 1938 εἶτα
3556 1876 3771 1934 διαϐαίνοι

434 1973 655 2036 deinde
689 1972 762 2034 ad
798 1973 989 2034 virum
1026 1981 1267 2035 transeo
1289 1973 1437 2050 (88).
1474 1973 1529 2034 Is
1548 1983 1772 2047 autem,
1809 1980 1928 2034 tum
1961 1973 2078 2036 alia

434 2063 536 2124 dat
557 2061 812 2124 consilia
831 2068 888 2123 et
907 2064 1154 2135 monita,
1181 2071 1302 2124 tum
1329 2062 1572 2125 demum
1594 2063 1707 2124 hoc
1741 2062 1884 2123 mihi
1917 2081 2072 2144 prai-

433 2153 577 2233 cipit
612 2173 624 2215 :
661 2152 723 2214 Si
757 2151 864 2218 vis.
902 2151 1120 2232 inquit,
1151 2152 1345 2214 salvus
1379 2170 1536 2226 esse,
1573 2152 1717 2214 vade
1745 2151 1818 2214 ad
1875 2153 2072 2232 magni

431 2241 734 2322 Euthymii
769 2242 1222 2316 monasterium,
1257 2250 1314 2303 et
1344 2243 1405 2303 in
1437 2260 1506 2302 eo
1537 2241 1755 2304 habits.
1809 2239 1912 2302 His
1961 2260 2070 2321 ego

432 2331 671 2406 auditis,
707 2330 879 2393 venio
912 2349 1018 2411 per
1047 2332 1434 2394 solitudinem
1467 2350 1641 2412 quam
1675 2332 1964 2394 citissime
1995 2332 2067 2393 ad

433 2421 782 2498 Iordanem,
815 2430 874 2482 et
903 2421 1049 2483 satis
1080 2421 1324 2502 longum
1371 2432 1606 2502 tempus
1663 2421 1937 2484 Patribus
1968 2421 2069 2502 qui

431 2510 554 2573 illic
577 2519 749 2574 erant
771 2519 1042 2572 versatus
1072 2511 1224 2590 (89),
1259 2513 1418 2573 circa
1453 2528 1721 2572 mensem
1755 2510 1975 2573 Iulium
2007 2513 2064 2574 in

429 2601 629 2680 magni
663 2600 822 2662 illius
852 2599 1087 2661 delatus
1121 2599 1576 2675 monasterium,
1611 2609 1925 2681 susceptus
1956 2600 2061 2665 fui.

428 2689 617 2752 Porro
650 2689 933 2753 Leontius
967 2697 1114 2765 erat,
1151 2690 1246 2750 cui
1278 2698 1416 2752 tunc
1446 2699 1505 2750 et
1526 2689 1893 2769 suscipiendi
1923 2707 2066 2754 cura

427 2787 491 2843 et
521 2779 866 2842 monasterii
899 2777 1249 2859 praefectura
1279 2780 1472 2840 fuerat
1501 2777 1843 2844 commissa.

509 2866 834 2932 CXXXVII.
856 2866 982 2930 Illic
994 2885 1134 2946 ergo
1159 2885 1561 2945 commorans,
1580 2867 1748 2930 video
1772 2886 1844 2930 ea
1865 2878 2068 2933 aestate

431 2957 750 3039 quemdam
773 2975 997 3036 genere
1021 2955 1506 3032 Cilicem,habitu
1535 2957 2069 3034 monachttm,Pau-

427 3048 550 3109 lum
575 3047 848 3122 nomine,
875 3064 944 3108 ex
972 3044 1226 3126 llartyrii
1257 3049 1619 3108 monasterio
1652 3047 2004 3128 profectum,
2033 3069 2068 3113 a

429 3136 866 3214 maloquidem
918 3135 1136 3215 spiritu
1168 3146 1536 3216 correptum,
1589 3153 1623 3196 a
1675 3135 2068 3201 familiaribus

425 3235 627 3289 autem
656 3225 980 3287 adductum
1005 3225 1076 3287 ad
1104 3232 1560 3286 monumentum
1595 3224 1912 3307 Euthymii.
1947 3227 2064 3290 Po-

424 3316 543 3378 sito
567 3316 752 3393 igitur
773 3314 1068 3376 monacho
1090 3315 1162 3375 ad
1189 3315 1420 3376 thecam
1449 3313 1862 3396 reliquiarum,
1888 3334 2066 3399 appa-

429 3424 571 3467 rens
602 3404 779 3486 paulo
805 3413 937 3485 post
963 3421 1219 3485 magnus
1243 3403 1443 3466 media
1471 3411 1644 3466 nocte
1665 3404 1826 3484 fugat
1850 3405 2066 3470 daemo-

425 3514 590 3557 nem.
614 3494 686 3556 Et.
712 3495 824 3556 hoc
851 3495 1256 3556 testimonium
1280 3494 1606 3556 curationis
1627 3504 1881 3559 certum.
1914 3497 2063 3560 Nam

421 3603 558 3647 cum
577 3585 704 3664 ipsa
727 3593 902 3646 nocte
924 3584 1186 3645 venisset
1217 3582 1433 3645 Paulus
1463 3582 1537 3644 ad
1569 3584 1776 3646 horam
1811 3592 2060 3648 noctur-

421 3693 516 3736 nae
549 3673 922 3753 psalmodiis,
959 3673 1023 3734 fit
1059 3692 1212 3736 unus
1241 3691 1310 3734 ex
1359 3673 1435 3734 iis
1482 3672 1588 3753 qui
1636 3673 1952 3750 canebant,
2004 3685 2062 3740 et

418 3780 619 3825 coram
674 3761 955 3822 omnibus
1004 3761 1177 3824 nobis
1224 3779 1288 3823 se
1317 3780 1351 3824 a
1383 3761 1506 3825 Deo
1555 3772 1826 3826 curatum
1879 3765 2061 3830 fuisse

419 3851 751 3932 proﬁtetur.
806 3851 990 3924 Quam
1042 3869 1169 3913 rem
1221 3850 1323 3912 ubi
1371 3865 1795 3933 compererunt
1844 3856 1947 3935 qui
1994 3856 2056 3918 in

418 3941 677 4022 Martyrii
723 3942 1088 4003 monasterio
1136 3949 1327 4010 erant.
1383 3940 1646 4021 veniunt,
1701 3951 1764 4003 ut
1813 3963 1948 4005 eum
1994 3945 2056 4007 in

415 4048 590 4094 suum
642 4029 1076 4093 monasterium
1128 4030 1442 4094 reducant.
1493 4033 1572 4090 At
1622 4029 1724 4092 ille
1755 4032 1963 4095 volens
1992 4052 2059 4098 se

415 4128 649 4198 gratum
675 4120 1021 4196 ostendere,
1045 4119 1272 4200 etapud
1295 4138 1361 4181 se
1386 4124 1785 4200 conscriptam
1808 4123 2054 4200 gratiam

418 4228 809 4286 conservans,
845 4209 1064 4272 mansit
1093 4209 1381 4290 deinceps
1411 4209 1471 4270 in
1502 4206 1802 4286 coenobio,
1827 4212 2059 4276 omnis-

420 4319 538 4380 que
569 4299 790 4362 Iaboris
827 4307 887 4362 et
916 4298 1235 4361 ministerii
1261 4297 1443 4360 alacri
1487 4299 1664 4379 plane
1691 4306 1891 4363 animo
1921 4321 2058 4365 cum

416 4389 704 4452 fratribus
734 4407 798 4450 se
829 4387 1182 4470 participem
1214 4388 1376 4452 fecit.

501 4565 864 4632 CXXXVIII.
889 4566 1225 4650 Aliquando
1249 4568 1433 4648 igitur
1453 4567 1800 4648 colligentes
1814 4571 2060 4635 aIimen.

419 4666 542 4721 tum
569 4659 627 4720 in
650 4658 1013 4735 solitudine;
1046 4657 1105 4720 id
1135 4674 1274 4720 vero
1297 4667 1444 4735 erat,
1473 4676 1607 4739 quae
1629 4658 1828 4722 solent
1846 4663 2056 4744 appel-

2157 1975 2244 2030 καὶ
2300 1975 2431 2052 πρὸς
2490 1974 2581 2028 τὸν
2624 1970 2807 2052 ἄνδρα.
2873 1963 2930 2029 Ὀ
2985 1969 3064 2046 δὲ,
3108 1973 3195 2028 καὶ
3243 1970 3382 2027 ἄλλα
3429 1969 3522 2047 μὲν
3564 1964 3768 2043 συμϐουο

2157 2061 2298 2118 λεύει
2341 2063 2429 2118 καὶ
2500 2062 2825 2134 ὑποτίθεται,
2899 2059 3212 2118 τελευταῖον
3282 2058 3338 2116 δέ
3384 2081 3475 2135 μοι
3519 2058 3603 2114 καὶ
3641 2062 3770 2111 τοῦτο

2157 2151 2478 2222 ἐπισκήπτει
2515 2170 2530 2187 ⁸
2577 2153 2676 2226 ὡς,
2727 2150 2895 2227 Εἴπερ
2938 2148 3118 2226 βούλει
3160 2150 3426 2224 σωθῆναι,
3469 2147 3644 2226 φησὶν,
3669 2143 3766 2202 έλθέ

2155 2242 2299 2320 παρὰ
2353 2242 2454 2309 τὴν
2512 2242 2767 2316 Εὐθυμίω
2821 2249 2914 2299 τοῦ
2965 2240 3203 2318 μεγάλου
3253 2240 3457 2315 μονὴν,
3485 2238 3569 2294 καὶ
3595 2235 3766 2300 ταύτην

2154 2331 2405 2397 οἷ’κησον.
2498 2330 2708 2387 Τούτων
2785 2327 3016 2394 ἀκούσας
3077 2327 3205 2406 ἐγὼ,
3275 2328 3514 2408 ἔρχομαι
3555 2322 3634 2381 διὰ
3682 2323 3764 2390 τῆς

2153 2420 2352 2497 ἐρήμου
2395 2418 2495 2486 τὴν
2544 2419 2823 2498 ταχίστην
2853 2419 2996 2496 παρὰ
3027 2419 3118 2473 τὸν
3148 2414 3449 2496 Ἰορδάνην,
3484 2416 3569 2472 καὶ
3595 2412 3765 2492 χρόνον

2150 2510 2332 2566 ἱκανὸν
2377 2521 2494 2571 τοῖς
2553 2507 2733 2564 ἐκεῖσε
2780 2505 3196 2586 προσδιατρίψας
3251 2507 3513 2586 Πατράσι,
3547 2503 3657 2567 περί
3681 2522 3762 2558 που

2149 2601 2241 2656 τὸν
2272 2597 2495 2656 Ῐιούλιον
2526 2599 2673 2672 μῆνα
2702 2603 2772 2674 τῇ
2802 2597 2894 2653 τοῦ
2927 2596 3168 2672 μεγάλου
3209 2603 3364 2673 μονῷ
3394 2593 3760 2674 προσενεχθεὶς,

2149 2687 2481 2767 εἰσεδέχθην.
2510 2687 2758 2752 Λεόντιος
2787 2684 2841 2742 δὲ
2872 2683 2937 2754 ἦν
2969 2685 2996 2742 ὃ
3021 2687 3107 2743 καὶ
3137 2686 3237 2753 τὴν
3268 2684 3548 2764 δποδοχὴν
3578 2683 3658 2741 καὶ
3681 2681 3759 2749 τὴν

2147 2783 2245 2846 τῆς
2277 2778 2448 2852 μονῆς
2479 2778 2802 2854 προστασίαν
2834 2777 3126 2842 τηνικαῦτα
3154 2775 3550 2850 πεποιημένος.

2231 2865 2394 2930 ΡΛΖ’,
2443 2865 2598 2924 Ἐκεῖ
2667 2871 2948 2944 τοιγαροῦν
3011 2861 3315 2943 διατρίϐων,
3367 2868 3477 2936 ὁρῶ
3526 2883 3633 2920 τινα
3682 2856 3756 2916 τοῦ

2153 2959 2310 3016 αὐτοῦ
2366 2955 2570 3035 θέρους,
2617 2955 2805 3012 Κίλικα
2849 2956 2908 3010 τὸ
2951 2953 3123 3032 γένος,
3170 2955 3230 3010 τὸ
3274 2954 3473 3034 σχῆμα
3523 2953 3748 3029 μοναχὸν,

2153 3045 2362 3103 Παῦλον
2419 3044 2608 3119 ὄνομα,
2670 3044 2768 3112 τῆς
2812 3051 2905 3101 τοῦ
2963 3043 3256 3123 Μαρτυρίου
3328 3048 3502 3120 μονῆς
3554 3039 3749 3119 ἐξορμη-

2148 3137 2326 3216 θέντα,
2384 3135 2646 3210 πνεύματι
2707 3132 2806 3209 μὲν
2843 3139 3064 3211 πονηρῷ
3131 3133 3520 3212 συνεχόμενον,
3575 3130 3665 3186 ὑπὸ
3711 3123 3756 3181 δὲ

2149 3233 2256 3283 τῶν
2312 3222 2630 3291 ἐπιτηδείων
2691 3229 2757 3298 τῷ
2812 3225 2903 3280 τοῦ
2961 3223 3220 3298 Εὒθυμίου
3305 3220 3544 3300 μνῆματι
3613 3236 3757 3296 προσο

2148 3316 2437 3394 αγόιέενον.
2485 3312 2732 3378 Τεθέντος
2774 3313 2948 3369 τοίνυν
3001 3321 3096 3370 τοῦ
3140 3319 3391 3392 μοναχοῦ
3418 3309 3645 3391 παρὰτῇ
3681 3309 3759 3364 τοῦ

2146 3404 2400 3481 λειψάνου
2431 3404 2596 3482 θήκῃ,
2650 3401 2894 3484 ἐποφθεὶς
2947 3400 3067 3478 μετ’
3115 3402 3295 3480 ὀλίγον
3326 3404 3356 3458 ὃ
3390 3400 3554 3479 μέγας
3599 3394 3754 3472 μέσων

2147 3512 2348 3552 νυκτων
2379 3495 2469 3550 τὸν
2513 3491 2738 3568 δαίμονα
2768 3491 3078 3550 ἀπελαύνει.
3134 3493 3229 3551 Καὶ
3285 3498 3444 3550 τοῦτο
3499 3487 3755 3566 μαρτύριον

2143 3586 2237 3653 τῆς
2295 3585 2489 3647 ἰάσεως
2531 3579 2778 3658 ἀψευδές.
2843 3581 3018 3649 Αὐτῆς
3076 3582 3177 3661 γὰρ
3231 3582 3421 3645 νυκτός
3479 3573 3755 3636 ἀνελθὼνδ

2145 3672 2351 3738 Παῦλος
2396 3673 2538 3753 παρὰ
2593 3672 2693 3738 τὴν
2750 3675 2849 3738 τῆς
2893 3676 3200 3752 νυκτερινῆς
3243 3667 3556 3748 ψαλμῳδίας
3605 3666 3754 3743 ὥραν,

2144 3765 2230 3828 εἷς
2281 3784 2340 3820 τε
2387 3767 2488 3819 τῶν
2531 3758 2765 3833 ᾀδόντων
2807 3761 3036 3839 γίνεται,
3081 3763 3165 3818 καὶ
3212 3761 3297 3842 ἐφ’
3354 3763 3508 3838 ἡμῶν
3561 3755 3754 3814 πάντων

2141 3859 2257 3928 Θεῷ
2298 3853 2398 3919 τὴν
2455 3849 2600 3907 ἴασιν
2645 3848 3074 3929 εξομολογετται.
3111 3851 3384 3914 Μαθόντες
3433 3848 3520 3910 οὖν
3567 3847 3614 3902 οἱ
3665 3845 3750 3908 τῆς

2139 3951 2230 4001 τοῦ
2277 3942 2570 4020 Μαρτυρίου
2613 3945 2785 4014 μονῆς
2828 3942 2888 3997 τὸ
2919 3939 3307 4020 γεγενημένον,
3363 3939 3578 4008 ἥκουσιν
3629 3934 3748 3990 ὥστε

2139 4033 2229 4090 τὸν
2287 4030 2494 4087 Παῦλον
2551 4031 2626 4094 εἰς
2669 4029 2768 4097 τὴν
2815 4031 3014 4087 οἰκείαν
3071 4030 3213 4093 αὗθις
3271 4031 3448 4106 μονὴν
3505 4027 3755 4099 ἐπαναγα-

2141 4135 2284 4202 γεῖν.
2337 4118 2488 4178 Ἀλλ’
2570 4119 2802 4194 ἐκεῖνος,
2875 4119 3165 4197 εὐγνώμων
3224 4117 3520 4178 δείκνυσθαι
3588 4109 3757 4191 βουλό·

2143 4232 2326 4288 μενος,
2390 4207 2726 4288 ἀναγραπτόν
2774 4229 2828 4265 τε
2870 4209 2969 4278 τὴν
3027 4209 3190 4290 χάριν
3232 4207 3363 4290 παρ’
3427 4211 3590 4279 ἑαυτῷ
3640 4221 3750 4258 συν-

2140 4307 2342 4380 τηρῶν,
2388 4297 2543 4374 ἔμενε
2600 4297 2661 4354 τὸ
2719 4297 2910 4356 λοιπὸν
2943 4298 2998 4354 έν
3027 4300 3104 4374 τῷ
3133 4297 3410 4374 κοινοϐίῳ,
3443 4298 3528 4356 καὶ
3573 4290 3747 4351 παντὸς

2141 4393 2306 4450 πόνου
2355 4389 2450 4446 καί
2505 4387 2960 4468 λειτουργήματος
3007 4391 3100 4446 σὺν
3144 4391 3409 4469 προθυμίᾳ
3453 4385 3590 4462 πάσῃ
3641 4389 3740 4440 τοῖς

2081 4510 2124 4562 ο
2140 4480 2390 4560 ἀδελφοῖς
2422 4478 2712 4539 ἐκοινώνει.

2224 4553 2395 4630 ΡᾹΕ’.
2447 4567 2582 4624 Ποτὲ
2639 4574 2766 4646 γοῦν
2812 4566 3156 4648 συλλέγοντες
3212 4572 3380 4646 ἡμεῖς
3438 4563 3614 4646 τροφὴν
3649 4553 3730 4612 ὶπῗ

2141 4666 2240 4728 τῆς
2270 4659 2472 4738 ὶρήμου
2501 4673 2514 4688 ⁸
2565 4657 2597 4725 ἦ
2623 4655 2679 4713 δὲ
2707 4659 2800 4734 ἦν,
2838 4656 2871 4714 ἃ
2900 4660 3155 4734 μανούθια
3185 4659 3408 4729 σύνηθες
3439 4651 3684 4732 ὀνομάζειν
3711 4661 3724 4678 ⁸

1725 4767 1980 4836 νΑιιυΕ
2020 4763 2453 4838 LECTIONES.

497 4858 534 4887 "
567 4847 647 4911 al.
680 4847 1044 4926 έσκεπτόμην.
1131 4857 1158 4886 η
1188 4848 1264 4910 al.
1300 4846 1764 4929 Ὠριγενειαστῷν,

1683 4927 1893 4993 JOAN.
1947 4927 2328 4996 BOLLANDI
2375 4925 2627 4992 NOTIE.

416 5035 620 5097 scitur.
654 5031 792 5090 hinc
821 5029 1232 5103 Scythopolim.
1265 5029 1549 5103 Cyrillum
1587 5044 1834 5102 puerum
1868 5031 2054 5103 disci-

416 5105 618 5175 pulum
647 5103 756 5161 sibi
788 5102 1054 5175 acquirit.
1089 5103 1254 5174 cujus
1280 5102 1344 5175 ea
1357 5111 1458 5173 put
1481 5103 1839 5175 metropolita
1864 5102 2052 5162 Theo-

419 5173 612 5234 dosius
641 5173 892 5246 tondens
915 5177 970 5231 in
1005 5173 1191 5245 primo
1214 5173 1598 5231 ecclesiastico
1623 5175 1806 5246 gradu
1836 5177 2050 5232 consti-

413 5251 542 5304 tuit.
579 5247 741 5303 Redit
774 5244 951 5303 Sabas
999 5244 1070 5302 ad
1122 5246 1368 5315 Iauram.
1407 5253 1461 5302 et
1515 5244 1742 5302 modico
1791 5253 2051 5315 tempore

416 5318 495 5373 ibi
537 5328 819 5388 transacto
847 5315 1176 5388 infirmitate
1211 5314 1477 5388 detentus
1506 5321 1613 5383 est,
1644 5330 1716 5388 ex
1755 5330 1868 5388 qua
1905 5314 2050 5377 obiit

415 5388 726 5444 indictione
773 5387 1020 5453 decima,
1061 5387 1096 5444 5
1133 5385 1467 5445 Decembris
1517 5400 1610 5443 an.
1643 5385 1744 5443 Ch.
1773 5385 1916 5444 '531.
1962 5388 2050 5447 Ab

415 5458 732 5515 indictione
757 5473 893 5530 ergo
916 5470 1094 5528 nona,
1115 5457 1186 5516 ad
1207 5467 1538 5530 sequentem
1570 5465 1791 5515 sextam
1811 5461 2049 5518 nonnisi

2136 5031 2396 5089 decimus
2424 5031 2627 5089 tertius
2658 5027 2964 5089 labebatur
2991 5043 3212 5096 annus;
3249 5031 3358 5091 nisi
3389 5038 3515 5102 ante
3536 5023 3729 5102 dicatur

2136 5102 2394 5176 habitum
2420 5101 2808 5176 monasticam
2837 5102 3160 5176 accepisse;
3196 5104 3352 5176 quod
3380 5102 3472 5160 ille
3499 5098 3644 5157 locus
3679 5098 3724 5146 in

2135 5176 2252 5247 vita
2275 5175 2331 5247 S.
2350 5174 2524 5247 _Sabae
2551 5173 3186 5247 agre_ut_suspioemur
3213 5173 3504 5247 permittit.

2206 5245 2320 5315 (88)
2350 5243 2411 5303 In
2451 5243 2673 5303 laura‘m
2696 5243 2752 5300 S.
2794 5243 2969 5301 Sabai.

2205 5317 2317 5393 ($9)
2342 5317 2712 5393 Potissimup
2734 5329 2866 5393 cum
2887 5315 3190 5393 {Seniculo
3207 5316 3484 5393 monacho
3505 5315 3558 5371 in
3579 5315 3728 5393 τερος

2133 5385 2342 5460 dochio
2373 5387 2596 5446 abbatis
2626 5385 2978 5460 Euthymiig
3006 5385 3727 5460 Scythopoliexgnionitione

2130 5457 2186 5518 S.
2225 5459 2463 5519 Joannis
2501 5460 2559 5517 In
2601 5457 2807 5518 somno
2837 5459 2891 5516 ei
2927 5457 3102 5518 facta;
3127 5458 3192 5518 In
3227 5457 3400 5534 hujus
3429 5457 3556 5517 Vita.

501 5567 593 5646 (ιι)
626 5569 996 5656 ἰουστιγι-ανοῡ
1023 5569 1466 5656 emendandum
1497 5569 1753 5647 affirmo,
1785 5588 1898 5633 nec
1926 5572 2279 5655 probatione
2307 5583 2398 5638 est
2443 5592 2637 5656 opus;
2673 5590 2920 5654 prorsus
2949 5581 3149 5637 tamen
3177 5573 3442 5639 videndae
3465 5570 3584 5636 alio
3606 5559 3721 5628 odi-

426 5648 625 5711 tiones
655 5665 790 5728 quae
817 5647 915 5710 hic
942 5649 1194 5711 variant.
1224 5652 1618 5713 COTELERIUS.
