3972 6130
178 274 299 353 713
1491 275 1681 352 VITA
1742 285 1803 348 s.
1858 269 2282 347 EUTHYMII.
3457 274 3576 344 714

180 423 467 501 Ἠρομεθα
548 427 642 484 τὸν
704 424 910 482 Παῦλον
960 424 1047 481 ἒπὶ
1117 429 1186 491 τῆ
1243 420 1479 501 συλλογῇ
1535 424 1622 478 καὶ
1693 423 1849 480 αὐτὸν

1938 418 2062 481 lare
2086 416 2397 479 manuthis
2432 415 2576 496 (90);
2610 414 2671 477 in
2695 414 3034 494 colligendo
3054 417 3391 495 rogavimus
3422 420 3583 482 Pau-

176 515 457 587 παρόντα,
511 513 602 571 ὅτι
659 536 715 570 τε
778 514 969 592 πάθος,
1013 511 1109 569 καΐ
1180 511 1296 568 ὅθεν
1350 512 1424 575 είς
1467 512 1529 568 τό
1587 509 1849 568 κοινόϐιον

1938 510 2181 583 lum,qui
2210 512 2328 582 ipse
2352 510 2520 567 etiam
2554 509 2770 574 aderat,
2793 508 3072 581 quidnam
3097 508 3148 565 ei
3179 511 3505 577 accidisset,
3529 523 3587 570 et

176 601 351 682 ἔλθοι,
386 606 487 660 καὶ
556 603 678 668 οἵας
709 605 852 684 παρὰ
901 609 967 679 τῇ
995 608 1089 659 τοῦ
1139 600 1392 678 λειψάνου
1437 603 1577 677 θήκῃ
1609 600 1849 659 ἀπολαύ-

1938 614 2120 678 quare
2144 595 2406 657 venisset
2430 595 2489 655 in
2512 592 3242 675 cmnobium,qualemque
3264 606 3422 657 esset
3447 615 3587 660 con-

172 715 263 749 σοι
313 695 423 759 τῆς
487 693 799 770 θεραπείας.
857 696 954 751 Καὶ
1014 693 1170 753 αὐτὸς
1227 694 1464 761 συνήθως
1520 692 1663 766 ἡμῖν
1707 691 1849 770 ἔχων

1938 698 2164 748 secutus
2187 689 2544 745 curationem
2568 689 2639 745 ad
2662 687 2885 743 thecam
2914 686 3311 759 reliquiarum.
3346 689 3419 747 Et
3440 691 3585 761 ipse,

173 780 306 855 ἤδη,
347 785 451 839 καὶ
503 781 676 859 μηδὲν
707 784 857 844 εἰδὼς
916 782 982 839 τά
1012 802 1073 861 γε
1132 782 1262 860 πρὸς
1290 784 1434 854 ἡμᾶς
1493 782 1849 859 ὖποκρίνεθαι,

1938 776 2051 856 iam
2077 773 2391 835 nobiscum
2414 771 2791 833 familiariter
2817 790 3023 851 agens,
3059 790 3169 835 nec
3198 776 3400 837 valens
3427 778 3586 856 apud

1939 884 2050 927 nos
2070 865 2393 945 quidquam
2420 862 3027 938 dissimulare,omnia
3054 873 3260 945 aperte
3286 869 3591 930 recensuit

1936 955 2165 1016 dicens:
2194 953 2483 1032 Ego,cum
2509 952 2802 1015 diaconiae
2824 970 2928 1014 seu
2951 952 3418 1035 dispensationis
3450 977 3586 1020 mn-

1937 1044 2123 1105 nusin
2140 1045 2398 1124 Martyrii
2424 1043 2792 1104 monasterio
2811 1047 3467 1122 accepissem,avaritiaa
3488 1068 3588 1111 ne—

1936 1133 2061 1195 scio
2086 1133 2385 1214 quomodo
2406 1142 2611 1213 captus
2630 1133 2713 1193 fui
2735 1132 3233 1212 cupiditate.Quia
3249 1154 3389 1197 varo
3410 1138 3586 1219 inops

1938 1241 2125 1297 eram,
2151 1241 2262 1283 nec
2294 1221 2587 1283 habebam
2625 1222 2785 1282 unde
2812 1222 2901 1281 vel
2925 1222 3271 1284 drachmam
3305 1228 3585 1307 acquire-

1938 1313 2253 1385 rem,venit
2285 1312 2428 1373 mihi
2456 1313 2514 1372 in
2542 1319 2825 1384 mentem,
2855 1330 2922 1373 ex
2954 1312 3141 1374 sacris
3162 1315 3312 1376 vasis
3342 1315 3585 1397 aliquod

1939 1402 2247 1482 surripere
2266 1410 2325 1462 et
2346 1420 2527 1461 unum
2551 1400 2829 1481 quodque
2853 1420 3060 1463 eorum
3090 1406 3281 1482 pretio
3302 1407 3583 1481 vendere,

170 877 429 950 φανερῶς
516 871 730 929 ἄπαιτα
802 869 1019 947 διεξῄει.
1094 868 1240 949 Ἐγὼ
1298 870 1587 937 διακονίαν,
1654 868 1849 949 λέγων,

172 958 226 1015 ἂν
287 966 363 1036 τῇ
431 963 543 1018 τοῦ
601 963 895 1039 Μαρτυρίου
947 966 1085 1037 μονῇ
1132 962 1449 1040 πιστευθεὶς,
1494 958 1851 1039 φιλοχρημα-

171 1050 293 1113 τίας
358 1054 467 1109 οὐκ
501 1048 616 1108 οἷδ’
679 1050 826 1114 ὅπως
886 1048 1059 1106 ἑάλων
1117 1048 1293 1127 ἔρωτι,
1329 1047 1549 1116 Ἐπειδῆ
1608 1047 1662 1103 δὲ
1705 1049 1853 1115 ἠπό-

173 1158 303 1215 ρουν
357 1142 467 1194 καὶ
507 1142 608 1198 οὐκ
652 1139 817 1218 εἶχον
848 1137 967 1195 ὅθεν
998 1138 1061 1195 ἂν
1092 1137 1209 1198 οὐδὲ
1255 1138 1507 1219 δραχμὴν
1566 1139 1849 1210 κτήσαιμι,

170 1224 355 1283 ἔννοιά
440 1250 546 1302 μοι
621 1228 849 1307 γίνεται,
907 1234 1013 1285 τῶν
1081 1229 1237 1307 ἱερῶν
1309 1234 1511 1284 σκευῶν
1574 1225 1853 1306 ὑφελέσθαι

168 1319 324 1388 τινὰ,
354 1319 581 1373 τούτων
625 1339 680 1374 τε
714 1317 939 1374 ἕκαστον
989 1322 1151 1391 τιμῆς
1182 1316 1495 1391 ἀποδόσθαι,
1529 1319 1615 1373 καὶ
1664 1318 1853 1381 κτῆσιν

173 1405 407 1481 ἐμαυτῷ
443 1429 575 1463 τινα
616 1405 767 1464 τόνδε
797 1410 889 1464 τὸν
930 1408 1125 1486 τρόπον
1173 1409 1642 1486 περιποιήσασθαι,
1694 1404 1851 1463 Ἐπεῖ

176 1498 267 1553 οὗν
330 1498 601 1566 ἡττήθην
657 1496 823 1554 τῶνδε
854 1502 960 1553 τῶν
1010 1503 1259 1575 πονηρῶν
1311 1495 1605 1575 λογισμῶν,
1640 1496 1726 1551 καὶ
1770 1496 1849 1550 τὸν

1941 1500 2035 1570 atq
2048 1510 2118 1553 ue
2139 1491 2210 1553 ad
2235 1510 2369 1553 eum
2395 1490 2635 1551 modum
2663 1490 2916 1570 aliquam
2943 1492 3088 1551 mihi
3114 1509 3322 1571 parare
3346 1513 3588 1575 posses-

171 1592 271 1644 τοῦ
332 1593 487 1645 Θεοῦ
550 1586 711 1666 φόϐιον
769 1586 1163 1667 ἂπεσεισάμην,
1226 1589 1512 1666 φαιροῦμαι
1558 1587 1651 1649 τὰς
1706 1583 1849 1646 κλεῖς

1942 1580 2200 1643 sionem.
2234 1583 2555 1659 Postquam
2591 1598 2731 1656 ergo
2755 1581 2942 1641 victus
2972 1580 3055 1642 fui
3076 1580 3149 1641 ab
3182 1581 3276 1643 his
3298 1583 3594 1664 improbis

174 1675 237 1731 ἐκ
292 1684 394 1734 τοῦ
443 1678 854 1756 θυσιαστηρίου·
916 1678 1004 1733 καὶ
1069 1676 1326 1741 διανοίξας
1387 1675 1507 1732 ἔνθα
1550 1680 1657 1731 τῶν
1704 1675 1849 1752 ἱερῶν

1941 1670 2423 1748 cogitationibus,
2450 1670 2850 1752 timoremque
2875 1671 2981 1733 Dei
3014 1672 3273 1748 excussi,
3305 1673 3592 1738 subtraho

174 1772 389 1825 σκευῶν
438 1768 481 1834 ἡ
551 1767 830 1841 ἀπόθεσις,
864 1767 1065 1823 τούτων
1106 1766 1173 1822 τὰ
1229 1769 1326 1841 μὲν
1382 1765 1691 1843 κακούργως
1733 1764 1849 1821 ἐνο-

1942 1765 2132 1819 claves
2155 1778 2223 1819 ex
2247 1763 2433 1827 altari;
2465 1772 2739 1833 etaperto
2763 1762 2887 1819 loco
2923 1764 2978 1819 in
3004 1778 3119 1834 quo
3150 1765 3397 1836 reposita
3428 1777 3595 1826 erant

175 1857 503 1934 σφισάμην,
568 1879 635 1914 τα
708 1855 762 1912 δὲ
820 1860 909 1913 καὶ
979 1854 1164 1921 ἄλλοις
1241 1853 1519 1934 ὀλιγώρως
1592 1852 1849 1928 διένειμα,

1944 1865 2077 1908 vasa
2126 1866 2319 1921 sacra,
2355 1865 2425 1909 ea
2479 1847 2693 1927 partim
2745 1847 2893 1908 mihi
2942 1849 3232 1913 scelerate
3282 1854 3588 1933 usurpavi,

175 1946 318 2002 Εἶτα
379 1946 495 2013 τὴν
556 1945 829 2003 διακονίαν
881 1953 906 1980 ⁰
958 1945 1241 2007 ἐκτελέσας
1304 1943 1537 2025 ἐκείνην,
1601 1945 1694 2006 τὰς
1758 1944 1849 2019 μὲν

1942 1936 2154 2017 partim
2187 1938 2323 2000 aliis
2346 1936 2733 2018 contemptim
2760 1936 3059 1999 distribui.
3097 1940 3328 2002 Deinde
3352 1952 3592 2021 peracto

174 2038 335 2099 κλεῖς
398 2033 736 2111 ἀποδίδωμι,
772 2036 946 2116 φέρων
977 2036 1124 2100 αὖθις
1182 2038 1259 2108 τῷ
1285 2035 1668 2114 θυσιαστηρίῳ.
1723 2043 1849 2112 Τρα-

1940 2025 2044 2089 illo
2079 2026 2373 2088 minsterii
2401 2026 2622 2100 ofﬁcio,
2644 2025 2842 2088 claves
2871 2026 3115 2108 quidem
3143 2029 3355 2102 reddo,
3380 2049 3591 2094 rursus

178 2125 297 2188 πεὶς
364 2123 428 2181 δὲ
503 2126 643 2201 μετὰ
685 2148 845 2182 τινων
905 2122 1148 2204 ἀδελφῶν
1218 2124 1303 2180 ἐπὶ
1346 2122 1588 2203 δεῖπνον,
1653 2125 1739 2180 καὶ
1782 2124 1849 2186 εἰς

1940 2116 2010 2204 ad
2038 2134 2201 2177 arom
2227 2115 2449 2178 ferens.
2481 2117 2814 2178 Conversus
2834 2125 3030 2177 autem
3064 2137 3197 2178 cum
3231 2118 3588 2196 quibusdam

176 2214 342 2291 κόρον
408 2214 574 2273 οἴνου
617 2214 778 2290 πιὼν,
812 2214 898 2271 ἐπὶ
948 2203 1057 2282 τῆς
1105 2215 1389 2291 στρωμνῆς
1446 2210 1625 2278 ἅθλιος
1686 2234 1849 2269 καταα

1940 2203 2222 2267 fratribus
2246 2206 2317 2266 ad
2345 2222 2597 2276 cmnam,
2636 2223 2768 2265 cum
2803 2206 3001 2266 vinum
3036 2208 3106 2267 ad
3130 2209 3460 2270 satietatem
3493 2209 3591 2272 bi-

178 2304 472 2381 κλίνομαι,
547 2306 645 2363 Καὶ
709 2307 896 2362 αὐτίκα
953 2302 1019 2371 δὴ
1074 2310 1180 2367 πᾶς
1237 2302 1526 2366 ἀκολασίας
1596 2302 1849 2380 λογισμὸς

1942 2294 2250 2361 bissem,in
2274 2302 2456 2355 strato
2481 2293 2767 2355 recumbo
2791 2293 3272 2358 miser.Prolinus
3290 2317 3424 2360 vero
3446 2317 3591 2362 cun-

180 2396 533 2475 καταχεῖταί
592 2416 695 2470 μου
747 2403 841 2460 τῆς
908 2398 1121 2472 ψυχῆς,
1180 2393 1360 2471 ὥσπερ
1418 2391 1502 2449 ἐπ’
1570 2392 1697 2448 αὗτὸ
1768 2399 1849 2448 τοῦ

1941 2392 2031 2446 cta
2056 2383 2323 2475 libidinis
2338 2384 2613 2475 cogitatio
2634 2384 2693 2475 in
2721 2402 2909 2445 meam
2935 2384 3582 2475 diﬂ‘undituranimam,

182 2471 409 2541 πάντων
476 2508 578 2562 μοι
651 2471 1078 2563 συνδραμόντων.
1143 2484 1286 2562 Ἐγὼ
1342 2482 1396 2538 δὲ
1467 2484 1565 2550 τὴν
1621 2480 1849 2538 διάνοιαν

1941 2474 2191 2554 perinde
2240 2491 2307 2533 ac
2340 2473 2389 2533 si
2418 2472 2491 2533 ad
2542 2472 2600 2533 id
2632 2471 2824 2552 ipsum
2876 2474 3079 2533 omnia
3124 2475 3271 2535 mihi
3320 2496 3583 2539 concur-

183 2571 290 2630 ὐπὸ
349 2560 486 2641 τῆς.
533 2575 701 2649 μέθης
763 2560 837 2630 ἔτι
924 2560 1326 2653 διεφθαρμένος,
1385 2570 1554 2641 ἡδέως
1624 2572 1849 2646 ἐμαυτὸν

1938 2563 2176 2625 rissent.
2212 2560 2330 2641 Ego
2358 2571 2578 2633 autem,
2609 2563 2776 2641 cujus
2806 2562 3044 2623 animus
3071 2574 3199 2625 erat
3227 2566 3425 2628 adhuc
3447 2586 3583 2629 cor-

188 2675 309 2728 τοῐς
341 2661 643 2742 λογισμοῖς
703 2665 912 2727 τούτοις
941 2650 1138 2730 ἀνήκω
1187 2664 1275 2717 καὶ
1306 2684 1373 2738 με
1422 2659 1845 2735 παραλαϐόντες,

1938 2661 2144 2742 ruptus
2192 2671 2226 2742 a
2255 2651 2626 2730 temulentis,
2664 2671 2757 2713 me
2789 2650 3051 2714 libenter
3106 2655 3324 2717 tradidi
3355 2657 3445 2720 his
3478 2677 3583 2719 co-

191 2751 331 2809 οῧτω
388 2741 668 2834 διέθηκαν,
699 2756 775 2817 ὡς
824 2756 910 2811 καὶ
943 2753 1191 2831 γυναικὸς
1245 2752 1572 2808 αἰσθάνεσθαι
1629 2773 1844 2825 συμπα-

1938 2741 2319 2821 gitationibus
2346 2762 2361 2813 ;
2395 2760 2526 2822 quas
2559 2759 2653 2802 me
2702 2749 3075 2822 assumptum
3107 2743 3194 2804 sic
3225 2745 3585 2817 affecerunt,

197 2844 422 2919 ρούσης,
456 2844 545 2899 καὶ
575 2844 710 2915 αὐτῇ
743 2846 1151 2901 συνανακετσθαι
1183 2840 1387 2904 δοιεῖδ,

1938 2839 1996 2893 ut
2041 2839 2101 2893 et
2128 2830 2365 2894 viderer
2412 2831 2639 2892 sentire
2669 2830 2953 2892 feminam
3009 2850 3141 2912 quae
3171 2852 3290 2895 una
3340 2855 3575 2899 mecum

1931 2929 2115 2994 esset,
2150 2930 2209 2981 et
2241 2939 2372 2982 cum
2407 2938 2476 2981 ea
2507 2939 2624 2981 una
2647 2920 2878 3000 jacere.

279 3021 452 3083 PAG'.
515 3020 706 3103 ’Ἄφνω
735 3020 825 3079 οὗν
869 3018 1191 3102 προσϐάλλει
1242 3043 1334 3096 μοι
1365 3021 1519 3099 νέφος
1579 3021 1849 3077 σκοτεινόν

1993 3008 2518 3103 ΟΧΧΧΙΧὸυιιίιο
2545 3009 2725 3089 igitur
2745 3028 2839 3072 me
2858 3011 3082 3073 invadit
3098 3013 3373 3090 quaedam
3397 3019 3591 3078 nubes

199 3132 249 3166 τι
303 3114 392 3169 καὶ
436 3098 710 3186 ἀλαμπὲς’
758 3113 818 3168 τὸ
877 3098 933 3168 δὲ
975 3112 1043 3180 ἧν
1105 3110 1204 3188 ἄρα
1275 3114 1303 3167 ὁ
1361 3098 1698 3180 ἐπιπηδήσας
1759 3134 1849 3187 μοι

1938 3100 2258 3163 tenebrosa
2284 3108 2344 3161 et
2375 3098 2655 3161 obscura:
2690 3117 2763 3161 ea
2792 3118 2970 3180 porro
3002 3112 3128 3163 erat
3155 3103 3259 3183 qui
3289 3104 3350 3165 in
3386 3124 3481 3168 me
3504 3106 3590 3167 ir—

202 3202 387 3279 μιαρὸς
440 3202 666 3278 δαίμων·
722 3199 810 3281 ὑφ’
859 3204 921 3258 οὗ
969 3202 1273 3281 χειρωθεὶς,
1307 3200 1487 3279 ὥσπερ
1534 3201 1637 3257 ὑπὸ
1666 3209 1693 3252 ι)
1748 3203 1849 3257 τῶν

1938 3198 2143 3253 ruerat
2166 3192 2434 3270 impurus
2458 3190 2759 3267 daemon;a
2775 3209 2892 3270 quo
2917 3191 3493 3275 devictus,tanquam
3515 3196 3590 3264 ab

206 3278 471 3366 πολεμίων
534 3278 1170 3372 ληφθεὶς-αἰχμάλωτος,
1225 3278 1410 3365 ἔμεινα
1467 3289 1686 3369 χρόνον·
1762 3287 1849 3347 ὑπ’

1939 3281 2210 3372 hostibus
2240 3278 2510 3372 captivus
2538 3278 2978 3372 factus,‘mansi
3021 3298 3130 3361 per
3158 3282 3397 3361 longum
3433 3294 3587 3346 tem-

210 3379 361 3437 αὒτοῦ
417 3382 619 3461 συχνὸν
667 3384 1092 3461 τιμωρούμενος,
1126 3383 1213 3438 καὶ
1261 3381 1308 3436 τί
1356 3381 1433 3455 μὴ
1465 3381 1696 3459 πάσχων
1750 3386 1854 3436 τῶν

217 3466 486 3547 χαλεπῶν⁸
542 3473 649 3528 Ποῦ
679 3472 779 3551 γὰρ
840 3470 901 3526 ἂν
929 3472 1016 3527 καὶ
1075 3471 1232 3548 κόρον
1262 3466 1420 3529 λάϐοι
1480 3469 1716 3535 τοιοῦτος
1748 3469 1851 3549 ἒχ-

216 3559 332 3634 θρὸς
387 3566 476 3616 τοῦ
529 3562 709 3623 κακῶς
771 3558 915 3637 δρᾷν,
969 3556 1183 3616 ἐπειδὰν
1235 3558 1374 3624 ἅπαξ
1404 3558 1586 3637 κύριος
1626 3558 1848 3635 γένηται

209 3648 357 3704 τοῦτο
386 3658 414 3701 tl
439 3648 559 3727 δρᾷν
593 3670 609 3730 ;
665 3648 767 3714 ἕως
827 3649 1017 3706 οἶκτόν
1049 3671 1150 3724 μου
1208 3645 1458 3709 λαϐόντες
1501 3650 1555 3704 οἷ
1608 3644 1843 3726 ἀδελφοὶ,

204 3734 536 3815 ἀναιροῦντα(
594 3761 685 3814 με,
734 3740 823 3795 καὶ
880 3738 1024 3817 παρὰ
1079 3740 1178 3807 τὴν
1244 3744 1336 3794 τοῦ
1366 3736 1517 3815 αγίου
1573 3739 1847 3812 κομίζουσι

204 3828 396 3897 θήκην,
471 3826 605 3906 Παρ’
669 3832 803 3905 αὒτῇ
853 3828 1025 3886 τοίνυν
1093 3828 1280 3901 τεθεὶς,
1342 3828 1438 3882 καὶ
1512 3848 1851 3906 παραχρημα

202 3930 314 3975 οἷον
358 3917 679 3997 ἀνενεγκὼν,
728 3920 816 3975 καὶ
886 3917 936 3975 ἕν
994 3916 1208 3994 ἐμαυτῷ
1250 3916 1561 3996 γενόμενος,
1598 3915 1850 3991 ίὲδεόμην

201 4009 335 4083 μετὰ
380 4011 591 4086 θερμῶν
623 4011 729 4065 τῶν
771 4007 1034 4088 δακρύων,
1069 4006 1217 4063 ἔλεόν
1270 4028 1371 4081 μου
1402 4006 1519 4062 τινὰ
1561 4008 1653 4062 τὸν
1684 4006 1854 4084 μέγαν

200 4093 410 4173 λαϐεῖν,
457 4101 546 4155 καὶ
608 4121 708 4166 της
776 4099 1030 4174 ἐπηρείας
1097 4117 1163 4172 με
1235 4097 1436 4164 ταύτης
1501 4101 1593 4151 τοῦ
1662 4095 1855 4171 μιαροῦ

200 4183 451 4264 δαίμονος
524 4187 846 4254 ἀπαλλάξαι·
919 4188 1005 4245 καὶ
1074 4187 1434 4265 προσεκείμην
1480 4183 1572 4265 ἀφ’
1628 4183 1853 4264 ἑσπέρας

199 4278 363 4346 αὐτῆς
423 4276 687 4353 λιπαρῶν,
754 4279 843 4335 καὶ
899 4281 995 4336 οὐκ
1055 4275 1218 4332 ἆνίειν
1275 4274 1551 4349 δεόμενος.
1610 4273 1753 4342 ’Ἡδη
1798 4273 1855 4332 δὲ

197 4369 317 4448 περὶ
368 4368 433 4424 τὸ
504 4368 829 4443 μεσαίτατον
900 4371 998 4433 τῆς
1058 4365 1268 4438 νυκτὸς,
1331 4362 1502 4421 ἐδόκει
1561 4386 1653 4440 μοι
1710 4366 1855 4444 παρὰ

200 4434 304 4515 τινι
365 4434 655 4536 διατρίϐειν
723 4459 876 4531 τόπῳ
932 4455 1057 4530 θείῳ
1109 4455 1197 4512 καὶ
1250 4434 1576 4530 ’θαυμαστῷλ
1640 4456 1699 4511 οὗ
1752 4434 1921 4522 τηνο

197 4546 365 4624 θέσιν,
423 4548 485 4605 τὸ
526 4546 747 4625 κάλλος,
808 4547 907 4616 τὴν
966 4547 1158 4627 χάριν,
1225 4541 1434 4608 εὔξαιτο
1491 4544 1589 4620 μὲν
1645 4541 1708 4599 ἄν
1765 4567 1854 4610 τις

1941 3388 2052 3449 pus
2071 3368 2143 3430 ab
2170 3387 2239 3430 eo
2262 3368 2654 3438 cruciatus,et
2683 3368 2821 3445 quid
2848 3387 2967 3429 non
2993 3389 3170 3447 grave
3192 3389 3417 3451 passus.
3451 3371 3595 3436 Ubi-

1938 3478 2074 3522 nam
2129 3459 2286 3521 enim
2322 3456 2591 3520 satiatam
2627 3457 2782 3519 male
2821 3457 3084 3520 faciendi
3118 3462 3348 3540 ceperit
3378 3462 3593 3542 hujus-

1936 3549 2096 3610 modi
2120 3547 2423 3621 inimicus,
2450 3546 2689 3626 quando
2712 3548 2900 3608 semel
2936 3547 3213 3611 habuerit
3240 3558 3590 3629 potestatem

1933 3637 2196 3700 faciendi
2216 3636 2567 3699 hoc9Donec
2591 3634 2801 3697 fratres
2816 3637 2980 3697 ducti
3006 3638 3119 3698 mei
3145 3638 3586 3716 misericordia,

1935 3727 2149 3790 tollunt
2173 3735 2355 3801 me,et
2377 3725 2447 3786 ad
2474 3726 2661 3787 sancti
2685 3743 2923 3805 capsam
2957 3726 3493 3810 adducant.[taque
3517 3732 3589 3793 ad

1934 3818 2095 3880 illam
2130 3821 2376 3897 positus,
2412 3816 2607 3876 statim
2642 3817 2803 3877 velut
2830 3827 3136 3878 recreatus
3185 3828 3242 3879 et
3273 3819 3334 3880 in
3368 3839 3464 3882 me
3486 3839 3588 3883 ιθ·-

1936 3924 2166 3983 versus,
2190 3905 2438 3967 orabam
2472 3923 2606 3967 cum
2657 3905 2870 3967 calidis
2903 3905 3209 3985 lacrymis,
3245 3917 3307 3968 ut
3341 3928 3595 3989 magnus

1938 3998 2052 4061 mei
2076 3997 2458 4078 aliquatenus
2480 3998 3118 4076 misereretur,meque
3140 3996 3212 4058 ab
3238 3997 3347 4060 hac
3372 4000 3595 4081 impuri

1938 4089 2230 4151 daemonis
2259 4088 2544 4149 liberaret
2566 4086 2895 4150 vexatione:
2932 4098 2990 4149 et
3013 4107 3047 4151 a
3077 4106 3325 4168 vespera
3358 4091 3461 4153 illa
3490 4093 3595 4153 ad-

1932 4178 2206 4260 jacebam
2230 4177 2719 4258 supplicans,nec
2744 4176 3218 4239 intermittebam
3243 4198 3439 4244 orare.
3462 4180 3591 4245 Jam

1939 4287 2077 4331 vero
2100 4268 2260 4331 circa
2282 4268 2541 4329 mediam
2563 4275 2819 4328 mortem
2847 4268 3095 4329 videbar
3117 4269 3499 4332 mihiversari
3531 4273 3591 4332 in

1937 4359 2195 4440 quodam
2215 4358 2345 4419 loco
2370 4357 2570 4419 divino
2594 4355 3212 4438 etadmirabili;cujus
3234 4360 3587 4439 posituram,

1939 4449 2753 4535 pulchritudinem,gratiam,
2782 4452 3080 4529 optaverit:
3102 4451 3354 4529 quidem
3387 4455 3593 4517 videre

1937 4545 2250 4618 quispiam,
2274 4543 2373 4600 sed
2396 4541 2590 4601 verbis
2612 4555 2981 4613 nequaquam
3009 4546 3221 4616 poterit
3240 4547 3591 4618 exprimere.

1511 4651 1769 4717 VARLE
1823 4650 2261 4718 LECTIONES.

277 4747 305 4774 °
336 4739 414 4803 al.
452 4737 737 4815 διανομήν.
828 4746 853 4790 ν
886 4738 967 4798 sl.
1001 4736 1105 4794 ὑπό
1136 4758 1248 4799 του.
1335 4745 1365 4791 ιι
1398 4733 1477 4815 al.
1508 4742 1624 4815 τος).

1406 4811 1616 4878 JOAN.
1674 4810 2057 4878 BOLLANDI
2117 4810 2369 4876 NOTAE.

256 4924 653 5004 (90)Lubet_de
668 4937 809 5004 voce
829 4923 1263 5004 bsc.nu_squam_
1275 4941 1308 5004 _a
1318 4924 1417 5004 libi
1441 4922 1610 5004 nobis
1626 4918 1858 4994 quidem

202 4994 416 5064 notata,
438 4995 735 5076 eruditum
765 4994 1287 5076 Adrisni_Crom_mii
1316 4996 1577 5075 (utrique
1600 5006 1859 5076 nos'rutn

209 5085 436 5142 scalper
455 5083 588 5152 cum
614 5069 839 5152 honore
858 5066 1218 5124 nominandi.
1244 5082 1412 5152 aquo
1433 5066 1611 5123 sacris
1633 5066 1863 5148 Litteris

212 5144 671 5215 theologtctsque
697 5138 1024 5215 disciplinis
1057 5152 1256 5215 sumus
1280 5139 1528 5215 instituti
1558 5140 1866 5208 (conjectu-

207 5227 331 5272 ram
383 5209 681 5294 apponere
702 5225 715 5266 :
757 5230 780 5262 ι
811 5209 1116 5294 Ειιιειὶιξιο,
1151 5209 1357 5280 inquit,
1389 5210 1715 5294 Hebraaatn.
1740 5221 1863 5294 esse

205 5278 477 5359 vocem'i
520 5289 584 5345 et
634 5280 723 5344 sic
769 5279 1151 5343 scribendam
1208 5278 1425 5346 't'tm'zo
1482 5278 1755 5357 manolja
1805 5278 1864 5339 id

211 5374 315 5432 est,
347 5373 575 5444 partes,
596 5363 716 5444 sive
756 5361 1067 5444 portiones,
1105 5361 1227 5444 Dei,
1266 5359 1387 5444 sive
1418 5361 1644 5444 ineptas
1666 5361 1859 5444 dapes,

211 5429 367 5510 quas
409 5449 479 5491 ex
538 5432 638 5491 Dei
692 5429 974 5489 beneﬂcio
1032 5433 1088 5488 in
1154 5431 1377 5490 deserto
1433 5429 1868 5488 ex'arboribus

212 5511 295 5587 vel
336 5507 537 5587 herbis
582 5501 1121 5587 legebant._8imilis
1152 5517 1263 5587 vox
1292 5513 1379 5587 est
1417 5502 1678 5587 Estheris
1711 5513 1773 5585 ttz
1803 5512 1861 5557 ν.

211 5581 263 5657 ξ-
270 5580 326 5657 in
362 5578 628 5642 Hebraeo;
647 5573 749 5632 ubi
778 5573 1009 5657 Estheri
1039 5574 1315 5657 dicuntur
1344 5575 1696 5657 datmpartes
1724 5573 1863 5657 ejus.

214 5651 366 5717 Heb.
398 5664 633 5716 mnum
669 5647 976 5728 portiones
998 5647 1152 5727 ejus,
1178 5644 1303 5710 sive
1330 5664 1429 5708 res
1462 5644 1523 5708 ei
1539 5645 1615 5708 ad
1644 5644 1862 5706 victum

536 5778 805 5843 PATROL.
835 5774 949 5840 Gn.
988 5773 1197 5842 CXIV.

1947 4929 2005 4984 et
2036 4922 2262 4983 cultum
2307 4918 2687 4982 necessariae.
2722 4918 2841 4981 Sed
2872 4917 2957 4981 ibi
3006 4933 3090 4983 m
3122 4918 3340 4982 litteris
3383 4921 3597 4984 finales

1945 5001 2224 5073 pluralem
2265 5015 2573 5058 numerum
2601 5010 2658 5073 et
2684 5000 2925 5073 anisum
2973 4998 3317 5073 femininum
3367 5002 3597 5073 signiﬁ-

1947 5071 2308 5131 cant.Posset
2327 5075 2497 5130 etiam
2514 5071 2878 5130 exHebraica
2899 5082 2952 5144 et
2973 5071 3161 5129 Graeca
3176 5086 3302 5129 esse
3318 5071 3603 5144 composi-

1950 5152 2005 5207 ιο
2042 5144 2250 5220 dictio,
2275 5152 2339 5225 ιιι
2368 5146 2619 5220 μανονθία
2652 5144 2730 5206 sit
2759 5143 2929 5225 quasi
2952 5145 3124 5217 μάννα
3153 5145 3393 5219 ἑωθινόν,
3424 5143 3493 5225 pi.
3520 5146 3601 5211 sit

1946 5226 2156 5282 allusio
2176 5226 2247 5282 ad
2272 5224 2395 5281 Man
2421 5225 2543 5280 sive
2575 5223 2794 5281 manna
2818 5224 3214 5295 Hebraeorum,
3236 5225 3393 5295 quod
3419 5223 3598 5285 Exodi

1948 5308 2066 5354 xvr.
2100 5309 2154 5353 ν,
2188 5296 2277 5362 21,
2311 5306 2365 5352 et
2395 5295 2651 5366 Sapient.
2685 5306 2802 5355 xvr.
2832 5307 2891 5351 ν.
2939 5294 3028 5360 28,
3068 5303 3200 5352 ante
3231 5294 3422 5355 ortum
3459 5300 3600 5357 solis

1949 5368 2341 5440 colligendum
2364 5367 2886 5440 erat.Vocatu_rque_
2902 5366 3094 5440 ipsum
3114 5382 3260 5423 man.
3284 5370 3447 5439 quasi
3468 5387 3601 5440 pars

1952 5440 2037 5496 vel
2066 5436 2275 5510 portio,
2307 5453 2432 5510 quae
2464 5440 2604 5509 ipsis
2633 5454 2661 5494 s
2705 5436 2825 5495 Deo
2857 5436 3127 5510 dabatur,
3159 5448 3216 5495 et
3247 5436 3373 5496 sine
3402 5436 3602 5500 labore

1948 5508 2774 5582 comparabatur,quamqu_a_n_i
2800 5518 2861 5582 e_t
2873 5508 3047 5582 aliam
3071 5510 3482 5582 etymologiam
3505 5515 3603 5571 dat

1949 5578 2153 5644 noster
2183 5578 2482 5661 interpres
2512 5599 2582 5642 ex
2612 5578 2782 5661 LXX.
2818 5579 3007 5661 Exod.
3041 5578 3164 5657 xvi,
3191 5601 3254 5644 v.
3284 5578 3384 5659 43,
3419 5593 3481 5646 ιιι
3505 5600 3600 5650 tm

1950 5676 2047 5727 ma
2077 5660 2374 5727 Marathon
2397 5661 2476 5724 sit
2503 5660 2671 5742 quasi
2705 5674 2904 5754 psmn
2941 5660 3107 5736 Quid
3131 5663 3240 5727 hoc
3267 5662 3298 5722 ?
3325 5688 3353 5720 ›

3227 5770 3303 5835 23
