3972 6130
462 238 576 328 ‘713‘
1774 265 2050 328 MENSIS
2075 266 2541 335 JANUARIUS."
3716 281 3828 346 716

459 403 600 466 Mihi
655 422 892 484 quoque
923 401 1235 465 videbatur
1266 404 1432 479 nigra
1486 402 1755 482 quaedam
1791 403 2002 464 cucula
2049 408 2101 464 et

2200 402 2344 479 ἰδεῖν,
2381 405 2526 484 λόγῳ
2583 404 2637 461 δὲ
2670 405 2889 472 δυνατὸς
2934 410 3106 467 εἰπεῖν
3149 409 3401 486 οὐδαμῶς
3449 412 3621 476 ἔσται.
3653 413 3827 489 Ἐῴκει

461 495 640 574 plena
663 492 884 555 vellere
907 493 1086 573 capiti
1114 511 1246 554 meo
1279 510 1412 554 esse
1434 492 1884 573 impositazillud
1907 501 2101 555 autem

2200 492 2243 550 δέ
2287 519 2376 570 μοι
2429 497 2516 552 καὶ
2578 497 2892 554 κουκούλιόν
2922 522 2973 554 τι
3033 499 3199 573 μέλαν
3255 504 3350 558 καὶ
3383 502 3598 578 μαλλοῦ
3648 503 3827 583 πλῆρες

457 583 650 674 vellus
679 585 743 662 (0
778 583 1067 674 malorum
1101 581 1390 674 depulsor
1418 600 1594 674 serve
1623 581 1729 644 Dei
1747 581 2037 674 _Eut_hymi
2061 582 2101 659 !)

2200 583 2490 674 ἑπικεϊσθαί
2531 607 2633 660 μου
2677 593 2744 663 τῇ
2795 586 3024 668 κεφαλῇ·
3074 592 3101 645 ὁ
3129 587 3182 646 δὲ
3240 590 3463 665 μαλλὸς
3498 594 3638 666 αὒτῷ
3696 581 3830 674 (ἁλε-

457 673 612 734 absit
665 684 729 733 ut
763 672 902 732 ullis
953 671 1087 732 aliis
1138 672 1494 751 imponatur.
1545 669 1690 733 Nam
1744 671 2101 733 intrinsecus

2200 673 2376 738 Ξὶκακε
2437 679 2672 753 θαρὰπον
2719 680 2849 732 Θεοῦ
2909 679 3157 757 anque)
3211 678 3358 755 μηδὲ
3403 681 3608 759 ἑτέροις
3664 669 3828 741 ἐπιτε-

457 762 698 843 quidem
729 762 859 821 loco
885 761 1081 821 mollis
1103 761 1274 833 lanaa,
1304 769 1513 824 ornata
1545 772 1673 822 erat
1697 762 2101 840 Spitzis,iisque

2200 767 2342 828 θῆναι
2407 763 2670 839 μηδαμῶς
2699 764 2929 843 γὲνᾶιτο,
2989 768 3188 844 Ἐκόμα
3232 770 3335 843 μὲν
3385 771 3492 847 γὰρ
3521 773 3588 826 τὰ
3637 770 3826 835 ἕνδοντ,

458 872 576 915 non
607 851 1027 914 tolerabilibus
1054 851 1259 931 utique
1291 859 1352 913 et
1381 850 1810 924 mediocribus,
1840 852 1942 913 sed
1977 869 2101 932 quae

2200 851 2442 914 ὶκάνθαις
2502 853 2615 909 ἀντὶ
2647 854 2832 929 μαλῶν
2863 872 2906 927 ι,
2942 857 3025 913 καὶ
3081 859 3301 924 ταύταις
3357 860 3420 916 οὒ
3472 877 3732 940 φορηταϊς
3773 864 3825 935 δή

455 943 907 1022 scriptoriorum
944 941 1478 1002 instrumentorum
1513 941 1776 1003 stimulis
1817 942 2101 1020 magnitu-

2200 963 2294 997 τισι
2352 945 2439 998 καὶ
2491 945 2754 1023 μετρίαις,
2788 941 2925 1000 ἀλλὰ
2977 959 3096 1012 τοῖς
3139 954 3246 1004 τῶν
3297 953 3630 1028 γραφικῶνι
3685 951 3822 1030 ἔργα·

453 1033 593 1093 dine
647 1050 715 1093 ac
747 1029 1120 1108 longitudine
1179 1040 1348 1091 erant
1379 1030 1648 1091 similes:
1703 1038 1878 1110 caput
1907 1039 2102 1093 autem

456 1140 650 1183 meum
706 1119 876 1182 valde
909 1119 1232 1200 pungebat,
1267 1138 1462 1200 neque
1514 1119 1758 1180 omnino
1805 1120 1972 1182 hiare
2019 1119 2104 1179 si-

449 1209 632 1272 nebat
661 1219 763 1273 aut
793 1208 1113 1290 respiraro.

530 1300 699 1364 CXL.
736 1301 923 1362 Tanto
948 1299 1127 1376 igitur
1155 1297 1307 1358 malo
1331 1298 1799 1378 pressus,lingu2
1837 1298 1981 1358 mihi
2013 1297 2101 1357 vi-

449 1389 638 1452 debar
670 1406 912 1450 versare
937 1405 1155 1448 nomen
1179 1385 1766 1467 Euthymii,eumque
1797 1406 1995 1448 orare.
2029 1388 2102 1449 Et

447 1479 550 1540 ille
582 1479 781 1540 statim
841 1477 984 1539 mihi
1015 1487 1280 1556 apparet,
1317 1476 1499 1536 multa
1543 1477 1677 1538 luce
1707 1476 2102 1538 circumcirca

449 1569 778 1646 refulgens,
815 1567 951 1647 pilis
981 1584 1187 1639 canus,
1225 1575 1379 1626 teres
1410 1575 1680 1646 aspectu,
1710 1566 1860 1627 laetis
1883 1567 2097 1640 oculis,

2188 1029 2346 1120 λείων
2407 1033 2650 1109 κέντροις
2692 1034 2751 1089 τό
2808 1056 2865 1090 τε
2910 1033 3134 1112 μέγεθος
3183 1039 3272 1094 καὶ
3323 1041 3389 1095 τὸ
3442 1044 3622 1113 μῆκος
3667 1029 3820 1120 παρα-

2191 1118 2468 1186 πλησίαις*
2553 1123 2752 1179 ἐκέντει
2814 1122 2870 1179 δέ
2927 1148 3030 1200 μου
3103 1126 3349 1206 σφοδρῶς
3422 1131 3528 1196 τὴν
3587 1118 3820 1208 κεφαλὴν,

2188 1211 2276 1264 καὶ
2307 1209 2420 1266 οὐδὲ
2455 1213 2663 1291 χαίνειν
2695 1210 2831 1276 ὅλως
2878 1211 2992 1271 οὐδὲ
3023 1217 3286 1274 ἀναπνεῖν
3317 1219 3648 1298 συνεχώρει.

2270 1302 2399 1357 ΡΜ¹.
2474 1302 2708 1374 Τοιούτῳ
2776 1311 3055 1382 τοιγαροῦν
3124 1310 3278 1378 κακῷ
3345 1310 3692 1383 πιεζόμενος,
3752 1309 3826 1364 εεά

2185 1386 2434 1464 γλώττης
2486 1389 2728 1469 στρέφειν
2784 1393 2846 1447 τὸ
2905 1402 2998 1451 τοῦ
3043 1395 3302 1468 Εὗθυμίου
3366 1396 3570 1471 ὄνομα,
3604 1403 3686 1454 καὶ
3724 1397 3824 1454 δεῖς

2184 1481 2300 1534 σθαι
2358 1481 2516 1536 αὺτοῦ
2566 1479 2800 1542 ἐδόκοον.
2854 1486 2948 1538 Καὶ
3007 1483 3088 1558 ὃς,
3130 1486 3277 1547 εὒθὺς
3335 1485 3677 1564 ἐπιφαίνεταί
3725 1510 3824 1566 μοι,

2182 1566 2368 1640 πολλῷ
2424 1575 2501 1642 τῷ
2553 1572 2686 1649 φωτὶ
2733 1569 2913 1642 κύκλῳ
2954 1569 3470 1650 πέριλαμπόμενος,
3505 1574 3690 1638 πολιὸς
3740 1578 3824 1643 τήν

447 1666 666 1721 statura
695 1656 914 1735 brevis,
934 1655 1227 1735 promissa
1257 1653 1464 1732 barba,
1497 1655 1672 1733 nigro
1703 1657 1878 1735 pallio
1912 1657 2098 1717 amice-

2200 1659 2364 1734 ιρίχα,
2430 1660 2760 1736 στρογγύλος
2815 1661 2914 1727 τὴν
2983 1661 3129 1737 ὄψιν,
3191 1663 3417 1742 φαιδρὸς
3462 1667 3591 1729 τοὺς
3644 1665 3824 1744 ὀφθαλ-

450 1755 634 1822 tus,et
659 1746 936 1810 baculum
963 1762 1138 1804 manu
1159 1752 1576 1834 tenens:atque
1599 1745 1670 1834 ad
1699 1764 1793 1805 me
1815 1746 1916 1808 ait:
1935 1745 2092 1817 Qua—

2200 1749 2336 1819 ιοὺς,
2371 1750 2470 1807 τὴν
2519 1749 2730 1816 ἠλικίαν
2787 1751 3016 1830 βραχὺς,
3051 1752 3210 1827 βαθὺς
3261 1756 3360 1810 τὸν
3411 1754 3670 1834 πώγωνα,
3703 1777 3822 1829 μαν-

453 1855 586 1900 nam
615 1855 682 1898 re
705 1835 808 1898 tibi
843 1854 996 1913 opus
1021 1840 1158 1895 est?
1185 1832 1334 1904 Quid
1370 1841 1564 1894 autem
1596 1833 1678 1894 vis
1705 1834 1807 1894 tibi
1842 1835 2047 1896 faciam
2071 1843 2099 1899 ?

2200 1837 2308 1892 ἰύαν
2352 1836 2554 1912 μέλανα
2598 1842 2990 1916 περικείμενος,
3025 1839 3213 1918 ῥάϐδον
3266 1864 3327 1898 τε
3374 1849 3448 1920 τῇ
3502 1832 3664 1922 χειρί.
3709 1865 3824 1899 κατ-

446 1927 590 1989 Cum
619 1937 816 1987 autem
845 1943 954 2003 ego
980 1923 1496 1984 subtremebunde
1521 1941 1590 1984 ac
1612 1923 1820 1984 timide
1842 1942 2096 2004 respon-

2200 1925 2355 2006 ἷχων·
2403 1930 2488 1982 καὶ
2547 1927 2715 1984 ’Ὀτου
2758 1927 2872 2004 δέῃ,
2916 1931 3047 2008 πρός
3109 1932 3176 2004 μέ
3232 1955 3371 2012 φῃσι
3411 1955 3428 2004 ;
3470 1936 3530 1990 Τί
3584 1931 3638 1988 δὲ
3670 1932 3823 2009 βούλει

445 2013 984 2078 dissem:Miserere
1004 2031 1152 2073 mea
1173 2012 1548 2087 calamitatis,
1577 2022 1683 2073 eta
1710 2013 1958 2074 molesto
1987 2013 2096 2076 hoc

2200 2016 2396 2083 τοιήσω
2454 2037 2587 2097 σοις
2648 2018 2814 2092 Ἐμοῦ
2871 2018 2926 2075 δὲ
2985 2021 3292 2097 ὑπότρομόν
3343 2044 3397 2078 τι
3462 2026 3554 2079 καὶ
3611 2022 3823 2102 περιδεὲς

447 2125 540 2167 me
571 2105 758 2167 libera
801 2105 1098 2177 daemone,
1137 2103 1234 2163 ille
1266 2102 1558 2163 austerius
1592 2103 1895 2181 excipiens
1931 2123 1944 2165 :
1977 2105 2095 2167 Sed

2200 2106 2631 2183 ιποκριναμένου,
2693 2110 2921 2187 οἰκετραι
2992 2119 3085 2168 τοῦ
3160 2113 3392 2191 παθοδς,
3461 2118 3664 2168 καὶτοῦ
3725 2133 3820 2191 χα-

447 2204 620 2258 estne
644 2193 1002 2273 tibi,inquit,
1029 2210 1377 2270 persuasum
1413 2210 1481 2253 ex
1519 2191 1592 2253 iis
1616 2209 1746 2271 quae
1778 2194 1924 2253 tiunt
1951 2193 2096 2255 nihil

2200 2203 2346 2252 ιεποῦ
2387 2197 2574 2252 τούτου
2632 2196 2882 2272 δαίμονος
2942 2197 3246 2266 ἀπαλλάξαι
3291 2223 3390 2276 με·
3456 2201 3817 2278 αὗστηρότερον

437 2303 612 2366 posse
641 2283 830 2345 Deum
857 2279 1343 2370 latere?Didicisti
1377 2299 1482 2362 per
1501 2299 1568 2341 ea
1601 2299 1732 2362 qua:
1766 2300 1974 2360 passus
2005 2300 2090 2358 es,

2200 2299 2384 2349 κεῖνος
2444 2284 2752 2362 ὑπολαβὼν.
2815 2289 2886 2343 Σὺ
2943 2285 2997 2343 δὲ
3040 2287 3162 2345 ἀλλ’
3205 2289 3489 2365 ἐπείσθης,
3537 2294 3710 2370 φησὶν,
3754 2289 3815 2345 ὅτι

436 2384 724 2456 quantum
761 2373 980 2434 malum
1016 2373 1110 2445 sit,
1144 2389 1242 2432 res
1284 2369 1587 2445 Ecclesiae,
1623 2379 1720 2431 aut
1761 2374 1957 2452 potius
1987 2374 2093 2434 Dei

2200 2380 2282 2430 ςῶν
2356 2374 2654 2450 γινομένον
2725 2375 2872 2435 εὖδὲν
2939 2379 3030 2434 τὸν
3103 2385 3234 2436 Θεὸν
3308 2380 3502 2437 λαθεῖν
3551 2369 3812 2451 ίδυνατόνς

436 2465 858 2546 despicere,el
903 2471 1081 2542 prout
1110 2479 1282 2522 casus
1333 2460 1534 2521 tulerit
1567 2469 1793 2522 temere
1839 2461 2090 2542 profun-

2200 2463 2428 2538 Ἐμαθες
2488 2465 2548 2520 ἐκ
2605 2467 2678 2519 ὧν
2733 2465 2928 2532 ἅπαθες
2965 2467 3155 2535 ἡλίκον
3211 2469 3279 2526 τὰ
3341 2470 3445 2538 τῆς
3491 2468 3809 2546 Ἐκκλησίις,

439 2554 633 2617 dere?
666 2553 829 2616 Sicut
861 2552 1020 2613 enim
1055 2568 1254 2612 rerum
1289 2549 1576 2612 Ecclesiis
1599 2564 2086 2613 consecratarum

2200 2553 2378 2610 ιᾶλλον
2421 2553 2475 2610 δὲ
2534 2555 2600 2611 τὰ
2661 2562 2749 2612 τοῦ
2793 2563 2927 2617 Θεοῦ
2961 2573 3327 2638 -περιφρονεϊν
3391 2561 3587 2634 κακὸν,
3637 2561 3716 2616 rei
3751 2561 3810 2622 ὡς

437 2646 625 2724 gratia
659 2652 862 2724 aperte
893 2643 1102 2704 transit
1132 2641 1205 2701 ad
1235 2639 1449 2717 Deum;
1484 2639 1614 2720 ipse
1648 2651 1844 2702 autem
1880 2659 2091 2703 rursus

2200 2647 2235 2698 ἑν
2277 2645 2365 2699 καὶ
2409 2645 2564 2724 τύχοι
2598 2647 2924 2724 προΐεσθαις
2961 2632 3164 2721 Ὧςέπέρ
3209 2650 3312 2726 γὰρ
3346 2651 3383 2716 ἡ
3441 2656 3549 2706 τῶν
3571 2632 3807 2730 νᾶφοσιου-

440 2735 600 2795 novit
618 2753 686 2795 ex
713 2732 830 2793 alto
856 2730 1124 2812 praebere
1146 2730 1778 2791 remunerationes:ita
1800 2739 1858 2792 et
1883 2733 1984 2812 qui
2002 2731 2089 2792 eis

2200 2755 2346 2790 ιενων
2400 2738 2522 2796 ταῖς
2586 2735 2936 2802 Ἐκκλησίαις
2995 2739 3181 2818 χάρις,
3227 2741 3366 2816 πρὸς
3401 2741 3540 2796 Θεὸν
3590 2739 3802 2810 ἄντικρυς

439 2824 593 2885 male
645 2830 914 2894 utuntur,
949 2840 1064 2880 non
1096 2819 1155 2880 in
1191 2819 1396 2892 alium,
1433 2818 1536 2879 sed
1583 2819 1642 2879 in
1674 2819 1840 2880 illum
1885 2823 2082 2899 ipsum

2207 2821 2453 2878 u6alvet'
2525 2826 2611 2880 καὶ
2655 2825 2810 2887 αὔτὸς
2870 2824 2924 2882 δὲ
2985 2827 3145 2884 πᾶλιν
3213 2827 3422 2886 ἄνωθεν
3468 2827 3586 2885 οἶδε
3652 2849 3802 2905 παρα-

437 2921 579 2974 suut
599 2909 1229 2989 contumeliosi,eique
1249 2927 1454 2989 poenas
1473 2909 1639 2970 luunt
1662 2909 2082 2972 meritas.Nam

2200 2926 2336 2992 ’χεῖν
2387 2915 2482 2977 τὰς
2515 2912 2834 2978 ἀντιδόσεις·
2881 2914 3022 2972 οὕτω
3064 2915 3130 2986 δὴ
3176 2919 3266 2974 καὶ
3320 2921 3371 2974 οἱ
3403 2919 3588 2982 κακῶς
3641 2920 3797 2978 αὐτοῖς

436 3003 486 3063 si
519 3003 662 3064 olim
707 2999 967 3064 Ananias
999 3017 1133 3060 cum
1170 3017 1372 3070 uxore,
1407 2997 1571 3076 quod
1605 3017 1672 3058 ex
1706 2999 1779 3058 iis
1809 3018 1940 3079 qua:
1973 2999 2086 3080 ipsi

2200 3001 2532 3082 ,εχρημάνοι,
2586 3008 2682 3064 οὐκ
2735 3006 2809 3066 είς
2866 3004 3052 3082 ἄλλον,
3100 3005 3221 3063 ἀλλ’
3275 3009 3355 3072 εἷς
3412 3009 3574 3064 αὐτὸν
3625 3006 3793 3062 ὶκεῐνον

433 3092 776 3156 obtulerant
809 3090 1260 3170 surripuissent.
1300 3096 1490 3148 tantas
1533 3087 1826 3149 dederunt
1859 3107 2084 3168 poenas,

2202 3103 2576 3171 μπαροινοῦσι,
2621 3095 2708 3149 καὶ
2769 3095 2864 3162 τὴν
2907 3094 3053 3160 ἀξίαν
3097 3097 3244 3171 αῦτῷ
3294 3097 3456 3165 δίκην
3513 3095 3792 3174 ὅπέχουσιν.

430 3195 492 3245 ιιι
533 3183 662 3264 ipso
687 3201 804 3244 una
831 3186 886 3242 in
922 3183 1075 3242 furto
1110 3180 1303 3240 statim
1339 3188 1737 3250 morerentur,
1771 3198 2088 3258 quamnam

2200 3183 2234 3238 ἰῖ
2286 3184 2386 3260 γὰρ
2429 3186 2457 3238 δ
2491 3182 2734 3247 Ἀνανίας
2766 3183 2932 3240 πάλαι
2975 3185 3113 3260 μετὰ
3159 3191 3259 3253 τῆς
3331 3187 3593 3265 γυναικὸς,
3640 3184 3695 3240 ἐκ
3737 3183 3797 3236 ὧν

429 3275 633 3356 utique
665 3275 901 3336 veniam
931 3270 1466 3349 consequetur,qui
1501 3288 1574 3331 ne
1598 3269 1810 3330 aliena:
1842 3268 2084 3348 quidem

2200 3273 2317 3328 εὐτοὶ
2394 3275 2766 3350 προσήνεγκαν
2837 3272 3178 3353 ὑφελόμενοι,
3239 3275 3577 3344 τηλικαύτην
3644 3270 3796 3330 ἔδοσαν

434 3366 519 3426 sic
546 3367 736 3446 parcit
766 3362 1056 3424 oblationi
1087 3362 1148 3410 ΑΟ
1172 3359 1202 3418 ε)
1234 3358 1482 3434 Verum,
1517 3359 1730 3440 inquit,
1768 3359 1816 3419 si
1853 3367 2085 3439 pactum

2207 3361 2455 3440 ιμωρίαν,
2499 3365 2572 3425 ὡς
2605 3364 2740 3435 αὐτῇ
2799 3364 2891 3419 σὺν
2934 3363 3048 3440 ἅμα
3091 3369 3160 3441 τῇ
3209 3363 3394 3440 κλοπξΙ
3450 3365 3795 3437 ἑπαποθανειν,

429 3463 792 3517 conventum
817 3453 1122 3526 feceris,te
1146 3469 1263 3512 non
1291 3449 1548 3529 amplius
1575 3449 1757 3510 rebus
1784 3448 1970 3510 sacris
1991 3449 2078 3510 in.

2200 3453 2324 3514 τοίας
2393 3449 2490 3528 ἄρα
2563 3449 2792 3517 τεύξεται
2850 3455 3201 3535 συγγνώμης,
3263 3457 3290 3511 ὁ
3358 3452 3498 3532 μηδὲ
3543 3449 3794 3528 ἀλλοτρίας

421 3546 612 3626 justas
646 3563 856 3605 manus
889 3543 1322 3615 immissurum,
1353 3558 1462 3601 nec
1496 3539 1555 3599 in
1591 3538 1876 3598 malarum
1910 3538 2075 3617 cogi-

2200 3539 2298 3596 itw
2359 3546 2665 3618 προσφορᾶς
2723 3539 3074 3621 φειδόμενοςς
3121 3542 3272 3600 Ἀλλ’
3307 3555 3336 3586 υ
3387 3545 3432 3600 εἷ
3486 3541 3654 3613 δίδως,
3685 3538 3792 3616 ἔφη,

429 3635 716 3696 talionum
746 3632 1111 3694 admissione
1147 3630 1605 3700 luxuriaturum,
1629 3637 1681 3687 te
1713 3628 2077 3708 inquit,con-

2200 3631 2447 3708 υνθήκας,
2493 3630 2689 3702 μηκέτι
2741 3644 2936 3711 χεῖρας
2994 3630 3201 3696 ἀδίκους
3235 3643 3259 3674 ν
3317 3634 3492 3712 ἱεροῖς
3543 3627 3789 3688 έπιϐαλετν

425 3723 720 3786 solabitur
769 3723 948 3795 Deus,
987 3729 1044 3781 et
1070 3719 1322 3781 sanabit.
1360 3717 1461 3780 Est
1492 3717 1650 3778 enim
1695 3716 1990 3796 benignus
2018 3724 2079 3780 et

2203 3719 2462 3797 ράγμασι,
2521 3721 2660 3794 μήτε
2717 3720 2826 3795 μὴν
2889 3719 3166 3798 λογισμῶν
3239 3723 3462 3802 φαύλων
3533 3714 3790 3802 παραδοχῇ

428 3815 719 3878 clemens,
748 3822 806 3872 et
837 3829 955 3870 non
990 3811 1110 3868 Vult
1133 3819 1385 3870 mortem
1422 3810 1850 3888 peccatoris,ut
1879 3806 2080 3868 divina

2202 3807 2624 3881 αθηδυπαθῆσαι,
2690 3809 3110 3887 παρακαλεῖται,
3171 3800 3368 3891 φησίν,
3429 3814 3456 3868 ὁ
3514 3810 3662 3882 Θεὸς,
3714 3800 3786 3860 καὶ

432 3902 650 3963 docent
682 3899 917 3979 eloquia
940 3899 1182 3970 4‘,sicut
1210 3899 1306 3959 ubi
1341 3905 1722 3959 convertatur
1753 3898 1879 3978 ipse
1909 3905 1969 3958 et
2001 3896 2081 3957 vi-

2200 3898 2304 3953 ἱταί
2356 3919 2438 3959 σε.
2509 3896 2888 3977 Φιλάνθρωπος
2946 3900 3070 3978 γάρ’
3144 3903 3230 3957 καὶ
3286 3905 3355 3960 οὗ
3423 3898 3658 3978 βούλεται
3707 3893 3785 3979 τὸν

430 3999 542 4052 vat.
601 3978 1094 4069 Quandoquidem
1130 3986 1232 4049 tibi
1268 3987 1399 4048 ideo
1445 3999 1777 4048 evenerunt
1811 4003 2079 4066 praesen-

2200 3988 2387 4044 ἀνατον
2442 3993 2533 4044 τοῦ
2583 3987 2922 4070 ἀμαρτωλοῦ,
2959 3990 2994 4058 ἦ
3043 3991 3140 4048 καί
3171 3994 3239 4049 τὰ
3285 3995 3409 4050 θεῖα
3438 3989 3654 4047 διδάσκει
3692 3978 3782 4070 Ati-

431 4081 698 4162 tia,quod
725 4097 925 4140 rerum
951 4095 1256 4138 sacrarum
1292 4077 1624 4138 ministerio
1654 4085 1923 4156 accepto,
1961 4095 2080 4136 non

2204 4099 2278 4151 ια,
2313 4079 2386 4140 ὡς
2419 4079 2478 4133 τὸ
2535 4076 2854 4156 ἐπιστρέψαι
2883 4069 2969 4135 καὶ
3019 4087 3138 4158 ζῇν,
3172 4081 3360 4142 αὗτόν.
3413 4080 3560 4139 Ἐπεὶ
3586 4076 3667 4132 καὶ
3712 4069 3782 4126 διὰ

430 4158 625 4232 tamen
656 4171 915 4251 teipsum
949 4167 1071 4229 Deo
1105 4167 1468 4228 conservasti
1515 4165 1780 4240 ﬁdelem,
1816 4165 1918 4226 sed
1953 4174 2076 4226 sta-

2200 4168 2316 4224 οῦτό
2376 4167 2553 4222 σοιτὰ
2595 4167 2830 4245 παρόντα
2880 4168 3098 4243 συνέϐη,
3133 4170 3213 4228 ὅτι
3274 4170 3598 4252 πραγμάτων
3653 4158 3780 4238 ιερῶν

425 4261 530 4322 tim
582 4261 653 4320 ad
716 4249 922 4321 dolum
998 4257 1338 4336 furtumque
1391 4257 1762 4337 respexisti;
1819 4264 2078 4329 metens,

2200 4257 2426 4313 ιακονίαν
2509 4255 2899 4338 ἐγχειρισθεῖς,
2968 4261 3221 4334 οὒμενοῦν
3405 4249 3410 4250 ί
3439 4260 3550 4333 Θεῷ
3612 4249 3774 4338 πιστὸν

424 4359 489 4410 ut
518 4368 658 4411 vere
705 4350 928 4426 dicam,
963 4346 1066 4407 ubi
1099 4365 1215 4405 non
1241 4347 1572 4418 seminasti,
1605 4356 1662 4408 et
1692 4362 2074 4424 congregans

2200 4346 2382 4401 εαυτὸν
2438 4343 2718 4422 ἐφύλαξας,
2755 4345 2892 4403 ἀλλὰ
2947 4350 3080 4426 πρὸς
3145 4348 3300 4408 δόλον
3362 4351 3504 4412 εὐθὺς
3545 4345 3622 4402 οιαὶ
3659 4337 3770 4426 x19-

431 4438 530 4500 ubi
567 4458 682 4499 non
720 4437 987 4517 sparsisti
1019 4435 1096 4526 σιξ.
1117 4433 1268 4496 Hinc
1301 4440 1493 4526 ortum
1529 4434 1728 4526 habuit
1767 4432 2078 4526 derelictio

2200 4435 2269 4501 ’ἦν
2330 4432 2584 4526 ἔϐλεψας·
2657 4436 2895 4526 θερίζων,
2955 4437 3172 4505 ἀληθῶς
3241 4441 3441 4520 εἰπεῖν,
3508 4436 3627 4493 ὅπου
3655 4425 3764 4526 ὀὐκ

427 4527 503 4590 ab
553 4546 676 4602 eo;
733 4527 869 4587 hinc
918 4525 1175 4586 insullus
1223 4525 1420 4586 carnis
1449 4531 1507 4586 et
1556 4523 2074 4603 intemperantia;

2200 4545 2433 4602 τπειρας,
2489 4525 2580 4579 καὶ
2639 4525 2882 4602 συνάγων
2940 4525 3057 4583 ὅθεν
3117 4530 3178 4586 οὗ
3229 4517 3608 4608 διεσκόρπισας·
3655 4517 3759 4608 '3)"

428 4635 658 4678 necnon
691 4615 886 4694 gravis
921 4615 1018 4675 hic
1047 4632 1080 4673 a
1113 4612 1484 4674 dmmonibus
1515 4614 1754 4689 ﬂuctus,
1789 4613 1950 4689 hinc,
1986 4613 2078 4672 in-

2200 4614 2334 4670 εὖθεν
2391 4614 2425 4680 ἡ
2481 4611 2608 4690 παρ’
2667 4615 2826 4671 αὐτοῦ
2895 4615 3302 4695 ὲγκατάλειψις·
3379 4603 3650 4677 ἐντεῦθινῆ
3700 4603 3752 4704 li"

425 4708 576 4787 quit,
603 4705 662 4767 in
694 4715 751 4768 te
785 4705 1114 4766 inundavit.

2200 4704 2254 4771 ἧς
2311 4703 2513 4782 σαρχὸς
2558 4699 2806 4782 ἐπήρεια,
2843 4705 2932 4762 καὶ
2975 4706 3257 4765 ἀκολασία’
3295 4711 3392 4767 καί
3445 4709 3501 4764 τὸ
3524 4700 3664 4760 δεινὸν
3709 4697 3753 4753 δὲ

422 4805 577 4855 τοῦτο
621 4799 763 4873 παρὰ
794 4802 898 4852 τῶν
930 4794 1192 4869 δαιμόνων
1236 4791 1545 4872 κλυδώνιον,
1580 4793 1813 4850 ἐντεῦθεν
1845 4815 1927 4849 σοι
1960 4797 2144 4875 φησὶν,
2179 4793 2504 4866 ἑπεκύμηνε.

505 4885 805 4952 CXLl.His
830 4903 938 4964 ego
965 4883 1204 4958 auditis,
1241 4882 1295 4943 ei
1331 4880 1618 4961 polliceor
1647 4881 1979 4944 cautionem
2013 4883 2072 4944 in

2241 4883 2450 4940 Τούτων
2479 4881 2709 4949 ἀκούσας
2763 4883 2895 4962 ἐγὼ,
2929 4887 3192 4958 συνθήκας
3237 4890 3368 4966 πρὸς
3411 4886 3556 4946 αὐτὸν
3598 4877 3746 4966 ποιοῖς

426 4989 752 5060 posterum.
789 4961 1040 5044 Ettunc,
1071 4972 1284 5050 inquit,
1314 4989 1446 5032 cum
1481 4971 1538 5030 in
1565 4971 1922 5032 sceleratum
1947 4970 2074 5032 daa-

2204 4995 2256 5028 αι
2289 4975 2385 5040 τῆς
2440 4973 2512 5037 εἷς
2551 4974 2605 5028 τὸ
2653 4961 2844 5031 λοιπον
2899 4975 3166 5055 φυλακῆς,
3230 4961 3327 5037 καὶ
3373 4979 3507 5052 τότε,
3537 4961 3742 5051 φησι,τῴ

431 5057 668 5132 monem
702 5063 1128 5136 infremuisset,
1165 5077 1465 5136 manuque
1516 5077 1706 5120 meam
1740 5060 2076 5139 apprehen-

2205 5069 2336 5140 ιαρῷ
2393 5059 2599 5138 δαίμονι
2663 5061 3162 5144 ὶμόριμησάμενος,
3213 5070 3296 5124 καὶ
3355 5057 3622 5137 λαϐόμενός

427 5162 612 5223 disset
634 5154 1057 5236 cucullam,vix
1085 5163 1141 5214 et
1167 5172 1300 5215 cum
1329 5135 1384 5212 vi
1406 5169 1536 5213 eam
1567 5152 1758 5213 aufert
1780 5135 2069 5232 'e'capite:

2200 5159 2226 5229 ᾗ
2263 5135 2409 5230 χειρὶ
2441 5135 2530 5208 τοῦ
2571 5135 2902 5236 κοῡκουλίου,
2937 5135 3094 5230 μόλις
3141 5135 3239 5233 μὲν
3270 5157 3398 5215 αὐτὸ
3448 5135 3526 5211 καὶ
3551 5147 3629 5205 σὺν
3675 5135 3742 5215 βίᾳ

1183 5314 1238 5364 ιι
1272 5311 1491 5374 Ezech.
1527 5327 1690 5374 xvm.
1726 5310 1824 5372 ‘23.
1914 5309 1976 5362 ιε
2010 5309 2221 5375 Matth.
2256 5326 2398 5388 τιν,
2429 5307 2523 5376 26.

1745 5469 1992 5535 νΑΡιΙΑΕ
2039 5470 2468 5536 LECTIONES.

2062 5617 2089 5648 ιι
2129 5605 2210 5670 al.
2245 5623 2509 5688 pmpon.
2544 5607 2706 5681 πλήν.

507 5322 568 5370 40
596 5322 725 5381 Act.
763 5335 823 5391 v,
861 5323 884 5378 1
927 5333 1098 5396 seqq.

1521 5613 1537 5647 ί
1568 5601 1640 5667 al.
1680 5612 1976 5683 γναφικῶν.
2062 5617 2089 5648 ιι
2129 5605 2210 5670 al.
2245 5623 2509 5684 pmpon.
2544 5607 2706 5681 πλήν.
2793 5620 2817 5653 '
2853 5609 2934 5674 al.
2967 5611 3187 5684 ἀδίκως.

513 5623 537 5652 ν
565 5607 733 5672 abest
762 5609 833 5669 ab
863 5608 939 5668 al.
1026 5615 1044 5639 '
1078 5605 1153 5665 al.
1188 5603 1430 5690 pana)».
