3972 6130
225 247 349 318 717
1568 248 1757 313 νΙΤΑ

2076 247 2329 311 ΗΥΜΙΙ.
3525 249 3639 316 718

224 391 326 454 τῆς
357 385 632 464 κεφαλῆς
681 387 984 467 ἅφαιρεϊται
1018 399 1032 416 ⁸
1081 383 1142 440 τὸ
1199 381 1253 438 δὲ
1311 381 1411 459 ἄρα
1443 380 1735 457 μετέϐαλεν
1763 406 1792 440 ει

2073 401 2095 443 a
2125 401 2268 444 vero
2293 381 2489 444 statim
2516 381 2764 444 mutavit
2782 381 3061 458 formam,
3093 389 3155 444 et
3185 381 3327 446 mihi
3352 389 3414 444 in
3437 382 3641 449 Sancti

223 479 327 544 τήν
392 479 662 556 μορφὴν,
708 480 794 534 καί
842 477 934 552 μοί
975 497 1056 538 τις
1089 477 1144 530 ἓν
1174 479 1242 543 τῇ
1273 479 1366 528 τοῦ
1396 473 1547 549 ἁγίου
1581 477 1722 552 χειρὶ
1768 476 1791 550 β

2073 492 2172 534 mu
2221 471 2414 533 brevis
2446 471 2687 553 quidam
2720 471 3036 534 videbatur
3094 473 3394 553 IEtbiops,
3450 477 3641 538 oculis

224 569 331 648 χὺς
400 569 616 644 Αἰθίοψ
681 570 856 646 ὡρᾶτο
918 566 1038 642 πυρὶ
1113 565 1234 626 τοὺς
1310 560 1612 640 ὀφθαλμοὺς
1675 562 1792 638 δμοι

2071 562 2117 623 ni
2143 562 2360 625 similis
2397 584 2409 621 :
2443 563 2564 622 visa
2589 579 2824 642 quoque
2857 571 2948 622 est
2974 570 3111 623 ante
3143 563 3274 641 ejus
3306 561 3494 642 pedes
3526 564 3639 627 de-

223 657 388 732 ὲῲκει
439 654 502 713 δέ
539 680 635 723 τις
667 659 767 732 πρὸ
797 663 902 710 τῶν
933 652 1111 710 ποδῶν
1143 652 1286 726 αύτῷ
1338 652 1426 707 καὶ
1485 651 1668 728 βόθρος
1713 674 1791 720 κοι

2070 671 2150 714 ssa
2181 670 2313 714 esse
2349 650 2813 731 profundissima
2848 650 3036 712 fovea.
3089 653 3156 712 Et
3188 651 3358 712 illum
3392 653 3638 732 quidem

223 748 544 825 βαθύτατος
597 745 917 825 διωρύχθαι.
956 745 1052 802 Καὶ
1113 743 1199 798 τὸν
1243 741 1342 815 μὲν
1390 740 1563 819 ἀφῆκε
1625 742 1761 797 κατὰ

2093 741 2317 802 foveam
2346 739 2610 819 dejccit;
2643 740 2712 800 ad
2749 758 2846 800 me
2866 757 3006 800 vero
3038 740 3254 801 iterum
3287 759 3637 819 conversus,

222 839 428 914 βόθρου
471 857 488 872 °
565 837 902 913 ἐπιστρέψας
947 830 999 888 δὲ
1032 835 1162 910 πρός
1210 852 1276 892 με
1321 829 1506 902 πάλιν,
1540 829 1717 886 ἐκεῖνό
1749 855 1785 910 φ

2077 831 2141 891 nd
2176 830 2342 906 dicit,
2379 829 2539 911 quod
2573 827 2838 891 Christus
2873 829 3190 909 paralytico
3226 852 3239 892 :
3275 831 3428 893 Ecce
3454 849 3645 894 sanus

223 930 253 985 ὃ
312 929 458 1004 πρὸς
508 928 616 982 τὸν
661 924 967 1002 παράλυτον
1025 923 1052 977 6
1112 920 1334 998 Χριστός
1375 937 1386 949 ·
1421 917 1529 976 Ἴδε
1574 921 1729 996 ὑγιὴς
1758 943 1790 996 γ

2073 928 2194 981 ctus
2215 938 2296 990 es,
2326 921 2455 996 iam
2487 916 2612 980 noli
2635 936 2915 999 peccare,
2951 919 3056 980 sed
3088 919 3329 981 attende
3365 919 3472 981 tibi
3503 921 3641 1000 ipsi,

229 1040 352 1090 νας,
454 1015 674 1090 μηκέτι
758 1013 1053 1091 ἁμάρτανε,
1143 1007 1280 1065 ἀλλὰ
1368 1007 1607 1088 πρόσεχε
1682 1030 1797 1064 σεαι

2099 1009 2371 1069 deterius
2399 1007 2518 1068 tibi
2546 1007 2791 1087 aliquid
2819 1011 3132 1084 contingat
3160 1005 3306 1069 43-“.
3343 1009 3464 1088 Ego
3508 1028 3644 1071 vero

225 1107 324 1163 'i'v:
373 1106 462 1179 μὴ
534 1106 738 1184 χεῖρόν
795 1125 846 1157 τι
905 1123 986 1158 σοι
1039 1099 1285 1179 γένηται.
1319 1096 1560 1162 Ἀνεθείς
1591 1095 1645 1152 δὲ
1675 1104 1771 1154 τοῦ

2105 1115 2175 1158 ea
2205 1095 2542 1158 calamitate
2575 1095 2886 1176 liberatus,
2939 1105 2998 1157 et
3045 1095 3490 1158 ardentioribus
3519 1099 3643 1160 Deo

226 1201 358 1259 θους
409 1194 565 1273 ἑγὼ,
615 1196 702 1250 καὶ
761 1191 1082 1271 θερμοτέραν
1139 1185 1365 1250 ἀποδοὺς
1413 1192 1489 1259 τῷ
1541 1195 1657 1259 Θεῷ
1686 1188 1784 1254 τὴν

2075 1186 2146 1249 tis
2179 1185 2407 1264 gratiis,
2442 1185 2515 1246 ab
2549 1184 2654 1246 illo
2689 1195 2958 1265 tempore
2982 1204 3174 1266 usque
3197 1187 3260 1246 in
3282 1186 3643 1249 hodiernum

229 1287 577 1366 χαριστίαν,
629 1284 838 1348 ἀπαθὴς
896 1279 949 1344 ἒξ
1001 1279 1202 1336 ἐκείνου
1267 1279 1354 1333 καὶ
1415 1279 1490 1340 εἰς
1551 1274 1698 1354 δεῦρο
1749 1300 1797 1332 κε

2080 1283 2384 1336 nservatus
2433 1292 2564 1335 sum
2619 1276 2816 1334 omnis
2865 1275 3005 1336 mali
3042 1293 3286 1355 expers.
3338 1275 3476 1338 Haec
3505 1295 3643 1338 cum

231 1363 447 1436 παντὸς
517 1371 955 1449 συντετήρημαι,
993 1375 1169 1427 Ταῦτα
1213 1367 1333 1440 ἐμοὶ
1390 1369 1484 1422 τοῦ
1547 1366 1753 1424 Παύλου
1793 1391 1799 1414 η

2089 1365 2150 1426 hi
2183 1363 2398 1425 Paulus
2425 1363 2840 1438 declaraverit,
2874 1382 3256 1427 communem
3286 1382 3394 1444 ego
3417 1368 3649 1429 cunctis

235 1466 642 1545 σαφήσαντος,
687 1462 876 1528 κοινὴν
909 1459 1016 1538 ἐγὼ
1043 1465 1173 1516 πᾶσι
1203 1456 1480 1529 παρέθηκα
1509 1456 1610 1524 τὴν
1640 1454 1803 1545 διηγη

1203 1456 1480 1529 παρέθηκα
1509 1456 1610 1524 τὴν
1640 1454 1914 1534 διήγησιν.
2006 1454 2290 1533 proposui
2320 1453 2748 1515 narrationem.

322 1541 532 1612 i’MB'.
599 1550 772 1624 Πλὴν,
817 1546 938 1605 ἀλλ’
983 1551 1010 1604 6
1055 1546 1216 1624 λόγος
1275 1548 1414 1622 ὁρμᾷ
1470 1567 1564 1619 μοι
1619 1543 1780 1602 πάλιν
1822 1567 1890 1601 κα

2085 1541 2304 1607 CXLII.
2340 1544 2564 1604 Verum
2599 1543 2760 1604 enim
2793 1561 2933 1605 vero
2967 1543 3118 1606 mihi
3147 1561 3356 1605 rursus
3387 1546 3647 1626 erumpit

236 1645 460 1722 ἑτέροις
513 1642 764 1698 ἐστιάσαι
800 1641 893 1704 τὰς
924 1639 1070 1712 ὑμῶν
1124 1635 1313 1700 ἀκοάς.
1382 1636 1684 1691 Παύσασθαι
1740 1635 1804 1712 γᾶ

2081 1641 2194 1694 atto
2219 1633 2290 1694 ad
2321 1631 2656 1712 pascendas
2682 1631 2866 1694 rebus
2891 1632 3025 1694 aliis
3049 1651 3226 1694 aures
3245 1641 3492 1695 vestras.
3515 1636 3649 1696 Non

236 1740 348 1790 τῶν
413 1733 720 1808 θαυμάτων
767 1730 1019 1809 συνέχεια
1067 1729 1162 1785 οὔκ
1211 1726 1293 1798 ἑᾷ,
1327 1723 1740 1802 προκαλουμένη
1774 1747 1804 1796 μ

2084 1726 2148 1785 iit
2177 1721 2339 1783 enim
2367 1740 2604 1784 cessare
2630 1721 3055 1784 miraculorum
3080 1724 3471 1798 continuatio,
3497 1741 3652 1787 sem-

239 1823 339 1879 λον
387 1822 480 1878 ἀεὶ
546 1824 642 1878 τὸν
675 1819 856 1897 λόγον,
889 1819 978 1875 καὶ
1009 1819 1080 1878 εἷς
1114 1817 1175 1872 τὸ
1217 1827 1242 1857 ι
1271 1815 1456 1892 πρόσω
1485 1815 1684 1890 βαίνειν
1720 1835 1807 1881 πρ(

2085 1831 2114 1872 r
2144 1813 2330 1892 magis
2363 1829 2691 1892 provocans
2720 1813 3078 1885 orationem,
3113 1818 3172 1873 et
3202 1816 3461 1891 gestiens
3508 1831 3650 1892 pro-

241 1912 541 1988 μουμένη,
609 1913 884 1987 κρείττονα
957 1908 1082 1964 ὄντα
1140 1908 1229 1962 καὶ
1288 1903 1633 1984 χαριέστερα,
1688 1903 1809 1959 καθέ

2081 1903 2170 1966 edi
2205 1903 2274 1964 ad
2310 1902 2621 1977 ulteriora,
2658 1921 2790 1984 quae
2836 1903 3244 1982 praestantiora
3294 1911 3432 1964 sunt
3461 1907 3649 1982 etju-

241 2005 386 2070 αὒτή
455 2004 604 2080 πρὸς
667 1999 861 2064 ἑαυτὴν
914 1995 1295 2071 ἁμιλλωμένη,
1349 1997 1436 2049 καὶ
1491 1994 1555 2048 τὰ
1583 1989 1809 2071 προλαϐ(

2086 1993 2330 2069 ndiora;
2384 1993 2563 2055 veluti
2616 1993 2743 2072 ipsa
2772 2011 2976 2053 secum
3012 1999 3272 2067 certans,
3324 1992 3652 2075 volensque

240 2098 405 2164 νικᾷν
455 2105 592 2153 τοῖς
625 2088 812 2170 ἑφεξῆς
839 2085 1166 2164 βουλομένη.
1203 2086 1337 2147 Τοὺς
1388 2085 1488 2160 γὰρ
1549 2081 1637 2138 δύο
1694 2081 1808 2138 λείκπ

2080 2082 2410 2144 recedentia
2441 2083 2682 2143 vincere
2710 2083 3253 2162 consequentibus.
3282 2081 3437 2144 Duas
3485 2084 3648 2146 enim

245 2185 339 2245 οὒς
369 2181 484 2248 τὴν
532 2169 708 2259 ἀρχὴν
765 2177 926 2255 λόγος
958 2176 1059 2232 ὑπὸ
1089 2179 1196 2230 τῶν
1229 2171 1562 2250 Ἀμοῤῥαίων
1591 2169 1807 2249 διορυγῆ

2080 2181 2318 2244 sternas,
2356 2189 2504 2251 quas
2557 2171 2710 2232 fama
2743 2180 2832 2232 est
2862 2171 2938 2232 ab
2968 2171 3143 2232 initio
3173 2172 3398 2234 fodisse
3429 2174 3648 2235 Amor-

245 2271 363 2329 δυσὶ
419 2277 534 2328 τού
618 2264 885 2325 κοινοϐίου
965 2261 1196 2327 σταδίοις
1269 2261 1642 2338 διεστηκότας,
1706 2261 1813 2316 ἀνα·

2087 2279 2221 2329 reos.
2258 2261 2497 2322 dissuas
2518 2260 2755 2321 duobus
2781 2260 2988 2320 stadiis
3014 2279 3048 2321 a
3076 2261 3374 2336 coenobio,
3404 2271 3655 2324 renovat

253 2363 357 2438 μὲν
401 2360 491 2417 ἔτι
530 2359 605 2416 ὢν
645 2358 776 2437 ὑπὲρ
808 2361 910 2434 γῆς
943 2357 970 2412 6
1004 2354 1173 2432 μέγας
1206 2354 1485 2428 Εὖθύμιος,
1519 2355 1592 2417 ὡς
1631 2350 1735 2418 ἤδη
1788 2375 1821 2428 φ

2080 2350 2249 2411 idem
2274 2349 2471 2410 adhuc
2499 2351 2555 2409 in
2585 2362 2742 2410 terra
2766 2354 2970 2411 vivens
2997 2368 3245 2426 magnus
3271 2351 3648 2431 Euthymius,

251 2472 452 2516 σαντες
523 2446 896 2524 ἐδηλώσαμεν,
957 2447 1043 2500 καῖ
1103 2451 1179 2517 τῷ
1233 2454 1324 2501 τοὺ
1355 2443 1533 2520 ἐτέρου
1566 2443 1792 2517 στόματι

2112 2443 2234 2516 jam
2269 2453 2447 2500 antea
2477 2438 2934 2520 declaravimus,
2981 2448 3042 2499 et
3071 2458 3206 2500 cum
3259 2440 3506 2501 alterius
3560 2441 3653 2501 ori

255 2563 352 2620 ραν
385 2540 558 2603 αὒτὶρς
590 2539 819 2608 ἐπιθεὶς,
865 2534 1126 2608 ἀπονέμει
1176 2534 1306 2609 πρὸς
1348 2531 1551 2609 ὑδρείαν
1583 2536 1652 2606 τῇ
1701 2529 1823 2606 λαύρ

2082 2529 2392 2608 ιροειιὶεεθι
2420 2527 2665 2602 ostium,
2702 2527 2910 2588 tribuit
2939 2530 3117 2590 lanrze
3146 2529 3216 2590 ad
3243 2530 3650 2609 aquationem;

257 2617 474 2706 θατέρῳ
509 2625 563 2684 δὲ
607 2639 726 2689 τοῖς
775 2623 864 2680 ὑπ’
911 2622 1070 2682 αὐτού
1123 2622 1491 2698 βαπτισθεϊσιν
1538 2620 1825 2697 ἈγαρηνοἼ

2080 2637 2248 2678 .eram
2285 2627 2479 2678 autem
2516 2617 2807 2696 Agarenis
2836 2637 2986 2697 quos
3021 2618 3445 2698 baptizaverat,
3485 2629 3648 2682 certo

263 2719 431 2796 ῥητόν
481 2739 603 2773 τινα
663 2726 986 2795 παραχωρεῖ
1041 2712 1260 2792 χρόνον.
1313 2709 1491 2775 Οὕτως
1523 2709 1611 2764 οὖν
1641 2712 1784 2780 αὗτῷ
1814 2730 1831 2761 1

2083 2706 2282 2768 ncedit
2302 2715 2416 2767 tem
2428 2725 2591 2796 pore.
2622 2708 2705 2769 Ita
2727 2725 2868 2784 ergo
2891 2727 2955 2769 se
2974 2707 3332 2769 habentibus
3349 2709 3649 2784 cisternis,

267 2795 493 2865 λάκκων
539 2807 804 2886 ἐχόντων,
853 2805 939 2859 καὶ
985 2810 1078 2859 τοῦ
1139 2800 1237 2874 μὶν
1280 2805 1348 2875 τῇ
1375 2798 1564 2874 λαύρᾳ,
1596 2806 1688 2854 τοῦ
1715 2795 1768 2852 δὲ
1799 2821 1835 2852 τι

2091 2814 2211 2856 una
2244 2797 2470 2869 Laurm,
2505 2795 2688 2855 altera
2742 2797 3037 2874 Agarenis
3086 2797 3389 2868 attributa,
3438 2796 3652 2858 solitu-

275 2883 607 2974 ‘Ayapnvo‘tc
652 2890 1153 2968 ἆπονενεμημένου,
1209 2888 1369 2965 ξηρὰν
1437 2887 1529 2942 καὶ
1590 2885 1789 2974 ἄλλως,
1823 2909 1843 2941 1

2087 2903 2210 2948 nem
2265 2883 2456 2960 illam,
2510 2884 2773 2965 alioquin
2827 2884 3058 2946 aridam
3107 2897 3164 2947 et
3221 2885 3655 2974 propemodum

276 2973 484 3064 ἔρημον
539 2984 747 3050 ἐκείνην
801 2982 986 3053 οὖσαν,
1045 2977 1140 3035 καί
1203 2979 1393 3056 μικροῦ
1430 2999 1490 3054 γε
1519 2975 1631 3032 δεῖν
1682 2973 1844 3053 ἄνυδρε

2087 2993 2172 3035 uae
2219 2986 2551 3050 expertem,
2609 2973 2822 3053 pluvia:
2874 2973 3170 3036 invaserat
3217 2977 3488 3054 penuria.
3543 2973 3655 3047 Qui

276 3062 539 3152 5v0p69€1
598 3073 889 3151 κατέσχεν,
939 3072 998 3128 Οἱ
1056 3076 1182 3146 γοῦν
1224 3067 1322 3135 τῆς
1374 3065 1568 3144 λαύρας
1627 3063 1844 3121 δεδοικό⁴

2086 3084 2232 3124 iram
2288 3065 2486 3144 itaque
2536 3062 2899 3140 incolebant,
2949 3083 3116 3144 aquze
3148 3065 3318 3126 veriti
3371 3065 3654 3146 inopiam,

373 3131 386 3150 ι
454 3131 473 3152 ς
769 3131 808 3151 η.
880 3131 885 3132 γ
1070 3131 1082 3146 .
1282 3131 1293 3135 -
1478 3131 1487 3144 .

278 3165 377 3231 τὴν
405 3164 506 3221 τοῦ
535 3162 718 3219 ὕδατος
759 3158 984 3234 ἔνδειαν,
1030 3159 1127 3225 τὴν
1160 3157 1256 3231 μὲν
1287 3163 1379 3213 τοῦ
1408 3154 1611 3232 λάκκου
1635 3155 1793 3234 θύραν
1823 3157 1846 3209 ὑ

2089 3162 2286 3214 ιιθιυηω
2311 3131 2554 3233 quidem
2583 3156 2798 3215 ostium
2824 3131 3086 3215 clavrbus
3118 3171 3176 3216 et
3201 3131 3657 3216 vectibus'com-

284 3254 452 3311 κλεισὶ
483 3254 573 3308 καὶ
600 3250 839 3331 μοχλοῖς
871 3248 1271 3328 ἀσφαλίζονται.

739 3264 839 3314 tot:
871 3248 1271 3328 ἀσφαλίζονται.
2013 3245 2307 3331 muniunt.

364 3333 540 3405 Phil”.
579 3329 780 3400 mica
830 3339 1123 3419 φυλάρχων
1151 3343 1257 3393 τῶν
1282 3336 1383 3390 ὑπὸ
1415 3339 1481 3410 τῇ
1510 3340 1615 3389 τῶν
1649 3332 1926 3409 Ῥωμαίων

2087 3329 2321 3395 CXLIII.
2345 3331 2490 3395 Cum
2511 3351 2650 3394 vero
2671 3334 2934 3394 tribuum
2958 3334 3220 3414 praefecti
3242 3335 3365 3407 (91)
3385 3339 3655 3396 Romano

295 3432 438 3511 ἀρχῇ
491 3431 744 3506 κειμένων
772 3429 962 3506 Ἀρέθα
991 3442 1079 3483 καὶ
1110 3423 1422 3495 Ἀσουάδου,
1457 3421 1599 3478 ὅπλα
1655 3420 1774 3479 κατ’
1822 3422 1863 3477 ὰζ

2099 3423 2263 3501 perio
2285 3423 2538 3501 subjecti
2561 3422 2813 3484 Arethas
2836 3423 3409 3497 etAsuades,contra
3427 3443 3490 3484 se
3509 3423 3659 3484 invi-

300 3518 477 3591 λήλων
515 3523 598 3578 καὶ
660 3518 897 3593 πόλεμον
947 3515 1246 3594 ἀραμένων,
1282 3511 1568 3591 πολλαχοῦ
1599 3518 1697 3578 τῆς
1729 3511 1867 3587 ἐρήμ

2089 3531 2140 3570 m
2167 3529 2332 3571 arma
2356 3524 2412 3571 et
2440 3511 2656 3572 bellum
2686 3511 3114 3592 suscepissent,
3143 3531 3248 3593 per
3267 3513 3654 3575 solitudinem

295 3608 664 3689 διασπαρέντες
725 3611 772 3666 οἱ
845 3609 1128 3686 Βάρὸαροι,
1186 3603 1491 3684 χρημάτων
1550 3623 1604 3657 τε
1659 3601 1863 3679 ἀρπαγὰ

2091 3619 2176 3678 ipe
2198 3601 2468 3689 diapersi
2490 3600 2754 3678 barbari,
2783 3611 2839 3662 et
2869 3602 3152 3681 pecunias
3174 3603 3565 3683 diripiebant,
3601 3611 3659 3664 et

287 3703 371 3757 καὶ
430 3688 598 3758 οἴκων
631 3699 955 3776 ἂνατροπὰς,
988 3698 1077 3752 καὶ
1109 3693 1246 3752 ἄλλα
1279 3691 1480 3770 ὅσαπερ
1512 3691 1564 3747 ἐν
1597 3704 1712 3756 τοῖς
1748 3711 1855 3746 τοιο

2099 3707 2225 3750 mos
2249 3688 2866 3770 evertehant,aliaque
2891 3691 3188 3754 faciebant
3209 3711 3342 3772 quae
3367 3693 3423 3753 in
3449 3693 3657 3772 hujus-

285 3810 396 3853 τοις
453 3791 601 3866 βίαια
647 3789 743 3844 καί
793 3786 1077 3862 τυραννικὰ
1128 3782 1279 3864 φιλεῖ
1323 3777 1656 3855 συμϐαίνειν,
1691 3778 1853 3835 ἐποίοι

2087 3778 2173 3838 odi
2209 3779 2406 3841 solent
2435 3782 2784 3859 contingere
2815 3781 3072 3844 violenta
3102 3791 3278 3862 atque
3330 3783 3655 3863 tyrannica.

287 3881 425 3937 Ποτὲ
484 3885 609 3958 γοῦν
667 3875 986 3953 καθημένων
1015 3876 1172 3950 ἡμῶν
1203 3873 1303 3950 πρὸ
1333 3871 1431 3939 τῆς
1453 3866 1663 3958 ,εἰσόδου
1693 3874 1784 3925 τοῦ
1811 3890 1855 3923 κς

2091 3867 2348 3958 iquando
2379 3887 2519 3948 ergo
2550 3870 2900 3932 sedentibus
2931 3871 3104 3932 nobis
3125 3881 3264 3934 ante
3285 3874 3511 3932 aditum
3537 3889 3659 3932 caa-

287 3954 508 4046 νοϐίουί
545 3967 938 4047 προσέρχονταί
964 3984 1104 4025 τινες
1139 3958 1398 4041 Βαρεαροι
1446 3957 1534 4047 δύο
1572 3979 1586 3995 ’
1640 3961 1845 4037 προσῆν

2095 3957 2772 4039 hii,acceduntquidam
2800 3961 2918 4021 duo
2947 3959 3218 4037 barbari;
3249 3982 3382 4022 cum
3407 3961 3497 4023 eis
3523 3979 3657 4022 vero

287 4061 475 4121 αὐτοῖς
539 4059 624 4114 καὶ
707 4046 1047 4130 Χριστιανὸς,
1123 4048 1368 4112 Θαλάὸας
1427 4046 1615 4123 ὄνομα,
1662 4053 1769 4103 τῶν
1830 4047 1855 4100 ὑ

2085 4057 2219 4109 erat
2279 4067 2515 4130 quoque
2575 4049 2974 4123 Christianus,
3028 4049 3321 4112 Tlialaoas
3391 4051 3653 4122 nomine,

290 4149 550 4222 Εὗθυμίου
613 4144 780 4202 πάλαι
838 4141 1234 4220 βαπτισθέντων
1299 4137 1613 4217 Ἀγαρηνῶν
1666 4156 1858 4214 συγγεν

2092 4147 2300 4216 gnatus
2330 4141 2736 4216 Agarcnorum
2771 4139 2874 4221 qni
2909 4140 3142 4201 fuerant
3186 4141 3326 4201 olim
3380 4136 3660 4220 baptisati

285 4237 382 4299 ὧν.
434 4236 568 4294 ’Ἕνα
598 4243 690 4294 τοῦ
733 4234 926 4290 οἰκείου
984 4229 1216 4297 πλήθους
1277 4227 1604 4305 ἐπαγόμενοι
1639 4223 1853 4302 Βάρϐαρι

2124 4226 2470 4307 Euthymio;
2503 4227 2870 4291 adducentes
2893 4248 3075 4290 unum
3099 4249 3130 4291 e
3155 4248 3260 4290 sua
3279 4229 3660 4290 multitudine

287 4331 376 4384 καὶ
432 4327 590 4382 αὑτὸν
641 4323 850 4398 δαίμονί
897 4343 999 4377 τινι
1042 4318 1273 4399 χαλεπῷ
1344 4317 1606 4396 κάτοχον.
1671 4313 1821 4372 Ἐπεὶ

2099 4315 2363 4388 rbarum,
2389 4317 2492 4397 qui
2520 4319 2644 4396 ipse
2673 4318 2846 4378 etiam
2879 4337 2912 4379 a
2935 4320 3188 4399 quodam
3215 4337 3368 4379 saevo
3389 4317 3663 4379 daemone

289 4416 615 4494 προσῆλθον,
670 4411 920 4491 ἐξηγεῖτο
963 4412 1062 4476 τὴν
1116 4408 1284 4464 αἰτίαν
1342 4408 1368 4461 6
1402 4402 1649 4494 Θαλαϐας
1684 4420 1698 4434 °
1735 4404 1857 4494 ὼςὲ

2103 4404 2460 4468 ssidebatur.
2488 4404 2804 4487 Postquam
2829 4420 3022 4469 autem
3051 4416 3460 4484 accesserunt,
3492 4424 3671 4484 expo-

289 4478 493 4566 θόντων
535 4478 666 4561 ποτὲ
721 4478 828 4558 των
889 4496 1175 4578 Βαρϐάρων
1218 4496 1358 4574 παρὰ
1406 4496 1503 4562 τὴν
1551 4493 1768 4572 λαύραν,
1800 4493 1857 4550 ὥ‹

2106 4496 2141 4555 lt
2172 4513 2407 4556 causam
2439 4478 2731 4558 Thalahas
2767 4515 2780 4559 :
2817 4497 2962 4560 Cum
3014 4497 3336 4575 aliquando
3369 4478 3674 4560 venissent

291 4597 508 4655 ποτίσαι
539 4595 634 4656 τὰς
669 4593 867 4649 ἑαυτῶν
896 4587 1200 4665 καμήλους,
1230 4585 1317 4642 καὶ
1347 4591 1423 4658 τῷ
1471 4582 1656 4655 λάκκῳ
1704 4585 1798 4650 τὴν
1842 4586 1859 4639 ί

2106 4583 2262 4645 rbari
2286 4584 2358 4645 ad
2382 4585 2635 4660 lauram,
2661 4595 2726 4646 ut
2746 4587 3117 4668 adaquarent
3143 4607 3286 4650 suos
3309 4590 3593 4665 camelos,
3615 4595 3674 4650 et

294 4709 391 4765 ραν
420 4681 840 4758 ὲπικεκλιμένην
871 4679 1152 4758 εὑρόντων,
1187 4677 1213 4730 6
1271 4671 1538 4765 δαιμονῶν
1595 4675 1746 4737 οὗτος
1802 4673 1862 4765 βα

2109 4683 2300 4735 ternze
2321 4674 2675 4738 incumbens
2693 4677 3062 4740 invenissent
3084 4678 3430 4752 ostium,bic
3457 4680 3677 4740 daemo-

295 4761 655 4854 ϐαρικώτερον
684 4771 943 4848 κινηθεὶς,
974 4767 1073 4825 τὴν
1109 4765 1206 4840 μὲν
1265 4762 1392 4836 λίθῳ
1435 4762 1592 4854 βαρεῖ
1625 4761 1863 4854 Δκςιτακλὲ

2113 4780 2256 4832 tcus,
2295 4763 2631 4826 harbariori
2666 4766 2842 4828 modo
2886 4777 3248 4848 commotus,
3287 4767 3446 4846 gravi
3479 4765 3681 4846 lapide

293 4847 486 4924 τούτον
534 4847 589 4918 δῖ
629 4859 831 4936 δαίμων
875 4847 1022 4920 εὐθὺς
1083 4854 1345 4910 ἆντιπαίει
1389 4847 1577 4924 πολλῷ
1619 4848 1861 4928 δεινότερ‹

2109 4851 2176 4912 ud
2209 4853 2574 4931 confringit;
2607 4872 2744 4916 eum
2777 4867 2972 4916 autem
3007 4856 3168 4918 illico
3201 4858 3461 4917 vicissim
3499 4857 3677 4932 longe

295 4956 389 5012 καὶ
453 4955 512 5010 τὸ
569 4951 756 5008 λοιπὸν
818 4946 991 5003 ’έκειτο
1047 4941 1512 5020 σπαραττόμενος,
1569 4943 1655 4996 καὶ
1688 4940 1854 5021 ἆφροῠ

2112 4943 2266 5002 ινὶυε
2294 4941 2436 5003 ferit
2466 4942 2700 5005 daemon
2726 4967 2739 5020 ;
2773 4963 2842 5008 ac
2871 4945 3093 5007 deinde
3135 4947 3370 5025 jacebat
3401 4955 3588 5006 tortus
3619 4953 3680 5007 et

297 5045 476 5118 στόμα
505 5037 972 5114 ὁποπιπλάμενος,

2029 5031 2422 5108 dilaceratus,
2460 5051 2650 5115 osque
2680 5034 2910 5098 habens
2939 5053 3153 5118 Spuma
3181 5037 3511 5116 oppletum.

380 5145 514 5192 ‘1“
549 5142 727 5209 ποιη-
760 5159 823 5220 νν
859 5141 962 5205 ⁴⁴ο
1620 5216 1875 5283 vanus
1918 5215 2352 5284 LECTIONES.

1527 5376 1741 5446 JOAN.
1787 5379 2170 5446 BOLLANDI
2210 5379 2457 5446 NOTIE.

382 5497 515 5581 (91)
549 5489 1078 5582 Αιιιιοεῐιιειίιιίοῐιί
1113 5487 1562 5582 19,,Οίιιι.ξ›45,
1598 5487 1848 5582 obsessa
1877 5489 2045 5582 {uita
2079 5490 2346 5582 Cbosroe
2375 5492 2613 5554 seniore
2658 5491 2904 5576 Edessa,
2938 5513 3056 5578 quo
3090 5502 3385 5581 tempore,
3418 5505 3519 5560 aut
3546 5513 3695 5579 pro-

300 5569 463 5645 xime
494 5569 946 5658 sequenti,hoc
974 5569 1207 5634 ducum
1229 5569 1578 5632 intestinum
1612 5569 1836 5632 bellum
1870 5571 2210 5652 contigerit.

375 5321 402 5354 ³
430 5308 512 5372 8i.
547 5309 635 5367 τά.
728 5317 754 5360 1
782 5302 861 5367 al.
899 5310 1266 5383 Σαρακηνοτς.
