3972 6130
395 248 521 313 ⁸719

1691 241 1974 318 MENSIS
2014 243 2470 323 JANUABIUS.

3630 261 3732 334 720

487 381 733 480 CliblV.
774 381 908 480 Ego
926 401 1068 447 vero
1092 383 1449 480 adveniens,
1483 395 1541 448 et
1584 385 1794 480 animo
1835 388 2039 450 fractus

2221 395 2404 454 PMA'.
2439 394 2656 476 ’Ἔγωγε
2691 395 2779 453 οὖν
2812 397 3047 474 παριὼν,
3082 399 3165 455 καὶ
3223 399 3320 466 τὴν
3375 401 3549 480 ψυχὴν
3592 402 3735 470 οὕτως

408 475 567 550 quod
603 473 686 534 ita
717 491 780 533 se
814 472 1062 534 haberet
1092 473 1409 547 Barbarus,
1441 493 1554 537 una
1577 494 1712 537 cum
1743 477 1889 538 viris
1912 497 2046 540 eum

409 563 578 640 tollo,
612 570 669 623 et
704 563 773 623 ad
809 563 1009 624 Sancti
1041 581 1282 644 capsam
1315 564 1583 640 adduco;
1635 575 1699 626 ut
1748 563 1908 628 unde
1957 567 2046 628 af-

405 653 604 714 flictus
635 659 726 713 est
758 653 1113 728 calamitate,
1150 654 1314 714 illinc
1347 653 1607 716 inveniat
1644 655 1780 717 mali
1813 675 2050 736 quoque

405 742 933 804 medicamentum.
981 741 1264 820 Ejusdem
1322 743 1480 804 enim
1515 753 1624 818 est,
1659 753 1718 806 et
1760 747 2050 825 castigare

403 839 648 912 propter
699 830 1124 907 temeritatem,
1180 840 1238 892 et
1288 851 1498 894 curare
1542 851 1751 895 rursus
1784 853 1892 915 per
1921 836 2047 898 cle-

405 918 958 982 mentiam.Positus
983 937 1123 998 ergo
1146 920 1216 982 ad
1237 921 1500 983 loculum
1525 922 1575 983 is
1589 923 1691 1005 qui
1715 923 2046 1000 laborabat,

403 1029 536 1072 cum
566 1027 682 1071 non
717 1009 967 1071 multum
992 1009 1281 1091 deinceps
1306 1020 1542 1093 tempus
1567 1013 1687 1075 illic
1707 1015 2044 1089 mansisset,

402 1099 777 1162 curationem
811 1098 1038 1161 invenit
1075 1101 1360 1179 majorem
1396 1121 1568 1182 quam
1598 1103 1889 1183 petierat;
1926 1124 2043 1165 non

399 1188 693 1251 liberatus
716 1189 1094 1250 solummodo
1127 1208 1159 1250 a
1191 1190 1344 1251 mala
1372 1192 1710 1268 affectione,
1737 1196 1839 1255 sed
1865 1193 2040 1256 etiam

395 1277 690 1341 diviniore
745 1279 974 1339 lumine
1023 1279 1081 1339 in
1127 1281 1326 1341 anima
1375 1280 1778 1357 collustratus,
1835 1299 1891 1344 et
1924 1302 2040 1345 non

398 1367 601 1429 multis
636 1376 842 1448 postea
869 1366 1083 1430 diebus
1114 1367 1459 1448 baptizatus.

479 1459 694 1523 CXLV.
753 1459 1034 1540 Ejusdem
1071 1462 1245 1522 etiam
1295 1461 1574 1525 Thalabae
1606 1483 1675 1526 ex
1707 1466 1890 1529 fratre
1945 1477 2047 1529 aut

2133 481 2190 560 ἕ]
2207 506 2323 540 οντι
2361 490 2437 560 τῷ
2467 484 2722 565 Βαρϐἀρῳ
2753 485 3120 568 ἐπικλασθεὶς,
3171 488 3485 564 ἀναιροῦμαι
3531 493 3614 547 σὺν
3638 509 3737 560 τοῖς

2132 571 2378 651 ἀνδράσιν
2409 577 2588 652 αὖτὸν,
2623 575 2716 632 καί
2749 577 2816 652 τῇ
2846 583 2937 632 τοῦ
2970 577 3122 653 ἁγίου
3152 579 3293 654 θήκῃ
3340 581 3582 658 προσάγω
3611 601 3625 618 ·
3676 583 3738 639 ἵν’

2133 661 2251 719 ὅθεν
2283 664 2498 743 ἐπλήγη
2545 672 2614 742 τῇ
2644 671 2908 746 συμφορᾷ,
2947 665 3151 722 ἐκεῖθεν
3181 665 3324 744 εὕροι
3383 669 3468 722 καὶ
3516 671 3573 726 τὸ
3601 681 3741 729 κακοῦ

2132 753 2436 828 φάρμακον,
2471 762 2574 812 Τοῦ
2606 756 2705 832 γὰρ
2740 757 2920 828 αὐτοῦ,
2974 756 3061 812 καὶ
3121 754 3388 812 παιδεύειν
3442 755 3524 812 διὰ
3572 761 3742 836 θρασύ-

2130 863 2291 917 τητα,
2332 846 2418 899 καὶ
2472 843 2780 920 θεραπεύειν
2840 843 2999 900 πάλιν
3056 842 3140 900 διὰ
3196 843 3589 925 φιλανθρωπίαν
3657 859 3744 907 Τε-

2129 932 2232 994 θεὶς
2263 931 2351 987 οὖν
2397 935 2424 988 6
2469 932 2700 1014 πρίσκων
2745 934 2884 1008 παρὰ
2917 939 2986 1009 τῇ
3027 934 3191 1012 θήκῃ³
3224 934 3318 990 καὶ
3346 934 3538 1012 χρόνον
3564 934 3671 1002 ἑξῆς
3696 942 3744 996 οὔ

2129 1019 2295 1076 πολὺν
2355 1024 2709 1103 παραμείνας,
2787 1023 3014 1099 εὑρίσκει
3071 1023 3168 1089 τὴν
3224 1023 3508 1101 θεραπείαν
3559 1025 3742 1096 ιιείζιινα

2128 1115 2227 1177 τῆς
2288 1113 2548 1181 αἰτήσεως
2587 1129 2600 1142 ⁹
2663 1117 2724 1171 οὐ
2776 1118 2870 1169 τοῦ
2929 1112 3125 1174 πάθους
3195 1112 3364 1186 μόνον
3420 1111 3739 1190 ἀπαλλαγεὶς,

2129 1199 2266 1255 ἀλλὰ
2294 1201 2382 1256 καὶ
2411 1201 2660 1280 θειοτέρῳ
2681 1200 2868 1281 φέγγει
2900 1202 2997 1268 τὴν
3028 1202 3216 1280 ψυχὴν
3246 1204 3744 1280 περιαυγασθεὶς,καὶ

2126 1289 2352 1368 ἡμέραις
2377 1293 2437 1347 οὒ
2466 1290 2696 1354 πολλαῖς
2721 1290 2939 1370 ὕστερον
2967 1289 3394 1367 βαπτισάμενοτ,

2207 1475 2296 1524 ΡΜ
2305 1457 2384 1531 [ζ’.
2421 1469 2525 1527 Τοῦ
2573 1468 2626 1526 δὲ
2679 1471 2838 1529 αὺτοῦ
2869 1467 3084 1526 Θαλᾶϐα
3115 1470 3204 1525 καὶ
3231 1467 3492 1547 ἀδελφιδῆ
3523 1490 3599 1531 τις
3629 1471 3745 1525 ἀκα-

399 1569 607 1612 sorore
639 1551 856 1629 neptis,
891 1549 1184 1612 immundi
1223 1550 1510 1614 daemonis
1542 1553 1848 1616 dominatu
1883 1565 2039 1619 tene-

2137 1556 2298 1636 ia'p'rtp
2355 1559 2623 1634 πνεύματι
2708 1559 3061 1636 κεγυρίευται,
3128 1558 3596 1635 Μετακομισθείση
3651 1560 3746 1615 τοί-

396 1639 597 1701 batur.
639 1641 823 1718 lgitur
854 1640 984 1721 ipso
1017 1660 1254 1721 quoque
1286 1642 1356 1702 ad
1390 1643 1775 1722 reliquiarum
1812 1647 2039 1707 thecam

2137 1669 2216 1702 νυν
2273 1648 2380 1704 ἀπὸ
2435 1656 2530 1706 τοῦ
2589 1649 2845 1726 Λαζαρίου
2875 1649 2963 1705 καὶ
2995 1649 3129 1724 αὐτῇ
3160 1650 3294 1721 πρὸς
3327 1649 3426 1715 τὴν
3456 1655 3548 1704 τοῦ
3576 1647 3748 1722 λειψά-

401 1738 639 1810 portata
670 1748 741 1792 ex
777 1727 1015 1791 Lazario
1053 1729 1201 1811 (illic
1235 1730 1454 1811 quippe
1489 1732 1788 1794 habitabat
1821 1736 2039 1797 Thala—

2137 1757 2218 1794 νου
2245 1737 2420 1811 θήκην
2455 1752 2470 1767 ⁸
2526 1735 2651 1814 τῇδε
2707 1739 2807 1816 γὰρ
2862 1739 2889 1792 6
2948 1734 3196 1800 Θαλάϐας
3251 1737 3386 1809 ᾢιιει
3419 1753 3434 1768 ⁸
3497 1737 3748 1814 φάρμακον

396 1819 550 1899 bas),
575 1819 801 1881 nullum
828 1819 1077 1895 quidem
1103 1820 1259 1881 aliud
1290 1821 1790 1884 medicamentum
1843 1827 2037 1901 exstit,

2137 1825 2224 1882 ,ιὲν
2273 1823 2421 1882 οὐδὲν
2470 1824 2673 1904 ἕτερον,
2718 1824 2844 1881 ἀλλ’
2897 1828 2933 1892 ἢ
2980 1827 3042 1881 τὸ
3107 1825 3164 1880 ἐκ
3211 1829 3316 1891 τῆς
3375 1831 3534 1902 σοροῦ
3575 1825 3747 1891 ταύτης

397 1910 510 1970 nisi
545 1927 613 1970 ex
639 1909 820 1988 hujus
844 1909 1021 1970 loculi
1048 1910 1519 1972 sanctificatione
1547 1931 1656 1974 seu
1677 1931 1830 1989 aqua
1859 1913 2038 1976 bene-

2137 1915 2360 1992 ὶγίασμα
2417 1917 2851 1995 προσχριόμενον
2885 1935 2900 1950 ·
2947 1914 3143 1994 ἡμέραι
3201 1913 3259 1970 δὲ
3323 1917 3430 1970 τῶν
3501 1920 3650 1991 τριῶν
3698 1915 3748 1970 o6

393 1997 552 2059 dicta
583 1998 804 2079 illitus;
841 1999 971 2060 dies
1002 2007 1199 2060 autem
1225 2017 1342 2060 non
1370 2001 1569 2079 plures
1591 2021 1764 2083 quam
1795 2012 1937 2078 tres,
1963 2005 2038 2066 ad

394 2089 715 2168 perfectam
752 2088 826 2148 ab
853 2089 1231 2169 opprimente
1262 2087 1676 2151 liberationem
1710 2090 2032 2154 sufﬁciunt.

472 2175 714 2240 CXLVI.
760 2176 909 2250 Quid
958 2197 1096 2240 vero
1129 2177 1351 2239 dixeris
1403 2179 1477 2239 de
1525 2180 1783 2258 Agareni
1831 2184 2036 2263 Argob

391 2266 566 2329 tilio?
601 2266 712 2329 hoc
745 2267 902 2328 enim
939 2270 1182 2329 nomine
1210 2276 1373 2348 pater
1406 2269 1764 2333 vocabatur:
1802 2278 1904 2351 qui
1933 2293 2038 2352 per

388 2356 773 2418 solitudinem
837 2374 1048 2434 greges
1109 2375 1379 2437 pascens,
1433 2376 1566 2419 cum
1628 2362 2036 2424 exsecrandus

390 2446 629 2527 quidam
693 2445 929 2507 daemon
978 2451 1038 2506 in
1071 2465 1204 2507 eum
1267 2446 1598 2522 insiliisset,
1660 2467 1777 2511 non
1838 2452 2031 2513 solum

389 2544 612 2607 mente,
647 2535 752 2597 sed
785 2537 963 2597 etiam
998 2545 1239 2616 aspectu
1264 2545 1322 2598 et
1349 2537 1541 2599 oculis
1572 2538 1859 2602 distortus
1891 2561 2032 2603 eva-

2123 2004 2362 2078 πλείους,
2397 2006 2528 2082 πρὸς
2559 2004 2768 2061 τελείαν
2811 2007 3056 2084 ἀρκοῦσιν
3114 2003 3444 2082 ἀπαλλαγὶλν
3499 2005 3589 2060 τοῦ
3638 2004 3745 2059 πιέ-

2121 2102 2327 2167 ζοντος,

2203 2185 2371 2259 ρΜς·’
2403 2188 2462 2243 Τί
2490 2184 2536 2240 δ’
2567 2182 2629 2240 ἂν
2659 2185 2724 2240 τὰ
2769 2186 2903 2241 κατὰ
2949 2185 3042 2240 τὸν
3089 2181 3399 2262 ’Λγαρηνοῦ
3455 2181 3618 2238 παῖδα
3664 2181 3740 2236 εἴ-

2121 2298 2239 2340 ποις
2273 2273 2485 2353 Ἀργώϐ
2515 2294 2530 2354 ;
2566 2281 2722 2330 τοῦτο
2774 2276 2875 2352 γὰρ
2935 2276 2961 2330 6
3019 2273 3198 2350 πατὴρ
3256 2271 3514 2329 ἐκαλεῖτο
3545 2291 3561 2306 ·
3617 2270 3741 2335 ὅστις

2122 2366 2218 2420 ἀνὰ
2259 2366 2356 2433 τὴν
2393 2364 2592 2444 ἔρημον
2624 2363 2903 2442 θρέμματα
2947 2363 3144 2439 νέμων,
3207 2370 3406 2442 μιαροῦ
3453 2384 3592 2425 τινος
3640 2361 3741 2417 ἐπι-

2117 2453 2458 2522 πηδήσαντος
2501 2453 2644 2528 αὐτῷ
2687 2452 2960 2527 δαίμονος,
3009 2456 3068 2512 οὗ
3129 2453 3324 2532 φρένας
3384 2453 3568 2527 μόνον,
3623 2448 3740 2506 ἀλλὰ

2117 2547 2204 2600 καὶ
2246 2543 2367 2619 ὄψιν
2413 2545 2578 2611 αὒτὴν
2627 2544 2717 2600 καὶ
2765 2542 3066 2622 ὀφθαλμοὺς
3101 2541 3422 2622 διάστροφος
3465 2543 3552 2608 ἧν,
3589 2547 3738 2618 Προσ-

2115 2634 2359 2713 ενεχθείς
2395 2631 2449 2690 δὲ
2494 2631 2588 2690 καί
2635 2635 2788 2696 οὗτος
2821 2639 2889 2708 τῇ
2941 2639 3030 2689 τοῦ
3073 2631 3333 2708 λειψάνου
3380 2633 3548 2706 θήκῃ,
3591 2629 3739 2685 πάντα

2115 2724 2169 2779 ἐν
2198 2725 2401 2803 βραχεῖ
2429 2724 2866 2802 ἀνορθοῦται,καὶ
2889 2723 3024 2778 κατὰ
3055 2721 3246 2800 χώραν
3278 2720 3485 2778 ἕκαστα
3518 2720 3652 2798 ἔχων
3675 2722 3738 2789 τῷ

2113 2814 2272 2883 πατρὶ
2302 2811 2625 2870 ἀποδίδοται.

2195 2900 2369 2959 ΡΜΖ’.
2430 2901 2611 2958 Πολλά
2669 2923 2748 2966 τις
2812 2901 2876 2956 ἃν
2935 2898 3057 2981 ἔχοι
3115 2910 3335 2960 τοιαῦτα
3401 2900 3490 2956 καὶ
3542 2895 3733 2975 ἀριθμοῦ

385 2634 567 2686 serat.
606 2625 849 2687 Delatus
878 2633 1072 2688 autem
1125 2626 1255 2704 ipse
1286 2645 1520 2708 quoque
1550 2627 1624 2689 ad
1661 2647 1894 2710 capsam
1933 2651 2029 2692 re-

385 2714 727 2795 liquiarum,
781 2714 945 2777 brevi
998 2716 1242 2777 omnino
1288 2716 1559 2795 erigitur,
1599 2726 1656 2778 et
1687 2719 1888 2781 omnia
1924 2741 2030 2784 suo

380 2805 512 2866 loco
547 2809 818 2866 restituta
848 2805 1097 2879 habens,
1131 2804 1281 2886 patri
1306 2806 1603 2869 redditur.

465 2894 738 2958 CXLVII.
762 2895 940 2957 Multa
958 2895 1090 2975 quis
1113 2905 1313 2976 posset
1331 2896 1675 2975 hujusmodi
1699 2905 1758 2959 et
1780 2917 2031 2962 numero

380 2987 609 3066 majora
627 3004 970 3047 recensere.
999 2985 1328 3058 Quamdam
1358 2986 1518 3045 enim
1550 2987 2031 3070 mulierem,quaa

2137 2993 2383 3070 ιρείττονὰ
2425 2989 2766 3069 καταλέγειν,
2801 2993 3012 3046 Γυναικὶ
3053 2991 3154 3069 γάρ
3183 3012 3284 3047 τινι
3321 2991 3462 3047 κατὰ
3487 2989 3581 3054 τὴν
3609 2994 3724 3051 Βητ-

378 3076 438 3167 in
464 3076 592 3167 vico
608 3075 1174 3167 Betabudison-cum
1203 3075 1415 3136 marito
1435 3074 2028 3167 habitabat,meridie

2137 3079 2399 3141 ιϐουδισῶν
2446 3081 2637 3156 κώμην
2697 3077 2842 3154 ἀνδρὶ
2913 3081 3253 3160 συνοικούσῃ,
3318 3074 3648 3167 [ascripta—pit“
3680 3075 3724 3128 ἓν

376 3165 543 3227 domi
576 3165 898 3247 aliquando
936 3164 1277 3238 sedentem,
1306 3164 1500 3244 gravis
1521 3163 1745 3227 invadit
1765 3167 2022 3243 daemon;

2140 3172 2186 3246 ᾦ
2227 3170 2366 3246 οἴκῳ
2399 3171 2528 3226 ποτὲ
2562 3170 2864 3246 καθημένη,
2915 3168 3162 3248 χαλεπὸς
3214 3168 3493 3225 ἐπιπίπτει
3525 3164 3725 3240 δαίμων

376 3264 435 3317 et
464 3265 615 3316 totos
643 3254 887 3335 quidem
917 3273 1016 3314 sex
1045 3272 1283 3315 menses
1307 3273 1441 3314 cum
1471 3273 1540 3315 ea
1563 3255 2022 3332 colluctabatur,

2137 3263 2196 3316 ,αὶ
2249 3266 2308 3336 τῇ
2353 3261 2449 3337 μὲν
2490 3259 2616 3332 παρ’
2646 3258 2803 3320 ὅλους
2849 3259 2984 3316 ἑπτὰ
3013 3258 3380 3337 προσεπάλαιε
3413 3258 3584 3332 μῆνας
3609 3269 3622 3284 ⁸
3661 3253 3726 3308 τῶ

377 3345 587 3407 marito
641 3352 839 3405 autem
873 3351 1070 3407 morte
1100 3344 1264 3404 omni
1313 3344 1686 3406 acerbiorem
1732 3345 2028 3408 eﬂiciebat

2139 3348 2344 3428 ὲᾶνδρὶ
2401 3348 2717 3427 πικροτέραν
2765 3349 2994 3409 θανάτου
3065 3349 3262 3412 παντὸς
3323 3346 3587 3424 ετργᾶζετο
3639 3339 3726 3406 τὴν

372 3435 572 3496 vitam.
612 3434 754 3498 Cum
792 3436 992 3516 itaque
1043 3437 1094 3496 is
1142 3453 1278 3496 eum
1331 3454 1534 3496 casum
1583 3435 2021 3498 intolerabilem

2138 3442 2275 3510 ωήν.
2323 3437 2631 3520 Ἀφορῆτως
2689 3438 2778 3495 οὗν
2828 3438 2946 3496 ἐκεῖ
2963 3461 3042 3504 ρος
3101 3436 3248 3518 ἔχων
3323 3437 3409 3494 ἐπὶ
3450 3435 3526 3508 τῷ
3563 3432 3721 3504 πάθει,

370 3526 649 3601 haberet,
676 3545 785 3586 nec
820 3527 1004 3587 ullam
1041 3534 1242 3606 posset
1272 3525 1560 3588 molestiae
1584 3526 1855 3587 invenire
1888 3545 2022 3588 con-

2137 3529 2194 3586 αἱ
2249 3527 2497 3604 οὐδεμίαν
2529 3527 2818 3601 δυνάμενος
2874 3529 3047 3606 εὕρετν
3091 3534 3183 3584 τοῦ
3239 3525 3532 3586 λυποῦντος
3573 3538 3726 3596 παρα-

371 3616 754 3687 solationem,
792 3615 1102 3676 constituit
1132 3615 1203 3675 ad
1242 3634 1519 3696 magnum
1551 3615 1898 3695 confugere.
1955 3615 2026 3678 Et

2137 3621 2313 3699 νυχὴν,
2362 3619 2448 3675 ἐπὶ
2477 3620 2568 3675 τὸν
2619 3617 2790 3696 μέγαν
2849 3616 2988 3695 ἔγνω
3016 3629 3365 3696 καταφυγεῖν.
3409 3615 3504 3673 Καὶ
3531 3611 3623 3678 τὴν
3647 3611 3724 3699 cui-

369 3706 685 3784 conjugem
711 3723 1024 3766 assumens
1050 3707 1128 3766 ita
1153 3705 1354 3767 furore
1383 3707 1865 3786 percitam,venit
1886 3725 2021 3768 cum

2137 3698 2260 3786 υγον
2321 3707 2458 3766 οὕτω
2502 3720 2808 3785 μεμηνυταν
2866 3704 3212 3786 παραλαϐων,
3287 3706 3590 3786 ἀφικνεῖται
3643 3698 3724 3752 σὺν

372 3813 444 3856 ea
473 3795 543 3854 ad
581 3794 1009 3855 monasterium
1044 3793 1195 3875 (92).
1231 3794 1520 3866 Quoniam
1556 3814 1697 3858 vero
1729 3815 1850 3858 non
1882 3796 2022 3859 licet

2141 3800 2238 3875 ὒτῇ
2288 3799 2419 3878 πρὸς
2467 3799 2528 3855 τὸ
2574 3797 2963 3876 μοναστήριον.
3013 3795 3163 3854 Ἐπεὶ
3211 3792 3266 3851 δὲ
3297 3799 3360 3855 οὔ
3392 3795 3592 3878 βάσιμα
3633 3808 3720 3878 1a-

370 3883 626 3945 introire
679 3882 1054 3959 mulieribus,
1106 3884 1410 3945 assidebat
1461 3885 1566 3946 illa
1609 3886 1666 3945 in
1701 3886 2014 3960 vestibulo,

2137 3886 2230 3953 αιξὶ
2276 3875 2341 3944 τᾶ
2397 3885 2566 3958 ἔνδον,
2631 3885 2957 3965 προσήδρευε
3016 3891 3093 3959 τῷ
3156 3884 3386 3957 πυλῶνι,
3447 3883 3512 3939 τὰ
3550 3875 3721 3935 δυνατὰ

371 3973 599 4034 faciens
627 3991 762 4050 quae
793 3982 1049 4053 poterat,
1072 3974 1267 4053 jejuni
1293 3983 1470 4036 utens
1492 3982 1550 4036 et
1580 3975 1872 4049 oratione,
1899 3977 2019 4037 sin-

2141 3983 2348 4052 οιούτα,
2384 3975 2603 4044 νηστείᾳ
2647 3996 2702 4031 τε
2746 3975 3014 4055 χρωμένη
3060 3975 3147 4032 καὶ
3191 3977 3495 4054 προσευχῇ,
3530 3969 3612 4024 καὶ
3639 3970 3718 4021 τοὺ

367 4063 644 4143 gulisque
676 4062 946 4144 vesperis
979 4063 1189 4125 bibens
1225 4082 1292 4125 ex
1333 4064 1522 4126 thecae
1551 4083 1708 4142 aqua
1741 4066 2011 4126 sanctiﬁ-

2137 4066 2193 4136 ἧς
2245 4065 2418 4134 Olim:
2462 4068 2795 4144 ἁγιάσματος
2843 4065 3076 4132 ἑκάστης
3133 4063 3387 4144 ἑσπέρας,
3439 4062 3526 4119 σὺν
3575 4055 3717 4126 ἐλαίῳ

367 4163 519 4228 cata,
554 4171 689 4214 cum
724 4154 858 4215 oleo
891 4153 1179 4217 lucernas.
1213 4155 1397 4216 Porro
1429 4154 1606 4215 tertia
1623 4155 2016 4236 consequenti

2137 4161 2197 4224 ἧς
2249 4162 2579 4237 φωταγωγοῦ
2636 4155 2886 4216 πίνουσα.
2933 4154 3093 4233 Τρίτῃ
3136 4153 3192 4210 δὲ
3257 4160 3324 4230 τῇ
3388 4144 3708 4237 ἐξῆςννυκτῖ,

365 4252 566 4319 nocte,
622 4244 676 4304 ei
730 4262 982 4322 magnus
1029 4260 1324 4324 apparens
1377 4243 1780 4324 Eutbymius:
1833 4244 2011 4321 Ecce,

2137 4236 2370 4326 πιφανεὶς
2402 4247 2534 4321 αὗτῇ
2563 4247 2589 4300 6
2639 4243 2808 4322 μέγας
2846 4243 3122 4319 Εὗθύμιος,
3161 4241 3264 4300 Ἴδε
3295 4243 3450 4321 ὑγιὴς
3481 4236 3704 4326 γέγονας,

367 4333 582 4412 inquit,
617 4352 762 4394 sana
791 4333 944 4394 faeta
969 4351 1056 4408 cs,
1091 4323 1236 4395 vade
1270 4333 1328 4393 in
1364 4323 1607 4395 domum
1643 4343 1798 4396 tuam
1835 4351 1848 4396 :
1887 4342 2012 4395 sta-

2137 4323 2356 4414 ιτιλὲγει,
2391 4334 2616 4413 πορεύου
2644 4334 2718 4398 εἷς
2763 4335 2853 4390 τὸν
2905 4333 3061 4391 οἶκόν
3113 4353 3230 4393 σου.
3279 4335 3390 4390 Καὶ
3425 4329 3454 4397 ἥ
3495 4348 3548 4383 τε
3575 4323 3704 4414 νόσος

366 4410 592 4502 timque
623 4430 682 4484 et
715 4422 957 4483 morbus
989 4430 1079 4483 est
1109 4421 1453 4498 dissolutus,
1484 4430 1542 4484 et
1573 4423 1820 4485 cessavit
1847 4423 2004 4484 iusa-
2037 4478 2039 4502 ,

2137 4410 2505 4498 506::‘85Ms-ro,
2567 4424 2662 4479 καί
2721 4423 2786 4479 τὰ
2841 4427 2939 4490 τῆς
2997 4422 3186 4497 μανίας
3241 4422 3474 4478 ὶπαύετο
3505 4433 3519 4448 ⁹
3561 4410 3698 4502 miti

367 4501 507 4584 nia,’
527 4510 891 4593 demumque
923 4512 1138 4573 mulier
1166 4513 1380 4574 mentis
1399 4531 1645 4593 compos
1664 4514 2006 4576 revertitur.
2033 4501 2039 4528 ¹

2137 4514 2226 4582 “ii
2272 4516 2555 4593 σωφρόνως
2617 4512 2841 4592 ἔχουσα,
2898 4509 3084 4568 οἴκαδε
3136 4510 3386 4587 ἐπανῄει.
3419 4507 3504 4572 Ἐξ
3530 4501 3694 4593 ἐκείνου

362 4599 455 4698 {ib
489 4601 591 4662 illo
624 4588 823 4698 autem
858 4611 1149 4682 tempore,
1186 4607 1389 4698 utpote
1413 4588 1644 4664 memor
1674 4601 1952 4698 beneficii
1979 4621 2013 4664 a

2137 4611 2148 4660 ὲ
2200 4588 2436 4682 καθάπερ
2465 4588 2986 4678 ἀπομνημονεύουσα
3025 4605 3122 4667 τῆς
3179 4601 3408 4680 χάριτος
3463 4601 3533 4671 τῷ
3559 4588 3686 4698 ξ’(ίιξ),

365 4690 582 4753 Sancto
597 4691 1536 4772 accepti.quotannisveniebatad
1555 4692 2007 4770 monasterium,

2137 4695 2372 4773 φικνεϊτό
2428 4715 2486 4749 τι
2545 4693 2675 4770 πρὸς
2735 4693 2796 4748 τὸ
2827 4691 3188 4770 μοναστήριον
3218 4690 3468 4768 ἐτησίως,
3500 4685 3584 4773 καλ
3611 4685 3692 4773 τὴν

361 4781 685 4863 ipsumque.
717 4765 900 4844 limen
929 4791 986 4844 et
1019 4783 1240 4858 solum,
1275 4782 1438 4861 quod
1473 4790 1563 4845 est
1593 4790 1731 4844 ante
1766 4765 2011 4860 ingres;

2137 4765 2250 4840 λιὰν
2299 4785 2465 4850 αὒτὴν
2493 4765 2598 4838 καί⁷
2623 4783 2684 4838 τὸ
2731 4765 2921 4859 ἔδαφος
2965 4765 3086 4858 πρὸ⁷
3114 4780 3210 4846 τῆς
3254 4765 3476 4850 εἶσςίδου-⁹
3506 4772 3583 4828 καὶ
3609 4765 3690 4874 τῖεν

362 4879 586 4953 sum,et
605 4870 907 4952 pulverem
931 4890 1060 4934 com
1072 4871 1579 4952 plexa,ardentius
1605 4870 2005 4946 osculabatur,

2137 4875 2237 4930 ὕνιν
2281 4871 2538 4954 φιλήματι
2595 4869 2898 4951 θερμοτέρῲ
2954 4870 3396 4947 περιεπτύσσετο,
3457 4865 3538 4922 καὶ
3591 4865 3692 4960 ξοὺς

363 4950 537 5042 atque
569 4950 780 5023 fratres
806 4950 1089 5022 invitabat
1117 4963 1187 5022 ad
1213 4962 1567 5058 convivium,
1601 4970 1660 5023 et
1687 4979 1862 5058 quam
1893 4962 2009 5023 bu-

2137 4950 2347 5043 Ξελφοῦς
2405 4963 2594 5033 εἱστία,
2627 4950 2715 5016 καὶ
2748 4961 2818 5022 ὡς
2851 4960 2884 5028 ἡ
2937 4957 3178 5034 δύναμις,
3239 4960 3399 5039 εἶχεν
3444 4950 3687 5058 ἑδεξιοξτο-

365 5051 711 5113 manissime
745 5060 975 5132 poterat
1009 5052 1360 5133 accipiebat.
1392 5051 1464 5112 Et
1495 5053 1608 5114 hoc
1641 5051 1883 5132 quidem
1919 5061 2010 5113 est

2139 5053 2190 5109 αἱ
2231 5062 2384 5111 τοῦτο
2416 5051 2513 5122 μὲν
2543 5050 2609 5118 δὴ
2637 5056 2901 5108 τοιοῦτον.
2939 5050 3036 5107 Καὶ
3077 5047 3218 5105 οὕτω
3271 5047 3515 5127 μεγέθους
3555 5047 3690 5118 χάριν

364 5141 898 5224 ejusmodi,sicque
914 5161 1023 5204 nec
1041 5143 1344 5222 prioribus
1358 5141 1549 5202 credit
1569 5140 2000 5222 magnitudine.

2137 5141 2206 5203 58‘s
2235 5153 2256 5183 ι
2293 5148 2399 5198 τῶν
2429 5141 2655 5197 κατόπιν
2685 5138 3139 5215 ἀπολειπόμενον.

1666 5261 1924 5326 VARIZE
1967 5261 2416 5328 LECTIONES.

1632 5419 1842 5485 JOAN.
1896 5421 2275 5488 BOLLANDI
2327 5417 2578 5486 ΝΟΤιΕ.

450 5521 574 5601 (9'2)
605 5527 737 5586 Non
790 5527 972 5588 licere
1005 5527 1240 5589 mulieri
1271 5529 1330 5590 in
1367 5531 1589 5591 lauram
1623 5527 1917 5592 accedere
1947 5530 2126 5593 tradit
2167 5530 2327 5593 idem
2363 5529 2426 5590 in
2458 5527 2595 5590 Vita
2626 5529 2690 5594 S.
2739 5525 2988 5593 Joannis
3019 5525 3365 5594 Silentiarii.
3399 5516 3583 5590 Simile
3611 5511 3672 5576 de

367 5602 617 5662 mandra
647 5603 708 5665 S.
745 5604 1065 5688 Symeonis
1095 5605 1373 5688 Stylitieb
1402 5611 1530 5673 Jan.
1569 5619 1992 5674 memoratum.

443 5353 463 5381 ²
499 5341 576 5404 al.
612 5341 779 5400 οὕδὲν.
