3972 6130
238 299 363 367 721

1607 310 1792 373 VITA
1835 309 1891 372 S.
1947 305 2360 372 EUTHYMII.

3554 302 3676 368 722

305 438 518 501 PMH'.
575 441 811 503 Ἐκεῖνο
840 441 894 502 δὲ
952 445 1036 502 καὶ
1069 442 1227 510 αὒτὸς
1271 446 1298 501 6
1343 443 1443 505 τὴν
1501 442 1754 522 ἰπήρειαν
1795 443 1934 500 ὑπο-

2099 441 2396 506 CXLVIII.
2430 441 2587 505 Illud
2613 450 2812 504 autem
2844 445 2891 504 is
2915 457 3154 524 quoque
3182 439 3286 518 qui
3315 439 3496 504 subiit
3519 441 3678 504 cala-

217 530 386 602 στᾶς,
425 533 530 589 καὶ
593 535 754 613 παρὰ
811 541 888 609 τῷ
945 540 1038 591 τοῦ
1095 534 1246 612 ἁγίου
1308 533 1460 613 τάφῳ
1517 534 1785 611 τρυγήσας
1841 532 1940 598 τὴ,

217 621 544 694 θεραπείαν
554 666 577 700 ,
618 630 699 701 τῇ
742 629 882 700 μονῇ
911 621 988 680 ἔτι
1021 623 1246 702 περιὼν,
1280 623 1369 678 καὶ
1401 621 1486 686 εἶς
1515 622 1618 677 τών
1650 619 1775 698 παρ’
1807 623 1940 695 αὐτῇ

216 717 516 789 μοναχῶν
591 711 702 790 ὢν,
766 714 934 788 οἰκείᾳ
991 711 1231 791 γλώττῃ,
1291 717 1379 768 καί
1437 732 1588 790 φωνῃ
1657 721 1937 788 μαρτυρεῖ.

215 797 416 858 "Ea-1i.
459 801 584 882 γάρ
636 825 720 870 τις
779 801 1005 866 ἀδελφὸς
1049 802 1101 858 ἐν
1152 807 1229 874 τῷ
1288 800 1652 878 μοναστηρίῳ,
1684 800 1746 856 τὸ
1789 797 1940 877 γένος

220 886 537 960 Γαλάτης,
581 894 696 964 τήν
753 891 947 961 κλῆσιν
997 892 1320 970 Προκόπιος.
1373 889 1536 956 Οὗτος
1580 889 1668 947 οὖν
1724 891 1750 945 6
1795 894 1939 966 Προ-

220 978 471 1054 κόπιος,
529 979 598 1037 ἰν
667 981 972 1046 πολιτικοῖς
1041 979 1119 1038 ἔτι
1175 977 1412 1059 θορύϐοις
1480 977 1578 1036 καί
1635 979 1942 1058 πράγμασιν)

222 1067 336 1143 ὢν,
399 1074 667 1148 πονῆρῷ
712 1070 1015 1152 κατεσχέθη
1069 1070 1354 1145 πνεύματι,
1407 1069 1494 1126 καὶ
1548 1073 1706 1125 τοῦτο
1760 1087 1940 1123 συνοι-

222 1180 328 1215 κον
391 1159 549 1240 εἶχε
591 1160 764 1241 μέχρι
822 1159 1047 1236 πολλοῦ,
1079 1159 1310 1240 κρυφίως
1364 1158 1523 1215 αὐτὸν
1573 1155 1943 1233 ἰκδειματοῦν,

224 1249 322 1304 καὶ
379 1250 669 1330 ταράχου
728 1249 794 1306 τὰ
852 1246 998 1306 ἔνδον
1055 1247 1313 1327 πληροῦν·
1377 1247 1556 1326 ὥσπερ
1613 1246 1770 1312 αὐτὸς
1829 1243 1946 1321 ἐμοὶ

226 1334 610 1416 δίηγήσατο.
653 1339 803 1396 Ἐπεὶ
861 1337 916 1395 δὲ
959 1338 1051 1393 τὸν
1084 1337 1290 1412 κόσμον
1335 1335 1508 1393 λιπὼν
1558 1342 1634 1410 τῷ
1665 1356 1944 1410 μοναστη·

228 1429 334 1506 ρίῳ
394 1427 825 1507 προσέδραμεν,
889 1425 1168 1507 εἰσεδέχθη
1227 1447 1286 1482 τε
1329 1426 1473 1504 παρὰ
1547 1429 1648 1492 τῆς
1709 1421 1944 1489 συνοδίας

229 1519 349 1574 τῶν
433 1515 708 1598 ἀδελφῶν
739 1565 757 1598 ,
816 1518 903 1575 καὶ
973 1522 1040 1594 τῇ
1106 1525 1200 1576 τοῦ
1259 1515 1512 1592 λειψανου
1583 1513 1943 1594 προσεκύνησε

230 1608 418 1684 θήκη,
457 1607 534 1664 τὸ
595 1610 837 1684 πανηρον
868 1606 1012 1670 εὐθὺς
1057 1602 1387 1685 ἀπηλέγχθη
1420 1611 1654 1685 πνεῦμα,
1685 1605 1758 1668 ὡς
1811 1603 1942 1658 σκό-

234 1717 335 1760 τος
389 1694 516 1753 ὕπὸ
565 1699 772 1777 φωτὸς,
805 1697 893 1752 καί
935 1697 1010 1758 εἰς
1070 1695 1302 1775 ἐμφανὲς
1355 1694 1542 1774 ἤγετο,
1590 1694 1676 1750 καὶ
1734 1691 1945 1770 Προκό-

2029 529 2294 592 mitatem
2327 539 2386 592 et
2413 531 2484 592 ad
2523 530 2735 594 Sancti
2759 531 3104 612 sepulcrum
3138 529 3506 594 curationem
3542 548 3677 612 per-

2025 620 2205 700 cepit,
2241 620 2438 682 adhuc
2471 629 2774 704 superstes
2805 620 2868 682 in
2901 621 3293 695 monasterio,
3328 639 3483 682 unus
3506 639 3574 682 ex
3603 620 3677 682 iis

2025 709 2125 789 qui
2157 709 2216 772 in
2249 729 2318 772 eo
2347 717 2486 772 sunt
2517 710 2851 786 monachis,
2887 728 2993 772 sua
3023 709 3227 791 lingua
3253 719 3311 773 et
3334 729 3477 772 voce
3507 711 3675 774 testi-

2024 799 2254 861 ﬁcatur.
2305 797 2408 860 Est
2457 799 2616 860 enim
2649 800 2892 882 quidam
2946 801 3127 862 frater
3161 801 3222 861 in
3278 800 3674 876 monasterio,

2024 907 2250 968 genere
2280 887 2508 966 Galata,
2545 890 2789 953 nomine
2818 889 3172 972 Procopius.
3207 889 3314 952 Hic
3346 909 3487 970 ergo
3517 888 3670 952 Pro-

2025 977 2256 1060 copius,
2290 997 2424 1042 cum
2459 979 2653 1042 adhuc
2684 980 2746 1042 in
2771 979 3050 1042 civilibus
3080 989 3420 1042 versaretur
3451 981 3675 1042 tumul-

2026 1066 2182 1132 tibus
2215 1077 2273 1131 et
2300 1069 2576 1147 negotiis,
2611 1079 2931 1150 occupatus
2956 1069 3064 1131 fuit
3086 1087 3118 1130 a
3139 1069 3352 1149 spiritu
3384 1087 3668 1150 nequam,

2027 1176 2286 1240 eumque
2333 1157 2436 1220 diu
2495 1157 2704 1221 habuit
2756 1159 2934 1221 simul
2988 1157 3377 1231 habitantem,
3439 1159 3675 1223 occulte

2031 1255 2451 1320 terrentem,et
2485 1247 2844 1310 intrinsecus
2873 1249 3214 1330 opplentem
3240 1249 3677 1330 strepitu,sicut

2026 1342 2155 1418 ipse
2177 1337 2324 1399 mihi
2348 1337 2629 1399 narravit.
2661 1335 2977 1420 Postquam
3001 1348 3196 1399 autem
3220 1338 3428 1399 relicto
3453 1339 3672 1400 smeulo

2029 1427 2292 1488 occurrit
2333 1427 2408 1488 ad
2442 1429 2898 1503 monasterium,
2930 1436 2988 1491 et
3018 1447 3049 1490 a
3079 1436 3374 1489 conventu
3421 1427 3672 1489 fratrum

2027 1527 2340 1597 susceptus
2363 1526 2475 1593 est,
2496 1524 2672 1599 atque
2688 1519 3072 1599 reliquiarum
3097 1535 3333 1597 capsam
3383 1516 3670 1592 adoravit,

2029 1606 2226 1670 statim
2277 1607 2518 1688 spiritus
2567 1627 2822 1686 nequam
2873 1615 2962 1670 est
3011 1613 3336 1681 convictus,
3390 1614 3674 1685 tanquam

2033 1694 2296 1756 tenebrae
2324 1713 2356 1756 a
2381 1690 2540 1770 luce,
2576 1705 2633 1758 et
2662 1695 2723 1758 in
2756 1707 3031 1778 apertum
3063 1697 3410 1778 productus,
3443 1704 3502 1757 et
3531 1693 3675 1758 Pro-

238 1809 378 1850 πιος
464 1785 756 1862 δαιμονῶν
816 1786 1152 1865 Ξγνωρίζετο,
1205 1785 1379 1842 πάντα
1444 1784 1625 1840 ἐκεῖνα
1689 1787 1944 1864 πάσχων,

2038 1784 2241 1864 copius
2271 1785 2544 1864 cognitus
2576 1794 2665 1848 est
2697 1804 2828 1848 esse
2863 1785 3297 1857 daamoniacus,
3335 1783 3534 1845 omnia
3566 1783 3674 1846 illa

237 1875 347 1931 ὅσα
395 1888 536 1938 τοῖς
581 1876 750 1941 οὕτως
801 1875 1019 1956 ἔχουσιν
1079 1871 1216 1950 ἴδια,
1245 1874 1576 1953 ρησσόμενός
1627 1894 1684 1931 τε
1735 1871 1943 1945 δεινῶς,

243 1967 337 2022 καὶ
408 1967 496 2031 εἷς
559 1967 663 2045 γῆν
723 1965 1236 2046 προσριπτούμενος,
1292 1963 1370 2021 ἔτι
1437 1962 1792 2038 δεσμούμενος
1846 1962 1948 2029 τὴν

242 2053 562 2135 γλῶτταν,
610 2054 704 2113 καί
766 2052 905 2132 μηδὲ
961 2056 1199 2124 συνήθως
1257 2052 1571 2134 φθέγγεσθαι
1627 2053 1946 2132 συγχωρού-

248 2166 459 2221 μενος,
531 2145 743 2226 ε¹¹Ονπερ
773 2143 839 2213 δὴ
884 2145 972 2202 καὶ
1031 2145 1190 2200 αὐτὸν
1236 2145 1263 2200 6
1315 2141 1484 2220 μέγας
1516 2143 1683 2218 ἰᾶται,
1718 2142 1804 2198 καὶ
1855 2142 1949 2198 τοῦ

253 2236 478 2300 πάθους
552 2235 666 2310 ἅμα
725 2235 812 2292 καὶ
855 2239 952 2302 τῆς
1007 2233 1198 2299 μανίας
1244 2231 1340 2289 καί
1392 2231 1498 2288 τῶν
1557 2236 1656 2298 τῆς
1703 2228 1945 2308 γλώττης

259 2325 495 2400 δεσμῶν
549 2323 795 2382 ἀπολύει·
861 2323 994 2382 καθὰ
1059 2322 1145 2378 καὶ
1204 2323 1276 2387 εἷς
1335 2319 1484 2400 δεῦρο
1539 2320 1720 2399 παρὼν
1770 2319 1824 2375 ἐν
1881 2324 1948 2396 τῇ

260 2415 416 2492 μονῇ
478 2413 775 2473 δείκνυται·
837 2413 933 2470 οὒκ
981 2413 1200 2477 ἀπαθῶς
1229 2411 1391 2488 μόνον
1441 2408 1586 2490 ἔχων
1629 2410 1717 2466 καὶ
1758 2409 1943 2488 ὑγιῶς,

264 2503 415 2561 ἀλλὰ
470 2505 570 2562 καὶ
621 2503 936 2584 σωρροσύνῃ
991 2502 1137 2579 πάσῃ
1182 2501 1276 2557 καί
1322 2501 1568 2577 ὑπομονῇ
1614 2495 1942 2572 διαπρέπων,

265 2596 362 2650 καὶ
430 2596 534 2652 τὸν
566 2595 810 2674 χρηστὸν
867 2591 1038 2650 ἕλκων
1058 2590 1122 2650 ἐν
1167 2591 1336 2668 ταύτῃ
1379 2597 1472 2648 τοῦ
1513 2594 1742 2668 Χριστοῦ
1787 2588 1942 2664 ζυγὸν

273 2685 420 2744 κατὰ
452 2683 705 2760 δύναμιν,

367 2773 554 2838 PMB'.
585 2775 804 2839 Τούτοις
847 2768 1135 2826 ἀκόλουθον
1165 2770 1231 2827 τὰ
1263 2769 1398 2826 κατὰ
1438 2769 1530 2825 τὸν
1559 2766 1760 2834 ξενικὸν
1790 2767 1940 2824 ἐκεῖ·

288 2887 382 2923 νον
442 2863 753 2931 διεξελθεῖν,
819 2858 1152 2936 Καθημένοις
1223 2859 1324 2938 γάρ
1380 2879 1510 2916 ποτε
1552 2859 1683 2936 πρὸς
1743 2857 1812 2934 τῇ
1855 2864 1945 2914 τοῦ

286 2955 656 3032 μοναστηρίου
729 2949 939 3024 εἰσόδῳ,
985 2961 1074 3006 και
1147 2970 1266 3005 τινα
1335 2947 1558 3024 μαλώαν
1601 2947 1789 3029 ἔχουσι
1863 2945 1946 3005 διὰ

287 3048 482 3125 χειρὸς
542 3045 630 3102 καὶ
701 3041 1058 3117 καθαίρουσιν,
1106 3037 1308 3094 ἔπεισιν
1365 3039 1504 3113 ἡμῖν
1573 3040 1724 3101 οὗτος
1795 3037 1948 3115 ῥοίζῳ

291 3135 541 3214 μεγάλῳ,
577 3133 663 3189 καὶ
720 3127 985 3209 καταιγίδι
1041 3125 1454 3204 παραπλησίως,
1490 3127 1589 3184 ὄπὸ
1619 3133 1711 3183 τοῦ
1769 3149 1946 3192 πονη-

2032 1873 2288 1955 patiens,
2325 1892 2458 1954 quae
2487 1882 2624 1937 sunt
2655 1875 3001 1937 hominibus
3031 1876 3112 1936 ita
3142 1875 3370 1937 allectis
3403 1874 3670 1954 pr0pria,

2031 1972 2092 2026 ut
2122 1963 2225 2044 qui
2255 1981 2413 2026 saeve
2443 1962 2924 2044 disrumperetur
2953 1972 3011 2026 et
3041 1964 3208 2027 humi
3253 1965 3674 2044 projiceretur,

2030 2053 2235 2115 adhzec
2266 2053 2468 2132 lingua
2497 2054 2845 2127 vinciretur,
2882 2073 2995 2117 nec
3025 2056 3333 2117 sineretur
3363 2071 3466 2134 pro
3503 2072 3669 2116 more

2029 2143 2218 2224 loqui.
2270 2141 2454 2216 Quem
2504 2143 2700 2224 ipsum
2734 2164 2974 2227 quoque
3005 2164 3252 2224 magnus
3282 2154 3473 2221 sanat,
3510 2152 3568 2204 et
3597 2142 3670 2204 ab

2031 2233 2346 2296 affectione
2393 2233 2572 2295 simul
2625 2243 2686 2298 et
2736 2236 2991 2310 insania,
3043 2243 3103 2297 et
3147 2235 3366 2313 linguae
3414 2233 3670 2295 vinculis

2029 2323 2316 2400 exsolvit;
2351 2323 2507 2385 sicut
2537 2324 2596 2385 in
2627 2325 2986 2387 hodiernum
3020 2343 3209 2406 usque
3252 2323 3411 2385 diem
3463 2331 3671 2383 osten—

2029 2413 2190 2476 ditur
2220 2431 2484 2494 praesens
2512 2413 2572 2475 in
2599 2415 2998 2492 monasterio;
3026 2433 3144 2476 non
3177 2413 3368 2476 solum
3401 2429 3584 2474 sanus
3613 2419 3674 2474 et

2027 2521 2061 2565 a
2092 2503 2246 2564 malo
2277 2501 2452 2580 liber,
2479 2504 2583 2564 sed
2612 2503 2791 2566 etiam
2816 2504 2980 2566 omni
3007 2504 3400 2584 temperantia
3425 2510 3481 2564 et
3513 2501 3670 2562 tole-

2026 2591 2217 2654 rantia
2264 2591 2538 2671 insignis,
2574 2601 2754 2674 atque
2785 2593 2843 2654 in
2877 2612 2949 2658 eo
3000 2595 3240 2657 trahens
3291 2611 3394 2675 pro
3447 2591 3671 2653 viribus

2027 2699 2205 2746 Suave
2237 2681 2454 2745 Christi
2479 2682 2719 2762 jugum.

2107 2770 2344 2834 CXLIX.
2386 2769 2491 2833 His
2521 2790 2898 2854 consequens
2931 2774 3110 2836 fuerit
3139 2793 3208 2836 ea
3241 2773 3518 2855 persequi
3539 2791 3673 2853 quae

2027 2860 2098 2924 ad
2127 2861 2296 2922 illum
2333 2861 2711 2940 peregrinum
2745 2872 3040 2943 spectant.
3094 2863 3460 2928 Sedentibus
3507 2862 3670 2925 enim

2030 2950 2350 3031 aliquando
2383 2951 2444 3010 in
2477 2952 2827 3014 monasterii
2873 2953 3174 3034 ingressu,
3209 2962 3264 3016 et
3297 2953 3558 3031 ligonem
3610 2951 3676 3014 in

2032 3058 2206 3102 manu
2242 3039 2624 3122 habentibus,
2659 3048 2834 3123 atque
2867 3043 3261 3124 purgantibus
3309 3042 3506 3118 nobis,
3559 3042 3674 3104 ad-

2031 3129 2190 3190 venit
2218 3128 2318 3190 hic
2349 3147 2483 3190 cum
2517 3147 2731 3209 magne
2753 3133 2977 3212 impetu
3006 3141 3064 3194 et
3083 3133 3366 3204 stridore,
3391 3151 3459 3194 ac
3480 3133 3674 3194 instar

295 3232 386 3302 ροῦ
431 3224 734 3297 πνεύματος
787 3218 1168 3293 ἓλαυνόμενος,
1228 3217 1434 3296 κράζων
1494 3238 1551 3272 τε
1609 3214 1829 3294 λαμπρᾷ
1882 3221 1950 3292 τῇ

2038 3217 2336 3300 procellm,
2372 3236 2404 3279 a
2437 3219 2588 3280 malo
2621 3219 2832 3299 spiritu
2879 3231 3069 3298 actus,
3125 3234 3300 3304 atque
3331 3224 3498 3284 clara
3528 3240 3673 3285 voce

299 3321 472 3393 φωνῇ’
509 3313 568 3371 Τί
617 3311 737 3386 ἐμοὶ
793 3309 880 3364 καὶ
928 3311 1046 3381 σοὶ,
1079 3314 1172 3364 τοῦ
1225 3313 1356 3365 Θεοῦ
1384 3306 1612 3384 θεράπον
1676 3305 1947 3380 Εὒθύμιε;

309 3409 409 3460 ποῦ
448 3425 513 3478 με
542 3402 631 3458 σὺν
691 3400 780 3477 βίᾳ
829 3397 1004 3462 ἕλκεις
1040 3415 1056 3477 ς
1118 3399 1212 3456 οὒκ
1255 3395 1446 3472 ἔξειμι.
1478 3395 1728 3453 ’Ἔπειτα
1777 3396 1947 3474 ρίπτει

313 3494 412 3571 πρὸ
470 3497 570 3548 τῶν
633 3489 815 3547 πυλῶν
875 3489 1032 3545 αύτον
1077 3485 1137 3543 τὰ
1195 3487 1431 3566 πονηρὸν
1487 3492 1720 3560 πνεῦμα,
1753 3487 1948 3560 πτῶμα

307 3595 420 3644 τοῖς
462 3583 652 3652 ὁρῶσιν
710 3577 1100 3637 ἒλεεινότατον.
1155 3576 1510 3636 Ἀναστάντες
1570 3576 1656 3631 οὗν
1727 3575 1820 3630 σὺν
1873 3595 1948 3648 τῳ

299 3675 510 3752 θυρωρῷ
568 3667 802 3742 Βαεύλᾳ,
839 3669 926 3724 καὶ
983 3667 1141 3742 μόλις
1205 3665 1365 3722 αὐτὸν
1422 3661 1760 3752 ἀνελόμενοι,
1808 3664 1948 3741 παρὰ

297 3761 394 3828 τὴν
423 3767 517 3818 τοῦ
557 3757 812 3835 λειψάνου
837 3757 1010 3825 θήκην
1056 3755 1380 3833 κατάγομεν.
1424 3754 1486 3812 ιΟ
1519 3751 1573 3808 δὲ
1603 3758 1709 3808 τῶν
1753 3753 1950 3828 ὁμοίων

300 3853 384 3908 καὶ
436 3850 513 3907 ἔτι
559 3855 750 3930 φωνῶν
812 3847 1024 3926 εἴχετο·
1079 3845 1143 3902 Τί
1198 3845 1384 3920 βιαίως
1437 3840 1596 3913 οὕτω,
1629 3843 1796 3919 βοῶν,
1830 3841 1945 3898 δια-

300 3939 469 3998 σπᾶτὲ
527 3961 592 4014 με
625 3941 710 3995 καὶ
766 3936 1085 4013 κατασύρετε
1119 3951 1134 4009 ;
1170 3934 1218 3990 τί
1261 3955 1325 4008 με
1371 3937 1500 4009 πρὸς
1561 3933 1651 3988 τὸν
1683 3932 1812 4007 ἐμὸν
1847 3953 1952 3988 πο-

301 4030 490 4102 λέμιον
536 4028 690 4107 ἄγετε
727 4045 743 4102 ;
775 4027 826 4082 τί
875 4027 1003 4104 πρὸς
1036 4026 1126 4080 τὸν
1188 4024 1379 4104 ἐχθρόν
1414 4043 1430 4099 ;
1462 4022 1512 4080 τί
1561 4024 1699 4116 1,πρὸς
1732 4023 1820 4078 τὸν
1873 4017 1954 4077 ἀεὶ

294 4113 766 4196 καταπιμπρῶντεί
836 4137 906 4189 με
959 4113 1198 4196 σφοδρῶς
1256 4113 1498 4184 έλκετε;
1564 4112 1618 4167 Ὠ
1678 4112 1840 4188 βίαςι
1897 4113 1956 4168 οὗ

299 4209 626 4286 πορεύσομαι
684 4205 804 4281 μεθ’
854 4207 1029 4283 ὑμῶν,
1087 4202 1204 4260 ἀλλ’
1263 4201 1576 4284 ἐξέρχομαι,
1634 4203 1724 4259 καὶ
1793 4201 1954 4259 πλέον

300 4299 395 4357 οὒκ
440 4296 518 4353 ἔτι
565 4303 730 4373 μενῶ.
768 4295 921 4352 Ἐπεὶ
952 4292 1006 4350 δὲ
1040 4295 1168 4372 πρὸς
1210 4294 1352 4367 αῦτῷ
1377 4300 1454 4366 τῷ
1485 4292 1579 4348 τοῦ
1625 4291 1776 4369 ἆγίου
1805 4292 1956 4368 τάφῳ

300 4390 394 4446 σὺ)
455 4395 532 4461 τῷ
560 4385 748 4460 Ξενικῷ
793 4383 967 4442 πολλὰ
996 4383 1262 4458 καμόντες
1321 4383 1644 4461 γεγόναμεν,
1679 4378 1955 4439 καταϐάλ-

298 4479 379 4535 λει
440 4479 524 4534 γαὶ
556 4476 717 4534 πάλιν
765 4477 922 4534 αὺτὸν
954 4477 981 4530 ὁ
1025 4473 1252 4548 δαίμων,
1288 4474 1375 4528 καὶ
1421 4479 1595 4528 πᾶσαν
1640 4469 1850 4550 ἄφωνος
1894 4474 1955 4528 τὸ

2031 3308 2372 3370 exclamans
2399 3329 2411 3365 :
2442 3307 2593 3380 Quid
2624 3309 2770 3370 mihi
2797 3318 2856 3370 et
2879 3311 3009 3387 tibi,
3039 3313 3145 3375 Dei
3167 3331 3338 3374 serve
3361 3311 3675 3393 Euthymi?

2032 3397 2160 3470 Quo
2195 3414 2289 3456 me
2321 3415 2456 3457 cum
2490 3396 2772 3458 violentia
2805 3399 3037 3461 trahis?
3069 3403 3202 3464 Non
3233 3420 3404 3464 exeo.
3441 3400 3672 3463 Deinde

2031 3505 2165 3548 eum
2200 3496 2342 3546 ante
2373 3484 2529 3546 fores
2561 3486 2802 3565 projicit
2830 3489 3077 3568 spiritus
3109 3509 3389 3570 nequam,
3423 3509 3562 3552 casu
3591 3496 3676 3551 vi-

2032 3573 2312 3638 dentibus
2337 3577 2594 3637 maxime
2615 3575 2966 3641 miserabili.
2990 3581 3316 3658 Surgentes
3339 3579 3517 3660 igitur
3537 3598 3674 3642 cum

2026 3663 2291 3746 janitore
2329 3661 2570 3744 Babyla,
2625 3683 2759 3726 cum
2792 3667 2884 3728 vix
2917 3686 3052 3730 eum
3088 3669 3562 3743 sustulissemus,
3597 3669 3676 3733 ad

2034 3752 2426 3829 reliquiarum
2459 3772 2692 3836 capsam
2730 3757 3105 3823 deducimus.
3131 3759 3236 3820 Ille
3259 3766 3455 3820 autem
3479 3759 3678 3822 adhuc

2034 3843 2264 3905 similes
2314 3862 2486 3905 voces
2537 3847 2881 3927 usurpabat,
2941 3848 3253 3910 clamans:
3291 3852 3413 3910 Cur
3448 3868 3542 3911 me
3590 3849 3680 3912 sic

2036 3932 2324 3995 violenter
2355 3933 2636 3994 divellitis
2667 3944 2724 3996 et
2754 3937 3120 4001 distrahitis?
3170 3939 3289 4002 Cur
3340 3958 3434 4001 me
3464 3939 3680 4002 ducitis

2037 4023 2106 4085 ad
2143 4023 2378 4085 hostem
2416 4023 2657 4084 meum?
2689 4024 2805 4087 Cur
2835 4027 2907 4088 ad
2943 4029 3297 4092 inimicum?
3328 4029 3444 4093 Cur
3475 4048 3570 4092 me
3602 4030 3681 4092 ad

2039 4131 2175 4174 eum
2194 4111 2588 4174 vehementer
2605 4115 2974 4198 trahitis,qui
3000 4135 3095 4180 me
3115 4138 3356 4200 semper
3377 4119 3681 4182 incendit?

2039 4222 2072 4263 0
2126 4203 2274 4263 vim!
2335 4219 2453 4262 non
2486 4200 2584 4262 ibo
2621 4203 2950 4282 vobiscum,
2989 4209 3095 4269 sed
3128 4209 3430 4289 egredior,
3485 4227 3683 4289 neque

2039 4291 2296 4372 amplius
2331 4291 2606 4352 manebo.
2649 4295 2964 4376 Postquam
3007 4316 3144 4360 vero
3176 4303 3247 4360 ad
3271 4298 3466 4378 ipsum
3492 4299 3684 4361 sancti

2039 4380 2383 4460 sepulcrum
2417 4400 2552 4442 cum
2587 4387 2910 4464 peregrino
2946 4388 3193 4450 multum
3228 4389 3448 4452 defessi
3481 4408 3684 4471 perve-

2041 4473 2264 4544 nimus,
2299 4489 2433 4530 eum
2467 4489 2677 4534 rursus
2708 4474 2919 4554 dejicit
2951 4477 3206 4556 daemon,
3241 4488 3297 4541 et
3330 4499 3464 4540 cum
3499 4488 3683 4543 totam

299 4569 556 4648 παράπαν
626 4565 840 4631 ἁκείνην
914 4564 1012 4630 τὴν
1084 4563 1246 4620 νύκτα
1315 4559 1608 4639 διαγαγὼν,
1671 4565 1953 4640 σωφρονῶν

2041 4562 2198 4624 illam
2254 4577 2489 4627 noctem
2543 4573 2740 4628 mutus
2784 4567 3030 4628 omnino
3061 4569 3471 4650 transegisset,
3509 4588 3685 4632 mane

301 4658 462 4715 ἕωθεν
514 4656 602 4712 καὶ
634 4655 817 4735 νήφων
848 4653 1146 4724 ἀνίσταται,
1182 4650 1298 4709 οῦδὲ
1332 4651 1521 4730 ῗβραχὺ
1552 4649 1803 4726 λείψανον
1850 4651 1956 4706 τῶν

303 4746 576 4825 προτέρων
635 4743 806 4823 ἔχων.
841 4743 1276 4802 Συνεστιαθὲντες
1321 4745 1492 4797 τοίνυν
1524 4743 1687 4818 αὐτῷ,
1721 4739 1956 4814 ἠρόμεθα

307 4835 502 4912 μεταξὺ
549 4839 649 4900 τῆς
690 4833 984 4912 τραπέζης,
1017 4833 1064 4889 τί
1105 4831 1236 4908 ὅπερ
1271 4830 1402 4910 χθὲς
1453 4829 1635 4912 πάθοι,
1681 4832 1768 4885 καὶ
1811 4830 1956 4894 ὅπως

307 4928 496 4983 Evt-101
555 4923 720 5002 ἔλθοι,
756 4922 852 4978 καί
908 4923 959 4978 τί
1016 4921 1114 5001 ἄρα
1170 4924 1376 5000 κράζων
1433 4920 1522 4988 ἦν,
1560 4908 1617 4976 ιΟ
1666 4916 1720 4974 δὲ
1779 4920 1956 4980 πάντα

308 5017 490 5095 ἔλεγεν
536 5017 774 5094 ἅγνοεϊν,
809 5013 895 5070 καὶ
929 5011 1045 5070 οὔτε
1074 5018 1189 5074 πῶς
1252 5009 1418 5088 ἔλθοι,
1450 5007 1564 5065 οὒτε
1597 5006 1624 5064 6'
1655 5006 1838 5086 ἔκραζε
1898 5009 1958 5063 τὸ

311 5107 562 5184 παράπαν
606 5101 820 5160 εἰδέναι.

397 5281 521 5342 ΡΝ’.
581 5289 756 5340 Ταῦτα
786 5279 956 5336 τοίνυν
1003 5285 1220 5336 τοιαῦτα
1263 5277 1390 5332 ὄντα
1437 5275 1527 5332 καί
1586 5275 1778 5349 οὕτως,
1812 5273 1960 5334 οῦδε-

319 5376 444 5448 μίαν
515 5373 588 5434 εἷς
638 5371 903 5444 θαύματος
969 5365 1130 5444 λόγον
1204 5365 1506 5444 ὑπερϐολήν
1575 5364 1955 5438 ἀπολείποντα,

322 5464 504 5538 μόνοις
552 5461 834 5537 ὑποχωρεῖ
873 5469 992 5522 τοῖς
1025 5456 1159 5512 κατὰ
1202 5456 1302 5522 τὴν
1351 5453 1739 5533 Βηταγαϐαιων
1771 5454 1964 5530 κώμην

321 5549 726 5630 γεγενημένοις,
775 5547 858 5627 ἐφ’
902 5545 935 5602 ἃ
992 5544 1161 5616 δήπου
1218 5547 1304 5602 καὶ
1357 5547 1386 5600 6
1429 5543 1590 5622 λόγος
1648 5545 1746 5599 τὴν
1791 5545 1964 5621 ὁρμὴν

324 5639 464 5720 ἔχει,
526 5633 624 5694 Ἦν
673 5637 773 5715 γάρ
831 5659 909 5699 τις
963 5635 1017 5690 ἐν
1075 5642 1150 5708 τῲ
1197 5637 1542 5708 μοναστηρίιυ
1591 5630 1960 5711 πρεσϐύτερος,

328 5729 421 5804 τῆς
472 5728 722 5794 τοιαύτης
777 5725 1094 5808 ὡρμημένος
1150 5723 1367 5802 κώμης,
1420 5720 1708 5807 Ἀχθάόιος
1769 5722 1962 5799 ὄνομα,

2039 4654 2227 4732 surgit
2285 4655 2628 4717 moderatus
2683 4661 2739 4718 et
2787 4673 2948 4717 sanae
3007 4659 3246 4735 mentis,
3299 4678 3374 4721 ne
3408 4659 3685 4722 minimas

2040 4743 2278 4824 quidem
2305 4745 2534 4807 habens
2558 4746 2824 4826 priorum
2842 4747 3156 4828 reliquias.
3179 4747 3386 4830 Itaque
3410 4769 3526 4811 una
3545 4767 3683 4812 cum

2041 4852 2110 4892 eo
2135 4833 2380 4911 epulati,
2407 4835 2565 4896 inter
2583 4833 2940 4896 caanandum
2962 4837 3483 4917 interrogavimus,
3510 4837 3688 4917 quid-

2041 4939 2174 4981 nam
2199 4933 2358 4983 esset
2379 4923 2536 5005 quod
2561 4924 2691 4986 heri
2715 4924 3068 5004 patiebatur,
3091 4934 3149 4989 et
3166 4928 3682 5006 quemadmodum

2042 5010 2158 5072 huc
2219 5013 2496 5089 venisset,
2557 5021 2617 5076 et
2666 5013 2946 5094 quidnam
3003 5015 3314 5080 clamaret.
3378 5015 3485 5078 Ille
3543 5035 3683 5080 vero

2042 5109 2257 5162 cuncta
2287 5101 2520 5163 dicebat
2547 5119 2612 5163 se
2644 5101 2947 5179 ignorare,
2983 5112 3043 5166 et
3086 5123 3279 5187 neque
3337 5125 3454 5188 quo
3506 5106 3684 5169 modo

2042 5188 2327 5270 venisset,
2381 5207 2576 5270 neque
2619 5190 2762 5270 quid
2793 5191 3100 5269 clamaret,
3131 5212 3198 5256 se
3229 5196 3476 5258 omnino
3504 5195 3683 5257 scire.

2127 5276 2234 5366 CL.
2287 5280 2472 5342 Porro
2504 5279 2632 5340 haec
2668 5279 2802 5340 talia
2834 5299 2970 5342 cum
3001 5285 3146 5360 sint,
3179 5291 3360 5366 atque
3414 5284 3488 5346 ad
3546 5303 3687 5347 eum

2048 5365 2311 5438 modum,
2340 5367 2686 5448 nullamque
2717 5368 3057 5450 relinquant
3087 5365 3565 5456 exsuperantiam
3584 5393 3688 5437 ra-

2047 5456 2206 5517 tione
2240 5457 2533 5532 miraculi,
2567 5457 2639 5518 iis
2669 5457 2813 5520 solis
2834 5463 3055 5524 cedunt
3076 5481 3207 5543 quea
3231 5465 3607 5544 contigerunt
3627 5466 3691 5527 in

2044 5545 2848 5638 vico_Botagabteorum,iad
2891 5570 3024 5632 quae
3075 5551 3356 5616 nimirum
3411 5562 3692 5638 properat

2049 5635 2905 5726 oratio.Sciliceteratquidam
2923 5642 2980 5703 in
2998 5644 3362 5707 monasterio
3376 5635 3691 5726 presbyter

2050 5741 2124 5786 ex
2147 5742 2216 5786 eo
2241 5725 2366 5787 vico
2397 5733 2586 5810 ortus,
2615 5729 2862 5794 nomine
2885 5730 3276 5812 Achthabius,
3304 5725 3401 5816 qui
3426 5735 3688 5815 quadra-
