3972 6130
325 309 444 378 723
1619 317 1901 385 MENSIS
1943 321 2399 387 JANUARIUS.
3596 308 3707 374 724

326 451 489 532 ginta
521 453 792 534 quinque
823 474 1013 518 annos
1040 454 1099 516 in
1133 473 1204 516 eo
1237 463 1568 535 peregerat,
1621 453 1894 533 Christin

2145 480 2291 515 ιπτον
2347 457 2400 514 ἐν
2436 460 2576 533 αὐτῷ
2629 459 2761 535 πρὸς
2820 469 2940 517 τοῖς
2985 449 3409 530 τεσσαράκοντα
3452 447 3570 509 ἔτος
3601 445 3713 503 δια-

329 545 746 608 mandatorum
802 549 1052 629 probum
1109 547 1444 626 operarium
1499 546 1842 608 ostenderat
1875 566 1897 607 ε

2150 548 2294 626 ὲσας,
2329 550 2415 605 καὶ
2458 554 2563 606 τῶν
2605 554 2698 604 τοῦ
2743 543 2969 622 Χριστοῦ
3011 540 3254 599 ἐντολῶν
3306 539 3560 629 ἐργατης-
3592 537 3718 593 ἀνα-

327 635 474 697 Erat
501 645 700 698 autem
747 626 818 699 ei
838 655 1074 718 quoque
1127 637 1312 699 frater
1353 653 1575 713 genere
1623 636 1682 696 in
1734 655 1801 698 ea
1832 637 1895 698 vi}

2151 639 2275 713 [θεὶς
2320 637 2563 711 δόκιμος,
2628 644 2842 714 Προσην
2883 633 2937 690 δέ
2977 655 3060 698 τις
3116 631 3277 704 αὒτῷ
3334 630 3429 686 καὶ
3503 626 3719 706 ἁδελφὸς

328 725 815 804 Betagabaeorum
835 727 980 802 (93),
1007 745 1138 808 quae
1159 725 1230 785 ad
1255 724 1674 786 duodecimum
1707 726 1896 806 lapide

2156 729 2186 782 ἂι
2240 727 2392 805 γένος
2449 730 2504 783 ἐν
2548 729 2631 804 ζτῇ
2691 722 3102 800 Βηταγαῦαίων,
3162 720 3297 788 ἥτις
3358 718 3571 775 δώδεκα
3628 739 3724 780 ση-

334 816 512 877 distat
541 835 573 877 a
605 815 776 891 Gaza,
811 818 973 879 nulla
1001 837 1068 879 ex
1106 825 1268 894 parte
1297 815 1523 876 faciens
1545 815 1764 876 similia
1787 825 1846 878 et
1868 836 1896 877 c

2156 839 2222 878 ης
2283 810 2454 888 Γάζης
2512 815 2733 895 ἀπέχει,
2768 813 2914 871 οὐδὲν
2975 812 3136 888 ὅμοια
3200 809 3331 889 οςδὲ
3365 811 3611 886 συγγενῆ
3654 813 3724 880 τῷ

332 913 506 986 gnata
533 925 667 967 cum
703 909 906 978 fratre,
933 907 1240 969 Romanus
1270 905 1378 974 (ita
1399 907 1558 965 enim
1591 905 1900 966 vocabatur

2154 905 2265 986 λφῴ
2313 907 2582 985 πράττων,
2636 908 2663 962 ὁ
2729 897 3000 979 Ῥωμανὸς
3062 901 3235 979 (οὕτω
3299 900 3407 977 γὰρ
3455 896 3722 976 ἐκαλεῖτο)

328 995 432 1057 sed
473 996 670 1057 vivens
719 998 984 1058 molliter
1036 1007 1094 1058 et
1123 995 1434 1058 dissolute.
1488 993 1670 1071 Igitur
1701 997 1896 1074 quidai

2160 996 2192 1052 ὰ
2216 1002 2320 1065 ζῶν
2365 997 2538 1074 ὑγρῶς
2569 1017 2626 1051 τε
2674 995 2762 1051 καὶ
2793 991 3108 1067 ἀνειμέναις.
3169 990 3475 1057 Βασκήνας
3523 987 3616 1043 οὖν
3655 1011 3726 1050 τις

327 1083 552 1145 invidia
582 1086 641 1146 in
675 1105 808 1147 eum
844 1087 1058 1149 ductus
1096 1084 1170 1146 ob
1203 1103 1370 1164 opes,
1426 1084 1685 1159 maligne
1717 1085 1893 1146 insidi

2162 1088 2198 1157 ᾧ
2245 1090 2344 1150 τῆς
2393 1086 2590 1152 οὐσίας,
2626 1083 2877 1163 ἐφήδρευε
2922 1083 3269 1158 κακούργως,
3309 1079 3408 1134 καὶ
3453 1075 3730 1152 ὑφελέσθαι

329 1175 527 1248 batur,
580 1194 800 1256 easque
855 1177 1183 1239 conabatur
1214 1175 1472 1234 auferre.
1528 1174 1672 1236 Cum
1706 1183 1897 1235 autem

2161 1175 2220 1241 ὴν
2276 1177 2548 1252 ἐπειρᾶτο.
2585 1181 2686 1232 Τοῦ
2729 1180 2935 1231 σκοποῦ
2967 1171 3022 1228 δὲ
3070 1169 3428 1248 διαμαρτὼν,
3465 1167 3595 1223 εἶτα
3642 1167 3729 1223 καί

329 1281 510 1342 scopo
535 1264 896 1339 aberrasset,
924 1266 1148 1328 deinde
1181 1272 1236 1325 et
1268 1263 1699 1325 vehementiori
1729 1265 1891 1326 invid

2161 1261 2383 1340 δροτέρῳ
2441 1265 2516 1337 τῷ
2576 1267 2672 1332 τῆς
2727 1264 3019 1340 βασκανίας
3076 1260 3294 1338 κέντρῳ
3360 1256 3633 1333 πληγείς,
3680 1256 3729 1310 ἐν

330 1352 570 1414 stimulo
603 1355 904 1418 sauciatus
936 1364 1116 1428 esset,
1153 1356 1308 1416 venit
1343 1352 1876 1429 Eleutheropolim,

2160 1351 2487 1430 ευθεροπύλει
2571 1352 2816 1430 γίνεται,
2902 1353 2990 1408 καὶ
3095 1372 3220 1406 τινα
3315 1343 3728 1425 παραλαμϐάνει

331 1450 539 1503 contra
589 1463 724 1504 eum
772 1445 1022 1506 assumit
1070 1444 1388 1524 quemdam
1443 1441 1899 1521 praestigiatorui

2163 1464 2224 1498 τα
2257 1440 2375 1498 κατ’
2430 1442 2610 1520 αὐτου,
2647 1440 2849 1500 πολλοῦ
2891 1443 2990 1508 τὴν
3022 1448 3114 1498 τοῦ
3151 1439 3410 1504 πλησίον
3455 1433 3666 1512 βλάϐην
3707 1436 3731 1489 6

329 1531 588 1610 proximi
622 1553 833 1595 noxam
869 1535 1052 1595 miser
1085 1553 1294 1613 magno
1346 1550 1722 1610 comparans.
1776 1534 1897 1612 Atq‘

2163 1554 2274 1592 αιος
2303 1532 2673 1605 ὠνησάμενος.
2704 1535 2764 1589 Ὀ
2798 1535 2896 1606 μὲν
2928 1540 3016 1589 οὖν
3053 1533 3125 1595 ὡς
3157 1543 3301 1609 εἶχε
3335 1539 3471 1589 ταῖς
3509 1526 3729 1604 τέχναις

333 1619 439 1681 ille
469 1621 712 1700 quidem
750 1634 921 1700 prout
953 1623 1179 1685 sciebat
1212 1631 1268 1683 et
1314 1630 1541 1701 poterat
1577 1639 1717 1680 usus
1748 1630 1837 1681 est
1867 1639 1898 1680 a

2165 1622 2277 1689 ἦτο.
2323 1613 2380 1678 Ὀ
2435 1623 2710 1696 Ῥωμανὸς
2767 1619 2845 1694 δὲ,
2895 1634 2988 1677 οτα
3044 1627 3150 1677 τῶν
3209 1617 3538 1697 γινομένων
3595 1613 3733 1671 οὖδὲν

333 1709 493 1769 tibus
517 1711 660 1774 suis.
685 1711 990 1775 Romanus
1017 1731 1176 1786 vero,
1201 1721 1264 1772 ut
1290 1711 1389 1792 qui
1423 1709 1570 1771 nihil
1599 1709 1901 1788 praevidiss

2163 1709 2334 1782 ειδὼς,
2369 1709 2423 1766 ἐν
2482 1710 2625 1789 ἄτρῷ
2689 1708 2898 1788 διῆγεν,
2936 1708 3182 1784 οὒδεμίαν
3245 1707 3402 1771 ὅλως
3468 1711 3580 1761 τῶν
3636 1727 3731 1761 κα-

333 1816 538 1860 eorum
560 1820 690 1880 qua;
705 1800 1353 1880 gerebantur,degebat
1375 1801 1434 1860 in
1458 1799 1894 1874 agro,nullaten

2167 1801 2464 1878 ογουμένων
2536 1801 2678 1871 αὐτῷ
2761 1799 3004 1879 φυλακὴν
3076 1798 3254 1876 ἔχων.
3339 1797 3445 1854 Καὶ
3519 1817 3622 1851 τινι
3681 1795 3735 1848 τὸ

336 1906 550 1949 cavens
574 1889 763 1967 ipsius
794 1892 1105 1952 maleficia.
1122 1891 1312 1972 Atque
1330 1898 1642 1966 correptus
1664 1907 1695 1947 a
1718 1888 1904 1968 quoda

2164 1914 2214 1947 ια
2276 1892 2444 1967 νάρκῃ
2476 1889 2692 1968 ληφθεὶς
2755 1889 2872 1958 (τοῦ
2926 1889 3057 1946 Θεοῦ
3109 1891 3170 1944 τὸ
3233 1885 3385 1943 πολὺ
3418 1889 3524 1953 τῆς
3580 1885 3732 1962 ρᾳθυ-

333 1985 578 2040 veterno
613 1981 879 2059 corporis
908 1981 1090 2061 (quod
1140 1982 1301 2043 Deus
1335 1997 1608 2057 magnam
1642 1977 1901 2039 socordia

2163 2003 2184 2043 ς
2231 1981 2613 2056 ἐγκύπτοντος,
2647 1979 2740 2037 καί
2795 1981 2893 2047 τὴν
2940 1980 3099 2038 αὐτοῦ
3143 1977 3344 2056 ψυχὴν
3379 1977 3519 2052 προς
3569 1996 3731 2029 σπου-

335 2067 823 2148 interrumperet,
874 2072 1121 2151 ejusque
1161 2070 1417 2131 animam
1470 2069 1540 2129 ad
1600 2067 1903 2128 sedulitate

2206 2069 2594 2145 ἓπανάγοντος,
2629 2073 2711 2126 καῖ
2745 2068 2828 2124 διὰ
2889 2071 3045 2126 τοῦτο
3083 2065 3470 2144 περιγενέσθαι
3531 2064 3687 2120 αὑτοῦ
3713 2075 3733 2104 ³

335 2157 677 2228 reduceret,
733 2177 800 2221 ac
852 2160 988 2222 ideo
1041 2160 1434 2238 permisisset,
1490 2166 1552 2218 ut
1608 2157 1903 2237 aliquantu

2161 2181 2183 2222 ς
2229 2158 2288 2214 ἐκ
2334 2166 2426 2215 τοῦ
2469 2168 2705 2236 πονηροῦ
2762 2156 3054 2232 μεθοδείαις
3113 2158 3302 2236 βραχύ
3368 2178 3422 2211 τι
3461 2174 3729 2231 παραχω-

331 2245 676 2308 vinceretur
697 2267 726 2310 a
754 2250 992 2328 maligni
1024 2249 1294 2323 insidiis;
1328 2245 1832 2328 quemadmodum
1860 2266 1891 2306 η

2167 2266 2348 2313 αντος⁸
2406 2250 2476 2313 ὡς
2533 2251 2594 2305 dii
2646 2247 2831 2321 πολλῷ
2887 2247 3100 2325 ὕστερον
3159 2245 3412 2312 δηλώσει
3488 2244 3559 2299 τὰ
3601 2241 3730 2297 ἐπα-

348 2335 536 2397 multo
570 2346 699 2416 post
727 2337 1117 2400 declarabunt
1160 2357 1294 2419 quae
1324 2336 1814 2416 subjungentur),
1868 2335 1916 2394 dt

2163 2339 2311 2416 ενα),
2383 2345 2458 2411 τῷ
2516 2336 2654 2410 οἴκῳ
2711 2337 3105 2411 ἀνακομίζεται.
3170 2339 3314 2393 Εἶτα
3380 2331 3731 2410 σφοδρότερον

339 2443 502 2484 mum
529 2426 807 2490 refertur.
836 2427 983 2489 Dein
1009 2427 1108 2490 ubi
1137 2428 1353 2489 malum
1375 2425 1791 2488 vehementius
1814 2425 1907 2485 inc

2209 2436 2374 2484 κακοῦ
2447 2429 2912 2502 κατασκήψαντος·
2976 2429 3003 2482 6
3061 2427 3186 2505 μὲν,
3241 2424 3433 2481 ἔκειτο
3493 2420 3724 2497 ὑδεριῶν,

337 2512 502 2587 buit;
535 2514 635 2576 ille
666 2517 907 2597 quidem
930 2518 1171 2598 jacebat
1202 2515 1584 2598 hydropicus.
1623 2523 1905 2576 extrema!

2209 2518 2306 2583 τὴν
2337 2517 2577 2597 ἐσχάτην
2623 2516 2684 2572 ἐκ
2741 2522 2839 2583 τῆς
2899 2524 3002 2572 τῶν
3051 2515 3248 2592 ἰατρῶν
3280 2514 3501 2593 τέχνης
3560 2507 3728 2598 λαϐὼν

340 2623 456 2683 que
485 2617 800 2685 acceperat
823 2626 891 2669 ex
915 2597 1042 2669 arte
1077 2606 1446 2669 medicorum
1481 2604 1908 2685 deploratione:

2160 2605 2442 2682 ιγόρευσιν·
2503 2608 2550 2661 οἱ
2594 2607 2962 2684 προσήκοντες
3011 2604 3064 2660 δὲ
3122 2605 3284 2661 αὐτὸν
3335 2603 3431 2660 καὶ
3491 2604 3540 2658 οἱ
3597 2597 3728 2678 φίλοι

342 2692 548 2754 affines
571 2703 766 2757 autem
795 2704 856 2759 et
873 2697 1050 2759 amici
1079 2693 1608 2771 circumsidebant,
1629 2693 1903 2773 ultimasq

2157 2697 2474 2767 διεκάθηντο,
2521 2697 2582 2751 τὸ
2630 2694 2942 2752 τελευταῖον
3000 2693 3240 2775 ἀφιέντες
3295 2691 3390 2750 ἐπ’
3447 2694 3594 2764 αὐτῷ
3643 2695 3725 2744 1:03

340 2784 732 2862 separationis
762 2785 1051 2865 lacrymas
1083 2793 1330 2864 propter
1360 2801 1494 2844 eum
1527 2780 1900 2844 emittebant.

1083 2793 1330 2864 propter
1360 2801 1494 2844 eum
1527 2780 1900 2844 emittebant.
2068 2794 2348 2865 χωρισμοῦ
2376 2782 2621 2862 δάκρυον,

425 2870 559 2932 CLI.
597 2872 696 2934 Sic
727 2864 907 2952 igitur
935 2874 1284 2953 gravissime
1316 2873 1564 2934 affectus
1592 2869 1978 2951 ille,jamque

2151 2864 2312 2933 PNA'.
2377 2875 2557 2937 Οὕτως
2617 2875 2706 2930 οὖν
2774 2872 3039 2951 ϐαρύτατα
3112 2873 3259 2954 ἔχων
3337 2873 3583 2945 ἐκεῖνος,
3644 2868 3719 2923 καὶ

345 2961 532 3042 ipsam
572 2969 824 3024 mortem
859 2972 1238 3043 exspectans,
1274 2963 1363 3023 vix
1395 2961 1656 3022 diductis
1685 2960 1897 3034 oculis,

2147 2965 2230 3029 ςὴν
2277 2961 2379 3031 ἤδη
2413 2964 2509 3030 τὴν
2541 2961 2796 3030 τελευτὴν
2840 2962 3224 3043 ἐκδεχὸμενος,
3259 2963 3434 3039 μόλις
3468 2961 3560 3017 καὶ
3613 2957 3715 3013 ὅσον

347 3067 461 3130 quo
493 3049 685 3110 solum
723 3051 902 3113 modo
935 3052 1074 3133 quid
1112 3051 1366 3113 obscure
1398 3050 1586 3112 videri
1620 3061 1821 3130 queat,
1856 3068 1915 3110 or

2145 3052 2294 3132 υδρόν
2325 3074 2375 3109 τι
2423 3053 2586 3127 μόνον
2629 3051 2763 3110 ἰδεῖν
2791 3055 2852 3110 τὸ
2908 3052 3124 3130 βλέμμα
3153 3051 3369 3132 διάρας,
3400 3051 3579 3109 δεῖται
3625 3049 3713 3102 τῶν

346 3158 449 3236 eos
471 3140 570 3220 qui
597 3141 867 3236 aderant,
894 3151 957 3204 ut
980 3142 1281 3222 paululum
1306 3139 1702 3202 secederent:
1734 3139 1914 3236 ipseqi

2148 3141 2347 3220 ρόντων
2392 3143 2707 3224 ἐκχωρῆσαι
2764 3143 2975 3218 μικρόν·
3039 3148 3136 3200 καὶ
3189 3143 3359 3219 μόνος
3425 3143 3587 3202 αὐτὸς
3642 3135 3716 3192 ἐπ’

345 3230 509 3291 solus
535 3229 800 3304 relictus,
831 3241 887 3292 et
916 3221 995 3294 ad
1020 3231 1304 3312 parietem
1333 3245 1682 3304 conversus,
1710 3228 1864 3290 sicut
1884 3229 1913 3290 il

2147 3234 2314 3307 ipim;
2367 3231 2759 3310 καταλειφθεὶς,
2795 3233 2892 3290 καί
2935 3234 3065 3304 πρὸς
3097 3234 3185 3289 τὸν
3234 3247 3442 3313 τοῖχον
3474 3232 3715 3304 ἐπιστρα-

345 3338 595 3400 magnus
621 3319 904 3383 Ezechias
926 3323 1246 3403 aliquando
1273 3321 1357 3396 ‘5,
1383 3320 1518 3381 talia
1539 3318 1598 3380 in
1626 3318 1906 3379 contritio

2149 3344 2207 3400 .ς,
2244 3323 2477 3398 καθάπερ
2538 3321 2779 3392 Ἐζεκίας
2833 3321 3039 3385 ἐκεῖνος
3099 3323 3127 3378 6
3184 3322 3360 3400 μέγας
3423 3319 3717 3395 ποτὲ,τοι-

346 3409 545 3471 cordis
589 3420 678 3473 est
711 3420 1008 3492 precatus,
1044 3413 1204 3474 Deus
1234 3411 1543 3482 virtutum,
1604 3409 1704 3489 qui
1737 3406 1914 3468 dixist

2147 3434 2203 3467 τα
2233 3412 2287 3467 ἐν
2339 3409 2587 3490 συντριϐῇ
2639 3410 2852 3490 καρδίας
2907 3413 3274 3492 προσηύχετο·
3337 3404 3396 3470 C0
3451 3410 3581 3472 Θεὸς
3623 3408 3715 3460 τῶν

348 3499 498 3562 Cum
532 3519 809 3565 reversus
844 3503 1247 3581 ingemueris,
1286 3509 1426 3564 tunc
1478 3502 1689 3561 salvus
1735 3502 1854 3559 eris
1885 3501 1916 3547 4η

2145 3502 2373 3576 νάμεων,
2444 3504 2470 3557 6
2539 3502 2724 3580 εἰπὼν,
2779 3501 2948 3559 ’Ὅταν
3009 3503 3372 3581 ἀποστραφεὶς
3447 3495 3713 3571 στενάξῃς.

352 3589 484 3669 ipse
511 3591 748 3670 respice
783 3609 967 3671 super
999 3610 1117 3663 me,
1151 3596 1209 3650 et
1242 3589 1315 3651 ab
1345 3590 1480 3664 hac,
1531 3607 1663 3670 quae
1693 3605 1787 3648 me
1818 3606 1920 3647 con

2143 3612 2192 3646 τε
2263 3593 2506 3669 σωθήσῃ,
2567 3592 2723 3654 αὐτὸς
2785 3589 3072 3667 ἑπίϐλεψον
3134 3592 3218 3649 ἐπ’
3296 3592 3421 3668 ἐμὲ,
3482 3589 3568 3645 καὶ
3621 3589 3711 3650 τῆς

349 3679 575 3759 primit,
631 3682 988 3743 necessitate
1021 3688 1080 3741 et
1109 3680 1442 3742 calamitate
1498 3677 1688 3759 eripe.
1751 3679 1917 3739 Inter

2144 3689 2404 3759 νεχούσης
2465 3701 2532 3754 με
2593 3681 2788 3757 ταύτης
2850 3680 3087 3757 ἀνάγκης
3147 3681 3241 3737 καί
3290 3687 3394 3748 τῆς
3451 3679 3712 3754 σομῳορᾶς

345 3777 716 3844 autem,cum
744 3769 803 3830 in
829 3778 1092 3830 mentem
1122 3769 1178 3830 ei
1198 3770 1482 3844 venisset,
1512 3784 1786 3845 maguum
1813 3767 1913 3827 etia

2141 3769 2270 3828 ελοῦ.
2330 3767 2419 3826 Ἐν
2475 3771 2711 3845 τοσούτῳ
2757 3770 2846 3845 δὲ,
2909 3772 2981 3836 εἰς
3029 3777 3150 3828 νοῦν
3207 3773 3354 3846 αὒτῷ
3411 3767 3641 3826 ἐπελθὼν
3667 3760 3709 3830 ⁵,

356 3855 602 3916 vocabat
628 3855 1006 3938 Euthymium
1043 3859 1328 3919 adversus
1351 3857 1653 3933 morbum,
1677 3855 1924 3935 virumqi

2139 3861 2160 3916 χὶ
2215 3860 2306 3915 τὸν
2353 3859 2525 3937 μέγαν
2576 3862 2835 3935 Εὐθύμιον
2907 3859 3084 3918 ἐκάλει
3154 3862 3291 3918 κατὰ
3352 3867 3444 3917 τοῦ
3501 3857 3707 3923 πάθους,

347 3943 472 4006 Deo
523 3943 812 4007 offerebat
861 3947 1348 4022 intercessorem,
1410 3955 1590 4026 atque
1644 3963 1748 4023 per
1792 3945 1915 4025 ipsu

2145 3951 2162 4006 i
2207 3951 2432 4024 μεσίτην
2481 3953 2721 4027 προσῆγε
2769 3952 2857 4007 τὸν
2919 3949 3078 4031 ἄνδρα
3129 3951 3266 4031 Θεῷ,
3311 3953 3402 4008 καὶ
3453 3947 3521 4003 δι’
3565 3944 3709 4000 αὐτοῦ

348 4032 593 4113 rogabat
621 4042 683 4097 ut
712 4035 1091 4101 liberaretur.

2073 4040 2172 4105 τὴν
2202 4037 2524 4117 ἀπαλλαγὴν
2554 4039 2782 4118 ηῧχετο.

435 4122 600 4187 CLII.
660 4123 868 4188 Postea
921 4127 1011 4189 vel
1043 4126 1104 4188 in
1139 4126 1352 4188 ecstasi
1403 4125 1777 4201 constitutus,
1834 4125 1994 4187 videt

2154 4128 2321 4190 PNB’.
2360 4132 2492 4185 Εἶτα
2523 4130 2703 4206 ὠσπερ
2744 4128 2798 4186 ἐν
2837 4129 3080 4187 ἐκστάσει
3123 4133 3439 4208 γενόμενος,
3472 4129 3564 4200 8ρᾷ
3601 4141 3704 4178 τινι

354 4214 674 4295 qiiemdam
697 4217 917 4278 vestitu
945 4214 1480 4295 monachum,pilis
1503 4215 1922 4288 canum,adsta:

2131 4242 2173 4285 ,ν
2216 4217 2414 4287 στολὴν
2474 4220 2738 4297 μοναχὸν,
2801 4219 2900 4286 τὴν
2946 4220 3105 4298 τρίχα
3159 4219 3372 4294 λευκὸν,
3409 4215 3699 4280 ἐπιστάντα,

353 4313 470 4365 tem
496 4313 554 4365 et
575 4303 876 4367 dicentem
904 4326 919 4367 :
953 4305 1108 4378 Quid
1133 4311 1219 4366 vis
1243 4304 1349 4365 tibi
1372 4302 1581 4365 faciam
1600 4311 1628 4367 ?
1649 4302 1717 4364 Et
1739 4304 1840 4366 ille
1862 4324 1921 4384 qi

2125 4309 2186 4387 ιὶ,
2217 4307 2277 4364 Τί
2305 4305 2483 4382 βούλει
2528 4309 2742 4378 ποιήσω
2771 4329 2853 4364 σοι
2880 4327 2895 4385 ;
2929 4306 3178 4384 λέγοντα.
3214 4312 3311 4367 Καὶ
3345 4315 3374 4367 ὁ
3435 4307 3550 4384 μὲν,
3583 4300 3693 4371 δέει,

355 4393 521 4467 dem,
548 4404 735 4469 metu,
754 4394 973 4476 inquit,
992 4403 1050 4456 et
1071 4394 1284 4474 gaudio
1310 4393 1555 4466 divisus,
1582 4394 1923 4473 interrogav:

2126 4397 2234 4467 ησῖ,
2267 4397 2356 4454 καὶ
2418 4393 2576 4473 ἡδονῇ
2627 4397 2912 4474 μερισθὲις,
2949 4397 3033 4460 Τίς
3071 4396 3171 4474 ἄρα
3213 4399 3276 4454 σὺ
3329 4404 3407 4474 εἴ,
3439 4391 3650 4454 δέσπότα
3681 4405 3694 4456 ;

355 4479 500 4553 Quis
531 4489 594 4542 tu
628 4501 715 4560 es,
764 4484 1041 4546 domine?
1093 4482 1424 4564 Respondit
1474 4483 1569 4545 is:
1615 4483 1923 4564 Euthymiu

2123 4509 2258 4562 pato.
2315 4487 2413 4545 Καὶ
2467 4486 2547 4566 ὃς,
2599 4487 2878 4562 Εὐθύμιος,
2930 4485 3053 4564 ἔφη,
3115 4488 3173 4543 ὃν
3217 4486 3454 4570 ἔναγχος
3513 4480 3691 4540 ἐκάλεις

351 4549 531 4652 quem
567 4549 904 4652 ipse'modo
936 4549 1450 4654 vocabas.'Neque
1480 4573 1551 4635 ad
1583 4549 1798 4635 meum.
1814 4593 1918 4654 asp

2112 4549 2255 4641 616:.
2311 4577 2407 4634 Καὶ
2457 4549 2559 4651 μοί)
2602 4549 2743 4653 πρὸς,
2932 4549 3055 4652 ὅίινιν
3110 4576 3277 4651 μηδὲν
3312 4549 3680 4643 άὲοδειλιάης⁶

353 4667 512 4723 ctum
559 4661 882 4741 quidquam
934 4664 1334 4739 extimescas;
1384 4663 1490 4724 sed
1521 4663 1779 4736 videam,
1839 4665 1921 4724 int

2117 4663 2198 4720 λλ’
2240 4664 2361 4740 ἴδω,
2397 4667 2580 4746 φησὶν,
2614 4665 2642 4721 6'
2692 4689 2742 4722 τι
2785 4667 3042 4745 πάσχεις,
3075 4667 3162 4723 καὶ
3191 4669 3241 4723 τί
3285 4690 3369 4725 σοι
3400 4673 3489 4724 τοῦ
3523 4661 3685 4733 σώμα-

354 4750 500 4832 quid
533 4750 803 4831 patiaris,
837 4762 896 4814 et
925 4771 1196 4830 quaenam
1223 4753 1493 4834 corporis
1524 4753 1607 4814 tui
1643 4769 1777 4831 pars
1807 4770 1922 4813 OCCl

2117 4777 2166 4820 ος
2212 4756 2474 4834 κέχρηται
2534 4761 2798 4836 συμφορᾷ.
2859 4761 2960 4812 Τοῦ
3019 4754 3097 4834 δὲ,
3153 4757 3252 4822 τὴν
3321 4756 3522 4815 κοιλίαν
3569 4751 3685 4805 ὑπο-

355 4848 529 4922 petur
548 4841 1182 4922 calamitate.Cumque
1199 4842 1298 4904 ille
1317 4851 1583 4904 ventrem
1609 4841 1923 4904 ostendissc

2116 4843 2362 4917 είξαντος,
2399 4843 2642 4916 συζεύξας
2699 4847 2822 4911 τοὺς
2875 4843 3161 4911 δακτύλους
3209 4847 3362 4910 αὐτὸς
3413 4847 3484 4908 εἷς
3537 4838 3684 4918 ὀρθδνν

352 4931 484 5013 ipse
505 4933 850 5014 conjunctis
876 4934 1077 5013 digitis
1102 4932 1226 4994 suis
1250 4941 1438 5005 recta,
1463 4933 1653 5014 iisque
1687 4950 1827 4994 usus
1861 4941 1916 4993 ta

2118 4935 2168 4990 αὶ
2224 4935 2428 4991 τούτοις
2460 4936 2557 4992 οἷα
2615 4933 2680 5003 δὴ
2713 4937 2800 4992 καὶ
2855 4933 2987 5014 ξίφει
3040 4936 3408 5014 χρησάμενος,
3439 4933 3600 5008 τέμνει
3636 4923 3684 4979 τὸ

356 5041 529 5102 quam
563 5023 783 5104 gladio,
818 5023 1038 5086 scindit
1069 5022 1360 5084 tumidum
1388 5022 1531 5084 illud
1563 5021 1809 5096 ventris,
1831 5041 1924 5083 mo

2118 5019 2335 5096 ιψδτικος
2392 5029 2491 5092 τῆς
2524 5025 2748 5103 γαστρὸς
2806 5024 3004 5100 ἐκεῖνο,
3038 5025 3126 5084 καὶ
3181 5026 3242 5081 τὸ
3278 5025 3435 5090 πάθος
3491 5014 3686 5094 ἐκκρίνει

435 5186 500 5237 95
529 5187 608 5249 lV
638 5187 786 5267 Reg.
823 5203 924 5266 xx,
957 5186 1018 5248 2.
1103 5184 1167 5236 46
1195 5183 1286 5245 Isa
1305 5200 1447 5264 xxx,
1482 5181 1580 5245 t5.

1679 5290 1932 5357 VARIE
1972 5286 2406 5358 LECTIONES.

1582 5451 1791 5518 JOAN.
1831 5451 2202 5518 BOLLANDI
2242 5448 2490 5516 NOTIE.

435 5572 544 5654 (9_3)
569 5573 1185 5654 _Ar_i-__'l'baba_tha,_seu
1226 5573 1569 5654 'I_‘ha_bacha,_
1607 5584 1705 5632 aut
1752 5574 1987 5654 Tabasa,
2075 5574 2220 5654 Gaza
2261 5571 2522 5654 distans?
2552 5571 2622 5630 de
2672 5585 2792 5648 quo
2820 5571 2882 5634 S.
2935 5571 3316 5651 Hieronymus
3347 5573 3406 5632 in
3451 5570 3560 5642 ejus
3587 5556 3674 5618 vi“

354 5645 538 5716 patria
567 5645 619 5700 S.
651 5643 990 5710 Hilarionis,
1019 5645 1180 5701 vicus
1209 5647 1442 5702 circiter
1475 5647 1733 5725 quinque
1753 5644 1934 5704 millia
1959 5661 1988 5702 a
2073 5645 2136 5700 2t
2175 5643 2378 5703 Octob.
2689 5643 2706 5648 '
3153 5643 3163 5651 Ἴ

442 5386 466 5414 ⁸
496 5373 574 5435 al.
613 5377 789 5437 αὐτόν.
878 5376 904 5418 b
932 5376 1011 5437 al.
1056 5373 1296 5433 ἐπελθόν.
