3972 6130
253 280 374 350 725

251 425 338 480 καὶ
384 420 620 506 διαχέαι
663 447 679 460 ⁸

252 514 590 590 κατιττέρου
637 527 667 560 ε
711 519 1103 600 πεποιημένον,
1165 521 1514 600 χαρακτήρας
1566 519 1695 600 ἔχον
1767 521 1936 594 τινὰς,

1607 295 1793 358 νΙΤΑ
1842 296 1902 358 S.
1949 296 2364 362 EUTHYMII.

3553 297 3670 366 726

735 427 907 507 ἐξάγει
938 450 996 486 τε
1025 430 1121 500 τῆς
1150 432 1378 510 γαστρὸς
1421 431 1579 487 οἱονεὶ
1625 430 1848 488 πέταλόν
1887 452 1938 487 τι

2040 431 2348 513 Jidumque
2380 436 2693 496 humorem
2719 432 2986 496 excernit
3015 445 3074 494 et
3097 431 3404 515 diﬂ‘undit;
3430 453 3665 499 necnon

2025 538 2095 581 ex
2117 532 2320 585 ventre
2333 523 2535 586 educit
2559 524 2740 584 veluti
2755 521 3036 584 laminam
3062 523 3380 604 quamdam
3401 542 3434 586 ο
3455 533 3667 588 stanno

247 605 339 660 καὶ
398 613 580 663 τοῦτο
631 607 726 667 ἐπὶ
768 608 1037 688 τραπέζης
1080 611 1222 677 τινὸς
1253 609 1343 668 ὑπ’
1379 611 1504 686 ὄψιν
1536 611 1679 685 αῦτῷ
1707 611 1938 679 τίθησιν.

2040 610 2262 686 Γοοιειπι,
2297 614 2674 676 characteres
2705 613 2991 694 quosdam
3029 611 3375 693 habentem,
3413 631 3670 696 eamque

248 693 496 752 Ἔπειτα
560 701 667 755 καὶ
727 700 830 767 τὴν
871 703 1045 776 τομὴν
1089 708 1158 778 τῇ
1216 702 1360 780 χειρὶ
1406 701 1642 775 συνάψας
1685 703 1772 757 καὶ
1830 701 1940 757 ἀπ-

2040 719 2086 761 in
2115 718 2318 764 mensa
2344 702 2590 782 subjicit
2614 693 2743 782 ejus
2767 702 2976 765 oculis.
3009 701 3241 764 Deinde
3283 721 3419 764 cum
3444 693 3672 768 scissu-

247 782 520 864 ἀλείψας,
576 787 842 868 ἀκέραιόν
899 811 955 846 τι
1007 792 1070 847 τὸ
1138 789 1298 867 μέρος
1343 789 1432 846 καὶ
1491 789 1636 868 ὑγιὲς
1695 790 1940 864 θέμενος,

248 872 402 929 ἅπαν
462 875 608 942 ἑξῆς
680 879 822 953 αὐτῷ
865 877 1153 958 καταλέγει
1195 881 1258 935 τὸ
1289 877 1462 958 δρᾶμα
1501 895 1514 908 ⁸
1558 879 1658 945 τὴν
1707 884 1806 946 τῆς
1849 883 1942 937 0-3-

249 964 374 1028 σίας
437 965 791 1048 βασκανίαν,
846 972 944 1036 τὴν
994 975 1087 1026 τοῦ
1146 968 1343 1047 γόητος
1399 969 1680 1043 μίσθωσιν,
1713 970 1810 1036 την
1841 971 1946 1024 τών

1831 1057 1948 1117 οὐδὲ

251 1052 548 1127 δαιμόνων
613 1056 930 1125 ἐπίκλησιν,
1000 1059 1109 1116 Οὔκ
1163 1057 1226 1114 ἂν
1285 1056 1340 1114 δέ
1386 1080 1470 1116 σοι
1498 1057 1548 1132 (⁸,
1599 1063 1784 1138 φησὶν,

254 1142 436 1208 οὕτως
503 1147 566 1202 αἱ
617 1155 718 1204 τοῦ
759 1146 956 1228 ἐχθροῦ
989 1148 1356 1226 περιεγίνοντο
1399 1167 1426 1194 ο
1459 1149 1733 1228 μηχαναὶ,
1781 1150 1826 1205 εί
1869 1148 1949 1222 μὴ

252 1233 426 1298 αὐτὸς
490 1237 658 1311 αῦτῷ
701 1237 792 1301 τὰς
832 1235 996 1303 λαϐἀς
1053 1236 1348 1315 παρέσχες.
1397 1235 1530 1294 Ἰδοὺ
1589 1238 1688 1315 γὰρ
1740 1236 1863 1294 ὅσος
1922 1240 1950 1294 δ

256 1322 471 1399 μεταξὺ
540 1326 781 1406 χρόνος,
824 1329 912 1383 καὶ
971 1325 1091 1384 οὕτε
1156 1326 1232 1390 είς
1285 1324 1608 1393 Ἐκκλησίαν
1653 1327 1817 1405 ἔγνως
1846 1350 1952 1384 πα⁹

551 1463 571 1494 ,
611 1415 735 1474 οὔτε
765 1417 858 1479 τὰς
894 1416 1185 1496 ἀγράντοις
1235 1415 1558 1493 προσελθεῖν
1609 1419 1948 1492 μυστηρίοιςθ

257 1502 386 1560 ἀλλ’
435 1506 682 1581 ἀμελῶς
712 1506 835 1578 ἔζης
866 1508 956 1564 καὶ
985 1507 1317 1584 ἀμερίμνως,
1350 1509 1474 1584 τόγε
1507 1509 1580 1572 εἷς
1614 1508 1714 1575 τὴν
1762 1509 1950 1588 dux-33v

259 1598 404 1663 ἧκον
466 1598 583 1663 τὴν
631 1594 753 1664 cii».
817 1595 967 1653 Ἐπεὶ
1028 1597 1200 1652 τοίνυν
1253 1595 1400 1652 ἔλεόν
1448 1619 1542 1654 σου
1586 1599 1882 1663 πεποίηκει
1921 1601 1948 1655 ὁ

263 1686 430 1759 Θεὸς,
504 1693 610 1743 τοῦ
642 1685 836 1743 λοιποῦ
868 1687 1106 1765 πρόσεχε
1153 1692 1380 1760 σεαυτῷ,
1413 1686 1508 1744 καί
1542 1686 1736 1762 μηκέτι
1768 1686 1949 1763 μηδα-

255 1411 538 1490 ραϐαλετν

263 1777 391 1850 μιῦς
422 1775 640 1851 ἀμέλει
671 1778 770 1842 τῆς
803 1776 992 1833 ἑαυτοῦ
1024 1776 1316 1852 σωτηρίας.

351 1865 541 1926 PNP'.
614 1873 791 1924 Ταῦτα
834 1865 948 1922 imi
1007 1867 1098 1921 τὸν
1161 1855 1432 1941 Ῥωμανὸν
1485 1865 1704 1923 ἀκοῦσαι
1747 1865 1785 1946 ί,
1829 1864 1950 1922 δια-

2029 809 2152 851 ram
2177 809 2350 853 manu
2373 797 2957 868 conjunxissetatque
2979 796 3675 870 inunxisset,partemque

2031 877 2328 940 effecisset
2361 880 2720 942 incolumem
2745 890 2802 940 et
2825 897 3052 955 sanam,
3088 879 3376 960 deinceps
3397 881 3449 942 ei
3483 889 3669 944 totum

2031 976 2223 1030 actum
2259 969 2469 1043 refert;
2504 990 2680 1052 opum
2707 969 3014 1043 invidiam,
3042 969 3296 1030 maleﬁci
3321 969 3674 1032 conductio-

2033 1059 2540 1134 nem,daamonum
2564 1058 3320 1122 invocationemTeautem
3347 1078 3421 1120 ne
3442 1059 3672 1136 sicqui-

2033 1148 2193 1227 dem,
2233 1149 2737 1226 inquit,vicissent
2758 1151 2942 1212 hostis
2967 1147 3584 1222 machinationes,nisi
3613 1150 3671 1212 ei

2033 1237 2161 1318 ipse
2177 1256 2250 1299 an
2290 1258 2381 1300 am
2405 1240 2952 1320 prmbuisses.Ecce
2976 1237 3453 1319 enim,quantum
3478 1239 3670 1301 inter-

2032 1326 2262 1407 lapsum
2287 1339 2377 1391 est
2409 1339 2662 1409 tempus,
2697 1340 2754 1391 rt
2785 1348 2976 1410 neque
3007 1327 3080 1388 ad
3116 1327 3432 1389 ecclesiam
3463 1329 3670 1391 venire

2033 1418 2285 1495 curaSti,
2311 1437 2422 1480 nec
2447 1420 2516 1479 ad
2550 1420 2905 1481 intemerata
2936 1417 3228 1480 accedere
3259 1427 3665 1480 sacramenta:

2033 1508 2135 1568 sed
2170 1507 2364 1569 vixisti
2397 1510 2526 1570 sine
2556 1529 2700 1571 cura
2733 1518 2791 1570 et
2819 1507 3247 1580 sollicitudine,
3274 1515 3562 1585 quantum
3597 1507 3670 1567 ad

2035 1605 2194 1658 tuam
2221 1598 2478 1678 pertinet
2499 1601 2781 1661 animam.
2809 1597 3106 1672 Quoniam
3129 1614 3268 1675 ergo
3292 1596 3451 1658 Deus
3474 1605 3530 1657 te
3552 1597 3670 1657 mi-

2033 1696 2266 1749 seratus
2298 1689 2492 1762 est,de
2523 1689 2756 1769 reliquo
2790 1687 3027 1750 attende
3053 1685 3156 1749 tibi
3188 1685 3324 1764 ipsi,
3353 1693 3411 1746 et
3441 1703 3517 1749 ne
3547 1703 3674 1749 am-

1973 1793 2010 1844 B
2034 1779 2186 1858 plius
2218 1778 2512 1840 ullatenus
2545 1791 2704 1840 tuam
2741 1779 2991 1840 salutem
3027 1775 3316 1857 negligas.

2117 1867 2308 1931 CLlll.
2345 1869 2480 1930 ch
2541 1868 2640 1930 ubi
2691 1868 2977 1930 audiisset
3024 1866 3348 1939 Romanus,
3383 1875 3447 1927 et
3474 1866 3670 1927 statim

265 1957 551 2024 ναστῆναί
612 1978 673 2013 τε
728 1957 799 2020 ὡς
865 1955 1028 2035 εἶχεν
1082 1955 1230 2019 εὐθὺς
1281 1957 1426 2032 δγιᾶ,
1481 1964 1573 2012 τοῦ
1616 1957 1782 2035 ὄγκου
1810 1961 1940 2031 αὖτᾷ

2040 1967 2208 2038 prout
2268 1969 2416 2038 erat,
2479 1959 2739 2020 surrexit
2799 1975 3002 2026 sanus.
3060 1965 3294 2017 tumore
3343 1955 3493 2016 uteri
3546 1956 3671 2036 jam

267 2043 384 2113 ἤδη
446 2054 561 2104 τοῦ
621 2047 740 2125 περὶ
822 2045 924 2111 τὴν
1011 2043 1247 2121 γαστέρα
1300 2044 1738 2110 διαπνευσθέντος
1775 2062 1789 2077 ⁶
1863 2047 1940 2103 καῖ

2040 2049 2412 2128 perspirato;
2472 2057 2531 2110 et
2587 2048 2926 2110 convocatis
2976 2047 3097 2108 suis
3140 2045 3519 2118 necessariis,
3583 2045 3672 2107 eis

271 2134 705 2214 συγκαλέσαντα
797 2136 920 2198 τοὺς
1005 2132 1366 2209 ἱπιτηδείους,
1467 2136 1566 2203 τὴν
1637 2135 1940 2192 ἐπιστασίαν

2040 2137 2229 2199 sancti
2284 2137 2624 2212 adventum,
2687 2140 3019 2217 miramque
3076 2134 3236 2196 illam
3295 2153 3403 2214 per
3450 2133 3671 2212 digitos

274 2227 477 2290 αὺτοῖς
541 2229 641 2283 τοῦ
693 2225 870 2303 ἁγίου,
916 2225 1006 2281 καὶ
1032 2225 1132 2292 τὴν
1161 2221 1316 2290 ξένην
1345 2224 1554 2291 ὲκείνην
1598 2223 1683 2281 διὰ
1714 2227 1818 2281 cui»:
1848 2223 1948 2282 δα-

278 2314 507 2372 κτύλων
561 2316 757 2390 τομὴν,
817 2316 906 2371 καὶ
965 2319 1142 2370 πᾶσαν
1187 2314 1370 2378 ἁπλῶς
1420 2313 1752 2392 ἀπαγγεῖλαι
1793 2327 1822 2370 Β
1850 2317 1948 2380 τὴν

280 2405 416 2481 ὄψιν
450 2426 466 2440 ·
528 2406 718 2462 ἔπειτα
761 2404 816 2461 δὲ
846 2405 936 2461 καὶ
965 2405 1040 2466 εἷς
1084 2404 1228 2477 ἡμᾶς
1279 2400 1552 2476 διαϐηναι,
1605 2405 1701 2459 καί
1758 2409 1836 2475 τῷ
1893 2425 1948 2459 τε

285 2499 607 2574 προεστῶτι
650 2500 748 2563 τῆς
783 2498 953 2570 μονῆς
983 2498 1149 2549 ταυτα
1179 2492 1276 2548 καί
1301 2489 1578 2571 Ἀχθαϐίῳ
1633 2494 1708 2568 τῷ
1739 2491 1951 2571 ἀδελφῷ

291 2587 385 2642 καὶ
443 2591 616 2643 πᾶσιν
661 2587 802 2658 ἡμῖν
861 2582 1251 2661 διηγήσασθαι,
1303 2580 1412 2646 Τὴν
1451 2581 1630 2656 μέντοι
1662 2588 1759 2650 τῆς
1816 2582 1946 2640 θαυ-

293 2676 631 2753 ματουργίας
697 2673 921 2752 ἡμέραν,
957 2672 1148 2750 ἑορτὴν
1175 2669 1270 2726 καὶ
1303 2671 1377 2736 είς
1421 2670 1540 2728 τόδε
1601 2673 1801 2752 χρόνου
1852 2674 1950 2742 τὴν

298 2766 570 2842 μεγίστην
609 2777 872 2843 ποιεῖται,
930 2767 1018 2818 καὶ
1061 2759 1128 2817 δι’
1189 2758 1338 2824 ἔτους
1383 2759 1701 2819 ἀποδίδωσιν
1747 2761 1823 2820 ἔτι
1873 2770 1950 2838 τῷ

305 2854 445 2933 ἁγίῳ
489 2854 883 2933 τάςᾼχάριτας.
931 2850 1098 2908 Ἀλλὰ
1126 2859 1282 2909 τοῦτο
1317 2850 1417 2926 μὲν
1446 2848 1512 2918 δὴ
1545 2855 1806 2912 τοιοῦτον.

389 2934 566 3007 ΡΝΔ’,
594 2929 670 3001 “Ov
693 2929 748 2998 δέ
779 2964 870 3015 μοι
901 2940 1079 3019 λέγειν
1111 2939 1229 3008 ἑξῆς
1276 2942 1304 2996 ὁ
1344 2939 1504 3018 λόγος
1545 2941 1818 3022 ὥρμηται,
1858 2941 1948 2999 δέ-

305 3031 462 3089 δοικα
494 3033 575 3108 μὴ
604 3034 692 3088 καὶ
721 3031 944 3090 ἄπιστον
989 3027 1154 3095 δόξειε
1182 3041 1303 3094 τοῖς
1335 3028 1586 3103 πολλοῖς,
1641 3033 1726 3087 καὶ
1758 3030 1952 3100 ἥκιστα

2032 2227 2387 2306 sectionem,
2423 2234 2482 2289 et
2539 2235 2718 2288 totam
2778 2225 3047 2288 absolute
3097 2224 3459 2286 renuntiavit
3487 2225 3674 2286 visio-

2035 2335 2197 2378 nem.
2225 2315 2452 2378 Deinde
2488 2335 2627 2379 vero
2661 2317 2731 2378 ad
2767 2335 2876 2377 nos
2907 2334 3146 2396 quoque
3207 2316 3462 2386 transiit,
3510 2315 3674 2375 haec-

2031 2425 2147 2486 que
2162 2414 2419 2467 narravit
2449 2415 2570 2467 tum
2595 2405 2871 2485 pmfecto
2891 2405 3388 2476 monasterii,tum
3414 2403 3672 2466 Achtha-

2034 2496 2133 2558 bio
2162 2495 2350 2572 fratri,
2391 2505 2510 2558 tum
2546 2496 2718 2556 nobis
2751 2493 3051 2556 omnibus.
3089 2493 3290 2574 Itaque
3337 2493 3494 2555 diem
3527 2495 3673 2557 editi

2036 2585 2330 2658 miraculi,
2389 2585 2710 2646 maximum
2762 2584 3070 2663 hucusque
3125 2583 3338 2643 festum
3398 2583 3560 2658 facit,
3615 2595 3673 2645 et

2032 2675 2351 2756 quotannis
2379 2674 2574 2736 adhuc
2601 2683 2807 2736 sancto
2839 2672 2960 2752 agit
2988 2671 3227 2751 gratias.
3263 2671 3380 2735 Sed
3409 2673 3521 2734 hoc
3546 2679 3674 2754 qui-

2034 2766 2168 2828 dem
2202 2772 2292 2826 est
2322 2763 2684 2843 hujusmodi.

2112 2941 2304 3006 CLIV.
2335 2941 2506 3014 Quod
2539 2950 2732 3003 autem
2777 2942 2902 3023 jam
2934 2942 3140 3004 dicere
3171 2942 3513 3022 aggreditur
3544 2961 3675 3006 mea

2034 3032 2476 3105 0ratio,vereor
2504 3050 2581 3094 ne
2603 3031 2872 3094 videatur
2895 3033 3096 3094 multis
3113 3030 3493 3108 incredibile,
3528 3033 3674 3095 viri-

304 3129 385 3197 τῴ
410 3129 505 3179 τοῦ
542 3119 728 3200 ἀνδρὸς
759 3120 874 3188 ἤθει
907 3121 996 3176 καὶ
1023 3125 1093 3194 τῇ
1120 3118 1460 3199 χρηστότητι
1491 3120 1668 3183 ἓοικός
1706 3139 1720 3154 ⁶
1753 3123 1940 3179 τοσαύ-

2040 3140 2152 3205 que
2185 3121 2452 3183 moi-ibus
2510 3131 2567 3214 et
2617 3121 2967 3214 benignitati
3022 3123 3267 3214 minime
3297 3141 3672 3214 congruum;

307 3234 410 3280 την
449 3211 758 3292 θερμότητα
813 3213 951 3266 κατά
1017 3212 1124 3267 τῶν
1172 3206 1606 3287 ψευδορκούντων
1648 3213 1736 3266 καὶ
1786 3211 1950 3283 ζῆλον

316 3300 506 3381 ἀκριϐῆ
567 3303 909 3376 παρίστησιν.
974 3297 1131 3356 ’Ἐστι
1193 3299 1293 3376 γάρ
1349 3321 1430 3361 τις
1483 3301 1614 3377 πρὸς
1662 3301 1953 3380 ἀνίσχοντα

319 3387 468 3454 ἥλιον
520 3389 682 3463 κώμη
727 3388 821 3455 τῆς
855 3387 1050 3459 λαύρας
1083 3389 1276 3464 Φαρῶν
1305 3385 1354 3459 δ,
1401 3383 1526 3442 δέκα
1575 3385 1807 3452 σταδίοις
1840 3388 1952 3444 ἀπ-

329 3477 546 3556 έχουσα,
597 3475 777 3555 Φαράν
836 3477 1034 3551 ὁμοίως
1104 3477 1190 3532 καὶ
1267 3475 1402 3542 αὕτη
1475 3475 1782 3550 καλουμένη
1818 3496 1832 3513 ο
1893 3477 1954 3532 0-3

321 3563 714 3639 μεταλαϐοῦσα,
770 3565 956 3640 οἶμαι,
1017 3564 1112 3631 τῆς
1158 3564 1486 3644 ἐπωνυμίας,
1519 3563 1638 3621 ἀλλ’
1692 3567 1828 3634 αὕτη
1885 3567 1950 3635 τῇ

315 3653 478 3734 λαύρα
535 3653 836 3731 μεταδοῦσα
881 3653 1111 3729 μᾶλλον.
1164 3651 1325 3729 Ἀνὴρ
1365 3651 1420 3709 δέ
1470 3675 1550 3716 τις
1611 3651 1778 3729 ὄνομα
1839 3664 1948 3712 Ku-

311 3746 491 3822 ριακὸς
549 3745 610 3801 ἆκ
665 3748 864 3811 ταύτης
945 3743 1284 3820 ὁρμώμενος,
1365 3743 1687 3818 θρεμμάτων
1746 3744 1950 3820 ποιμὴν

309 3834 374 3903 ἧν
407 3851 424 3867 °
485 3836 574 3891 καὶ
615 3836 678 3891 τὸ
710 3834 954 3908 ποίμνιον
997 3833 1098 3888 ἀνά
1130 3834 1225 3898 τὰς
1256 3832 1488 3908 ἐρήμους
1517 3833 1692 3907 νέμων
1722 3833 1948 3906 ὲκείνας,

310 3925 618 3981 πιστεύεται
669 3923 813 4001 παρά
867 3944 1012 3983 τινος
1044 3927 1140 3988 τῆς
1167 3921 1324 3989 αὐτῆς
1366 3923 1688 3999 ὡρμημένου
1730 3924 1948 3999 κώμης,

311 4013 544 4080 πένητος
602 4014 691 4069 καὶ
773 4013 954 4084 αὑτοῦ,
1019 4009 1144 4067 δέκα
1200 4013 1292 4068 τὸν
1358 4011 1580 4089 ἀριθμὸν
1653 4015 1739 4069 καὶ
1798 4013 1952 4090 ἕτερα

313 4102 617 4182 θρέμματα,
648 4101 787 4159 ὥστε
844 4103 931 4158 καὶ
991 4100 1119 4157 αὒτά
1148 4114 1267 4166 τοῖς
1299 4099 1486 4158 ἑαυτοῦ
1515 4104 1948 4177 συμποιμαίνειν,

316 4192 519 4269 Χρόνου
575 4190 630 4248 δὲ
663 4191 859 4267 μεταξὺ
889 4189 1290 4269 διαγενομένου,
1346 4192 1660 4272 κατειλήφει
1720 4192 1815 4266 μέν
1871 4217 1952 4258 τις

315 4283 678 4360 ἀπαραίτητος
737 4282 828 4338 τὸν
889 4280 1095 4347 πένητα
1155 4282 1332 4360 χρεία.
1403 4282 1500 4339 Καὶ
1557 4284 1585 4337 ὁ
1615 4282 1714 4356 μὲν
1745 4281 1953 4347 οὐδενὸς

314 4371 553 4449 εδπορῶν
596 4371 800 4448 ἑτέρου,
833 4372 965 4449 πρὸς
996 4369 1057 4427 τό
1095 4370 1272 4448 βραχὺ
1302 4371 1548 4442 ποίμνιον
1579 4372 1724 4435 εὒθὺς
1785 4372 1953 4429 ἀπετ-

314 4461 396 4534 δι,
455 4461 551 4518 καί
613 4460 864 4527 πωλῆσαι
913 4461 1002 4516 καὶ
1044 4461 1174 4518 αὐτὸ
1213 4457 1296 4516 διὰ
1339 4461 1400 4515 τὸ
1443 4465 1539 4526 τῆς
1571 4461 1758 4539 χρείας
1787 4461 1955 4539 ἀναγ-

314 4563 474 4609 καῖον
534 4551 812 4634 ἠπείγετο.
891 4549 1118 4625 Γνώμης
1179 4547 1259 4627 δὲ,
1317 4551 1390 4612 ὡς
1429 4546 1626 4629 ἔοικεν,
1677 4551 1704 4606 ὁ
1755 4561 1952 4628 Κυριαο

314 4643 408 4706 κὸς
441 4645 726 4721 μοχθηρᾶς
757 4639 854 4710 ὢν,
888 4641 977 4696 καὶ
1009 4637 1128 4696 οὐδὲ
1171 4645 1364 4716 μικροῦ
1423 4637 1636 4714 κέρδους
1692 4641 1954 4716 προτιθεὶς

316 4731 415 4798 τὴν
471 4729 750 4803 ἀλήθειαν,
784 4729 928 4786 ὀκτὼ
952 4727 1199 4785 ἀπεδίδου
1230 4728 1370 4802 μόνα
1405 4743 1420 4758 ·
1473 4730 1559 4784 καὶ
1591 4736 1818 4786 τοσαῦτα
1851 4729 1952 4786 λα-

314 4817 432 4876 ϐεῖν
488 4817 614 4894 παρ’
648 4819 806 4877 αὒτοῦ
862 4818 952 4874 καὶ
1007 4818 1106 4884 τὴν
1142 4817 1322 4896 ἀρχὴν
1355 4817 1679 4897 ἰσχυρίζετο.
1713 4826 1816 4877 Τοῦ
1871 4819 1951 4899 δὲ,

314 4910 403 4965 καὶ
448 4910 514 4967 τα
572 4907 728 4986 ἕτερα
782 4905 872 4964 δύο
915 4913 1429 4980 προσαπαιτοῦντος,
1490 4909 1518 4962 ὁ
1572 4909 1834 4985 Κυριακὸς
1867 4907 1948 4975 EE-

315 5019 472 5077 αρνος
508 4998 576 5066 ἦν
613 5017 624 5031 ·
658 4997 748 5054 καὶ
777 4998 850 5060 εἰς
882 4995 1207 5076 φιλονεικίαν
1239 4997 1424 5059 αὐτοῖς
1472 4996 1671 5076 ἰχώρει
1721 5000 1777 5055 τὸ
1811 5005 1952 5078 πρᾶ-

317 5110 454 5165 γμα,
486 5088 576 5144 καὶ
608 5085 772 5168 ἄμφω
803 5085 1041 5165 σφοδρῶς
1071 5085 1404 5155 ἐστασίαζον.

395 5167 565 5238 PNE'.
617 5167 906 5242 Διαιτηταῖ
947 5173 1002 5231 δέ
1057 5196 1198 5239 τινες
1255 5174 1442 5238 αὐτοῖς
1500 5175 1653 5251 μέσοι
1697 5177 1954 5256 παριλη..

315 5264 556 5343 φθέντες,
589 5265 748 5344 ὅρκον
803 5265 883 5340 τῷ
922 5262 1236 5342 βουλομένῳ
1285 5261 1559 5326 ἐπέθεσανε
1611 5265 1750 5323 ὥστε
1787 5269 1954 5347 ταύτῃ

314 5351 658 5412 διαλύσασθαι
713 5355 813 5422 τὴν
871 5352 1003 5432 ἔριν.
1051 5360 1156 5412 Τοῦ
1201 5354 1464 5433 Κυριακοῦ
1531 5355 1704 5412 τοίνυν
1761 5358 1956 5433 ὀμόσαι

2038 3220 2264 3273 tantum
2326 3211 2586 3272 ostendit
2641 3210 2920 3272 ardorem
2973 3211 3425 3292 perfectumque
3480 3213 3672 3274 zelum

2037 3307 2244 3362 contra
2277 3299 2701 3380 perjuros.Est
2733 3301 2893 3361 enim
2923 3301 3162 3381 quidam
3195 3303 3357 3362 vicus
3381 3301 3453 3363 ad
3486 3303 3674 3363 solem

2037 3391 2358 3464 orientem,
2393 3407 2425 3448 a
2477 3389 2646 3451 laura
2702 3389 3028 3450 Phararum
3060 3390 3289 3450 distans
3319 3390 3528 3452 decem
3562 3400 3675 3452 sta-

2038 3478 2158 3553 dia,
2192 3478 2321 3558 ipse
2353 3477 2570 3556 pariter
2601 3477 2835 3539 Pharan
2893 3487 3170 3558 vocatus;
3225 3497 3341 3539 non
3375 3481 3530 3560 quod
3558 3482 3676 3560 (ar-

2038 3568 2246 3640 bitror)
2278 3585 2613 3644 cognomen
2645 3567 2963 3646 acceperit,
2994 3567 3099 3628 sed
3134 3569 3328 3650 potius
3357 3570 3515 3649 quod
3549 3571 3675 3651 ipse

2035 3675 2206 3719 suum
2242 3674 2460 3716 nomen
2515 3655 2750 3719 dederit
2801 3657 3003 3718 lauraa.
3058 3657 3243 3720 Porro
3290 3659 3378 3720 vir
3407 3659 3668 3741 quidam,

2037 3747 2280 3808 nomine
2313 3745 2615 3825 Cyriacus,
2657 3765 2728 3808 ex
2789 3765 2861 3808 eo
2917 3747 3044 3808 vico
3103 3757 3291 3824 ortus,
3326 3758 3453 3811 erat
3479 3750 3675 3829 gregis

2037 3844 2240 3918 pastor
2291 3853 2306 3898 :
2363 3853 2618 3916 cumque
2676 3854 2784 3915 per
2841 3835 2972 3898 illas
3019 3837 3374 3900 solitudines
3427 3857 3669 3918 gregem

2037 3933 2367 4005 pasceret,a
2400 3925 2658 4005 quodam
2719 3927 2992 4007 ejusdem
3054 3927 3166 3989 vici
3223 3929 3490 4004 homine,
3541 3930 3669 4009 ipso

2037 4016 2212 4078 etiam
2248 4034 2457 4097 paupea
2479 4016 2600 4090 e,in
2627 4017 2803 4078 linem
2835 4017 3051 4097 accipit
3077 4036 3215 4079 oves
3245 4018 3388 4080 alias
3421 4038 3674 4082 numero

2037 4107 2270 4180 decem,
2301 4124 2417 4185 quo
2450 4113 2507 4165 et
2534 4105 2666 4167 illas
2696 4125 2830 4167 cum
2857 4107 2984 4168 suis
3015 4116 3306 4186 pasceret.
3344 4107 3672 4191 Interlapso

2037 4205 2230 4257 autem
2263 4195 2566 4276 aliquanto
2599 4203 2892 4276 tempore,
2927 4214 3246 4277 pauperem
3300 4197 3522 4259 invadit
3545 4199 3669 4261 ine-

2036 4283 2322 4346 xorabilis
2352 4285 2548 4364 aliqua
2580 4285 2929 4347 necessitas.
2965 4285 3077 4358 Qui
3117 4286 3357 4367 quidem
3387 4288 3671 4368 quoniam

2040 4373 2190 4435 nihil
2222 4373 2380 4434 aliud
2414 4372 2779 4454 possidebat,
2813 4375 3005 4437 statim
3037 4376 3106 4436 ad
3144 4394 3384 4456 parvum
3431 4396 3672 4458 gregem

1979 4463 2620 4570 Drespexit,illumque
2651 4464 2912 4526 vendere
2943 4475 3187 4545 propter
3216 4475 3538 4529 extremam
3574 4489 3676 4530 ne-

2037 4554 2373 4613 cessitatem
2412 4552 2753 4615 festinabat.
2786 4555 2864 4615 At
2911 4573 3050 4616 vero
3082 4553 3383 4635 Cyriacus,
3430 4558 3558 4639 qui,
3594 4561 3674 4620 uti

2037 4642 2330 4722 apparuit,
2368 4641 2506 4704 mali
2555 4643 2741 4705 animi
2803 4651 2954 4724 erat,
2993 4653 3051 4706 et
3084 4663 3194 4707 nec
3221 4664 3396 4726 parvo
3433 4648 3674 4727 quidem

2037 4732 2202 4793 lucro
2231 4731 2584 4812 praeferebat
2633 4733 2969 4809 veritatem,
3031 4745 3166 4797 octo
3196 4736 3352 4798 solas
3383 4737 3672 4815 reddidit,

2037 4831 2242 4900 totque
2273 4839 2338 4882 se
2397 4821 2470 4882 ab
2531 4840 2601 4884 eo
2657 4821 2950 4904 principio
2981 4826 3288 4904 accepisse
3317 4825 3671 4890 affirmabat.

2035 4908 2182 4972 Cum
2206 4911 2257 4971 is
2283 4928 2416 4972 vero
2441 4911 2588 4972 duas
2611 4910 2758 4974 alias
2778 4912 2976 4976 adhuc
3001 4914 3543 4995 peteret,Cyriacus
3573 4917 3674 4980 in-

2037 5000 2388 5076 ﬁciabatur;
2442 5010 2620 5083 atque
2650 5021 2750 5066 res
2785 5004 2874 5065 eis
2905 5005 3190 5067 tendebat
3217 5005 3290 5068 ad
3339 5009 3677 5071 contentio-

2039 5108 2202 5170 nem,
2237 5099 2296 5152 et
2318 5090 2494 5153 ambo
2525 5093 2914 5155 vehementer
2941 5094 3406 5160 altercabantur.

2118 5177 2283 5242 CLV.
2317 5178 2570 5251 Quidam
2622 5199 2761 5243 vero
2789 5182 2998 5245 arbitri
3030 5184 3188 5248 inter
3231 5203 3335 5248 eos
3366 5187 3550 5250 medii
3580 5207 3680 5253 ca-

2038 5266 2640 5348 cepti.jnsjurandum
2666 5271 2936 5336 detulere
2967 5274 3023 5336 ei
3046 5275 3150 5354 qui
3181 5275 3460 5350 vellet,ut
3482 5296 3554 5341 ea
3571 5297 3673 5342 ra-

2040 5357 2201 5420 tione
2232 5361 2700 5424 controversiam
2733 5361 3109 5428 dirimerent.
3130 5364 3336 5448 Itaque
3365 5369 3523 5451 quod
3553 5368 3672 5451 Cy-

1635 5514 1892 5580 νΑΡιυΕ
1934 5515 2252 5582 LECTION
2262 5517 2346 5582 ES

393 5604 521 5702 c‘al.
575 5606 950 5702 κασσιτέρου..
994 5603 1131 5665 dal.
1185 5625 1301 5663 σου.
1390 5612 1411 5640 ⁸
1456 5606 1536 5671 al.
1597 5609 1992 5687 περιεγένοντο.
2079 5606 2100 5648 ¹
2145 5609 2223 5670 al.
2281 5609 2464 5676 inser.
2528 5611 2777 5679 συνὲϐης.
2863 5626 2891 5667 σ
2933 5615 3012 5680 al.
3079 5619 3262 5686 αὺτοῖς
3325 5621 3671 5702 ἀπαγγέλλει,

313 5685 343 5734 ιι
375 5683 454 5752 al.
489 5686 673 5763 Φαράν
716 5694 776 5749 et
799 5683 1015 5767 Ψαρών,
