  <div class='ocr_page' id='page_1' title='image "/cluster/home/n/w/nwhite01/storage/ocr_20150623/114/mdp.39015028574344/372.png"; bbox 0 0 3972 6130; ppageno 0'>
   <div class='ocr_carea' id='block_1_1' title="bbox 187 307 312 374">
    <p class='ocr_par' dir='ltr' id='par_1_1' title="bbox 187 307 312 374">
     <span class='ocr_line' id='line_1_1' title="bbox 187 307 312 374; baseline 0.016 -2"><span class='ocrx_word' id='word_1_1' title='bbox 187 307 312 374; x_wconf 74' lang='lat'><strong>729</strong></span> 
     </span>
    </p>
   </div>
   <div class='ocr_carea' id='block_1_2' title="bbox 1535 315 2289 382">
    <p class='ocr_par' dir='ltr' id='par_1_2' title="bbox 1535 315 2289 382">
     <span class='ocr_line' id='line_1_2' title="bbox 1535 315 2289 382; baseline -0.003 -4"><span class='ocrx_word' id='word_1_2' title='bbox 1535 316 1717 379; x_wconf 85' lang='lat' dir='ltr'><strong>VITA</strong></span> <span class='ocrx_word' id='word_1_3' title='bbox 1768 315 1829 376; x_wconf 91' lang='lat' dir='ltr'><strong>S.</strong></span> <span class='ocrx_word' id='word_1_4' title='bbox 1877 316 2289 382; x_wconf 86' lang='lat' dir='ltr'><strong>EUTHYMII.</strong></span> 
     </span>
    </p>
   </div>
   <div class='ocr_carea' id='block_1_3' title="bbox 3479 321 3600 387">
    <p class='ocr_par' dir='ltr' id='par_1_3' title="bbox 3479 321 3600 387">
     <span class='ocr_line' id='line_1_3' title="bbox 3479 321 3600 387; baseline 0.025 -3"><span class='ocrx_word' id='word_1_5' title='bbox 3479 321 3600 387; x_wconf 91' lang='lat'><strong>730</strong></span> 
     </span>
    </p>
   </div>
   <div class='ocr_carea' id='block_1_4' title="bbox 189 435 1844 531">
    <p class='ocr_par' dir='ltr' id='par_1_4' title="bbox 189 444 1844 531">
     <span class='ocr_line' id='line_1_4' title="bbox 189 444 1844 531; baseline 0.004 -27"><span class='ocrx_word' id='word_1_6' title='bbox 189 444 520 529; x_wconf 70' lang='grc' dir='ltr'><strong>ἰεηγόρευῑ,</strong></span> <span class='ocrx_word' id='word_1_7' title='bbox 558 447 650 506; x_wconf 60' lang='grc' dir='ltr'><strong>καὶ</strong></span> <span class='ocrx_word' id='word_1_8' title='bbox 678 445 745 507; x_wconf 84' lang='grc' dir='ltr'><strong>τά</strong></span> <span class='ocrx_word' id='word_1_9' title='bbox 795 447 900 519; x_wconf 65' lang='grc' dir='ltr'><strong>Δτῆς</strong></span> <span class='ocrx_word' id='word_1_10' title='bbox 959 455 1230 531; x_wconf 71' lang='grc' dir='ltr'><strong>συμφορᾶς</strong></span> <span class='ocrx_word' id='word_1_11' title='bbox 1291 454 1479 518; x_wconf 74' lang='grc' dir='ltr'><strong>αὐτοῖς</strong></span> <span class='ocrx_word' id='word_1_12' title='bbox 1538 451 1844 512; x_wconf 76' lang='grc' dir='ltr'><strong>ἀνεκλαίετο</strong></span> 
     </span>
    </p>
   </div>
   <div class='ocr_carea' id='block_1_5' title="bbox 1957 435 3597 531">
    <p class='ocr_par' dir='ltr' id='par_1_5' title="bbox 1963 447 3597 531">
     <span class='ocr_line' id='line_1_5' title="bbox 1963 447 3597 531; baseline 0.001 -19"><span class='ocrx_word' id='word_1_13' title='bbox 1963 448 2208 512; x_wconf 49' lang='lat' dir='ltr'><strong>deﬂevit</strong></span> <span class='ocrx_word' id='word_1_14' title='bbox 2238 447 2660 515; x_wconf 77' lang='lat' dir='ltr'><strong>calamitatem.</strong></span> <span class='ocrx_word' id='word_1_15' title='bbox 2692 449 2922 514; x_wconf 87' lang='lat' dir='ltr'><strong>Deinde</strong></span> <span class='ocrx_word' id='word_1_16' title='bbox 2949 451 3180 531; x_wconf 82' lang='lat' dir='ltr'><strong>rogavit</strong></span> <span class='ocrx_word' id='word_1_17' title='bbox 3210 458 3272 513; x_wconf 90' lang='lat' dir='ltr'><strong>ut</strong></span> <span class='ocrx_word' id='word_1_18' title='bbox 3302 471 3437 514; x_wconf 88' lang='lat' dir='ltr'><strong>eum</strong></span> <span class='ocrx_word' id='word_1_19' title='bbox 3469 453 3597 516; x_wconf 89' lang='lat' dir='ltr'><strong>fer-</strong></span> 
     </span>
    </p>
   </div>
   <div class='ocr_carea' id='block_1_6' title="bbox 190 537 1880 622">
    <p class='ocr_par' dir='ltr' id='par_1_6' title="bbox 190 537 1880 622">
     <span class='ocr_line' id='line_1_6' title="bbox 190 537 1880 622; baseline 0.003 -29"><span class='ocrx_word' id='word_1_20' title='bbox 190 537 320 594; x_wconf 76' lang='grc' dir='ltr'><strong>εῒτα</strong></span> <span class='ocrx_word' id='word_1_21' title='bbox 387 539 485 594; x_wconf 81' lang='grc' dir='ltr'><strong>καὶ</strong></span> <span class='ocrx_word' id='word_1_22' title='bbox 520 542 848 616; x_wconf 78' lang='grc' dir='ltr'><strong>κομισθῆναι</strong></span> <span class='ocrx_word' id='word_1_23' title='bbox 897 539 986 598; x_wconf 76' lang='grc' dir='ltr'><strong>ὑπ’</strong></span> <span class='ocrx_word' id='word_1_24' title='bbox 1046 539 1223 596; x_wconf 80' lang='grc' dir='ltr'><strong>σύτῶν</strong></span> <span class='ocrx_word' id='word_1_25' title='bbox 1278 542 1406 619; x_wconf 75' lang='grc' dir='ltr'><strong>πρὸς</strong></span> <span class='ocrx_word' id='word_1_26' title='bbox 1454 541 1553 610; x_wconf 71' lang='grc' dir='ltr'><strong>τῆν</strong></span> <span class='ocrx_word' id='word_1_27' title='bbox 1585 549 1676 600; x_wconf 81' lang='grc' dir='ltr'><strong>τοῦ</strong></span> <span class='ocrx_word' id='word_1_28' title='bbox 1731 543 1880 622; x_wconf 82' lang='grc' dir='ltr'><strong>ἁγίου</strong></span> 
     </span>
    </p>
   </div>
   <div class='ocr_carea' id='block_1_7' title="bbox 187 625 1879 711">
    <p class='ocr_par' dir='ltr' id='par_1_7' title="bbox 187 625 1879 711">
     <span class='ocr_line' id='line_1_7' title="bbox 187 625 1879 711; baseline 0.004 -28"><span class='ocrx_word' id='word_1_29' title='bbox 187 625 368 697; x_wconf 77' lang='grc' dir='ltr'><strong>θήκην</strong></span> <span class='ocrx_word' id='word_1_30' title='bbox 435 625 651 686; x_wconf 67' lang='grc' dir='ltr'><strong>ἐδεῖτο*</strong></span> <span class='ocrx_word' id='word_1_31' title='bbox 685 628 864 708; x_wconf 86' lang='grc' dir='ltr'><strong>Τάχα,</strong></span> <span class='ocrx_word' id='word_1_32' title='bbox 897 626 1106 709; x_wconf 77' lang='grc' dir='ltr'><strong>λέχων,</strong></span> <span class='ocrx_word' id='word_1_33' title='bbox 1139 632 1166 686; x_wconf 85' lang='grc' dir='ltr'>ὁ</span> <span class='ocrx_word' id='word_1_34' title='bbox 1212 630 1308 694; x_wconf 80' lang='grc' dir='ltr'><strong>τὰς</strong></span> <span class='ocrx_word' id='word_1_35' title='bbox 1339 631 1640 711; x_wconf 76' lang='grc' dir='ltr'><strong>ἄφορήτους</strong></span> <span class='ocrx_word' id='word_1_36' title='bbox 1683 633 1879 696; x_wconf 84' lang='grc' dir='ltr'><strong>ταύτας</strong></span> 
     </span>
    </p>
   </div>
   <div class='ocr_carea' id='block_1_8' title="bbox 186 715 1880 796">
    <p class='ocr_par' dir='ltr' id='par_1_8' title="bbox 186 715 1880 796">
     <span class='ocr_line' id='line_1_8' title="bbox 186 715 1880 796; baseline 0.004 -24"><span class='ocrx_word' id='word_1_37' title='bbox 186 715 418 796; x_wconf 82' lang='grc' dir='ltr'><strong>πληγὰς</strong></span> <span class='ocrx_word' id='word_1_38' title='bbox 484 715 727 792; x_wconf 66' lang='grc' dir='ltr'><strong>ἔπιθεῖς,</strong></span> <span class='ocrx_word' id='word_1_39' title='bbox 779 719 906 796; x_wconf 79' lang='grc' dir='ltr'><strong>ῥᾷον</strong></span> <span class='ocrx_word' id='word_1_40' title='bbox 948 715 1013 774; x_wconf 76' lang='grc' dir='ltr'><strong>ἂν</strong></span> <span class='ocrx_word' id='word_1_41' title='bbox 1069 719 1158 776; x_wconf 84' lang='grc' dir='ltr'><strong>καὶ</strong></span> <span class='ocrx_word' id='word_1_42' title='bbox 1219 721 1450 790; x_wconf 74' lang='grc' dir='ltr'><strong>ἰάσαιτο,</strong></span> <span class='ocrx_word' id='word_1_43' title='bbox 1513 721 1761 796; x_wconf 72' lang='grc' dir='ltr'><strong>μαθητὴς</strong></span> <span class='ocrx_word' id='word_1_44' title='bbox 1805 719 1880 778; x_wconf 82' lang='grc' dir='ltr'><strong>ὢν</strong></span> 
     </span>
    </p>
   </div>
   <div class='ocr_carea' id='block_1_9' title="bbox 187 803 1880 892">
    <p class='ocr_par' dir='ltr' id='par_1_9' title="bbox 187 803 1880 892">
     <span class='ocr_line' id='line_1_9' title="bbox 187 803 1880 892; baseline 0.003 -31"><span class='ocrx_word' id='word_1_45' title='bbox 187 803 428 881; x_wconf 67' lang='grc' dir='ltr'><strong>ἐκείνου,</strong></span> <span class='ocrx_word' id='word_1_46' title='bbox 485 813 591 864; x_wconf 83' lang='grc' dir='ltr'><strong>τοῦ</strong></span> <span class='ocrx_word' id='word_1_47' title='bbox 647 807 925 886; x_wconf 65' lang='grc' dir='ltr'><strong>ἆταθύνειν</strong></span> <span class='ocrx_word' id='word_1_48' title='bbox 985 805 1192 882; x_wconf 82' lang='grc' dir='ltr'><strong>μᾶλλον</strong></span> <span class='ocrx_word' id='word_1_49' title='bbox 1254 809 1288 878; x_wconf 76' lang='grc' dir='ltr'>ἢ</span> <span class='ocrx_word' id='word_1_50' title='bbox 1337 809 1588 882; x_wconf 73' lang='grc' dir='ltr'><strong>κολάζειν</strong></span> <span class='ocrx_word' id='word_1_51' title='bbox 1647 815 1880 892; x_wconf 68' lang='grc' dir='ltr'><strong>φυσικῶς</strong></span> 
     </span>
    </p>
   </div>
   <div class='ocr_carea' id='block_1_10' title="bbox 185 893 1881 977">
    <p class='ocr_par' dir='ltr' id='par_1_10' title="bbox 185 893 1881 977">
     <span class='ocr_line' id='line_1_10' title="bbox 185 893 1881 977; baseline 0.004 -27"><span class='ocrx_word' id='word_1_52' title='bbox 185 893 462 975; x_wconf 75' lang='grc' dir='ltr'><strong>ἴχοντοςο</strong></span> <span class='ocrx_word' id='word_1_53' title='bbox 505 897 631 955; x_wconf 72' lang='grc' dir='ltr'><strong>ἐπεὶ</strong></span> <span class='ocrx_word' id='word_1_54' title='bbox 662 895 845 977; x_wconf 76' lang='grc' dir='ltr'><strong>σχολῇ</strong></span> <span class='ocrx_word' id='word_1_55' title='bbox 877 895 929 976; x_wconf 84' lang='grc' dir='ltr'><strong>γ’</strong></span> <span class='ocrx_word' id='word_1_56' title='bbox 975 895 1037 953; x_wconf 76' lang='grc' dir='ltr'><strong>ἂν</strong></span> <span class='ocrx_word' id='word_1_57' title='bbox 1070 898 1202 975; x_wconf 80' lang='grc' dir='ltr'><strong>πρὸς</strong></span> <span class='ocrx_word' id='word_1_58' title='bbox 1223 899 1551 965; x_wconf 80' lang='grc' dir='ltr'><strong>τηλικαύτας</strong></span> <span class='ocrx_word' id='word_1_59' title='bbox 1583 899 1764 966; x_wconf 83' lang='grc' dir='ltr'><strong>ὀδύνας</strong></span> <span class='ocrx_word' id='word_1_60' title='bbox 1791 901 1881 956; x_wconf 70' lang='grc' dir='ltr'><strong>ιά-</strong></span> 
     </span>
    </p>
   </div>
   <div class='ocr_carea' id='block_1_11' title="bbox 186 985 1881 1068">
    <p class='ocr_par' dir='ltr' id='par_1_11' title="bbox 186 985 1881 1068">
     <span class='ocr_line' id='line_1_11' title="bbox 186 985 1881 1068; baseline 0.001 -26"><span class='ocrx_word' id='word_1_61' title='bbox 186 985 377 1063; x_wconf 85' lang='grc' dir='ltr'><strong>τρικαὶ</strong></span> <span class='ocrx_word' id='word_1_62' title='bbox 440 985 649 1068; x_wconf 83' lang='grc' dir='ltr'><strong>τέχναι</strong></span> <span class='ocrx_word' id='word_1_63' title='bbox 713 988 801 1044; x_wconf 89' lang='grc' dir='ltr'><strong>καὶ</strong></span> <span class='ocrx_word' id='word_1_64' title='bbox 867 1001 1053 1066; x_wconf 69' lang='grc' dir='ltr'><strong>χεῖρες</strong></span> <span class='ocrx_word' id='word_1_65' title='bbox 1111 986 1412 1066; x_wconf 78' lang='grc' dir='ltr'><strong>ἂρκὲσειαν,</strong></span> <span class='ocrx_word' id='word_1_66' title='bbox 1475 989 1715 1048; x_wconf 71' lang='grc' dir='ltr'><strong>Ἐκεῖνοι</strong></span> <span class='ocrx_word' id='word_1_67' title='bbox 1784 988 1881 1064; x_wconf 81' lang='grc' dir='ltr'><strong>μέν</strong></span> 
     </span>
    </p>
   </div>
   <div class='ocr_carea' id='block_1_12' title="bbox 184 1073 1881 1158">
    <p class='ocr_par' dir='ltr' id='par_1_12' title="bbox 184 1073 1881 1158">
     <span class='ocr_line' id='line_1_12' title="bbox 184 1073 1881 1158; baseline 0.002 -26"><span class='ocrx_word' id='word_1_68' title='bbox 184 1075 398 1134; x_wconf 77' lang='grc' dir='ltr'><strong>τούτων</strong></span> <span class='ocrx_word' id='word_1_69' title='bbox 471 1077 808 1158; x_wconf 62' lang='grc' dir='ltr'><strong>ἀκηκοότες,</strong></span> <span class='ocrx_word' id='word_1_70' title='bbox 841 1073 1026 1133; x_wconf 72' lang='grc' dir='ltr'><strong>ἔπειδα</strong></span> <span class='ocrx_word' id='word_1_71' title='bbox 1072 1075 1126 1132; x_wconf 78' lang='grc' dir='ltr'><strong>δὲ</strong></span> <span class='ocrx_word' id='word_1_72' title='bbox 1169 1079 1258 1134; x_wconf 86' lang='grc' dir='ltr'><strong>καὶ</strong></span> <span class='ocrx_word' id='word_1_73' title='bbox 1317 1076 1462 1144; x_wconf 83' lang='grc' dir='ltr'><strong>ὅπως</strong></span> <span class='ocrx_word' id='word_1_74' title='bbox 1490 1078 1556 1147; x_wconf 81' lang='grc' dir='ltr'><strong>ἧν</strong></span> <span class='ocrx_word' id='word_1_75' title='bbox 1612 1079 1881 1158; x_wconf 86' lang='grc' dir='ltr'><strong>βαρύτατα</strong></span> 
     </span>
    </p>
   </div>
   <div class='ocr_carea' id='block_1_13' title="bbox 181 1163 1874 1248">
    <p class='ocr_par' dir='ltr' id='par_1_13' title="bbox 181 1163 1874 1248">
     <span class='ocr_line' id='line_1_13' title="bbox 181 1163 1874 1248; baseline 0 -26"><span class='ocrx_word' id='word_1_76' title='bbox 181 1163 507 1243; x_wconf 79' lang='grc' dir='ltr'><strong>πεπληγὼς</strong></span> <span class='ocrx_word' id='word_1_77' title='bbox 561 1165 910 1248; x_wconf 81' lang='grc' dir='ltr'><strong>θεασάμενοι,</strong></span> <span class='ocrx_word' id='word_1_78' title='bbox 941 1167 1034 1223; x_wconf 83' lang='grc' dir='ltr'><strong>καὶ</strong></span> <span class='ocrx_word' id='word_1_79' title='bbox 1089 1163 1355 1233; x_wconf 88' lang='grc' dir='ltr'><strong>δείσαντες</strong></span> <span class='ocrx_word' id='word_1_80' title='bbox 1414 1168 1473 1225; x_wconf 78' lang='grc' dir='ltr'>οὒ</span> <span class='ocrx_word' id='word_1_81' title='bbox 1517 1173 1721 1247; x_wconf 80' lang='grc' dir='ltr'>μικρῶς</span> <span class='ocrx_word' id='word_1_82' title='bbox 1776 1167 1874 1225; x_wconf 79' lang='grc' dir='ltr'><strong>καῒ</strong></span> 
     </span>
    </p>
   </div>
   <div class='ocr_carea' id='block_1_14' title="bbox 183 1254 1874 1337">
    <p class='ocr_par' dir='ltr' id='par_1_14' title="bbox 183 1254 1874 1337">
     <span class='ocr_line' id='line_1_14' title="bbox 183 1254 1874 1337; baseline 0.001 -26"><span class='ocrx_word' id='word_1_83' title='bbox 183 1257 360 1329; x_wconf 74' lang='grc' dir='ltr'><strong>αὐτοὶ,</strong></span> <span class='ocrx_word' id='word_1_84' title='bbox 396 1254 567 1332; x_wconf 80' lang='grc' dir='ltr'><strong>ὅμως</strong></span> <span class='ocrx_word' id='word_1_85' title='bbox 627 1257 759 1335; x_wconf 84' lang='grc' dir='ltr'><strong>πρὸς</strong></span> <span class='ocrx_word' id='word_1_86' title='bbox 789 1257 889 1324; x_wconf 83' lang='grc' dir='ltr'><strong>τὴν</strong></span> <span class='ocrx_word' id='word_1_87' title='bbox 933 1255 1214 1332; x_wconf 69' lang='grc' dir='ltr'><strong>ἐπιθυμίαν</strong></span> <span class='ocrx_word' id='word_1_88' title='bbox 1266 1262 1358 1315; x_wconf 80' lang='grc' dir='ltr'><strong>τοῦ</strong></span> <span class='ocrx_word' id='word_1_89' title='bbox 1388 1255 1571 1337; x_wconf 81' lang='grc' dir='ltr'><strong>ἀνδρὸς</strong></span> <span class='ocrx_word' id='word_1_90' title='bbox 1611 1258 1874 1337; x_wconf 72' lang='grc' dir='ltr'><strong>εἴκοντες,</strong></span> 
     </span>
    </p>
   </div>
   <div class='ocr_carea' id='block_1_15' title="bbox 183 1343 1876 1428">
    <p class='ocr_par' dir='ltr' id='par_1_15' title="bbox 183 1343 1876 1428">
     <span class='ocr_line' id='line_1_15' title="bbox 183 1343 1876 1428; baseline 0.002 -28"><span class='ocrx_word' id='word_1_91' title='bbox 183 1347 515 1424; x_wconf 76' lang='grc' dir='ltr'><strong>σοφίζονται</strong></span> <span class='ocrx_word' id='word_1_92' title='bbox 579 1347 681 1414; x_wconf 73' lang='grc' dir='ltr'><strong>τὴν</strong></span> <span class='ocrx_word' id='word_1_93' title='bbox 711 1344 1005 1422; x_wconf 75' lang='grc' dir='ltr'><strong>ἐκκομιδὴν</strong></span> <span class='ocrx_word' id='word_1_94' title='bbox 1048 1343 1235 1413; x_wconf 72' lang='grc' dir='ltr'><strong>οὕτως·</strong></span> <span class='ocrx_word' id='word_1_95' title='bbox 1274 1347 1376 1404; x_wconf 90' lang='grc' dir='ltr'><strong>Δύο</strong></span> <span class='ocrx_word' id='word_1_96' title='bbox 1403 1347 1631 1411; x_wconf 80' lang='grc' dir='ltr'><strong>σάκκους</strong></span> <span class='ocrx_word' id='word_1_97' title='bbox 1675 1347 1876 1428; x_wconf 74' lang='grc' dir='ltr'><strong>ἀχύρου</strong></span> 
     </span>
    </p>
   </div>
   <div class='ocr_carea' id='block_1_16' title="bbox 1963 539 3600 620">
    <p class='ocr_par' dir='ltr' id='par_1_16' title="bbox 1963 539 3600 620">
     <span class='ocr_line' id='line_1_16' title="bbox 1963 539 3600 620; baseline 0.002 -19"><span class='ocrx_word' id='word_1_98' title='bbox 1963 548 2099 602; x_wconf 89' lang='lat' dir='ltr'><strong>rent</strong></span> <span class='ocrx_word' id='word_1_99' title='bbox 2149 541 2219 602; x_wconf 90' lang='lat' dir='ltr'><strong>ad</strong></span> <span class='ocrx_word' id='word_1_100' title='bbox 2272 539 2465 602; x_wconf 80' lang='lat' dir='ltr'><strong>sancti</strong></span> <span class='ocrx_word' id='word_1_101' title='bbox 2510 559 2774 620; x_wconf 90' lang='lat' dir='ltr'><strong>capsam,</strong></span> <span class='ocrx_word' id='word_1_102' title='bbox 2832 541 3040 604; x_wconf 89' lang='lat' dir='ltr'><strong>dicens</strong></span> <span class='ocrx_word' id='word_1_103' title='bbox 3094 561 3108 605; x_wconf 91' lang='lat'>:</span> <span class='ocrx_word' id='word_1_104' title='bbox 3164 541 3341 605; x_wconf 83' lang='lat' dir='ltr'><strong>Forte</strong></span> <span class='ocrx_word' id='word_1_105' title='bbox 3383 541 3435 605; x_wconf 89' lang='lat' dir='ltr'><strong>is</strong></span> <span class='ocrx_word' id='word_1_106' title='bbox 3494 541 3600 620; x_wconf 88' lang='lat' dir='ltr'><strong>qui</strong></span> 
     </span>
    </p>
   </div>
   <div class='ocr_carea' id='block_1_17' title="bbox 1962 629 3598 712">
    <p class='ocr_par' dir='ltr' id='par_1_17' title="bbox 1962 629 3598 712">
     <span class='ocr_line' id='line_1_17' title="bbox 1962 629 3598 712; baseline 0.002 -20"><span class='ocrx_word' id='word_1_107' title='bbox 1962 630 2181 694; x_wconf 85' lang='lat' dir='ltr'><strong>inﬂixit</strong></span> <span class='ocrx_word' id='word_1_108' title='bbox 2220 631 2326 694; x_wconf 88' lang='lat' dir='ltr'><strong>has</strong></span> <span class='ocrx_word' id='word_1_109' title='bbox 2352 629 2762 692; x_wconf 84' lang='lat' dir='ltr'><strong>intolerabiles</strong></span> <span class='ocrx_word' id='word_1_110' title='bbox 2796 631 3019 712; x_wconf 77' lang='lat' dir='ltr'><strong>plagas,</strong></span> <span class='ocrx_word' id='word_1_111' title='bbox 3067 631 3302 694; x_wconf 76' lang='lat' dir='ltr'><strong>facilius</strong></span> <span class='ocrx_word' id='word_1_112' title='bbox 3335 639 3392 693; x_wconf 90' lang='lat' dir='ltr'><strong>et</strong></span> <span class='ocrx_word' id='word_1_113' title='bbox 3418 651 3598 695; x_wconf 88' lang='lat' dir='ltr'><strong>cura-</strong></span> 
     </span>
    </p>
   </div>
   <div class='ocr_carea' id='block_1_18' title="bbox 1963 719 3599 802">
    <p class='ocr_par' dir='ltr' id='par_1_18' title="bbox 1963 719 3599 802">
     <span class='ocr_line' id='line_1_18' title="bbox 1963 719 3599 802; baseline 0.004 -23"><span class='ocrx_word' id='word_1_114' title='bbox 1963 719 2136 793; x_wconf 88' lang='lat' dir='ltr'><strong>verit,</strong></span> <span class='ocrx_word' id='word_1_115' title='bbox 2161 738 2294 782; x_wconf 84' lang='lat' dir='ltr'><strong>cum</strong></span> <span class='ocrx_word' id='word_1_116' title='bbox 2344 721 2423 781; x_wconf 87' lang='lat' dir='ltr'><strong>sit</strong></span> <span class='ocrx_word' id='word_1_117' title='bbox 2470 720 2632 782; x_wconf 90' lang='lat' dir='ltr'><strong>illius</strong></span> <span class='ocrx_word' id='word_1_118' title='bbox 2684 721 3032 802; x_wconf 85' lang='lat' dir='ltr'><strong>discipulus,</strong></span> <span class='ocrx_word' id='word_1_119' title='bbox 3069 723 3163 784; x_wconf 90' lang='lat' dir='ltr'><strong>cui</strong></span> <span class='ocrx_word' id='word_1_120' title='bbox 3197 731 3286 785; x_wconf 90' lang='lat' dir='ltr'><strong>est</strong></span> <span class='ocrx_word' id='word_1_121' title='bbox 3329 724 3599 786; x_wconf 88' lang='lat' dir='ltr'><strong>innatum</strong></span> 
     </span>
    </p>
   </div>
   <div class='ocr_carea' id='block_1_19' title="bbox 1965 808 3600 894">
    <p class='ocr_par' dir='ltr' id='par_1_19' title="bbox 1965 808 3600 894">
     <span class='ocr_line' id='line_1_19' title="bbox 1965 808 3600 894; baseline 0.003 -23"><span class='ocrx_word' id='word_1_122' title='bbox 1965 808 2324 872; x_wconf 86' lang='lat' dir='ltr'><strong>benefacere</strong></span> <span class='ocrx_word' id='word_1_123' title='bbox 2357 810 2548 891; x_wconf 89' lang='lat' dir='ltr'><strong>potius</strong></span> <span class='ocrx_word' id='word_1_124' title='bbox 2577 830 2754 892; x_wconf 89' lang='lat' dir='ltr'><strong>quam</strong></span> <span class='ocrx_word' id='word_1_125' title='bbox 2789 813 3002 892; x_wconf 87' lang='lat' dir='ltr'><strong>punire</strong></span> <span class='ocrx_word' id='word_1_126' title='bbox 3052 829 3066 874; x_wconf 90' lang='lat'>:</span> <span class='ocrx_word' id='word_1_127' title='bbox 3119 813 3600 894; x_wconf 82' lang='lat' dir='ltr'><strong>quandoquidem</strong></span> 
     </span>
    </p>
   </div>
   <div class='ocr_carea' id='block_1_20' title="bbox 1964 898 3601 966">
    <p class='ocr_par' dir='ltr' id='par_1_20' title="bbox 1964 898 3601 966">
     <span class='ocr_line' id='line_1_20' title="bbox 1964 898 3601 966; baseline 0.006 -11"><span class='ocrx_word' id='word_1_128' title='bbox 1964 898 2054 960; x_wconf 86' lang='lat' dir='ltr'><strong>vix</strong></span> <span class='ocrx_word' id='word_1_129' title='bbox 2101 899 2172 962; x_wconf 91' lang='lat' dir='ltr'><strong>ad</strong></span> <span class='ocrx_word' id='word_1_130' title='bbox 2232 901 2379 962; x_wconf 88' lang='lat' dir='ltr'><strong>tales</strong></span> <span class='ocrx_word' id='word_1_131' title='bbox 2435 901 2682 963; x_wconf 81' lang='lat' dir='ltr'><strong>dolores</strong></span> <span class='ocrx_word' id='word_1_132' title='bbox 2740 902 3084 964; x_wconf 84' lang='lat' dir='ltr'><strong>suﬂ‘ecerint</strong></span> <span class='ocrx_word' id='word_1_133' title='bbox 3137 903 3385 966; x_wconf 69' lang='lat' dir='ltr'><strong>medicae</strong></span> <span class='ocrx_word' id='word_1_134' title='bbox 3442 911 3601 966; x_wconf 87' lang='lat' dir='ltr'><strong>artes</strong></span> 
     </span>
    </p>
   </div>
   <div class='ocr_carea' id='block_1_21' title="bbox 1963 990 3602 1073">
    <p class='ocr_par' dir='ltr' id='par_1_21' title="bbox 1963 990 3602 1073">
     <span class='ocr_line' id='line_1_21' title="bbox 1963 990 3602 1073; baseline 0.005 -25"><span class='ocrx_word' id='word_1_135' title='bbox 1963 997 2143 1070; x_wconf 87' lang='lat' dir='ltr'><strong>atque</strong></span> <span class='ocrx_word' id='word_1_136' title='bbox 2175 1008 2405 1052; x_wconf 87' lang='lat' dir='ltr'><strong>manus.</strong></span> <span class='ocrx_word' id='word_1_137' title='bbox 2443 990 2671 1063; x_wconf 87' lang='lat' dir='ltr'><strong>Quibus</strong></span> <span class='ocrx_word' id='word_1_138' title='bbox 2704 991 2787 1052; x_wconf 88' lang='lat' dir='ltr'><strong>illi</strong></span> <span class='ocrx_word' id='word_1_139' title='bbox 2833 992 3077 1066; x_wconf 83' lang='lat' dir='ltr'><strong>auditis,</strong></span> <span class='ocrx_word' id='word_1_140' title='bbox 3134 1001 3339 1073; x_wconf 89' lang='lat' dir='ltr'><strong>postea</strong></span> <span class='ocrx_word' id='word_1_141' title='bbox 3366 1011 3508 1054; x_wconf 85' lang='lat' dir='ltr'><strong>vero</strong></span> <span class='ocrx_word' id='word_1_142' title='bbox 3539 1002 3602 1057; x_wconf 82' lang='lat' dir='ltr'><strong>et</strong></span> 
     </span>
    </p>
   </div>
   <div class='ocr_carea' id='block_1_22' title="bbox 1964 1077 3598 1164">
    <p class='ocr_par' dir='ltr' id='par_1_22' title="bbox 1964 1077 3598 1164">
     <span class='ocr_line' id='line_1_22' title="bbox 1964 1077 3598 1164; baseline 0.003 -25"><span class='ocrx_word' id='word_1_143' title='bbox 1964 1077 2162 1140; x_wconf 89' lang='lat' dir='ltr'><strong>intuiti</strong></span> <span class='ocrx_word' id='word_1_144' title='bbox 2194 1097 2373 1156; x_wconf 90' lang='lat' dir='ltr'><strong>quam</strong></span> <span class='ocrx_word' id='word_1_145' title='bbox 2407 1080 2756 1159; x_wconf 75' lang='lat' dir='ltr'><strong>gravissime</strong></span> <span class='ocrx_word' id='word_1_146' title='bbox 2787 1082 3119 1162; x_wconf 86' lang='lat' dir='ltr'><strong>vapulasset</strong></span> <span class='ocrx_word' id='word_1_147' title='bbox 3148 1082 3387 1164; x_wconf 87' lang='lat' dir='ltr'><strong>ipsique</strong></span> <span class='ocrx_word' id='word_1_148' title='bbox 3419 1083 3598 1146; x_wconf 88' lang='lat' dir='ltr'><strong>etiam</strong></span> 
     </span>
    </p>
   </div>
   <div class='ocr_carea' id='block_1_23' title="bbox 1961 1168 3602 1241">
    <p class='ocr_par' dir='ltr' id='par_1_23' title="bbox 1961 1168 3602 1241">
     <span class='ocr_line' id='line_1_23' title="bbox 1961 1168 3602 1241; baseline 0.004 -14"><span class='ocrx_word' id='word_1_149' title='bbox 1961 1185 2081 1228; x_wconf 92' lang='lat' dir='ltr'><strong>non</strong></span> <span class='ocrx_word' id='word_1_150' title='bbox 2120 1168 2516 1232; x_wconf 86' lang='lat' dir='ltr'><strong>mediocriter</strong></span> <span class='ocrx_word' id='word_1_151' title='bbox 2561 1169 2774 1241; x_wconf 86' lang='lat' dir='ltr'><strong>territi,</strong></span> <span class='ocrx_word' id='word_1_152' title='bbox 2827 1179 3106 1232; x_wconf 56' lang='lat' dir='ltr'><strong>caeterum</strong></span> <span class='ocrx_word' id='word_1_153' title='bbox 3157 1172 3442 1234; x_wconf 89' lang='lat' dir='ltr'><strong>cedentes</strong></span> <span class='ocrx_word' id='word_1_154' title='bbox 3490 1171 3602 1234; x_wconf 88' lang='lat' dir='ltr'><strong>viri</strong></span> 
     </span>
    </p>
   </div>
   <div class='ocr_carea' id='block_1_24' title="bbox 1961 1257 3594 1344">
    <p class='ocr_par' dir='ltr' id='par_1_24' title="bbox 1961 1257 3594 1344">
     <span class='ocr_line' id='line_1_24' title="bbox 1961 1257 3594 1344; baseline 0.004 -26"><span class='ocrx_word' id='word_1_155' title='bbox 1961 1257 2288 1332; x_wconf 87' lang='lat' dir='ltr'><strong>desiderio,</strong></span> <span class='ocrx_word' id='word_1_156' title='bbox 2343 1259 2636 1337; x_wconf 87' lang='lat' dir='ltr'><strong>ejusmodi</strong></span> <span class='ocrx_word' id='word_1_157' title='bbox 2692 1262 3028 1341; x_wconf 83' lang='lat' dir='ltr'><strong>excogitant</strong></span> <span class='ocrx_word' id='word_1_158' title='bbox 3075 1269 3594 1344; x_wconf 86' lang='lat' dir='ltr'><strong>exportationem;</strong></span> 
     </span>
    </p>
   </div>
   <div class='ocr_carea' id='block_1_25' title="bbox 1961 1346 3599 1433">
    <p class='ocr_par' dir='ltr' id='par_1_25' title="bbox 1961 1346 3599 1433">
     <span class='ocr_line' id='line_1_25' title="bbox 1961 1346 3599 1433; baseline 0.006 -26"><span class='ocrx_word' id='word_1_159' title='bbox 1961 1346 2213 1428; x_wconf 88' lang='lat' dir='ltr'><strong>implent</strong></span> <span class='ocrx_word' id='word_1_160' title='bbox 2245 1349 2395 1410; x_wconf 88' lang='lat' dir='ltr'><strong>duos</strong></span> <span class='ocrx_word' id='word_1_161' title='bbox 2425 1368 2632 1412; x_wconf 88' lang='lat' dir='ltr'><strong>saccos</strong></span> <span class='ocrx_word' id='word_1_162' title='bbox 2663 1351 2854 1432; x_wconf 89' lang='lat' dir='ltr'><strong>palea,</strong></span> <span class='ocrx_word' id='word_1_163' title='bbox 2890 1371 3144 1433; x_wconf 87' lang='lat' dir='ltr'><strong>cumque</strong></span> <span class='ocrx_word' id='word_1_164' title='bbox 3176 1371 3284 1416; x_wconf 90' lang='lat' dir='ltr'><strong>eos</strong></span> <span class='ocrx_word' id='word_1_165' title='bbox 3327 1354 3492 1416; x_wconf 90' lang='lat' dir='ltr'><strong>asino</strong></span> <span class='ocrx_word' id='word_1_166' title='bbox 3524 1372 3599 1417; x_wconf 84' lang='lat' dir='ltr'><strong>ex</strong></span> 
     </span>
    </p>
   </div>
   <div class='ocr_carea' id='block_1_26' title="bbox 185 1433 1879 1516">
    <p class='ocr_par' dir='ltr' id='par_1_26' title="bbox 185 1433 1879 1516">
     <span class='ocr_line' id='line_1_26' title="bbox 185 1433 1879 1516; baseline 0.001 -26"><span class='ocrx_word' id='word_1_167' title='bbox 185 1433 539 1513; x_wconf 70' lang='grc' dir='ltr'><strong>πληρῶσαι,</strong></span> <span class='ocrx_word' id='word_1_168' title='bbox 577 1437 663 1492; x_wconf 71' lang='grc' dir='ltr'><strong>οιαὶ</strong></span> <span class='ocrx_word' id='word_1_169' title='bbox 724 1436 939 1500; x_wconf 82' lang='grc' dir='ltr'>τούτους</span> <span class='ocrx_word' id='word_1_170' title='bbox 972 1435 1078 1509; x_wconf 81' lang='grc' dir='ltr'><strong>δ’νῳ</strong></span> <span class='ocrx_word' id='word_1_171' title='bbox 1134 1437 1233 1493; x_wconf 83' lang='grc' dir='ltr'><strong>τινὶ</strong></span> <span class='ocrx_word' id='word_1_172' title='bbox 1283 1436 1342 1493; x_wconf 75' lang='grc' dir='ltr'><strong>ἐκ</strong></span> <span class='ocrx_word' id='word_1_173' title='bbox 1373 1442 1477 1493; x_wconf 87' lang='grc' dir='ltr'><strong>τῶν</strong></span> <span class='ocrx_word' id='word_1_174' title='bbox 1522 1435 1763 1516; x_wconf 82' lang='grc' dir='ltr'><strong>πλαγίων</strong></span> <span class='ocrx_word' id='word_1_175' title='bbox 1823 1438 1879 1492; x_wconf 79' lang='grc' dir='ltr'><strong>εὖ</strong></span> 
     </span>
    </p>
   </div>
   <div class='ocr_carea' id='block_1_27' title="bbox 186 1522 1876 1602">
    <p class='ocr_par' dir='ltr' id='par_1_27' title="bbox 186 1522 1876 1602">
     <span class='ocr_line' id='line_1_27' title="bbox 186 1522 1876 1602; baseline 0.002 -22"><span class='ocrx_word' id='word_1_176' title='bbox 186 1522 529 1600; x_wconf 76' lang='grc' dir='ltr'><strong>ἀναθέμενοι</strong></span> <span class='ocrx_word' id='word_1_177' title='bbox 558 1569 576 1601; x_wconf 89' lang='grc'><strong>,</strong></span> <span class='ocrx_word' id='word_1_178' title='bbox 668 1527 794 1584; x_wconf 81' lang='grc' dir='ltr'><strong>εἶτα</strong></span> <span class='ocrx_word' id='word_1_179' title='bbox 899 1528 1061 1602; x_wconf 69' lang='grc' dir='ltr'><strong>μέσον</strong></span> <span class='ocrx_word' id='word_1_180' title='bbox 1147 1525 1302 1583; x_wconf 73' lang='grc' dir='ltr'><strong>αὺτὸν</strong></span> <span class='ocrx_word' id='word_1_181' title='bbox 1387 1527 1702 1590; x_wconf 82' lang='grc' dir='ltr'><strong>ἐπιτιθοῦσι,</strong></span> <span class='ocrx_word' id='word_1_182' title='bbox 1787 1525 1876 1584; x_wconf 83' lang='grc' dir='ltr'><strong>καὶ</strong></span> 
     </span>
    </p>
   </div>
   <div class='ocr_carea' id='block_1_28' title="bbox 1962 1440 3596 1523">
    <p class='ocr_par' dir='ltr' id='par_1_28' title="bbox 1962 1440 3596 1523">
     <span class='ocr_line' id='line_1_28' title="bbox 1962 1440 3596 1523; baseline 0.005 -26"><span class='ocrx_word' id='word_1_183' title='bbox 1962 1443 2306 1500; x_wconf 88' lang='lat' dir='ltr'><strong>transverso</strong></span> <span class='ocrx_word' id='word_1_184' title='bbox 2338 1446 2503 1501; x_wconf 90' lang='lat' dir='ltr'><strong>recte</strong></span> <span class='ocrx_word' id='word_1_185' title='bbox 2552 1440 3000 1520; x_wconf 88' lang='lat' dir='ltr'><strong>imposuissent,</strong></span> <span class='ocrx_word' id='word_1_186' title='bbox 3045 1460 3180 1503; x_wconf 92' lang='lat' dir='ltr'><strong>eum</strong></span> <span class='ocrx_word' id='word_1_187' title='bbox 3233 1442 3451 1504; x_wconf 90' lang='lat' dir='ltr'><strong>deinde</strong></span> <span class='ocrx_word' id='word_1_188' title='bbox 3481 1462 3596 1523; x_wconf 91' lang='lat' dir='ltr'><strong>po-</strong></span> 
     </span>
    </p>
   </div>
   <div class='ocr_carea' id='block_1_29' title="bbox 1960 1528 3600 1614">
    <p class='ocr_par' dir='ltr' id='par_1_29' title="bbox 1960 1528 3600 1614">
     <span class='ocr_line' id='line_1_29' title="bbox 1960 1528 3600 1614; baseline 0.004 -26"><span class='ocrx_word' id='word_1_189' title='bbox 1960 1534 2111 1588; x_wconf 88' lang='lat' dir='ltr'><strong>nunt</strong></span> <span class='ocrx_word' id='word_1_190' title='bbox 2134 1528 2422 1602; x_wconf 82' lang='lat' dir='ltr'><strong>medium,</strong></span> <span class='ocrx_word' id='word_1_191' title='bbox 2459 1531 2666 1610; x_wconf 88' lang='lat' dir='ltr'><strong>sicque</strong></span> <span class='ocrx_word' id='word_1_192' title='bbox 2697 1529 2769 1591; x_wconf 88' lang='lat' dir='ltr'><strong>ad</strong></span> <span class='ocrx_word' id='word_1_193' title='bbox 2806 1530 3236 1592; x_wconf 88' lang='lat' dir='ltr'><strong>monasterium</strong></span> <span class='ocrx_word' id='word_1_194' title='bbox 3271 1541 3333 1594; x_wconf 89' lang='lat' dir='ltr'><strong>et</strong></span> <span class='ocrx_word' id='word_1_195' title='bbox 3359 1531 3430 1592; x_wconf 86' lang='lat' dir='ltr'><strong>ad</strong></span> <span class='ocrx_word' id='word_1_196' title='bbox 3464 1551 3600 1614; x_wconf 89' lang='lat' dir='ltr'><strong>cap-</strong></span> 
     </span>
    </p>
   </div>
   <div class='ocr_carea' id='block_1_30' title="bbox 188 1613 1844 1702">
    <p class='ocr_par' dir='ltr' id='par_1_30' title="bbox 188 1613 1843 1694">
     <span class='ocr_line' id='line_1_30' title="bbox 188 1613 1843 1694; baseline 0.002 -23"><span class='ocrx_word' id='word_1_197' title='bbox 188 1613 364 1678; x_wconf 78' lang='grc' dir='ltr'><strong>οὕτως</strong></span> <span class='ocrx_word' id='word_1_198' title='bbox 415 1617 501 1680; x_wconf 86' lang='grc' dir='ltr'><strong>εἱς</strong></span> <span class='ocrx_word' id='word_1_199' title='bbox 560 1617 624 1674; x_wconf 81' lang='grc' dir='ltr'><strong>τὸ</strong></span> <span class='ocrx_word' id='word_1_200' title='bbox 695 1617 1053 1694; x_wconf 65' lang='grc' dir='ltr'><strong>μοναστήριον</strong></span> <span class='ocrx_word' id='word_1_201' title='bbox 1113 1616 1197 1673; x_wconf 71' lang='grc' dir='ltr'><strong>καὶ</strong></span> <span class='ocrx_word' id='word_1_202' title='bbox 1239 1617 1339 1686; x_wconf 77' lang='grc' dir='ltr'><strong>τὴν</strong></span> <span class='ocrx_word' id='word_1_203' title='bbox 1399 1617 1572 1688; x_wconf 71' lang='grc' dir='ltr'><strong>θήκην</strong></span> <span class='ocrx_word' id='word_1_204' title='bbox 1628 1615 1843 1693; x_wconf 86' lang='grc' dir='ltr'><strong>διακομί</strong></span> 
     </span>
    </p>
   </div>
   <div class='ocr_carea' id='block_1_31' title="bbox 1957 1613 3592 1702">
    <p class='ocr_par' dir='ltr' id='par_1_31' title="bbox 1957 1617 3592 1702">
     <span class='ocr_line' id='line_1_31' title="bbox 1957 1617 3592 1702; baseline 0.004 -24"><span class='ocrx_word' id='word_1_205' title='bbox 1957 1635 2081 1678; x_wconf 88' lang='lat' dir='ltr'><strong>sam</strong></span> <span class='ocrx_word' id='word_1_206' title='bbox 2116 1617 2418 1682; x_wconf 76' lang='lat' dir='ltr'><strong>deferunt.</strong></span> <span class='ocrx_word' id='word_1_207' title='bbox 2453 1617 2566 1692; x_wconf 85' lang='lat' dir='ltr'><strong>Qui</strong></span> <span class='ocrx_word' id='word_1_208' title='bbox 2598 1639 2734 1681; x_wconf 91' lang='lat' dir='ltr'><strong>cum</strong></span> <span class='ocrx_word' id='word_1_209' title='bbox 2769 1620 2970 1682; x_wconf 89' lang='lat' dir='ltr'><strong>omnia</strong></span> <span class='ocrx_word' id='word_1_210' title='bbox 3000 1641 3130 1702; x_wconf 68' lang='lat' dir='ltr'><strong>quae</strong></span> <span class='ocrx_word' id='word_1_211' title='bbox 3160 1623 3214 1684; x_wconf 92' lang='lat' dir='ltr'><strong>ei</strong></span> <span class='ocrx_word' id='word_1_212' title='bbox 3245 1630 3592 1698; x_wconf 86' lang='lat' dir='ltr'><strong>evenerant,</strong></span> 
     </span>
    </p>
   </div>
   <div class='ocr_carea' id='block_1_32' title="bbox 183 1705 1844 1793">
    <p class='ocr_par' dir='ltr' id='par_1_32' title="bbox 183 1705 1844 1786">
     <span class='ocr_line' id='line_1_32' title="bbox 183 1705 1844 1786; baseline 0.002 -24"><span class='ocrx_word' id='word_1_213' title='bbox 183 1711 402 1776; x_wconf 81' lang='grc' dir='ltr'><strong>ζουσιν,</strong></span> <span class='ocrx_word' id='word_1_214' title='bbox 459 1707 543 1764; x_wconf 79' lang='grc' dir='ltr'><strong>Οἵ</strong></span> <span class='ocrx_word' id='word_1_215' title='bbox 589 1707 678 1763; x_wconf 85' lang='grc' dir='ltr'><strong>καὶ</strong></span> <span class='ocrx_word' id='word_1_216' title='bbox 733 1706 799 1762; x_wconf 84' lang='grc' dir='ltr'><strong>τὰ</strong></span> <span class='ocrx_word' id='word_1_217' title='bbox 845 1705 965 1762; x_wconf 86' lang='grc' dir='ltr'><strong>κατ’</strong></span> <span class='ocrx_word' id='word_1_218' title='bbox 1011 1709 1166 1766; x_wconf 72' lang='grc' dir='ltr'><strong>αὐτὸν</strong></span> <span class='ocrx_word' id='word_1_219' title='bbox 1210 1708 1348 1784; x_wconf 83' lang='grc' dir='ltr'><strong>ἡμῖν</strong></span> <span class='ocrx_word' id='word_1_220' title='bbox 1390 1712 1565 1763; x_wconf 87' lang='grc' dir='ltr'><strong>πᾶντα</strong></span> <span class='ocrx_word' id='word_1_221' title='bbox 1605 1705 1844 1786; x_wconf 84' lang='grc' dir='ltr'><strong>διηγησά·</strong></span> 
     </span>
    </p>
   </div>
   <div class='ocr_carea' id='block_1_33' title="bbox 1957 1705 3598 1793">
    <p class='ocr_par' dir='ltr' id='par_1_33' title="bbox 1959 1706 3598 1793">
     <span class='ocr_line' id='line_1_33' title="bbox 1959 1706 3598 1793; baseline 0.005 -27"><span class='ocrx_word' id='word_1_222' title='bbox 1959 1706 2132 1768; x_wconf 90' lang='lat' dir='ltr'><strong>nobis</strong></span> <span class='ocrx_word' id='word_1_223' title='bbox 2165 1717 2536 1785; x_wconf 86' lang='lat' dir='ltr'><strong>narrassent,</strong></span> <span class='ocrx_word' id='word_1_224' title='bbox 2574 1719 2631 1771; x_wconf 91' lang='lat' dir='ltr'><strong>et</strong></span> <span class='ocrx_word' id='word_1_225' title='bbox 2662 1728 2807 1791; x_wconf 88' lang='lat' dir='ltr'><strong>quas</strong></span> <span class='ocrx_word' id='word_1_226' title='bbox 2837 1711 2897 1772; x_wconf 92' lang='lat' dir='ltr'><strong>in</strong></span> <span class='ocrx_word' id='word_1_227' title='bbox 2929 1720 3092 1791; x_wconf 80' lang='lat' dir='ltr'><strong>tergo</strong></span> <span class='ocrx_word' id='word_1_228' title='bbox 3122 1720 3439 1793; x_wconf 81' lang='lat' dir='ltr'><strong>acceperat</strong></span> <span class='ocrx_word' id='word_1_229' title='bbox 3468 1712 3598 1789; x_wconf 87' lang='lat' dir='ltr'><strong>pla-</strong></span> 
     </span>
    </p>
   </div>
   <div class='ocr_carea' id='block_1_34' title="bbox 185 1794 1844 1876">
    <p class='ocr_par' dir='ltr' id='par_1_34' title="bbox 185 1794 1844 1876">
     <span class='ocr_line' id='line_1_34' title="bbox 185 1794 1844 1876; baseline 0.001 -25"><span class='ocrx_word' id='word_1_230' title='bbox 185 1815 374 1871; x_wconf 83' lang='grc' dir='ltr'><strong>μενοι,</strong></span> <span class='ocrx_word' id='word_1_231' title='bbox 410 1797 520 1854; x_wconf 75' lang='grc' dir='ltr'><strong>καὶ</strong></span> <span class='ocrx_word' id='word_1_232' title='bbox 552 1796 647 1858; x_wconf 80' lang='grc' dir='ltr'><strong>τὰς</strong></span> <span class='ocrx_word' id='word_1_233' title='bbox 699 1795 836 1852; x_wconf 80' lang='grc' dir='ltr'><strong>κατὰ</strong></span> <span class='ocrx_word' id='word_1_234' title='bbox 865 1801 972 1852; x_wconf 84' lang='grc' dir='ltr'><strong>τῶν</strong></span> <span class='ocrx_word' id='word_1_235' title='bbox 1008 1794 1183 1852; x_wconf 60' lang='grc' dir='ltr'><strong>νώτων</strong></span> <span class='ocrx_word' id='word_1_236' title='bbox 1243 1795 1452 1876; x_wconf 81' lang='grc' dir='ltr'><strong>πληγὰς</strong></span> <span class='ocrx_word' id='word_1_237' title='bbox 1482 1794 1844 1862; x_wconf 78' lang='grc' dir='ltr'><strong>ὑποδείξαντες</strong></span> 
     </span>
    </p>
   </div>
   <div class='ocr_carea' id='block_1_35' title="bbox 1957 1794 3601 1876">
    <p class='ocr_par' dir='ltr' id='par_1_35' title="bbox 1957 1798 3601 1875">
     <span class='ocr_line' id='line_1_35' title="bbox 1957 1798 3601 1875; baseline 0.005 -18"><span class='ocrx_word' id='word_1_238' title='bbox 1957 1814 2060 1875; x_wconf 80' lang='lat' dir='ltr'><strong>gas</strong></span> <span class='ocrx_word' id='word_1_239' title='bbox 2090 1798 2517 1874; x_wconf 84' lang='lat' dir='ltr'><strong>ostendissent,</strong></span> <span class='ocrx_word' id='word_1_240' title='bbox 2557 1808 2782 1861; x_wconf 89' lang='lat' dir='ltr'><strong>tantum</strong></span> <span class='ocrx_word' id='word_1_241' title='bbox 2813 1800 3098 1864; x_wconf 81' lang='lat' dir='ltr'><strong>fratribus</strong></span> <span class='ocrx_word' id='word_1_242' title='bbox 3123 1811 3343 1864; x_wconf 88' lang='lat' dir='ltr'><strong>metum</strong></span> <span class='ocrx_word' id='word_1_243' title='bbox 3376 1801 3601 1865; x_wconf 87' lang='lat' dir='ltr'><strong>immit-</strong></span> 
     </span>
    </p>
   </div>
   <div class='ocr_carea' id='block_1_36' title="bbox 183 1883 1844 1973">
    <p class='ocr_par' dir='ltr' id='par_1_36' title="bbox 183 1883 1844 1968">
     <span class='ocr_line' id='line_1_36' title="bbox 183 1883 1844 1968; baseline -0.001 -25"><span class='ocrx_word' id='word_1_244' title='bbox 183 1893 460 1944; x_wconf 82' lang='grc' dir='ltr'><strong>τοσοῦτον</strong></span> <span class='ocrx_word' id='word_1_245' title='bbox 532 1899 653 1950; x_wconf 78' lang='grc' dir='ltr'><strong>τοῖς</strong></span> <span class='ocrx_word' id='word_1_246' title='bbox 685 1883 940 1966; x_wconf 76' lang='grc' dir='ltr'><strong>ἀδελφοῖς</strong></span> <span class='ocrx_word' id='word_1_247' title='bbox 997 1883 1323 1962; x_wconf 71' lang='grc' dir='ltr'><strong>ἐμϐάλλουσι</strong></span> <span class='ocrx_word' id='word_1_248' title='bbox 1360 1883 1495 1968; x_wconf 78' lang='grc' dir='ltr'><strong>δέος,</strong></span> <span class='ocrx_word' id='word_1_249' title='bbox 1535 1887 1608 1950; x_wconf 82' lang='grc' dir='ltr'><strong>ὡς</strong></span> <span class='ocrx_word' id='word_1_250' title='bbox 1666 1884 1844 1955; x_wconf 62' lang='grc' dir='ltr'><strong>μηδένε</strong></span> 
     </span>
    </p>
   </div>
   <div class='ocr_carea' id='block_1_37' title="bbox 1957 1883 3596 1973">
    <p class='ocr_par' dir='ltr' id='par_1_37' title="bbox 1957 1888 3596 1973">
     <span class='ocr_line' id='line_1_37' title="bbox 1957 1888 3596 1973; baseline 0.006 -27"><span class='ocrx_word' id='word_1_251' title='bbox 1957 1893 2107 1958; x_wconf 89' lang='lat' dir='ltr'><strong>tunt,</strong></span> <span class='ocrx_word' id='word_1_252' title='bbox 2142 1897 2205 1950; x_wconf 86' lang='lat' dir='ltr'><strong>ut</strong></span> <span class='ocrx_word' id='word_1_253' title='bbox 2236 1888 2463 1950; x_wconf 89' lang='lat' dir='ltr'><strong>nullum</strong></span> <span class='ocrx_word' id='word_1_254' title='bbox 2497 1890 2738 1964; x_wconf 80' lang='lat' dir='ltr'><strong>exhinc,</strong></span> <span class='ocrx_word' id='word_1_255' title='bbox 2771 1909 2966 1967; x_wconf 87' lang='lat' dir='ltr'><strong>neque</strong></span> <span class='ocrx_word' id='word_1_256' title='bbox 2998 1911 3105 1973; x_wconf 88' lang='lat' dir='ltr'><strong>per</strong></span> <span class='ocrx_word' id='word_1_257' title='bbox 3135 1892 3331 1955; x_wconf 86' lang='lat' dir='ltr'><strong>sancti</strong></span> <span class='ocrx_word' id='word_1_258' title='bbox 3360 1893 3596 1955; x_wconf 86' lang='lat' dir='ltr'><strong>thecam</strong></span> 
     </span>
    </p>
   </div>
   <div class='ocr_carea' id='block_1_38' title="bbox 185 1975 1844 2062">
    <p class='ocr_par' dir='ltr' id='par_1_38' title="bbox 185 1975 1844 2052">
     <span class='ocr_line' id='line_1_38' title="bbox 185 1975 1844 2052; baseline -0.001 -20"><span class='ocrx_word' id='word_1_259' title='bbox 185 1975 240 2042; x_wconf 67' lang='grc' dir='ltr'><strong>ἒξ</strong></span> <span class='ocrx_word' id='word_1_260' title='bbox 298 1976 549 2052; x_wconf 69' lang='grc' dir='ltr'><strong>ἐκείνου,</strong></span> <span class='ocrx_word' id='word_1_261' title='bbox 608 1977 750 2050; x_wconf 82' lang='grc' dir='ltr'><strong>μήτε</strong></span> <span class='ocrx_word' id='word_1_262' title='bbox 794 1975 956 2033; x_wconf 81' lang='grc' dir='ltr'><strong>αὐτον</strong></span> <span class='ocrx_word' id='word_1_263' title='bbox 1012 1997 1130 2032; x_wconf 87' lang='grc' dir='ltr'><strong>τινα</strong></span> <span class='ocrx_word' id='word_1_264' title='bbox 1201 1975 1339 2035; x_wconf 80' lang='grc' dir='ltr'><strong>κατᾶ</strong></span> <span class='ocrx_word' id='word_1_265' title='bbox 1405 1980 1504 2043; x_wconf 76' lang='grc' dir='ltr'><strong>τῆς</strong></span> <span class='ocrx_word' id='word_1_266' title='bbox 1573 1975 1668 2032; x_wconf 89' lang='lat'><strong>106</strong></span> <span class='ocrx_word' id='word_1_267' title='bbox 1718 1975 1844 2052; x_wconf 56' lang='grc' dir='ltr'><strong>ἁγίοη</strong></span> 
     </span>
    </p>
   </div>
   <div class='ocr_carea' id='block_1_39' title="bbox 1957 1975 3596 2062">
    <p class='ocr_par' dir='ltr' id='par_1_39' title="bbox 1957 1975 3596 2062">
     <span class='ocr_line' id='line_1_39' title="bbox 1957 1975 3596 2062; baseline 0.004 -25"><span class='ocrx_word' id='word_1_268' title='bbox 1957 1975 2156 2056; x_wconf 81' lang='lat' dir='ltr'><strong>iurare</strong></span> <span class='ocrx_word' id='word_1_269' title='bbox 2185 1977 2477 2050; x_wconf 90' lang='lat' dir='ltr'><strong>sinerent,</strong></span> <span class='ocrx_word' id='word_1_270' title='bbox 2515 1998 2713 2061; x_wconf 89' lang='lat' dir='ltr'><strong>neque</strong></span> <span class='ocrx_word' id='word_1_271' title='bbox 2739 1989 3028 2062; x_wconf 88' lang='lat' dir='ltr'><strong>quantum</strong></span> <span class='ocrx_word' id='word_1_272' title='bbox 3063 1981 3125 2044; x_wconf 91' lang='lat' dir='ltr'><strong>in</strong></span> <span class='ocrx_word' id='word_1_273' title='bbox 3159 1982 3243 2044; x_wconf 91' lang='lat' dir='ltr'><strong>eis</strong></span> <span class='ocrx_word' id='word_1_274' title='bbox 3275 1991 3457 2057; x_wconf 85' lang='lat' dir='ltr'><strong>esset,</strong></span> <span class='ocrx_word' id='word_1_275' title='bbox 3492 1981 3596 2045; x_wconf 88' lang='lat' dir='ltr'><strong>alii</strong></span> 
     </span>
    </p>
   </div>
   <div class='ocr_carea' id='block_1_40' title="bbox 183 2065 1844 2147">
    <p class='ocr_par' dir='ltr' id='par_1_40' title="bbox 183 2065 1844 2147">
     <span class='ocr_line' id='line_1_40' title="bbox 183 2065 1844 2147; baseline -0.001 -25"><span class='ocrx_word' id='word_1_276' title='bbox 183 2067 362 2137; x_wconf 69' lang='grc' dir='ltr'><strong>θήκης</strong></span> <span class='ocrx_word' id='word_1_277' title='bbox 409 2066 647 2140; x_wconf 55' lang='grc' dir='ltr'><strong>ὀμνύειν</strong></span> <span class='ocrx_word' id='word_1_278' title='bbox 707 2065 822 2142; x_wconf 79' lang='grc' dir='ltr'><strong>ἐᾷν,</strong></span> <span class='ocrx_word' id='word_1_279' title='bbox 868 2066 1014 2142; x_wconf 80' lang='grc' dir='ltr'><strong>μήτε</strong></span> <span class='ocrx_word' id='word_1_280' title='bbox 1068 2065 1252 2147; x_wconf 81' lang='grc' dir='ltr'><strong>ὅρκον,</strong></span> <span class='ocrx_word' id='word_1_281' title='bbox 1310 2067 1371 2123; x_wconf 88' lang='grc' dir='ltr'><strong>τό</strong></span> <span class='ocrx_word' id='word_1_282' title='bbox 1433 2087 1495 2144; x_wconf 89' lang='grc' dir='ltr'><strong>γε</strong></span> <span class='ocrx_word' id='word_1_283' title='bbox 1551 2066 1624 2132; x_wconf 76' lang='grc' dir='ltr'><strong>εἷς</strong></span> <span class='ocrx_word' id='word_1_284' title='bbox 1678 2065 1844 2125; x_wconf 76' lang='grc' dir='ltr'><strong>αὒτοὺ.</strong></span> 
     </span>
    </p>
   </div>
   <div class='ocr_carea' id='block_1_41' title="bbox 1957 2065 2672 2147">
    <p class='ocr_par' dir='ltr' id='par_1_41' title="bbox 1957 2066 2672 2147">
     <span class='ocr_line' id='line_1_41' title="bbox 1957 2066 2672 2147; baseline 0.007 -20"><span class='ocrx_word' id='word_1_285' title='bbox 1957 2066 2372 2147; x_wconf 73' lang='lat' dir='ltr'><strong>jusjurandum</strong></span> <span class='ocrx_word' id='word_1_286' title='bbox 2406 2069 2672 2133; x_wconf 87' lang='lat' dir='ltr'><strong>deferre.</strong></span> 
     </span>
    </p>
   </div>
   <div class='ocr_carea' id='block_1_42' title="bbox 185 2153 854 2236">
    <p class='ocr_par' dir='ltr' id='par_1_42' title="bbox 185 2153 854 2236">
     <span class='ocr_line' id='line_1_42' title="bbox 185 2153 854 2236; baseline 0.003 -23"><span class='ocrx_word' id='word_1_287' title='bbox 185 2156 350 2234; x_wconf 66' lang='grc' dir='ltr'><strong>ἧκον,</strong></span> <span class='ocrx_word' id='word_1_288' title='bbox 385 2154 568 2236; x_wconf 72' lang='grc' dir='ltr'><strong>ἑτέρῳ</strong></span> <span class='ocrx_word' id='word_1_289' title='bbox 609 2153 773 2234; x_wconf 70' lang='grc' dir='ltr'><strong>ὶπάγε</strong></span> <span class='ocrx_word' id='word_1_290' title='bbox 783 2178 854 2215; x_wconf 88' lang='grc' dir='ltr'><strong>ιν.</strong></span> 
     </span>
    </p>
   </div>
   <div class='ocr_carea' id='block_1_43' title="bbox 272 2244 1860 2326">
    <p class='ocr_par' dir='ltr' id='par_1_43' title="bbox 272 2244 1860 2326">
     <span class='ocr_line' id='line_1_43' title="bbox 272 2244 1860 2326; baseline 0 -22"><span class='ocrx_word' id='word_1_291' title='bbox 272 2244 465 2321; x_wconf 78' lang='grc' dir='ltr'><strong>ΡΝΗ’,</strong></span> <span class='ocrx_word' id='word_1_292' title='bbox 533 2244 770 2304; x_wconf 77' lang='grc' dir='ltr'><strong>Ἐκεῖνοι</strong></span> <span class='ocrx_word' id='word_1_293' title='bbox 814 2244 998 2322; x_wconf 78' lang='grc' dir='ltr'><strong>μέντοι</strong></span> <span class='ocrx_word' id='word_1_294' title='bbox 1058 2244 1184 2326; x_wconf 86' lang='grc' dir='ltr'><strong>παρ’</strong></span> <span class='ocrx_word' id='word_1_295' title='bbox 1227 2247 1375 2323; x_wconf 81' lang='grc' dir='ltr'><strong>ὦμεν</strong></span> <span class='ocrx_word' id='word_1_296' title='bbox 1427 2252 1722 2314; x_wconf 81' lang='grc' dir='ltr'><strong>τηνικαῦτα</strong></span> <span class='ocrx_word' id='word_1_297' title='bbox 1778 2244 1860 2304; x_wconf 76' lang='grc' dir='ltr'><strong>διο</strong></span> 
     </span>
    </p>
   </div>
   <div class='ocr_carea' id='block_1_44' title="bbox 197 2336 1867 2414">
    <p class='ocr_par' dir='ltr' id='par_1_44' title="bbox 197 2336 1867 2414">
     <span class='ocr_line' id='line_1_44' title="bbox 197 2336 1867 2414; baseline -0.001 -20"><span class='ocrx_word' id='word_1_298' title='bbox 197 2337 634 2412; x_wconf 81' lang='grc' dir='ltr'><strong>ημερεύσαντες,</strong></span> <span class='ocrx_word' id='word_1_299' title='bbox 693 2338 769 2399; x_wconf 80' lang='grc' dir='ltr'><strong>ὡς</strong></span> <span class='ocrx_word' id='word_1_300' title='bbox 833 2336 1014 2414; x_wconf 78' lang='grc' dir='ltr'><strong>ἑώρων</strong></span> <span class='ocrx_word' id='word_1_301' title='bbox 1078 2337 1166 2392; x_wconf 80' lang='grc' dir='ltr'><strong>τὸν</strong></span> <span class='ocrx_word' id='word_1_302' title='bbox 1241 2337 1502 2413; x_wconf 82' lang='grc' dir='ltr'><strong>Κυριακὸν</strong></span> <span class='ocrx_word' id='word_1_303' title='bbox 1559 2338 1647 2393; x_wconf 82' lang='grc' dir='ltr'><strong>καὶ</strong></span> <span class='ocrx_word' id='word_1_304' title='bbox 1705 2336 1867 2402; x_wconf 74' lang='grc' dir='ltr'><strong>αὐτὰς</strong></span> 
     </span>
    </p>
   </div>
   <div class='ocr_carea' id='block_1_45' title="bbox 198 2423 1867 2507">
    <p class='ocr_par' dir='ltr' id='par_1_45' title="bbox 198 2423 1867 2507">
     <span class='ocr_line' id='line_1_45' title="bbox 198 2423 1867 2507; baseline -0.001 -23"><span class='ocrx_word' id='word_1_305' title='bbox 198 2428 294 2491; x_wconf 73' lang='grc' dir='ltr'><strong>τὰς</strong></span> <span class='ocrx_word' id='word_1_306' title='bbox 340 2427 600 2491; x_wconf 74' lang='grc' dir='ltr'><strong>ἀσθενεῖς</strong></span> <span class='ocrx_word' id='word_1_307' title='bbox 651 2427 737 2482; x_wconf 79' lang='grc' dir='ltr'><strong>καὶ</strong></span> <span class='ocrx_word' id='word_1_308' title='bbox 772 2426 969 2490; x_wconf 79' lang='grc' dir='ltr'><strong>λεπθὰς</strong></span> <span class='ocrx_word' id='word_1_309' title='bbox 1013 2423 1226 2493; x_wconf 73' lang='grc' dir='ltr'><strong>ἐλπίδας</strong></span> <span class='ocrx_word' id='word_1_310' title='bbox 1253 2427 1352 2492; x_wconf 77' lang='grc' dir='ltr'><strong>τῆς</strong></span> <span class='ocrx_word' id='word_1_311' title='bbox 1409 2424 1551 2496; x_wconf 74' lang='grc' dir='ltr'>ζωῆς</span> <span class='ocrx_word' id='word_1_312' title='bbox 1608 2427 1867 2507; x_wconf 76' lang='grc' dir='ltr'><strong>ἀφαιρού-</strong></span> 
     </span>
    </p>
   </div>
   <div class='ocr_carea' id='block_1_46' title="bbox 203 2516 1870 2599">
    <p class='ocr_par' dir='ltr' id='par_1_46' title="bbox 203 2516 1870 2599">
     <span class='ocr_line' id='line_1_46' title="bbox 203 2516 1870 2599; baseline -0.001 -24"><span class='ocrx_word' id='word_1_313' title='bbox 203 2539 392 2599; x_wconf 83' lang='grc' dir='ltr'><strong>μενον,</strong></span> <span class='ocrx_word' id='word_1_314' title='bbox 441 2519 541 2574; x_wconf 74' lang='grc' dir='ltr'><strong>ναὶ</strong></span> <span class='ocrx_word' id='word_1_315' title='bbox 605 2525 737 2591; x_wconf 82' lang='grc' dir='ltr'><strong>πρὸς</strong></span> <span class='ocrx_word' id='word_1_316' title='bbox 806 2516 1030 2574; x_wconf 79' lang='grc' dir='ltr'><strong>θάνατον</strong></span> <span class='ocrx_word' id='word_1_317' title='bbox 1099 2516 1402 2597; x_wconf 63' lang='grc' dir='ltr'><strong>ἀφορῶντω</strong></span> <span class='ocrx_word' id='word_1_318' title='bbox 1469 2538 1569 2582; x_wconf 85' lang='grc' dir='ltr'><strong>της</strong></span> <span class='ocrx_word' id='word_1_319' title='bbox 1641 2516 1870 2595; x_wconf 79' lang='grc' dir='ltr'><strong>γαστρὸς</strong></span> 
     </span>
    </p>
   </div>
   <div class='ocr_carea' id='block_1_47' title="bbox 201 2605 1868 2686">
    <p class='ocr_par' dir='ltr' id='par_1_47' title="bbox 201 2605 1868 2686">
     <span class='ocr_line' id='line_1_47' title="bbox 201 2605 1868 2686; baseline -0.002 -22"><span class='ocrx_word' id='word_1_320' title='bbox 201 2610 348 2682; x_wconf 68' lang='grc' dir='ltr'><strong>αύτῷ</strong></span> <span class='ocrx_word' id='word_1_321' title='bbox 411 2605 774 2686; x_wconf 80' lang='grc' dir='ltr'><strong>διαῤῥυείσης,</strong></span> <span class='ocrx_word' id='word_1_322' title='bbox 837 2607 924 2662; x_wconf 80' lang='grc' dir='ltr'><strong>καὶ</strong></span> <span class='ocrx_word' id='word_1_323' title='bbox 989 2613 1084 2665; x_wconf 80' lang='grc' dir='ltr'><strong>τοῦ</strong></span> <span class='ocrx_word' id='word_1_324' title='bbox 1140 2606 1404 2682; x_wconf 90' lang='grc' dir='ltr'><strong>στόματος</strong></span> <span class='ocrx_word' id='word_1_325' title='bbox 1467 2605 1606 2682; x_wconf 81' lang='grc' dir='ltr'><strong>μηδέ</strong></span> <span class='ocrx_word' id='word_1_326' title='bbox 1679 2607 1868 2683; x_wconf 84' lang='grc' dir='ltr'><strong>μικρὸν</strong></span> 
     </span>
    </p>
   </div>
   <div class='ocr_carea' id='block_1_48' title="bbox 203 2695 1861 2779">
    <p class='ocr_par' dir='ltr' id='par_1_48' title="bbox 203 2695 1861 2779">
     <span class='ocr_line' id='line_1_48' title="bbox 203 2695 1861 2779; baseline -0.002 -25"><span class='ocrx_word' id='word_1_327' title='bbox 203 2697 468 2779; x_wconf 65' lang='grc' dir='ltr'><strong>ἐπισχεῖν</strong></span> <span class='ocrx_word' id='word_1_328' title='bbox 529 2695 816 2773; x_wconf 77' lang='grc' dir='ltr'><strong>δυναμένου</strong></span> <span class='ocrx_word' id='word_1_329' title='bbox 856 2697 948 2753; x_wconf 78' lang='grc' dir='ltr'><strong>τὸν</strong></span> <span class='ocrx_word' id='word_1_330' title='bbox 1010 2695 1220 2771; x_wconf 70' lang='grc' dir='ltr'><strong>ἔμετον·</strong></span> <span class='ocrx_word' id='word_1_331' title='bbox 1274 2696 1611 2775; x_wconf 81' lang='grc' dir='ltr'><strong>ἀναιροῦνται</strong></span> <span class='ocrx_word' id='word_1_332' title='bbox 1683 2697 1861 2770; x_wconf 71' lang='grc' dir='ltr'><strong>αὐτὸν,</strong></span> 
     </span>
    </p>
   </div>
   <div class='ocr_carea' id='block_1_49' title="bbox 206 2776 1863 2863">
    <p class='ocr_par' dir='ltr' id='par_1_49' title="bbox 206 2776 1863 2863">
     <span class='ocr_line' id='line_1_49' title="bbox 206 2776 1863 2863; baseline -0.001 -19"><span class='ocrx_word' id='word_1_333' title='bbox 206 2788 297 2844; x_wconf 69' lang='grc' dir='ltr'><strong>καὶ</strong></span> <span class='ocrx_word' id='word_1_334' title='bbox 335 2776 556 2846; x_wconf 35' lang='grc' dir='ltr'><strong>-οἴκαδε</strong></span> <span class='ocrx_word' id='word_1_335' title='bbox 617 2786 778 2844; x_wconf 82' lang='grc' dir='ltr'><strong>πάλιν</strong></span> <span class='ocrx_word' id='word_1_336' title='bbox 833 2787 1264 2863; x_wconf 71' lang='grc' dir='ltr'><strong>ἀνακομίζουσιν.</strong></span> <span class='ocrx_word' id='word_1_337' title='bbox 1335 2776 1392 2844; x_wconf 63' lang='lat' dir='ltr'><strong>t0</strong></span> <span class='ocrx_word' id='word_1_338' title='bbox 1435 2785 1490 2842; x_wconf 80' lang='grc' dir='ltr'><strong>δὲ</strong></span> <span class='ocrx_word' id='word_1_339' title='bbox 1548 2786 1646 2853; x_wconf 77' lang='grc' dir='ltr'><strong>τὴν</strong></span> <span class='ocrx_word' id='word_1_340' title='bbox 1704 2785 1863 2844; x_wconf 82' lang='grc' dir='ltr'><strong>νύκτα</strong></span> 
     </span>
    </p>
   </div>
   <div class='ocr_carea' id='block_1_50' title="bbox 213 2874 1713 2957">
    <p class='ocr_par' dir='ltr' id='par_1_50' title="bbox 213 2874 1713 2957">
     <span class='ocr_line' id='line_1_50' title="bbox 213 2874 1713 2957; baseline -0.001 -25"><span class='ocrx_word' id='word_1_341' title='bbox 213 2874 374 2950; x_wconf 86' lang='grc' dir='ltr'><strong>μόλις</strong></span> <span class='ocrx_word' id='word_1_342' title='bbox 402 2875 654 2957; x_wconf 80' lang='grc' dir='ltr'><strong>διαζήσας</strong></span> <span class='ocrx_word' id='word_1_343' title='bbox 685 2877 919 2957; x_wconf 64' lang='grc' dir='ltr'><strong>εκείνην,</strong></span> <span class='ocrx_word' id='word_1_344' title='bbox 953 2878 1025 2940; x_wconf 82' lang='grc' dir='ltr'><strong>εἰς</strong></span> <span class='ocrx_word' id='word_1_345' title='bbox 1057 2876 1157 2944; x_wconf 73' lang='grc' dir='ltr'><strong>τὴν</strong></span> <span class='ocrx_word' id='word_1_346' title='bbox 1191 2874 1314 2943; x_wconf 82' lang='grc' dir='ltr'><strong>ἑξῆς</strong></span> <span class='ocrx_word' id='word_1_347' title='bbox 1347 2875 1713 2943; x_wconf 65' lang='grc' dir='ltr'><strong>ἐτελεύτησεν,</strong></span> 
     </span>
    </p>
   </div>
   <div class='ocr_carea' id='block_1_51' title="bbox 295 2955 1864 3043">
    <p class='ocr_par' dir='ltr' id='par_1_51' title="bbox 295 2955 1864 3043">
     <span class='ocr_line' id='line_1_51' title="bbox 295 2955 1864 3043; baseline -0.002 -19"><span class='ocrx_word' id='word_1_348' title='bbox 295 2955 466 3028; x_wconf 77' lang='grc' dir='ltr'><strong>ΡΝΘ’.</strong></span> <span class='ocrx_word' id='word_1_349' title='bbox 542 2965 673 3024; x_wconf 83' lang='grc' dir='ltr'><strong>Κατ’</strong></span> <span class='ocrx_word' id='word_1_350' title='bbox 727 2955 910 3024; x_wconf 68' lang='grc' dir='ltr'><strong>ἒκεϊνο</strong></span> <span class='ocrx_word' id='word_1_351' title='bbox 979 2964 1034 3022; x_wconf 82' lang='grc' dir='ltr'><strong>δὲ</strong></span> <span class='ocrx_word' id='word_1_352' title='bbox 1093 2967 1282 3043; x_wconf 70' lang='grc' dir='ltr'><strong>καιροῦ</strong></span> <span class='ocrx_word' id='word_1_353' title='bbox 1349 2966 1438 3023; x_wconf 86' lang='grc' dir='ltr'><strong>καὶ</strong></span> <span class='ocrx_word' id='word_1_354' title='bbox 1514 2964 1712 3030; x_wconf 79' lang='grc' dir='ltr'><strong>ξενικός</strong></span> <span class='ocrx_word' id='word_1_355' title='bbox 1783 2986 1864 3028; x_wconf 90' lang='grc' dir='ltr'><strong>τις</strong></span> 
     </span>
    </p>
   </div>
   <div class='ocr_carea' id='block_1_52' title="bbox 211 3053 1860 3134">
    <p class='ocr_par' dir='ltr' id='par_1_52' title="bbox 211 3053 1860 3134">
     <span class='ocr_line' id='line_1_52' title="bbox 211 3053 1860 3134; baseline 0.001 -24"><span class='ocrx_word' id='word_1_356' title='bbox 211 3053 388 3134; x_wconf 74' lang='grc' dir='ltr'><strong>ἔτερος</strong></span> <span class='ocrx_word' id='word_1_357' title='bbox 475 3054 858 3132; x_wconf 77' lang='grc' dir='ltr'><strong>ἀποδημητὴς,</strong></span> <span class='ocrx_word' id='word_1_358' title='bbox 935 3053 1263 3122; x_wconf 61' lang='grc' dir='ltr'><strong>ἐπιξενωθεὶς</strong></span> <span class='ocrx_word' id='word_1_359' title='bbox 1340 3062 1417 3130; x_wconf 82' lang='grc' dir='ltr'><strong>τῷ</strong></span> <span class='ocrx_word' id='word_1_360' title='bbox 1499 3055 1860 3134; x_wconf 68' lang='grc' dir='ltr'><strong>μοναστηρίῳ,</strong></span> 
     </span>
    </p>
   </div>
   <div class='ocr_carea' id='block_1_53' title="bbox 213 3143 1928 3234">
    <p class='ocr_par' dir='ltr' id='par_1_53' title="bbox 213 3143 1928 3234">
     <span class='ocr_line' id='line_1_53' title="bbox 213 3143 1928 3234; baseline -0.001 -34"><span class='ocrx_word' id='word_1_361' title='bbox 213 3147 299 3202; x_wconf 81' lang='grc' dir='ltr'><strong>καὶ</strong></span> <span class='ocrx_word' id='word_1_362' title='bbox 352 3143 679 3225; x_wconf 79' lang='grc' dir='ltr'><strong>παραϐαλὼν</strong></span> <span class='ocrx_word' id='word_1_363' title='bbox 709 3146 871 3225; x_wconf 88' lang='grc' dir='ltr'><strong>χάριν</strong></span> <span class='ocrx_word' id='word_1_364' title='bbox 923 3147 1233 3226; x_wconf 75' lang='grc' dir='ltr'><strong>προσευχῆς</strong></span> <span class='ocrx_word' id='word_1_365' title='bbox 1289 3151 1363 3218; x_wconf 81' lang='grc' dir='ltr'><strong>τῷ</strong></span> <span class='ocrx_word' id='word_1_366' title='bbox 1414 3149 1546 3218; x_wconf 79' lang='grc' dir='ltr'><strong>ναῷ,</strong></span> <span class='ocrx_word' id='word_1_367' title='bbox 1581 3143 1648 3202; x_wconf 80' lang='grc' dir='ltr'><em>τᾶ</em></span> <span class='ocrx_word' id='word_1_368' title='bbox 1697 3166 1755 3202; x_wconf 88' lang='grc' dir='ltr'><strong>τε</strong></span> <span class='ocrx_word' id='word_1_369' title='bbox 1813 3144 1928 3234; x_wconf 65' lang='lat' dir='ltr'><strong>Evc</strong></span> 
     </span>
    </p>
   </div>
   <div class='ocr_carea' id='block_1_54' title="bbox 217 3233 1870 3311">
    <p class='ocr_par' dir='ltr' id='par_1_54' title="bbox 217 3233 1870 3311">
     <span class='ocr_line' id='line_1_54' title="bbox 217 3233 1870 3311; baseline 0.001 -20"><span class='ocrx_word' id='word_1_370' title='bbox 217 3234 356 3311; x_wconf 78' lang='grc' dir='ltr'><strong>αὖτῷ</strong></span> <span class='ocrx_word' id='word_1_371' title='bbox 407 3236 583 3294; x_wconf 86' lang='grc' dir='ltr'><strong>πάντα</strong></span> <span class='ocrx_word' id='word_1_372' title='bbox 634 3234 972 3310; x_wconf 78' lang='grc' dir='ltr'><strong>τεθεαμένος,</strong></span> <span class='ocrx_word' id='word_1_373' title='bbox 1025 3233 1206 3311; x_wconf 83' lang='grc' dir='ltr'><strong>μέσων</strong></span> <span class='ocrx_word' id='word_1_374' title='bbox 1245 3240 1446 3293; x_wconf 81' lang='grc' dir='ltr'><strong>νυκτῶν</strong></span> <span class='ocrx_word' id='word_1_375' title='bbox 1504 3234 1590 3291; x_wconf 77' lang='grc' dir='ltr'><strong>ἐπὶ</strong></span> <span class='ocrx_word' id='word_1_376' title='bbox 1646 3236 1733 3291; x_wconf 78' lang='grc' dir='ltr'><strong>τὸν</strong></span> <span class='ocrx_word' id='word_1_377' title='bbox 1777 3245 1870 3295; x_wconf 80' lang='grc' dir='ltr'><strong>τοῦ</strong></span> 
     </span>
    </p>
   </div>
   <div class='ocr_carea' id='block_1_55' title="bbox 221 3323 1867 3406">
    <p class='ocr_par' dir='ltr' id='par_1_55' title="bbox 221 3323 1867 3406">
     <span class='ocr_line' id='line_1_55' title="bbox 221 3323 1867 3406; baseline -0.001 -24"><span class='ocrx_word' id='word_1_378' title='bbox 221 3326 362 3405; x_wconf 67' lang='grc' dir='ltr'><strong>ἁγίου</strong></span> <span class='ocrx_word' id='word_1_379' title='bbox 411 3327 578 3406; x_wconf 76' lang='grc' dir='ltr'><strong>τάφον</strong></span> <span class='ocrx_word' id='word_1_380' title='bbox 632 3323 888 3402; x_wconf 75' lang='grc' dir='ltr'><strong>παραδὺς,</strong></span> <span class='ocrx_word' id='word_1_381' title='bbox 929 3324 1027 3392; x_wconf 81' lang='grc' dir='ltr'><strong>τὴν</strong></span> <span class='ocrx_word' id='word_1_382' title='bbox 1071 3323 1435 3405; x_wconf 68' lang='grc' dir='ltr'><strong>ἐφεστηκλταν</strong></span> <span class='ocrx_word' id='word_1_383' title='bbox 1495 3325 1638 3400; x_wconf 81' lang='grc' dir='ltr'><strong>αύτῷ</strong></span> <span class='ocrx_word' id='word_1_384' title='bbox 1680 3324 1867 3405; x_wconf 81' lang='grc' dir='ltr'><strong>χώνην</strong></span> 
     </span>
    </p>
   </div>
   <div class='ocr_carea' id='block_1_56' title="bbox 224 3413 1863 3496">
    <p class='ocr_par' dir='ltr' id='par_1_56' title="bbox 224 3413 1863 3496">
     <span class='ocr_line' id='line_1_56' title="bbox 224 3413 1863 3496; baseline 0 -26"><span class='ocrx_word' id='word_1_385' title='bbox 224 3414 441 3496; x_wconf 71' lang='grc' dir='ltr'><strong>ἂργυρᾶν</strong></span> <span class='ocrx_word' id='word_1_386' title='bbox 495 3417 682 3490; x_wconf 76' lang='grc' dir='ltr'><strong>οὖσαν,</strong></span> <span class='ocrx_word' id='word_1_387' title='bbox 717 3415 902 3494; x_wconf 79' lang='grc' dir='ltr'><strong>χερσὶν</strong></span> <span class='ocrx_word' id='word_1_388' title='bbox 963 3415 1056 3472; x_wconf 79' lang='grc' dir='ltr'><strong>οὒκ</strong></span> <span class='ocrx_word' id='word_1_389' title='bbox 1113 3414 1377 3489; x_wconf 80' lang='grc' dir='ltr'><strong>ἀνίπτοις,</strong></span> <span class='ocrx_word' id='word_1_390' title='bbox 1426 3415 1487 3470; x_wconf 77' lang='grc' dir='ltr'><strong>τὸ</strong></span> <span class='ocrx_word' id='word_1_391' title='bbox 1544 3420 1636 3470; x_wconf 83' lang='grc' dir='ltr'><strong>τοῦ</strong></span> <span class='ocrx_word' id='word_1_392' title='bbox 1679 3413 1863 3492; x_wconf 71' lang='grc' dir='ltr'><strong>λόγου,</strong></span> 
     </span>
    </p>
   </div>
   <div class='ocr_carea' id='block_1_57' title="bbox 228 3501 1866 3585">
    <p class='ocr_par' dir='ltr' id='par_1_57' title="bbox 228 3501 1866 3585">
     <span class='ocr_line' id='line_1_57' title="bbox 228 3501 1866 3585; baseline -0.001 -23"><span class='ocrx_word' id='word_1_393' title='bbox 228 3505 408 3581; x_wconf 83' lang='grc' dir='ltr'><strong>μόνον,</strong></span> <span class='ocrx_word' id='word_1_394' title='bbox 468 3505 598 3562; x_wconf 71' lang='grc' dir='ltr'><strong>ἀλλὰ</strong></span> <span class='ocrx_word' id='word_1_395' title='bbox 657 3503 750 3562; x_wconf 76' lang='grc' dir='ltr'><strong>καὶ</strong></span> <span class='ocrx_word' id='word_1_396' title='bbox 805 3501 1056 3581; x_wconf 80' lang='grc' dir='ltr'><strong>βεϐήλοις</strong></span> <span class='ocrx_word' id='word_1_397' title='bbox 1113 3503 1356 3585; x_wconf 68' lang='grc' dir='ltr'><strong>ἀτεχ-δώς</strong></span> <span class='ocrx_word' id='word_1_398' title='bbox 1399 3503 1733 3584; x_wconf 73' lang='grc' dir='ltr'><strong>ὑφαιρεῖται,</strong></span> <span class='ocrx_word' id='word_1_399' title='bbox 1777 3507 1866 3560; x_wconf 77' lang='grc' dir='ltr'><strong>καὶ</strong></span> 
     </span>
    </p>
   </div>
   <div class='ocr_carea' id='block_1_58' title="bbox 223 3592 1860 3675">
    <p class='ocr_par' dir='ltr' id='par_1_58' title="bbox 223 3592 1860 3675">
     <span class='ocr_line' id='line_1_58' title="bbox 223 3592 1860 3675; baseline -0.001 -23"><span class='ocrx_word' id='word_1_400' title='bbox 223 3601 489 3675; x_wconf 79' lang='grc' dir='ltr'><strong>νοκτερινῆ</strong></span> <span class='ocrx_word' id='word_1_401' title='bbox 551 3593 716 3670; x_wconf 76' lang='grc' dir='ltr'><strong>ἐξόδῳ</strong></span> <span class='ocrx_word' id='word_1_402' title='bbox 773 3597 860 3650; x_wconf 81' lang='grc' dir='ltr'><strong>καὶ</strong></span> <span class='ocrx_word' id='word_1_403' title='bbox 930 3593 1138 3668; x_wconf 79' lang='grc' dir='ltr'><strong>ἀθεάτῳ</strong></span> <span class='ocrx_word' id='word_1_404' title='bbox 1193 3593 1414 3650; x_wconf 77' lang='grc' dir='ltr'><strong>κλέπτει</strong></span> <span class='ocrx_word' id='word_1_405' title='bbox 1475 3592 1574 3660; x_wconf 76' lang='grc' dir='ltr'><strong>τὴν</strong></span> <span class='ocrx_word' id='word_1_406' title='bbox 1635 3595 1860 3673; x_wconf 66' lang='grc' dir='ltr'><strong>ἀναιχὸ-</strong></span> 
     </span>
    </p>
   </div>
   <div class='ocr_carea' id='block_1_59' title="bbox 218 3681 1860 3763">
    <p class='ocr_par' dir='ltr' id='par_1_59' title="bbox 218 3681 1860 3763">
     <span class='ocr_line' id='line_1_59' title="bbox 218 3681 1860 3763; baseline -0.005 -19"><span class='ocrx_word' id='word_1_407' title='bbox 218 3707 388 3763; x_wconf 83' lang='grc' dir='ltr'><strong>ρησιν,</strong></span> <span class='ocrx_word' id='word_1_408' title='bbox 453 3687 569 3745; x_wconf 79' lang='grc' dir='ltr'><strong>Τῶν</strong></span> <span class='ocrx_word' id='word_1_409' title='bbox 628 3685 728 3760; x_wconf 78' lang='grc' dir='ltr'><strong>μὲν</strong></span> <span class='ocrx_word' id='word_1_410' title='bbox 798 3683 887 3740; x_wconf 82' lang='grc' dir='ltr'><strong>οὖν</strong></span> <span class='ocrx_word' id='word_1_411' title='bbox 946 3687 1000 3738; x_wconf 82' lang='grc' dir='ltr'><strong>ἑν</strong></span> <span class='ocrx_word' id='word_1_412' title='bbox 1058 3689 1136 3739; x_wconf 85' lang='grc' dir='ltr'><strong>τῶ</strong></span> <span class='ocrx_word' id='word_1_413' title='bbox 1208 3681 1552 3760; x_wconf 86' lang='grc' dir='ltr'><strong>μοναστηρίῳ</strong></span> <span class='ocrx_word' id='word_1_414' title='bbox 1621 3682 1860 3756; x_wconf 83' lang='grc' dir='ltr'><strong>πάντων,</strong></span> 
     </span>
    </p>
   </div>
   <div class='ocr_carea' id='block_1_60' title="bbox 216 3770 1865 3854">
    <p class='ocr_par' dir='ltr' id='par_1_60' title="bbox 216 3770 1865 3854">
     <span class='ocr_line' id='line_1_60' title="bbox 216 3770 1865 3854; baseline -0.002 -22"><span class='ocrx_word' id='word_1_415' title='bbox 216 3774 446 3854; x_wconf 58' lang='grc' dir='ltr'><strong>ἐφώρασε</strong></span> <span class='ocrx_word' id='word_1_416' title='bbox 479 3777 572 3833; x_wconf 79' lang='grc' dir='ltr'><strong>τὸν</strong></span> <span class='ocrx_word' id='word_1_417' title='bbox 615 3773 772 3832; x_wconf 84' lang='grc' dir='ltr'><strong>δόλον</strong></span> <span class='ocrx_word' id='word_1_418' title='bbox 816 3770 1007 3836; x_wconf 70' lang='grc' dir='ltr'><strong>οὐδείς’</strong></span> <span class='ocrx_word' id='word_1_419' title='bbox 1054 3771 1174 3829; x_wconf 82' lang='grc' dir='ltr'><strong>ἀλλ’</strong></span> <span class='ocrx_word' id='word_1_420' title='bbox 1219 3772 1286 3840; x_wconf 72' lang='grc' dir='ltr'><strong>ἦν</strong></span> <span class='ocrx_word' id='word_1_421' title='bbox 1329 3770 1531 3839; x_wconf 79' lang='grc' dir='ltr'><strong>ἅκηλον</strong></span> <span class='ocrx_word' id='word_1_422' title='bbox 1575 3771 1760 3838; x_wconf 74' lang='grc' dir='ltr'><strong>αὖτοῦς</strong></span> <span class='ocrx_word' id='word_1_423' title='bbox 1804 3773 1865 3828; x_wconf 77' lang='grc' dir='ltr'><strong>τὸ</strong></span> 
     </span>
    </p>
   </div>
   <div class='ocr_carea' id='block_1_61' title="bbox 215 3860 1866 3944">
    <p class='ocr_par' dir='ltr' id='par_1_61' title="bbox 215 3860 1866 3944">
     <span class='ocr_line' id='line_1_61' title="bbox 215 3860 1866 3944; baseline -0.001 -24"><span class='ocrx_word' id='word_1_424' title='bbox 215 3865 597 3944; x_wconf 73' lang='grc' dir='ltr'><strong>γεγενημένον.</strong></span> <span class='ocrx_word' id='word_1_425' title='bbox 683 3863 890 3921; x_wconf 70' lang='grc' dir='ltr'><strong>⁸Εωθεν</strong></span> <span class='ocrx_word' id='word_1_426' title='bbox 974 3861 1029 3918; x_wconf 78' lang='grc' dir='ltr'><strong>δὲ</strong></span> <span class='ocrx_word' id='word_1_427' title='bbox 1091 3865 1118 3919; x_wconf 82' lang='grc' dir='ltr'><strong>ὁ</strong></span> <span class='ocrx_word' id='word_1_428' title='bbox 1201 3868 1278 3919; x_wconf 81' lang='grc' dir='ltr'><strong>τῶ</strong></span> <span class='ocrx_word' id='word_1_429' title='bbox 1348 3860 1549 3918; x_wconf 83' lang='grc' dir='ltr'><strong>πυλῶνι</strong></span> <span class='ocrx_word' id='word_1_430' title='bbox 1633 3861 1866 3940; x_wconf 77' lang='grc' dir='ltr'><strong>ἐφεστὼς</strong></span> 
     </span>
    </p>
   </div>
   <div class='ocr_carea' id='block_1_62' title="bbox 216 3951 1868 4033">
    <p class='ocr_par' dir='ltr' id='par_1_62' title="bbox 216 3951 1868 4033">
     <span class='ocr_line' id='line_1_62' title="bbox 216 3951 1868 4033; baseline -0.002 -22"><span class='ocrx_word' id='word_1_431' title='bbox 216 3957 536 4033; x_wconf 77' lang='grc' dir='ltr'><strong>Προκόπιος,</strong></span> <span class='ocrx_word' id='word_1_432' title='bbox 597 3955 656 4018; x_wconf 87' lang='grc' dir='ltr'><strong>ὃς</strong></span> <span class='ocrx_word' id='word_1_433' title='bbox 715 3953 803 4011; x_wconf 80' lang='grc' dir='ltr'><strong>καὶ</strong></span> <span class='ocrx_word' id='word_1_434' title='bbox 860 3952 1104 4030; x_wconf 82' lang='grc' dir='ltr'><strong>μεγάλης</strong></span> <span class='ocrx_word' id='word_1_435' title='bbox 1165 3951 1325 4032; x_wconf 75' lang='grc' dir='ltr'><strong>ἔτυχε</strong></span> <span class='ocrx_word' id='word_1_436' title='bbox 1378 3952 1519 4030; x_wconf 83' lang='grc' dir='ltr'><strong>παρὰ</strong></span> <span class='ocrx_word' id='word_1_437' title='bbox 1585 3953 1664 4008; x_wconf 81' lang='grc' dir='ltr'><strong>τῶ</strong></span> <span class='ocrx_word' id='word_1_438' title='bbox 1734 3952 1868 4030; x_wconf 81' lang='grc' dir='ltr'><strong>ἁγίῳ</strong></span> 
     </span>
    </p>
   </div>
   <div class='ocr_carea' id='block_1_63' title="bbox 216 4043 1865 4126">
    <p class='ocr_par' dir='ltr' id='par_1_63' title="bbox 216 4043 1865 4126">
     <span class='ocr_line' id='line_1_63' title="bbox 216 4043 1865 4126; baseline -0.001 -24"><span class='ocrx_word' id='word_1_439' title='bbox 216 4047 467 4126; x_wconf 80' lang='grc' dir='ltr'><strong>πρότερον</strong></span> <span class='ocrx_word' id='word_1_440' title='bbox 553 4043 860 4109; x_wconf 69' lang='grc' dir='ltr'><strong>ἀπολαύσας</strong></span> <span class='ocrx_word' id='word_1_441' title='bbox 944 4044 1042 4111; x_wconf 76' lang='grc' dir='ltr'><strong>τῆς</strong></span> <span class='ocrx_word' id='word_1_442' title='bbox 1123 4044 1446 4122; x_wconf 71' lang='grc' dir='ltr'><strong>θεραπείας,</strong></span> <span class='ocrx_word' id='word_1_443' title='bbox 1520 4043 1685 4122; x_wconf 82' lang='grc' dir='ltr'><strong>μικρᾶ</strong></span> <span class='ocrx_word' id='word_1_444' title='bbox 1767 4048 1865 4112; x_wconf 79' lang='grc' dir='ltr'><strong>τῆς</strong></span> 
     </span>
    </p>
   </div>
   <div class='ocr_carea' id='block_1_64' title="bbox 215 4131 1866 4212">
    <p class='ocr_par' dir='ltr' id='par_1_64' title="bbox 215 4131 1866 4212">
     <span class='ocr_line' id='line_1_64' title="bbox 215 4131 1866 4212; baseline -0.001 -21"><span class='ocrx_word' id='word_1_445' title='bbox 215 4135 418 4194; x_wconf 69' lang='grc' dir='ltr'><strong>εἰσόδου</strong></span> <span class='ocrx_word' id='word_1_446' title='bbox 487 4133 785 4212; x_wconf 87' lang='grc' dir='ltr'><strong>προελθὼν,</strong></span> <span class='ocrx_word' id='word_1_447' title='bbox 875 4134 1105 4210; x_wconf 76' lang='grc' dir='ltr'><strong>εὑρίσκει</strong></span> <span class='ocrx_word' id='word_1_448' title='bbox 1188 4134 1279 4190; x_wconf 81' lang='grc' dir='ltr'><strong>τόν</strong></span> <span class='ocrx_word' id='word_1_449' title='bbox 1349 4131 1551 4199; x_wconf 79' lang='grc' dir='ltr'><strong>ξενικὸν</strong></span> <span class='ocrx_word' id='word_1_450' title='bbox 1638 4132 1705 4212; x_wconf 82' lang='grc' dir='ltr'><strong>(ὣ</strong></span> <span class='ocrx_word' id='word_1_451' title='bbox 1773 4140 1866 4190; x_wconf 85' lang='grc' dir='ltr'><strong>τοῦ</strong></span> 
     </span>
    </p>
   </div>
   <div class='ocr_carea' id='block_1_65' title="bbox 213 4221 1865 4304">
    <p class='ocr_par' dir='ltr' id='par_1_65' title="bbox 213 4221 1865 4304">
     <span class='ocr_line' id='line_1_65' title="bbox 213 4221 1865 4304; baseline -0.004 -21"><span class='ocrx_word' id='word_1_452' title='bbox 213 4228 478 4303; x_wconf 82' lang='grc' dir='ltr'><strong>θαύματος</strong></span> <span class='ocrx_word' id='word_1_453' title='bbox 513 4223 557 4304; x_wconf 75' lang='grc' dir='ltr'><strong>Ξ)</strong></span> <span class='ocrx_word' id='word_1_454' title='bbox 603 4225 802 4302; x_wconf 87' lang='grc' dir='ltr'><strong>τρόπον</strong></span> <span class='ocrx_word' id='word_1_455' title='bbox 832 4223 951 4280; x_wconf 80' lang='grc' dir='ltr'><strong>τινὰ</strong></span> <span class='ocrx_word' id='word_1_456' title='bbox 1006 4225 1108 4303; x_wconf 81' lang='grc' dir='ltr'><strong>πρὸ</strong></span> <span class='ocrx_word' id='word_1_457' title='bbox 1139 4233 1232 4284; x_wconf 82' lang='grc' dir='ltr'><strong>τοῦ</strong></span> <span class='ocrx_word' id='word_1_458' title='bbox 1287 4221 1645 4300; x_wconf 83' lang='grc' dir='ltr'><strong>μοναστηρίου</strong></span> <span class='ocrx_word' id='word_1_459' title='bbox 1697 4221 1865 4289; x_wconf 76' lang='grc' dir='ltr'><strong>ἐστη-</strong></span> 
     </span>
    </p>
   </div>
   <div class='ocr_carea' id='block_1_66' title="bbox 212 4310 1866 4394">
    <p class='ocr_par' dir='ltr' id='par_1_66' title="bbox 212 4310 1866 4394">
     <span class='ocr_line' id='line_1_66' title="bbox 212 4310 1866 4394; baseline -0.004 -22"><span class='ocrx_word' id='word_1_460' title='bbox 212 4313 479 4393; x_wconf 81' lang='grc' dir='ltr'><strong>λωμὲνον,</strong></span> <span class='ocrx_word' id='word_1_461' title='bbox 539 4313 874 4394; x_wconf 81' lang='grc' dir='ltr'><strong>’Δμηχανῶν</strong></span> <span class='ocrx_word' id='word_1_462' title='bbox 918 4313 1089 4370; x_wconf 85' lang='grc' dir='ltr'><strong>τοίνυν</strong></span> <span class='ocrx_word' id='word_1_463' title='bbox 1151 4312 1386 4387; x_wconf 73' lang='grc' dir='ltr'><strong>ἐκεῖνος,</strong></span> <span class='ocrx_word' id='word_1_464' title='bbox 1438 4315 1526 4369; x_wconf 79' lang='grc' dir='ltr'><strong>καὶ</strong></span> <span class='ocrx_word' id='word_1_465' title='bbox 1583 4311 1680 4368; x_wconf 64' lang='grc' dir='ltr'><strong>οὖσι⁹</strong></span> <span class='ocrx_word' id='word_1_466' title='bbox 1722 4310 1866 4390; x_wconf 78' lang='grc' dir='ltr'><strong>ἔχων</strong></span> 
     </span>
    </p>
   </div>
   <div class='ocr_carea' id='block_1_67' title="bbox 213 4398 1866 4484">
    <p class='ocr_par' dir='ltr' id='par_1_67' title="bbox 213 4398 1866 4484">
     <span class='ocr_line' id='line_1_67' title="bbox 213 4398 1866 4484; baseline -0.004 -23"><span class='ocrx_word' id='word_1_467' title='bbox 213 4403 240 4461; x_wconf 76' lang='grc'><strong>8</strong></span> <span class='ocrx_word' id='word_1_468' title='bbox 289 4429 340 4463; x_wconf 87' lang='grc' dir='ltr'><strong>τι</strong></span> <span class='ocrx_word' id='word_1_469' title='bbox 385 4406 475 4463; x_wconf 82' lang='grc' dir='ltr'><strong>καὶ</strong></span> <span class='ocrx_word' id='word_1_470' title='bbox 529 4402 788 4484; x_wconf 81' lang='grc' dir='ltr'><strong>δράσειεν,</strong></span> <span class='ocrx_word' id='word_1_471' title='bbox 823 4401 1146 4460; x_wconf 83' lang='grc' dir='ltr'><strong>ἐκκαλύπτει</strong></span> <span class='ocrx_word' id='word_1_472' title='bbox 1204 4408 1280 4458; x_wconf 82' lang='grc' dir='ltr'><strong>τῶ</strong></span> <span class='ocrx_word' id='word_1_473' title='bbox 1313 4403 1530 4480; x_wconf 82' lang='grc' dir='ltr'><strong>θυρωρῶ</strong></span> <span class='ocrx_word' id='word_1_474' title='bbox 1589 4401 1649 4456; x_wconf 77' lang='grc' dir='ltr'><strong>τὸ</strong></span> <span class='ocrx_word' id='word_1_475' title='bbox 1693 4398 1866 4478; x_wconf 79' lang='grc' dir='ltr'><strong>ἀπορο</strong></span> 
     </span>
    </p>
   </div>
   <div class='ocr_carea' id='block_1_68' title="bbox 2031 2245 3597 2330">
    <p class='ocr_par' dir='ltr' id='par_1_68' title="bbox 2031 2245 3597 2330">
     <span class='ocr_line' id='line_1_68' title="bbox 2031 2245 3597 2330; baseline 0.003 -20"><span class='ocrx_word' id='word_1_476' title='bbox 2031 2245 2275 2310; x_wconf 88' lang='lat' dir='ltr'><strong>CLVIIl.</strong></span> <span class='ocrx_word' id='word_1_477' title='bbox 2303 2250 2488 2312; x_wconf 90' lang='lat' dir='ltr'><strong>Porro</strong></span> <span class='ocrx_word' id='word_1_478' title='bbox 2521 2248 2607 2311; x_wconf 90' lang='lat' dir='ltr'><strong>illi</strong></span> <span class='ocrx_word' id='word_1_479' title='bbox 2637 2249 2735 2311; x_wconf 89' lang='lat' dir='ltr'><strong>ubi</strong></span> <span class='ocrx_word' id='word_1_480' title='bbox 2763 2259 2903 2312; x_wconf 90' lang='lat' dir='ltr'><strong>tunc</strong></span> <span class='ocrx_word' id='word_1_481' title='bbox 2933 2251 3090 2330; x_wconf 90' lang='lat' dir='ltr'><strong>apud</strong></span> <span class='ocrx_word' id='word_1_482' title='bbox 3116 2270 3226 2314; x_wconf 91' lang='lat' dir='ltr'><strong>nos</strong></span> <span class='ocrx_word' id='word_1_483' title='bbox 3251 2252 3411 2314; x_wconf 89' lang='lat' dir='ltr'><strong>diem</strong></span> <span class='ocrx_word' id='word_1_484' title='bbox 3439 2261 3597 2316; x_wconf 86' lang='lat' dir='ltr'><strong>tran-</strong></span> 
     </span>
    </p>
   </div>
   <div class='ocr_carea' id='block_1_69' title="bbox 1950 2337 3596 2422">
    <p class='ocr_par' dir='ltr' id='par_1_69' title="bbox 1950 2337 3596 2422">
     <span class='ocr_line' id='line_1_69' title="bbox 1950 2337 3596 2422; baseline 0.004 -24"><span class='ocrx_word' id='word_1_485' title='bbox 1950 2337 2267 2417; x_wconf 79' lang='lat' dir='ltr'><strong>segisseut,</strong></span> <span class='ocrx_word' id='word_1_486' title='bbox 2302 2348 2366 2400; x_wconf 87' lang='lat' dir='ltr'><strong>ut</strong></span> <span class='ocrx_word' id='word_1_487' title='bbox 2389 2338 2666 2400; x_wconf 64' lang='lat' dir='ltr'><strong>viderunt</strong></span> <span class='ocrx_word' id='word_1_488' title='bbox 2696 2340 3000 2422; x_wconf 78' lang='lat' dir='ltr'><strong>Cyriacum</strong></span> <span class='ocrx_word' id='word_1_489' title='bbox 3047 2341 3138 2402; x_wconf 68' lang='lat' dir='ltr'><strong>vel</strong></span> <span class='ocrx_word' id='word_1_490' title='bbox 3189 2345 3348 2406; x_wconf 90' lang='lat' dir='ltr'><strong>tenui</strong></span> <span class='ocrx_word' id='word_1_491' title='bbox 3381 2351 3442 2404; x_wconf 90' lang='lat' dir='ltr'><strong>et</strong></span> <span class='ocrx_word' id='word_1_492' title='bbox 3474 2343 3596 2405; x_wconf 81' lang='lat' dir='ltr'><strong>im—</strong></span> 
     </span>
    </p>
   </div>
   <div class='ocr_carea' id='block_1_70' title="bbox 1955 2425 3595 2509">
    <p class='ocr_par' dir='ltr' id='par_1_70' title="bbox 1955 2425 3595 2509">
     <span class='ocr_line' id='line_1_70' title="bbox 1955 2425 3595 2509; baseline 0.005 -21"><span class='ocrx_word' id='word_1_493' title='bbox 1955 2425 2170 2488; x_wconf 88' lang='lat' dir='ltr'><strong>becilla</strong></span> <span class='ocrx_word' id='word_1_494' title='bbox 2197 2446 2306 2507; x_wconf 90' lang='lat' dir='ltr'><strong>spe</strong></span> <span class='ocrx_word' id='word_1_495' title='bbox 2356 2428 2489 2490; x_wconf 63' lang='lat' dir='ltr'><strong>vita;</strong></span> <span class='ocrx_word' id='word_1_496' title='bbox 2541 2447 2674 2491; x_wconf 89' lang='lat' dir='ltr'><strong>esse</strong></span> <span class='ocrx_word' id='word_1_497' title='bbox 2707 2429 3022 2509; x_wconf 89' lang='lat' dir='ltr'><strong>privatum,</strong></span> <span class='ocrx_word' id='word_1_498' title='bbox 3089 2439 3146 2492; x_wconf 93' lang='lat' dir='ltr'><strong>et</strong></span> <span class='ocrx_word' id='word_1_499' title='bbox 3203 2433 3277 2494; x_wconf 86' lang='lat' dir='ltr'><strong>ad</strong></span> <span class='ocrx_word' id='word_1_500' title='bbox 3339 2441 3595 2498; x_wconf 89' lang='lat' dir='ltr'><strong>mortem</strong></span> 
     </span>
    </p>
   </div>
   <div class='ocr_carea' id='block_1_71' title="bbox 1951 2516 3595 2598">
    <p class='ocr_par' dir='ltr' id='par_1_71' title="bbox 1951 2516 3595 2598">
     <span class='ocr_line' id='line_1_71' title="bbox 1951 2516 3595 2598; baseline 0.006 -23"><span class='ocrx_word' id='word_1_501' title='bbox 1951 2523 2264 2594; x_wconf 87' lang='lat' dir='ltr'><strong>spectare;</strong></span> <span class='ocrx_word' id='word_1_502' title='bbox 2327 2516 2487 2598; x_wconf 90' lang='lat' dir='ltr'><strong>quod</strong></span> <span class='ocrx_word' id='word_1_503' title='bbox 2547 2526 2757 2580; x_wconf 89' lang='lat' dir='ltr'><strong>venter</strong></span> <span class='ocrx_word' id='word_1_504' title='bbox 2809 2520 2860 2581; x_wconf 91' lang='lat' dir='ltr'><strong>ei</strong></span> <span class='ocrx_word' id='word_1_505' title='bbox 2919 2519 3290 2597; x_wconf 85' lang='lat' dir='ltr'><strong>deﬂuxisset,</strong></span> <span class='ocrx_word' id='word_1_506' title='bbox 3328 2532 3390 2584; x_wconf 87' lang='lat' dir='ltr'><strong>et</strong></span> <span class='ocrx_word' id='word_1_507' title='bbox 3419 2540 3487 2584; x_wconf 88' lang='lat' dir='ltr'><strong>os</strong></span> <span class='ocrx_word' id='word_1_508' title='bbox 3517 2541 3595 2585; x_wconf 91' lang='lat' dir='ltr'><strong>ne</strong></span> 
     </span>
    </p>
   </div>
   <div class='ocr_carea' id='block_1_72' title="bbox 1953 2604 3589 2692">
    <p class='ocr_par' dir='ltr' id='par_1_72' title="bbox 1953 2604 3589 2692">
     <span class='ocr_line' id='line_1_72' title="bbox 1953 2604 3589 2692; baseline 0.006 -28"><span class='ocrx_word' id='word_1_509' title='bbox 1953 2604 2246 2666; x_wconf 86' lang='lat' dir='ltr'><strong>tantillum</strong></span> <span class='ocrx_word' id='word_1_510' title='bbox 2300 2605 2546 2684; x_wconf 88' lang='lat' dir='ltr'><strong>quidem</strong></span> <span class='ocrx_word' id='word_1_511' title='bbox 2619 2617 2820 2687; x_wconf 70' lang='lat' dir='ltr'><strong>posset</strong></span> <span class='ocrx_word' id='word_1_512' title='bbox 2873 2612 3156 2671; x_wconf 75' lang='lat' dir='ltr'><strong>vomitum</strong></span> <span class='ocrx_word' id='word_1_513' title='bbox 3209 2610 3589 2692; x_wconf 86' lang='lat' dir='ltr'><strong>reprimere;</strong></span> 
     </span>
    </p>
   </div>
   <div class='ocr_carea' id='block_1_73' title="bbox 1948 2694 3591 2778">
    <p class='ocr_par' dir='ltr' id='par_1_73' title="bbox 1948 2694 3591 2778">
     <span class='ocr_line' id='line_1_73' title="bbox 1948 2694 3591 2778; baseline 0.006 -24"><span class='ocrx_word' id='word_1_514' title='bbox 1948 2712 2085 2755; x_wconf 90' lang='lat' dir='ltr'><strong>cum</strong></span> <span class='ocrx_word' id='word_1_515' title='bbox 2123 2695 2357 2770; x_wconf 90' lang='lat' dir='ltr'><strong>tollunt,</strong></span> <span class='ocrx_word' id='word_1_516' title='bbox 2389 2694 2754 2778; x_wconf 89' lang='lat' dir='ltr'><strong>domumque</strong></span> <span class='ocrx_word' id='word_1_517' title='bbox 2799 2716 3008 2760; x_wconf 83' lang='lat' dir='ltr'><strong>rursus</strong></span> <span class='ocrx_word' id='word_1_518' title='bbox 3036 2699 3330 2762; x_wconf 89' lang='lat' dir='ltr'><strong>referunt.</strong></span> <span class='ocrx_word' id='word_1_519' title='bbox 3366 2702 3418 2764; x_wconf 90' lang='lat' dir='ltr'><strong>ls</strong></span> <span class='ocrx_word' id='word_1_520' title='bbox 3452 2719 3591 2764; x_wconf 91' lang='lat' dir='ltr'><strong>vero</strong></span> 
     </span>
    </p>
   </div>
   <div class='ocr_carea' id='block_1_74' title="bbox 1947 2784 3588 2871">
    <p class='ocr_par' dir='ltr' id='par_1_74' title="bbox 1947 2784 3588 2871">
     <span class='ocr_line' id='line_1_74' title="bbox 1947 2784 3588 2871; baseline 0.005 -26"><span class='ocrx_word' id='word_1_521' title='bbox 1947 2801 2081 2845; x_wconf 88' lang='lat' dir='ltr'><strong>cum</strong></span> <span class='ocrx_word' id='word_1_522' title='bbox 2107 2784 2207 2848; x_wconf 90' lang='lat' dir='ltr'><strong>illa</strong></span> <span class='ocrx_word' id='word_1_523' title='bbox 2233 2785 2323 2848; x_wconf 85' lang='lat' dir='ltr'><strong>vix</strong></span> <span class='ocrx_word' id='word_1_524' title='bbox 2351 2794 2521 2849; x_wconf 91' lang='lat' dir='ltr'><strong>nocte</strong></span> <span class='ocrx_word' id='word_1_525' title='bbox 2547 2785 2810 2864; x_wconf 83' lang='lat' dir='ltr'><strong>vixisset,</strong></span> <span class='ocrx_word' id='word_1_526' title='bbox 2845 2797 3116 2853; x_wconf 89' lang='lat' dir='ltr'><strong>mortuus</strong></span> <span class='ocrx_word' id='word_1_527' title='bbox 3147 2800 3240 2852; x_wconf 80' lang='lat' dir='ltr'><strong>est</strong></span> <span class='ocrx_word' id='word_1_528' title='bbox 3271 2791 3588 2871; x_wconf 84' lang='lat' dir='ltr'><strong>postridie.</strong></span> 
     </span>
    </p>
   </div>
   <div class='ocr_carea' id='block_1_75' title="bbox 2027 2963 3592 3051">
    <p class='ocr_par' dir='ltr' id='par_1_75' title="bbox 2027 2963 3592 3051">
     <span class='ocr_line' id='line_1_75' title="bbox 2027 2963 3592 3051; baseline 0.004 -25"><span class='ocrx_word' id='word_1_529' title='bbox 2027 2963 2219 3026; x_wconf 83' lang='lat' dir='ltr'><strong>CLIX.</strong></span> <span class='ocrx_word' id='word_1_530' title='bbox 2267 2964 2374 3027; x_wconf 90' lang='lat' dir='ltr'><strong>Illo</strong></span> <span class='ocrx_word' id='word_1_531' title='bbox 2424 2973 2618 3030; x_wconf 90' lang='lat' dir='ltr'><strong>autem</strong></span> <span class='ocrx_word' id='word_1_532' title='bbox 2682 2977 2952 3051; x_wconf 91' lang='lat' dir='ltr'><strong>tempore</strong></span> <span class='ocrx_word' id='word_1_533' title='bbox 3009 2977 3295 3031; x_wconf 88' lang='lat' dir='ltr'><strong>externus</strong></span> <span class='ocrx_word' id='word_1_534' title='bbox 3349 2988 3592 3051; x_wconf 88' lang='lat' dir='ltr'><strong>quoque</strong></span> 
     </span>
    </p>
   </div>
   <div class='ocr_carea' id='block_1_76' title="bbox 1949 3053 3591 3138">
    <p class='ocr_par' dir='ltr' id='par_1_76' title="bbox 1949 3053 3591 3138">
     <span class='ocr_line' id='line_1_76' title="bbox 1949 3053 3591 3138; baseline 0.005 -24"><span class='ocrx_word' id='word_1_535' title='bbox 1949 3053 2188 3134; x_wconf 90' lang='lat' dir='ltr'><strong>quidam</strong></span> <span class='ocrx_word' id='word_1_536' title='bbox 2224 3057 2376 3118; x_wconf 92' lang='lat' dir='ltr'><strong>alius</strong></span> <span class='ocrx_word' id='word_1_537' title='bbox 2409 3059 2786 3137; x_wconf 82' lang='lat' dir='ltr'><strong>peregrinus,</strong></span> <span class='ocrx_word' id='word_1_538' title='bbox 2840 3058 2900 3119; x_wconf 91' lang='lat' dir='ltr'><strong>in</strong></span> <span class='ocrx_word' id='word_1_539' title='bbox 2937 3061 3298 3122; x_wconf 89' lang='lat' dir='ltr'><strong>monasterio</strong></span> <span class='ocrx_word' id='word_1_540' title='bbox 3330 3059 3591 3138; x_wconf 68' lang='lat' dir='ltr'><strong>liOSfiliO</strong></span> 
     </span>
    </p>
   </div>
   <div class='ocr_carea' id='block_1_77' title="bbox 1950 3147 3591 3230">
    <p class='ocr_par' dir='ltr' id='par_1_77' title="bbox 1950 3147 3591 3230">
     <span class='ocr_line' id='line_1_77' title="bbox 1950 3147 3591 3230; baseline 0.004 -24"><span class='ocrx_word' id='word_1_541' title='bbox 1950 3157 2260 3225; x_wconf 80' lang='lat' dir='ltr'><strong>acceptus,</strong></span> <span class='ocrx_word' id='word_1_542' title='bbox 2294 3156 2352 3207; x_wconf 91' lang='lat' dir='ltr'><strong>et</strong></span> <span class='ocrx_word' id='word_1_543' title='bbox 2386 3147 2672 3226; x_wconf 81' lang='lat' dir='ltr'><strong>precandi</strong></span> <span class='ocrx_word' id='word_1_544' title='bbox 2702 3148 2895 3228; x_wconf 77' lang='lat' dir='ltr'><strong>gratia</strong></span> <span class='ocrx_word' id='word_1_545' title='bbox 2925 3148 2986 3211; x_wconf 91' lang='lat' dir='ltr'><strong>in</strong></span> <span class='ocrx_word' id='word_1_546' title='bbox 3022 3148 3312 3229; x_wconf 86' lang='lat' dir='ltr'><strong>templum</strong></span> <span class='ocrx_word' id='word_1_547' title='bbox 3349 3150 3591 3230; x_wconf 90' lang='lat' dir='ltr'><strong>profec-</strong></span> 
     </span>
    </p>
   </div>
   <div class='ocr_carea' id='block_1_78' title="bbox 1951 3236 3589 3318">
    <p class='ocr_par' dir='ltr' id='par_1_78' title="bbox 1951 3236 3589 3318">
     <span class='ocr_line' id='line_1_78' title="bbox 1951 3236 3589 3318; baseline 0.005 -24"><span class='ocrx_word' id='word_1_548' title='bbox 1951 3242 2068 3315; x_wconf 86' lang='lat' dir='ltr'><strong>tus,</strong></span> <span class='ocrx_word' id='word_1_549' title='bbox 2122 3253 2256 3296; x_wconf 91' lang='lat' dir='ltr'><strong>cum</strong></span> <span class='ocrx_word' id='word_1_550' title='bbox 2303 3255 2438 3313; x_wconf 75' lang='lat' dir='ltr'><strong>quae</strong></span> <span class='ocrx_word' id='word_1_551' title='bbox 2490 3236 2548 3298; x_wconf 91' lang='lat' dir='ltr'><strong>in</strong></span> <span class='ocrx_word' id='word_1_552' title='bbox 2602 3256 2672 3300; x_wconf 92' lang='lat' dir='ltr'><strong>eo</strong></span> <span class='ocrx_word' id='word_1_553' title='bbox 2706 3247 2877 3300; x_wconf 89' lang='lat' dir='ltr'><strong>erant</strong></span> <span class='ocrx_word' id='word_1_554' title='bbox 2909 3237 3110 3300; x_wconf 90' lang='lat' dir='ltr'><strong>omnia</strong></span> <span class='ocrx_word' id='word_1_555' title='bbox 3149 3239 3589 3318; x_wconf 85' lang='lat' dir='ltr'><strong>contemplatus</strong></span> 
     </span>
    </p>
   </div>
   <div class='ocr_carea' id='block_1_79' title="bbox 1952 3324 3591 3406">
    <p class='ocr_par' dir='ltr' id='par_1_79' title="bbox 1952 3324 3591 3406">
     <span class='ocr_line' id='line_1_79' title="bbox 1952 3324 3591 3406; baseline 0.003 -21"><span class='ocrx_word' id='word_1_556' title='bbox 1952 3331 2135 3397; x_wconf 86' lang='lat' dir='ltr'><strong>esset,</strong></span> <span class='ocrx_word' id='word_1_557' title='bbox 2170 3324 2363 3386; x_wconf 86' lang='lat' dir='ltr'><strong>media</strong></span> <span class='ocrx_word' id='word_1_558' title='bbox 2396 3334 2570 3387; x_wconf 82' lang='lat' dir='ltr'><strong>nocte</strong></span> <span class='ocrx_word' id='word_1_559' title='bbox 2601 3328 2947 3406; x_wconf 88' lang='lat' dir='ltr'><strong>sepulcrum</strong></span> <span class='ocrx_word' id='word_1_560' title='bbox 2999 3327 3188 3388; x_wconf 89' lang='lat' dir='ltr'><strong>sancti</strong></span> <span class='ocrx_word' id='word_1_561' title='bbox 3241 3327 3447 3402; x_wconf 90' lang='lat' dir='ltr'><strong>subiit,</strong></span> <span class='ocrx_word' id='word_1_562' title='bbox 3484 3348 3591 3390; x_wconf 90' lang='lat' dir='ltr'><strong>ur-</strong></span> 
     </span>
    </p>
   </div>
   <div class='ocr_carea' id='block_1_80' title="bbox 1951 3417 3591 3498">
    <p class='ocr_par' dir='ltr' id='par_1_80' title="bbox 1951 3417 3591 3498">
     <span class='ocr_line' id='line_1_80' title="bbox 1951 3417 3591 3498; baseline 0.004 -25"><span class='ocrx_word' id='word_1_563' title='bbox 1951 3431 2208 3494; x_wconf 84' lang='lat' dir='ltr'><strong>namque</strong></span> <span class='ocrx_word' id='word_1_564' title='bbox 2237 3424 2579 3494; x_wconf 79' lang='lat' dir='ltr'><strong>argenteam</strong></span> <span class='ocrx_word' id='word_1_565' title='bbox 2617 3417 2740 3498; x_wconf 82' lang='grc'><strong>(94)</strong></span> <span class='ocrx_word' id='word_1_566' title='bbox 2777 3417 2862 3478; x_wconf 92' lang='lat' dir='ltr'><strong>illi</strong></span> <span class='ocrx_word' id='word_1_567' title='bbox 2897 3417 3257 3496; x_wconf 87' lang='lat' dir='ltr'><strong>impositam,</strong></span> <span class='ocrx_word' id='word_1_568' title='bbox 3313 3419 3591 3480; x_wconf 86' lang='lat' dir='ltr'><strong>manibus</strong></span> 
     </span>
    </p>
   </div>
   <div class='ocr_carea' id='block_1_81' title="bbox 1950 3504 3592 3587">
    <p class='ocr_par' dir='ltr' id='par_1_81' title="bbox 1950 3504 3592 3587">
     <span class='ocr_line' id='line_1_81' title="bbox 1950 3504 3592 3587; baseline 0.004 -23"><span class='ocrx_word' id='word_1_569' title='bbox 1950 3522 2070 3564; x_wconf 91' lang='lat' dir='ltr'><strong>non</strong></span> <span class='ocrx_word' id='word_1_570' title='bbox 2103 3504 2283 3566; x_wconf 89' lang='lat' dir='ltr'><strong>illotis</strong></span> <span class='ocrx_word' id='word_1_571' title='bbox 2314 3504 2531 3583; x_wconf 86' lang='lat' dir='ltr'><strong>solum,</strong></span> <span class='ocrx_word' id='word_1_572' title='bbox 2565 3514 2629 3568; x_wconf 91' lang='lat' dir='ltr'><strong>ut</strong></span> <span class='ocrx_word' id='word_1_573' title='bbox 2657 3507 2900 3582; x_wconf 89' lang='lat' dir='ltr'><strong>dicitur,</strong></span> <span class='ocrx_word' id='word_1_574' title='bbox 2934 3507 3038 3568; x_wconf 87' lang='lat' dir='ltr'><strong>sed</strong></span> <span class='ocrx_word' id='word_1_575' title='bbox 3089 3507 3269 3570; x_wconf 87' lang='lat' dir='ltr'><strong>etiam</strong></span> <span class='ocrx_word' id='word_1_576' title='bbox 3321 3507 3592 3587; x_wconf 79' lang='lat' dir='ltr'><strong>profanis</strong></span> 
     </span>
    </p>
   </div>
   <div class='ocr_carea' id='block_1_82' title="bbox 1948 3592 3591 3677">
    <p class='ocr_par' dir='ltr' id='par_1_82' title="bbox 1948 3592 3591 3677">
     <span class='ocr_line' id='line_1_82' title="bbox 1948 3592 3591 3677; baseline 0.004 -23"><span class='ocrx_word' id='word_1_577' title='bbox 1948 3592 2145 3674; x_wconf 91' lang='lat' dir='ltr'><strong>plane,</strong></span> <span class='ocrx_word' id='word_1_578' title='bbox 2173 3594 2386 3667; x_wconf 83' lang='lat' dir='ltr'><strong>aufert,</strong></span> <span class='ocrx_word' id='word_1_579' title='bbox 2413 3607 2474 3656; x_wconf 86' lang='lat' dir='ltr'><strong>et</strong></span> <span class='ocrx_word' id='word_1_580' title='bbox 2507 3605 2800 3659; x_wconf 87' lang='lat' dir='ltr'><strong>nocturno</strong></span> <span class='ocrx_word' id='word_1_581' title='bbox 2847 3615 2958 3659; x_wconf 90' lang='lat' dir='ltr'><strong>nec</strong></span> <span class='ocrx_word' id='word_1_582' title='bbox 2988 3608 3260 3677; x_wconf 71' lang='lat' dir='ltr'><strong>spectato</strong></span> <span class='ocrx_word' id='word_1_583' title='bbox 3295 3597 3457 3659; x_wconf 84' lang='lat' dir='ltr'><strong>exitu</strong></span> <span class='ocrx_word' id='word_1_584' title='bbox 3487 3616 3591 3661; x_wconf 91' lang='lat' dir='ltr'><strong>se-</strong></span> 
     </span>
    </p>
   </div>
   <div class='ocr_carea' id='block_1_83' title="bbox 1946 3683 3590 3767">
    <p class='ocr_par' dir='ltr' id='par_1_83' title="bbox 1946 3683 3590 3767">
     <span class='ocr_line' id='line_1_83' title="bbox 1946 3683 3590 3767; baseline 0.003 -23"><span class='ocrx_word' id='word_1_585' title='bbox 1946 3699 2184 3746; x_wconf 85' lang='lat' dir='ltr'><strong>cessum</strong></span> <span class='ocrx_word' id='word_1_586' title='bbox 2213 3683 2490 3746; x_wconf 88' lang='lat' dir='ltr'><strong>occultat.</strong></span> <span class='ocrx_word' id='word_1_587' title='bbox 2525 3684 2714 3766; x_wconf 83' lang='lat' dir='ltr'><strong>Igitur</strong></span> <span class='ocrx_word' id='word_1_588' title='bbox 2744 3705 2810 3748; x_wconf 85' lang='lat' dir='ltr'><strong>ex</strong></span> <span class='ocrx_word' id='word_1_589' title='bbox 2858 3685 3138 3748; x_wconf 89' lang='lat' dir='ltr'><strong>omnibus</strong></span> <span class='ocrx_word' id='word_1_590' title='bbox 3194 3687 3294 3767; x_wconf 91' lang='lat' dir='ltr'><strong>qui</strong></span> <span class='ocrx_word' id='word_1_591' title='bbox 3324 3695 3497 3748; x_wconf 89' lang='lat' dir='ltr'><strong>erant</strong></span> <span class='ocrx_word' id='word_1_592' title='bbox 3527 3687 3590 3749; x_wconf 92' lang='lat' dir='ltr'><strong>in</strong></span> 
     </span>
    </p>
   </div>
   <div class='ocr_carea' id='block_1_84' title="bbox 1951 3773 3588 3856">
    <p class='ocr_par' dir='ltr' id='par_1_84' title="bbox 1951 3773 3588 3856">
     <span class='ocr_line' id='line_1_84' title="bbox 1951 3773 3588 3856; baseline 0.004 -24"><span class='ocrx_word' id='word_1_593' title='bbox 1951 3773 2341 3844; x_wconf 86' lang='lat' dir='ltr'><strong>monasterio,</strong></span> <span class='ocrx_word' id='word_1_594' title='bbox 2375 3774 2572 3836; x_wconf 89' lang='lat' dir='ltr'><strong>nullus</strong></span> <span class='ocrx_word' id='word_1_595' title='bbox 2601 3775 2805 3837; x_wconf 89' lang='lat' dir='ltr'><strong>dolum</strong></span> <span class='ocrx_word' id='word_1_596' title='bbox 2861 3776 3313 3856; x_wconf 82' lang='lat' dir='ltr'><strong>deprehendit;</strong></span> <span class='ocrx_word' id='word_1_597' title='bbox 3361 3777 3465 3838; x_wconf 84' lang='lat' dir='ltr'><strong>sed</strong></span> <span class='ocrx_word' id='word_1_598' title='bbox 3513 3777 3588 3839; x_wconf 89' lang='lat' dir='ltr'><strong>iis</strong></span> 
     </span>
    </p>
   </div>
   <div class='ocr_carea' id='block_1_85' title="bbox 1950 3861 3586 3947">
    <p class='ocr_par' dir='ltr' id='par_1_85' title="bbox 1950 3861 3586 3947">
     <span class='ocr_line' id='line_1_85' title="bbox 1950 3861 3586 3947; baseline 0.005 -26"><span class='ocrx_word' id='word_1_599' title='bbox 1950 3861 2182 3924; x_wconf 80' lang='lat' dir='ltr'><strong>facinus</strong></span> <span class='ocrx_word' id='word_1_600' title='bbox 2211 3871 2339 3925; x_wconf 86' lang='lat' dir='ltr'><strong>erat</strong></span> <span class='ocrx_word' id='word_1_601' title='bbox 2373 3865 2659 3941; x_wconf 74' lang='lat' dir='ltr'><strong>ignotum.</strong></span> <span class='ocrx_word' id='word_1_602' title='bbox 2697 3867 2866 3927; x_wconf 85' lang='lat' dir='ltr'><strong>Mane</strong></span> <span class='ocrx_word' id='word_1_603' title='bbox 2899 3883 3038 3927; x_wconf 91' lang='lat' dir='ltr'><strong>vero</strong></span> <span class='ocrx_word' id='word_1_604' title='bbox 3063 3866 3262 3946; x_wconf 64' lang='lat' dir='ltr'><strong>januaa</strong></span> <span class='ocrx_word' id='word_1_605' title='bbox 3293 3867 3586 3947; x_wconf 74' lang='lat' dir='ltr'><strong>praeposi-</strong></span> 
     </span>
    </p>
   </div>
   <div class='ocr_carea' id='block_1_86' title="bbox 1951 3950 3584 4036">
    <p class='ocr_par' dir='ltr' id='par_1_86' title="bbox 1951 3950 3584 4036">
     <span class='ocr_line' id='line_1_86' title="bbox 1951 3950 3584 4036; baseline 0.004 -25"><span class='ocrx_word' id='word_1_606' title='bbox 1951 3957 2044 4012; x_wconf 92' lang='lat' dir='ltr'><strong>tus</strong></span> <span class='ocrx_word' id='word_1_607' title='bbox 2076 3950 2420 4034; x_wconf 85' lang='lat' dir='ltr'><strong>Procopius,</strong></span> <span class='ocrx_word' id='word_1_608' title='bbox 2465 3955 2568 4035; x_wconf 90' lang='lat' dir='ltr'><strong>qui</strong></span> <span class='ocrx_word' id='word_1_609' title='bbox 2599 3955 2774 4016; x_wconf 90' lang='lat' dir='ltr'><strong>etiam</strong></span> <span class='ocrx_word' id='word_1_610' title='bbox 2808 3955 2976 4036; x_wconf 91' lang='lat' dir='ltr'><strong>prius</strong></span> <span class='ocrx_word' id='word_1_611' title='bbox 3009 3975 3282 4036; x_wconf 78' lang='lat' dir='ltr'><strong>magnam</strong></span> <span class='ocrx_word' id='word_1_612' title='bbox 3315 3975 3349 4017; x_wconf 92' lang='lat' dir='ltr'><strong>a</strong></span> <span class='ocrx_word' id='word_1_613' title='bbox 3379 3966 3584 4018; x_wconf 90' lang='lat' dir='ltr'><strong>sancto</strong></span> 
     </span>
    </p>
   </div>
   <div class='ocr_carea' id='block_1_87' title="bbox 1948 4042 3584 4125">
    <p class='ocr_par' dir='ltr' id='par_1_87' title="bbox 1948 4042 3584 4125">
     <span class='ocr_line' id='line_1_87' title="bbox 1948 4042 3584 4125; baseline 0.003 -23"><span class='ocrx_word' id='word_1_614' title='bbox 1948 4049 2306 4104; x_wconf 88' lang='lat' dir='ltr'><strong>consecutus</strong></span> <span class='ocrx_word' id='word_1_615' title='bbox 2336 4042 2528 4105; x_wconf 82' lang='lat' dir='ltr'><strong>fuerat</strong></span> <span class='ocrx_word' id='word_1_616' title='bbox 2581 4046 2975 4120; x_wconf 87' lang='lat' dir='ltr'><strong>curationem,</strong></span> <span class='ocrx_word' id='word_1_617' title='bbox 3042 4045 3115 4106; x_wconf 91' lang='lat' dir='ltr'><strong>ab</strong></span> <span class='ocrx_word' id='word_1_618' title='bbox 3169 4046 3330 4107; x_wconf 84' lang='lat' dir='ltr'><strong>aditu</strong></span> <span class='ocrx_word' id='word_1_619' title='bbox 3376 4065 3584 4125; x_wconf 86' lang='lat' dir='ltr'><strong>parum</strong></span> 
     </span>
    </p>
   </div>
   <div class='ocr_carea' id='block_1_88' title="bbox 1950 4133 3587 4212">
    <p class='ocr_par' dir='ltr' id='par_1_88' title="bbox 1950 4133 3587 4212">
     <span class='ocr_line' id='line_1_88' title="bbox 1950 4133 3587 4212; baseline 0.004 -21"><span class='ocrx_word' id='word_1_620' title='bbox 1950 4149 2324 4212; x_wconf 82' lang='lat' dir='ltr'><strong>progressus,</strong></span> <span class='ocrx_word' id='word_1_621' title='bbox 2358 4133 2583 4196; x_wconf 87' lang='lat' dir='ltr'><strong>invenit</strong></span> <span class='ocrx_word' id='word_1_622' title='bbox 2611 4143 2926 4196; x_wconf 83' lang='lat' dir='ltr'><strong>externum</strong></span> <span class='ocrx_word' id='word_1_623' title='bbox 2981 4135 3172 4211; x_wconf 86' lang='lat' dir='ltr'><strong>illum,</strong></span> <span class='ocrx_word' id='word_1_624' title='bbox 3229 4144 3279 4211; x_wconf 88' lang='lat'><strong>(0</strong></span> <span class='ocrx_word' id='word_1_625' title='bbox 3323 4135 3587 4198; x_wconf 86' lang='lat' dir='ltr'><strong>miracu-</strong></span> 
     </span>
    </p>
   </div>
   <div class='ocr_carea' id='block_1_89' title="bbox 1951 4219 3596 4303">
    <p class='ocr_par' dir='ltr' id='par_1_89' title="bbox 1951 4219 3596 4303">
     <span class='ocr_line' id='line_1_89' title="bbox 1951 4219 3596 4303; baseline 0.005 -23"><span class='ocrx_word' id='word_1_626' title='bbox 1951 4219 2143 4301; x_wconf 87' lang='lat' dir='ltr'><strong>lum!)</strong></span> <span class='ocrx_word' id='word_1_627' title='bbox 2189 4222 2366 4284; x_wconf 85' lang='lat' dir='ltr'><strong>modo</strong></span> <span class='ocrx_word' id='word_1_628' title='bbox 2398 4224 2652 4303; x_wconf 91' lang='lat' dir='ltr'><strong>quodam</strong></span> <span class='ocrx_word' id='word_1_629' title='bbox 2717 4225 3016 4287; x_wconf 63' lang='lat' dir='ltr'><strong>columnae</strong></span> <span class='ocrx_word' id='word_1_630' title='bbox 3045 4231 3230 4286; x_wconf 87' lang='lat' dir='ltr'><strong>instar</strong></span> <span class='ocrx_word' id='word_1_631' title='bbox 3284 4225 3523 4287; x_wconf 86' lang='lat' dir='ltr'><strong>aﬂixum</strong></span> <span class='ocrx_word' id='word_1_632' title='bbox 3560 4243 3596 4288; x_wconf 81' lang='grc' dir='ltr'><strong>θ</strong></span> 
     </span>
    </p>
   </div>
   <div class='ocr_carea' id='block_1_90' title="bbox 1948 4312 3584 4395">
    <p class='ocr_par' dir='ltr' id='par_1_90' title="bbox 1948 4312 3584 4395">
     <span class='ocr_line' id='line_1_90' title="bbox 1948 4312 3584 4395; baseline 0.004 -25"><span class='ocrx_word' id='word_1_633' title='bbox 1948 4312 2194 4389; x_wconf 79' lang='lat' dir='ltr'><strong>regione</strong></span> <span class='ocrx_word' id='word_1_634' title='bbox 2221 4313 2588 4374; x_wconf 88' lang='lat' dir='ltr'><strong>monasterii.</strong></span> <span class='ocrx_word' id='word_1_635' title='bbox 2625 4312 2733 4375; x_wconf 86' lang='lat' dir='ltr'><strong>Ille</strong></span> <span class='ocrx_word' id='word_1_636' title='bbox 2788 4331 2929 4393; x_wconf 83' lang='lat' dir='ltr'><strong>ergo</strong></span> <span class='ocrx_word' id='word_1_637' title='bbox 2981 4315 3298 4395; x_wconf 74' lang='lat' dir='ltr'><strong>perplexas</strong></span> <span class='ocrx_word' id='word_1_638' title='bbox 3327 4315 3584 4391; x_wconf 66' lang='lat' dir='ltr'><strong>haerens,</strong></span> 
     </span>
    </p>
   </div>
   <div class='ocr_carea' id='block_1_91' title="bbox 1951 4400 3584 4484">
    <p class='ocr_par' dir='ltr' id='par_1_91' title="bbox 1951 4400 3584 4484">
     <span class='ocr_line' id='line_1_91' title="bbox 1951 4400 3584 4484; baseline 0.003 -23"><span class='ocrx_word' id='word_1_639' title='bbox 1951 4419 2062 4462; x_wconf 92' lang='lat' dir='ltr'><strong>nec</strong></span> <span class='ocrx_word' id='word_1_640' title='bbox 2093 4400 2322 4462; x_wconf 88' lang='lat' dir='ltr'><strong>habens</strong></span> <span class='ocrx_word' id='word_1_641' title='bbox 2351 4403 2491 4482; x_wconf 89' lang='lat' dir='ltr'><strong>quid</strong></span> <span class='ocrx_word' id='word_1_642' title='bbox 2527 4412 2753 4482; x_wconf 76' lang='lat' dir='ltr'><strong>ageret,</strong></span> <span class='ocrx_word' id='word_1_643' title='bbox 2788 4421 3069 4466; x_wconf 88' lang='lat' dir='ltr'><strong>arcanum</strong></span> <span class='ocrx_word' id='word_1_644' title='bbox 3100 4404 3293 4480; x_wconf 89' lang='lat' dir='ltr'><strong>aperit</strong></span> <span class='ocrx_word' id='word_1_645' title='bbox 3315 4403 3584 4484; x_wconf 87' lang='lat' dir='ltr'><strong>janitori.</strong></span> 
     </span>
    </p>
   </div>
   <div class='ocr_carea' id='block_1_92' title="bbox 211 4487 1844 4572">
    <p class='ocr_par' dir='ltr' id='par_1_92' title="bbox 211 4491 1842 4572">
     <span class='ocr_line' id='line_1_92' title="bbox 211 4491 1842 4572; baseline -0.006 -19"><span class='ocrx_word' id='word_1_646' title='bbox 211 4496 370 4572; x_wconf 81' lang='grc' dir='ltr'><strong>ῥητον</strong></span> <span class='ocrx_word' id='word_1_647' title='bbox 401 4494 438 4556; x_wconf 71' lang='grc'><strong>⁸.</strong></span> <span class='ocrx_word' id='word_1_648' title='bbox 476 4497 575 4553; x_wconf 76' lang='grc' dir='ltr'><strong>Καὶ</strong></span> <span class='ocrx_word' id='word_1_649' title='bbox 618 4495 676 4558; x_wconf 85' lang='grc' dir='ltr'><strong>ὃς</strong></span> <span class='ocrx_word' id='word_1_650' title='bbox 707 4493 908 4571; x_wconf 78' lang='grc' dir='ltr'><strong>εἰσάγει</strong></span> <span class='ocrx_word' id='word_1_651' title='bbox 953 4491 1051 4566; x_wconf 67' lang='grc' dir='ltr'><strong>μὲν</strong></span> <span class='ocrx_word' id='word_1_652' title='bbox 1088 4493 1247 4550; x_wconf 73' lang='grc' dir='ltr'><strong>αὑτὸν</strong></span> <span class='ocrx_word' id='word_1_653' title='bbox 1275 4493 1350 4555; x_wconf 78' lang='grc' dir='ltr'><strong>είς</strong></span> <span class='ocrx_word' id='word_1_654' title='bbox 1392 4491 1453 4547; x_wconf 83' lang='grc' dir='ltr'><strong>τό</strong></span> <span class='ocrx_word' id='word_1_655' title='bbox 1482 4491 1842 4568; x_wconf 79' lang='grc' dir='ltr'><strong>μοναστήριον</strong></span> 
     </span>
    </p>
   </div>
   <div class='ocr_carea' id='block_1_93' title="bbox 1957 4487 3588 4572">
    <p class='ocr_par' dir='ltr' id='par_1_93' title="bbox 1957 4487 3588 4568">
     <span class='ocr_line' id='line_1_93' title="bbox 1957 4487 3588 4568; baseline 0.003 -20"><span class='ocrx_word' id='word_1_656' title='bbox 1957 4487 2059 4561; x_wconf 90' lang='lat' dir='ltr'><strong>Qui</strong></span> <span class='ocrx_word' id='word_1_657' title='bbox 2113 4489 2354 4568; x_wconf 87' lang='lat' dir='ltr'><strong>quidem</strong></span> <span class='ocrx_word' id='word_1_658' title='bbox 2415 4509 2550 4552; x_wconf 89' lang='lat' dir='ltr'><strong>eum</strong></span> <span class='ocrx_word' id='word_1_659' title='bbox 2611 4492 2940 4554; x_wconf 86' lang='lat' dir='ltr'><strong>introducit</strong></span> <span class='ocrx_word' id='word_1_660' title='bbox 2993 4495 3053 4553; x_wconf 91' lang='lat' dir='ltr'><strong>in</strong></span> <span class='ocrx_word' id='word_1_661' title='bbox 3116 4493 3588 4568; x_wconf 86' lang='lat' dir='ltr'><strong>monasterium;</strong></span> 
     </span>
    </p>
   </div>
   <div class='ocr_carea' id='block_1_94' title="bbox 211 4578 1844 4665">
    <p class='ocr_par' dir='ltr' id='par_1_94' title="bbox 211 4581 1843 4665">
     <span class='ocr_line' id='line_1_94' title="bbox 211 4581 1843 4665; baseline -0.004 -23"><span class='ocrx_word' id='word_1_662' title='bbox 211 4582 596 4665; x_wconf 75' lang='grc' dir='ltr'><strong>παρασκετάζει</strong></span> <span class='ocrx_word' id='word_1_663' title='bbox 633 4581 688 4640; x_wconf 79' lang='grc' dir='ltr'><strong>δὲ</strong></span> <span class='ocrx_word' id='word_1_664' title='bbox 739 4584 806 4640; x_wconf 80' lang='grc' dir='ltr'><strong>τὰ</strong></span> <span class='ocrx_word' id='word_1_665' title='bbox 855 4589 949 4640; x_wconf 88' lang='lat'><strong>106</strong></span> <span class='ocrx_word' id='word_1_666' title='bbox 996 4583 1263 4659; x_wconf 86' lang='grc' dir='ltr'><strong>θαύματος</strong></span> <span class='ocrx_word' id='word_1_667' title='bbox 1318 4583 1420 4639; x_wconf 76' lang='grc' dir='ltr'><strong>ὑπὸ</strong></span> <span class='ocrx_word' id='word_1_668' title='bbox 1452 4587 1581 4638; x_wconf 80' lang='grc' dir='ltr'><strong>πᾶσι</strong></span> <span class='ocrx_word' id='word_1_669' title='bbox 1641 4581 1843 4659; x_wconf 79' lang='grc' dir='ltr'><strong>μάρτυσ</strong></span> 
     </span>
    </p>
   </div>
   <div class='ocr_carea' id='block_1_95' title="bbox 1957 4578 3588 4665">
    <p class='ocr_par' dir='ltr' id='par_1_95' title="bbox 1957 4578 3588 4646">
     <span class='ocr_line' id='line_1_95' title="bbox 1957 4578 3588 4646; baseline 0.003 -7"><span class='ocrx_word' id='word_1_670' title='bbox 1957 4578 2127 4646; x_wconf 83' lang='lat' dir='ltr'><strong>efﬁcit</strong></span> <span class='ocrx_word' id='word_1_671' title='bbox 2153 4597 2290 4640; x_wconf 87' lang='lat' dir='ltr'><strong>vero</strong></span> <span class='ocrx_word' id='word_1_672' title='bbox 2323 4587 2386 4640; x_wconf 89' lang='lat' dir='ltr'><strong>ut</strong></span> <span class='ocrx_word' id='word_1_673' title='bbox 2417 4579 2770 4644; x_wconf 89' lang='lat' dir='ltr'><strong>miraculum</strong></span> <span class='ocrx_word' id='word_1_674' title='bbox 2797 4581 2909 4643; x_wconf 90' lang='lat' dir='ltr'><strong>sub</strong></span> <span class='ocrx_word' id='word_1_675' title='bbox 2943 4583 3286 4645; x_wconf 87' lang='lat' dir='ltr'><strong>testimonio</strong></span> <span class='ocrx_word' id='word_1_676' title='bbox 3317 4583 3588 4645; x_wconf 86' lang='lat' dir='ltr'><strong>omnium</strong></span> 
     </span>
    </p>
   </div>
   <div class='ocr_carea' id='block_1_96' title="bbox 212 4669 1863 4755">
    <p class='ocr_par' dir='ltr' id='par_1_96' title="bbox 212 4669 1863 4755">
     <span class='ocr_line' id='line_1_96' title="bbox 212 4669 1863 4755; baseline -0.005 -22"><span class='ocrx_word' id='word_1_677' title='bbox 212 4689 328 4742; x_wconf 77' lang='grc' dir='ltr'><strong>τοῖς</strong></span> <span class='ocrx_word' id='word_1_678' title='bbox 360 4673 616 4755; x_wconf 76' lang='grc' dir='ltr'><strong>ἀδελφοῖς</strong></span> <span class='ocrx_word' id='word_1_679' title='bbox 673 4671 1136 4750; x_wconf 67' lang='grc' dir='ltr'><strong>ἐξομολογεῖσθαι,</strong></span> <span class='ocrx_word' id='word_1_680' title='bbox 1174 4673 1274 4731; x_wconf 82' lang='grc' dir='ltr'><strong>Καί</strong></span> <span class='ocrx_word' id='word_1_681' title='bbox 1325 4694 1374 4729; x_wconf 90' lang='grc' dir='ltr'><strong>τι</strong></span> <span class='ocrx_word' id='word_1_682' title='bbox 1405 4673 1588 4728; x_wconf 76' lang='grc' dir='ltr'><strong>καινὸν</strong></span> <span class='ocrx_word' id='word_1_683' title='bbox 1617 4671 1704 4726; x_wconf 82' lang='grc' dir='ltr'><strong>καὶ</strong></span> <span class='ocrx_word' id='word_1_684' title='bbox 1733 4669 1863 4726; x_wconf 73' lang='grc' dir='ltr'><strong>άπι-</strong></span> 
     </span>
    </p>
   </div>
   <div class='ocr_carea' id='block_1_97' title="bbox 212 4759 1863 4844">
    <p class='ocr_par' dir='ltr' id='par_1_97' title="bbox 212 4759 1863 4844">
     <span class='ocr_line' id='line_1_97' title="bbox 212 4759 1863 4844; baseline -0.004 -21"><span class='ocrx_word' id='word_1_685' title='bbox 212 4786 334 4823; x_wconf 66' lang='grc' dir='ltr'><strong>στοθ</strong></span> <span class='ocrx_word' id='word_1_686' title='bbox 389 4772 583 4844; x_wconf 77' lang='grc' dir='ltr'><strong>μικροῦ</strong></span> <span class='ocrx_word' id='word_1_687' title='bbox 616 4763 884 4842; x_wconf 74' lang='grc' dir='ltr'><strong>διηγεῖτο.</strong></span> <span class='ocrx_word' id='word_1_688' title='bbox 947 4760 1160 4842; x_wconf 79' lang='grc' dir='ltr'><strong>’Ἔλεγε</strong></span> <span class='ocrx_word' id='word_1_689' title='bbox 1216 4763 1340 4842; x_wconf 78' lang='grc' dir='ltr'><strong>γὰρ,</strong></span> <span class='ocrx_word' id='word_1_690' title='bbox 1371 4763 1445 4827; x_wconf 84' lang='grc' dir='ltr'><strong>ὡς</strong></span> <span class='ocrx_word' id='word_1_691' title='bbox 1504 4759 1863 4828; x_wconf 83' lang='grc' dir='ltr'><strong>ἆποσυλήσειε</strong></span> 
     </span>
    </p>
   </div>
   <div class='ocr_carea' id='block_1_98' title="bbox 212 4849 1862 4933">
    <p class='ocr_par' dir='ltr' id='par_1_98' title="bbox 212 4849 1862 4933">
     <span class='ocr_line' id='line_1_98' title="bbox 212 4849 1862 4933; baseline -0.005 -21"><span class='ocrx_word' id='word_1_692' title='bbox 212 4856 310 4928; x_wconf 74' lang='grc' dir='ltr'><strong>μὲν</strong></span> <span class='ocrx_word' id='word_1_693' title='bbox 374 4853 478 4925; x_wconf 75' lang='grc' dir='ltr'><strong>ἤδη</strong></span> <span class='ocrx_word' id='word_1_694' title='bbox 535 4855 655 4933; x_wconf 84' lang='grc' dir='ltr'><strong>περὶ</strong></span> <span class='ocrx_word' id='word_1_695' title='bbox 714 4852 880 4929; x_wconf 81' lang='grc' dir='ltr'><strong>μέσας</strong></span> <span class='ocrx_word' id='word_1_696' title='bbox 951 4853 1140 4914; x_wconf 85' lang='grc' dir='ltr'><strong>νύκτας</strong></span> <span class='ocrx_word' id='word_1_697' title='bbox 1195 4852 1294 4919; x_wconf 78' lang='grc' dir='ltr'><strong>τὴν</strong></span> <span class='ocrx_word' id='word_1_698' title='bbox 1364 4851 1592 4930; x_wconf 82' lang='grc' dir='ltr'><strong>ἀργυρᾶν</strong></span> <span class='ocrx_word' id='word_1_699' title='bbox 1655 4849 1862 4915; x_wconf 76' lang='grc' dir='ltr'><strong>ἐκείνην</strong></span> 
     </span>
    </p>
   </div>
   <div class='ocr_carea' id='block_1_99' title="bbox 211 4939 1863 5024">
    <p class='ocr_par' dir='ltr' id='par_1_99' title="bbox 211 4939 1863 5024">
     <span class='ocr_line' id='line_1_99' title="bbox 211 4939 1863 5024; baseline -0.004 -23"><span class='ocrx_word' id='word_1_700' title='bbox 211 4955 300 5005; x_wconf 79' lang='grc' dir='ltr'><strong>τοῦ</strong></span> <span class='ocrx_word' id='word_1_701' title='bbox 352 4946 609 5022; x_wconf 79' lang='grc' dir='ltr'><strong>λειψάνου</strong></span> <span class='ocrx_word' id='word_1_702' title='bbox 669 4943 881 5024; x_wconf 79' lang='grc' dir='ltr'><strong>χώνην·</strong></span> <span class='ocrx_word' id='word_1_703' title='bbox 918 4940 1064 5006; x_wconf 70' lang='grc' dir='ltr'><strong>εὐθὺς</strong></span> <span class='ocrx_word' id='word_1_704' title='bbox 1109 4939 1163 4998; x_wconf 79' lang='grc' dir='ltr'><strong>δὲ</strong></span> <span class='ocrx_word' id='word_1_705' title='bbox 1211 4955 1329 5004; x_wconf 76' lang='grc' dir='ltr'><strong>τοῖς</strong></span> <span class='ocrx_word' id='word_1_706' title='bbox 1373 4949 1467 4998; x_wconf 81' lang='grc' dir='ltr'><strong>τοῦ</strong></span> <span class='ocrx_word' id='word_1_707' title='bbox 1503 4939 1863 5018; x_wconf 78' lang='grc' dir='ltr'><strong>μοναστηρίου</strong></span> 
     </span>
    </p>
   </div>
   <div class='ocr_carea' id='block_1_100' title="bbox 1944 4667 3589 4753">
    <p class='ocr_par' dir='ltr' id='par_1_100' title="bbox 1944 4667 3589 4753">
     <span class='ocr_line' id='line_1_100' title="bbox 1944 4667 3589 4753; baseline 0.004 -25"><span class='ocrx_word' id='word_1_708' title='bbox 1944 4667 2194 4730; x_wconf 66' lang='lat' dir='ltr'><strong>fra&#39;rum</strong></span> <span class='ocrx_word' id='word_1_709' title='bbox 2220 4667 2523 4731; x_wconf 85' lang='lat' dir='ltr'><strong>fateretur.</strong></span> <span class='ocrx_word' id='word_1_710' title='bbox 2550 4672 2822 4752; x_wconf 84' lang='lat' dir='ltr'><strong>Remque</strong></span> <span class='ocrx_word' id='word_1_711' title='bbox 2850 4690 3058 4734; x_wconf 86' lang='lat' dir='ltr'><strong>novam</strong></span> <span class='ocrx_word' id='word_1_712' title='bbox 3084 4681 3142 4734; x_wconf 91' lang='lat' dir='ltr'><strong>et</strong></span> <span class='ocrx_word' id='word_1_713' title='bbox 3169 4690 3353 4753; x_wconf 88' lang='lat' dir='ltr'><strong>prope</strong></span> <span class='ocrx_word' id='word_1_714' title='bbox 3385 4673 3589 4734; x_wconf 88' lang='lat' dir='ltr'><strong>incre-</strong></span> 
     </span>
    </p>
   </div>
   <div class='ocr_carea' id='block_1_101' title="bbox 1945 4757 3590 4844">
    <p class='ocr_par' dir='ltr' id='par_1_101' title="bbox 1945 4757 3590 4844">
     <span class='ocr_line' id='line_1_101' title="bbox 1945 4757 3590 4844; baseline 0.003 -26"><span class='ocrx_word' id='word_1_715' title='bbox 1945 4757 2193 4820; x_wconf 90' lang='lat' dir='ltr'><strong>dibilem</strong></span> <span class='ocrx_word' id='word_1_716' title='bbox 2220 4761 2521 4823; x_wconf 86' lang='lat' dir='ltr'><strong>narrabat.</strong></span> <span class='ocrx_word' id='word_1_717' title='bbox 2546 4759 3258 4844; x_wconf 76' lang='lat' dir='ltr'><strong>Aiebatenim,quodjam</strong></span> <span class='ocrx_word' id='word_1_718' title='bbox 3283 4762 3441 4823; x_wconf 86' lang='lat' dir='ltr'><strong>circa</strong></span> <span class='ocrx_word' id='word_1_719' title='bbox 3467 4780 3590 4823; x_wconf 92' lang='lat' dir='ltr'><strong>me-</strong></span> 
     </span>
    </p>
   </div>
   <div class='ocr_carea' id='block_1_102' title="bbox 1945 4848 3590 4930">
    <p class='ocr_par' dir='ltr' id='par_1_102' title="bbox 1945 4848 3590 4930">
     <span class='ocr_line' id='line_1_102' title="bbox 1945 4848 3590 4930; baseline 0.003 -22"><span class='ocrx_word' id='word_1_720' title='bbox 1945 4848 2100 4909; x_wconf 87' lang='lat' dir='ltr'><strong>diam</strong></span> <span class='ocrx_word' id='word_1_721' title='bbox 2126 4857 2388 4923; x_wconf 88' lang='lat' dir='ltr'><strong>noctem,</strong></span> <span class='ocrx_word' id='word_1_722' title='bbox 2405 4858 2749 4930; x_wconf 81' lang='lat' dir='ltr'><strong>argenteam</strong></span> <span class='ocrx_word' id='word_1_723' title='bbox 2773 4851 2933 4914; x_wconf 90' lang='lat' dir='ltr'><strong>illam</strong></span> <span class='ocrx_word' id='word_1_724' title='bbox 2957 4870 3152 4929; x_wconf 68' lang='lat' dir='ltr'><strong>capsae</strong></span> <span class='ocrx_word' id='word_1_725' title='bbox 3171 4870 3376 4913; x_wconf 87' lang='lat' dir='ltr'><strong>urnam</strong></span> <span class='ocrx_word' id='word_1_726' title='bbox 3404 4851 3590 4913; x_wconf 86' lang='lat' dir='ltr'><strong>surri-</strong></span> 
     </span>
    </p>
   </div>
   <div class='ocr_carea' id='block_1_103' title="bbox 1945 4937 3588 5020">
    <p class='ocr_par' dir='ltr' id='par_1_103' title="bbox 1945 4937 3588 5020">
     <span class='ocr_line' id='line_1_103' title="bbox 1945 4937 3588 5020; baseline 0.004 -22"><span class='ocrx_word' id='word_1_727' title='bbox 1945 4937 2194 5018; x_wconf 89' lang='lat' dir='ltr'><strong>puisset;</strong></span> <span class='ocrx_word' id='word_1_728' title='bbox 2219 4940 2539 5018; x_wconf 73' lang='lat' dir='ltr'><strong>statimque</strong></span> <span class='ocrx_word' id='word_1_729' title='bbox 2557 4959 2689 5002; x_wconf 92' lang='lat' dir='ltr'><strong>cum</strong></span> <span class='ocrx_word' id='word_1_730' title='bbox 2711 4940 2916 5004; x_wconf 83' lang='lat' dir='ltr'><strong>bestiis</strong></span> <span class='ocrx_word' id='word_1_731' title='bbox 2939 4941 3283 5003; x_wconf 85' lang='lat' dir='ltr'><strong>monasterii</strong></span> <span class='ocrx_word' id='word_1_732' title='bbox 3309 4959 3588 5020; x_wconf 78' lang='lat' dir='ltr'><strong>egressus</strong></span> 
     </span>
    </p>
   </div>
   <div class='ocr_carea' id='block_1_104' title="bbox 211 5027 1844 5112">
    <p class='ocr_par' dir='ltr' id='par_1_104' title="bbox 211 5027 1844 5112">
     <span class='ocr_line' id='line_1_104' title="bbox 211 5027 1844 5112; baseline -0.002 -20"><span class='ocrx_word' id='word_1_733' title='bbox 211 5034 500 5102; x_wconf 77' lang='grc' dir='ltr'><strong>συνεξέλθοι</strong></span> <span class='ocrx_word' id='word_1_734' title='bbox 560 5033 801 5112; x_wconf 77' lang='grc' dir='ltr'><strong>ὰλόγοιςο</strong></span> <span class='ocrx_word' id='word_1_735' title='bbox 884 5034 972 5088; x_wconf 82' lang='grc' dir='ltr'><strong>καὶ</strong></span> <span class='ocrx_word' id='word_1_736' title='bbox 1025 5030 1251 5088; x_wconf 80' lang='grc' dir='ltr'><strong>δδεύσειε</strong></span> <span class='ocrx_word' id='word_1_737' title='bbox 1319 5031 1418 5106; x_wconf 77' lang='grc' dir='ltr'><strong>μὲν</strong></span> <span class='ocrx_word' id='word_1_738' title='bbox 1473 5031 1534 5086; x_wconf 84' lang='grc' dir='ltr'><strong>τὸ</strong></span> <span class='ocrx_word' id='word_1_739' title='bbox 1593 5027 1716 5096; x_wconf 75' lang='grc' dir='ltr'><strong>ἑξῆς</strong></span> <span class='ocrx_word' id='word_1_740' title='bbox 1760 5029 1844 5096; x_wconf 75' lang='grc' dir='ltr'><strong>τῆς</strong></span> 
     </span>
    </p>
   </div>
   <div class='ocr_carea' id='block_1_105' title="bbox 1957 5027 3581 5112">
    <p class='ocr_par' dir='ltr' id='par_1_105' title="bbox 1957 5031 3581 5108">
     <span class='ocr_line' id='line_1_105' title="bbox 1957 5031 3581 5108; baseline 0.001 -18"><span class='ocrx_word' id='word_1_741' title='bbox 1957 5037 2122 5108; x_wconf 65' lang='lat' dir='ltr'><strong>esset;</strong></span> <span class='ocrx_word' id='word_1_742' title='bbox 2169 5035 2289 5089; x_wconf 90' lang='lat' dir='ltr'><strong>tum</strong></span> <span class='ocrx_word' id='word_1_743' title='bbox 2319 5031 2511 5092; x_wconf 90' lang='lat' dir='ltr'><strong>noctis</strong></span> <span class='ocrx_word' id='word_1_744' title='bbox 2547 5031 2849 5106; x_wconf 87' lang='lat' dir='ltr'><strong>reliquum</strong></span> <span class='ocrx_word' id='word_1_745' title='bbox 2883 5031 3033 5093; x_wconf 85' lang='lat' dir='ltr'><strong>viam</strong></span> <span class='ocrx_word' id='word_1_746' title='bbox 3065 5039 3224 5093; x_wconf 88' lang='lat' dir='ltr'><strong>esset</strong></span> <span class='ocrx_word' id='word_1_747' title='bbox 3267 5031 3581 5108; x_wconf 82' lang='lat' dir='ltr'><strong>ingressus</strong></span> 
     </span>
    </p>
   </div>
   <div class='ocr_carea' id='block_1_106' title="bbox 211 5117 1844 5205">
    <p class='ocr_par' dir='ltr' id='par_1_106' title="bbox 211 5117 1844 5205">
     <span class='ocr_line' id='line_1_106' title="bbox 211 5117 1844 5205; baseline -0.004 -25"><span class='ocrx_word' id='word_1_748' title='bbox 211 5129 421 5205; x_wconf 72' lang='grc' dir='ltr'><strong>νυκτὸς,</strong></span> <span class='ocrx_word' id='word_1_749' title='bbox 471 5125 605 5202; x_wconf 76' lang='grc' dir='ltr'><strong>ἄγαν</strong></span> <span class='ocrx_word' id='word_1_750' title='bbox 649 5122 874 5201; x_wconf 70' lang='grc' dir='ltr'><strong>εὐψύχῳ</strong></span> <span class='ocrx_word' id='word_1_751' title='bbox 903 5122 988 5177; x_wconf 70' lang='grc' dir='ltr'><strong>καὶ</strong></span> <span class='ocrx_word' id='word_1_752' title='bbox 1033 5121 1144 5186; x_wconf 78' lang='grc' dir='ltr'><strong>ὀξεῖ</strong></span> <span class='ocrx_word' id='word_1_753' title='bbox 1172 5124 1247 5177; x_wconf 77' lang='grc' dir='ltr'><strong>τώ</strong></span> <span class='ocrx_word' id='word_1_754' title='bbox 1306 5119 1446 5190; x_wconf 79' lang='grc' dir='ltr'><strong>ποδὶ,</strong></span> <span class='ocrx_word' id='word_1_755' title='bbox 1480 5117 1710 5182; x_wconf 82' lang='grc' dir='ltr'><strong>σταδίοις</strong></span> <span class='ocrx_word' id='word_1_756' title='bbox 1761 5119 1844 5174; x_wconf 61' lang='grc' dir='ltr'><strong>οὖν</strong></span> 
     </span>
    </p>
   </div>
   <div class='ocr_carea' id='block_1_107' title="bbox 1957 5117 3583 5205">
    <p class='ocr_par' dir='ltr' id='par_1_107' title="bbox 1957 5118 3583 5201">
     <span class='ocr_line' id='line_1_107' title="bbox 1957 5118 3583 5201; baseline 0.001 -23"><span class='ocrx_word' id='word_1_757' title='bbox 1957 5127 2214 5199; x_wconf 76' lang='lat' dir='ltr'><strong>irompto</strong></span> <span class='ocrx_word' id='word_1_758' title='bbox 2229 5119 2553 5180; x_wconf 84' lang='lat' dir='ltr'><strong>admodum</strong></span> <span class='ocrx_word' id='word_1_759' title='bbox 2572 5119 3026 5200; x_wconf 88' lang='lat' dir='ltr'><strong>etceleripede,</strong></span> <span class='ocrx_word' id='word_1_760' title='bbox 3050 5139 3165 5181; x_wconf 93' lang='lat' dir='ltr'><strong>non</strong></span> <span class='ocrx_word' id='word_1_761' title='bbox 3189 5118 3382 5180; x_wconf 88' lang='lat' dir='ltr'><strong>minus</strong></span> <span class='ocrx_word' id='word_1_762' title='bbox 3405 5138 3583 5201; x_wconf 88' lang='lat' dir='ltr'><strong>quam</strong></span> 
     </span>
    </p>
   </div>
   <div class='ocr_carea' id='block_1_108' title="bbox 211 5205 1844 5293">
    <p class='ocr_par' dir='ltr' id='par_1_108' title="bbox 211 5206 1844 5293">
     <span class='ocr_line' id='line_1_108' title="bbox 211 5206 1844 5293; baseline -0.004 -23"><span class='ocrx_word' id='word_1_763' title='bbox 211 5213 429 5273; x_wconf 78' lang='grc' dir='ltr'><strong>ἔλαττον</strong></span> <span class='ocrx_word' id='word_1_764' title='bbox 474 5213 842 5293; x_wconf 66' lang='grc' dir='ltr'><strong>ίὶτριιίκοντα⁹</strong></span> <span class='ocrx_word' id='word_1_765' title='bbox 907 5210 968 5267; x_wconf 80' lang='grc' dir='ltr'><strong>τὰ</strong></span> <span class='ocrx_word' id='word_1_766' title='bbox 1002 5209 1120 5289; x_wconf 82' lang='grc' dir='ltr'><strong>ὅρια</strong></span> <span class='ocrx_word' id='word_1_767' title='bbox 1161 5209 1214 5267; x_wconf 77' lang='grc' dir='ltr'><strong>δὲ</strong></span> <span class='ocrx_word' id='word_1_768' title='bbox 1244 5210 1342 5280; x_wconf 73' lang='grc' dir='ltr'><strong>τῆς</strong></span> <span class='ocrx_word' id='word_1_769' title='bbox 1388 5209 1555 5286; x_wconf 77' lang='grc' dir='ltr'><strong>μονῆς</strong></span> <span class='ocrx_word' id='word_1_770' title='bbox 1610 5206 1844 5284; x_wconf 74' lang='grc' dir='ltr'><strong>οὐδαμῶς</strong></span> 
     </span>
    </p>
   </div>
   <div class='ocr_carea' id='block_1_109' title="bbox 1957 5205 3582 5293">
    <p class='ocr_par' dir='ltr' id='par_1_109' title="bbox 1957 5205 3582 5288">
     <span class='ocr_line' id='line_1_109' title="bbox 1957 5205 3582 5288; baseline 0.002 -21"><span class='ocrx_word' id='word_1_771' title='bbox 1957 5205 2183 5286; x_wconf 64' lang='lat' dir='ltr'><strong>riginta</strong></span> <span class='ocrx_word' id='word_1_772' title='bbox 2213 5209 2442 5288; x_wconf 87' lang='lat' dir='ltr'><strong>stadia;</strong></span> <span class='ocrx_word' id='word_1_773' title='bbox 2475 5227 2586 5271; x_wconf 91' lang='lat' dir='ltr'><strong>nec</strong></span> <span class='ocrx_word' id='word_1_774' title='bbox 2627 5218 2823 5272; x_wconf 83' lang='lat' dir='ltr'><strong>tamen</strong></span> <span class='ocrx_word' id='word_1_775' title='bbox 2861 5210 3009 5272; x_wconf 85' lang='lat' dir='ltr'><strong>fines</strong></span> <span class='ocrx_word' id='word_1_776' title='bbox 3044 5209 3390 5272; x_wconf 88' lang='lat' dir='ltr'><strong>monasterii</strong></span> <span class='ocrx_word' id='word_1_777' title='bbox 3425 5209 3582 5271; x_wconf 92' lang='lat' dir='ltr'><strong>ulla-</strong></span> 
     </span>
    </p>
   </div>
   <div class='ocr_carea' id='block_1_110' title="bbox 1519 5365 2266 5433">
    <p class='ocr_par' dir='ltr' id='par_1_110' title="bbox 1519 5365 2266 5433">
     <span class='ocr_line' id='line_1_110' title="bbox 1519 5365 2266 5433; baseline 0.004 -3"><span class='ocrx_word' id='word_1_778' title='bbox 1519 5365 1776 5431; x_wconf 81' lang='lat' dir='ltr'><strong>VARUE</strong></span> <span class='ocrx_word' id='word_1_779' title='bbox 1827 5365 2266 5433; x_wconf 82' lang='lat' dir='ltr'><strong>LECTIONES.</strong></span> 
     </span>
    </p>
   </div>
   <div class='ocr_carea' id='block_1_111' title="bbox 1432 5525 2350 5595">
    <p class='ocr_par' dir='ltr' id='par_1_111' title="bbox 1432 5525 2350 5595">
     <span class='ocr_line' id='line_1_111' title="bbox 1432 5525 2350 5595; baseline 0 -3"><span class='ocrx_word' id='word_1_780' title='bbox 1432 5529 1642 5595; x_wconf 79' lang='lat' dir='ltr'><strong>JOAN.</strong></span> <span class='ocrx_word' id='word_1_781' title='bbox 1688 5525 2062 5592; x_wconf 84' lang='lat' dir='ltr'><strong>BOLLANDI</strong></span> <span class='ocrx_word' id='word_1_782' title='bbox 2105 5527 2350 5592; x_wconf 61' lang='lat' dir='ltr'><strong>NOTAE.</strong></span> 
     </span>
    </p>
   </div>
   <div class='ocr_carea' id='block_1_112' title="bbox 289 5637 3376 5744">
    <p class='ocr_par' dir='ltr' id='par_1_112' title="bbox 289 5637 3376 5744">
     <span class='ocr_line' id='line_1_112' title="bbox 289 5637 3376 5744; baseline 0.002 -29"><span class='ocrx_word' id='word_1_783' title='bbox 289 5658 408 5744; x_wconf 77' lang='grc'><strong>(94)</strong></span> <span class='ocrx_word' id='word_1_784' title='bbox 441 5658 602 5739; x_wconf 59' lang='lat' dir='ltr'><strong>xum</strong></span> <span class='ocrx_word' id='word_1_785' title='bbox 627 5653 1091 5741; x_wconf 77' lang='lat' dir='ltr'><strong>infundibulum,</strong></span> <span class='ocrx_word' id='word_1_786' title='bbox 1114 5652 1372 5739; x_wconf 84' lang='lat' dir='ltr'><strong>ampulla</strong></span> <span class='ocrx_word' id='word_1_787' title='bbox 1393 5652 1629 5722; x_wconf 80' lang='lat' dir='ltr'><strong>videtur</strong></span> <span class='ocrx_word' id='word_1_788' title='bbox 1655 5651 1934 5734; x_wconf 74' lang='lat' dir='ltr'><strong>intelligi,</strong></span> <span class='ocrx_word' id='word_1_789' title='bbox 1971 5651 2292 5720; x_wconf 85' lang='lat' dir='ltr'><strong>autsimilo</strong></span> <span class='ocrx_word' id='word_1_790' title='bbox 2322 5637 2625 5719; x_wconf 80' lang='lat' dir='ltr'><strong>vasculum</strong></span> <span class='ocrx_word' id='word_1_791' title='bbox 2658 5655 2955 5724; x_wconf 81' lang='lat' dir='ltr'><strong>sacriﬁcio</strong></span> <span class='ocrx_word' id='word_1_792' title='bbox 2987 5655 3376 5723; x_wconf 88' lang='lat' dir='ltr'><strong>destinatum.</strong></span> 
     </span>
    </p>
   </div>
   <div class='ocr_carea' id='block_1_113' title="bbox 287 5453 778 5533">
    <p class='ocr_par' dir='ltr' id='par_1_113' title="bbox 287 5453 778 5533">
     <span class='ocr_line' id='line_1_113' title="bbox 287 5453 778 5533; baseline 0 -19"><span class='ocrx_word' id='word_1_793' title='bbox 287 5453 301 5489; x_wconf 85' lang='grc'><strong>¹</strong></span> <span class='ocrx_word' id='word_1_794' title='bbox 331 5455 410 5519; x_wconf 80' lang='lat' dir='ltr'><strong>al.</strong></span> <span class='ocrx_word' id='word_1_795' title='bbox 445 5455 778 5533; x_wconf 76' lang='grc' dir='ltr'><strong>ἀπόκρυφον.</strong></span> 
     </span>
    </p>
   </div>
  </div>
