3972 6130
438 271 558 337 735
1727 281 1782 343 Μ
1794 278 2009 343 ENSIS
2060 280 2235 344 JANI

2158 281 2520 344 NUARIUS.

3647 289 3755 356 736

1257 437 3760 481 ΞΜ

1729 579 2509 712 ΑΘΛΗΣΙΣ

1226 833 1354 884 ΤΟΥ
1413 829 1609 884 ΑΓΙΟΥ
1657 833 1766 886 ΚΑΙ
1807 829 2129 888 ΕΝΔΟΞΟΥ
2176 833 2525 886 ΜΑΡΤΥΡΟΣ
2571 838 2700 890 ΤΟΥ
2745 837 3030 890 ΧΡΙΣΤΟΥ

1925 1023 2542 1112 ΒΙΚΕΝΤΙΟΥ

1769 1375 2452 1472 CERTAMEN

1341 1593 1618 1660 SANCTI
1659 1595 1752 1661 ET
1794 1593 2098 1661 INCLYTI
2143 1594 2540 1664 MARTYBIS
2583 1596 2886 1664 CHRISTI

1844 1792 2415 1881 VINCENTII

1671 2014 1869 2091 (Anno
1919 2013 2062 2092 300,
2108 2013 2188 2076 22
2230 2014 2562 2095 Januarii.)

437 2183 644 2260 [Greece
675 2204 810 2246 nunc
838 2189 1058 2264 primum
1093 2187 1258 2263 prodit
1287 2205 1348 2245 ex
1377 2189 1549 2248 codice
1575 2205 1672 2248 ms.
1707 2191 1868 2265 Regio
1896 2190 2297 2321 biliizlblgtagin;
2323 2192 2531 2337 11³ειιὶε.³
2565 2209 2618 2250 n.
2654 2192 2811 2260 1519,
2843 2193 3026 2250 saeculi
3053 2207 3116 2250 ιι
3151 2213 3165 2262 ;
3199 2193 3390 2255 Latine
3421 2193 3552 2268 apud
3577 2193 3778 2252 Snrium.

2061 2457 2149 2473 ’ν

503 2613 546 2672 1.
580 2611 902 2675 Victoriam
928 2632 1103 2696 quam
1133 2615 1550 2676 sanctissimus
1572 2626 1796 2696 martyr
1819 2613 2072 2678 Vincen-
2091 2625 2129 2673 Α
2237 2610 2320 2679 Α’.

425 2701 541 2763 tius
574 2703 649 2763 de
679 2702 852 2766 hoste
882 2704 1228 2784 reportavit,
1265 2704 1524 2766 maxime
1558 2703 1865 2784 probatam
1891 2705 2074 2769 fuisse

425 2810 495 2852 ex
527 2791 641 2852 hoc
668 2791 798 2872 ipso
831 2793 1080 2873 intelligi
1111 2801 1328 2874 potest,
1364 2793 1523 2875 quod
1553 2793 1848 2855 bonorum
1871 2813 2072 2856 rerum

2375 2611 2578 2678 ’ἰκανὶν
2608 2621 2695 2675 καὶ
2741 2625 2898 2677 τοῦτο
2941 2619 3168 2696 δοκιμῆς
3217 2621 3296 2696 τῷ
3329 2623 3612 2702 ἁγιωτάτῳ
3663 2623 3782 2700 μάρ-

2155 2734 2268 2790 τυρι
2338 2710 2587 2782 Βικεντίῳ
2645 2711 2720 2774 εἰς
2795 2710 2894 2778 τὴν
2951 2711 3088 2767 κατᾶ
3146 2720 3239 2770 τοῦ
3300 2715 3504 2792 ἐχθροῦ
3557 2713 3779 2790 μεγίστην

2156 2802 2330 2878 νίκην,
2363 2800 2424 2857 τὸ
2465 2798 2567 2865 τὴν
2623 2800 2843 2874 μνήμην
2900 2801 3007 2856 τῶν
3065 2799 3286 2877 ἀγώνων
3350 2803 3514 2862 αὐτοῦ
3565 2805 3654 2857 καὶ
3711 2806 3780 2856 τοῦ

425 2879 710 2943 inimicus
731 2881 1008 2944 diabolus
1031 2901 1236 2944 eorum
1266 2883 1663 2944 certaminum
1696 2903 1828 2966 quae
1858 2895 2078 2966 martyr

424 2970 528 3032 ille
559 2971 843 3035 sustinuit
873 2991 940 3035 ac
972 2991 1296 3055 perpessus
1341 2982 1452 3048 est,
1502 2974 1905 3036 venerandam
1941 2993 2074 3036 πιθα

427 3063 678 3123 moriam
713 3063 950 3125 silentio
984 3064 1222 3125 interim
1258 3064 1630 3126 obruendam
1669 3066 1916 3126 curavit.
1956 3065 2074 3127 Sed

425 3169 534 3211 nos
558 3152 771 3213 ordine
799 3153 1063 3230 singulas
1088 3171 1208 3227 res,
1238 3164 1298 3214 ut
1322 3165 1504 3233 gesta:
1533 3163 1688 3226 sunt,
1719 3152 1777 3214 in
1803 3163 2074 3233 apertum

427 3242 829 3320 proferemus,
863 3243 1385 3325 certissimamque
1415 3261 1620 3306 earum
1656 3261 1858 3304 rerum
1891 3243 2071 3306 ﬁdem

2157 2891 2354 2953 πάθους
2412 2888 2472 2943 τὸ
2503 2884 2740 2963 ἀοίδιμον
2789 2887 3036 2956 ἐθελῆσαι
3099 2891 3188 2945 τὸν
3215 2889 3519 2962 μισόκαλον
3562 2896 3625 2967 τῇ
3667 2912 3773 2947 σιω·

2159 2986 2235 3056 πῇ
2291 2979 2698 3051 ταμιεύσασθαι,
2744 2975 2895 3034 ἈΠ’
2926 2981 3089 3050 ἡμεῖς
3149 2988 3273 3057 γοῦν
3330 2982 3407 3044 εἰς
3470 2982 3531 3036 τὸ
3586 2978 3772 3056 ἐμφανὲς

2159 3069 2357 3128 ἕκαστα
2411 3068 2548 3123 κατὰ
2616 3065 2761 3132 τάξιν
2823 3065 3128 3144 ἐκδώσομεν
3200 3069 3656 3148 συμπληρεστάτῃ
3699 3069 3774 3124 ni-

2160 3179 2272 3214 στει
2332 3157 2398 3212 τὰ
2433 3154 2608 3211 δίναια
2650 3161 2753 3211 τῶν
2806 3156 3154 3236 πραχθέντων
3197 3159 3295 3226 τὴν
3351 3157 3616 3236 ἀκήρατον
3669 3158 3780 3230 ὀμο-

2164 3246 2345 3325 λογίαν
2417 3247 2556 3325 φημὶ
2627 3243 2716 3319 δὴ,
2781 3247 2868 3302 καὶ
2939 3247 3037 3314 τὴν
3104 3246 3296 3314 ἀκλινῆ
3377 3249 3648 3326 καρτερίαν
3707 3251 3784 3301 τοῦ

425 3339 771 3412 sequentes,
809 3333 1148 3396 inviolatam
1185 3334 1460 3414 martyris
1493 3333 1959 3408 confessionem,
2013 3344 2074 3395 et

425 3420 778 3484 tolerantem
840 3423 1283 3497 constantiam,
1346 3442 1536 3500 usque
1607 3423 1680 3484 ad
1739 3432 2072 3486 extremum

422 3511 694 3589 spiritum
731 3523 1020 3574 servatam
1056 3512 1359 3594 simulque
1411 3512 1829 3575 incredibilem
1857 3511 2079 3592 judicis

423 3598 857 3663 immanitatem
893 3602 1294 3666 narrabimus.

504 3687 574 3751 II.
601 3689 656 3750 Is
680 3711 815 3752 cum
842 3692 1322 3755 Christianorum
1349 3692 1763 3766 vastationem,
1797 3699 1859 3752 ut
1879 3691 2075 3772 quivis

2239 3692 2328 3754 B’.
2391 3699 2573 3768 Διψῶν
2613 3693 2711 3768 γὰρ
2767 3695 2942 3763 οὗτος,
2988 3694 3032 3749 εἷ
3073 3695 3158 3751 καὶ
3200 3717 3282 3758 τις
3330 3695 3521 3770 ἄλλος,
3553 3694 3648 3763 τὴν
3696 3699 3783 3748 τῶν

423 3777 602 3852 alius,
637 3779 848 3855 sitiret,
882 3781 941 3842 in
976 3781 1323 3861 Hispaniam
1353 3783 1659 3861 profectus
1683 3791 1794 3856 est,
1822 3790 1887 3842 ut
1911 3780 2074 3841 illius
2157 3790 2230 3862 Xp

2158 3789 2484 3862 Χριστιανῶν
2545 3781 2744 3860 λύμην,
2790 3781 2956 3850 ἐπέϐη
3022 3789 3120 3851 τῆς
3179 3774 3464 3849 Ἱσπανίας
3521 3786 3617 3851 τὴν
3667 3785 3778 3859 ἠγε-

428 3869 751 3943 provinciaa
801 3871 1386 3933 administrationem
1431 3881 1688 3952 gereret,
1724 3890 1857 3952 qua:
1884 3889 1917 3932 a
1947 3869 2070 3932 Bo-
2156 3896 2235 3948 μο·

2158 3875 2340 3948 μονίαν
2409 3871 2692 3946 δεξάμενος
2765 3873 2906 3950 παρὰ
2981 3879 3088 3930 τῶν
3159 3883 3456 3942 τηνικαῦτα
3528 3867 3772 3947 Ῥωμαίων

426 3964 616 4018 manis
667 3958 1132 4037 imperatoribus
1181 3961 1504 4022 commissa
1563 3961 1617 4023 ei
1671 3962 1866 4021 fuerat
1930 3961 2228 4039 Eratadte

2158 3961 2440 4018 διεπόντων
2471 3961 2768 4039 βασιλείαν
2805 3954 3021 4029 ’Ἕλλην
3079 3986 3158 4027 τις
3189 3966 3263 4021 ὢν
3293 3967 3512 4041 μιαρὸς,
3546 3962 3636 4020 καί
3677 3982 3773 4036 μα-

415 4047 607 4127 judex
642 4049 742 4110 ille
777 4053 1042 4124 Graecus,
1071 4051 1326 4125 scelere,
1357 4051 1556 4112 furore
1587 4060 1645 4111 et
1675 4049 1897 4112 diaboli
1929 4069 2066 4130 per-
2156 4054 2235 4108 νία

2158 4054 2268 4116 νίας
2321 4050 2623 4123 ἀνάπλεως,
2659 4052 2745 4107 καὶ
2785 4054 2963 4119 πάσης
3019 4059 3118 4120 τῆς
3148 4062 3241 4111 τοῦ
3286 4053 3535 4112 διαϐόλου
3564 4052 3775 4126 3037:91-

425 4139 705 4199 versitate
737 4148 984 4218 arteque
1014 4141 1384 4220 compositus
1416 4150 1475 4200 et
1508 4139 1750 4202 malitiae
1776 4139 1934 4199 illius
1963 4140 2070 4199 mi-
2156 4143 2235 4217 γῖα

2158 4143 2271 4217 γίας
2327 4139 2724 4215 κεκρατημένον
2772 4140 2996 4218 ὄργανον
3051 4144 3336 4223 ὑπάρχων·
3394 4144 3644 4204 Δατιανὸς
3692 4142 3772 4199 οὗ·-

425 4230 615 4289 nisler
644 4229 812 4289 valde
845 4229 1098 4290 idoneus
1127 4252 1137 4288 :
1175 4229 1500 4291 vocabatur
1527 4241 1728 4291 autem
1759 4229 2067 4291 Datianus.
2155 4253 2235 4287 τος

2158 4253 2243 4290 τος
2305 4228 2629 4296 ἐπικέκλητο
2678 4227 2930 4306 τοῦνομα,
2977 4233 3168 4289 Ἦνίκα
3228 4231 3282 4288 δὲ
3340 4240 3411 4310 τῇ
3465 4239 3566 4290 τῶν
3621 4230 3772 4286 ἐκετσε

425 4317 570 4380 Cum
603 4319 785 4397 igitur
813 4320 885 4381 ad
919 4321 1051 4400 ejus
1085 4321 1353 4400 regionis
1387 4323 1596 4381 urbem
1630 4321 1899 4382 omnium
1933 4321 2065 4401 prt-
2155 4343 2224 4398 πρ

2158 4321 2343 4398 πρώτῃ
2397 4318 2605 4375 πόλεων
2666 4317 2857 4395 ἐπέϐη,
2905 4320 3194 4400 Ἀγουστίᾳ
3265 4327 3407 4404 φημὶ
3477 4319 3772 4392 καλουμένῃ,

427 4425 581 4468 utam
621 4411 895 4484 venisset,
930 4410 1025 4471 cui
1055 4429 1272 4472 nomen
1307 4418 1432 4471 erat
1460 4411 1750 4487 Augusta,
1787 4419 2064 4492 tanquam
2150 4412 2219 4475 ὡς

2158 4412 2219 4475 ὡς
2263 4416 2368 4466 τῶν
2414 4409 2628 4464 πάιτων
2674 4410 2707 4476 ἡ
2751 4409 3102 4491 ἆκεραιότης,
3137 4412 3230 4471 καὶ
3290 4415 3350 4471 τὸ
3401 4414 3498 4482 τῆς
3551 4407 3769 4501 ἀληθείας

425 4496 599 4574 lupus
618 4498 857 4578 quidam
883 4501 1126 4561 vorandi
1151 4500 1460 4579 sanguinis
1483 4503 1731 4561 multum
1750 4509 2063 4581 appetens,
2150 4497 2235 4575 βέε

2158 4497 2362 4556 Ξέϐαιον
2445 4511 2724 4576 μαρτυρεῖ,
2787 4499 2885 4566 τῆς
2957 4503 3148 4576 μανίας
3210 4505 3305 4559 οὒκ
3377 4503 3584 4581 ἠρέμει,
3640 4492 3749 4552 Ἀλλ

425 4586 903 4666 siinpltcissimas
934 4589 1154 4650 Christi
1185 4608 1323 4650 oves
1355 4589 1598 4650 adortus
1632 4598 1743 4651 est.
1780 4590 1927 4650 Nam
1961 4590 2072 4653 etsi
2153 4582 2235 4667 ἰεε

2158 4582 2441 4667 ’ἱερόσυλός
2488 4611 2595 4661 τις,
2670 4590 2741 4648 ὡς
2817 4587 2972 4666 ἔγην,
3033 4591 3130 4647 καῖ
3201 4591 3314 4649 λέον
3375 4587 3763 4656 inniti-adiuro:

422 4692 627 4736 earum
646 4677 986 4753 sinceritas,
1012 4677 1346 4740 constantia
1368 4689 1424 4739 et
1449 4678 1697 4739 ﬁrmitas
1718 4677 2070 4740 Christianae
2150 4680 2235 4734 ὕπε

2158 4678 2407 4756 ϋπάρχων
2459 4675 2782 4756 ἐχαλέπαινε
2828 4677 3264 4757 ὑπερϐαλλόντως
3311 4683 3448 4738 κατὰ
3489 4686 3586 4736 τῶν
3637 4681 3768 4750 Χρισ-

421 4765 562 4828 fidei
598 4766 1002 4829 testimonium
1038 4769 1352 4850 praeberet,
1388 4769 1460 4829 ab
1493 4768 1608 4829 illis
1656 4776 1850 4829 tamen
1902 4769 2066 4830 furo-
2148 4790 2235 4823 τια

2158 4773 2344 4823 τιαιῶν
2419 4765 2513 4820 καί
2573 4770 2680 4821 τῶν
2738 4768 2992 4823 εὒκταίων
3065 4769 3200 4844 ᾤετο
3261 4771 3397 4831 κατὰ
3457 4766 3591 4832 τάξιν
3649 4762 3768 4817 ἁπο-

421 4873 547 4918 rem
583 4875 752 4918 suum
787 4876 902 4918 non
939 4857 1311 4938 temperabat
1345 4876 1357 4919 :
1394 4857 1499 4918 sed
1532 4876 1665 4919 cum
1700 4867 1853 4920 esset
1884 4858 2068 4919 sacri-
2151 4856 2235 4913 λιι

2158 4857 2328 4913 λαύειν
2374 4858 2470 4922 τῆς
2503 4855 2680 4935 ἀρχῆς
2712 4854 3135 4933 ἐπειλημμένος,
3169 4863 3212 4916 εἰ
3241 4860 3336 4928 τῆς
3372 4852 3770 4935 ἐκϐακχευούστις

416 4946 605 5024 legus,
678 4955 739 5008 et
795 4948 1014 5008 Graecae
1071 4945 1517 5026 superstitionis
1589 4945 2062 5019 amantissimus,
2155 4949 2235 5002 2-3:

2158 4947 2279 5002 αὒτὸ
2355 4945 2544 5018 μανίας
2632 4943 2938 5011 ἐπιδείξεται
3019 4949 3080 5004 τὸ
3151 4954 3464 5028 πράγειρον,
3525 4941 3770 5016 Ἀθεμίτου

416 5055 712 5097 summam
765 5037 824 5098 in
878 5037 1255 5100 Christianos
1287 5035 1674 5098 acerbitatem
1731 5037 2067 5097 exercebat.
2154 5037 2235 5113 γὰε

2158 5037 2252 5113 γὰρ
2302 5034 2585 5108 ὠμότητος
2617 5035 2704 5090 καὶ
2735 5034 2888 5102 ξένης
2931 5036 3106 5109 λύμης
3137 5039 3496 5109 ἐνυλακτοῦσᾳ
3534 5054 3611 5091 τις
3652 5029 3771 5096 αὖτῷ

419 5127 648 5204 Itaque,
701 5146 836 5188 cum
893 5127 1298 5206 magistratum
1351 5127 1604 5199 iniisset,
1653 5144 1717 5187 se
1751 5126 1951 5187 omnia
2003 5145 2074 5187 ex
2155 5124 2235 5182 λῠτ

2158 5124 2322 5182 λῦσσα
2381 5123 2763 5199 προσέπνευσε,
2799 5127 2885 5181 καὶ
2934 5130 3126 5184 θᾶττον
3155 5131 3248 5186 τοῦ
3301 5128 3505 5190 δέοντος
3555 5119 3769 5196 ἠπείγετο

419 5215 604 5276 animi
661 5217 956 5277 sententia
1012 5225 1476 5278 consecuturum
1536 5214 1960 5288 arbitrabatur,
2024 5217 2072 5276 si
2157 5217 2223 5283 τῆ

2158 5217 2223 5283 τῆ
2281 5215 2574 5291 μικρότητε
2614 5223 2705 5272 τοῦ
2764 5216 2956 5272 οὶκείου
3011 5219 3340 5293 μνεύματός,
3375 5214 3678 5276 ἐπισκόπους
3723 5222 3770 5258 τε

421 5304 644 5395 furoris
666 5315 722 5366 et
744 5305 1017 5380 insaniae,
1033 5325 1165 5386 quae
1189 5306 1353 5367 illum
1383 5304 1736 5382 exagitabat,
1758 5305 2075 5367 manifesta
2094 5346 2134 5395 ο
2157 5307 2235 5362 καῖ

2158 5307 2246 5362 καὶ
2289 5303 2408 5366 τοὺς
2450 5302 2551 5357 ὑπὸ
2585 5300 2804 5379 κλῆρον,
2839 5310 2924 5360 καὶ
2959 5308 3132 5365 πάντα
3193 5307 3377 5374 ἁπλῶς
3405 5306 3548 5383 ἅγιον
3601 5315 3771 5371 συναρ-

421 5393 646 5454 indicia
677 5399 1030 5458 Ostenderet
1062 5415 1075 5455 :
1115 5396 1357 5457 nefaria:
1388 5395 1960 5483 enim_crudelitatis
2016 5403 2076 5456 et
2098 5386 2134 5395 “
2158 5396 2233 5452 πά

2158 5396 2336 5466 πάζει,
2409 5399 2691 5467 πειρασμῷ
2776 5417 2876 5450 τινι
2960 5395 3270 5471 διαϐολικῷ,
3345 5394 3536 5472 μᾶλλον
3585 5386 3690 5483 ,δὴ⁸
3735 5386 3774 5438 εἰ

424 5483 560 5542 novi
590 5482 807 5542 furoris
840 5485 1006 5544 rabie
1039 5484 1508 5545 accendebatur.
1547 5481 1947 5554 Quamobrem
1983 5484 2076 5544 sui
2157 5507 2231 5563 χρ

2158 5487 2269 5563 χρὴ
2333 5479 2559 5547 τάληθὲς
2625 5479 2826 5563 λέγειν,
2880 5484 2972 5541 ἵνα
3031 5493 3108 5561 τῷ
3165 5493 3282 5562 Θεῷ
3343 5485 3536 5556 δόκιμοι
3578 5475 3771 5531 ἀναδει-

422 5570 666 5649 spiritus
685 5571 1028 5659 {ceditamen
1047 5592 1114 5633 ac
1132 5572 1593 5646 vehementiam,
1616 5591 1789 5652 quam
1816 5577 2074 5652 primum
2162 5575 2362 5654 χθῶσι.
2411 5656 2421 5659 _
3528 5656 3535 5659 _
3677 5646 3689 5659 ,

424 5659 640 5739 potuit,
675 5658 986 5718 etiundere
1017 5663 1215 5740 coepit,
1251 5663 1565 5741 episcOpos
1595 5679 1662 5722 ac
1695 5680 1906 5723 omnes
1952 5661 2236 5736 clericos,
2271 5679 2339 5722 ac
2373 5656 2534 5720 viros
2559 5668 2797 5722 sanctos
2855 5662 3055 5743 iniqua
3089 5663 3311 5726 diaboli
3343 5656 3647 5726 tentatione
3672 5656 3759 5708 in-

423 5745 644 5809 vadens
675 5765 688 5808 :
722 5762 1064 5828 quanquam
1097 5748 1296 5829 potius
1325 5749 1546 5810 factum
1578 5747 1639 5809 id
1671 5750 1802 5830 fuit,
1836 5760 1906 5814 ut
1941 5750 2040 5834 qui
2069 5749 2300 5834 probati
2331 5755 2556 5824 essent,
2593 5751 2890 5816 manifesti
2921 5754 3161 5818 tierent.

2160 3338 2418 3414 μάρτυρος
2478 3333 2645 3414 μέχρι
2705 3339 2802 3401 τῆς
2853 3334 3160 3400 τελευταίας
3220 3337 3520 3418 ἀναπνοῆς,
3574 3338 3655 3393 καὶ
3701 3334 3783 3400 τὴν

2160 3425 2360 3506 ἄφανον
2391 3426 2648 3501 ὠμότητα
2676 3431 2766 3482 τοῦ
2795 3425 3065 3487 δικαστοῦ.
