3972 6130
1467 310 1657 380 VITA
1705 315 1766 378 S.
1814 305 2270 379 VINGENTIA.
3435 300 3555 374 738

1990 447 2094 512 Ill.
2128 448 2268 514 Haec
2299 472 2433 514 cum
2458 453 2540 513 ita
2560 470 2624 512 se
2648 447 2966 523 haberent,
2993 447 3342 510 Vincentius
3362 449 3421 508 in
3445 450 3550 510 Le-

1911 539 2166 600 vitarum
2193 543 2409 604 ordine
2435 540 2815 614 constitutus,
2845 540 2954 602 sub
2977 538 3217 601 Valerio
3243 537 3550 617 episcopo,

1913 646 2142 707 magna:
2169 630 2624 692 existimationis
2649 644 2707 692 et
2732 628 3041 691 modestiae
3068 627 3409 696 viro,animi
3437 627 3556 687 ala-

1912 717 2124 780 critate
2157 720 2345 780 multa
2377 730 2635 796 erectus,
2663 723 2735 781 ad
2770 717 3166 780 celeberrima
3196 716 3295 776 illa
3318 715 3555 777 etsalu~

1915 807 2066 867 taria
2099 810 2424 871 certamina
2460 808 2846 890 properabat.
2877 805 3189 886 Ejusmodi
3211 815 3406 868 autem
3434 816 3556 867 ten-

1916 896 2057 957 tatio
2092 897 2292 958 multis
2322 899 2562 978 quidem
2590 897 2900 959 videbatur
2924 896 3282 977 perniciosa,
3308 897 3411 956 sed
3438 915 3558 956 non

1915 985 2064 1046 viris
2096 985 2283 1048 Deum
2313 1006 2450 1049 vere
2482 987 2826 1050 amantibus
2858 1009 2871 1047 :
2905 989 3126 1066 quippe
3157 985 3263 1061 qui
3294 985 3556 1046 futurum

1917 1075 2262 1154 sperabant,
2298 1087 2363 1138 ut
2392 1077 2491 1139 tali
2528 1077 2861 1138 certamine
2893 1075 3200 1156 proposito
3234 1075 3388 1135 beati
3423 1075 3556 1136 efli-

1915 1173 2220 1238 cerentur,
2259 1166 2307 1226 si
2340 1167 2584 1246 quidem
2619 1176 2781 1228 recte
2813 1166 2981 1227 factis
3011 1166 3364 1239 consecrati,
3417 1166 3558 1228 ﬁdei

1916 1271 2199 1314 coronam
2233 1265 2724 1337 assequerentur.
2775 1253 2977 1332 Itaque
3026 1253 3386 1314 artiﬁciosus
3431 1254 3556 1330 ille,

1917 1349 1976 1403 et
2005 1342 2206 1403 animo
2237 1363 2305 1405 ac
2339 1345 2638 1406 sententia
2670 1343 2974 1423 multiplex
3009 1341 3315 1417 Datianus,
3350 1345 3558 1406 existi-

1917 1449 2088 1492 mans
2108 1433 2235 1493 tieri
2258 1452 2457 1514 posse,
2483 1442 2547 1494 ut
2570 1433 2895 1495 Christiani
2926 1432 3224 1505 homines,
3260 1451 3410 1512 quos
3442 1453 3560 1495 non

1919 1529 2147 1600 poterat
2166 1522 2533 1584 cruciatibus
2549 1523 2622 1584 ad
2641 1522 3002 1583 sententiam
3019 1539 3184 1580 suam
3207 1521 3558 1600 perducere,

144 315 260 387 731

226 455 320 516 l".
377 455 738 536 Παραχρῆμα
781 451 836 509 δὲ
896 452 1095 509 τούτων
1157 451 1326 512 οὕτως
1357 451 1625 530 1εχόνιτων,
1661 453 1687 507 6
1719 450 1823 507 τῶν
1848 461 1882 506 Α

145 548 332 602 ἐκεῖσε
431 547 742 623 ἀγιώτατος
816 542 1132 608 ἐπίσκοπος,
1207 539 1494 619 Οὑαλέριος
1571 541 1824 618 τοῦνομα,

143 636 283 712 ἀνὴρ
348 634 634 707 ἐπίδοξος,
681 634 770 689 καὶ
812 631 926 706 ἅμα
969 631 1141 703 τούτῳ
1191 633 1219 686 6
1267 631 1372 708 τρίς
1423 629 1685 707 μακάριος
1731 636 1828 684 Βι-

141 726 362 788 κέντιος
427 727 460 782 6
513 727 599 781 καὶ
644 723 848 798 μάρτυς
894 719 970 778 ’έτι
1003 725 1072 796 τῆ
1104 726 1208 776 τῶν
1243 725 1482 778 Λευῖτῶν
1524 717 1828 795 διαπρέπων

143 813 393 887 εὑταξίᾳ,
467 816 565 869 σὺν
617 810 792 886 πολλῇ
851 817 919 886 τῇ
985 809 1126 887 ῥύμῃ
1185 806 1519 886 κατέδραμον
1561 810 1650 864 επὶ
1707 807 1829 870 τοὺς

145 904 466 966 ἀθανάτους
530 903 618 957 καί
664 898 936 976 ἂοιδίμούς
997 899 1232 976 Ξιγῶνας.
1268 897 1540 974 Ὀλέθριος
1582 899 1680 974 γὰρ
1733 897 1826 969 ῆν,

146 995 219 1056 ὼς
253 991 515 1056 πολλο·ς
557 991 754 1065 ἐδόκει,
790 992 817 1046 6
850 990 1174 1066 πειρασμὸς,
1206 985 1342 1042 ἀλλὰ
1387 987 1465 1062 μὴ
1501 999 1621 1050 τοῖς
1656 989 1834 1064 θεοφι-

143 1082 311 1139 λέσι⁶
367 1081 716 1138 διεπίστευον
778 1078 878 1157 γάρ
939 1079 1157 1141 ἑαυτοὺς
1210 1081 1307 1133 καῖ
1362 1075 1511 1151 μάλα
1542 1077 1832 1151 μακαρίως

145 1172 370 1228 ἔσεσθαι
426 1171 491 1228 ἐν
526 1172 693 1243 αὐτῷ,
727 1167 874 1249 φημῖ
906 1174 983 1240 τῷ
1040 1166 1382 1245 προκειμένῳ
1439 1166 1628 1243 ἀγῶνι,
1677 1164 1833 1242 εἴπερ

150 1261 328 1327 ἀξίαις
398 1260 783 1338 ἀνδραγαθίαις
841 1259 904 1314 τὸ
959 1256 1089 1334 ὑπὲρ
1147 1262 1244 1323 τῆς
1308 1255 1507 1319 οἰκείας
1564 1256 1833 1330 καθιερώ-

153 1371 296 1414 σεως
360 1348 736 1420 ἆναδήσονται
795 1346 1078 1424 στέφανον,
1122 1342 1292 1407 Ἀλλὰ
1322 1345 1422 1421 γὰρ
1453 1347 1480 1399 6
1510 1345 1834 1422 τεχνοποιὸς

151 1443 242 1497 καὶ
287 1439 662 1518 πολύμορφος
719 1438 815 1505 τὴν
876 1437 1126 1515 γνώμην,
1190 1434 1432 1509 οἰόμενος
1462 1440 1532 1510 τῆ
1563 1433 1834 1500 ἐξοδοιπο-

152 1532 270 1608 ρίας
332 1527 499 1607 ὕϐρει
562 1549 620 1584 τε
676 1529 766 1584 καὶ
825 1523 1081 1604 συντριϐῇ
1134 1525 1341 1600 μᾶλλον
1384 1525 1601 1588 τούτους
1661 1525 1834 1594 ἑαυτῴ

153 1619 344 1697 ρᾴστω
414 1620 796 1695 πειθήσεσθαι,
857 1617 930 1681 εἰς
990 1616 1086 1682 τῆν
1139 1616 1296 1672 πόλιν
1343 1613 1700 1692 Βαλεντινίαν,
1759 1614 1832 1678 ὡς

1930 1610 2152 1671 itineris
2187 1611 2559 1691 longitudine
2581 1620 2640 1671 et
2663 1609 2932 1690 corporis
2956 1609 3241 1670 aerumnis
3261 1610 3564 1690 defatigati

157 1710 350 1786 φασὶν,
413 1707 545 1776 ἥτις
589 1707 826 1786 ὑπάρχει
868 1707 963 1780 μία
1008 1708 1108 1773 τῆς
1161 1704 1450 1783 ἐπαρχίας,
1505 1704 1597 1760 σὺν
1656 1701 1832 1777 πολλῆ

1930 1698 2264 1780 ιίῖιίοιίιιιιο,
2313 1700 2446 1778 ejus
2467 1699 2752 1762 voluntati
2773 1717 2837 1760 se
2863 1697 3251 1778 subjicerent,
3271 1702 3568 1764 mandavit

157 1803 230 1874 τῇ
261 1795 422 1876 ὕϐρει
456 1797 708 1854 ἐκέλευσε
736 1796 859 1861 τοὺς
903 1796 1080 1872 ἁγίους
1128 1797 1471 1871 παραστῆναι
1530 1793 1620 1848 καὶ
1662 1793 1832 1868 πρόσ-

1930 1797 2157 1849 sanctos
2191 1791 2348 1851 viros
2374 1789 2672 1851 Valerium
2697 1789 3072 1869 episcopum,
3097 1801 3154 1849 et
3179 1788 3563 1852 Vincentium

156 1875 351 1945 τάττει
415 1891 768 1966 παραχρῆμα
837 1885 892 1941 ἐν
949 1884 1266 1963 ὀχυρώματι
1339 1905 1442 1939 τινι
1501 1879 1724 1962 ζοφώδει
1778 1901 1834 1936 τε

1930 1875 2233 1939 diaconum
2262 1878 2467 1941 multis
2490 1897 2626 1940 cum
2648 1878 2891 1956 injuriis
2909 1877 3045 1938 duci
3070 1877 3130 1937 in
3158 1895 3333 1938 unam
3358 1898 3565 1959 quam-

161 1979 260 2033 καί
307 1965 549 2034 δυσώδει
582 1965 705 2044 τῆς
747 1977 993 2054 φυλακῆς
1038 1976 1424 2052 καθειρχθῆναι
1481 1971 1668 2032 αὑτοὺς
1701 1971 1836 2045 μετὰ

1930 1965 2053 2026 iam
2088 1966 2250 2028 illius
2280 1969 2598 2048 provincia:
2649 1968 2885 2040 urbem,
2920 1966 3248 2028 Valentiam
3298 1969 3563 2046 nomine,

165 2067 446 2144 μεγίστης
514 2065 797 2143 τιμωρίας,
858 2064 998 2144 φημὶ
1050 2060 1105 2118 δὲ
1153 2062 1250 2129 τῆς
1279 2061 1440 2137 λιμοῦ
1471 2060 1696 2139 ἐνδείας,
1752 2061 1836 2114 καὶ

1930 2073 2069 2134 quos
2099 2058 2296 2118 statim
2322 2058 2504 2137 jussit
2536 2059 2594 2118 in
2626 2075 2868 2120 carcere
2923 2055 3175 2136 quodam
3221 2059 3477 2119 obscuro
3509 2066 3569 2120 et

163 2163 394 2231 πιεσμῷ
441 2162 526 2230 τῷ
564 2153 857 2220 ἐξαλύσεων
914 2153 1003 2208 καὶ
1053 2149 1308 2230 στρέϐλη,
1357 2152 1444 2207 καὶ
1493 2149 1640 2214 ὅπως
1699 2149 1836 2206 κατὰ

161 2247 254 2300 τοῦ
312 2245 568 2325 αὐχένος
611 2243 698 2300 καὶ
771 2247 878 2298 τῶν
929 2241 1134 2321 χειρῶν
1193 2242 1330 2314 βάρη
1389 2241 1454 2296 τὰ
1505 2239 1566 2296 ἐκ
1621 2236 1839 2315 σιδήρου

162 2334 535 2410 πεποιημένα
593 2333 824 2412 φέροιεν,
887 2333 971 2386 καί
1026 2329 1213 2392 ἁπλῶς
1286 2331 1424 2386 κατὰ
1495 2329 1694 2390 παντὸς
1748 2325 1840 2382 τοῦ

164 2423 444 2497 σώματος
507 2421 612 2490 ἤδη
661 2422 756 2483 τὰς
815 2421 902 2476 διὰ
963 2419 1191 2479 θανάτου
1242 2419 1412 2482 αἰτίας
1471 2418 1832 2489 ὑπομένοιειν.

165 2511 348 2569 Ἀλλὰ
422 2513 524 2590 γὰρ
575 2512 664 2568 καὶ
709 2509 849 2566 οὕτω
921 2507 1164 2583 σωρηδὸν
1217 2507 1592 2588 ἐπιχεομένων
1654 2518 1838 2570 αυτοῖς

171 2608 282 2658 τῶν
343 2607 562 2674 κακῶν,
598 2600 902 2679 κουφότατα
932 2598 1106 2654 πάντα
1151 2600 1197 2654 οἱ
1233 2598 1378 2674 ἅγιοι
1422 2603 1490 2672 τῇ
1532 2601 1638 2651 τῶν
1696 2603 1834 2669 μελ-

176 2689 396 2747 λόντων
426 2688 630 2765 ἀμοιϐῇ
655 2686 1003 2767 ὑπερέφερον.

1922 2146 2078 2207 male
2132 2146 2321 2208 olenti
2379 2147 2682 2226 concludi,
2749 2147 3144 2226 maximisque
3199 2148 3568 2210 cruciatibus

1921 2235 2125 2311 afﬂigi.
2162 2238 2341 2312 fame,
2375 2238 2602 2308 inedia,
2638 2247 2701 2298 et
2753 2244 3097 2298 catenarum
3152 2239 3462 2314 angustiis,
3509 2247 3566 2299 et

1922 2323 2136 2385 ferreis
2167 2325 2527 2404 quibusdam
2568 2324 2939 2406 ponderibus
2969 2342 3002 2384 a
3033 2325 3188 2386 collo
3235 2325 3307 2385 ad
3356 2345 3566 2388 manus

1921 2430 2110 2493 usque
2135 2415 2456 2492 protensis,
2483 2424 2604 2478 toto
2625 2423 2712 2486 (ut
2736 2414 3078 2476 summatim
3101 2413 3322 2495 dicam)
3351 2435 3562 2478 eorum

1921 2520 2175 2582 corpore
2233 2503 2562 2567 mortiferis
2619 2502 3060 2566 calamitatibus
3130 2503 3373 2568 afflicto.
3445 2505 3564 2569 Sed

1922 2591 2191 2670 quamvis
2227 2601 2310 2654 tot
2342 2603 2642 2674 tantaeque
2675 2593 3041 2656 calamitates
3075 2591 3310 2654 illorum
3343 2614 3563 2675 corpo-

1925 2681 2097 2742 ribus
2127 2682 2586 2756 adhiberentur,
2623 2683 2826 2744 omnia
2854 2692 3053 2744 tamen
3075 2682 3182 2743 viri
3205 2685 3566 2746 sanctissimi

183 2785 515 2852 tormenta,
550 2784 615 2837 ut
659 2794 758 2839 res
789 2775 1145 2847 levissimas.
1183 2773 1593 2856 perferebant,
1625 2771 1698 2834 ad
1746 2770 1945 2833 futura
1976 2770 2079 2832 illa
2134 2770 2315 2848 bona,
2346 2771 2567 2853 quibus
2624 2771 3052 2852 compensandi
3083 2781 3305 2850 essent,
3339 2773 3569 2837 animos

191 2875 438 2931 erectos
467 2867 849 2948 intentosque
878 2863 1196 2927 habentes.

275 2957 361 3020 A'.
396 2957 584 3015 Ἦνίκα
635 2957 693 3014 δὲ
750 2959 777 3013 6
832 2955 1116 3035 κακόφρων
1147 2954 1339 3034 διέγνω
1371 2954 1590 3017 τούτους
1635 2951 1900 3008 ἀποκε-(Ξ

191 3048 493 3122 κμηκέναι,
552 3047 640 3103 καὶ
679 3044 878 3126 σφόδρα
933 3052 1010 3102 τῶ
1069 3051 1212 3123 ζυγῷ
1238 3049 1338 3112 τῆς
1371 3043 1572 3123 ὕϐρεως
1602 3039 1840 3120 βεϐαρη-

196 3134 413 3215 μένους,
462 3137 552 3192 καὶ
600 3133 784 3198 δεδιὼς
817 3134 895 3208 μὴ
924 3140 992 3210 τῇ
1025 3133 1294 3212 προλήψει
1327 3140 1422 3190 τοῦ
1473 3136 1648 3191 αὐτῶν
1673 3130 1842 3187 θανά-

193 3245 288 3282 του
342 3226 544 3300 ζημίαν
570 3223 841 3302 ὑπενέγκη
870 3225 972 3290 τῆς
1015 3224 1214 3286 οἰκείας
1248 3221 1652 3303 χαλεπότητος,
1685 3221 1841 3276 ἀναιο

204 3317 338 3388 μωτὶ
365 3315 462 3372 καί
498 3312 630 3393 δίχα
677 3318 992 3389 γατατομῆς
1048 3312 1228 3389 μελῶν
1279 3318 1387 3369 τῶν
1418 3310 1584 3388 ἁγίων
1614 3317 1708 3366 τοῦ
1747 3314 1842 3386 ζῇν

209 3402 673 3482 ἀπαγγελλόντων,
736 3401 1014 3458 ἐκέλευσεν
1075 3402 1264 3466 αὐτοὺς
1297 3406 1394 3467 τῆς
1425 3399 1666 3480 φυλακῆς
1701 3421 1841 3477 προ-

215 3490 428 3569 άγεσθαι
460 3508 473 3523 ⁶
520 3493 653 3566 ᾣετο
710 3492 813 3569 γὰρ
857 3498 931 3566 τῷ
961 3491 1166 3571 χρονίῳ
1209 3487 1561 3564 ἀποκλεισμῷ
1601 3498 1694 3547 τοῦ
1723 3510 1840 3566 φω-

214 3583 326 3662 τὸς,
371 3584 457 3639 καί
504 3587 599 3650 τῆς
640 3587 828 3648 κοινῆς
885 3588 992 3638 τῶν
1035 3580 1327 3659 ἀνθρώπων
1381 3578 1838 3657 σονανκπροιρῆς,

203 3672 341 3742 μήτε
395 3675 450 3728 ιν
505 3672 746 3746 σώμασι,
783 3671 921 3744 μήτε
952 3670 1008 3726 li
1038 3675 1254 3748 ψυχαῖς
1283 3668 1509 3742 δύναμίν
1549 3689 1666 3725 τινα
1728 3667 1846 3724 λοι⁴

201 3763 297 3819 πὸν
359 3765 548 3824 αὑτοῖς
605 3759 991 3839 ὑπολειφθῆναι
1022 3781 1038 3796 ο
1095 3759 1441 3830 τεθνήξασθαι
1498 3758 1598 3836 γὰρ
1659 3759 1847 3822 αὑτοὺς

198 3853 301 3930 πρὸ
349 3857 456 3908 τῶν
495 3853 768 3927 τιμωριῶν
801 3850 900 3908 οὑκ
928 3848 1207 3918 ἠϐούλετο.
1249 3847 1472 3916 Ἐπειδὴ
1521 3847 1576 3904 δὲ
1618 3847 1844 3926 ἐγνώκει

200 3942 337 4016 μήτε
395 3941 536 4015 μετᾶ
591 3941 815 3996 θάνατον
858 3941 1048 4005 αὑτοὺς
1109 3942 1439 4009 σπείσεσθαι,
1473 3939 1545 4001 ὡς
1577 3937 1630 3994 δὲ
1677 3937 1842 4004 έστη-

198 4052 295 4088 σαν
328 4031 432 4110 πρὸ
462 4029 555 4087 τοῦ
583 4029 830 4107 βήματος
875 4031 924 4086 οἱ
963 4029 1133 4110 ἅγιοι,
1186 4029 1281 4097 τῆς
1313 4031 1526 4107 εἱρκτῆς
1561 4027 1844 4102 μετακλη-

197 4119 400 4194 θέντες,
456 4119 862 4198 εὐσταθέστερον
921 4121 982 4176 το
1035 4125 1194 4194 σῶμα
1259 4119 1344 4176 καὶ
1404 4120 1498 4184 τὰς
1573 4116 1847 4194 δυνάμεις,

193 4211 293 4280 τήν
331 4232 389 4266 τε
419 4207 589 4266 είδέαν
633 4207 980 4289 φαιδροτέραν
1045 4208 1080 4276 ἢ
1137 4206 1305 4265 πάλαι
1348 4209 1598 4288 ὑπῆρχον
1643 4229 1848 4275 κεκτη-

2006 2951 2098 3010 lV.
2129 2949 2272 3014 Cum
2300 2971 2438 3015 vero
2467 2951 2900 3034 perversusille
2923 2962 2980 3015 et
3001 2951 3337 3034 depravatae
3359 2958 3573 3019 mentis

1926 3039 2105 3102 homo
2125 3042 2408 3105 Datianus
2427 3043 2657 3104 existin.
2673 3052 2823 3116 aret,
2843 3061 2948 3104 eos
2965 3043 3122 3105 viros
3143 3043 3570 3125 defatigatione

1924 3137 2103 3210 atque
2133 3147 2536 3194 aerumnarum
2564 3133 2712 3212 jugo
2744 3132 2997 3194 nimium
3028 3142 3303 3213 gravatos
3323 3153 3480 3212 esse,
3502 3155 3572 3198 ac

1923 3229 2258 3296 vereretur,
2296 3241 2371 3283 ne
2404 3222 2584 3292 forte,
2633 3222 2685 3283 si
2716 3241 2923 3284 eorum
2956 3240 3054 3283 res
3085 3221 3570 3300 oblivisceretur,

1924 3317 2100 3370 antea
2131 3320 2382 3373 mortem
2420 3312 2507 3373 illi
2535 3312 2792 3387 obirent,
2824 3330 3000 3392 quam
3025 3310 3155 3390 ipse
3185 3316 3486 3394 propriam
3511 3317 3571 3376 in

1924 3397 2167 3460 illorum
2185 3401 2475 3480 sanguine
2497 3400 2900 3476 fundendo,et
2923 3400 3211 3462 membris
3232 3403 3573 3468 lacerandis

1925 3488 2208 3550 saevitiam
2261 3499 2592 3566 exerceret,
2633 3490 2814 3570 jussit
2861 3490 2994 3551 illos
3024 3490 3200 3552 educi
3235 3510 3269 3553 e
3299 3511 3569 3556 carcere.

1924 3573 2294 3656 Opinabatur
2310 3579 2576 3655 enim,eo
2598 3579 2756 3660 quod
2778 3580 3062 3642 diuturno
3084 3599 3330 3644 carcere
3348 3583 3570 3659 vexati,

1933 3675 1991 3726 et
2021 3687 2048 3724 a
2081 3665 2312 3730 lumine
2342 3669 2768 3748 communique
2800 3669 3107 3732 hominum
3139 3673 3575 3735 consuetudine

1931 3757 2145 3818 remoti
2169 3757 2603 3830 fuissent,nihil
2629 3759 2844 3820 virium
2869 3759 3126 3839 amplius
3146 3759 3449 3837 reliquom
3475 3763 3575 3824 ha-

1934 3845 2100 3910 bere.
2125 3846 2379 3910 Nolebat
2399 3859 2599 3910 autem
2625 3847 2761 3909 illos
2789 3847 3317 3929 mori,priusquam
3342 3852 3571 3914 crucia-
3602 3913 3608 3918 .

1929 3935 2090 3998 tibus
2119 3937 2326 3999 afﬂicti
2357 3947 2560 3999 essent
2586 3957 2601 3999 :
2633 3937 3120 4019 quandoquidem
3143 3938 3403 4002 futurum
3429 3959 3572 4022 spe-

1929 4024 2119 4100 rabat,
2156 4041 2222 4087 ut
2254 4027 2570 4108 multiplici
2598 4047 2668 4090 ac
2698 4027 2982 4089 diuturno
3014 4027 3284 4090 cruciatu
3328 4047 3431 4092 eos
3460 4032 3571 4093 lle-

1931 4115 2295 4178 cteret.Cum
2328 4116 2508 4196 igitur
2528 4118 2640 4180 viri
2673 4117 2760 4178 ilii
2789 4117 2979 4178 sancti
3006 4117 3210 4180 educti
3243 4136 3276 4179 e
3305 4138 3572 4193 carcere,

1930 4212 2068 4266 ante
2099 4205 2354 4267 tribunal
2383 4207 2603 4286 judicis
2633 4206 2941 4268 stetissent
2969 4206 3319 4285 corporibus
3351 4218 3412 4272 et
3434 4209 3572 4272 viri-

200 4299 380 4379 μένοι,
445 4298 737 4366 ἀπηνεώθη
789 4296 1140 4365 καταπλήξας
1197 4300 1224 4356 6
1300 4297 1577 4378 τύραννος,
1640 4299 1727 4354 καὶ
1783 4303 1848 4373 τῇ

1933 4292 2044 4355 bus
2071 4293 2450 4374 integriores,
2483 4306 2849 4376 aspectuque
2880 4295 3010 4376 ipso
3041 4295 3226 4358 multo
3257 4297 3573 4362 hilariores

196 4391 363 4465 μανίᾳ
414 4387 740 4468 τυφλώττων
793 4387 1057 4459 ἐξίστατο,
1105 4387 1226 4450 τοὺς
1283 4388 1385 4444 ὑπὸ
1427 4394 1560 4444 Θεοῦ
1587 4409 1850 4466 φρουρου-

198 4479 395 4556 μένους
427 4476 520 4545 τῆς
554 4477 768 4556 ῥώσεως
801 4475 1263 4553 ἐκπληττόμενος.

286 4742 350 4804 E'
363 4792 378 4810 .
417 4746 514 4804 Καὶ
544 4745 832 4823 πριόμεδος
864 4757 988 4810 ταῖς
1018 4744 1357 4810 γακοποιίαις
1381 4744 1483 4800 ὑπὸ
1511 4744 1600 4798 τιῦ
1628 4741 1854 4820 ἀκαθάρ-

201 4857 295 4896 του
337 4839 497 4895 αὑτοῦ
554 4836 880 4911 πνεύματος,
915 4839 1010 4894 οὒκ
1060 4833 1212 4915 ἔφερε
1259 4835 1358 4912 γὰρ
1388 4833 1488 4900 τὴν
1517 4833 1682 4902 ἧτταν
1716 4833 1852 4888 κατὰ

200 4925 398 5006 κράτος
457 4926 756 5002 νικώμενος
793 4942 808 4958 ⁶
877 4928 938 4984 Τί
980 4923 1045 4996 δή
1090 4947 1219 4982 ποτε
1266 4923 1456 4981 τούτου
1499 4921 1854 5000 δαψιλεστέρᾳ

202 5021 378 5097 τρυφῇ
407 5023 472 5093 τῇ
505 5015 588 5073 διὰ
613 5017 865 5094 βρώσεως
897 5016 986 5072 καὶ
1019 5014 1230 5078 πόσεως
1288 5012 1638 5094 χρησάμενος
1684 5010 1850 5068 λιπά·

201 5129 300 5170 νας
345 5106 630 5175 ἀνεκτήσω
660 5125 675 5186 ς
710 5107 839 5185 φησὶ
870 5106 1002 5184 πρὸς
1033 5106 1124 5161 τὸν
1155 5102 1364 5184 φύλακα
1398 5116 1412 5132 ⁸
1449 5101 1637 5164 εὐθέως
1669 5099 1723 5157 δὲ
1754 5106 1850 5158 καὶ

207 5193 551 5276 δρακοντιαίᾳ
591 5201 662 5273 τῇ
717 5203 868 5276 φωνῇ
897 5194 1232 5273 ὶπισυρίζων,
1270 5190 1528 5271 μετέφερε
1571 5192 1664 5247 τὸν
1693 5189 1854 5269 λόγον

1933 4401 2113 4466 quam
2146 4395 2320 4447 antea
2351 4383 2614 4460 inerant,
2656 4385 2942 4448 Datianus
2973 4403 3194 4465 praeses
3235 4405 3443 4452 amens
3485 4390 3570 4452 fa-

1933 4482 2086 4546 ctus,
2122 4483 2180 4536 et
2211 4484 2458 4555 stupore
2493 4475 2828 4555 perculsus,
2876 4483 3055 4556 atque
3103 4475 3338 4542 insania
3376 4499 3574 4543 excar-

1932 4571 2101 4624 catus
2158 4563 2288 4639 fuit,
2348 4583 2556 4626 eorum
2617 4565 2917 4640 videlicet,
2973 4566 3145 4646 quia
3186 4565 3310 4632 Deo
3361 4569 3578 4634 servati

1934 4651 2194 4728 fuerant,
2227 4653 2415 4715 robur
2445 4665 2511 4716 et
2540 4655 2698 4716 vires
2729 4655 3183 4737 obstupescens.

2019 4740 2090 4806 V.
2125 4744 2273 4806 Cum
2305 4763 2443 4806 vero
2474 4743 2549 4805 ab
2584 4744 2703 4806 illis
2732 4763 2797 4806 se
2832 4745 2986 4807 vinci
3020 4765 3135 4807 non
3160 4755 3490 4828 pateretur,
3515 4759 3576 4814 et

1935 4832 2009 4896 ab
2042 4833 2262 4915 impuri
2290 4834 2539 4916 spiritus
2562 4835 2954 4916 perversitate
2975 4837 3316 4914 agitaretur,
3339 4840 3411 4900 ad
3436 4859 3572 4902 car-

1938 4943 2025 4986 cer
2044 4923 2094 4985 is
2113 4924 2423 4986 custodem
2449 4943 2803 4987 conversus:
2831 4923 3110 5002 Curnam,
3128 4925 3346 5008 inquit,
3364 4928 3498 4991 cibo
3517 4938 3576 4992 et

1940 5021 2080 5094 potu
2103 5013 2380 5076 homines
2403 5015 2551 5076 istos
2571 5016 2860 5077 recreasti
2877 5015 2908 5076 ‘i
2930 5015 3047 5079 Cur
3069 5018 3146 5078 ita
3173 5019 3421 5098 pingues
3443 5019 3575 5081 ﬁeri

1938 5105 2207 5166 curasti?
2235 5102 2360 5165 Mox
2396 5104 2582 5166 feroci
2613 5105 2866 5186 quadam
2892 5125 3036 5168 voce
3057 5107 3342 5183 fremens,
3362 5116 3421 5170 et
3444 5126 3577 5171 ora-

1940 5195 2160 5264 tionem
2184 5212 2348 5254 suam
2369 5195 2442 5256 ad
2473 5194 2914 5257 sanctissimum
2948 5196 3294 5278 episcOpum
3318 5216 3574 5262 conver-

208 5283 294 5342 ἰπὶ
359 5285 452 5340 τὸν
481 5283 785 5362 ἁγιώτατον
835 5284 1151 5358 ἐπίσκοπον,
1185 5283 1274 5340 καί
1304 5303 1466 5363 φησιν
1491 5299 1508 5315 ·
1557 5279 1618 5339 Τί
1659 5279 1848 5358 λέγεις,

1951 5292 2104 5358 iens,
2130 5282 2250 5345 ait:
2289 5284 2584 5357 Quidnam
2613 5293 2672 5346 tu
2703 5286 2780 5348 de
2809 5286 3002 5366 teipso
3029 5286 3204 5369 dicis,
3231 5289 3446 5364 Valeri,
3477 5287 3578 5371 qui

209 5374 254 5429 ὧ
297 5371 582 5451 Οὐαλέριε,
615 5375 641 5429 6
673 5372 899 5450 ὀνόματι
958 5372 1240 5452 θρησκείας
1286 5371 1545 5450 ἀνταίρων
1577 5383 1848 5459 τοῒςκρα-

1948 5391 2053 5453 per
2065 5371 2369 5451 religionis
2388 5375 2653 5455 speciem
2667 5394 2735 5437 ac
2755 5375 3195 5438 simulationem
3209 5378 3581 5459 imperatori-

207 5471 358 5522 τοΰσι
407 5463 500 5523 καὶ
535 5461 908 5540 βασιλεύουσιν
942 5480 958 5538 ;
1016 5463 1151 5536 ᾢετο
1194 5463 1293 5540 γὰρ
1335 5463 1362 5518 6
1407 5460 1628 5525 ἀνόσιος
1677 5458 1848 5530 ὅτιπερ

1945 5461 2059 5524 bus
2083 5461 2154 5522 ad
2168 5463 2459 5525 versaris?
2475 5465 2842 5545 Opinabatur
2856 5465 3014 5527 enim
3037 5465 3256 5547 impius
3275 5458 3582 5544 ille,facilo

208 5554 254 5610 εἰ
310 5553 413 5620 τῆν
454 5551 724 5634 κεφαλὴν,
775 5553 866 5610 τὸν
910 5552 1200 5610 ἐπίσκοπον
1245 5553 1417 5632 φημί,
1476 5549 1848 5627 ὑποτέμνεσθαι

1946 5549 2080 5615 ﬁeri
2097 5570 2282 5642 posse
2301 5562 2388 5628 ut,
2415 5555 2466 5616 si
2496 5563 2672 5634 caput
2692 5553 2914 5635 ipsum,
2944 5555 3058 5620 hoc
3077 5565 3192 5632 est,
3209 5559 3578 5642 episcopum,

206 5639 426 5726 δυνηθῇ,
461 5647 570 5700 τῶν
601 5640 810 5699 λοιπῶν
839 5640 1043 5724 μελῶν,
1076 5643 1234 5699 οἱονεὶ
1263 5647 1357 5698 τοῦ
1386 5637 1590 5720 κλήρου
1633 5641 1729 5698 καί
1771 5651 1848 5701 τοῐ

1945 5640 2353 5723 abscinderet,
2377 5643 2610 5726 reliqua
2639 5643 2818 5708 etiam
2844 5645 3134 5726 membra,
3159 5637 3391 5712 clerum
3413 5637 3581 5716 vide-
