3972 6130
461 264 582 331 739

1765 263 2046 328 MENSIS
2085 255 2542 328 JANUARlUS.

3680 269 3786 340 740

462 400 603 462 licet
623 411 680 462 et
705 399 1018 482 pepulum,
1051 397 1333 461 facillime
1358 394 1772 462 demoliretur.
1797 398 1914 460 Sed
1943 397 2108 459 beni-

2195 394 2322 453 λαοῦ
2380 395 2774 477 εύχερεαταίτην
2845 401 3217 478 καταστροφὴν
3297 403 3594 471 ποιήσεται.
3647 405 3787 464 Ἀλλά

465 489 790 570 gnissimus
823 490 1006 563 Deus,
1045 488 1146 569 qui
1179 487 1473 568 superbos
1499 489 1774 550 homines
1807 507 1875 550 ex
1905 488 2024 549 alto
2058 495 2117 547 et

468 578 712 642 sublimi
746 581 937 660 gradu
977 580 1034 640 in
1070 579 1294 640 bimum
1343 577 1684 659 praecipites
1741 578 2024 650 detrudit,
2058 585 2117 638 et

468 668 730 732 humiles
767 670 968 732 intimo
1005 669 1061 728 in
1093 667 1225 728 loco
1252 668 1525 748 jacentes
1556 669 1613 728 in
1645 671 1827 730 altum
1863 667 2109 736 extollit,

467 758 652 820 voluit
685 757 1009 840 superbum
1048 766 1106 819 et
1135 757 1428 818 nefarium
1462 756 1629 818 illum
1667 757 1972 819 hominem
1995 776 2116 818 non

465 848 540 908 ab
574 848 882 928 episcopo,
916 849 1020 909 sed
1051 846 1124 907 ab
1159 846 1463 908 inferioris
1493 847 1715 926 gradus
1759 847 1918 908 illius
1969 846 2117 908 cleri

469 937 595 998 viro
629 955 927 1017 superari,
955 946 1014 999 ut
1045 955 1111 998 se
1139 935 1512 998 imbecillum
1547 956 1677 999 esse
1701 947 2110 1017 cognosceret,

469 1044 663 1102 neque
712 1027 1037 1107 quidquam
1103 1046 1170 1088 se
1234 1037 1442 1088 contra
1507 1027 1857 1108 episcopum
1919 1026 2115 1087 facere

468 1133 664 1194 posse,
724 1116 946 1196 quippe
1001 1118 1102 1196 qui
1136 1135 1168 1178 a
1202 1116 1379 1179 levita
1431 1117 1606 1198 longe
1653 1115 1938 1178 inferiore
1993 1123 2114 1175 tum

463 1205 719 1279 ordine,
790 1213 912 1268 tum
982 1206 1308 1285 dignitate,
1384 1208 1574 1270 victus
1635 1216 2115 1287 prostratrusque

462 1294 694 1358 fuisset.

548 1413 642 1472 Vl.
691 1410 924 1473 Etenim
976 1411 1186 1474 beatus
1237 1422 1455 1494 martyr
1503 1412 1854 1475 Vincentius
1902 1417 2111 1472 sancto

464 1501 694 1581 Spiritu
730 1501 964 1580 plenus,
1002 1504 1420 1582 excitatusque
1449 1513 1506 1565 et
1539 1503 1799 1564 victoria
1827 1519 2109 1562 coronam

459 1590 708 1670 jamjam
743 1592 1244 1669 comprehensam
1299 1591 1547 1666 habens,
1602 1592 1742 1652 dum
1793 1591 2112 1670 episcopus

468 1680 740 1741 Valerius
761 1680 965 1760 quieto
992 1690 1051 1742 et
1077 1682 1287 1744 sedato
1309 1683 1509 1742 animo
1536 1678 2111 1760 responderet,Vin-

465 1770 700 1831 centius
729 1769 816 1829 sic
850 1787 989 1830 eum
1021 1770 1313 1832 allocutus
1345 1780 1436 1831 est
1475 1793 1487 1829 :
1525 1770 1808 1840 Curnam,
1843 1789 1876 1828 ο
1909 1770 2105 1842 Pater,

2196 1790 2390 1846 κρισιν,
2437 1771 2567 1840 φησί
2598 1768 2729 1844 πρὸς
2763 1767 2920 1822 αὐτόν
2954 1784 2969 1799 ·

464 1861 544 1921 ita
591 1876 892 1931 susurras,
924 1860 1118 1935 utqui
1153 1871 1316 1921 metu
1359 1859 1585 1920 detenti
1631 1867 1789 1933 sunt,
1820 1868 1877 1920 et
1906 1866 2115 1919 contra

467 1966 676 2011 canem
709 1948 888 2009 istum
921 1949 1007 2009 sic
1033 1955 1356 2012 mussitas?
1385 1949 1585 2011 Clama
1617 1966 1759 2010 voce
1788 1965 2025 2028 magna,
2055 1957 2114 2008 et

465 2039 693 2101 Christi
728 2038 1056 2118 potentiam
1087 2038 1448 2117 adjutricem
1497 2039 1772 2118 implora,
1824 2047 1884 2097 ut
1935 2037 2112 2116 hujus

468 2129 710 2205 tyranni
741 2125 941 2188 rabies
959 2145 1104 2188 voce
1127 2127 1314 2188 libera
1345 2138 1402 2189 et
1434 2146 1569 2189 cum
1598 2125 1949 2187 auctoritate
1975 2143 2105 2205 pro-

465 2214 583 2277 lata
601 2215 1032 2287 refrenetur,et
1050 2216 1180 2295 ejus
1195 2226 1405 2277 contra
1429 2225 1634 2276 sancta
1659 2214 1880 2276 Christi
1900 2222 2110 2294 myste-

462 2306 556 2366 ria
583 2304 867 2366 ferocitas
899 2306 1352 2383 comprimatur.
1411 2304 1522 2368 Hic
1554 2305 1714 2365 enim
1760 2303 1859 2364 ille
1912 2312 2024 2376 est,
2074 2321 2108 2363 ο

461 2393 915 2475 Pater,pestifer
929 2399 1310 2475 serpens,qui
1334 2395 1621 2456 adversus
1634 2393 1896 2457 hominis
1917 2395 2110 2472 primo

461 2486 700 2546 formati
727 2484 1000 2564 gloriam,
1023 2504 1155 2565 qua;
1179 2491 1236 2544 in
1261 2503 1472 2546 omnes
1501 2481 1777 2545 homines
1795 2483 2111 2544 transitura

461 2585 613 2647 erat,
669 2574 893 2635 invidia
945 2578 1236 2636 excitatus
1266 2593 1332 2636 se
1362 2576 1632 2636 armavit.
1680 2571 1826 2633 Nam
1873 2591 2006 2634 cum
2039 2589 2112 2632 ea

461 2665 654 2742 gloria
681 2665 812 2743 ipse
843 2663 960 2723 frui
993 2683 1112 2724 non
1145 2673 1368 2743 posset,
1393 2664 1588 2724 statim
1608 2661 1931 2723 insatiabili
1955 2679 2109 2742 qua-

463 2754 597 2813 dam
631 2753 1072 2832 perdendorum
1110 2753 1418 2813 hominum
1450 2752 1774 2831 cupiditate
1819 2769 2110 2812 accensus

464 2849 576 2915 est,
608 2850 667 2902 et
689 2850 896 2903 contra
919 2841 1054 2902 illos
1078 2842 1334 2903 maxime
1357 2841 1636 2903 invidiam
1661 2843 2110 2921 exercuit,quos

467 2931 766 3008 benignus
799 2928 956 2992 Deus
991 2935 1139 2992 mori
1169 2932 1534 3010 sempiterna
1557 2945 1747 2992 morte
1779 2929 2106 3010 prohibuit.

463 3019 574 3082 Hic
593 3021 693 3082 ille
713 3029 824 3092 est,
850 3040 1028 3098 quem
1053 3020 1240 3082 divini
1263 3021 1523 3082 nominis
1550 3021 1930 3083 invocatione
1953 3038 2111 3101 saepe

2199 487 2300 565 γὰρ
2345 489 2370 542 6
2403 485 2456 542 ἐν
2498 487 2664 543 ἅπασι
2699 489 2828 551 Θεὸς
2861 488 3388 569 φιλανθρωπότατος,
3420 493 3446 547 6
3484 494 3597 557 τοὺς
3647 496 3786 574 ὑπερ-

2198 577 2434 656 ηφάνοῦς
2495 575 2547 641 ἐξ
2605 577 2768 652 ὕψους
2821 578 3092 656 μετεώρου
3136 581 3269 652 πρὸς
3326 584 3588 658 κρημνοὺς
3617 585 3786 665 καταρσ

2199 667 2434 742 ρησσων,
2485 669 2573 722 καὶ
2632 668 2754 730 τοῦς
2814 669 3093 730 ταπεινοὺς
3150 670 3369 749 χαμάζε
3429 672 3683 746 κειμένους
3731 677 3787 738 έίς

2198 753 2332 824 ὕψος
2377 755 2682 835 ἀνεγείρων,
2745 753 3019 826 ἠϐουλήθη
3069 760 3161 814 τὸν
3220 758 3492 837 ἀλάστορα
3533 762 3620 827 τὴν
3656 763 3788 828 ἧτταν

2199 843 2592 922 ἀπενέγκασθαι
2636 846 2736 901 ὕπὸ
2785 846 3100 925 μικροτέρου
3155 848 3232 908 τῶ
3303 847 3490 926 κλήρῳ
3544 851 3670 927 παρά
3715 854 3783 908 τὸν

2199 931 2511 1005 ἐπίσκοπον,
2546 934 2692 996 ὅπως
2740 933 2991 1002 αἴσθηται
3049 938 3137 992 καὶ
3167 940 3280 1014 γνῷ
3325 936 3422 1004 τήν
3453 938 3640 994 οἰκείαν
3665 939 3780 996 ἆσθέ·

2198 1045 2364 1098 νειαν,
2427 1025 2514 1080 καὶ
2571 1022 2881 1104 λογίσηται³
2941 1027 2991 1080 τί
3048 1025 3108 1080 ἂν
3169 1027 3423 1104 πράττειν
3479 1026 3597 1091 οἷός
3648 1049 3694 1083 τε
3736 1029 3782 1098 ἦν

2201 1115 2338 1168 κατά
2382 1119 2474 1168 τοῦ
2533 1113 2851 1193 ἀρχιερέως,
2894 1112 2975 1170 ὅτ’
3047 1114 3107 1169 ἂν
3166 1117 3269 1171 ὑπὸ
3332 1115 3547 1174 λευίτου
3600 1119 3787 1183 νικηθεὶς

2199 1200 2498 1281 ἀνατραφῇ,
2535 1201 2670 1258 πολύ
2728 1211 2820 1261 τεῦ
2879 1202 3174 1260 ἐπισκόπου
3225 1201 3548 1268 ἀποδέοντος
3577 1209 3656 1263 καὶ
3680 1205 3788 1271 τάξει

2196 1294 2284 1348 καὶ
2314 1291 2451 1363 ἀξίᾳ.

2273 1407 2381 1482 ς’.
2439 1409 2535 1467 Καὶ
2568 1409 2667 1486 γὰρ
2712 1408 3108 1488 ἐμφορούμενος
3167 1411 3272 1466 ὑπὸ
3317 1420 3414 1468 τοῦ
3467 1409 3612 1488 ἁγίου
3655 1413 3793 1468 Πνεύ-

2195 1519 2382 1574 ματος,
2429 1500 2520 1554 καὶ
2575 1505 2665 1553 τοῦ
2705 1498 2977 1577 Στεφάνου
3035 1500 3134 1567 τῆς
3193 1501 3348 1567 νίκης
3386 1498 3490 1565 ἤδη
3521 1498 3794 1578 περιδραξά-

2195 1609 2353 1662 μενος
2415 1590 2442 1643 6
2503 1588 2802 1663 ἀγιώτατος
2836 1588 3034 1665 μάρτυς
3068 1590 3365 1664 Βικέντιος,
3397 1589 3612 1669 ἡσύχως
3641 1611 3796 1648 ποιου-

2197 1679 2358 1752 μένου
2404 1679 2538 1733 κατά
2596 1679 2656 1735 τὸ
2702 1679 2986 1752 νοούμενον
3040 1685 3131 1735 τοῦ
3185 1679 3488 1736 ἐπισκόπου
3555 1681 3645 1742 τὴν
3686 1679 3795 1734 ἀπό·

3033 1768 3094 1824 Τί
3142 1766 3348 1837 δήποτε
3385 1765 3552 1830 οὕτως
3604 1768 3796 1845 ὑποτρύ·

2193 1865 2302 1928 ζεις
2371 1860 2415 1911 ὧ
2467 1856 2686 1933 πάτερ;
2747 1859 2835 1912 καὶ
2889 1859 2961 1920 ὡς
3025 1854 3253 1922 δεδιότες
3317 1856 3494 1932 ἠρέμα
3552 1858 3794 1933 ψιθυρίζιις

2195 1946 2332 2001 κατά
2364 1951 2457 2001 τοῦ
2487 1945 2640 2007 κυνός
2677 1960 2692 2017 ;
2748 1945 2949 2020 βόησον
2997 1945 3051 2001 ὲν
3102 1948 3338 2023 μεγίστῃ
3375 1945 3469 2000 καὶ
3503 1945 3800 2024 χριστοφόρῳ

2194 2033 2436 2109 δυνάμει,
2472 2033 2618 2097 ὅπως
2650 2040 2717 2110 τῇ
2755 2032 2807 2099 ἐξ
2852 2035 3150 2098 αῦθεντείας
3181 2037 3338 2114 φωνῇ
3385 2038 3657 2114 τυφθεῖσα,
3699 2056 3801 2093 συν-

2193 2121 2349 2200 τριϐῇ
2381 2123 2573 2186 εὐθέως
2603 2125 2637 2190 ἡ
2692 2124 2828 2180 κατά
2881 2126 2986 2179 τὼν
3042 2124 3208 2202 ἁγίων
3242 2132 3338 2180 τοῦ
3369 2132 3506 2182 Θεοῦ
3533 2126 3798 2200 μυστηρίων

2191 2212 2490 2271 ὑλακτοῦσα
2548 2212 2738 2276 λύσσά.
2811 2215 2974 2278 Οὗτος
3033 2213 3244 2278 ἐκεῖνός
3313 2215 3485 2291 ἐστιν,
3545 2214 3588 2270 ὦ
3641 2213 3798 2291 πάτερ,

2195 2299 2432 2360 οἰοϐόλος
2489 2301 2635 2380 ὄφις,
2669 2304 2697 2357 6
2747 2303 2882 2359 κατά
2932 2308 3032 2368 τῆς
3062 2301 3223 2370 τόξης
3258 2311 3358 2360 τοῦ
3392 2301 3796 2382 πρωτοπλάστου,

2195 2396 2293 2458 τῆς
2349 2392 2434 2446 καὶ
2501 2392 2573 2455 εἰς
2630 2392 2833 2454 πάντας
2901 2393 3022 2456 τοὺς
3073 2392 3388 2470 ἀνθρώπους
3449 2389 3798 2469 διαδραμούσης

2194 2488 2268 2554 τῷ
2326 2482 2502 2558 φθόνῳ
2537 2482 2882 2543 κατατακείς.
2938 2480 3160 2549 Ἐπειδὴ
3203 2483 3308 2560 γὰρ
3356 2483 3435 2557 μὴ
3490 2483 3678 2547 ταύτης
3722 2481 3796 2534 οὗ·

2192 2591 2279 2634 τος
2361 2569 2599 2635 ἀξιωθεὶς
2694 2569 3001 2636 ἀπήλαυσεν
3089 2569 3284 2634 εὐθέως
3373 2571 3793 2648 ἀνθρωποκτονετν

2193 2661 2493 2737 ἀκυρεύτως
2540 2659 2808 2734 ἐμαίνετο,
2853 2667 2944 2716 καί
2983 2661 3121 2716 κατά
3190 2661 3400 2718 τούτων
3459 2658 3678 2734 μάλιστα
3724 2658 3792 2712 τὸν

2194 2749 2384 2829 αθόνον
2443 2749 2858 2830 κατασκεύαζεν,
2889 2752 3007 2806 καθ’
3067 2753 3143 2804 ὧν
3191 2753 3217 2806 6
3275 2751 3639 2830 φιλάνθρωπος
3689 2747 3790 2808 Θεὸς

2193 2842 2254 2896 τὸ
2309 2842 2491 2894 θανεῖν
2545 2837 2835 2900 ἐκώλυσεν,
2867 2839 3054 2911 ’Ὁμως
3105 2841 3194 2896 καὶ
3240 2841 3403 2903 αὐτὸς
3447 2840 3661 2914 ἑτοίμως
3683 2838 3788 2892 ὑπο-

2193 2929 2409 2986 πίπτειν
2441 2927 2688 3003 ἐπεθύμει
2733 2935 2809 2995 τῷ
2840 2929 3072 3003 Θανάτῳ.
3108 2927 3241 3008 Εἴγε
3296 2931 3390 2994 οῦς
3421 2927 3656 2985 εϐούλετο
3679 2923 3787 3000 πρό·

2191 3041 2342 3098 τερον
2387 3021 2484 3087 τῆς
2529 3018 2674 3087 ζωῆς
2717 3017 2990 3098 ἀφελοιτο,
3053 3021 3152 3086 τὴν
3209 3016 3264 3074 δὲ
3327 3025 3510 3097 γεῦσιν
3542 3021 3604 3085 ἢν
3628 3013 3782 3090 ἑτέροις

463 3109 539 3171 ab
571 3109 854 3171 humanis
884 3109 1240 3189 corporibus
1272 3129 1381 3171 uos
1412 3111 1768 3190 expulimus.
1803 3108 2007 3190 Itaque
2059 3107 2108 3171 si

2195 3113 2222 3167 6
2299 3109 2464 3171 κακὸς
2535 3109 3004 3186 ἒπεμηχανήσατο
3075 3109 3313 3182 μιανθεὶς
3374 3108 3568 3184 ταύτῃ,
3623 3108 3790 3180 πρῶτος

466 3199 697 3261 viribus
710 3200 836 3261 suis
860 3199 1351 3275 conﬁdit,omnes
1375 3218 1587 3279 pugnae
1610 3199 1918 3260 machinas
1939 3199 2000 3259 in
2018 3218 2108 3261 me

2199 3200 2305 3256 τῶν
2360 3196 2545 3254 δεινῶν
2575 3195 2908 3264 ἀπήλαυσεν,
2942 3196 3108 3260 Οὗτός
3139 3196 3286 3254 ἐστιν
3337 3198 3399 3254 ’ὃν
3431 3196 3675 3257 πολλάκις
3710 3197 3792 3246 τῶν

460 3298 858 3349 commoveat:
879 3287 1100 3350 videbit
1123 3288 1282 3349 enim
1311 3307 1405 3348 me
1427 3288 1742 3349 tormentis
1758 3288 2108 3364 cruciatum,

2195 3290 2536 3367 ἀνθρωπίνων
2593 3285 2892 3362 ἐξεώσαμεν
2947 3285 3210 3361 δωμάτων
3259 3285 3349 3344 διὰ
3392 3292 3491 3354 τῆς
3518 3286 3649 3346 Θείας
3697 3281 3793 3336 ἑπι-

460 3377 775 3458 plusquam
825 3397 892 3439 se
944 3377 1344 3453 cruciantem,
1379 3379 1578 3439 valere
1611 3399 1625 3440 :
1661 3388 1722 3439 et
1752 3397 1871 3458 quo
1925 3377 2108 3455 magis

2195 3379 2466 3457 κλήσεως,
2498 3378 2636 3456 φημὶ
2667 3374 2755 3447 δὴ,
2790 3383 2867 3450 τῷ
2896 3384 2989 3432 τοῦ
3030 3384 3260 3454 Χριστοῦ
3318 3377 3572 3448 ἀηττήτῳ
3623 3372 3795 3445 ὀνόμα-

461 3467 699 3548 putabit
725 3486 821 3530 me
843 3467 1130 3530 afﬂictum
1157 3468 1256 3544 iri,
1281 3487 1352 3529 eo
1377 3470 1610 3546 gravius
1632 3471 1761 3548 ipse
1788 3469 2106 3548 afﬂigetur.

2195 3491 2266 3528 τι.
2325 3466 2614 3545 Τοιγαροῦν
2643 3467 2688 3520 εἱ
2715 3464 2966 3522 πέποιθεν
3021 3467 3200 3547 ἰσχύϊ,
3236 3469 3372 3542 πρὸς
3404 3465 3472 3542 μὲ
3500 3466 3564 3522 τὰ
3589 3468 3680 3529 τῆς
3707 3458 3794 3533 μά-

461 3555 863 3630 Quamobrem
923 3558 1172 3619 omnino
1220 3559 1457 3637 gaudeo
1501 3558 1882 3638 exsultoque,
1946 3557 2107 3639 quod

2195 3581 2302 3640 χης
2361 3557 2521 3614 αὐτοῦ
2550 3555 2761 3613 κινείτω
2792 3557 3174 3635 μηχανήματα
3203 3575 3220 3592 ο
3271 3558 3521 3618 θεάσεται
3578 3553 3668 3631 γάρ
3715 3567 3790 3626 με,

459 3646 738 3708 diabolus
769 3647 1044 3708 maximis
1079 3648 1156 3709 de
1186 3646 1368 3709 rebus
1398 3648 1848 3709 convincendus
1880 3649 1978 3710 sit.

2195 3649 2350 3706 πλέον
2395 3644 2645 3702 δύνασται
2702 3642 3124 3724 στρεϐλούμενον
3167 3645 3421 3714 ἢέαυτὸδ
3451 3640 3788 3720 στρεϐλουντα,

457 3739 544 3793 καὶ
615 3738 670 3793 ἐν
729 3737 837 3808 ὅσῳ
905 3752 1165 3815 τιμωρεῖν
1223 3738 1484 3816 οἰήσεται,
1538 3740 1801 3816 βαρύτατα
1847 3745 2306 3816 τιμωρηθήσεται.
2372 3738 2466 3793 Διὸ
2524 3737 2611 3792 καὶ
2667 3736 2780 3791 καθ’
2835 3734 3034 3791 ἕκαστα
3103 3741 3172 3812 τῇ
3207 3743 3358 3816 χαρᾷ
3417 3729 3787 3816 περιθάλπομαι⁹

459 3827 690 3904 πάσχων
733 3828 831 3905 γὰρ
890 3827 1000 3902 ἐγὼ
1040 3812 1106 3884 τά
1160 3829 1387 3906 μέγιστα
1446 3812 1896 3904 ἐκδικηθάσομαι.
1962 3812 2126 3909 Πρός.
2165 3833 2396 3902 τούτοις,
2460 3827 2739 3896 ἀπήπτετο
2781 3828 2844 3884 τὸ
2892 3833 2984 3883 τοῦ
3039 3812 3303 3883 διαϐόλου-
3333 3825 3572 3905 ὄργανον,
3614 3812 3786 3886 δηλαδῆ

459 3917 486 3971 ὁ
523 3915 802 3993 Δατιανὸς,
837 3917 974 3973 κατά
1003 3922 1100 3982 τῆς
1131 3925 1226 3973 τοῦ
1255 3917 1482 3994 Χριστοῦ
1517 3917 1770 3981 πίστεως.

497 4028 732 4092 Vll.Ad
759 4029 885 4092 haec
907 4030 1011 4092 ille
1033 4029 1258 4092 diaboli
1289 4030 1569 4092 minister
1589 4029 2108 4108 Datianus,adver-

2270 4034 2356 4098 Z’.
2420 4027 2592 4110 tEmpta
2653 4032 2752 4109 γὰρ
2797 4031 2956 4087 αὐτὸν
3006 4031 3124 4088 λίαν
3169 4029 3666 4110 καταφρονούμενον,
3716 4000 3789 4076 καὶ

461 4138 562 4182 sus
576 4119 798 4182 Christi
827 4120 1004 4181 ﬁdem
1035 4121 1217 4200 magis
1243 4123 1552 4198 magisque
1571 4121 1972 4184 inflammatus
1994 4135 2105 4200 est,

2195 4128 2321 4201 πρὸς
2381 4109 2649 4200 ὑπηρέτας
2705 4130 2798 4177 του
2846 4119 3095 4178 διαϐόλου
3152 4134 3274 4187 ταῖς
3333 4109 3540 4196 μανίαις
3585 4109 3785 4201 ἀνοιδαίς·

465 4209 684 4292 quippe
702 4211 858 4289 quod
885 4194 1159 4289 seipsum“
1178 4209 1261 4270 val
1287 4194 1656 4271 lecontemni
1679 4194 2108 4276 animadverte;

2195 4238 2319 4278 νων.
2354 4213 2693 4289 Ἀπαγάγετε
2725 4210 2960 4267 ἐντεῦθεν
2991 4214 3081 4265 τὸν
3111 4210 3404 4267 ἐπίσκοπον
3443 4231 3456 4245 ·
3505 4211 3693 4262 ἐκεῖνον
3739 4194 3782 4250 δὲ

462 4311 577 4361 ret.
611 4297 816 4378 Itaque
838 4297 1064 4360 diaboli
1090 4299 1397 4361 ministros
1421 4301 1503 4361 sic
1527 4299 1742 4361 affatus
1767 4310 1856 4362 est
1877 4301 2107 4364 :Abdu-

466 4389 581 4450 cite
631 4388 768 4449 hinc
818 4387 1168 4469 episc0pum
1212 4410 1224 4447 :
1258 4400 1315 4449 at
1345 4389 1520 4450 istum
1555 4390 1652 4469 qui
1685 4391 1754 4450 ad
1781 4391 1998 4470 judicii
2049 4404 2109 4455 et

466 4477 898 4556 imperatorum
949 4479 1365 4540 contumiliam
1404 4480 1520 4541 huc
1565 4479 1748 4554 venit,
1810 4491 1945 4542 ante
1999 4501 2107 4544 nos

465 4566 687 4641 sistite,
719 4575 778 4626 et
802 4567 872 4627 ad
898 4567 1087 4648 ipsius
1104 4569 1322 4630 durum
1354 4588 1420 4629 ac
1454 4570 1818 4648 perticanem
1843 4571 2104 4633 animum

466 4655 922 4735 reprimendum
938 4665 1232 4718 tormenta
1247 4669 1305 4718 et
1330 4657 1630 4719 cruciatus
1651 4659 2106 4723 adhibeteliaec

463 4763 597 4807 cum
623 4745 1138 4819 diceret,maxima
1151 4765 1402 4828 quisque
1415 4747 1706 4827 supplicia
1728 4759 1938 4810 contra
1952 4767 2107 4811 mar-

466 4843 652 4915 tyrem
679 4835 1046 4914 excogitabat
1069 4836 1338 4916 quidem,
1365 4838 1468 4898 sed
1497 4837 1643 4898 illud
1672 4847 1866 4899 tamen
1900 4857 2103 4900 secum

463 4926 666 4987 animo
687 4925 1211 5006 revolvebatquod
1229 4926 1817 5007 quidquid,quamvis
1829 4946 2105 5008 asperum

464 5025 526 5075 et
555 5014 840 5076 acerbum
873 5015 1148 5090 inferret,
1185 5017 1354 5077 fortis
1386 5017 1487 5076 ille
1523 5025 1740 5096 martyr
1773 5035 1880 5096 pro
1917 5016 2105 5077 nihilo

459 5102 658 5167 facere
685 5104 1015 5166 videretur:
1041 5103 1878 5182 Fortasse,inquiens,t‘uturaa
1903 5103 2107 5183 gloriae

455 5209 635 5252 causa
663 5210 755 5252 om
769 5193 865 5253 nia
879 5193 992 5254 sibi
1018 5193 1376 5273 perferenda
1397 5191 2106 5273 proposuit.Excogitavit

456 5278 638 5355 igitur
672 5287 1106 5343 tormentorum
1141 5283 1456 5343 machinas
1488 5282 1789 5342 diabolus:
1827 5282 1932 5342 sed
1957 5299 2104 5362 quas

2191 4307 2280 4377 μοὶ
2323 4305 2414 4359 τὸν
2455 4313 2707 4380 γενναῖον
2738 4302 3000 4380 μαχητὴν
3030 4303 3122 4356 τὸν
3153 4299 3238 4380 ἐφ’
3271 4298 3417 4378 ὕϐρει
3461 4303 3546 4355 τοῦ
3571 4291 3783 4349 δικαστη·

2191 4395 2300 4472 ρίου
2359 4394 2446 4448 καὶ
2502 4396 2607 4446 τῶν
2667 4390 3072 4468 αὐτοκρατόρων
3100 4388 3426 4466 ἒληλυθότα,
3461 4380 3776 4472 προσαγάγετῑ

2190 4467 2314 4556 ὦδε,
2373 4482 2461 4536 καὶ
2520 4485 2587 4555 τῇ
2644 4482 2804 4536 αὐτοῦ
2840 4467 3252 4558 ἀπροσκαρτερίᾳ
3304 4481 3372 4536 τὰ
3429 4467 3772 4558 στρεϐλωτμήρια

2191 4569 2609 4649 προσενέγκατε.
2699 4571 2794 4627 Καὶ
2857 4572 3024 4626 ταῦτα
3095 4569 3295 4648 λέγων,
3359 4566 3552 4625 ἐπενόει
3598 4555 3765 4656 μείζουξ

2187 4662 2276 4715 καὶ
2317 4657 2636 4736 πικροτέρας
2696 4655 2948 4722 κολάσεις
3018 4662 3095 4732 τῷ
3149 4658 3378 4736 γενναίῳ
3433 4656 3652 4743 μάρτυρι,
3697 4658 3769 4743 ξαι

2189 4751 2325 4804 πάνυ
2355 4747 2408 4803 δὲ
2440 4747 2879 4825 ἐπιλογιζόμενος
2927 4747 3134 4826 ἔλεγεν,
3180 4746 3265 4804 ὅτι
3311 4747 3433 4805 Ἔτι
3463 4740 3554 4801 iui
3579 4738 3768 4826 ἐφευρὼν

2189 4840 2552 4915 τιμωρητικὸν
2609 4838 2705 4892 καΐ
2765 4839 2962 4915 πικρὸν
3015 4837 3360 4916 προσενέγκω
3421 4837 3574 4906 αύτῷ,
3631 4822 3768 4916 πάντα

2187 4907 2561 4995 καταπατήσει
2595 4945 2609 4962 ο
2668 4924 2773 4993 ἤδη
2818 4907 2918 5002 γάρ
2964 4907 3431 5003 πρέμεμελέτηται
3489 4921 3638 4990 αὐτῷ,
3672 4907 3766 5003 ἔνε-

2189 5038 2279 5072 κεν
2323 5021 2421 5082 τῆς
2466 4992 2797 5097 ’μελλούσης
2827 4992 3015 5085 δόξης,
3056 4992 3341 5073 παντοῖοι
3368 5005 3660 5097 κολαστικδν
3692 4992 3767 5097 ὅς·

2188 5126 2350 5183 γανον
2408 5107 2728 5180 ὑπομεῖναι.
2784 5095 2990 5179 Ἐαυτῳ
3031 5111 3315 5184 τοιγαροῦν
3357 5099 3549 5159 ἰπενόει
3587 5091 3643 5147 τὰ
3685 5103 3766 5184 ξων

2187 5171 2457 5272 ότρεϐλῶν
2514 5171 2544 5251 ι
2591 5192 2836 5259 διάϐολος
2895 5171 3300 5274 μνίχανήξιάτα,
3331 5171 3767 5280 “tamquam

2185 5269 2264 5358 τῷ
2307 5283 2498 5356 δικαίῳ
2525 5282 2795 5363 ἐπιφέρειν
2851 5269 3110 5363 τιμωρίας
3137 5269 3395 5364 ίπάσχειν
3451 5269 3659 5364 ἤμελλεν
3686 5269 3767 5318 αὖ·

457 5367 518 5425 in
551 5367 712 5428 viros
743 5369 876 5430 illos
901 5371 1096 5450 justos
1125 5387 1328 5448 poenas
1351 5389 1415 5430 se
1435 5370 1742 5430 illaturum
1774 5355 2093 5450 cogitabat,

2195 5355 2271 5436 τδς
2331 5376 2404 5438 ὡς
2451 5355 2548 5430 οῦκ
2602 5355 2872 5433 ἐϐούλετο.
2908 5355 3080 5431 ὁΑΙίλίι
3117 5373 3242 5452 γὰρ,
3275 5355 3450 5453 ξησῖν,
3480 5355 3766 5453 MM”:

455 5471 557 5514 eas
590 5460 740 5534 ipse,
773 5463 838 5516 ut
870 5437 1139 5534 nblebat;
1166 5477 1446 5536 passurus
1479 5469 1626 5521 erat.
1661 5456 1779 5520 Sed
1812 5437 2094 5538 quidnam

2195 5484 2267 5526 τες
2328 5463 2485 5520 αὐτὸν
2543 5463 2629 5521 ἐπὶ
2673 5465 2734 5519 τό
2773 5461 2924 5529 ξύλον
2977 5462 3212 5538 μεληδὸν
3277 5455 3663 5538 κςιτιισπιιὶσιιιτε,Δ
3695 5437 3765 5496 καὶ

453 5539 538 5597 ait
560 5531 800 5620 iniquus
819 5543 923 5604 ille
937 5550 964 5602 ?
984 5531 1182 5624 Agite,
1189 5546 1766 5628 inquit,suspendite
1788 5531 2094 5609 hominem

2195 5559 2284 5611 τᾶν
2341 5556 2405 5609 τὸ
2451 5559 2608 5636 σῶμα
2651 5556 2810 5610 αὐτοῦ
2884 5531 3193 5636 διαβρήξατε
3251 5549 3589 5620 καθέλκοντες,
3639 5531 3760 5591 ὅπως
