3972 6130
223 254 348 335 ‘74:-

1536 252 1726 332 VITA
1771 264 1831 328 S.
1879 255 2319 331 VINGENTII.

3491 261 3610 329 742

222 407 322 487 πρὸ
355 410 468 465 τῶν
532 404 813 464 κολάσεων
847 416 968 468 τοῖς
1013 403 1226 468 οἶκείοις
1259 415 1532 477 σπασμοῖς
1591 401 1883 482 ἀναιρεθή-

1985 400 2152 462 istum
2181 399 2242 462 in
2274 399 2460 480 ligno,
2491 395 2741 480 ejusque
2765 391 3035 460 membra
3055 387 3406 474 discernite,
3426 417 3496 460 ac
3517 404 3608 461 to-

221 519 396 560 σεται,

295 673 481 732 Η¹Καὶ
513 672 752 734 πολλαῖς
783 672 946 751 ὥραις
991 671 1240 746 ξεομένου
1290 680 1382 729 τοῦ
1437 670 1720 748 μάρτυρος,
1755 669 1883 747 φησῖ

215 765 346 839 πρὸς
398 765 570 820 αὑτὸν
615 765 640 819 'o
702 766 980 823 Δατιανός⁹
1043 762 1103 818 Τί
1149 759 1346 836 λέγεις,
1380 762 1425 814 ὦ
1485 759 1774 831 Βικέντιες
1833 759 1885 813 ἐν

215 856 394 916 ποίοις
459 854 696 928 καθορᾷς
728 854 789 908 τὸ
847 853 1036 909 ἑαυτοῦ
1066 848 1404 926 τρισάλθλιον
1437 854 1592 912 σῶμα
1650 867 1668 923 ;
1706 857 1800 905 Και
1859 849 1886 902 ὁ

217 944 369 1020 ἅγιος
429 941 769 1016 ὑπομειδιῶν
817 955 994 998 εἶπεν
1058 943 1225 998 Τοῦτό
1281 942 1423 995 ἔστιν
1481 938 1511 994 ὃ
1553 935 1812 1012 εὐξάμην,
1844 939 1887 990 ὦ

217 1032 436 1100 ἀληθῶς
497 1030 784 1088 πανάθλιε·
823 1029 987 1093 οὐδείς
1050 1029 1142 1104 μοί
1191 1050 1284 1086 σου
1332 1028 1692 1103 ποθεινότερος
1753 1028 1883 1096 εὐή-

213 1127 304 1192 θη,
336 1121 461 1178 οὔτε
509 1123 594 1184 εἷς
626 1120 765 1195 ἐμὴν
824 1120 1149 1199 καταψυχὴν
1206 1118 1421 1196 ἐγένετο
1475 1117 1679 1173 πόποτε
1731 1115 1882 1192 εὒερο

219 1211 611 1290 γετικώτερος“
673 1211 718 1266 εἰ
773 1210 872 1288 γὰρ
931 1209 1020 1266 καί
1076 1209 1330 1286 ἀπεχθῶς
1387 1213 1552 1264 ταῦτα
1603 1205 1880 1283 πράσσεις,

217 1303 278 1358 σὺ
333 1301 504 1375 μόνος
571 1299 689 1356 λίαν
733 1299 984 1362 εὗκταϊός
1039 1319 1133 1373 μοι
1189 1299 1550 1362 καθέστηκας.
1597 1293 1728 1352 ἰδοὺ
1785 1295 1884 1372 γὰρ

215 1389 408 1448 λοιπὸν
460 1396 579 1446 τῶν
635 1387 984 1468 ὑψηλοτέρων
1041 1383 1298 1442 ἓπιϐαίνω
1343 1387 1432 1442 καὶ
1472 1391 1579 1441 τῶν
1634 1383 1885 1462 ἐπιγείων

219 1480 548 1559 ἀφίσταμαι,
617 1477 752 1536 Ἰδοὺ
794 1479 900 1534 τῶν
959 1477 1212 1556 οὐρανίων
1269 1475 1597 1555 ἐφάπτομαι,
1631 1475 1720 1529 καὶ
1769 1473 1887 1536 τοὺς

219 1568 472 1647 βασιλεῖς
504 1591 606 1625 σου
643 1569 885 1642 μείζονας
917 1573 1227 1623 καταπτύω·
1288 1571 1578 1643 Τοιγαροῦν
1609 1569 1707 1628 τῆς
1737 1563 1889 1626 ὠμό-

1965 499 2087 550 tum
2113 508 2331 570 corpus
2353 489 2798 563 contundite,ut
2817 489 3157 568 priusquam
3179 487 3313 548 aliis
3336 488 3609 549 cruciati-

1968 579 2078 640 bus
2103 580 2492 658 afﬂigatur.se
2516 579 2838 640 laceratum
2865 586 2923 639 et
2945 586 3365 655 consumptum
3387 576 3606 640 videat.

2049 669 2175 732 VII.
2192 671 2339 732 Cum
2365 669 2548 748 igitur
2570 677 2787 749 martyr
2805 666 2932 746 ipse
2952 667 3155 727 multis
3179 665 3342 728 horis
3364 666 3613 727 dilania-

1971 769 2156 839 retur,
2191 760 2274 819 sic
2307 777 2440 819 eum
2478 758 2761 821 Datianus
2792 756 3211 838 alloquebatur
3241 778 3253 817 :
3302 754 3456 828 Quid
3495 755 3606 831 ais,

1970 846 2291 910 Vincenti?
2322 846 2556 908 Annon
2582 845 2765 919 vides,
2791 864 2969 925 quam
2997 845 3234 906 miseris
3265 845 3456 907 modis
3473 862 3610 907 cor-

1972 956 2081 1016 pus
2111 945 2274 996 tuum
2306 934 2647 998 miserabile
2669 933 3016 995 dilaniatum
3043 932 3148 994 sit?
3177 933 3326 995 Tum
3363 935 3447 995 illi
3471 933 3612 996 sub-

1968 1025 2176 1088 ridens
2193 1025 2566 1087 Vincentius:
2596 1025 2745 1101 Hoc,
2778 1024 2990 1105 inquit,
3015 1033 3127 1098 est,
3153 1024 3308 1102 quod
3337 1023 3466 1103 ipse
3491 1034 3610 1086 toto

1967 1115 2166 1177 animo
2199 1113 2556 1196 expetebam
2607 1134 2620 1174 :
2673 1115 2876 1194 itaque
2927 1131 3102 1174 nemo
3140 1113 3282 1174 mihi
3319 1131 3608 1194 unquam,

1968 1205 2181 1265 credas
2213 1204 2415 1276 velim,
2450 1203 2770 1284 optabilior
2795 1205 2985 1283 teipso
3002 1203 3135 1277 fuit,
3173 1221 3368 1283 neque
3395 1203 3612 1265 animae

1970 1312 2119 1354 meae
2144 1294 2500 1356 beneficium
2538 1295 2732 1373 majus
2753 1291 3047 1355 contulit:
3079 1311 3213 1353 nam
3248 1292 3384 1353 licet
3409 1292 3612 1354 hostili

1971 1383 2171 1444 animo
2195 1383 2250 1445 id
2276 1382 2477 1457 facias,
2501 1391 2697 1444 tamen
2719 1400 3020 1443 summum
3045 1381 3408 1443 beneﬁcium
3429 1381 3491 1442 in
3516 1400 3614 1444 me

1973 1473 2231 1535 confers.
2269 1471 2354 1534 En
2388 1481 2450 1534 ut
2480 1473 2550 1533 ad
2587 1471 2937 1533 sublimiora
2965 1471 3226 1534 ascendo
3257 1490 3366 1546 ;en
3401 1480 3464 1532 ut
3487 1490 3614 1534 cce-

1975 1563 2155 1625 lestes
2189 1582 2287 1624 res
2317 1563 2542 1642 attingo
2572 1583 2587 1637 ;
2632 1581 2705 1623 en
2740 1571 2803 1622 ut
2833 1563 3229 1637 imperatores
3262 1570 3394 1622 tuos
3425 1561 3615 1640 magis

220 1680 384 1725 τητος
441 1659 510 1714 σὺ
575 1658 654 1733 μὴ
697 1657 900 1733 παύσῃ,
933 1658 979 1711 ὦ
1029 1655 1387 1734 παγκάκιστε·
1421 1651 1736 1723 ἐπαυξήσεις
1793 1653 1892 1730 γὰρ

1985 1661 2324 1714 contemno.
2358 1652 2442 1714 Tu
2477 1652 2658 1732 igitur
2679 1651 2753 1712 ab
2775 1651 2890 1713 ista
2913 1659 3011 1711 tua
3039 1649 3392 1712 crudelitate
3422 1669 3498 1712 ne
3517 1650 3620 1712 de-

223 1749 310 1822 μοὶ
353 1747 423 1804 τὰ
453 1752 563 1814 τῆς
621 1747 798 1821 νίκης,
836 1746 992 1824 εἴπερ
1023 1743 1106 1801 διὰ
1155 1746 1413 1819 μειζόνων
1444 1744 1648 1812 νικήσω
1674 1763 1732 1798 σε
1789 1764 1888 1797 κο-

1975 1748 2177 1802 sistas:
2211 1740 2351 1802 mihi
2377 1743 2535 1802 enim
2559 1760 2628 1802 eo
2656 1740 3117 1804 cumulatiorem
3141 1740 3453 1801 victoriam
3477 1739 3618 1802 affe-

224 1836 458 1897 λάσεων.
512 1835 829 1914 Ἐπεγείρου
875 1835 962 1892 οὖν
1007 1833 1210 1910 μᾶλλον
1259 1836 1356 1889 καὶ
1405 1845 1526 1893 ταῖς
1586 1832 1889 1896 κακονοίαις

1985 1850 2096 1912 res,
2113 1851 2228 1912 quo
2250 1832 2478 1912 majora
2500 1840 2795 1893 tormenta
2821 1830 3207 1912 perferendo,
3236 1831 3489 1910 teipsum
3512 1848 3618 1893 su-

223 1933 314 1983 τοῦ
374 1932 580 2004 μιαροῦ
638 1947 732 1981 σου
790 1927 991 2003 πατρὸς
1053 1920 1446 2002 ἀναϐακχεύου,
1499 1921 1696 1996 μήπως
1754 1943 1886 1996 σμι-

1985 1920 2224 2002 perabo.
2244 1918 2406 1995 Esto,
2435 1939 2660 2002 quaeso,
2677 1920 2736 1981 in
2763 1940 2856 1982 me
2879 1921 3068 2000 magis
3089 1920 3396 2000 magisque
3418 1919 3618 1982 conci-

225 2019 419 2094 κρύνῃς
478 2038 589 2091 μου
645 2017 709 2071 τὰ
765 2014 859 2082 τῆς
932 2012 1113 2092 δόξης,
1163 2013 1240 2088 μὴ
1298 2011 1495 2086 ζημίαν
1553 2011 1886 2090 προστρίψῃς

1985 2019 2152 2084 tatus,
2183 2019 2240 2070 et
2268 2009 2479 2072 nefarii
2507 2010 2589 2074 tui
2616 2010 2864 2091 Spiritus
2887 2011 3296 2090 perversitate,
3331 2019 3617 2091 quantum

225 2119 342 2168 τοῖς
375 2106 539 2180 ἐμοῖς
574 2105 841 2166 ἐπαίνοις,
875 2095 1142 2177 ’Ἑτοιμος
1177 2105 1204 2158 ὁ
1231 2109 1322 2158 τοῦ
1353 2109 1487 2158 Θεοῦ
1515 2099 1695 2166 δοῦλος
1721 2102 1891 2156 πάντα

1985 2099 2084 2172 vis,
2109 2099 2509 2170 debacchare.
2547 2117 2624 2161 ne
2649 2118 2767 2175 quo
2799 2099 2974 2160 modo
2997 2098 3252 2176 gloriam
3281 2117 3475 2160 meam
3497 2097 3617 2160 im-

229 2195 518 2271 ὕπομένειν
609 2194 741 2270 ὑπὲρ
807 2201 900 2250 τοῦ
962 2192 1226 2267 ὀνόματος
1281 2196 1373 2248 τοῦ
1458 2190 1642 2267 Κυρίου
1713 2190 1894 2255 Ἰησοῦ

1985 2188 2232 2264 minuas,
2269 2196 2327 2249 et
2359 2188 2582 2250 nostris
2615 2187 2890 2250 laudibus
2925 2187 3206 2249 damnum
3242 2188 3480 2250 afferas.
3525 2188 3618 2250 En

228 2291 481 2364 Χριστοῦ⁸
519 2283 598 2340 δι’
641 2283 712 2339 ὠν
743 2281 798 2338 δὲ
853 2281 1166 2339 ἐπαπειλῶν
1199 2279 1307 2339 οἴει
1351 2302 1417 2355 με
1461 2281 1890 2358 τιμωρήσασθαι,

1985 2295 2082 2355 ego
2108 2276 2326 2340 Christi
2355 2295 2586 2350 servus,
2615 2286 2851 2357 paratus
2892 2295 3023 2338 sum
3073 2276 3274 2337 omnia
3318 2276 3618 2339 sustinere

229 2382 434 2438 τούτοις
509 2372 845 2454 πικρὸτέρως
928 2373 990 2428 σὺ
1081 2372 1168 2427 καὶ
1251 2366 1566 2446 πολυμερῶ)
1635 2390 1886 2447 τιμωρη-

1985 2389 2081 2450 pro
2117 2370 2359 2430 nomine
2408 2369 2678 2448 ejusdem
2730 2369 2964 2431 Domini
3010 2368 3127 2428 mei
3174 2366 3318 2430 Jesu
3371 2368 3617 2434 Christi.

227 2467 390 2544 θήσῃ.
1975 2457 2202 2531 Quibus
2232 2468 2432 2519 autem
2469 2457 2648 2519 minis
2677 2465 2738 2520 et
2761 2457 3124 2519 cruciatibus
3157 2477 3252 2519 me
3284 2457 3616 2520 vexandum

1973 2566 2108 2610 esse
2138 2549 2426 2627 Opinaris,
2460 2546 2582 2608 illis
2632 2555 2689 2608 tu
2722 2547 2853 2628 ipse
2882 2546 3161 2609 acerbius
3193 2548 3528 2610 vexaberis.

317 2643 398 2707 Θ’.
459 2645 608 2721 Πρὸς
651 2648 819 2698 ταῦτα
847 2641 935 2697 οὗν
979 2640 1185 2716 κράζειν
1217 2636 1410 2716 ᾔρξατο
1444 2637 1577 2694 κατὰ
1607 2643 1712 2694 τῶν
1762 2639 1888 2694 ἔαυη

2055 2635 2152 2699 ΙΧ.
2177 2635 2282 2698 His
2303 2636 2502 2698 verbis
2521 2637 2764 2709 auditis,
2791 2635 3100 2711 Datianus,
3129 2639 3329 2698 furore
3353 2637 3618 2718 quodam

238 2734 327 2790 τοῦ
366 2732 633 2808 μεμηνὼς
666 2733 694 2787 ὁ
728 2731 1009 2802 Δατιανὸς,
1044 2729 1131 2785 καὶ
1161 2728 1238 2802 τῷ
1280 2730 1430 2802 θυμῷ
1459 2726 1747 2805 ὑπερζέσας
1798 2729 1890 2782 καί

1985 2734 2037 2788 et
2067 2725 2232 2788 rabie
2255 2727 2451 2788 inﬂam
2463 2737 2678 2808 matus,
2707 2735 2762 2788 et
2785 2725 3081 2788 clamores
3106 2745 3229 2807 pra;
3250 2726 3482 2789 insania
3501 2727 3619 2788 tol-

241 2823 557 2902 βακχευθεὶς
616 2826 692 2894 τῷ
735 2818 995 2876 λυσσωτει
1040 2818 1325 2894 πνεύματι,
1387 2815 1557 2880 ξύλοις
1613 2817 1702 2872 καὶ
1758 2813 1891 2894 ῥάϐο

1985 2815 2131 2889 lens,
2167 2816 2346 2894 lignis
2377 2836 2444 2878 ac
2473 2816 2655 2896 virgis
2688 2815 2998 2878 carnifices
3042 2815 3422 2892 verberabat,
3459 2816 3621 2899 quod

249 2908 353 2972 δοις
392 2912 505 2976 τοὺς
560 2908 782 2984 δημίους
842 2905 1147 2985 ἱμάστιξεν,
1179 2908 1251 2966 ὣς
1294 2905 1386 2962 ἅτε
1445 2903 1509 2972 δὴ
1554 2905 1894 2980 ρᾳθυμήσαν-

1985 2923 2194 2985 segnes
2245 2913 2449 2967 essent
2499 2905 2559 2966 in
2611 2913 2874 2984 martyre
2921 2903 3271 2977 cruciando,
3310 2906 3620 2988 magisque

247 3021 337 3065 τας
402 3002 487 3058 καὶ
569 2997 910 3078 φειδομένους
966 2995 1059 3054 τοῦ
1101 2996 1393 3075 μάρτυροςο
1441 2993 1603 3050 πλέον
1661 2992 1716 3049 δὲ
1774 2993 1894 3051 κατ’

1985 3005 2188 3057 contra
2217 2995 2556 3076 carniﬁces,
2588 3013 2763 3076 quam
2796 3005 3003 3057 contra
3025 2995 3224 3056 virum
3250 2995 3418 3058 illum
3443 3014 3621 3059 sanc-

249 3092 433 3170 αὒτῶν,
462 3090 499 3159 ἢ
539 3089 674 3146 κατὰ
715 3098 808 3146 τοῦ
867 3085 1069 3143 δικαίου
1111 3083 1492 3165 ἐχαλέπαινεν,
1532 3083 1632 3161 πρὸ
1675 3091 1768 3141 τοῦ
1810 3083 1894 3140 δι-

1985 3093 2102 3146 tum
2138 3083 2641 3159 excandescebat,
2665 3084 3034 3147 domesticos
3055 3093 3113 3146 et
3133 3084 3462 3148 familiares
3481 3105 3623 3149 suos

251 3181 391 3236 καίου
432 3181 558 3244 τοὺς
591 3178 818 3240 οἰκείους
877 3175 1234 3251 αἰκιζόμενος.
1281 3179 1360 3250 Τῇ
1414 3172 1475 3230 εκ
1531 3180 1666 3230 Θεοῦ
1694 3171 1749 3229 δὲ
1808 3175 1896 3229 αἱ-

259 3269 447 3339 διότητι
504 3274 534 3328 ὃ
581 3270 883 3349 ἀγωνιστὴς
916 3267 970 3325 ἐν
1025 3272 1105 3341 τῷ
1173 3264 1407 3346 ἀσφαλεῖ
1459 3265 1750 3344 ἀμέριμνος
1809 3269 1896 3323 καί

263 3359 440 3423 ἄπονος
496 3361 611 3417 τῶν
661 3356 921 3416 αἰκισλῶν
973 3357 1258 3437 ἐτύγχανε·
1328 3353 1448 3411 κατ’
1509 3354 1723 3410 ἐκείνων
1795 3355 1896 3431 γὰρ

271 3447 477 3528 μᾶλλον,
521 3446 642 3506 καθ’
677 3451 752 3504 ὧν
797 3446 894 3514 τὴν
939 3445 1208 3503 αὐθεντίαν
1251 3443 1438 3524 εἶχεν,
1481 3442 1746 3518 ἐμαίνετο,
1766 3444 1895 3528 ⁸τότε

269 3534 328 3605 δὴ
375 3521 628 3607 ὁάληθὶ,ς
674 3535 946 3600 Βικέντιος
991 3521 1476 3612 (μεταπίπτονγὴρ
1520 3533 1592 3596 εἰς
1635 3521 1894 3602 τὴνδελ-

263 3623 433 3694 ληνίδα
463 3628 716 3705 γὶῶσσαν
765 3624 989 3692 νικητὴς
1035 3625 1095 3680 τὸ
1128 3622 1297 3698 ὄνομα
1345 3621 1738 3698 σαφηνίζεται),
1769 3621 1897 3698 φησὶ

259 3718 378 3792 πρὸς
425 3719 516 3775 τὸν
583 3715 852 3791 ἀλάστορα
907 3714 1243 3790 κρεμάμενος
1300 3710 1386 3767 ἐπὶ
1442 3709 1533 3768 τοῦ
1602 3707 1776 3774 ξύλου*
1838 3710 1898 3767 Τί

256 3809 442 3886 λέξεις,
480 3813 528 3868 ὦ
579 3806 855 3878 Δατιανές
913 3803 1023 3862 ἰδοὺ
1052 3804 1196 3882 παρὰ
1250 3808 1355 3858 τῶν
1406 3807 1650 3880 τιμωρῶν
1701 3801 1897 3880 ἀπέχω

1981 3173 2150 3254 prius
2199 3192 2376 3254 quam
2431 3183 2748 3254 martyrem
2798 3173 3146 3239 verberans.
3215 3171 3360 3236 Cum
3413 3184 3620 3240 autem

1972 3262 2156 3343 judex
2209 3264 2339 3343 ipse
2398 3263 2458 3324 in
2509 3281 2649 3324 suos
2710 3262 2898 3340 magis
2929 3264 3176 3338 fureret,
3213 3272 3353 3326 tunc
3397 3265 3622 3328 athleta

1979 3351 2334 3414 Vincentius
2383 3352 2538 3432 (ejus
2585 3361 2782 3414 autem
2837 3371 3081 3427 nomen,
3131 3353 3182 3414 si
3240 3353 3374 3435 quis
3418 3353 3623 3417 Graece

1980 3442 2433 3522 interpretetur,
2470 3442 2732 3504 inveniet
2762 3441 2920 3502 idem
2948 3444 3167 3519 valere,
3188 3461 3256 3504 ac
3275 3444 3325 3504 si
3344 3445 3619 3518 Niceten,

1981 3531 2093 3591 hoc
2127 3538 2217 3591 est
2251 3526 2581 3605 Victorem,
2622 3529 2828 3606 dicat),
2866 3530 2926 3590 in
2957 3529 3116 3608 ligno
3149 3531 3448 3610 pendens,
3481 3551 3625 3596 sce-

1979 3619 2232 3681 leratum
2249 3619 2516 3700 judicem
2537 3619 2624 3680 sic
2642 3621 2850 3680 affatus
2876 3627 2966 3681 est
2989 3636 3004 3680 :
3031 3619 3182 3692 Quid
3209 3620 3319 3696 ais,
3343 3620 3626 3685 Datiane?

1980 3708 2065 3770 En
2118 3727 2321 3789 poenas
2360 3709 2588 3789 rccipio
2619 3709 2692 3770 ab
2727 3709 2843 3782 his,
2880 3709 2978 3789 qui
3013 3727 3110 3770 me
3139 3711 3434 3788 cruciant,
3467 3721 3526 3774 et
3557 3723 3624 3776 tu

1980 3807 2186 3863 contra
2222 3809 2357 3862 tuos
2388 3798 2661 3860 homines
2691 3799 2948 3860 ultorem
2987 3807 3042 3861 te
3075 3801 3219 3862 mihi
3253 3801 3510 3882 praebes.

253 3896 348 3964 τὴν
414 3897 716 3977 ἐκδίκησιν,
776 3892 958 3960 ἐπειδὴ
1033 3893 1188 3958 αὗτὸς
1243 3891 1380 3949 κατὰ
1438 3895 1540 3946 εῶν
1597 3897 1789 3948 σαυτοῦ
1846 3889 2052 3956 ἔκδικός
2111 3912 2211 3964 μου
2267 3891 2530 3970 πέφηνας,
2579 3890 2794 3956 Τούτοις
2860 3889 2914 3945 δὲ
2981 3891 3104 3954 τοῖς
3176 3893 3400 3970 ῥήμασι,
3459 3891 3624 3952 πλέον

255 3988 404 4045 αὑτὸν
433 3987 690 4058 ἐκόλαζεν
701 4032 712 4045 .

330 4086 370 4137 ί.
429 4076 697 4138 Ἀκούσας
747 4072 802 4130 δὲ
858 4081 1046 4150 ταῦτα,
1102 4071 1302 4147 μείζονι
1359 4070 1446 4126 καὶ
1502 4064 1901 4148 λυσσωδεστέρᾳ

253 4169 400 4246 φωνῇ
442 4166 610 4224 πλέον
670 4161 860 4235 ἒκϐοᾷν
905 4162 1154 4240 ἄρχεται,
1205 4161 1294 4216 καὶ
1347 4171 1464 4221 τοῖς
1524 4156 1727 4218 ὀδοῦσιν
1788 4159 1900 4215 ἐπι-

255 4255 466 4338 ϐρύκειν
500 4256 744 4320 ἐκτόπως
787 4253 973 4310 ἑαυτὸν
1014 4253 1040 4307 ὁ
1098 4248 1429 4338 ταλαίπωρος
1484 4249 1903 4328 προσπαράετων

253 4353 342 4403 τοῦ
378 4337 691 4425 μάρτυρος.
760 4345 855 4401 Καὶ
917 4343 1016 4419 γὰρ
1069 4348 1161 4396 τοῦ
1217 4337 1348 4404 ξέειν
1405 4337 1800 4414 ἀποκαμόντες,
1859 4339 1905 4396 οἱ

259 4433 438 4510 δήμιοι
487 4436 834 4512 ἐπεπήγεσαν
865 4430 1047 4508 ὥσπερ
1075 4428 1304 4508 ἄψυχοι,
1339 4427 1458 4483 α’ίτε
1517 4441 1702 4507 χεῖρες
1735 4431 1904 4485 αὐτῶν

257 4527 371 4601 περὶ
423 4528 487 4584 τὰ
521 4524 720 4602 πλευρὰ
773 4528 868 4578 τοῦ
897 4519 1101 4577 δικαίου
1158 4517 1335 4593 νεκραὶ
1391 4515 1784 4594 ἀπεκρέμαντο,
1819 4519 1904 4573 καὶ

258 4615 322 4670 τὰ
368 4619 636 4694 πρόσωπα
665 4613 972 4694 ὠχριῶντες
1017 4605 1304 4688 κρουνηδὸν
1346 4606 1466 4669 τοὺς
1497 4607 1718 4683 ἱδρῶτας
1769 4607 1906 4662 κατὰ

263 4693 452 4769 παντὸς
514 4713 608 4762 τοῦ
667 4693 917 4777 σώματος
973 4700 1146 4755 αὐτῶν
1195 4695 1434 4770 ἔσταζον,
1488 4694 1583 4750 καί
1639 4695 1704 4750 τὰ
1761 4693 1902 4768 μέλη

260 4790 506 4870 λυόμενοι
561 4792 981 4861 κατεστήκοντο.
1028 4787 1160 4846 Τότε
1203 4785 1396 4854 στῆθος
1447 4783 1620 4843 αὐτῶν
1677 4783 1904 4841 ἐπιπολὺ

262 4884 624 4962 κεκμηκότων
693 4881 874 4958 ὥσπερ
957 4877 1152 4935 ἄπνουν
1239 4875 1512 4932 λελίθωτο³
1599 4873 1909 4948 ὁπελαμϐα-

268 4993 347 5034 νες
404 4971 457 5030 δὲ
488 4973 714 5032 ἐκείνους
778 4967 982 5045 μᾶλλον
1035 4967 1429 5041 τετιμωρῆσθαι
1480 4978 1604 5028 ταῖς
1655 4963 1909 5038 βασάνοις

266 5063 353 5118 καὶ
396 5064 607 5142 νεκροὺς
634 5061 922 5139 ὑπάρχειν,
955 5057 1141 5136 νεκρὸν
1197 5053 1252 5111 δὲ
1296 5053 1391 5111 καΐ
1447 5053 1604 5111 αὒτὸν
1664 5055 1754 5108 τὸν
1801 5066 1908 5111 Δα-

271 5153 444 5209 τιανον
492 5141 558 5208 τὸ
616 5151 901 5230 πρόσωπον
955 5148 1266 5226 ὠχριῶντα,
1327 5141 1565 5222 ἄψυχον,
1623 5143 1906 5222 τρέποντα,

270 5241 390 5306 τοὺς
448 5241 745 5320 ὀφθαλμοὺς
819 5235 1236 5313 ἀμϐλυώττοντα
1265 5280 1284 5313 ,
1340 5231 1612 5314 ἀχλυώδει
1682 5236 1783 5288 τινὶ
1833 5233 1910 5307 τῷ

274 5328 560 5406 βλέμματι,
627 5331 716 5386 καὶ
789 5327 970 5403 ὥσπερ
1053 5323 1107 5381 ἐν
1189 5321 1400 5396 θανάτῳ
1481 5321 1910 5400 συγκεχυμένους

277 5416 596 5497 κατέχοντα,
661 5418 756 5474 Καὶ
826 5416 926 5494 γὰρ
987 5411 1148 5470 πάλιν
1206 5411 1438 5468 ἄτακτον
1494 5411 1581 5468 καὶ
1650 5406 1911 5485 μανιῶδες

283 5502 403 5563 ἐϐόα
457 5507 594 5564 κατὰ
631 5512 739 5562 τῶν
789 5505 1015 5581 δημίων⁹
1077 5503 1138 5560 Τί
1193 5501 1511 5581 πράσσετε;
1587 5499 1781 5577 λέγων·
1855 5501 1915 5558 οὗ

281 5595 377 5676 γὰρ
439 5594 776 5675 ὶπιγινώσκω
803 5595 896 5657 τὰς
952 5605 1148 5673 χεῖρας
1192 5591 1362 5666 ὑμῶν’
1399 5587 1731 5670 ἀνδροφόνων
1787 5587 1912 5646 οἶδα

2062 4064 2131 4130 Χ.
2179 4065 2316 4128 Haic
2346 4086 2478 4129 cum
2531 4073 2758 4148 martyr
2787 4066 3058 4144 dixisset,
3110 4069 3378 4151 judicem
3427 4071 3624 4154 ipsum

1990 4157 2171 4237 magis
2199 4159 2500 4239 magisque
2522 4158 2849 4221 cruciabat.
2877 4158 3272 4232 Quamobrem
3294 4163 3472 4242 cmpit
3491 4164 3624 4244 plus

1990 4251 2187 4312 furere
2211 4259 2266 4310 et
2290 4251 2574 4325 clamare,
2603 4261 2660 4313 et
2690 4251 2969 4314 dentibus
3000 4253 3282 4329 fremere,
3308 4257 3465 4316 ultra
3493 4274 3624 4319 mo-

1991 4340 2130 4401 dum
2159 4357 2224 4401 se
2259 4340 2446 4420 magis
2477 4360 2650 4421 quam
2686 4349 3001 4422 martyrem
3049 4345 3344 4407 crucians.
3375 4345 3462 4407 Ad
3499 4346 3627 4409 haec

1989 4428 2455 4510 carnificesipsi,
2487 4449 2620 4492 cum
2647 4429 2706 4491 in
2739 4449 2808 4492 eo
2835 4431 3153 4494 laceranda
3177 4444 3381 4496 essent
3409 4434 3627 4498 defati-

1989 4519 2127 4596 gati,
2169 4527 2448 4600 tanquam
2491 4519 2813 4581 exanimati
2826 4523 2952 4600 jam
2986 4531 3354 4604 torpuerant,
3380 4544 3626 4588 eorum-

1987 4625 2105 4688 que
2120 4626 2353 4683 manue,
2374 4618 2653 4686 tanquam
2678 4619 2945 4686 mortuae,
2974 4611 3136 4674 circa
3153 4615 3426 4695 martyris
3445 4615 3632 4678 latera

1986 4695 2372 4778 obriguerant
2403 4717 2415 4760 :
2445 4716 2701 4778 cumque
2723 4700 3173 4779 expalluissent,
3198 4703 3418 4766 sudore
3443 4706 3628 4768 multo

1992 4793 2174 4878 totum
2193 4806 2398 4878 eorum
2424 4806 2642 4868 corpus
2659 4789 3040 4878 irrigabatur:
3068 4791 3347 4854 omnibus
3367 4791 3632 4878 denique

1994 4875 2285 4937 membris
2308 4876 2582 4938 dissoluti
2608 4886 2801 4940 erant.
2828 4877 3034 4960 Itaque
3059 4899 3162 4942 eos
3185 4880 3393 4944 videre
3415 4875 3633 4946 licebat

1991 4963 2358 5027 cruciatibus
2391 4965 2578 5045 magis
2628 4967 2900 5043 allectos,
2954 4987 3128 5048 quam
3185 4980 3527 5051 martyrem,
3561 4991 3632 5036 ac

1996 5060 2408 5129 propemodum
2435 5070 2694 5118 mortuos
2720 5075 2734 5117 :
2759 5063 2899 5132 quin
2924 5062 3095 5120 etiam
3122 5062 3418 5123 Datianum
3441 5066 3631 5138 ipsum

1993 5160 2097 5204 ore
2122 5142 2744 5223 pallido,exanimem,
2762 5155 3143 5223 trementem,
3167 5147 3356 5210 oculis
3377 5150 3636 5229 caligan-

1993 5239 2139 5305 tem,
2165 5240 2223 5294 et
2253 5240 2534 5312 tanquam
2567 5241 2756 5295 morte
2775 5243 3144 5313 correptum,
3164 5246 3338 5318 atque
3358 5237 3637 5302 immobi-

1993 5321 2111 5382 lem
2138 5320 2378 5395 factum,
2396 5339 2604 5382 rursus
2626 5320 3116 5403 incompositum,
3145 5325 3640 5406 insanientem,et

1992 5421 2200 5473 contra
2223 5410 2538 5472 carniﬁces
2561 5410 2986 5472 vociferantem
3014 5429 3028 5474 :
3063 5414 3360 5486 Quidnam
3383 5435 3485 5480 vos
3508 5419 3636 5499 agi-

1996 5500 2120 5562 tis?
2150 5499 2368 5562 Annon
2403 5499 2548 5560 mihi
2581 5508 2736 5561 nota;
2764 5510 2900 5562 sunt
2933 5519 3146 5563 manus
3176 5506 3434 5569 vestrae?
3465 5509 3638 5588 Saepe

1994 5588 2438 5652 homicidarum
2451 5591 2738 5651 saevitiam
2760 5608 2794 5652 a
2812 5589 2977 5652 vobis
2991 5600 3346 5672 prostratam
3364 5595 3634 5677 cognovi.
