3972 6130
392 258 516 328 743
1693 260 1974 332 MENSIS
2012 267 2031 330 J

2125 257 2468 333 QUARIUS.
3625 257 3728 336 ’744

397 402 770 482 Frequenter
791 400 1084 463 latronum
1110 404 1167 463 et
1190 398 1619 480 parricidarum
1653 403 2018 468 ferocitatem

2125 404 2363 469 πολλάκις
2414 405 2548 477 ὅμᾶς
2600 398 2923 472 νικήσαντας
2978 401 3171 458 ἆπόνοι
3195 424 3288 475 αν,
3345 401 3436 458 καὶ
3481 407 3751 479 πατροκτό-

399 496 672 552 manibus
686 496 890 552 vestris
913 503 1306 566 expugnastés,
1323 507 1374 553 et
1390 497 1669 554 venefico:
1687 514 1780 554 um
1801 515 2031 567 arcana,

2125 519 2222 552 νων
2277 495 2474 570 ὁμοίως
2520 495 2586 568 τῇ
2641 499 2872 572 καρτερᾷ
2935 499 3040 550 τῶν
3098 496 3314 571 χειρῶν
3387 490 3632 569 ἐπιμονῇ,
3684 489 3763 551 καὶ

399 583 458 644 in
490 582 698 643 intimo
733 600 938 643 eorum
973 582 1151 642 corde
1183 581 1427 644 latentia
1468 601 1881 663 saepenumero
1930 605 2031 648 ex-

2125 587 2330 665 γοήτων
2397 581 2670 661 ἆπόῤῥητα
2738 589 2812 656 τῷ
2882 583 3030 658 βαθει
3095 581 3458 656 καμπτόμενα
3527 580 3758 648 πολλάκις

400 671 658 734 traxistis
710 690 722 733 :
781 671 1004 752 quique
1058 670 1279 734 nefarie
1311 671 1830 753 intemperantiam
1865 694 2031 737 suam

2125 673 2458 753 ἀνερῥήξατε,
2508 673 2596 728 καὶ
2653 677 2760 728 τῶν
2834 671 3080 746 ἀθέσμως
3148 668 3654 727 ἆκολασταινόντων
3709 676 3764 730 τὰ

401 759 760 836 effuderunt,
797 779 1002 822 eorum
1029 761 1313 824 intestina
1335 762 1668 825 dilaniastis
1695 787 1708 825 :
1740 774 1917 846 atque
1947 767 2031 845 (ut

2125 764 2360 822 ἒνδόσθια
2410 760 2755 821 διεστείλατε.
2808 761 2904 817 Καὶ
2955 758 3140 822 ἁπλῶς
3171 781 3257 821 τις
3311 757 3456 814 οὕτω
3497 756 3762 820 δυσάλωτος

401 849 740 915 summatim
766 849 986 930 dicam)
1008 850 1279 929 quisnam
1308 852 1382 912 ita
1409 851 1887 934 inexpugnabilis
1906 855 2031 930 fuit,

2125 855 2213 912 καὶ
2273 854 2486 928 ἰταμὸς,
2535 852 2590 915 ὃς
2637 849 2772 924 ᾤετο
2820 850 2949 925 ὑμῖν
2999 847 3314 924 ἔμπελάσας
3377 852 3448 924 τῇ
3489 855 3580 905 τοῦ
3631 852 3764 906 θανά.

402 942 505 1024 qui
537 959 668 1002 cum
703 939 762 1000 in
799 958 1009 1000 manus
1037 950 1259 1002 vestras
1282 942 1583 1017 inciderit,
1615 963 1731 1004 non
1757 945 1927 1005 facile
1949 947 2031 1006 in-

2125 966 2217 1003 του
2272 940 2660 1018 καθομολογίᾳ,
2693 941 2782 996 γαὶ
2841 939 3008 1016 ῥᾷστα
3040 942 3145 1018 οὐχ
3198 939 3525 1013 bstineo“;
3581 939 3624 993 ὦ
3673 937 3760 1013 ξμοὶ

403 1029 686 1092 terfectus
708 1026 932 1089 fuerit?
961 1028 1114 1101 Quid
1143 1029 1325 1108 igitur
1349 1041 1459 1103 est,
1491 1032 1712 1094 milites
1738 1033 2031 1114 mei,quod

2129 1037 2470 1106 στρατιῶται,
2509 1029 2756 1091 ἀτάκτως
2812 1034 2996 1084 τοῦτον
3045 1027 3219 1092 οὕτως
3274 1024 3614 1104 ἐνυϐρίζοντα
3657 1031 3763 1084 tuth

395 1118 701 1183 hominem
733 1117 908 1180 istum
943 1118 1288 1194 scelestum,
1319 1139 1526 1200 magna
1551 1142 1682 1184 cum
1705 1123 2031 1185 temeritate

2126 1129 2232 1180 τῶν
2287 1119 2685 1198 αὐτοκρατόρων
2740 1116 2975 1175 κωλῦσαι
3005 1120 3101 1176 οὐκ
3150 1117 3428 1196 ἶσχῦομεν
3467 1134 3482 1190 ;
3521 1114 3616 1172 κᾶν
3667 1118 3768 1193 γοῦν

393 1210 788 1290 imperatores
805 1217 1039 1269 nostros
1053 1218 1280 1270 content
1297 1219 1554 1281 nentem,
1572 1212 1903 1293 reprimere
1919 1233 2031 1274 non

2125 1211 2202 1268 διὰ
2254 1214 2341 1268 τὸν
2377 1209 2587 1288 γέλωτα
2640 1207 2734 1264 καὶ
2788 1209 2887 1275 τὴν
2943 1207 3230 1288 αἰσχύνην,
3281 1207 3378 1261 ’ἱνα
3435 1205 3496 1260 τὸ
3543 1209 3765 1284 φορτικὸν

393 1303 744 1381 possumus?
767 1297 988 1360 Saltem
1015 1317 1121 1358 nos
1147 1309 1379 1362 moveat
1401 1291 1665 1363 dedecus
1688 1311 1746 1363 et
1768 1303 2031 1384 turpitu--

2125 1299 2381 1366 σιωπήσω
2451 1298 2720 1373 πείσωμεν
2789 1295 2980 1361 ἄλλους
3051 1293 3443 1373 ἀρνουμένους,
3492 1294 3566 1356 ὡς
3629 1291 3766 1381 ἔφην’

395 1390 496 1464 do,
515 1407 590 1450 ne
609 1388 749 1468 quid
773 1395 1004 1466 gravius
1021 1389 1240 1452 dicam.
1265 1391 1428 1452 Alios
1453 1400 1738 1472 negantes
1756 1383 2029 1469 crimina,

2125 1392 2202 1446 mi
2233 1391 2517 1459 παίζοντας
2559 1389 2652 1444 τὸν
2678 1387 2927 1465 θάνατον,
2959 1385 3054 1442 καὶ
3084 1387 3232 1460 μάλα
3292 1383 3355 1440 τὸ
3385 1385 3568 1440 θανεῖν
3592 1403 3771 1464 διαίτη-ν

396 1487 455 1542 et
477 1487 733 1540 mortem
762 1477 950 1558 ipsam
976 1478 1325 1555 irridentes,
1359 1471 1621 1542 nondum
1659 1492 1846 1544 morte
1878 1481 2031 1543 illata

2125 1479 2397 1553 πείξαμεν·
2458 1479 2646 1536 τούτου
2722 1474 2775 1532 δὲ
2857 1475 3342 1554 ἐμπαροινοῦντοτ,
3403 1474 3494 1529 καὶ
3551 1471 3659 1528 λίαν
3702 1473 3754 1528 lx

395 1567 941 1650 perterrefecimus,
1006 1578 1063 1630 et
1120 1569 1291 1631 istius
1348 1571 1799 1647 debacchantis,
1861 1581 2031 1652 atque

2125 1567 2468 1651 φαυλίζοντος
2527 1569 2616 1624 καὶ
2669 1566 2914 1644 βασιλεῖς
2960 1565 3048 1621 καὶ
3105 1564 3330 1636 νόμους,
3367 1563 3459 1618 καὶ
3505 1567 3605 1619 τῶν
3649 1568 3773 1618 θεῶν

390 1657 783 1738 imperatores
805 1656 964 1736 ipsos
985 1658 1147 1737 leges
1179 1669 1238 1720 et
1263 1661 1510 1722 deorum
1531 1664 1670 1740 jura
1701 1651 2031 1743 reproban-

2125 1661 2190 1715 τὰ
2234 1657 2434 1732 δίκαια,
2483 1657 2580 1724 τὴν
2622 1658 2722 1723 τῆς
2785 1657 3032 1734 γλώττης
3089 1653 3318 1734 ἓπέχειν
3363 1651 3678 1732 προπέτειαν
3727 1653 3776 1706 οὗ

393 1752 468 1811 tis
497 1748 754 1826 linguam
777 1765 1089 1827 procacem
1125 1749 1436 1812 continere
1463 1769 1580 1811 non
1614 1749 1962 1830 possumus?

2127 1747 2390 1823 δυνάμεθα
2425 1766 2441 1822 ;

474 1837 577 1901 ΧΙ.
611 1837 703 1900 Ad
728 1837 854 1898 haec
877 1838 1049 1901 hilari
1077 1839 1244 1901 vultu
1277 1841 1487 1902 beatus
1514 1838 1865 1902 Vincentius
1890 1840 2038 1904 sub-

391 1927 624 2002 ridens,
642 1926 947 2002 reSpondit
967 1946 980 1990 :
999 1929 1084 1989 Ac
1101 1929 1161 1988 in
1181 1947 1246 1990 re
1269 1927 1532 1990 divinum
1561 1929 1706 1990 illud
1731 1931 2033 1991 oraculum

390 2017 713 2098 impletur:
755 2015 1039 2080 Videntes
1068 2037 1190 2080 non
1222 2018 1454 2093 vident,
1481 2025 1538 2081 et
1567 2019 1892 2082 audientes
1916 2037 2037 2082 non

390 2105 728 2169 audiuit“.
763 2103 932 2168 Tunc
964 2109 1229 2168 omnium
1265 2107 1577 2170 hominum
1614 2109 2035 2172 crudelissime

389 2205 660 2276 tyranne,
685 2194 846 2273 cogis
875 2215 969 2257 me
999 2197 1164 2257 illum
1202 2199 1387 2260 Deum
1423 2217 1667 2278 negare,
1706 2217 1884 2279 quem
1912 2199 2037 2260 uui-

390 2302 694 2347 versarum
729 2303 929 2346 rerum
963 2283 1252 2366 Opificem
1277 2305 1344 2349 ac
1370 2287 1738 2350 Salvatorem
1765 2307 1896 2350 esse
1922 2297 2031 2350 tes-

388 2374 522 2439 tor?
553 2376 722 2438 Hunc
746 2393 853 2453 ego
888 2393 1090 2436 verum
1126 2375 1314 2438 Deum
1348 2396 1481 2439 esse
1514 2378 1827 2440 confiteor.
1856 2377 2034 2459 Atqui

389 2465 608 2527 merito
640 2463 1008 2526 cruciatibus
1038 2464 1392 2528 afﬁciendus
1432 2485 1652 2542 essem,
1709 2470 1755 2526 si
1818 2486 2029 2528 vanum

390 2553 640 2634 aliquid,
667 2560 767 2614 aut
795 2553 1008 2614 falsum
1041 2553 1352 2630 dixissent,
1386 2557 1433 2616 si
1470 2557 1862 2636 imperatores
1890 2555 2034 2618 deos

390 2661 524 2705 esse
557 2642 972 2705 afﬁrmassem.
1007 2641 1094 2704 Tu
1127 2662 1266 2706 vero
1295 2644 1522 2706 diutius
1573 2665 1667 2706 me
1709 2645 1944 2706 crucies
1973 2644 2035 2705 in

387 2732 735 2812 huiusmodi
765 2732 1144 2794 confessione
1166 2744 1646 2812 permanentem,
1669 2752 1866 2815 neque
1896 2751 2037 2795 cru-

389 2821 692 2884 delitatem
727 2822 901 2883 istam
935 2839 1222 2884 exercere
1255 2838 1465 2885 contra
1499 2841 1595 2885 me
1633 2823 1872 2886 desinas
1915 2844 1928 2886 :
1961 2823 2042 2884 ita

391 2911 552 2974 enim
613 2910 1094 2991 probatissimam
1166 2911 1646 2975 Christianorum
1722 2912 2040 2974 veritatem

393 3000 580 3080 magis
634 3019 996 3081 cognoscere
1050 3001 1304 3081 poteris,
1359 3001 1411 3064 si
1462 3011 1666 3064 tamen
1721 3020 2043 3083 parumper

388 3091 664 3171 impurus
693 3091 941 3171 spiritus
973 3109 1006 3152 a
1033 3100 1088 3152 te
1121 3092 1492 3155 discesserit.
1527 3090 1668 3154 Haec
1698 3112 1834 3155 cum
1860 3111 2038 3154 sanc-

2210 1838 2316 1900 [A'.
2357 1837 2453 1894 Καὶ
2503 1835 2640 1892 πάνυ
2683 1831 2914 1914 φαιδρῶς
2971 1830 3302 1908 ὑπομειδιῶν
3339 1833 3367 1887 6
3412 1830 3776 1908 τρισμακάριος

2125 1927 2394 1988 Βικέντιος
2457 1926 2588 2001 πρὸς
2646 1924 2856 1986 τούτοις
2902 1923 3082 1980 εἶπεν⁸
3119 1920 3244 1979 Ἐπὶ
3275 1922 3499 1983 τούτοις
3557 1917 3776 1998 πληροῦ-

2121 2041 2206 2075 ται
2268 2019 2328 2073 τὸ
2383 2015 2480 2083 τῆς
2543 2015 2688 2078 θείας
2740 2018 2952 2093 Γραφῆς
3009 2010 3218 2091 λόγιον,
3256 2014 3344 2085 τὸ,
3388 2007 3677 2074 Βλέποντες
3727 2010 3775 2065 οὗ

2119 2109 2198 2183 μὴ
2258 2106 2438 2179 ἴδωσι,
2477 2108 2566 2162 καὶ
2616 2103 2926 2176 ἀκούοντες,
2982 2101 3040 2158 οὗ
3085 2102 3164 2177 μὴ
3234 2101 3538 2174 ἀκούσωσι,
3585 2099 3629 2154 ὦ
3675 2121 3770 2154 πα-

2122 2196 2298 2254 νάθλιε
2381 2197 2470 2252 καὶ
2553 2195 2768 2251 πάντων
2854 2191 3131 2270 ἀνθρώπον
3203 2190 3462 2266 ὡμότατε
3549 2189 3766 2265 τύραννε,

2122 2289 2252 2345 Θεὸν
2299 2289 2391 2344 τὸν
2422 2285 2633 2342 πάντων
2666 2284 2938 2357 Ποιητήν,
2973 2283 3069 2338 καί
3123 2288 3357 2355 Σωτῆρα
3389 2280 3479 2336 καὶ
3513 2278 3634 2334 Υῑδν
3677 2299 3769 2350 μο-

2121 2381 2310 2454 νογενῆ
2367 2376 2463 2432 τοῦ
2511 2374 2628 2437 ἑνὸς
2680 2371 2905 2446 ὑψίστου
2960 2378 3093 2428 Θευῦ
3141 2370 3228 2426 καὶ
3267 2368 3508 2444 Πατρὸς,
3538 2367 3629 2422 τὸν
3675 2365 3768 2422 Κύα-

2120 2489 2228 2546 ριον
2284 2465 2432 2540 ἡμῶν
2463 2464 2668 2530 Ἰησοῦν
2714 2462 2963 2538 Χριστὸν,
3006 2460 3095 2516 καὶ
3126 2460 3188 2515 τὸ
3241 2464 3470 2532 Πνεῦμα
3497 2456 3558 2512 τὰ
3613 2454 3764 2533 ἅγιον,

2120 2545 2182 2612 τὸ
2217 2557 2353 2630 μετὰ
2411 2553 2614 2630 Πατρὸς
2671 2552 2760 2606 καὶ
2821 2551 2942 2606 ι·ιοῦ
2986 2545 3276 2620 σεϐομενόν
3337 2568 3399 2602 τε
3465 2545 3560 2602 καὶ
3615 2565 3764 2622 προσ-

2123 2647 2440 2718 κυνούμενον
2525 2641 2876 2718 μαρτύρομαι,
2939 2639 3026 2694 καὶ
3081 2637 3408 2714 ἀναγκάζεις
3483 2655 3552 2709 με
3615 2633 3762 2710 ἀρνή-

2125 2738 2311 2790 σασθαι
2375 2739 2561 2789 τοῦτον
2624 2727 2784 2807 ὅνπερ
2836 2727 3012 2794 ἄληθῆ
3083 2726 3431 2804 τυγχάνοντα
3488 2721 3760 2800 δμολογῶ;

2125 2829 2415 2891 τηνικαῦτα
2487 2821 2586 2899 γὰρ
2651 2818 2821 2898 ἐχρῆν
2896 2839 2953 2873 σε
3013 2814 3427 2895 τιμωρήσασθαί
3495 2835 3562 2889 με
3630 2810 3761 2888 εἴπερ

2125 2911 2450 2990 ἐψευδόμην,
2483 2911 2528 2967 εἰ
2583 2908 2728 2973 θεοὺς
2782 2907 2926 2964 εἶναι
2979 2905 3164 2984 ἔλεγον
3207 2906 3335 2971 τοὺς
3388 2902 3632 2990 βασιλεῖς
3684 2921 3755 2956 σου

2123 3005 2210 3060 καὶ
2281 2999 2694 3078 αὐτοκράτορας.
2756 2993 2925 3054 Ἀλλὰ
2982 2995 3083 3074 γὰρ
3140 2993 3364 3052 ἰπίτολὺ
3420 2989 3664 3072 στρέϐλου
3695 3008 3748 3064 με

2122 3099 2191 3162 τῆ
2236 3090 2494 3169 ὁμολογίᾳ
2550 3088 2716 3164 ταύτῃ
2773 3086 3096 3162 ἐμμένοντα,
3158 3086 3246 3141 καὶ
3320 3085 3403 3160 μὴ
3447 3083 3623 3159 παύσῃ
3674 3083 3751 3144 τῆς

390 3189 484 3242 tus
509 3188 728 3261 martyr
753 3180 1110 3242 Vincentius
1133 3181 1385 3258 diceret,
1416 3191 1472 3245 et
1487 3182 1670 3262 judex
1701 3201 1769 3244 se
1797 3181 2031 3246 irrideri

2125 3182 2243 3240 κατ’
2291 3181 2420 3257 ἑμοῦ
2461 3180 2770 3254 ὠμότητος,
2805 3177 2850 3232 εί
2894 3175 2994 3253 ἄρα
3031 3175 3119 3231 καὶ
3169 3173 3312 3231 οὕτω
3363 3176 3469 3242 τὴν
3498 3178 3604 3229 τῶν
3649 3175 3758 3246 Χρι-

390 3278 646 3352 putaret,
681 3271 864 3349 magis
897 3273 1203 3352 magisque
1248 3271 1607 3350 insaniebat,
1644 3278 1768 3335 toto
1799 3282 2038 3354 pectore

387 3362 698 3437 anhelans,
755 3371 810 3422 et
864 3361 1019 3423 collo
1082 3366 1515 3437 intumescens,
1575 3371 1815 3443 totoque
1869 3362 2036 3423 vultu

386 3448 765 3525 immutatus,
819 3461 877 3512 et
925 3449 999 3512 ab
1051 3450 1241 3512 oculis
1274 3451 1476 3513 radios
1506 3452 1699 3513 instar
1729 3452 2032 3514 scintilla-

388 3557 520 3603 rum
551 3541 830 3602 emittens
866 3559 878 3603 :
915 3541 1016 3622 qui
1050 3543 1284 3602 turbato
1315 3549 1560 3622 aspectu
1595 3543 1901 3622 sanguinis
1927 3562 2036 3604 co-

388 3629 576 3694 lorem
612 3649 734 3705 prae
760 3649 825 3692 se
858 3629 1089 3692 ferente
1113 3640 1256 3692 tunc
1284 3630 1597 3712 aestuabat,
1622 3651 1756 3694 cum
1791 3633 2032 3694 carniﬁ-

390 3739 491 3782 ces
519 3721 684 3801 ipsos
729 3739 849 3780 non
881 3721 1071 3781 solum
1108 3721 1384 3800 martyris
1439 3721 1656 3797 latera,
1691 3723 1796 3784 sed
1843 3731 2035 3784 tutum

389 3827 604 3889 corpus
637 3819 695 3869 et
723 3808 1030 3884 intestina,
1068 3827 1388 3888 compages
1419 3830 1655 3891 quoque
1687 3812 1958 3891 corporis
1981 3821 2040 3877 et

381 3899 702 3978 juncturas
745 3899 829 3958 ita
882 3897 1211 3960 dilacerare
1243 3898 1492 3971 videret,
1530 3911 1592 3960 ut
1624 3920 1744 3962 non
1775 3901 2035 3980 amplius

391 3996 593 4070 posset
621 3988 934 4051 carnifices
981 4007 1288 4069 accusare,
1349 3989 1504 4070 quod
1538 3991 1907 4070 negligentes
1938 3991 2034 4053 fo—

391 4087 548 4141 rent.
580 4076 784 4160 Itaque
817 4087 1060 4159 stupore
1089 4077 1482 4153 ai‘tlciebatur,
1519 4079 1673 4159 quod
1707 4079 2035 4156 illiusath-

391 4167 530 4232 Ietae
554 4169 817 4230 animum
852 4174 931 4230 ita
965 4187 1240 4247 magnum
1269 4176 1330 4229 et
1360 4168 1662 4230 excelsum
1699 4170 1954 4234 videret.

390 4259 528 4338 ξώρα
600 4260 942 4337 διηνοιγμένα
1013 4265 1080 4333 τῇ
1152 4261 1259 4315 τῶν
1333 4255 1768 4336 στρεϐλωτηρίων
1833 4262 2065 4339 ἀνάγκη,

2123 3278 2348 3331 σειανῶν
2422 3267 2800 3345 δοκιμωτάτην
2872 3265 3126 3334 ἀλήθειαν
3195 3262 3401 3341 δυνήσῃ
3471 3261 3753 3339 ἐπιγνῶναι,

2121 3360 2553 3440 ὑπολογήσαντος
2611 3359 2801 3437 μικρὸν
2846 3361 2939 3412 τοῦ
2990 3353 3046 3410 ἰν
3108 3355 3191 3411 σοὶ
3240 3356 3590 3432 ἒνεργοῦντος
3633 3348 3754 3404 ἄκα-

2119 3455 2310 3533 θάρτου
2370 3450 2694 3525 πνεύματος.
2753 3452 2928 3504 Ταῦτα
2989 3451 3096 3533 τοῦ,
3140 3445 3290 3533 ἁγίου
3347 3442 3622 3533 λέγοντος,
3661 3458 3754 3533 μαῗ

2119 3531 2460 3618 νιὼδὲστερος
2516 3535 2916 3615 ὶπιγελώμενος
2991 3536 3019 3591 6
3077 3531 3326 3599 διάϐολος
3382 3531 3642 3618 κατέστη,
3692 3531 3756 3599 τῷ

2117 3655 2176 3691 τε
2234 3617 2415 3702 στήθει
2448 3629 2820 3703 ἐπασθμαίνων
2883 3625 2972 3682 καὶ
3021 3628 3112 3681 τὸν
3173 3621 3383 3703 αὒχένα
3445 3617 3750 3689 ἀνοιδαίνων,

2120 3723 2207 3781 καὶ
2258 3726 2431 3778 πᾶσαν
2475 3718 2659 3781 ἁπλῶς
2701 3717 2800 3784 τὴν
2853 3715 2976 3791 ὄψιν
3035 3711 3128 3772 τοῦ
3184 3713 3512 3791 ἀνθρωπείου
3567 3704 3754 3784 μεταλ-

2121 3812 2303 3890 λαγεὶς
2347 3808 2716 3889 χαρακτῆρος,
2751 3806 2922 3881 μόνην
2971 3803 3072 3871 τὴν
3120 3809 3228 3860 τῶν
3269 3801 3557 3883 ὀφθαλμῶν
3603 3816 3749 3890 ,καιο-

2120 3884 2288 3978 μένην
2331 3884 2500 3976 βολῆν
2535 3884 2926 3977 πειραριααγένῳ
2956 3895 3042 3950 καὶ
3085 3895 3426 3974 φρθοροποιῷ
3473 3893 3550 3964 τῷ
3593 3884 3747 3978 βλεμ-

2121 3975 2248 4068 ματι
2304 3975 2592 4066 ἐπεπήγει,
2620 3975 2911 4064 καταρῤἐον
2963 3986 3099 4064 ὁρῶν
3144 3985 3205 4039 τὸ
3263 3983 3435 4060 αἷμα,
3485 3980 3559 4057 μὴ
3609 3975 3753 4052 μόνον

2120 4103 2226 4137 των
2271 4077 2536 4157 πλευρῶν,
2569 4074 2709 4132 ἀλλὰ
2763 4075 2863 4153 γὰρ
2893 4071 2996 4142 ἤδη
3047 4073 3138 4129 καί
3197 4073 3402 4135 παντὸς
3460 4068 3754 4157 1066mm-

2123 4194 2212 4235 τος
2276 4175 2367 4224 τοῦ
2408 4153 2631 4241 λοιποῦ,
2687 4165 2776 4222 καὶ
2835 4166 2939 4220 τῶν
2987 4162 3227 4240 ἔγκάνων
3273 4159 3328 4217 δὲ
3375 4161 3441 4218 τὰ
3488 4153 3750 4231 ἑνδομύχια

2141 4260 2234 4321 τὰς
2292 4279 2341 4314 τι
2403 4253 2593 4321 ξεύξεις
2654 4255 2749 4311 παὶ
2823 4251 3078 4331 ἁρμονίας
3147 4253 3240 4307 τοῦ
3309 4251 3511 4311 παντὸς
3580 4243 3748 4331 σώμα-

388 4329 481 4414 ’ὶοέ
513 4347 724 4425 βλέπων
769 4329 1145 4425 έινηνοιγμένας
1182 4365 1197 4423 ;
1245 4348 1298 4403 ἐν
1330 4329 1503 4405 οὐθενὶ
1541 4329 1733 4406 λοιπὸν
1763 4349 1923 4432 εἶχεν
1948 4329 2228 4429 ’ῥαθυμίας
2263 4344 2683 4424 καταγινώσκειν
2743 4329 3107 4418 τῶν-δημίων·
3159 4338 3642 4420 ὅπερεζεπλήττετο
3666 4329 3749 4408 γὰρ

392 4441 453 4495 τὸ
483 4438 868 4518 μεγαλόψυχον
900 4440 1037 4516 ὁρῶν
1066 4444 1159 4494 τοῦ
1204 4437 1524 4515 ἀγωνιστοῦ,

469 4509 598 4588 ΧΠ.
648 4509 808 4587 cuni
842 4509 980 4588 vero
1031 4509 1286 4588 acerbus
1317 4537 1494 4608 atque
1526 4525 1778 4589 immitis
1806 4527 1910 4591 ille
1941 4535 2031 4610 ty-

2200 4526 2305 4588 IB'.
2364 4516 2504 4583 ’Ὂτε
2563 4522 2620 4580 δὲ
2673 4521 2814 4580 οὕτω
2858 4526 3063 4610 πικρῶς
3107 4521 3198 4577 καὶ
3251 4518 3474 4610 ᾆνίλεως
3521 4509 3738 4610 δπᾷρχων

389 4633 618 4679 rannus
639 4635 673 4677 a
699 4623 956 4696 martyre
983 4633 1050 4678 se
1079 4616 1302 4678 victum
1336 4626 1752 4694 cognosceret,
1790 4616 2036 4699 pestifer

393 4705 576 4768 homo
607 4705 722 4767 alia
754 4704 1010 4784 quadam
1063 4704 1156 4766 via
1198 4704 1583 4767 Vincentium
1613 4724 1890 4784 agressus
1919 4715 2032 4780 est,

395 4795 650 4858 credens
671 4795 800 4857 ﬁeri
825 4813 1024 4874 posse,
1050 4802 1114 4854 ut
1137 4793 1550 4856 misericordia
1572 4803 1631 4857 et
1651 4795 2037 4872 lenitate,viri

388 4887 535 4968 justi
561 4895 819 4947 mentem
855 4903 925 4946 ac
964 4885 1325 4944 voluntatem
1351 4883 1643 4948 alliceret.
1673 4885 1889 4947 Aiebat
1919 4885 2034 4965 igi-

391 4983 518 5039 tur:
545 4975 858 5048 Miserere,
879 4971 991 5036 Vin
1002 4973 1181 5044 centi,
1190 4972 1284 5052 jut
1301 4973 1673 5049 entutistuaa,
1695 4992 1887 5054 neque
1905 4985 2032 5036 aita-

392 5065 469 5125 tis
510 5065 718 5126 ﬂorem
751 5065 810 5124 in
844 5064 1053 5144 primis
1084 5063 1259 5124 annis
1291 5063 1536 5143 decerpi
1564 5064 1831 5144 patiaris,
1858 5075 2039 5146 atque

391 5153 682 5234 longioris
713 5155 845 5214 vita;
874 5152 1129 5234 Spatium
1156 5170 1230 5213 ne
1256 5150 1361 5212 tibi
1385 5152 1694 5233 praecidas.
1727 5157 1910 5215 Parce
1931 5155 2037 5216 tibi

389 5242 528 5322 ipsi.
550 5245 639 5305 Ne
664 5243 1025 5317 committas,
1059 5251 1123 5303 ut
1153 5241 1418 5305 cruciatu
1464 5244 1694 5322 majore
1723 5244 2033 5306 lacereris.

395 5331 614 5393 Saltem
645 5351 782 5396 sero
805 5331 1024 5411 sapias,
1058 5341 1118 5392 et
1144 5329 1464 5411 resipisces
1495 5332 1759 5410 tandem,
1795 5351 1871 5395 ne
1903 5333 2041 5395 reli-

476 5533 494 5568 ‘
520 5533 730 5595 Matth.
758 5550 888 5606 xui,
919 5533 1020 5599 t3.

2121 4617 2500 4698 ἀπηλέγχετο,
2555 4613 2747 4694 ἑτέρως
2804 4608 3045 4675 οἷοϐόλος
3102 4607 3330 4688 προσῄει
3395 4614 3471 4682 τῷ
3525 4601 3730 4698 μᾴρτυριτ

2121 4691 2382 4785 οἰόμενος*
2429 4705 2600 4776 οἴκτῳ
2646 4691 2913 4782 Ὗῦποσύραι
2960 4709 3051 4759 τοῦ
3114 4698 3319 4757 δικαίου
3377 4701 3440 4756 τὸ
3495 4691 3732 4785 φρόνςὶμας

2121 4769 2378 4866 Ἐλέησον
2437 4769 2843 4874 γὰρξέφασκεν,
2897 4791 3107 4866 ἑαυτὸν,
3153 4792 3198 4846 ὦ
3258 4769 3539 4847 Βιιιέντιεί⁷
3570 4779 3638 4874 μὴ
3685 4769 3736 4827 τδ

2120 4889 2268 4951 ἄνθος
2329 4893 2426 4954 τῆς
2451 4867 2688 4963 ’ἐαρινῆς
2750 4867 2844 4942 σου
2876 4883 2964 4938 καὶ
3025 4876 3314 4959 δροσῶδους
3367 4875 3590 4963 ἡλικίας⁸
3617 4867 3736 4922 ἀπ’

2123 4977 2309 5058 λέσῃς,
2345 4977 2420 5034 ἔτι
2468 4957 2548 5033 τὰ·
2577 4979 2757 5053 πρῶτο
2816 4985 2935 5036 τοῖς
2979 4957 3118 5027 ἔτεσι
3167 4969 3268 5058 τῆς,
3294 4969 3539 5058 νεότητος

2125 5049 2314 5143 μὲνης,
2352 5067 2428 5143 μὴ
2460 5068 2520 5122 τὸ
2564 5049 2855 5142 μακρόὸιόν
2900 5083 2993 5118 σου
3025 5060 3120 5128 νῆς
3164 5057 3307 5130 ζωῆς
3337 5056 3584 5143 ἐκκόψῃς.
3617 5049 3734 5100 Φιτ-

2123 5179 2209 5213 σαι
2279 5155 2473 5212 σαυτοῦ
2529 5167 2649 5216 ναῖς
2699 5153 2901 5215 αἰκίαις
2961 5150 3101 5208 οὕτω
3161 5139 3728 5234 καταοπαραττῶμενξκν

2127 5247 2210 5302 καὶ
2255 5243 2351 5301 κᾶν
2396 5251 2519 5323 γοῦν
2566 5241 2665 5318 ὀψέ
2709 5261 2838 5298 ποτε
2896 5239 2962 5296 τὰ
2991 5237 3154 5296 λοιπᾶ
3204 5236 3311 5295 τῶν
3341 5234 3573 5314 βασάνων
3605 5237 3732 5323 ιξξρο

2127 5333 2309 5403 δησον.
2375 5306 2473 5392 Κιαί
2537 5335 2565 5390 6
2612 5306 2771 5412 ’ἅγιος
2831 5337 2908 5405 τῷ
2963 5329 3099 5409 ἁγιῳ
3150 5306 3416 5404 Πνεύμαει
3467 5323 3551 5377 τὸν
3601 5306 3730 5368 δόλον
