3972 6130
169 274 284 346 745

1476 273 1666 347 VI’l‘A
1707 279 1771 345 S.
1828 274 2260 347 VINCENTII.

3424 282 3546 354 746

171 419 623 498 προαισθόμενος,
680 419 770 476 καὶ
810 423 910 487 τῆς
962 417 1177 487 ἀπάτης
1233 421 1446 495 θεωρῶν
1495 419 1558 474 τὸ
1615 415 1824 495 δέλεαρ,

1911 435 2031 494 qua
2062 421 2363 478 tormenta
2403 413 2673 493 patiaris.
2709 414 2855 479 Cum
2909 415 3038 480 haec
3061 417 3251 498 judex
3277 418 3542 496 dixisset,

169 508 374 569 τούτοις
434 525 563 575 τοῖς
619 508 803 588 λόγοις
848 508 1128 589 ἐχρήσατο
1170 510 1304 587 πρὸς
1340 509 1432 565 τὸν
1489 506 1704 588 ἐχθρόν·
1756 499 1818 563 Ὠ

169 597 385 665 ἀληθῶς
442 599 668 677 γλῶσσα
711 607 802 656 τοῦ
843 596 1093 656 διαϐόλου
1151 597 1442 678 ἀκάθαρτε,
1501 598 1550 654 τί
1607 600 1702 654 οὐκ
1757 597 1820 655 ἂν

168 686 286 743 κατ’
344 686 487 764 ἐμοῦ
520 690 756 765 κυνήσῃς
787 688 1194 769 μηχανώμενος
1227 705 1243 762 ;
1275 687 1440 744 ὁπότε
1494 689 1587 742 τὸν
1634 690 1822 767 Κύριον

166 777 322 852 ἡμῶν
379 780 478 836 καὶ
539 780 670 836 Θεὸν
729 784 979 857 πειρᾶσαι
1036 775 1344 847 ὴόουλήθης
1378 793 1392 807 ⁸
1456 774 1575 833 οὐδὲ
1615 775 1701 835 διὰ
1729 777 1822 843 τὰς

165 867 430 944 τιμωρίας
495 866 556 928 ἂς
614 867 882 947 Ξπιφέρειν
958 865 1051 942 μοί
1117 864 1494 946 χαλεπαίνεις,
1553 873 1711 924 τοῦτο
1765 863 1820 922 δὲ

166 953 374 1028 μᾶλλον
429 967 684 1014 πτοεϊται
745 959 834 1013 καί
892 954 1138 1037 φοϐεῖται
1209 953 1602 1030 δεδιττόμενον,
1662 956 1819 1024 ἡνίκα

1904 505 2287 568 beatissimus
2332 513 2554 586 martyr
2589 503 2962 582 Vincentius,
2996 525 3031 570 a
3059 507 3286 590 Spiritu
3335 519 3543 572 sancto

1903 595 2175 668 edoctus,
2214 593 2384 655 dolos
2416 595 2732 674 prasensit
2766 617 2780 659 :
2818 596 3018 676 itaque
3044 598 3137 660 bis
3169 597 3370 661 verbis
3401 617 3544 661 usus

1902 693 1995 749 est
2028 703 2042 748 :
2077 687 2210 748 Non
2242 683 2566 764 displicent
2596 684 2740 746 mihi
2778 687 3105 762 cruciatus,
3144 706 3293 769 quos
3324 687 3545 751 afferre

1903 775 2112 838 studes
2147 793 2161 838 :
2197 772 2302 836 sed
2335 774 2482 836 illud
2518 793 2612 836 me
2646 776 3082 855 perterrefacit,
3117 779 3280 855 quod
3311 778 3546 841 miseri:

1903 864 2122 928 cordiaa
2151 863 2334 925 verba
2366 874 2426 925 te
2455 862 2832 926 simulantem
2884 866 3083 928 audio.
3137 866 3548 930 Exerceamur

1901 974 2043 1035 ergo
2090 963 2298 1016 contra
2331 971 2427 1016 me
2456 961 2753 1016 tormenta
2799 957 3022 1027 omnia,
3079 963 3140 1017 et
3186 957 3548 1039 multiplices

165 1041 376 1121 πλάττῃ
437 1044 564 1102 κατ’
636 1045 768 1121 ἐμοῦ
823 1045 1239 1124 προτεινόμενος
1314 1043 1520 1106 ἔλαιον.
1589 1045 1686 1103 Καὶ
1742 1047 1816 1108 είς

1907 1044 2223 1114 cruciatus,
2279 1044 2662 1120 quantumvis
2691 1062 2924 1123 graves,
2979 1045 3327 1124 aﬁ‘erantur,
3380 1066 3449 1108 ac
3496 1049 3546 1110 si

164 1132 259 1206 ὶμὲ
315 1134 698 1204 κραταιούσθω
751 1136 978 1191 παντοία
1035 1155 1128 1193 σου
1205 1133 1450 1208 κόλασις,
1511 1134 1602 1191 καὶ
1660 1133 1714 1189 εἴ
1764 1156 1818 1190 τι

166 1221 216 1279 δέ
271 1245 372 1280 σου
430 1237 563 1286 ταῖς
621 1225 919 1300 στρατείαις
974 1225 1066 1280 καὶ
1125 1222 1479 1303 κακοτέχνοις
1535 1221 1818 1297 δυνάμεσιν

165 1315 503 1390 ἑφευρίσκειν
582 1313 865 1386 πέποιθας,
943 1313 1311 1390 προσκόμισον
1387 1312 1678 1390 ἀνερευνῶν
1735 1310 1821 1368 διὰ

166 1406 262 1469 τῆς
318 1404 801 1482 πεφαρμαγμένης
847 1423 940 1459 σου
989 1404 1226 1480 πικρίας,
1280 1399 1532 1476 δοκίμαζε
1593 1401 1690 1469 τήν
1732 1403 1820 1458 ἱσ-

163 1492 263 1570 χύν
317 1512 380 1548 τε
414 1492 520 1550 καί
563 1493 743 1549 πίστιν
773 1498 880 1548 τῶν
917 1494 1254 1569 Χριστιανῶν
1312 1489 1566 1565 καθόλου,
1623 1490 1701 1566 μὴ
1762 1491 1824 1547 σύ

163 1600 224 1656 γε
265 1581 432 1660 φείση
466 1583 736 1657 αἰκισμῶν
767 1581 854 1638 καὶ
886 1579 1187 1659 κολάσεων,
1224 1576 1462 1658 σιδήρου,
1521 1578 1686 1658 λέγω,
1735 1580 1824 1636 καὶ

161 1672 350 1750 πυρὸς,
411 1669 773 1745 κατατέμνων
848 1670 938 1726 καὶ
1013 1668 1405 1746 κατεμπιπρῶν
1439 1684 1454 1700 ⁸
1531 1667 1670 1725 οὕτω
1724 1669 1823 1747 γὰρ

161 1757 244 1816 διὰ
301 1760 532 1817 πάντων
591 1760 693 1826 τὴν
743 1759 910 1828 ἧτταν
991 1759 1361 1837 ὁμολογήσεις
1443 1759 1884 1849 καταισχυνό-Β

201 1869 348 1910 ενος.

162 1872 350 2000 μιίῖδζ
389 1941 697 2018 Πριόμενος
729 1936 782 1994 δὲ
845 1950 971 2001 ταῖς
1015 1939 1202 2016 ὀργαῖς
1236 1938 1370 2017 πρὸς
1401 1939 1610 2002 τούτοις
1643 1940 1672 1994 6
1705 1945 1817 1994 Δα-

161 2037 370 2103 τιανὸς,
423 2031 521 2086 καὶ
549 2029 611 2086 τὸ
641 2025 839 2093 ὄνειδος
873 2027 951 2102 μὴ
997 2026 1171 2107 φέρων
1230 2025 1648 2097 ἒπεμϐαίνοντος
1699 2025 1816 2083 κατ’

162 2122 319 2179 αὺτοῦ
375 2125 483 2177 τοῦ
523 2117 849 2198 ἀγωνιστοῦ,
881 2115 1028 2192 λέγει
1059 2118 1191 2194 πρὸς
1221 2116 1319 2184 τήν
1364 2115 1512 2183 τάξιν
1548 2131 1562 2146 ⁶
1620 2115 1814 2194 Διαγέ-

1900 1134 2043 1215 quid
2077 1131 2436 1213 prodigiosis
2459 1141 2518 1194 et
2539 1133 2825 1195 maleficia
2857 1135 3084 1196 viribus
3109 1136 3225 1196 tuis
3255 1137 3543 1212 conﬁsus,

1901 1223 2174 1285 invenire
2197 1230 2405 1283 contra
2428 1239 2524 1283 me
2550 1223 2797 1304 poteris,
2824 1242 2900 1285 ne
2921 1224 3178 1286 desistas
3200 1226 3542 1305 pestiferam

1903 1314 2072 1373 istam
2107 1311 2540 1373 immanitatem
2575 1320 2732 1373 tuam
2768 1312 2828 1373 in
2864 1332 2960 1375 me
2990 1315 3232 1376 inferre.
3256 1314 3546 1396 Experire

1905 1399 2378 1464 Christianorum
2428 1400 2629 1462 vires:
2667 1419 2861 1482 neque
2913 1401 3212 1466 abstineas
3261 1424 3296 1466 a
3325 1405 3546 1467 verbe-

1905 1489 2074 1552 ribus
2104 1498 2163 1552 et
2198 1490 2538 1561 tormentis,
2575 1509 2694 1551 non
2728 1509 2763 1554 a
2791 1490 2976 1566 ferro,
3031 1494 3170 1572 igne
3216 1503 3395 1574 atque
3446 1500 3545 1556 in-

1907 1579 2122 1642 cendio
2158 1595 2171 1641 :
2209 1579 2298 1640 sic
2329 1579 2490 1641 enim
2521 1579 2583 1641 in
2614 1581 2898 1643 omnibus
2927 1582 3022 1644 his
3056 1589 3112 1644 te
3143 1582 3362 1647 victum
3391 1583 3545 1646 fate-

1907 1667 2081 1744 bere,
2119 1668 2432 1750 magisque
2464 1669 2810 1734 erubescas.

1979 1934 2128 1999 XIII.
2153 1935 2297 2000 Cum
2324 1937 2452 1999 haec
2472 1937 2728 2001 audiens
2745 1938 3031 2002 Datianus
3051 1939 3223 2002 valde
3245 1946 3547 2006 cruciare-

1899 2031 2020 2098 tur,
2045 2033 2104 2087 et
2125 2024 2365 2088 athletae
2381 2027 2541 2089 illius
2557 2035 2949 2090 constantiam
2972 2029 3086 2091 sibi
3106 2029 3391 2092 dedecori
3413 2049 3546 2095 esse

1901 2132 2022 2176 non
2055 2122 2381 2193 pateretur,
2403 2115 2630 2179 cohorti
2661 2117 2786 2181 haec
2804 2117 3023 2198 jussit:
3053 2120 3315 2182 Ducatur
3335 2121 3448 2184 iste
3471 2121 3546 2183 ad

163 2213 269 2266 σθω
328 2209 578 2265 ἐντεῦθεν
619 2207 708 2263 ἰπὶ
762 2208 860 2274 τὴν
919 2206 1057 2262 κατὰ
1108 2208 1270 2281 νόμον
1326 2204 1561 2270 ἐξέτασίν
1611 2225 1668 2261 τε
1728 2205 1816 2262 καὶ

1907 2202 2187 2281 iudicium
2220 2213 2278 2265 et
2309 2205 2508 2284 legum
2541 2224 2814 2282 examen,
2849 2216 2909 2269 et
2940 2207 3033 2270 bis
3063 2210 3282 2289 poenis,
3305 2227 3373 2271 ac
3395 2228 3542 2290 sup-

162 2300 405 2377 ἀνάγκην
443 2315 464 2334 ο
519 2295 883 2370 δοκιμαζέσθω
937 2295 1058 2353 κατ’
1135 2294 1316 2369 αύτοῦ,
1379 2297 1465 2352 καὶ
1529 2294 1814 2375 ἀνιχνευὲ-

165 2393 374 2446 σθωσαν
439 2392 609 2444 πᾶσαι
668 2389 720 2442 αἱ
778 2391 883 2442 τῶν
939 2384 1396 2463 ἀπηγορευμένων
1448 2384 1689 2464 πράξεων
1728 2406 1815 2440 τι·

166 2480 387 2556 μιορίαι,
425 2475 808 2553 πατροφονέων
837 2495 896 2532 τε
925 2476 1014 2532 καὶ
1071 2472 1460 2553 ἀνδροκτόνων,
1517 2475 1680 2554 φημὶ,
1729 2475 1818 2531 καὶ

166 2566 371 2626 λοιπῶν
431 2564 736 2623 καταδίκων
814 2563 1134 2620 κολαστικὸν
1194 2563 1526 2643 μηχάνημα.
1592 2564 1648 2620 Ei
1718 2565 1819 2641 γὰρ

167 2659 253 2714 καὶ
309 2659 338 2714 6
365 2656 637 2734 λογισμὸς
668 2654 1011 2732 ἐγκαρτερεῖν
1043 2665 1162 2715 τοῖς
1216 2651 1416 2717 δεινοῖς
1461 2651 1688 2709 ἐπιπολὺ
1719 2649 1816 2708 δυ-

170 2748 429 2826 νήσηται,
463 2743 602 2800 ἁλλὰ
658 2743 757 2800 κᾶν
814 2749 938 2820 γοῦν
980 2743 1046 2798 τὰ
1094 2740 1233 2817 μέλη
1283 2754 1408 2805 ταῖς
1438 2742 1693 2818 βασάνοις
1725 2741 1817 2798 ἐν-

175 2835 459 2892 απολέσθω
491 2852 506 2867 ⁸
540 2833 631 2888 καὶ
659 2833 761 2910 γὰρ
793 2831 846 2888 ἐν
877 2831 990 2905 ὅσῳ
1018 2830 1170 2896 οὗτος
1210 2844 1330 2894 τοῖς
1361 2837 1493 2902 ζῶσι
1526 2831 1817 2912 περίεστιν,

181 2922 272 2997 ἐμὲ
310 2929 409 2990 τῆς
471 2924 624 2988 νίκης
684 2919 942 2977 ἀδύνατον
999 2917 1390 2984 ἓπιτεύξασθαι.
1425 2917 1487 2977 ’0
1530 2917 1584 2975 δὲ
1645 2919 1816 2987 ἀθλη-

178 3013 270 3080 τὴς
326 3014 560 3080 ἀπονητὶ
589 3010 1094 3087 καταστρεφόμενος
1124 3011 1215 3065 τὸν
1273 3008 1586 3082 ἀντίπαλον,
1635 3011 1819 3068 τοιού-

179 3123 286 3166 τοις
341 3099 717 3180 ἂγαλλόμενος
765 3096 891 3156 ἐϐόα
949 3112 1066 3162 τοῖς
1111 3098 1346 3176 ῥήμασιν
1381 3119 1393 3132 ο

1901 2291 2094 2372 pIiciis
2123 2292 2501 2373 subjiciatur,
2535 2296 2756 2378 quibus
2785 2296 3122 2376 parricidas,
3153 2297 3431 2360 scelerati
3481 2308 3542 2361 et

1899 2381 2116 2443 nefarii
2144 2383 2421 2444 homines
2444 2395 2584 2446 sunt
2615 2384 2880 2461 obnoxii,
2911 2394 3128 2448 utcum
3155 2387 3284 2466 ejus
3300 2394 3539 2451 animus

1900 2472 2198 2534 cruciatus
2225 2491 2434 2551 graves
2453 2474 2679 2537 diutius
2701 2476 2860 2538 ferre
2883 2484 3120 2557 paratus
3143 2477 3241 2551 sit,
3268 2478 3542 2539 membra

1901 2560 2029 2642 ipsa
2077 2560 2344 2622 omnium
2399 2581 2686 2642 generum
2738 2572 3053 2628 tormentis
3081 2573 3532 2630 consumantur.

1901 2648 2176 2721 Quandiu
2207 2651 2370 2712 enim
2403 2653 2518 2714 iste
2547 2655 2869 2734 supererit,
2906 2655 3036 2716 ﬁeri
3065 2673 3185 2717 non
3221 2664 3439 2734 potest,
3472 2667 3540 2720 ut

1901 2756 2012 2818 ego
2033 2739 2298 2801 victoriae
2313 2759 2558 2818 compos
2577 2742 2885 2805 ﬁam.H:ec
2900 2743 3549 2807 aitDatianusAthIeta

1903 2845 2041 2889 vero
2096 2827 2199 2889 ille
2250 2828 2611 2892 fortissimus
2635 2833 3042 2894 adversarium
3075 2834 3170 2896 his
3199 2833 3399 2895 verbis
3428 2835 3547 2896 alta

1901 2935 2049 2978 voce
2078 2918 2543 2999 insequebatur:
2575 2917 2622 2983 Ο
2655 2939 2750 2982 me
2772 2920 3038 2999 beatum,
3063 2932 3123 2984 et
3145 2941 3282 2984 vere
3308 2923 3546 2986 felicem

1903 3015 2081 3088 atque
2109 3006 2360 3069 hilarem
2384 3008 2629 3084 factum,
2653 3010 3138 3092 quandoquidem
3163 3013 3292 3074 ista;
3315 3020 3430 3074 tuae
3451 3031 3551 3074 ca-

1446 3097 1520 3154 ’Ὤ
1551 3103 1649 3167 τῆς
1681 3099 1878 3180 ἐμῆς.Δ
1906 3096 2148 3157 lumniae
2179 3104 2238 3157 et
2269 3097 2468 3171 minaa,
2494 3116 2644 3160 meae
2664 3107 2804 3161 sunt
2831 3101 3287 3180 perfectissima:
3318 3101 3546 3164 laudes.

184 3171 577 3268 μακαριότητος
622 3187 836 3254 ἀληθῶς
879 3189 969 3244 καὶ
1021 3171 1356 3266 ἀφροσύνηςί
1408 3188 1461 3244 αἱ
1517 3187 1619 3267 γὰρ
1676 3171 1822 3268 παρά

1907 3184 2007 3248 His
2030 3184 2228 3247 verbis
2248 3185 2532 3249 Datianus
2549 3187 2623 3248 ad
2651 3171 2946 3251 insaniam
2968 3191 3324 3264 concitatus,
3349 3195 3546 3254 statim

185 3291 274 3340 σοῦ
312 3303 431 3358 μοι,
482 3275 718 3356 διάϐολε,
764 3275 1006 3349 ἀπειλαὶ,
1054 3275 1416 3355 πληρέστατοι
1462 3278 1820 3358 τυγχάνουσιν

1907 3275 2079 3356 jussit
2109 3293 2355 3337 crucem
2387 3278 2694 3357 componi,
2721 3287 2778 3339 et
2807 3277 2869 3340 in
2901 3278 3001 3340 illa
3026 3277 3406 3340 Vincentium
3431 3278 3551 3340 suf-

190 3369 411 3445 ἱπαινοι,
445 3369 533 3424 καὶ
561 3371 597 3437 ἡ
626 3365 954 3446 τραχυτέρα,
987 3367 1062 3430 ὡς
1091 3364 1223 3440 οἴει,
1258 3364 1592 3433 κατάπληξις
1655 3389 1821 3424 aecto-

199 3459 415 3536 ρευμένη
441 3457 560 3524 δόξα
606 3459 841 3535 ὑπαρχει
876 3471 890 3487 ⁶
952 3454 1008 3510 ἐν
1064 3460 1110 3528 ᾧ
1151 3452 1208 3510 δὲ
1251 3456 1482 3530 νομίζεις
1527 3458 1820 3536 βαρύτατον

197 3546 506 3626 ὀργίζεσθαι,
536 3554 690 3603 τοῦτο
723 3543 929 3620 μᾶλλον
960 3544 1130 3624 ἆρχεῖ
1160 3564 1228 3618 με
1283 3544 1350 3599 τὰ
1395 3543 1647 3620 βέλτιστα
1676 3545 1821 3625 ὠφε-

188 3633 324 3700 λεῖν,
363 3639 458 3695 Καὶ
488 3638 514 3692 ὁ
563 3635 822 3697 Δατιανὸς
881 3633 1170 3712 ὑπιρζὲσας
1200 3645 1325 3696 ταῖς
1359 3633 1598 3709 μανίαις,
1629 3635 1820 3700 εὐθέως

183 3725 498 3801 προστάττει
555 3725 779 3798 σταυρὸν
835 3726 1244 3800 καταπαγῆναι,
1306 3722 1394 3778 καὶ
1456 3721 1571 3780 ἐκεῖ
1647 3745 1822 3802 προσ-

181 3811 454 3879 ηλωθέντα
512 3810 722 3878 ἂκινητὶ
765 3807 1072 3884 καταμέλος
1117 3809 1425 3879 αἰκίζεσθαι,
1492 3813 1591 3868 Καὶ
1637 3809 1703 3879 δὴ
1756 3811 1823 3868 τὰ

179 3901 619 3980 προσταττόμενα
674 3899 946 3963 ἐξετέλοδν
1006 3899 1052 3953 οἱ
1095 3904 1191 3954 τοῦ
1238 3895 1485 3955 διαϐόλου
1512 3899 1773 3978 ὑπηρέται
1806 3918 1820 3934 ⁸

177 3994 260 4049 καὶ
290 3991 560 4068 παγέντος
590 3996 683 4046 τοῦ
712 3989 936 4067 σταυροῦ
967 3988 1282 4066 ἀνήρπασαν
1329 3987 1491 4045 αὐτὸν
1545 3992 1600 4046 εν
1657 3991 1823 4070 αὐτῷ,

181 4080 342 4138 πάλιν
366 4097 382 4112 ·
419 4079 476 4136 δὲ
506 4085 599 4134 σὺν
630 4077 816 4153 πολλῷ
845 4083 925 4151 τῷ
953 4076 1114 4158 τάχει
1143 4079 1482 4155 κατήνεγκαν
1516 4078 1675 4136 αὐτὸν
1720 4079 1825 4136 ἀπὸ

177 4181 266 4231 τοῦ
311 4170 491 4236 ξύλου,
526 4161 620 4234 Ὠς
651 4167 706 4224 δὲ
755 4171 858 4226 τῶν
899 4164 1110 4243 δεσμῶν
1161 4166 1420 4242 ἀπελύθη,
1452 4172 1540 4226 καὶ
1571 4167 1702 4236 ἔστη
1738 4168 1825 4226 ἐπὶ

179 4270 271 4322 τοῦ
328 4259 553 4336 ἐδάφους
603 4261 631 4316 6
677 4257 854 4338 ἅγιος,
901 4256 1138 4336 ἐνεργείᾳ
1192 4262 1288 4315 τοῦ
1336 4258 1489 4335 ἁγίου
1523 4260 1826 4335 Πνεύματος

179 4348 460 4415 ἰκτινάεας
516 4349 705 4404 ἑαυτὸν
750 4345 810 4402 ἐκ
852 4351 960 4404 τῶν
1018 4345 1248 4425 δημίων,
1307 4347 1395 4402 καὶ
1439 4346 1826 4424 προσπηδήσας

179 4438 266 4498 ἰπὶ
321 4441 413 4496 τὸν
473 4439 698 4516 σταυρὸν
757 4434 960 4515 δρόμῳ,
1020 4434 1348 4512 βουλόμενος
1424 4439 1828 4516 τιμωρήσασθαι

1903 3364 1999 3443 ﬁgi
2034 3382 2104 3426 ac
2139 3363 2524 3428 membratim
2558 3367 2730 3428 cradi.
2766 3365 2910 3429 Cum
2942 3367 3128 3446 igitur
3159 3385 3307 3430 crux
3330 3373 3456 3448 ipsa
3484 3366 3549 3428 in

1905 3461 2064 3516 terra
2084 3452 2279 3514 deﬁxa
2299 3462 2808 3536 esset,martyrem
2832 3460 2894 3517 in
2918 3456 3088 3537 ligno
3106 3457 3552 3536 suspenderunt

1904 3543 2118 3606 nefarii
2138 3543 2439 3618 homines,
2463 3551 2525 3606 et
2545 3545 2836 3607 satellites
2859 3543 3112 3614 diaboli,
3131 3544 3365 3607 Datiani
3379 3545 3552 3624 jussa

1903 3633 2546 3712 exsequentesPostea
2570 3652 2706 3696 vero
2729 3635 3006 3696 eumdem
3032 3635 3215 3697 multa
3239 3652 3373 3696 cum
3394 3635 3553 3697 cele-

1902 3722 2079 3784 ritate
2103 3741 2135 3783 e
2157 3721 2319 3800 ligno
2343 3723 2876 3798 detraxerunt.Qui
2900 3742 3034 3786 cum
3060 3742 3094 3785 a
3116 3723 3370 3786 vinculis
3385 3723 3549 3786 solu-

1905 3819 2000 3874 tus
2032 3820 2213 3882 esset,
2249 3819 2308 3872 et
2338 3811 2400 3873 in
2431 3824 2594 3875 terra
2615 3813 2707 3876 vir
2725 3813 3138 3876 sanctissimus
3160 3812 3552 3891 constitisset,

1906 3897 2167 3981 Spiritus
2190 3902 2382 3962 sancti
2403 3920 2515 3982 ope
2545 3902 2804 3980 adjutus,
2828 3901 3095 3982 seipsum
3118 3898 3554 3965 a‘carniﬁcibus

1907 3989 2219 4062 abstraxit,
2255 3999 2314 4050 et
2343 3990 2418 4051 ad
2451 4009 2698 4054 crucem
2728 3992 2894 4053 illam
2926 3993 3196 4054 cucurrit
3229 4009 3244 4053 :
3281 3993 3343 4052 in
3374 4011 3550 4072 quam

1908 4097 2046 4142 cum
2077 4077 2359 4153 insiliret,
2396 4080 2631 4142 hostem
2665 4081 2856 4162 ipsum
2890 4079 3328 4162 perterrefecit.
3351 4081 3556 4162 Itaque

1909 4167 2262 4250 eos,quibus
2275 4169 2746 4246 cruciabatur,et
2759 4178 3054 4232 tormenta
3068 4169 3556 4246 cumulabantur,

1907 4259 2232 4338 increpans
2262 4278 2277 4320 :
2312 4259 2600 4334 Curnam,
2635 4259 2855 4340 inquit,
2910 4260 3228 4337 tardiores,
3284 4267 3343 4323 et
3371 4259 3434 4320 in
3463 4277 3562 4321 me

1909 4347 2042 4428 ipso
2059 4347 2132 4409 ad
2157 4355 2459 4410 tormenta
2479 4348 2760 4411 ducendo
2781 4349 2917 4410 facti
2936 4351 3081 4411 estis
3098 4348 3560 4412 imbecilliores?

1911 4436 2291 4517 Agite,quam
2315 4437 2632 4500 celerrime
2649 4437 2831 4500 vestri
2847 4439 3135 4520 principis
3149 4439 3560 4502 crudelitatem

179 4533 269 4588 τὸν
330 4530 552 4608 ἐχθρὸν,
614 4526 754 4584 οὕτω
808 4527 947 4584 κατὰ
1001 4535 1109 4582 τῶν
1159 4531 1409 4605 τιμωρῶν
1465 4525 1824 4606 ἐπιμέμφεται

1914 4524 2423 4607 exsequamini,ut
2442 4525 2504 4588 in
2520 4527 2686 4589 omni
2707 4546 2774 4588 re
2787 4547 2964 4606 quam
2987 4529 3245 4608 primum
3261 4547 3326 4592 se
3344 4529 3563 4591 ridicu-

181 4617 612 4697 ἔπεγειρομὲνων
667 4615 764 4672 καί
823 4613 1200 4671 ἐπιτεινόντων
1251 4614 1394 4689 αὖτῷ
1432 4616 1500 4671 τὰ
1529 4613 1695 4689 δεινὰ,
1741 4617 1830 4673 καί

181 4729 317 4788 φησι
351 4725 368 4742 ⁸
407 4707 490 4786 Τί,
533 4702 750 4783 βραδεῖς
782 4707 868 4761 καὶ
895 4704 1174 4785 ἆνίσχυροι
1206 4701 1445 4760 διακόνοι
1504 4711 1598 4762 τοῦ
1653 4727 1828 4774 πονη-

181 4803 300 4877 ροῦ,
345 4795 524 4852 ἕλκειν
553 4816 621 4869 με
663 4795 754 4852 καὶ
781 4793 1010 4872 ἀπάγειν
1042 4794 1128 4850 ἐπὶ
1158 4794 1223 4852 τὰ
1253 4792 1588 4873 κολαστήρια
1623 4814 1640 4876 ς
1676 4794 1831 4854 ἐκτε-

184 4885 336 4944 λεῖτε
368 4885 643 4962 συντόμως
685 4884 786 4951 τὴν
831 4883 1092 4959 ὠμότητα
1143 4891 1241 4941 τοῦ
1279 4883 1638 4964 κακόφρονος,
1691 4885 1835 4953 ὅπως

183 4975 363 5056 γέλως
393 4973 476 5056 ἐφ’
507 4973 704 5031 ἅπασιν
735 4972 773 5049 ᾗ
822 4973 993 5052 τάχος
1051 4969 1505 5054 ἀναδειχθήσεται
1541 4993 1555 5008 ο
1591 4975 1680 5032 καὶ
1707 4976 1836 5032 τού-

185 5086 299 5131 τοις
357 5063 476 5120 λίαν
532 5063 720 5142 ἀνῄρει
777 5060 1181 5142 χαλεπαίνοντα
1239 5064 1332 5119 τὸν
1388 5062 1684 5143 ἀλάστορα,
1716 5077 1836 5130 τοῖς

187 5153 320 5235 παρ’
369 5153 529 5210 αὐτοῦ
577 5152 789 5230 βέλεσιν
819 5151 1017 5215 ἱκανῶς
1069 5153 1228 5212 αὗτον
1275 5152 1685 5234 κατασφάττων.
1745 5156 1840 5212 Διό

190 5247 281 5304 καὶ
339 5245 600 5320 μειζόνως
645 5239 764 5298 κατ’
798 5244 956 5300 αἰ)τοῦ
999 5253 1124 5305 ταῖς
1172 5241 1368 5305 αἰκίαις
1429 5241 1700 5300 ἔκκαίεται
1733 5244 1840 5302 ἒπ-

173 5333 483 5413 ανεγείρων
514 5332 604 5390 καὶ
626 5327 1013 5388 ἐπανακυκλῶν
1042 5330 1109 5387 τὰ
1153 5331 1529 5410 τιμωρητήρια
1556 5347 1572 5364 ’
1623 5334 1712 5391 καὶ
1743 5335 1842 5415 γὰρ

196 5425 342 5487 εὐθὺς
377 5417 755 5500 ἆστρεϐλοῠτο,
788 5418 887 5477 καί
919 5416 1184 5498 διαφόρως
1214 5433 1339 5485 ταῖς
1396 5420 1610 5497 μάστιξι
1642 5423 1840 5499 ἓπιμό-

197 5535 300 5578 νας
346 5512 726 5592 κατισχίζετο,
777 5509 1038 5590 καὶπρὸς
1073 5509 1280 5576 τούτοις
1323 5509 1522 5570 ἅπασιν
1579 5511 1655 5570 ἔτι
1715 5526 1840 5580 ταῖς

197 5601 459 5684 πλευραῖς
520 5599 836 5657 κατεκαίετο
865 5645 884 5679 ,
958 5596 1234 5657 ἀλλεπαλλ
1247 5597 1388 5666 άλως
1447 5605 1551 5659 τῶν
1623 5601 1840 5683 φλογῶν

448 5707 710 5771 ΡΑτιιοι.
761 5705 877 5771 Gs.
925 5703 1111 5770 CXIV

1914 4619 2034 4679 lum
2062 4614 2372 4680 faciat.His
2389 4615 2591 4679 verbis
2604 4617 2895 4680 nefarium
2916 4617 3182 4697 judicem
3205 4618 3560 4682 ferociorem

1912 4706 2158 4777 factum,
2211 4713 2489 4787 tanquam
2519 4707 2740 4787 jaculis
2769 4707 3128 4788 quibusdam
3161 4707 3565 4770 confodtebat.

1918 4793 2327 4868 Quamobrem
2354 4796 2542 4874 magis
2566 4797 2876 4878 magisque
2896 4798 2958 4859 in
2984 4809 3299 4877 martyrem
3327 4799 3571 4860 exarde-

1919 4901 2122 4959 scens,
2144 4885 2412 4962 graviora
2433 4891 2492 4945 in
2517 4902 2654 4946 eum
2683 4893 2980 4947 tormenta
3003 4885 3395 4965 excogitabat.
3432 4885 3566 4948 Sta-

1923 4977 2026 5035 tim
2050 4973 2232 5052 igitur
2253 4972 2463 5036 beatus
2478 4971 2832 5036 Vincentius
2856 4975 3268 5056 torquebatur,
3292 4975 3570 5037 diversis-

1920 5081 2037 5146 que
2066 5061 2342 5140 ﬂagellis,
2361 5073 2416 5124 et
2443 5062 2660 5126 ferreis
2681 5065 2981 5144 unguibus
3001 5065 3238 5127 assidue
3259 5064 3570 5127 laceraba-

1921 5162 2039 5229 tur,
2066 5161 2247 5229 atque
2263 5153 2398 5232 ejus
2421 5150 2611 5215 latera
2634 5153 2936 5216 continuis
2958 5153 3218 5216 ﬂammis
3243 5152 3567 5217 combure-

1924 5245 2166 5307 bantur.
2191 5240 2466 5323 Denique
2489 5243 2762 5306 membra
2785 5244 2914 5325 ipsa
2944 5244 3027 5307 ita
3061 5243 3324 5306 distenta
3344 5244 3565 5306 distra-

1923 5340 2142 5413 ctaque
2164 5339 2331 5406 sunt,
2355 5340 2422 5393 ut
2444 5341 2604 5396 totus
2624 5347 2946 5396 enervatus
2971 5341 3150 5396 esset.
3179 5331 3410 5395 Deinde
3431 5352 3572 5396 cum

1922 5422 2151 5486 ferreas
2163 5421 2364 5501 virgas
2376 5422 2691 5485 carniﬁces
2709 5424 2771 5484 in
2795 5421 2932 5502 igne
2947 5423 3050 5486 diu
3066 5432 3340 5486 tenentes
3361 5423 3578 5504 ignitae

1921 5513 2281 5589 effecissent,
2317 5528 2458 5575 mox
2487 5511 2549 5573 iu
2583 5513 2854 5594 ejusdem
2910 5514 3188 5595 martyris
3231 5525 3442 5595 pectus
3471 5533 3578 5577 eas

1923 5603 2337 5684 conjecerunt,
2360 5600 2556 5684 quoad
2575 5601 2976 5668 candentibus
2993 5604 3312 5685 illisvirgis
3332 5609 3579 5668 combu-

3175 5711 3251 5776 24
