3972 6130
185 282 296 347 749

1479 279 1665 342 VITA
1721 279 1780 341 S.
1829 278 1967 342 VIN
1973 279 2258 342 CENTII.

3435 282 3557 346 750

182 417 328 489 ὕπνῳ
387 417 435 471 οἱ
481 413 737 493 φύλακες,
783 414 916 492 ὅπερ
963 417 1221 476 Δατιανὸς
1265 414 1338 476 εὶς
1399 413 1657 490 τιμωρίαν
1715 434 1824 491 xar-

1917 421 2230 492 martyrem
2263 417 2726 494 excogitaverat,
2760 416 2819 476 id
2855 417 3050 496 ipsum
3097 416 3158 476 in
3189 417 3558 478 sanctissimi

183 505 492 584 Αεπωτὲραν
571 506 796 561 θάνέιτου
875 505 1011 560 κατά
1095 510 1188 560 τοῦ
1274 503 1422 580 ἀγίον
1483 502 1826 580 προσέταξεν,

180 594 576 672 μετατρέπεται
632 604 786 650 τοῦτο
835 595 908 654 εἰς
969 599 1146 649 πᾶσαν
1199 593 1388 670 ἑορτήν
1434 613 1490 648 τε
1535 593 1622 648 καὶ
1675 590 1828 656 δόξαν

179 688 260 743 καὶ
323 684 652 751 ἀνάκτησιν,
713 681 921 755 Φοϐερά
988 685 1088 760 γὰρ
1141 685 1230 738 καὶ
1285 681 1664 760 δπέρλαμπρος
1722 681 1828 758 ἀγ-

178 775 368 854 γελική
437 795 524 837 τις
610 773 936 850 παρεγένετο
1016 774 1368 844 κατάστασις,
1470 771 1831 848 θεραπεύουσα

178 867 262 923 καὶ
323 863 685 938 ἀνακτωμένη
724 863 785 918 ἐκ
821 864 928 919 τῶν
973 863 1150 918 πόνων
1201 864 1292 918 τὸν
1334 860 1573 930 ἀθλητήν
1605 876 1620 891 ⁶
1669 862 1760 916 καὶ
1798 862 1832 927 ἡ

178 955 408 1033 ἀγγενὴς
488 955 576 1010 καὶ
657 951 1026 1023 διαιωνίζουσα
1114 958 1204 1008 τοῦ
1286 951 1677 1028 ἐπικαταράτου
1749 947 1833 1014 νὺξ

177 1049 313 1125 φωτὶ
351 1043 492 1115 ξένῳ
552 1044 638 1098 καὶ
696 1041 976 1115 παραδόξῳ
1005 1041 1404 1116 κατελάμπετο.
1440 1037 1830 1119 Τριστοιχηδὸν

176 1137 270 1212 γὰρ
313 1135 477 1210 κηροὶ
539 1131 945 1207 ἁιιακαιόμενοι,
1004 1133 1148 1208 παρὰ
1204 1132 1262 1186 τὸ
1295 1132 1476 1192 εἰωθὸς
1522 1129 1634 1210 φῶς
1693 1150 1828 1184 κατ-

177 1230 400 1303 εφωτιζε
433 1224 500 1278 τὸ
547 1223 832 1300 ὀχύρωμα.
871 1223 968 1278 Καὶ
1027 1221 1183 1284 αὗτὸς
1243 1218 1297 1274 δὲ
1342 1232 1651 1297 στρωμναῖς
1683 1218 1828 1274 ἀπα-

177 1314 444 1372 λωτάταις
506 1310 612 1378 ἤδη
678 1313 739 1367 τὸ
799 1318 954 1384 σῶμα
1013 1311 1348 1388 ἀνακτηθεὶς,
1408 1312 1496 1365 καὶ
1551 1316 1629 1382 τῷ
1697 1310 1832 1386 ἁγίῳ

175 1403 528 1480 ἀναθαλφθεὶς
591 1401 881 1474 Πνεύματι,
942 1400 1041 1466 τὴν
1103 1398 1189 1455 διὰ
1245 1397 1476 1473 ψαλμῶν
1542 1396 1826 1474 ὑμνῳδίαν,

173 1497 258 1549 καὶ
311 1492 490 1568 Κυρίῳ
533 1491 872 1566 ἀνεκρούετο,
929 1493 1018 1545 καὶ
1071 1494 1146 1562 τῷ
1208 1488 1406 1561 ἡδίστῳ
1464 1489 1672 1566 ὀργάνῳ
1729 1493 1828 1555 τῆς

174 1587 352 1658 φωνῆς
415 1581 476 1636 ἐν
538 1581 718 1658 ῥυθμῷ
776 1581 1036 1658 ἀπηχῶν,
1072 1585 1247 1635 πᾶσαν
1275 1579 1370 1643 τὴν
1416 1579 1644 1654 γειτνίαν
1699 1599 1828 1634 στυ-

170 1679 305 1751 γνῶς
334 1672 592 1746 ἠρμένην
624 1671 697 1734 εἰς
729 1691 792 1725 τυ
813 1671 909 1733 τὰς
935 1670 1094 1728 αἱ)τοῦ
1123 1670 1407 1746 τιμωρίας,
1442 1669 1541 1733 τὴν
1571 1667 1700 1746 ἠχὼ
1730 1669 1828 1733 τῆς

171 1762 448 1840 εὐρυθμίας
532 1759 884 1838 ἀκροωμένην
967 1757 1309 1834 κατὲθελγεν.
1399 1755 1680 1835 Ἐξαίφνης
1771 1778 1828 1812 τε

173 1854 258 1910 καὶ
315 1853 362 1908 οἱ
410 1849 656 1929 φύλακες
701 1847 1014 1920 ἐξέστησαν,
1049 1849 1141 1903 τοῦ
1185 1845 1350 1902 ὕπνου
1399 1848 1571 1902 αὐτῶν
1616 1845 1830 1902 ἀποπε-

1910 500 2020 561 viri
2031 501 2474 581 jucunditatem
2499 523 2567 566 ac
2588 505 2837 584 gloriam
2863 522 3218 567 conversum
3245 505 3378 568 fuit.
3407 507 3559 569 Ter-

1911 589 2111 653 ribilis
2137 594 2299 654 enim
2325 606 2382 656 et
2411 595 2662 656 illustris
2681 595 3032 673 angelorum
3057 596 3274 656 cohors
3296 595 3438 656 illuc
3463 614 3557 657 ac-

1912 683 2115 761 cessit,
2139 683 2420 744 athletam
2439 702 2679 760 curans,
2719 695 2778 743 et
2807 703 2842 745 a
2875 685 3264 763 languoribus
3295 686 3562 764 eripiens

1914 785 1984 828 ac
2013 787 2320 843 recreans,
2344 774 2423 836 ita
2442 783 2502 834 ut
2525 773 2692 834 locus
2711 773 2813 835 ille
2830 772 3146 846 obscurus,
3170 783 3229 834 et
3251 782 3562 836 nocturnae

1916 859 2181 921 tenebrae
2198 880 2347 923 novo
2370 863 2626 943 quodam
2661 872 2718 924 et
2742 863 3099 924 admirando
3125 863 3352 924 lumine
3382 864 3559 925 illus-

1918 955 2080 1010 tratae
2113 950 2254 1010 sint.
2310 950 2581 1032 Repente
2634 953 2812 1031 igitur
2864 953 3144 1015 custodes
3192 953 3553 1033 experrecti,

1914 1039 2340 1102 existimabant
2363 1051 2675 1122 martyrem
2696 1043 2889 1121 ipsum
2912 1061 2946 1104 e
2964 1060 3208 1104 carcere
3224 1044 3556 1119 aufugisse.

1920 1132 2122 1208 Itaque
2143 1129 2264 1190 illis
2288 1129 2459 1190 valde
2483 1130 2849 1209 perturbatis
2871 1149 2939 1192 ac
2957 1131 3561 1207 metuentibus,dixit

1914 1218 2000 1278 vir
2029 1218 2442 1281 sanctissimus
2479 1241 2492 1282 :
2525 1219 2743 1295 Nolite,
2769 1239 2992 1300 quaeso,
3022 1223 3263 1294 milites,
3301 1223 3555 1298 turbari,

1915 1327 2113 1388 neque
2145 1311 2428 1382 clamare,
2461 1319 2566 1370 aut
2598 1323 2759 1370 metu
2797 1311 2996 1390 aliquo
3019 1312 3174 1374 afﬁci
3205 1334 3217 1375 :
3249 1330 3554 1389 nunquam

1914 1398 2071 1458 enim
2089 1416 2196 1475 ego
2223 1400 2596 1477 aufugerem,
2621 1417 2816 1479 neque
2830 1401 3123 1479 repositas
3138 1400 3284 1462 mihi
3303 1419 3558 1465 coronas

1912 1487 2282 1548 amitterem.
2311 1489 2422 1549 Sed
2458 1505 2634 1568 quam
2665 1488 2988 1548 celerrime
3016 1491 3290 1570 potestis,
3321 1490 3437 1550 huc
3463 1491 3558 1550 in-

1914 1577 2116 1652 troite,
2144 1585 2203 1637 et
2232 1577 2434 1636 videte
2463 1595 2701 1638 servum
2723 1576 2828 1637 Dei
2859 1597 2964 1656 per
2984 1579 3324 1656 angelicum
3359 1577 3564 1640 minis-

1915 1667 2132 1727 terinm
2177 1665 2520 1726 admirabili
2561 1671 2818 1747 quadam
2861 1668 3274 1730 consolatione
3317 1685 3563 1731 recrea-

1919 1765 2068 1830 tum,
2103 1763 2166 1816 ut
2198 1774 2318 1834 quo
2349 1755 2480 1815 loco
2515 1774 2616 1817 vos
2649 1757 3118 1819 obscurissimas
3152 1759 3432 1821 tenebras
3460 1775 3561 1819 re-

1916 1845 2202 1925 liquistis,
2220 1845 2342 1906 illic
2355 1845 2596 1907 cmleste
2609 1845 2813 1908 lumen
2826 1847 3209 1926 aspicientes,
3227 1848 3559 1926 gaudeatis.

171 1949 384 2025 σόντος,
425 1944 672 2017 οἰόμενοι
732 1947 832 2009 τῆς
878 1940 1133 2022 φυλαχῆς
1191 1938 1512 2020 πεφευγέναι
1556 1942 1648 1996 τὸν
1707 1942 1968 2022 μάρτυρα.
2038 1939 2299 1998 Ἐπιπολὺ
2341 1939 2396 1995 δὲ
2457 1943 2881 2018 ταρασσομένοις
2941 1945 3043 1998 ὑπὸ
3085 1952 3180 2001 τοῦ
3231 1942 3376 2009 δέους
3431 1945 3561 2002 τού-

169 2058 276 2098 τοις
337 2036 649 2114 ἐπιφωνεῖν
716 2029 911 2107 ἤρξατο
958 2032 986 2086 ὸ
1041 2031 1220 2106 ἅγιος·
1285 2031 1372 2096 Μὴ
1431 2030 1780 2105 ταράσσεσθε,
1839 2031 1978 2106 μηδὲ
2045 2032 2229 2107 βοᾶτε,
2289 2030 2334 2086 ὦ
2378 2038 2700 2108 στρατιῶται
2754 2030 3179 2106 τῆςσάσεϐείας,
3238 2033 3559 2097 δεδοικότες·

174 2127 279 2199 ἐγὼ
332 2127 439 2201 γὰρ
500 2123 601 2189 τὴν
657 2121 795 2196 ἐμὴν
852 2119 1004 2186 δόξαν
1062 2121 1158 2176 οὒκ
1211 2119 1522 2198 ἀποφεύγω,
1576 2119 1692 2175 οὐδὲ
1753 2122 1872 2186 τοὺς
1926 2120 2052 2195 ὲμοί
2112 2119 2498 2192 ἀποκειμένους
2576 2123 2888 2197 στεφάνους.
2940 2125 2985 2178 εἰ
3041 2121 3095 2178 δὲ
3151 2126 3258 2180 οἷοί
3312 2124 3372 2180 τὲ
3419 2123 3560 2196 ἐστε,

172 2217 304 2291 μετά
347 2235 566 2292 ταχους
623 2210 904 2282 εἷσέλθετε,
938 2211 1025 2266 καὶ
1086 2215 1152 2286 τῇ
1206 2207 1471 2287 ἀγγελικῇ
1499 2211 1750 2286 θεραπείᾳ
1809 2232 1866 2266 τε
1923 2210 2021 2267 καὶ
2079 2207 2375 2276 ἀνακλήσει
2434 2210 2530 2275 τὴν
2588 2208 2794 2274 ἔνδοξον
2855 2213 3186 2290 παραμυθίαν
3227 2219 3319 2269 τοῦ
3377 2212 3562 2269 δούλου

172 2313 260 2363 τοῦ
340 2309 487 2361 Θεοῦ
539 2301 819 2358 θεάσασθε·
894 2297 1014 2356 ἔνθα
1078 2299 1178 2375 γόίρ
1235 2296 1589 2372 κατελείψατε
1647 2298 1837 2364 σκότος
1912 2297 2338 2378 ζοφωδέστατον,
2420 2298 2628 2376 χάρητε
2701 2305 2813 2378 φῶς
2881 2301 3109 2371 ὁρῶντες
3179 2303 3558 2377 ὑπερκόσμιον’

174 2399 230 2452 ὃν
273 2390 582 2452 ἂπιστένειν
629 2389 885 2470 χαλεπῶς
945 2386 1280 2454 ἰπηλπίσατε
1338 2393 1418 2443 τῶ
1467 2387 1546 2461 μὴ
1603 2385 1766 2467 ἧχειν
1829 2389 2106 2454 ἀναπνοῆς
2153 2389 2240 2443 καὶ
2298 2389 2490 2465 μικρὰν
2535 2387 2846 2464 ὑπόστασιν,
2893 2390 2967 2451 εἷς
3023 2388 3217 2463 ὕμνους
3263 2391 3558 2472 ἀνακρουο-

177 2507 330 2563 μενον
359 2492 466 2542 τοῦ
495 2481 724 2547 ἀληθοῦς
755 2479 887 2536 Θεοῦ
917 2481 1243 2556 καθορῶντες
1271 2477 1602 2551 θαυμάσατε.

253 2577 356 2652 ις’
371 2624 387 2640 .
443 2575 744 2641 Ἀνέθησαν
773 2574 872 2651 γὰρ
902 2573 949 2628 οἱ
980 2574 1097 2649 περὶ
1129 2571 1224 2645 ἐμὲ
1277 2568 1569 2650 κεχυμέναι
1613 2569 1819 2651 δεσμοὶ,

1987 2570 2144 2634 XVI.
2172 2570 2482 2632 Hisverbis
2505 2571 2728 2632 athleta
2749 2572 2851 2633 ille
2873 2591 3018 2633 usus
3040 2581 3154 2636 est.
3176 2575 3394 2637 Postea
3409 2595 3551 2638 vero

179 2670 262 2725 καὶ
289 2671 340 2723 αἱ
371 2667 630 2740 δυνάμεις
661 2683 766 2738 μου
795 2662 958 2718 πλέον
987 2670 1080 2720 τοῦ
1126 2659 1354 2740 ἀρχαίου
1397 2660 1770 2720 πεπύκνωνται
1805 2678 1818 2692 θ

1917 2678 2078 2734 quam
2111 2664 2332 2720 Datiani
2357 2664 2894 2733 satellitesingressi
2925 2677 3060 2721 sunt
3081 2667 3550 2727 eosadhmtatus:

180 2762 236 2815 τό
279 2780 331 2815 τε
377 2756 546 2830 σῶμά
606 2775 710 2827 μου
761 2750 998 2814 ἁπαλαῖς
1056 2751 1144 2807 καὶ
1200 2751 1448 2826 ἀφθόνοις
1515 2765 1823 2829 στρωμναῖς

1917 2746 2112 2819 Abite,
2136 2745 2328 2825 inquit
2355 2755 2414 2806 et
2433 2746 2676 2808 domino
2702 2757 2894 2808 vestro
2918 2748 3282 2823 renuntiate,
3309 2753 3477 2829 quali
3498 2765 3556 2814 et

182 2849 537 2904 ἀνανενέωται
575 2861 589 2876 ’
637 2841 716 2897 διὸ
749 2840 954 2916 μᾶλλον
1010 2838 1452 2918 ὓπερεκπλάγητε
1496 2841 1594 2906 τὴν
1623 2838 1826 2919 ἄφατον

1917 2844 2130 2917 quanta
2149 2836 2288 2896 luce
2307 2854 2414 2913 ego
2433 2837 2529 2897 hic
2555 2837 2851 2916 perfruar.
2876 2841 3080 2916 llaque
3096 2839 3146 2898 si
3165 2839 3307 2918 quid
3335 2851 3554 2924 potest,

185 2945 269 2994 τοῦ
311 2945 452 2994 Θεοῦ
509 2955 614 3008 μου
669 2929 886 3005 δύναμίν
930 2952 986 2986 τε
1031 2931 1119 2986 καὶ
1163 2928 1492 3005 ἁγαθότητα,
1543 2931 1628 2985 καὶ
1676 2929 1823 2995 πλη·

1917 2925 2188 2986 acerhius
2212 2926 2509 3003 excogitet
2529 2936 2587 2987 et
2608 2929 2679 2986 ad
2699 2927 3084 2988 measlaudes
3103 2928 3244 2989 illud
3267 2948 3558 2993 accumu-

185 3029 418 3104 ρεστάτῷ
506 3026 734 3097 στόματι
822 3034 1030 3098 φωναῖς
1109 3016 1376 3074 εὖσεϐἑσιν
1436 3017 1822 3096 ἀνακηρύξατε,

1917 3015 2013 3077 let.
2034 3015 2177 3077 Cum
2196 3015 2373 3094 igitur
2387 3015 2666 3077 custodes
2679 3020 2877 3077 omnia
2893 3035 3025 3097 quae
3047 3018 3104 3077 in
3129 3037 3372 3083 carcere
3395 3022 3558 3085 vide-

187 3103 383 3181 τούτοις
423 3114 757 3192 κεχρήμενοι
789 3122 908 3172 τοϊς
953 3109 1156 3186 ῥήμασι
1206 3108 1294 3162 καὶ
1341 3108 1435 3162 τὸν
1477 3106 1826 3184 ὅμολογητὴν

1917 3114 2062 3177 rant,
2101 3103 2346 3166 Datiano
2377 3105 2750 3180 retulissent,
2779 3117 3028 3187 repente
3057 3107 3156 3168 ille
3177 3111 3556 3174 exanimatus

190 3217 275 3265 τοῦ
318 3205 549 3270 ἀληθοῦς
595 3204 680 3258 καὶ
723 3200 890 3275 μόνου
952 3204 1086 3254 Θεοῦ
1141 3198 1223 3252 ἀεὶ
1281 3203 1508 3262 νικητὴν
1559 3197 1824 3272 ὑπάρχειν

196 3294 541 3372 ἀπαγγείλατε
604 3298 677 3364 τῷ
738 3296 1004 3362 Δατιανῷ,
1052 3287 1250 3343 ὁπόσου
1290 3308 1349 3342 τε
1379 3287 1468 3341 καὶ
1499 3284 1619 3344 οἴου
1649 3288 1824 3364 φωτὸς

200 3384 459 3458 ἀπολαύω,
523 3379 1043 3460 προσεφεορισκέτω,
1095 3375 1147 3432 εἴ
1208 3399 1257 3432 τι
1326 3376 1514 3432 οἰέσθω
1567 3373 1737 3431 δεινὸν
1797 3379 1823 3431 ὁ

202 3470 459 3543 διάϐολος,
501 3475 582 3528 καὶ
652 3471 729 3526 ἔτι
776 3468 1119 3546 προσφερέτω
1161 3479 1278 3528 τοῖς
1324 3465 1478 3538 ἐμοῖς
1535 3464 1770 3525 ἐπαίνοις
1805 3480 1819 3494 ⁸

118 3617 126 3622 .
196 3569 298 3619 τῶν
354 3561 407 3617 δὲ
449 3567 542 3627 τῆς
599 3561 995 3636 μακαριότητος
1062 3579 1163 3631 μου
1233 3553 1598 3633 ἀνδραγαθιῶν
1655 3553 1824 3628 μηδὲν

189 3649 560 3730 ὑφαρπασάτω,
617 3647 1028 3726 ἓγγυμναζέσθω
1084 3647 1149 3701 τὰ
1192 3643 1317 3722 παρ’
1366 3643 1559 3708 ἑαυτῆς
1619 3655 1825 3716 σημεῖα

186 3742 519 3822 βακχεύουσα
552 3760 566 3776 ο
625 3741 670 3794 εἰ
713 3759 812 3816 ῃρα
884 3737 934 3792 τί
989 3735 1386 3814 ἀνιχνεύσοιτο,
1451 3733 1624 3806 μόνην
1669 3733 1828 3788 αὐτοῦ

187 3830 320 3887 δέδια
382 3836 481 3896 την
534 3829 888 3900 συμπάθειαν,
935 3826 1015 3900 μὴ
1054 3825 1237 3902 ὀφθείη
1268 3844 1360 3897 μοι
1405 3827 1706 3901 συγχωρῶν
1734 3823 1824 3878 τὸν

183 3923 427 3979 θάνατον.
464 3913 557 3977 Ὠς
589 3919 644 3974 δὲ
678 3920 726 3974 οἱ
769 3918 1002 3996 φύλακες
1035 3913 1354 3976 ἀπελθόντες
1405 3911 1619 3968 ἅπαντα
1646 3913 1711 3968 τὰ
1741 3910 1826 3967 ἐπὶ

185 4015 276 4079 τῆς
335 4010 582 4092 φυλακῆς
667 4009 930 4084 γενόμενα
1008 4009 1087 4075 τῷ
1171 4008 1416 4074 Δατιανῷ
1473 3999 1824 4092 διεσάφησαν,

185 4090 397 4180 ἄψυχός
442 4122 501 4156 τε
533 4101 621 4155 καὶ
649 4099 872 4176 ὠχριῶν
903 4094 1183 4169 ἀπεπάγη,
1221 4093 1308 4148 καὶ
1337 4090 1440 4158 ἤδη
1498 4091 1830 4166 ὕπῃσθάνετο

1910 3192 2222 3271 expalluit,
2279 3202 2339 3256 et
2393 3211 2595 3255 secum
2653 3198 2914 3271 pessime
2965 3198 3059 3273 agi
3091 3199 3548 3263 animadvertit:

1908 3283 2398 3362 quandoquidem
2426 3284 2698 3363 martyris
2719 3284 3118 3347 lacerationes
3141 3295 3200 3348 et
3224 3287 3471 3350 vulnera
3491 3290 3553 3351 in

1908 3371 2040 3450 ejus
2053 3369 2245 3450 ipsius
2259 3371 2650 3449 ignominiam
2665 3390 2732 3432 ac
2749 3372 3551 3442 dedecusconvertebantur.

1909 3461 2313 3534 Quamobrem
2329 3460 2656 3521 acerbitate
2673 3460 2915 3541 quidem
2941 3479 3154 3540 magna
3165 3473 3374 3526 contra
3387 3465 3558 3528 Chri-

1908 3551 1986 3610 sti
2006 3551 2294 3611 athletam
2311 3547 2700 3612 Vincentium
2717 3549 3339 3626 commovebatur,sed
3357 3557 3557 3618 mitius

1909 3649 2106 3700 tamen
2138 3657 2204 3700 se
2225 3656 2436 3718 gerere
2465 3639 2800 3700 simulabat.
2839 3642 3045 3718 Itaque
3075 3640 3317 3704 dicebat
3347 3665 3360 3706 :
3397 3643 3553 3718 Quid

1911 3738 2021 3803 est,
2048 3729 2206 3808 quod
2231 3729 2490 3808 amplius
2513 3747 2871 3809 pugnemus,
2898 3747 3033 3791 cum
3065 3734 3323 3793 maxime
3346 3733 3421 3796 ab
3445 3737 3564 3798 hoc-

1911 3819 2154 3880 homiue
2173 3818 2311 3880 victi
2332 3817 2548 3879 simus?
2569 3817 2850 3881 Gestetur
2870 3817 3052 3897 igitur
3071 3820 3131 3880 in
3151 3822 3305 3883 lecto
3331 3824 3554 3906 aliquo,

1909 3919 1967 3969 et
1997 3909 2274 3987 stragulis
2297 3908 2751 3970 delicatissimis
2778 3929 2790 3971 :
2831 3928 2952 3970 non
2986 3909 3148 3971 enim
3173 3914 3381 3992 patiar,
3411 3925 3473 3976 ut
3494 3918 3556 3977 in

1911 3999 2275 4060 cruciatibus
2306 3998 2618 4058 moriatur.
2643 3995 2883 4058 Tollant
2911 3999 3109 4077 ipsum
3137 4001 3196 4061 in
3222 4001 3376 4063 lecto
3397 4005 3558 4084 posi-

1916 4097 2036 4148 tum
2066 4088 2345 4148 homines
2369 4085 2596 4166 aliquot
2621 4087 2840 4147 hilares
2869 4091 3478 4154 etexsultantes.Sint
3501 4102 3560 4156 et

187 4175 462 4253 κάκιστως
526 4188 676 4267 ἔχειν
704 4175 787 4242 "av
837 4186 1008 4258 ἑαυτῷ
1055 4181 1127 4262 (οἱ
1185 4182 1282 4260 γὰρ
1328 4181 1633 4267 σπαραγμοὶ
1673 4183 1762 4236 καὶ
1791 4188 1826 4235 o'

1923 4175 2048 4248 alii,
2077 4175 2180 4256 qui
2212 4177 2343 4255 ejus
2373 4175 3087 4267 vestigiaetdilaniatum
3121 4195 3341 4260 corpus
3367 4191 3554 4245 totum

187 4282 429 4354 αἰκισμοὶ
483 4265 590 4335 τῶν
673 4281 944 4350 τιμωριῶν
1027 4278 1120 4329 τοῦ
1179 4271 1444 4348 μάρτυρος
1498 4265 1620 4324 κατ’
1679 4268 1826 4324 αὒτοί

1925 4267 2378 4328 exosculentur:
2409 4265 2738 4345 quinetiam
2753 4267 3560 4342 sanguinemexvulneribus

187 4366 632 4448 μετετρέποντο),
673 4367 760 4421 καὶ
817 4362 1078 4443 χαλεπῶς
1149 4358 1463 4415 ἐπανέκειτο
1521 4359 1834 4431 ἡττώμενος

185 4461 322 4515 κατὰ
377 4466 473 4516 τοῦ
529 4453 849 4534 ἀγωνιστοῦ,
914 4453 1060 4527 ὅμως
1094 4449 1498 4526 ἀπλουστέρως,
1545 4449 1636 4504 καὶ
1679 4449 1724 4504 εἰ
1753 4449 1830 4523 μὴ

188 4551 324 4606 κατὰ
379 4546 630 4626 γνώμην,
691 4545 874 4625 φωνὴν
918 4537 1110 4619 ἀκριϐῆ
1167 4538 1520 4618 προσφέρεται
1581 4536 1667 4626 καί
1718 4558 1825 4614 φη-

189 4661 272 4696 σιν
307 4658 320 4672 ⁸
358 4625 420 4697 Τί
467 4636 763 4713 περαιτέρω
812 4635 1001 4690 λοιπὸν
1059 4627 1498 4707 προσπαλαίομεν
1543 4625 1827 4700 νικώμενοι

188 4731 254 4785 τὰ
333 4729 618 4806 μέγιστα;
702 4723 1044 4803 ἀναφερέσθω
1119 4721 1290 4777 τοίνυν
1347 4717 1437 4774 ἐπὶ
1495 4715 1679 4782 κλίνης
1738 4717 1826 4771 καὶ

1919 4357 2281 4418 deﬂuentem
2306 4354 2680 4433 colligentes,
2698 4355 2772 4415 ad
2794 4373 2916 4417 sum
2937 4357 3291 4420 valetudinis
3314 4380 3560 4442 recupe-

1916 4444 2209 4506 rationem
2234 4444 2400 4504 illum
2423 4445 2773 4506 adhibeant.
2801 4445 3030 4505 Talium
3056 4453 3313 4510 virorum
3339 4452 3562 4514 satelli-

1915 4535 1994 4594 tio
2020 4545 2216 4596 utatur
2243 4533 2701 4613 probatissimus
2741 4533 2963 4596 Christi
3003 4535 3276 4600 minister
3299 4542 3562 4604 Vincen—

1915 4623 2070 4687 tius:
2107 4623 2322 4700 dignus
2351 4631 2538 4694 certe,
2575 4623 2676 4702 qui
2728 4622 2803 4684 ab
2843 4624 3056 4685 amicis
3099 4627 3276 4688 etiam
3305 4630 3558 4706 colatur,

1911 4731 2028 4774 non
2060 4716 2250 4775 solum
2279 4711 2352 4773 ab
2382 4712 2654 4774 animicis
2687 4712 3116 4776 etChristianis
3145 4717 3520 4784 observetur.

181 4828 487 4902 στρωμνῶν
545 4817 940 4877 ἁπαλωτάτων
1003 4817 1064 4872 οὗ
1119 4815 1218 4892 γὰρ
1272 4811 1533 4888 βούλομαι
1592 4809 1750 4866 αὐτὸν
1808 4823 1928 4874 τοῖς
1967 4808 2164 4870 δεινοῖς
2215 4805 2590 4884 ἐναποθανεῖν,
2648 4807 2847 4880 μήπως
2905 4807 3221 4885 μεραλοδοξε
3278 4812 3395 4869 λίαν
3438 4815 3566 4872 ἀνα.

190 4894 559 4992 δειχθήσεται.
645 4908 1020 4982 Κομιζέτωσαν
1089 4908 1368 4980 τοιγαρούν
1429 4900 1516 4957 ἐπὶ
1575 4899 1763 4966 κλίνης
1835 4900 1992 4956 αὐτὸν
2075 4894 2256 4992 ἄνδρες
2332 4896 2612 4992 χαίροντές
2668 4896 2758 4951 καὶ
2813 4895 3195 4992 ἀγαλλομενοι,
3258 4902 3312 4958 οἵ
3388 4925 3444 4960 τε
3499 4908 3568 4963 τὰ

195 4984 334 5080 ἴχνη
389 5001 548 5058 αὒτοῦ
577 5001 665 5056 καὶ
718 5001 782 5055 τὸ
813 5002 916 5052 πᾶν
959 5001 1116 5061 σῶμα
1160 4990 1566 5070 ἐσπαργαμένον
1611 4985 1849 5059 λάϐοιεν,
1899 4984 2338 5065 καταφιλοῦντεςο
2393 4987 2480 5039 καί
2536 4985 2596 5038 τὸ
2655 4985 2926 5063 παχυνθὲν
2974 4987 3007 5054 ἢ
3063 4991 3241 5046 καὶτὸ
3301 4992 3566 5073 περίῤῥὲον

196 5073 342 5163 αξτῷ
406 5090 552 5164 αἷμα
607 5091 680 5153 εἷς
742 5087 1012 5156 ἀνάληψιν
1073 5088 1172 5150 τῆς
1231 5083 1428 5146 οἰκείας
1499 5079 1860 5153 ἀπομάζοιντο
1931 5078 2168 5154 ῥώσεως.
2243 5074 2506 5164 Τοιούτων
2577 5073 2804 5164 χράσγω
2873 5073 3074 5153 ἀνδρῶν
3138 5077 3467 5161 δορυφορίαις
3540 5089 3568 5143 δ

196 5190 287 5240 τοῦ
317 5162 487 5237 γΘεοῦή
509 5178 878 5253 δοκιμώτατος
926 5175 1170 5250 θεράπων
1233 5170 1526 5234 Βικέντιος⁶
1584 5167 1726 5233 ἄξιος
1805 5165 1860 5223 δὲ
1920 5167 2010 5223 καὶ
2078 5165 2222 5242 παρὰ
2279 5169 2386 5219 τῶν
2445 5162 2653 5241 ἐχθρῶν
2706 5165 3102 5241 θερ²πωεςθαι⁹
3163 5170 3293 5244 μήτι
3347 5193 3407 5250 γε
3482 5179 3571 5234 καὶ

195 5271 337 5349 παρὰ
366 5271 472 5325 τῶν
502 5267 784 5348 ὁμοφύλων
815 5267 904 5324 καὶ
947 5267 1300 5342 Χριστιανῶν.

281 5363 363 5422 ιΖ¹
379 5415 392 5428 ,
427 5365 489 5422 Ὀ
519 5361 574 5419 δὲ
617 5362 865 5434 ἀλάστωρ
922 5361 1012 5415 καὶ
1050 5358 1336 5436 κακόφρων
1389 5355 1644 5415 Δατιανὸς
1676 5357 1842 5409 ταῦτα

2007 5345 2184 5410 XVII.
2202 5345 2339 5407 Haec
2359 5353 2616 5407 versatae
2639 5345 2856 5408 mentis
2878 5347 3058 5409 homo
3081 5349 3367 5417 Datianus
3395 5357 3576 5424 facie-

203 5459 369 5514 ἐποίει
428 5458 487 5511 ἓν
532 5451 710 5529 πολλῇ
738 5451 1020 5530 ἀμηχανίᾳ
1064 5434 1364 5527 συσχεθεὶς,
1403 5450 1480 5512 πῆ
1513 5446 1612 5518 μὲν
1642 5441 1826 5518 ὁμολο‹

1929 5438 2052 5530 bat,
2091 5438 2342 5530 multum
2375 5434 2576 5496 animo
2609 5435 2976 5530 perplexas:
3007 5441 3232 5524 quippe
3263 5445 3364 5525 qui
3399 5450 3576 5514 modo

204 5555 311 5626 γῶν
345 5547 444 5613 τὴν
475 5544 643 5610 ἧτταν
675 5525 764 5597 καὶ
793 5525 1117 5613 τὸηάδρανές
1148 5525 1207 5593 τε
1254 5537 1343 5593 καὶ
1393 5533 1706 5614 ἀνίσχυρον,
1769 5536 1826 5626 iri

1932 5527 2344 5626 inﬁrmitatem
2402 5541 2568 5624 suam
2625 5525 3044 5626 conﬁtebatur,
3104 5533 3282 5593 modo
3332 5537 3576 5614 gloriosi

204 5613 256 5694 έὶ
314 5639 406 5694 καὶ
469 5632 614 5688 ἄκων
669 5627 987 5707 ἒμεγάλυνε,
1051 5630 1150 5693 τὴν
1209 5627 1505 5704 ὑπέρογκον
1575 5623 1823 5701 καρτερία

1940 5616 2218 5697 martyris
2272 5613 2569 5676 Vincentii
2615 5613 2990 5679 tolerantiam
3045 5638 3112 5681 ac
3165 5613 3575 5690 fortitudinem
