3972 6130
203 302 313 369 753

195 446 399 521 τροφῶν
456 442 833 523 παρακομιδὴν
891 443 1254 504 διακονεῖσθαι
1309 445 1454 525 παρὰ
1515 447 1610 503 τοῦ
1671 441 1856 519 ὁμοίου

1504 311 1689 376 VITA
1734 309 1795 372 S.
1849 309 1981 373 VIN
1986 308 2273 373 GENTII.

3443 295 3564 361 754

1926 441 2129 520 ὀρνέου,
2187 441 2326 521 φημὶ
2380 438 2471 512 δὴ,
2523 440 2614 494 τοῦ
2682 452 2931 515 κορακος·
2995 433 3132 490 ἀλλὰ
3174 432 3273 512 γὰρ
3333 432 3418 488 οιαὶ
3477 431 3562 490 ἰπὶ

193 538 283 590 τοῦ
316 552 584 609 παροντες
612 541 689 610 τῷ
719 533 884 592 πάλαι
927 537 1051 610 θείῳ
1093 536 1464 613 προστάγματι
1492 535 1588 600 τὰς
1617 530 1991 612 προσηκούσας
2020 531 2298 607 θεραπείας
2327 527 2542 585 ἒκτελεῖ
2573 533 2649 600 τῷ
2679 527 2924 605 μάρτυρι,

266 621 356 680 18'
369 671 385 687 .
436 626 581 702 Πρὸς
624 627 654 684 δ
681 629 772 685 καί
826 626 1135 704 παραδόξως
1184 627 1468 707 ἐκπλαγεὶς
1497 629 1524 685 ὁ
1583 625 1834 687 Δατιανὸς

2005 620 2159 686 XIX.
2180 621 2304 693 Quo
2325 619 2612 683 miraculo
2629 618 2942 699 perculsus
2961 615 3274 707 Datianus,
3299 615 3386 676 cla
3400 633 3565 707 mare

187 709 382 788 ἦθειτο
432 715 574 791 βοᾷν
629 718 717 774 καὶ
775 715 981 796 λέγειν’
1042 721 1195 778 Φεῦί
1255 716 1374 774 οὔτε
1445 725 1630 796 νεκροῦ
1682 715 1842 774 αὒτοῦ

186 801 566 880 περιγενέσθαι
636 802 884 881 δύναμαι·
945 806 1006 864 ἐκ
1066 805 1122 865 δὲ
1178 816 1273 864 του
1325 806 1559 864 ἐναντίου
1611 811 1680 881 τῇ
1735 805 1842 879 ἆμῇ

185 890 538 970 χαλεπότητι
606 893 938 970 ινδοξότερος
1001 895 1388 968 ἀναδείκνυται.
1462 893 1683 962 Ἐπειδὴ
1753 895 1842 950 οὖν

184 977 461 1048 ἀδυνάτως
523 984 610 1041 ἐπὶ
681 990 783 1062 γῆς
842 984 960 1066 ἔχει
1019 988 1081 1042 τὸ
1135 993 1317 1045 τοῦτον
1374 983 1838 1063 καταναλωθῆναι,

183 1071 258 1143 τῷ
287 1069 527 1150 πελάγει
568 1070 892 1155 ὑποϐρύχιος
941 1075 1401 1153 παραπεμπέσθω,
1431 1076 1492 1132 τὸ
1535 1078 1633 1142 τῆς
1691 1073 1840 1139 νίκης

184 1157 344 1218 aia-:05
417 1161 764 1243 μεγαλοφυές
849 1161 904 1221 δὲ
981 1164 1018 1233 ἡ
1099 1166 1338 1223 θάλασσα
1419 1161 1834 1242 κατακρυψάτω,

189 1247 278 1306 ἳνα
309 1250 558 1319 ἑκάστης
614 1252 820 1330 ἡμέρας
854 1254 931 1323 μὴ
981 1253 1152 1333 γέλως
1181 1252 1273 1312 ὐπ’
1321 1252 1446 1330 ὄψιν
1473 1253 1580 1310 τῶν
1625 1253 1838 1309 πάντων

182 1338 446 1416 γίνωμαι.
515 1339 866 1412 Ἐλϐληθήτω
937 1352 1215 1423 τοιγαροῦν
1278 1341 1334 1400 ἒν
1398 1343 1475 1417 τῷ
1545 1339 1838 1420 ἐροῦγκλφ,

181 1427 302 1484 καθ’
357 1431 422 1487 ὃν
446 1431 650 1511 τρόπον
685 1434 733 1490 oi
789 1435 1138 1513 πατροκτόνοι
1197 1434 1251 1490 ἓν
1293 1433 1449 1510 βοείῳ
1489 1431 1640 1505 ἀσκῷ
1669 1452 1840 1487 κατα-

179 1515 546 1594 δεσμούμενοι
583 1521 854 1599 ρίπτονται
913 1521 1052 1580 κατά
1106 1521 1202 1580 τοῦ
1243 1522 1532 1601 πελάγους·
1599 1519 1730 1577 λίθοι
1786 1518 1841 1576 δὲ

181 1605 690 1681 συστιϐαζέσθωσαν
745 1618 823 1686 τῷ
881 1611 1345 1691 ἑσπαργανωμένῳ
1400 1610 1608 1686 σώματι
1659 1608 1838 1683 αὐτοῦ,

177 1700 264 1754 καὶ
325 1699 420 1755 ὅτε
457 1699 722 1759 πλεῖστον
772 1700 856 1758 ἐπὶ
899 1702 965 1758 τὰ
1019 1702 1158 1778 βάθη
1221 1699 1491 1776 διάστημα
1518 1697 1738 1756 ἔλθωσιν
1795 1701 1843 1755 οἱ

180 1789 393 1867 ναῦται,
455 1787 835 1869 ἰκριψάτωσαν
899 1791 1058 1849 αὐτόν
1114 1805 1232 1858 τοῖς
1281 1791 1535 1868 κύμασιν,
1589 1785 1736 1851 ὅπως
1795 1788 1842 1844 οἱ

177 1882 284 1934 τῶν
337 1878 556 1958 ἰχθύων
588 1877 763 1937 ἄσιτοι
796 1878 852 1936 εἴ
905 1881 1006 1938 πού
1047 1901 1097 1937 τι
1140 1880 1482 1955 ἀσπάρακτον
1508 1877 1546 1946 ἢ
1604 1877 1840 1955 τραύμα-

1922 712 2136 792 οωρίιε
2162 710 2330 773 Heu!
2365 709 2649 792 quidnam
2676 710 2790 771 hoc
2814 714 2956 771 est?
2984 706 3070 770 Ne
3097 712 3394 768 mortuum
3419 705 3562 786 qui-

1925 819 2058 864 nem
2085 802 2386 863 hominem
2404 799 2584 862 istum
2604 817 2893 880 superare
2913 814 3253 878 possumus.
3279 793 3564 868 Quinimo

1923 911 2041 972 quo
2071 893 2296 971 majore
2329 889 2658 952 acerbitate
2680 890 2740 950 in
2766 907 2903 952 eum
2935 888 3184 966 utimur,
3211 904 3280 947 eo
3305 885 3564 947 efficitur

1922 981 2263 1061 gloriosior.
2315 979 2610 1052 Quoniam
2663 978 2842 1058 igitur
2874 977 3005 1040 fieri
3037 995 3158 1037 non
3191 977 3381 1055 potuit
3411 974 3566 1037 utin

1925 1071 2102 1132 terris
2133 1077 2619 1145 consumeretur,
2650 1066 2712 1129 in
2743 1069 2928 1130 altum
2963 1083 3130 1128 mare
3151 1065 3559 1143 demergatur,

1923 1168 1986 1222 ut
2041 1160 2220 1240 hujus
2277 1158 2540 1228 victoriae
2589 1156 3090 1238 magnificentiam
3143 1171 3306 1215 mare
3359 1152 3558 1234 ipsum

1922 1249 2158 1330 obruat,
2191 1267 2266 1311 ne
2297 1248 2565 1330 quotidie
2590 1248 2872 1309 omnibus
2914 1244 3208 1308 ridiculus
3239 1244 3399 1306 (iam.
3435 1243 3562 1305 De-

1914 1338 2162 1420 jiciatur
2189 1349 2419 1417 antem,
2454 1338 2959 1419 quemadmodum
2992 1333 3310 1418 parricida:
3339 1332 3559 1408 solent,

1922 1428 1982 1490 in
2015 1437 2147 1490 utre
2177 1445 2245 1489 ex
2279 1427 2452 1488 bonis
2503 1427 2657 1508 pelle
2687 1426 2957 1489 confecto
3001 1423 3329 1497 inclusum,
3363 1422 3558 1483 saxis-

1922 1537 2039 1598 que
2066 1516 2294 1596 magnis
2324 1516 2634 1596 illigatum,
2663 1518 2796 1597 ejus
2816 1514 3069 1578 cadaver
3095 1513 3155 1574 in
3185 1513 3370 1574 altum
3397 1529 3559 1573 mare

1925 1607 2327 1686 demergatur,
2387 1624 2644 1687 cumque
2694 1614 2886 1667 nauta:
2934 1604 3049 1684 ipsi
3094 1602 3344 1665 multum
3379 1601 3562 1663 maris

1923 1698 2179 1778 spatium
2215 1697 2529 1776 tranarint,
2563 1697 2623 1759 in
2645 1697 2836 1759 undas
2868 1695 3366 1777 profundissimas
3389 1691 3560 1755 istius

1924 1785 2187 1848 hominis
2211 1785 2463 1850 cadaver
2488 1785 2800 1867 dejiciant,
2850 1794 2914 1848 ut
2956 1785 3007 1846 si
3047 1781 3206 1864 quod
3252 1780 3561 1843 Vincentii

1925 1874 2261 1937 membrum
2303 1877 2601 1957 reliquum
2634 1884 2745 1953 est,
2791 1875 2939 1938 illud
2970 1874 3168 1954 pisces
3202 1877 3561 1934 consumant

176 1988 264 2030 τος
340 1965 628 2046 ἐλεύθερον
669 1970 732 2027 τὸ
785 1971 952 2051 τυχὸν
995 1973 1140 2046 αὐτῷ
1196 1967 1360 2045 μέλος
1427 1965 1830 2038 ὑπολέλειπται,

1919 1973 1975 2026 et
2003 1964 2316 2028 devorent.
2349 1963 2553 2048 Itaque
2605 1965 2882 2048 pretiosae
2932 1963 3206 2045 martyris
3254 1959 3555 2041 reliquias,

179 2054 490 2124 λάπτοντες
518 2058 788 2134 ἱπιμόνως
820 2059 1087 2120 καὶτοῦτο
1115 2056 1558 2120 καταναλώσωσι.

1927 2053 2080 2116 sicut
2108 2054 2388 2118 Datianus
2411 2057 2700 2137 jusserat,
2725 2055 3022 2118 conclusa:
3055 2060 3217 2115 sunt.

261 2147 349 2230 (1)
416 2148 530 2209 Καὶ
561 2148 745 2219 ἐπειδὴ
799 2151 865 2208 τὰ
894 2162 1132 2232 χερσαῖα
1179 2150 1337 2230 θηρία
1391 2148 1597 2224 μᾶλλον
1640 2146 1838 2226 ἀδρανῆ
1896 2148 1994 2215 τὴν
2024 2151 2116 2207 τοῦ
2170 2151 2419 2226 σώματος
2475 2148 2638 2229 φειδὼ
2681 2151 2994 2223 πεποίηται,
3027 2147 3166 2204 ἀλλὰ
3197 2149 3320 2224 γοῦν
3376 2150 3559 2214 κητῶν

177 2238 465 2317 ἂκορέστῳ
545 2260 774 2315 στοματι
828 2261 1295 2316 κατατεμνομενον
1363 2239 1506 2296 ἅπαν
1578 2235 2003 2302 ἀναλωθήσεται·
2079 2239 2125 2294 εἰ
2192 2237 2246 2296 δὲ
2300 2241 2388 2296 καὶ
2455 2239 2622 2306 ξένοις
2685 2237 2947 2316 αἰγιαλοῖς
3017 2235 3393 2314 προσπελάσας
3463 2235 3557 2291 ἐκ·

180 2329 501 2408 ριφήσεται,
563 2335 634 2406 τῇ
702 2328 1040 2406 ἐπαναλήψει
1097 2328 1192 2387 καί
1253 2342 1372 2391 τοῖς
1441 2325 1676 2392 διαύλοις
1748 2331 1854 2382 τῶν
1931 2327 2180 2402 κυμάτων
2244 2330 2587 2408 φορούμενος,
2661 2327 2944 2390 σκοπέλοις
3015 2327 3357 2405 προσραγεὶς,
3417 2326 3555 2400 μήτε

177 2419 349 2476 θανὼν
411 2417 652 2498 ἡσυχίας
707 2417 968 2484 τεύξεται.
1029 2416 1164 2478 Ἰδοὺ
1221 2417 1385 2477 πάλιν
1449 2417 1498 2474 τί
1559 2414 1708 2495 δρᾷς,
1761 2414 1808 2471 ὦ
1855 2414 2066 2482 άληθῶς
2124 2417 2178 2473 ἐν
2235 2421 2388 2495 σαρκὶ
2446 2417 2703 2492 διάϐολες
2759 2430 2937 2482 ποιεῖς
2998 2417 3096 2494 γὰρ
3168 2417 3258 2471 τὸν
3317 2413 3553 2482 ἀθλητὴν

181 2509 266 2565 διιῖ
317 2507 374 2564 ἓν
405 2512 493 2580 τῷ
546 2512 648 2575 τῆς
695 2508 856 2586 ὑγρᾶς
915 2512 1170 2588 στοιχείῳ
1201 2506 1407 2583 μᾶλλον
1463 2503 1847 2584 ἐπεδοεὸτεριν.
1910 2506 2006 2563 Καὶ
2054 2503 2120 2572 δὴ
2176 2504 2499 2581 ἐμϐάλλεται
2543 2515 2603 2565 τὸ
2637 2508 2790 2584 ἅγιον
2838 2507 2926 2563 καὶ
2958 2505 3249 2580 πολύτιμον
3303 2503 3553 2579 λείψανον

180 2605 270 2655 τοῦ
324 2597 618 2674 μάρτυρος,
651 2597 826 2661 καθὼς
883 2597 1204 2675 προσέταξεν
1236 2600 1264 2654 ὁ
1317 2593 1586 2674 ἱερόσυλος
1641 2593 1896 2657 Δατιανὸς
1934 2592 1987 2648 έν
2041 2600 2119 2668 τῷ
2175 2595 2464 2673 ἒρούγκλῳ,
2527 2597 2681 2654 ’Έστι
2729 2595 2782 2652 δὲ
2842 2598 2869 2652 ὁ
2927 2593 3208 2672 ἕρουγκλος
3239 2592 3454 2670 πλέγμα
3497 2616 3554 2651 τι

185 2683 507 2766 σπυριδῶδες
570 2686 642 2750 είς
703 2685 903 2746 σάκκου
959 2691 1156 2766 σχῆμα
1221 2682 1716 2758 άναπεποιημένον,
1780 2681 2040 2757 ἑπίμηκές
2117 2705 2174 2741 τε
2244 2688 2330 2742 καὶ
2388 2688 2592 2761 στενὸν,
2649 2685 2776 2763 ὅπερ
2833 2691 2900 2761 τῇ
2959 2677 3222 2750 Ἑλληνίδι
3295 2681 3554 2756 διαλέκτῴ

185 2779 231 2833 οἶ
280 2775 520 2834 ναυτικοὶ
587 2774 807 2832 εἰώθασι
879 2775 1290 2854 προσαγορεύειν
1360 2775 1546 2847 κὸϊκα,
1607 2767 1910 2840 ἄπιτήδειον
1965 2775 2043 2845 τῷ
2099 2772 2408 2850 βουλομένῳ
2457 2778 2518 2832 τὸ
2583 2783 2818 2832 τοιοῦτον
2877 2781 3083 2848 σκεῦος,
3145 2773 3230 2828 καὶ
3286 2774 3358 2834 εἰς
3417 2771 3554 2829 ἀλλὰ

187 2862 551 2940 μετακομιδὴν
609 2867 695 2922 καὶ
755 2865 901 2921 σίτου
966 2853 1077 2922 καὶν
1108 2863 1313 2922 λοιπῶν
1367 2863 1658 2942 ἀγωγίμων
1715 2864 1821 2916 τῶν
1881 2861 2012 2937 πρὸς
2075 2865 2237 2920 πλοῦν
2309 2865 2382 2930 εἰς
2438 2869 2581 2936 ζωῆς
2627 2866 2876 2922 σύστασιν
2933 2863 3290 2941 ἐπιφέρεσθαι.
3349 2853 3440 2926 Ὠς
3497 2861 3554 2922 δὲ

189 2953 460 3012 συνθλιόἒν
515 2955 577 3011 τὸ
631 2957 788 3030 σῶμα
844 2960 937 3012 τοῦ
994 2955 1293 3032 ἇγωνιστοῦ
1345 2953 1680 3032 κατηγγίσθη
1741 2949 1814 3014 εἰς
1880 2949 1964 3004 τὸν
2021 2948 2311 3028 λεγόμενον
2359 2953 2543 3028 κὸϊκα,
2590 2967 2712 3020 ταῖς
2767 2952 3130 3032 καταῤῥαφατς
3188 2950 3354 3016 οὕτως
3425 2955 3553 3012 αὒτὸ

185 3043 679 3125 κατησιραλίσαντο,
729 3044 801 3111 ὡς
859 3043 1090 3120 νομίζειν
1152 3043 1503 3125 πεφοόεϊσθιι
1562 3041 1649 3098 τὸν
1714 3039 1993 3113 Δανιανὸν,
2041 3040 2119 3114 μὴ
2177 3043 2237 3098 τὸ
2294 3042 2544 3120 λείψανον
2600 3042 2928 3122 δραπετεόσῃ
2972 3043 3061 3099 καὶ
3119 3039 3416 3120 καταλείψῃ
3459 3045 3553 3102 τὸν

189 3134 368 3192 κόϊιια.

271 3228 362 3290 κ’.
409 3226 534 3284 Ἐπὶ
562 3227 768 3291 τούτοις
811 3226 866 3284 δὲ
910 3227 1188 3306 παρελθὼν
1232 3228 1369 3306 ἀνὴρ
1410 3248 1492 3292 τις
1540 3224 1834 3301 Εὐμόρφιος

2001 3221 2123 3284 ΧΧ.
2159 3227 2302 3288 Cum
2341 3244 2478 3288 vero
2508 3225 2752 3288 athletze
2803 3237 2859 3286 et
2907 3223 3180 3302 martyris
3213 3240 3429 3302 corpus
3469 3226 3552 3289 ita

195 3317 443 3392 τούνομα,
473 3315 662 3391 λοιμὸς
716 3318 817 3386 τὴν
875 3317 1122 3395 γνώμεὶν,
1157 3319 1244 3375 καὶ
1301 3318 1402 3384 τὴν
1451 3314 1638 3394 ψυχὴν
1687 3310 1832 3388 ἱερό-

203 3403 378 3485 συλος,
432 3405 802 3486 καθυπέσχετο
873 3413 950 3480 τῷ
1017 3410 1251 3486 τυράννῳ
1305 3408 1435 3484 πρὸς
1505 3406 1568 3460 τὸ
1634 3403 1834 3460 οἶκεῐον

205 3491 358 3569 μέρος
416 3499 508 3561 τῆς
565 3496 776 3558 πόλεως
847 3497 1038 3556 ναύτας
1083 3497 1232 3576 ἔχειν
1275 3494 1542 3556 πιστικοὺς
1602 3491 1687 3548 ἐπὶ
1757 3495 1834 3563 τῷ

201 3598 502 3662 παρασχεῖν
553 3584 740 3650 αὖτοὺς
803 3586 967 3659 αύτῷ,
1029 3588 1112 3644 καὶ
1172 3584 1290 3641 λίαν
1329 3581 1607 3660 ἀρμοδίους
1659 3581 1832 3659 ὑπάρ-

197 3693 390 3750 χοντας
459 3675 592 3750 πρὸς
665 3675 726 3730 τὸ
810 3673 1226 3750 ἐπιζητούμενον
1293 3680 1536 3752 πρᾶγμα,
1609 3673 1664 3729 o'i
1747 3671 1834 3726 καὶ

192 3757 439 3818 ἕνέὅαλύν
499 3764 572 3825 εἶς
603 3763 663 3819 τὸ
713 3762 912 3842 σκάφος
953 3765 1014 3821 τὸ
1045 3762 1408 3842 μεγαλότιμον
1436 3760 1685 3836 λείψανον
1741 3766 1834 3816 τοῦ

190 3848 490 3927 ἆγιωτάτου
554 3853 819 3928 μάρτυρος
894 3854 1183 3927 Βι›.εντίου,
1245 3863 1331 3910 καί
1426 3853 1513 3909 επὶ
1583 3857 1831 3908 τοσοῦτον

187 3953 302 4002 τοῖς
351 3939 708 4014 διαστήμασιν
752 3939 959 4010 ἤλασαν
1005 3941 1088 3999 ἐπὶ
1118 3943 1178 3999 τὸ
1231 3941 1491 4018 πέλαγος,
1521 3940 1658 3997 ὥστε
1709 3941 1830 4003 τοὺς

187 4029 462 4106 αἰγιαλοὺς
520 4034 606 4086 καὶ
663 4031 728 4088 τᾶ
780 4030 877 4110 ὄρη
936 4037 1042 4088 τῶν
1101 4029 1388 4109 ὀφθαλμῶν
1437 4029 1575 4106 βολῇ
1621 4026 1830 4086 οἴεσθαι

103 4111 108 4116 ’
185 4121 378 4183 αὖτοὺς
437 4119 812 4198 ἆπόκρύπτειν·
847 4122 935 4178 καὶ
991 4120 1177 4178 λοιπὸν
1236 4118 1707 4194 άποκεκμηκότες,
1742 4118 1830 4174 ὅτε

1916 3312 2264 3376 conclusum
2298 3315 2526 3391 fuisset,
2571 3334 2706 3376 mox
2754 3315 2912 3375 venit
2962 3330 3095 3373 cum
3141 3311 3336 3372 nautis
3367 3313 3547 3376 homo

1916 3400 2155 3475 quidam
2179 3403 2584 3485 Eumorphius
2601 3403 2866 3473 nomine,
2892 3400 3169 3482 pessimis
3196 3400 3552 3478 moribus,et

1916 3493 2116 3552 animo
2142 3494 2570 3576 sacrilego,qui
2588 3493 2947 3574 promiserat
2965 3500 3212 3570 tyranno
3231 3489 3319 3552 illi
3343 3500 3549 3557 nautas

1915 3597 1982 3640 se
1999 3581 2630 3665 adhibiturum,quiad
2653 3581 3025 3644 exsecrabile
3048 3579 3246 3640 scelus
3272 3584 3552 3648 commit-

1917 3668 2162 3732 tendum
2179 3672 2408 3749 idonei,
2427 3674 2555 3752 ejus
2576 3671 2862 3734 voluntati
2884 3670 3057 3732 facile
3076 3669 3548 3747 obtemperaturi

1915 3769 2138 3823 essent.
2183 3762 2388 3845 Itaque
2415 3773 2607 3825 nauta:
2637 3761 2719 3824 illi
2754 3759 3212 3840 pretiosissimas
3245 3758 3549 3823 Vincentii

1918 3851 2189 3933 martyris
2203 3853 2558 3934 reliquiasin
2579 3853 2861 3929 scapham
2884 3850 3365 3928 conjecerunt,et
3381 3867 3551 3912 eous-

1914 3959 2031 4020 que
2051 3940 2110 4002 in
2133 3942 2317 4006 altum
2339 3960 2505 4004 mare
2527 3943 2898 4020 navigarunt,
2922 3947 2986 4000 ut
3008 3939 3206 4000 littora
3231 3946 3292 3998 et
3318 3947 3551 4003 montes

1914 4029 2225 4093 oculorum
2251 4033 2440 4094 aciem
2469 4031 2741 4112 fugerent
2773 4051 2788 4100 ;
2815 4047 3073 4108 cumque
3105 4027 3162 4089 id
3194 4028 3390 4088 fact‘re
3420 4029 3547 4089 vel-

1914 4119 2059 4194 lent,
2087 4121 2243 4201 quod
2261 4122 2416 4200 jussi
2436 4121 2696 4193 fuerant,
2729 4125 2963 4181 sanctas
2985 4115 3269 4197 reliquias
3291 4116 3350 4176 in
3383 4135 3547 4181 mare

184 4205 359 4274 ἔδοξεν
403 4211 596 4271 ἱκανῶς
655 4208 805 4289 ἔχειν
849 4211 1036 4274 αὖτοὺς
1067 4209 1120 4266 ἐν
1177 4215 1246 4286 τῇ
1287 4208 1526 4285 θαλάσσῃ
1569 4209 1658 4266 καὶ
1713 4205 1830 4263 ἐδε-

1919 4208 2327 4290 projecerunt,
2361 4219 2419 4274 et
2443 4211 2614 4272 hilari
2637 4209 2800 4272 vultu
2823 4208 2892 4270 ad
2927 4204 3234 4268 Datianum
3267 4215 3546 4270 reverte-

187 4293 368 4354 δίεσαν
421 4297 500 4372 μὴ
557 4300 630 4363 εἰς
691 4299 872 4377 ἑτέραδ
931 4299 1087 4358 αύτὸν
1145 4297 1556 4357 ἀποϐαστοίσωσι
1615 4295 1834 4374 πατρίδα

1920 4298 2155 4374 bantur,
2189 4299 2358 4382 quasi
2391 4301 2506 4362 laeti
2536 4299 2700 4362 illius
2731 4297 2923 4360 nuntii
2963 4301 3269 4377 praemium
3303 4295 3550 4360 relaturi

187 4387 258 4449 ὣς
296 4389 393 4444 οὒκ
435 4385 746 4456 ἠϐούλοντο,
782 4390 843 4445 τὸ
901 4387 1235 4468 προσταχθὲν
1267 4389 1452 4452 αὖτοτς
1510 4385 1834 4465 ἰπιτελοῦσι,

1919 4399 2140 4464 essent,
2174 4389 2376 4470 impiis
2407 4397 2464 4451 et
2494 4387 2911 4468 incompositis
2943 4385 3183 4448 vocibus
3207 4392 3382 4465 atque
3404 4385 3551 4448 irri-

189 4479 284 4536 καί
347 4475 589 4534 ἐϐύθισαν
637 4479 795 4535 αὐτὸν
849 4478 1302 4558 παραπέμψαντες
1355 4475 1676 4556 ὗπιιϐρύχιον
1717 4490 1834 4542 τοῖς

1919 4477 2190 4540 sionihus
2225 4487 2484 4553 utentes,
2536 4481 3044 4558 exsultantesque,
3111 4493 3181 4537 eo
3211 4475 3367 4556 quod
3398 4473 3553 4538 Vin-

191 4569 412 4644 κύμασι.
475 4569 572 4624 Καὶ
619 4565 807 4624 λοιπὸν
847 4569 1150 4644 ἱπανῄεσαν
1194 4568 1324 4644 πρὸς
1374 4570 1628 4624 Δατιανὸν
1668 4565 1834 4644 ἱλαροῖ

1921 4568 2338 4649 centiicorpus
2360 4567 2660 4650 perditum
2703 4567 2932 4630 fuisset.
2967 4565 3085 4629 Sed
3112 4565 3457 4648 priusquam
3489 4567 3555 4630 in

188 4670 308 4721 τοῖς
370 4657 697 4732 προσώποις,
728 4655 802 4722 ὤς
859 4655 1294 4732 ἐπικομιζόμενοι
1325 4662 1498 4736 χαρᾷς
1556 4655 1836 4734 εὐαγγέλια

191 4745 448 4823 μέγιστα,
487 4752 978 4824 καταστρηνῶντες,
1025 4748 1100 4807 ὥς
1149 4745 1332 4808 εἰωθὸς
1377 4744 1587 4806 ναύταις
1619 4745 1835 4802 εἰκότως

190 4831 493 4909 δυσσεεεϊν,
527 4847 731 4914 φωναῖς
782 4835 1029 4899 ἀτάκτοις
1059 4835 1148 4891 καὶ
1191 4834 1397 4911 κρότοις
1453 4841 1835 4914 συναπηχοῦν-

194 4943 309 4988 σες·
343 4921 505 4980 πλέον
563 4922 618 4980 δὲ
677 4931 769 4982 τοῦ
843 4922 1044 4986 δέοντος
1105 4924 1433 5001 κατήπειγον
1490 4924 1704 4988 ἑαυτοὺς
1761 4931 1837 4999 τῷ

195 5013 354 5093 τάχει
396 5013 482 5068 ἰπὶ
531 5013 622 5070 τὸν
681 5012 943 5093 ἄρχοντα,
977 5014 1172 5088 μήπως
1218 5011 1386 5088 ἕτεροι
1441 5011 1836 5092 ὓποφοάσαντες

194 5105 257 5159 τὸ
315 5103 458 5175 αὖτῷ
512 5101 864 5179 ἆποργείλωσι
922 5103 1265 5176 καταίιύμιον,
1297 5103 1358 5157 τὸ
1394 5102 1724 5182 ἀνάρπαστον
1779 5106 1839 5162 ἐκ

190 5197 298 5249 τῶν
328 5189 615 5271 ὀφθαλμῶν
648 5193 862 5251 πάντων
891 5189 1166 5269 γεγονέναι
1223 5191 1314 5245 τὸν
1348 5191 1636 5251 Βικέοτιον.
1673 5193 1837 5251 Ἀλλὰ

191 5281 292 5360 γὰρ
334 5281 456 5336 καθ’
512 5281 539 5336 ὃ
569 5279 768 5338 δίκαιον
825 5279 1040 5360 ὑπῆρχέ
1082 5299 1139 5334 τε
1197 5280 1283 5336 καὶ
1340 5278 1510 5362 ὅσιον,
1545 5287 1676 5361 πρὶν
1732 5283 1834 5342 ἐπ-

1919 4657 2147 4720 aridam
2172 4667 2391 4721 terram
2414 4657 2642 4721 reversi
2663 4667 2889 4727 essent,
2909 4657 3014 4737 qui
3039 4656 3315 4734 martyris
3337 4673 3558 4739 corpus

1921 4749 1979 4809 in
2007 4765 2169 4810 mare
2192 4749 2596 4828 projecerant,
2619 4746 2768 4810 illud
2790 4746 3017 4827 ipsum,
3040 4744 3199 4826 quod
3225 4747 3556 4824 proiectum

1919 4836 2130 4910 fuerat,
2183 4836 2404 4901 Christi
2455 4855 2634 4900 manu
2683 4838 2758 4899 ad
2810 4845 3030 4899 terram
3075 4834 3389 4915 appulsam
3421 4834 3555 4912 fuit,

1921 4926 2201 5007 quodque
2257 4925 2700 4988 arbitrabantur
2729 4925 2790 4987 in
2839 4925 3021 4987 altum
3075 4932 3135 4985 et
3194 4924 3555 4988 immensum

1921 5015 2166 5096 pelagus
2194 5015 2539 5078 demersum
2569 5013 2775 5091 fuisse,
2807 5013 2955 5076 illud
3007 5032 3143 5075 cum
3188 5021 3324 5075 ante
3349 5013 3555 5078 oculos

1919 5125 2060 5167 suos
2093 5105 2425 5186 expositum
2451 5104 2761 5180 vidissent,
2793 5105 2957 5185 quasi
2990 5101 3260 5167 debitam
3293 5104 3554 5184 sepulcri

1918 5195 2210 5257 honorem
2261 5194 2622 5274 postularet,
2674 5203 2920 5275 stupore
2968 5202 3026 5255 et
3072 5201 3230 5256 metu
3263 5195 3553 5277 correpti,

1917 5284 2038 5346 illis
2061 5285 2206 5366 ipsis
2226 5283 2500 5366 reliquiis
2528 5283 2856 5360 derelictis,
2891 5283 3186 5348 abierunt.

273 5546 368 5627 (l)
403 5545 515 5640 ﬂio
548 5545 799 5610 multum
851 5547 1037 5613 variat
1067 5550 1253 5615 codex
1283 5555 1489 5612 noster
1517 5551 1592 5616 ab
1623 5552 1787 5617 edito
1834 5552 2066 5629 Latino,
2101 5559 2162 5616 et
2192 5551 2409 5636 passim
2443 5552 2676 5618 auctior
2703 5561 2795 5616 est
2844 5571 3034 5640 usque
3062 5553 3136 5617 ad
3170 5553 3349 5616 tinem
3381 5551 3558 5624 Vitae.

199 5628 363 5699 Ευιτ.
401 5629 583 5696 Pera.
