3972 6130
915 650 1096 762 DE
1195 651 1308 771 S,
1376 644 2164 756 ITIMOTHEO
2274 646 2993 756 APOSTOLO

1333 875 1698 947 EPISCOPO
1741 877 2133 955 EPHESINO,
2179 875 2567 941 MARTYBE.

559 1065 730 1136 (Anno
761 1062 948 1128 Christi
981 1060 1072 1134 97,
1107 1061 1191 1118 die
1219 1059 1290 1117 22
1319 1059 1548 1117 Januarii
1577 1058 1706 1131 apud
1737 1057 1962 1120 (ἕτερος.
1993 1055 2123 1128 apud
2163 1054 2368 1113 Latinos
2397 1054 2479 1111 die
2506 1056 2577 1113 24
2612 1077 2624 1122 ;
2660 1056 2895 1115 Bolland.
2927 1056 2988 1114 ad
3022 1058 3148 1114 hanc
3177 1056 3354 1124 diem.)

682 1426 712 1504 ᾗ
747 1426 795 1488 I.
839 1423 904 1489 S.
939 1421 1235 1486 Timothei
1263 1420 1514 1485 natalis.

358 1538 383 1601 1
419 1534 618 1598 Latini
653 1531 922 1614 plerique
946 1531 1096 1606 (non
1128 1539 1348 1604 tamen,
1381 1526 1539 1610 quod
1565 1521 1924 1614 existimavit

275 1624 600 1696 Baronins,
633 1611 868 1695 omnes,
905 1629 966 1683 ut
999 1638 1130 1681 mox
1182 1618 1478 1697 dicemus)
1524 1614 1587 1678 S.
1620 1611 1922 1676 Timothei

282 1715 540 1780 natalem
563 1710 744 1776 XXIV
767 1709 1033 1772 Januarii
1056 1707 1395 1771 celebrant.
1424 1707 1640 1786 Operae
1662 1701 1919 1785 pretium

283 1814 372 1871 eat
397 1823 467 1868 ex
499 1803 726 1884 aliquot
754 1798 1211 1880 Martyrologiis,
1237 1815 1367 1878 quae
1396 1795 1469 1856 de
1492 1813 1562 1856 eo
1588 1790 1923 1884 praedican-

285 1906 404 1970 tur,
439 1880 825 1973 depromere,
852 1889 1069 1971 quibus
1101 1886 1334 1968 reliqua
1357 1885 1433 1948 de
1467 1903 1536 1948 eo
1569 1882 1823 1973 dicenda
1849 1880 1924 1940 il-

282 1971 638 2050 lustrentur.
672 1982 858 2042 Vetus
891 1997 1031 2058 ergo
1074 1979 1412 2042 Romanum
1445 1971 1922 2054 Martyrologium

283 2076 370 2139 ita
409 2071 590 2136 habet
626 2093 639 2134 :
683 2092 709 2130 ι
743 2068 966 2148 Ephesi
997 2064 1298 2132 Timothei
1328 2062 1600 2145 apostoli.
1643 2087 1661 2116 ι
1703 2058 1925 2148 Eadem

286 2165 353 2227 in
397 2161 575 2224 variis
607 2178 752 2224 mss.
786 2147 1090 2239 leguntur,
1125 2173 1378 2236 quorum
1428 2151 1695 2234 quaedam
1747 2147 1926 2239 Beda:

281 2253 612 2337 prait'erunt
638 2237 882 2314 nomen.
941 2254 1002 2309 et
1051 2246 1111 2308 in
1163 2243 1468 2337 nonnullis
1501 2240 1630 2337 .sub
1679 2237 1925 2337 nomine

279 2327 542 2410 Usuardi
567 2338 768 2413 editis;
792 2339 851 2399 in
870 2337 1104 2400 Bellino
1127 2352 1388 2414 quoque,
1409 2327 1921 2404 Rabano,Adone:

279 2445 376 2499 ast
407 2433 506 2494 hic
536 2431 596 2492 in
628 2428 836 2492 libello
877 2427 959 2496 de
1003 2422 1416 2487 festivitatibus
1453 2419 1878 2501 Apostolorum
1908 2433 1920 2477 :

287 2546 317 2586 ι
351 2520 579 2588 Natalis
612 2518 674 2583 S.
709 2516 1011 2580 Timothei
1043 2512 1323 2595 discipuli
1353 2510 1422 2576 Β.
1451 2509 1614 2572 Pauli
1645 2505 1921 2585 apostoli,

282 2613 388 2695 qui
435 2609 592 2693 apud
637 2606 944 2695 Ephesum
972 2624 1005 2666 a
1055 2604 1230 2667 beato
1256 2600 1554 2695 apostolo
1608 2598 1926 2695 episcopus

280 2684 613 2775 drdinatus,
650 2684 784 2779 post
826 2694 1046 2757 multos
1092 2712 1195 2775 pro
1247 2690 1483 2754 Christo
1535 2705 1758 2779 agones
1784 2684 1925 2746 dor-

1939 1421 1976 1470 Α
2002 1430 2200 1477 rorem
2232 1422 2544 1498 arguebat,
2572 1430 2625 1485 et
2657 1431 2718 1483 ut
2749 1439 2781 1483 a
2815 1433 2930 1482 tam
2963 1420 3136 1482 foedis
3167 1419 3337 1481 factis
3384 1419 3641 1482 desiste—

2004 1516 2138 1567 rent
2172 1509 2538 1577 hortabatur.
2574 1511 2760 1586 Quem
2785 1509 2950 1591 impii
2980 1508 3238 1570 fustibus
3270 1516 3581 1570 contusum
3612 1525 3644 1568 e

2008 1597 2205 1660 medio
2235 1601 2628 1664 sustulerunt.
2663 1600 3046 1663 Postmodum
3079 1608 3277 1659 antsm
3306 1616 3489 1658 sacrae
3513 1597 3646 1676 ejus

2005 1687 2276 1769 reliquiae
2325 1689 2899 1770 Constantinopolim
2945 1687 3242 1749 translatae
3284 1697 3442 1761 sunt,
3495 1695 3555 1746 et
3584 1687 3644 1746 in

2007 1780 2228 1859 templo
2285 1777 2640 1842 Sanctorum
2693 1779 3112 1860 Apostolorum
3167 1776 3503 1851 collocatae,
3544 1773 3644 1834 ubi

2010 1867 2300 1930 solemnis
2333 1870 2461 1950 ejus
2500 1871 2692 1950 agitur
2727 1875 3036 1931 memoria.

2090 1985 2147 2046 3.
2187 1985 2401 2049 Eadem
2438 1987 2612 2050 habet
2635 1986 3055 2066 Anthologium
3089 1985 3428 2050 Graecorum
3452 2004 3483 2046 a
3515 1985 3648 2047 Cle—

2013 2081 2211 2137 mente
2242 2075 2369 2139 Vlll
2409 2077 2819 2158 approbatum,
2856 2087 2915 2139 et
2955 2076 3237 2139 Maximus
3269 2075 3644 2154 Cytheraaus.

2007 2165 2085 2227 At
2116 2165 2277 2242 quod
2302 2168 2735 2249 conscripsisse
2758 2166 3140 2244 Evangelium
3177 2165 3415 2239 dicitur,
3438 2165 3495 2224 id
3520 2165 3649 2244 qui-

2009 2254 2144 2314 dem
2179 2255 2320 2316 alibi
2356 2256 2507 2317 haud
2539 2257 2810 2334 legimus.
2849 2254 3071 2316 Citatur
3097 2255 3499 2335 apocryphum
3536 2255 3645 2316 Ni-

2011 2343 2244 2405 codemi
2281 2343 2661 2424 Evangelium
2696 2367 2708 2408 :
2741 2345 2875 2407 aliis
2904 2362 3143 2424 quoque
3188 2342 3444 2423 ascripta
3475 2343 3641 2422 olim,

2009 2451 2142 2512 quae
2190 2435 2262 2495 ab
2323 2435 2529 2497 otiosis
2583 2435 2915 2516 composita
2966 2434 3312 2496 hominibus
3342 2441 3535 2498 erant.
3570 2432 3646 2493 de

2009 2522 2228 2602 quibus
2272 2525 2399 2586 fuse
2447 2525 2738 2587 Baronius
2772 2535 2913 2587 tom.
2949 2527 2971 2588 l
3001 2524 3072 2585 ad
3108 2543 3206 2585 an.
3240 2523 3352 2594 44;
3395 2530 3456 2583 at
3492 2523 3641 2583 nihil

2009 2611 2187 2673 isthic
2210 2613 2285 2674 de
2309 2613 2648 2675 Timotheo.
2676 2613 2968 2677 Fortassis
3005 2613 3311 2692 Evangelii
3344 2613 3648 2692 conscripo

2011 2713 2126 2782 tor,
2159 2702 2282 2763 sive
2333 2706 2687 2782 συγγραφεύς,
2737 2703 2978 2776 dicitur,
3038 2707 3196 2782 quod
3249 2721 3382 2764 cum
3417 2703 3646 2764 Joanne

283 2793 474 2855 mivit.
507 2776 693 2866 Cujus
729 2803 948 2862 corpus
979 2801 1114 2846 cum
1146 2780 1420 2860 reliquiis
1466 2779 1534 2840 B.
1581 2776 1840 2866 Andrem
1871 2782 1926 2836 el
1948 2784 1987 2835 Β
2011 2781 2385 2844 familiariter
2410 2776 2701 2846 versatus
2732 2783 2976 2865 Ephesi,
3013 2776 3191 2844 trium
3245 2783 3642 2859 evangelista—

287 2883 491 2950 Lucae,
520 2865 809 2940 vicesimo
841 2871 1172 2937 Constantii
1203 2889 1360 2933 anno
1411 2865 1919 2944 ConstantinOpo-

285 2970 392 3034 lim
421 2967 771 3031 translatum
800 2971 911 3026 est.
942 2984 968 3021 ›
996 2959 1218 3023 Eadem
1245 2959 1423 3022 habet
1451 2956 1612 3020 Beda
1636 2956 1920 3031 vulgatus,

281 3057 610 3132 Notkerus,
643 3063 705 3118 et
735 3071 879 3116 mss.
933 3050 1216 3132 plurima.
1273 3044 1750 3128 Martyrologium
1802 3041 1923 3132 Ro:

287 3166 532 3212 manum
562 3129 647 3208 :ic
678 3141 903 3208 Natalis
933 3129 995 3202 S.
1029 3136 1329 3201 Timothei
1363 3134 1644 3214 discipuli
1666 3133 1737 3196 B.
1760 3129 1929 3194 Pauli

282 3236 567 3319 apostoli,
601 3233 702 3314 qui
736 3233 810 3292 ab
841 3229 1056 3290 eodem
1093 3226 1316 3319 Ephesi
1350 3224 1656 3286 ordinatus
1687 3221 1926 3319 episco-

288 3311 422 3407 pus,
447 3332 583 3406 post
613 3311 834 3384 inultos
865 3337 969 3400 pro
996 3317 1510 3407 Christo-agones,
1545 3330 1681 3373 cum
1728 3311 1930 3407 Diana:

291 3399 671 3478 immolantes
717 3399 1021 3490 argueret,
1075 3404 1378 3486 lapidibus
1428 3401 1700 3487 obrutus,
1754 3399 1928 3477 paulo

297 3513 434 3587 post
460 3499 817 3564 obdormivit
850 3495 1218 3587 inpomino.
1257 3516 1287 3552 ι

377 3595 439 3656 2.
472 3590 652 3656 Graeci
694 3606 832 3650 vero
875 3584 1031 3648 XXII
1060 3583 1350 3653 Januarii,
1387 3600 1502 3661 quo
1535 3579 1932 3657 interemptus

288 3693 404 3757 est,
433 3682 507 3743 de
534 3700 605 3742 eo
637 3687 838 3755 agunt.
874 3677 1003 3750 Quo
1027 3675 1125 3736 die
1146 3673 1370 3736 Menam
1409 3692 1422 3732 :
1463 3692 1492 3730 ex
1525 3667 1724 3732 Sancti
1757 3685 1932 3748 apos-

293 3771 425 3835 tolli
457 3766 786 3842 Timothei,
820 3763 1094 3844 discipuli
1129 3765 1191 3826 S.
1224 3759 1391 3823 Pauli
1422 3757 1702 3839 apostoli.
1735 3777 1764 3816 ι

369 3883 604 3941 Amore
636 3876 1002 3938 divinarum
1034 3870 1384 3957 Timotheus
1414 3881 1810 3957 cm'onnrum,

368 3958 663 4021 Fastibus
691 3972 882 4018 caesus
915 3954 1106 4014 tinxit
1139 3957 1371 4012 terram
1402 3954 1727 4026 sanguine.

290 4067 472 4131 Ortus
505 4062 604 4123 hic
632 4061 740 4122 fuit
770 4077 840 4122 ex
875 4061 1076 4140 Lystra
1103 4055 1280 4132 urbe,
1304 4063 1471 4137 patre
1491 4051 1720 4132 gentili,
1743 4059 1934 4140 matre

2007 2889 2136 2932 rum
2172 2873 2550 2954 aliorumque
2596 2882 2941 2936 sanctorum
2994 2874 3256 2934 virorum
3311 2872 3387 2934 de
3431 2871 3648 2934 Christi

2007 2963 2188 3023 rebus
2218 2969 2402 3040 gestis
2438 2964 2918 3032 commentarios,
2957 2961 3288 3040 collegerit,
3323 2981 3471 3042 quos
3513 2962 3650 3022 dein

2008 3053 2426 3130 recognovisse
2457 3072 2526 3114 ac
2556 3053 2874 3131 digessisse
2909 3055 3170 3116 Joannes
3211 3050 3446 3112 dicitur.

2091 3169 2149 3231 4.
2184 3167 2406 3230 Eodem
2454 3167 2611 3232 XXII
2665 3170 2764 3231 die
2806 3169 3072 3232 Januarii
3133 3188 3266 3230 eum
3319 3167 3652 3241 Usuardus,

2011 3257 2405 3336 Mavrolycus,
2439 3257 2800 3329 Galesinius,
2835 3259 3132 3330 Canisius,
3169 3259 3388 3339 aliique
3413 3257 3656 3317 Latino-

2011 3347 2447 3428 rumreferunt;
2479 3348 2716 3428 quidam
2755 3357 3006 3428 utroque
3049 3348 3165 3410 die.
3212 3345 3518 3409 Usuardus
3545 3349 3653 3406 ista

2014 3435 2214 3498 habet:
2238 3460 2263 3490 α
2282 3437 2504 3496 Natalis
2531 3440 2594 3500 S.
2619 3436 2919 3499 Timothei
2941 3437 3218 3518 discipuli
3243 3439 3310 3498 Β.
3339 3435 3522 3497 Pauli.
3546 3437 3655 3498 Hic

2013 3525 2086 3587 ab
2117 3525 2330 3586 eodem
2367 3527 2652 3606 Apostolo
2683 3528 3000 3606 episcopus
3031 3526 3267 3606 Epheso
3316 3527 3652 3597 ordinatus,

2015 3614 2125 3668 est.
2158 3628 2180 3662 η
2209 3605 2547 3668 Galesinius
2578 3605 2838 3668 breviter
2865 3605 3104 3667 onmem
3137 3608 3266 3686 ejus
3297 3606 3472 3666 vitam
3496 3625 3657 3666 com-

2017 3696 2225 3775 plexus
2245 3705 2372 3756 est:
2406 3695 2656 3776 «Ephesi
2681 3697 2742 3759 S.
2773 3696 3097 3771 Timothei,
3119 3697 3189 3758 B.
3217 3695 3380 3757 Pauli
3403 3693 3655 3774 apostoli

2021 3784 2324 3864 discipuli.
2354 3787 2407 3847 ls
2438 3783 2659 3865 Lystris
2689 3786 2748 3846 in
2788 3787 3076 3866 Lycaonia
3110 3795 3306 3865 natus,
3339 3805 3372 3846 a
3405 3784 3658 3864 pueritia

2016 3874 2076 3936 in
2099 3875 2286 3934 sacris
2309 3875 2527 3936 litteris
2559 3885 2615 3936 et
2641 3875 2859 3955 pietate
2883 3876 3192 3949 eruditus;
3224 3894 3344 3956 quo
3389 3883 3658 3954 tempore

2015 3963 2320 4041 apostolus
2342 3964 2556 4026 Paulus
2581 3983 2650 4026 eo
2673 3965 2854 4044 venit,
2880 3964 3242 4041 religionem
3263 3964 3655 4027 Christianam

2017 4054 2239 4128 coluit;
2273 4061 2474 4133 utpote
2497 4071 2632 4114 cum
2659 4063 2909 4114 matrem
2937 4052 3222 4115 Eunicem
3249 4053 3659 4132 haberet,mu-

285 4155 514 4225 Judzea,
542 4151 637 4212 cui
665 4149 893 4211 Eunice
926 4139 1168 4209 nomen.
1196 4143 1541 4223 Discipulus
1562 4140 1628 4204 Β.
1662 4139 1992 4220 apostoloc
2016 4144 2222 4205 lierem
2241 4142 2380 4205 Jesu
2405 4143 2776 4206 Christiﬁdei
2803 4144 3002 4203 studio
3027 4145 3398 4219 ﬂagrantem.
3423 4142 3660 4204 Pervul-

289 4244 473 4310 Paulo
493 4236 1106 4316 factus,conscriptor
1129 4233 1310 4296 divini
1342 4230 1642 4310 Evangelii
1661 4238 1931 4309 etpraeco
2015 4241 2146 4312 gata
2193 4233 2322 4310 ejus
2356 4233 2756 4294 adolescentis
2792 4239 3067 4294 virtutum
3106 4233 3286 4305 fama,
3327 4232 3491 4292 illum
3544 4231 3657 4290 sibi

287 4332 516 4398 exstitit
544 4349 558 4394 :
588 4328 800 4393 Joanni
822 4344 1064 4408 quoque
1085 4343 1204 4405 prae
1227 4321 1462 4385 caeteris
1480 4339 1513 4380 a
1528 4317 1765 4408 Christp
1785 4317 1935 4408 dilce
2017 4323 2294 4384 comitem
2324 4323 2822 4402 peregrinationis
2840 4337 2897 4384 et
2921 4323 3148 4384 socium
3172 4322 3442 4384 laborum
3472 4325 3659 4400 Apos-

287 4434 382 4486 cto
409 4420 672 4484 convixit
704 4440 717 4480 :
746 4406 929 4494 atque
953 4417 1026 4477 ab
1056 4415 1182 4495 ipso
1211 4410 1482 4491 apostolo
1506 4407 1687 4470 Paulo
1708 4406 1932 4486 Ephesi
2017 4413 2172 4473 tolus
2195 4412 2465 4490 adjunxit
2495 4430 2508 4474 :
2547 4413 2752 4492 sicque
2776 4413 3106 4491 adjutorem
3134 4413 3334 4491 operis
3368 4413 3427 4472 in
3461 4411 3659 4472 Evan-

287 4513 614 4594 episc0pus
644 4507 958 4570 ordinatus
989 4514 1101 4566 est.
1139 4498 1650 4594 Postquameniin
1689 4496 1776 4576 (ut
1808 4499 1930 4594 lre-
2020 4502 2175 4594 gelio
2215 4501 2437 4562 Christi
2468 4503 2746 4594 eumdem
2781 4501 3003 4594 ubique
3028 4501 3322 4594 adhibuit.
3351 4501 3658 4594 Siquidem

290 4587 458 4664 naeus
490 4587 908 4677 Lugdunensis
949 4598 1268 4672 epicopus
1321 4587 1586 4666 tradidit,
1629 4597 1689 4646 et
1722 4587 1934 4677 passim

286 4675 967 4762 sermonecelebratur)
983 4681 1248 4746 Joannes
1266 4698 1298 4740 e
1323 4677 1466 4739 mari
1487 4675 1938 4756 ejeclus,Ephe-

289 4798 484 4862 soque
541 4775 816 4840 redditus
870 4781 1002 4844 est;
1057 4789 1132 4862 ac
1184 4767 1407 4862 deinde
1459 4766 1583 4862 sub.
1606 4763 1937 4825 Domitiano

289 4854 569 4951 principe
619 4865 678 4926 in
735 4866 1002 4926 Palmum
1053 4859 1308 4951 insulam
1356 4855 1520 4951 e_xsu_l
1551 4854 1934 4951 deportatus;

287 4943 512 5024 Beatus
535 4958 629 5019 hic
651 4953 1006 5016 Timotheus
1032 4947 1353 5031 Ephesium
1375 4944 1657 5007 Ecclesiae
1679 4943 1934 5023 praefuit.

289 5053 439 5116 Cum
455 5064 594 5106 vero
620 5041 976 5106 idololatriae
995 5039 1153 5102 diem
1179 5036 1499 5118 quemdam
1519 5033 1758 5108 festum,
1776 5034 1932 5108 quod

293 5137 673 5216 Καταγώγιον,
731 5133 790 5193 id
849 5143 964 5204 est,
1028 5128 1474 5216 deductionem,
1537 5122 1932 5216 appellabant,

292 5212 481 5293 Ehesi
516 5212 703 5305 patrio
735 5221 850 5283 ritu
886 5220 1222 5299 agitarent;
1269 5214 1430 5275 idola
1480 5212 1720 5293 quidem
1757 5230 1937 5305 manu

291 5302 620 5399 gestantes,
659 5321 718 5372 et
744 5311 920 5372 larvis
968 5305 1329 5389 quibusdam
1381 5311 1482 5399 aut
1532 5302 1808 5399 personis
1838 5302 1937 5399 i‘n-

293 5390 447 5480 duti,
481 5412 540 5464 et
572 5404 632 5463 in
675 5401 769 5462 his
802 5400 1209 5470 decantanles,
1244 5403 1422 5474 atque
1453 5391 1514 5452 in
1561 5390 1716 5451 viros
1748 5409 1815 5452 ac
1846 5393 1938 5453 fe-

2022 4591 2119 4653 hic
2152 4609 2267 4650 una
2297 4609 2430 4650 cum
2464 4591 2590 4663 illo,
2626 4592 3022 4671 propagandae
3071 4592 3207 4653 fidei
3241 4610 3450 4671 causa,
3485 4592 3662 4652 modo

2023 4680 2344 4759 Ephesum,
2364 4681 2538 4741 modo
2553 4681 2900 4742 Corinthum
2917 4679 3236 4760 profectus.
3259 4679 3659 4743 Macedoniam

2024 4770 2230 4840 etiam,
2251 4769 2477 4831 Italiam
2502 4779 2680 4850 atque
2709 4769 3048 4832 universam
3066 4779 3310 4842 terram,
3337 4770 3662 4850 praedican-

2024 4859 2097 4920 do
2135 4861 2488 4939 peragravit.
2517 4857 2654 4920 Fuit
2685 4867 2878 4919 autem
2912 4859 3253 4921 admirabili
3289 4859 3476 4920 indoli
3510 4859 3661 4919 ado-

2023 4949 2256 5010 lescens
2283 4971 2296 5012 :
2327 4949 2542 5029 pudice
2568 4958 2625 5008 et
2651 4959 2815 5012 caste
2829 4959 3117 5030 perpetuo
3144 4950 3315 5011 vixit:
3347 4948 3665 5029 prudentia

2021 5039 2430 5120 sapientiaque
2451 5040 2528 5099 ita
2552 5039 2848 5117 praestitit,
2877 5047 2940 5098 ut
2970 5058 3150 5100 omne
3179 5039 3575 5100 ministerium
3609 5039 3665 5098 ei

2023 5128 2344 5208 Apostolus
2367 5129 2786 5209 concrederet;
2809 5130 2866 5188 in
2883 5127 3355 5205 Macedoniaque
3377 5145 3581 5190 curam
3600 5128 3667 5188 il-

2023 5218 2217 5278 lorum
2249 5217 2533 5292 traderet,
2559 5217 2658 5296 qui
2684 5217 3062 5297 Evangelium
3097 5226 3507 5298 susceperant.
3545 5220 3664 5281 De-

2024 5327 2181 5368 mum
2203 5307 2600 5388 Ephesiorum
2625 5307 2812 5370 factus
2833 5309 3171 5389 episcopus,
3201 5307 3342 5368 dum
3367 5307 3440 5369 ab
3466 5308 3669 5371 Diana:

2023 5398 2180 5458 cultu
2203 5397 2484 5479 populum
2501 5414 2755 5459 avocare
2769 5405 3040 5472 conatur,
3064 5395 3670 5478 Domitianoimpera-

297 5497 492 5559 minas
520 5494 819 5554 latronum
857 5505 1023 5549 more
1055 5487 1375 5556 irruentes,
1411 5479 1731 5561 omniaque
1759 5482 1935 5545 caedi-
1963 5494 2008 5551 ι
2032 5495 2182 5566 tore,
2210 5487 2556 5566 Iapidibusa
2580 5485 2964 5548 multitudine
2990 5505 3166 5560 poene
3186 5486 3671 5561 obrutus,Chris-

292 5587 405 5650 bus
439 5583 769 5645 miscentes
799 5599 814 5658 ;
851 5578 917 5640 Β.
946 5576 1296 5640 Timotheus
1327 5580 1442 5633 tam
1471 5569 1666 5631 dirum
1695 5580 1755 5635 et
1777 5583 1942 5636 atrox
2028 5577 2324 5640 tianorum
2360 5596 2473 5660 ope
2503 5596 2575 5637 eo
2609 5577 2872 5657 periculo
2905 5577 3212 5654 liberatus,
3242 5577 3313 5640 ad
3347 5577 3668 5640 ﬁnitimum

290 5676 530 5749 facinus
563 5669 785 5733 intueri
819 5686 938 5734 non
969 5667 1292 5741 sustinens,
1329 5660 1572 5729 stultum
1606 5677 1816 5726 eorum
1851 5683 1940 5729 er-

2029 5679 2320 5747 montem,
2345 5670 2444 5754 qui
2470 5666 2621 5732 Pion
2647 5665 2886 5747 dicitur,
2911 5668 3096 5752 venit,
3127 5667 3226 5732 ubi
3250 5669 3511 5732 animam
3550 5668 3670 5731 Deo
