3972 6130
377 299 498 371 763

1671 309 1953 373 MENSIS
1991 310 2446 376 JANUARIUS.

3589 307 3692 378 764

379 448 808 519 cognoverunt,
837 449 894 503 et
923 441 1080 524 quod
1114 441 1221 505 Dei
1240 441 1349 503 vivi
1375 448 1532 504 esset
1555 441 1751 524 potius
1780 450 2018 523 aposto-

2115 449 2252 508 σθαι,
2321 444 2472 504 Ἐπεὶ
2533 442 2589 503 δὲ
2660 443 2899 523 ’ἔγνωσαν
2955 440 3103 506 ὅστις
3158 441 3247 516 ἦν,
3313 445 3400 498 καὶ
3457 441 3532 500 ὅτι
3587 447 3700 503 θεοῦ

378 529 499 599 lus,
520 541 576 590 et
603 531 843 607 horum,
875 532 974 610 qui
1000 532 1140 593 falso
1175 533 1728 603 dicuntur,deorum
1758 533 2028 594 adversa-

379 619 530 693 rius,
571 620 644 680 ad
686 621 796 680 hoc
833 622 1024 700 ipsum
1049 621 1374 694 missus,ub
1401 620 1474 682 ab
1491 640 1698 682 eorum
1723 640 1929 684 errore
1949 623 2023 683 li-

379 707 736 771 herarentur
766 711 1066 788 homines,
1091 723 1150 770 et
1180 711 1338 790 quod
1367 713 1649 790 prazdicat
1680 713 1892 787 Deum,
1926 712 2030 792 qui

379 817 500 860 non
523 800 716 860 solum
747 808 937 880 potest
961 801 1264 876 corrigere
1286 801 1434 862 tales
1456 820 1771 883 corporum
1800 803 2025 864 mutila-

378 889 707 958 tiones,sed
730 889 910 950 etiam
930 891 1218 952 suscitare
1239 891 1703 966 mortuos;multi
1732 891 1805 952 ab
1823 910 2028 953 errore

379 976 731 1038 deﬁcientes
777 989 1160 1040 accesserunt
1191 980 1264 1039 ad
1319 980 1620 1060 pietatem.
1653 979 1817 1060 Opus
1869 981 2027 1043 illius

380 1066 928 1138 miraculi,i‘uerunt
953 1069 1131 1130 etiam
1163 1070 1342 1146 hujus
1363 1069 1732 1132 admirabilis
1748 1070 2021 1150 discipuli

2115 1079 2175 1149 τῇ
2259 1071 2500 1145 εὐσεϐείᾳ
2569 1071 2912 1148 προσέθεντο.

376 1163 435 1219 et
455 1157 712 1236 apostoli
739 1168 1038 1236 parentes,
1069 1165 1165 1239 qui
1201 1178 1319 1234 ma;
1340 1178 1417 1220 no
1448 1160 1648 1221 studio
1668 1169 1729 1221 et
1758 1159 2027 1222 liberali-

377 1252 494 1306 tate
539 1244 786 1307 Paulum
813 1247 976 1308 domi
1002 1267 1124 1309 sua;
1140 1257 1594 1327 acceperuntzet
1626 1250 1864 1326 pietatis
1891 1251 2030 1330 qui-

377 1331 514 1395 dem
565 1334 757 1396 lucem
793 1335 865 1398 ab
905 1356 976 1398 eo
1011 1338 1366 1412 habuerunt,
1406 1337 1564 1418 pium
1606 1353 1804 1398 autem
1835 1348 1893 1400 et
1928 1341 2034 1402 Dei

377 1436 678 1486 amantem
715 1425 1583 1499 Timotheum,velutivicissim
1617 1427 2030 1506 reddiderunt,

377 1514 482 1588 qui
506 1523 632 1575 erat
655 1515 1103 1596 adhucjuvenis
1134 1525 1194 1575 et
1217 1525 1409 1589 tener,
1439 1525 1496 1576 et
1527 1526 1698 1596 aptus
1730 1517 1802 1577 ad
1835 1519 2034 1580 susci-

381 1602 597 1682 pienda
626 1603 855 1664 semina
892 1605 1319 1684 pietatis,quod
1341 1606 1584 1685 quidem
1616 1605 1751 1666 licet
1773 1609 2035 1686 apertius

381 1689 618 1754 discere
651 1711 719 1756 ex
746 1693 898 1756 libro
918 1696 1171 1756 Actuum
1206 1697 1610 1776 apostolorum
1631 1695 1681 1759 9.
1714 1697 1862 1758 Nam
1895 1713 2030 1756 cum

2108 535 2311 608 μᾶλλον
2382 535 2595 603 ἀληθῶς
2664 532 2986 607 ἀπόστολος,
3054 534 3143 589 καὶ
3211 538 3318 589 τῶν
3383 531 3701 608 ψευδωνύμων

2107 628 2308 682 τούτων
2375 629 2508 682 θεῶν
2579 625 2868 696 ἀντίθετος,
2927 624 3059 701 πρὸς
3113 624 3239 680 αὐτὸ
3299 619 3364 688 δὴ
3424 629 3564 680 τοῦτο
3614 624 3703 681 ἀπο

2110 713 2460 794 εσταλμὲνος,
2507 714 2645 772 ὥστε
2687 718 2788 782 τῆς
2841 715 3014 772 αὐτῶν
3085 710 3293 778 πλάνης
3351 712 3546 788 ῥύεσθαι
3605 717 3704 777 τοὺς

2110 804 2444 883 ἆνθρώπους,
2479 804 2566 860 καὶ
2621 806 2695 869 ὡς
2753 804 3002 882 κηρύττει
3053 803 3205 876 Θεὸν,
3243 800 3303 858 ού
3351 803 3585 864 τοιαύτας
3619 806 3703 877 μό-

2111 917 2199 951 νον
2248 894 2519 972 πηρώσεις
2577 892 2823 971 ἆνορθοῦν
2869 890 3155 967 σωμάτων,
3213 887 3354 947 ἀλλὰ
3393 889 3486 945 καΐ
3533 895 3700 970 νεκροὺς

2107 983 2326 1056 ἂνιστᾷν
2384 981 2694 1063 δυνάμενον,
2754 980 2956 1039 πολλοῖ
2997 987 3098 1048 τῆς
3156 980 3370 1046 ἀπάτης
3429 979 3704 1049 ἀποστάντες

2999 1067 3014 1092 ’
3025 1070 3240 1128 Εκείνου
3318 1076 3413 1128 τοῦ
3491 1071 3710 1146 θαύματος

2112 1161 2264 1239 ἔργον
2332 1163 2419 1218 καί
2490 1165 2541 1218 αἱ
2607 1168 2700 1218 τοῦ
2769 1162 3066 1235 θαυμασίου
3138 1157 3289 1217 τοῦδε
3363 1163 3587 1234 Ιιαθητοῦ
3645 1163 3714 1219 καὶ

2114 1250 2416 1309 ἀποστόλου
2470 1254 2746 1330 πρόγονοι,
2780 1258 2849 1326 τῇ
2904 1251 3041 1323 οἰκίᾳ
3084 1253 3292 1325 θερμῶς
3340 1269 3400 1305 τε
3450 1251 3534 1306 καὶ
3583 1249 3716 1330 φιλο-

2114 1343 2284 1415 τίμως
2341 1342 2433 1398 τὸν
2500 1339 2705 1399 Παῦλον
2774 1337 3184 1414 ὑποδεξάμεναι,
3242 1340 3334 1395 καὶ
3405 1338 3593 1417 φέγγος
3641 1339 3720 1414 μὶν

2117 1427 2382 1493 εὐσεϐείας
2428 1427 2552 1506 παρ’
2610 1431 2771 1488 αὐτοῦ
2829 1427 3107 1507 λαϐοῦσαι,
3168 1429 3326 1485 οἱονεὶ
3385 1426 3440 1484 δὲ
3489 1430 3574 1484 τὸν
3621 1432 3723 1486 θεο-

2115 1521 2241 1599 φιλῆ
2292 1521 2550 1596 Τιμόθεον
2597 1518 2922 1593 ἇντιδοῦσαι,
2959 1521 3146 1596 νεαρὸν
3191 1517 3267 1574 ἔτι
3321 1518 3446 1574 ὄντα
3473 1519 3556 1574 καὶ
3603 1519 3726 1574 ἁπα-

2113 1609 2228 1689 Ab»,
2293 1613 2382 1667 καὶ
2445 1610 2728 1688 σπέρματα
2784 1605 3080 1673 θεοσεϐείας
3154 1605 3464 1676 ἐπιπήδειον
3522 1605 3728 1686 παραδέ-

2114 1700 2318 1775 ξασθαι,
2375 1699 2506 1777 ὅπερ
2563 1699 2654 1756 οὖν
2708 1701 2795 1755 καὶ
2853 1697 2947 1754 ἀπ’
3013 1699 3178 1764 αὐτῆς
3227 1705 3332 1754 ποῦ
3389 1697 3733 1777 εὖσαφέστερόν

379 1781 625 1856 Paulus,
691 1785 904 1864 inquit,
937 1783 1132 1846 obiret
1181 1786 1448 1864 Lystram
1505 1795 1568 1845 et
1613 1783 1876 1860 Derben,
1905 1793 2026 1846 eral

2116 1790 2227 1846 ἔστι
2282 1794 2474 1864 μαθεῖν
2507 1793 2604 1855 της
2670 1790 2775 1845 τῶν
2841 1786 3084 1865 Πράξεων
3140 1785 3353 1862 βίϐλου.
3406 1787 3502 1845 Τοῦ
3557 1787 3734 1842 Παύλου

382 1869 508 1932 illic
542 1872 866 1951 discipulu:
905 1873 1170 1954 quidam,
1203 1875 1446 1934 nomine
1476 1872 1849 1952 Timotheus,
1877 1874 2033 1934 ﬁlius

384 1960 658 2023 mulieris
714 1961 936 2026 Judaaaa
994 1963 1213 2037 ﬁdelis,
1276 1963 1456 2041 patris
1511 1971 1708 2024 autem
1767 1963 2028 2039 gentilis.

387 2050 797 2113 testimonium
864 2053 1084 2113 bonum
1147 2051 1504 2125 reddebant,
1565 2051 1666 2132 qui
1728 2052 1788 2112 in
1847 2051 2034 2132 Lytris

377 2150 551 2201 erant
581 2150 638 2201 et
669 2141 869 2204 Iconio
903 2143 1139 2203 fratres.

456 2227 556 2294 Ill.
593 2228 736 2293 Cum
771 2232 856 2292 sic
889 2251 1030 2312 ergo
1050 2231 1230 2294 Paulo
1256 2231 1506 2293 traditus
1537 2230 1791 2293 fuisset3
1819 2228 2028 2292 Timo-

377 2318 580 2396 theus,
615 2320 778 2383 Patri
809 2321 1061 2402 spiritali
1093 2323 1254 2384 ﬁlius
1296 2321 1484 2400 magis
1515 2320 1815 2401 proprius,
1849 2337 2028 2400 quam

371 2410 505 2489 ejus
535 2410 640 2487 qui
691 2419 818 2473 erat
847 2420 1016 2492 pater
1045 2411 1378 2473 secundum
1425 2429 1692 2484 carnem,
1730 2420 1788 2472 et
1816 2429 1885 2472 ex
1936 2409 2029 2470 ci-

372 2500 549 2561 vitate
581 2517 696 2562 una
729 2510 888 2562 esset
919 2519 1302 2574 excessurus,
1333 2501 1408 2562 ab
1451 2520 1522 2562 eo
1579 2499 2029 2562 circumciditur

375 2597 617 2669 propter
682 2589 972 2670 quosdam
1006 2589 1266 2658 Judaeos,
1306 2589 1526 2671 quibus
1558 2590 1732 2670 plena
1759 2598 1886 2651 erat
1937 2588 2028 2649 ci-

376 2677 551 2752 vitas,
611 2687 670 2740 et
727 2680 930 2740 omnia
984 2680 1422 2740 circumcirca:
1485 2679 1766 2758 quoniam
1817 2695 2028 2740 omnes

374 2765 646 2827 sciebant
710 2767 877 2828 illum
933 2787 1070 2829 esse
1103 2778 1301 2829 natum
1357 2776 1522 2847 patre
1551 2767 1780 2846 gentili.
1829 2769 2027 2845 Atque

376 2855 650 2916 civitates
683 2857 924 2937 quidem
959 2858 1158 2917 obibat
1189 2856 1406 2918 Paulus
1461 2857 1768 2917 seminans
1799 2856 2026 2936 praedi-

375 2946 696 3018 cationem,
762 2946 1199 3028 veritatemque
1256 2946 1644 3019 annuntians,
1702 2955 1763 3006 et
1818 2963 2028 3006 omnes

376 3034 592 3113 Spiritu
651 3052 1039 3111 regenerans.
1091 3035 1236 3098 Eum
1295 3044 1493 3096 autem
1551 3033 2030 3115 consequebatur

378 3123 534 3184 sicut
564 3125 732 3186 stella
779 3125 967 3186 solem
1001 3124 1352 3187 Timotheus
1389 3146 1402 3188 :
1437 3124 1733 3186 deductus
1783 3123 2024 3204 quidem

378 3231 412 3274 a
444 3213 810 3293 parentibus,
844 3234 1050 3276 eorum
1084 3225 1282 3276 autem
1315 3233 1418 3276 cor
1464 3234 1582 3275 non
1614 3213 1868 3275 obscure
1898 3231 2030 3275 sau-

378 3303 547 3366 cians
599 3314 841 3385 prapter
872 3305 1338 3386 separationem.
1401 3302 1620 3376 Quidni
1670 3303 1856 3377 enim,
1892 3321 2026 3364 cum

378 3402 581 3455 essent
634 3404 909 3475 parentes
969 3395 1100 3455 talis
1158 3395 1289 3469 ﬁlii,
1325 3402 1383 3455 et
1431 3393 1532 3473 qui
1586 3391 1856 3454 scatebat
1913 3401 2028 3452 tam

377 3486 536 3544 suavi
597 3483 744 3546 ﬂore
777 3484 1054 3546 virtutis?
1085 3487 1218 3558 Ipse
1249 3501 1385 3544 vero
1439 3502 1507 3544 ex
1542 3500 1748 3544 eorum
1796 3481 2032 3561 sejunc-

375 3571 540 3634 tione
572 3572 720 3635 nihil
758 3575 914 3635 visus
941 3583 1030 3634 est
1059 3573 1238 3649 afﬁci,
1262 3572 1364 3634 sed
1399 3571 1838 3652 quodammodo
1864 3570 2027 3633 Pauli

377 3661 680 3723 desiderio
734 3673 1052 3742 contegere
1098 3681 1272 3724 suam
1332 3663 1390 3722 in
1426 3669 1701 3742 parentes
1759 3660 2027 3720 aﬂ‘ectio-

377 3768 540 3823 nem,
579 3761 637 3812 et
685 3753 1006 3813 ostendere
1037 3753 1094 3814 id
1154 3751 1405 3813 naturali
1440 3750 1794 3812 necessitate
1855 3749 2028 3826 longe

380 3856 516 3902 esse
571 3839 885 3901 valentius.
922 3841 1078 3904 Hinc
1114 3841 1174 3902 in
1220 3839 1550 3901 litterarum
1585 3839 1900 3919 disciplina
1955 3836 2028 3898 ab

379 3927 485 3990 illo
519 3927 871 4006 instituitur,
899 3929 1082 4011 ﬁtque
1113 3930 1170 3991 ei
1199 3928 1666 4000 contubernalis,
1695 3940 1754 3990 et
1781 3927 2028 3988 omnino

381 4017 563 4080 simul
615 4037 747 4079 cum
782 4037 852 4080 eo
885 4018 1137 4081 vivebat.
1182 4019 1410 4082 Deinde
1442 4019 1573 4098 ejus
1630 4035 1867 4098 quoque
1895 4016 2028 4078 dia-

381 4125 568 4171 conus
611 4111 1015 4184 constituitur,
1056 4117 1115 4171 et
1164 4110 1234 4170 ad
1267 4109 1664 4189 apostolatum
1716 4107 2029 4168 conﬁrma—

381 4205 496 4262 tur.
535 4199 938 4278 periculorum
977 4205 1154 4279 atque
1205 4197 1474 4259 laborum
1531 4197 1780 4258 effectus
1831 4197 2029 4256 socius

381 4296 440 4349 et
466 4287 612 4348 nihil
645 4288 889 4349 omnino
924 4287 1244 4368 impeditus
1272 4287 1347 4349 ab
1379 4287 1565 4348 aetatis
1597 4285 2024 4358 teneritudine,

381 4375 484 4456 qui
535 4376 730 4438 minus
760 4378 1073 4439 resisteret
1128 4375 1471 4438 laboribus:
1506 4375 1610 4436 sed
1673 4392 2024 4453 generosam

380 4464 674 4527 inducens
732 4468 1119 4540 voluntatem,
1153 4486 1285 4548 quae
1341 4475 1516 4530 atate
1546 4467 1679 4547 plus
1739 4474 2028 4545 poterat;

2114 1881 2237 1957 γὰρ,
2291 1881 2444 1956 φησὶ,
2502 1879 2601 1944 τὴν
2659 1878 2896 1954 Λύστραν
2948 1878 3038 1931 καὶ
3097 1874 3302 1952 Δέρϐην
3351 1878 3652 1956 περιιόντος,
3682 1875 3734 1943 ἦν

2115 1969 2232 2024 ias!
2290 1969 2534 2044 μαθητὴς
2584 1969 2806 2042 ὀνόματι
2860 1969 3135 2046 Τιμόθεος,
3169 1968 3567 2046 υἱὸςμγυναικὸς
3614 1967 3734 2023 ἰουο

2115 2057 2259 2122 δαίας
2291 2038 2524 2132 ἰπιστῆς,
2558 2038 2757 2134 πατρὸς
2809 2054 2863 2112 δὲ
2908 2038 3211 2122 δΕλληνος.
3420 2054 3736 2134 ἐμαρτυρεῖτο

2114 2150 2215 2204 ὑπὸ
2245 2149 2351 2204 τῶν
2383 2146 2436 2202 ἐν
2482 2147 2689 2224 Λύστρᾳ
2717 2148 2807 2202 καὶ
2836 2145 3040 2219 ἰκονίῳ
3069 2144 3342 2214 ἀδελφῶν,

2195 2235 2274 2297 Γ’.
2326 2236 2478 2294 Οὕτω
2529 2239 2807 2314 τοιγαροῦν
2851 2236 3200 2315 ἐγχειρισθεὶς
3231 2242 3310 2308 τῷ
3354 2233 3544 2309 Παύλῳ
3582 2235 3728 2309 Τιμόο

2112 2332 2255 2398 θεος,
2289 2327 2448 2403 πατρὶ
2504 2332 2855 2400 πνευματικῷ
2913 2338 3046 2388 παῖς
3090 2323 3226 2381 πολὺ
3272 2335 3366 2385 τοῦ
3408 2326 3539 2383 κατὰ
3587 2327 3729 2402 σάρκα

2113 2417 2312 2493 πατρὸς
2379 2416 2722 2495 οἳκειότερος,
2797 2416 2885 2471 καὶ
2955 2421 3254 2492 σοναπᾶραι
3332 2413 3550 2490 μαλλων
3614 2413 3731 2486 αότῳ

2111 2513 2211 2573 τῆς
2271 2504 2511 2585 πόλεως,
2541 2505 2911 2582 περιτέμνεται
2963 2502 3053 2561 ὕπ’
3117 2504 3282 2562 αὐτοῦ
3311 2501 3404 2560 διὰ
3445 2505 3564 2569 τοὺς
3615 2501 3729 2560 Ἰου-

2111 2595 2312 2675 δαίους,
2359 2598 2434 2651 ὡν
2483 2597 2517 2663 ἡ
2570 2593 2727 2660 πόλις
2772 2596 2892 2651 τότε
2934 2597 3024 2651 καὶ
3073 2595 3140 2650 τὰ
3195 2601 3328 2671 περὶ
3378 2594 3538 2661 αὐτήν
3587 2593 3731 2654 πάντα

2112 2686 2462 2763 πεπλήρωτο,
2497 2685 2611 2741 ἐπεὶ
2671 2685 2759 2741 καὶ
2803 2685 2996 2748 πάντες
3046 2684 3248 2740 έκεῖνοι
3295 2681 3498 2759 ᾔδεσαν
3545 2684 3610 2746 ὡς

2112 2774 2378 2841 Ἕλληνος
2431 2774 2524 2840 εἴη
2561 2774 2784 2851 πατρὸς,
2837 2772 3051 2850 Περιῄει
3084 2774 3184 2848 μὲν
3247 2777 3340 2832 οὖν
3371 2773 3468 2837 τὰς
3509 2771 3674 2833 πόλεις
3707 2772 3729 2827 ὁ

2111 2863 2316 2928 Παῦλος
2375 2864 2435 2919 τὸ
2479 2865 2731 2940 κήρυγμα
2795 2863 3188 2940 κατασπείρων,
3225 2863 3316 2919 καὶ
3369 2862 3467 2928 τὴν
3515 2860 3730 2930 ἀλήθειαν

2110 2951 2518 3031 καταγγέλλων,
2579 2953 2666 3009 καὶ
2726 2953 3027 3030 ἀναγεννῶν
3086 2953 3292 3017 πάντας
3337 2955 3415 3024 τῷ
3477 2951 3721 3024 Πνεύμαει.

2111 3046 2397 3100 Συνείπετο
2469 3041 2523 3098 δὲ
2579 3045 2722 3115 αὖτῷ
2767 3043 3002 3119 καθάπερ
3053 3041 3226 3119 ἀστὴρ
3279 3040 3421 3114 ἡλίῳ
3491 3042 3720 3114 Τιμόθεος,

2111 3132 2560 3210 προπεμπόμενος
2618 3133 2716 3206 μὲν
2769 3133 2868 3188 ὕπὸ
2925 3153 3032 3186 των
3077 3129 3344 3187 τεκόντων
3405 3129 3643 3200 πλήττων
3685 3125 3730 3181 δί

2113 3223 2282 3277 αὐτῶν
2343 3222 2438 3278 οῦκ
2480 3218 2694 3289 ἀδήλως
2758 3221 2856 3287 την
2915 3217 3132 3296 καρδίαν
3189 3219 3278 3276 ἐπὶ
3339 3222 3418 3292 τῷ
3477 3222 3727 3298 χωρισμᾷι

2114 3311 2218 3372 Καὶ
2274 3317 2388 3373 πῶς
2463 3311 2564 3388 γὰρ
2635 3311 2732 3365 οῦκ
2789 3307 3014 3382 ἔμελλον
3084 3308 3310 3386 πατέρες
3382 3308 3523 3371 ὄντες
3573 3301 3730 3366 παιδὸς

2113 3400 2380 3471 τοιαύτου,
2413 3400 2502 3455 καὶ
2555 3398 2721 3460 οὕτως
2753 3395 2954 3470 ἡδίστῳ
2979 3401 3077 3463 τῆς
3127 3396 3324 3474 ἀρέτῇς
3382 3396 3522 3453 ἄνθει
3565 3393 3730 3470 βρύον-

2114 3509 2243 3566 τος;
2309 3489 2474 3552 Αὐτὸς
2531 3486 2588 3543 δὲ
2660 3489 2791 3564 πρὸς
2849 3490 2949 3552 τὴν
3005 3486 3222 3543 έκείνων
3285 3485 3552 3542 διάστασιν
3606 3479 3732 3539 οωὶν

2111 3578 2299 3642 ἐοικὼς
2357 3577 2614 3656 πάσχειν,
2647 3576 2768 3633 ἀλλ’
2827 3576 3008 3655 ὥσπερ
3051 3589 3170 3640 τοῖς
3233 3582 3328 3632 τοῦ
3377 3573 3578 3632 Παύλου
3628 3570 3730 3644 ἱμέ-

2112 3690 2224 3745 ροις
2281 3667 2381 3733 τὴν
2431 3669 2562 3745 πρὸς
2607 3669 2730 3731 τοὺς
2787 3666 3037 3730 τέκοντας
3091 3666 3450 3742 ἀποκρύπτων
3501 3661 3727 3738 στοργήν,

2111 3758 2200 3812 καὶ
2243 3754 2496 3813 δεικνύων
2551 3755 2740 3818 αὐτοὺς
2800 3753 2987 3829 πολλῷ
3039 3759 3273 3832 φυσικῆς
3305 3754 3540 3831 ἀνάγκης
3592 3753 3732 3828 ἰσχυ-

2113 3846 2378 3922 ροτέρους.
2442 3845 2715 3904 Ἐντεῦθεν
2782 3846 2911 3924 πρὸς
2974 3846 3207 3919 μάθησιν
3279 3844 3602 3923 γραμμάτων
3659 3833 3732 3892 ὕπ’

2113 3936 2298 4009 ἐκείνῳ
2354 3932 2813 4012 παιδαγωγετται,
2878 3935 2965 3990 καὶ
3037 3933 3240 4010 γίνεται
3315 3934 3567 3998 σύσκηνος
3616 3925 3735 3997 αὐτῷ

2113 4027 2199 4081 καὶ
2264 4026 2322 4080 τὸ
2388 4031 2490 4080 πᾶν
2555 4021 2886 4097 ὁμοδίαιτος.
2942 4025 3078 4080 Εἶτα
3135 4024 3223 4079 καὶ
3285 4019 3522 4085 διάκονος
3573 4017 3733 4075 τούτου

2113 4115 2444 4192 καθίσταται,
2501 4112 2598 4170 καὶ
2653 4116 2783 4188 πρὸς
2845 4114 2945 4180 τὴν
2997 4111 3310 4176 ἀποστολὴν
3367 4109 3729 4188 έπιῤῥὼννυται,

2115 4203 2368 4258 κοινονῶν
2411 4203 2553 4274 αύτῷ
2601 4203 2688 4256 καὶ
2743 4198 2996 4257 κινδύνων
3053 4201 3146 4256 καὶ
3187 4201 3472 4279 καμάτων,
3515 4197 3596 4253 καὶ
3641 4193 3729 4250 πό-

2111 4309 2242 4347 νωνο
2298 4291 2385 4345 καὶ
2415 4287 2583 4364 μηδὲν
2643 4287 2781 4354 ὅλως
2839 4286 3263 4362 ἑμποδιζόμενος
3321 4290 3424 4344 ὑπὸ
3471 4296 3557 4344 τοῦ
3607 4283 3729 4338 ἄπα-

2112 4387 2210 4456 γοῦ
2251 4383 2351 4446 τῆς
2401 4381 2656 4446 νεότητος
2719 4381 2844 4458 πρὸς
2899 4379 2998 4447 τήν
3061 4385 3168 4434 τῶν
3218 4379 3396 4436 πόνων
3437 4373 3726 4445 ἀντιτυπίαν,

2111 4468 2233 4524 ἀλλ’
2319 4469 2582 4546 εὐγένειαν
2667 4468 3027 4547 προαιρέσεως
3138 4467 3466 4544 ἆντεισάγων
3544 4463 3724 4531 ἡλικίας

380 4553 531 4616 adeo
554 4565 619 4616 ut
650 4555 785 4618 boni
815 4561 945 4636 ejus
975 4547 1247 4619 animiet
1267 4559 1496 4636 piorum
1529 4574 1777 4634 operum
1813 4563 2021 4616 testem

2115 4557 2328 4614 πλείονα
2381 4556 2702 4634 δυναμένην,
2747 4557 2889 4616 ὥστε
2947 4559 3036 4613 καὶ
3107 4557 3349 4635 μάρτυρα
3404 4561 3499 4622 τῆς
3553 4547 3722 4628 apti:

381 4644 573 4724 ipsum
604 4646 874 4708 habuerit
905 4648 1276 4726 magistrum,
1311 4647 1394 4707 sic
1427 4645 1749 4706 dicentem:
1787 4643 2022 4715 Videte,

383 4751 460 4796 ne
511 4735 865 4816 quisipsum
920 4745 1258 4798 contemnat
1283 4737 1334 4798 4.
1386 4733 1550 4816 Opus
1579 4733 1738 4796 enim
1790 4731 2028 4795 Domini

379 4836 687 4905 cperatur,
729 4827 880 4887 sicut
909 4845 1042 4906 ego.

459 5003 558 5068 IV.
587 5004 731 5069 Cum
769 5014 966 5068 autem
998 5007 1071 5069 ad
1105 5014 1324 5067 tantam
1355 5003 1726 5085 pervenisset
1756 5001 2028 5063 virtutem

381 5104 442 5158 et
471 5105 697 5158 tantum
742 5096 830 5159 eis
862 5106 1072 5161 testem
1105 5095 1500 5166 adhibuisset,
1535 5112 1650 5154 non
1700 5093 1798 5154 hic
1832 5091 2028 5153 solum

379 5191 485 5254 sed
511 5192 685 5252 etiam
715 5195 773 5253 in
801 5193 1002 5252 multis
1019 5192 1152 5252 aliis
1174 5191 1503 5252 locis.Nam
1534 5189 1740 5250 «Modo
1759 5186 2030 5269 quidem,

379 5279 576 5361 inquit
597 5281 872 5342 scribens
894 5282 966 5342 ad
1001 5280 1346 5344 Corinthios
1367 5277 1588 5339 Paulus
1607 5279 1806 5346 5,misi
1836 5277 1906 5338 ad
1935 5293 2034 5336 vos

2112 4648 2310 4714 ταύτης
2355 4648 2600 4724 γνώμης⁶
2653 4651 2740 4704 καὶ
2798 4654 2910 4704 τῶν
2971 4645 3138 4724 ἔργων
3198 4651 3305 4702 τῶν
3347 4640 3568 4700 εὗσεϐὡν
3594 4638 3724 4724 abibit

2113 4741 2407 4812 κτμσασθαι
2477 4739 2568 4793 τὸν
2633 4734 2948 4793 διδάσκαλον
3018 4734 3158 4792 οὕτω
3225 4733 3469 4813 λέγοντα·
3529 4721 3722 4788 Βλέπετέ

2113 4827 2192 4900 μή
2249 4848 2326 4887 τις
2361 4827 2518 4884 αὐτὸν
2578 4823 2928 4902 ἐξουδενώσῃο
2965 4831 3024 4882 τῦ
3075 4826 3174 4902 γὰρ
3231 4823 3387 4903 ἔργον
3439 4828 3528 4878 τοῦ
3568 4813 3722 4890 Κυρίου

2114 4915 2388 4994 ἐργάζεται
2415 4917 2488 4978 ὡς
2535 4916 2710 4992 κάγώ.

2195 5004 2285 5062 Α’.
2346 5007 2429 5068 Εἷς
2491 5026 2645 5062 τουτο
2695 5003 2750 5061 δὲ
2801 5005 2996 5084 ἀρετῆς
3040 5003 3264 5078 ἐλάσας,
3308 5003 3392 5059 καὶ
3442 4997 3722 5084 τηλικοῦτον

2116 5095 2354 5172 μάρτυρα
2409 5095 2604 5162 ταύτης
2665 5080 3059 5169 πεποιημένος,
3118 5093 3214 5150 οῦκ
3288 5091 3498 5149 ἐνταῦθα
3562 5080 3720 5172 μόνον,

2118 5166 2255 5240 etiam
2291 5166 2385 5240 ’καὶ
2434 5183 2681 5264 ἀλλαχοῦ
2729 5166 3051 5264 πολλαχοῦο⁷
3102 5204 3126 5240 ε
3167 5191 3270 5242 Νῦν
3327 5181 3420 5256 μὲν
3475 5177 3585 5253 γὰρ,
3615 5166 3723 5264 φηςῖ

2118 5275 2408 5351 Κορινθίοις
2467 5257 2684 5354 γρᾶέρνων
2749 5275 2778 5331 ὃ
2833 5257 3068 5348 Παῦλος,
3135 5273 3351 5348 ἔπεμψα
3403 5272 3524 5344 ὑμῖν
3577 5257 3720 5354 Τιμό-

383 5351 764 5430 Timotheum
825 5373 1066 5431 fratrem
1123 5388 1350 5444 meum,
1385 5370 1482 5448 qui
1537 5377 1628 5430 est
1657 5368 1815 5428 ﬁlius
1866 5383 2026 5426 meus

2115 5370 2232 5422 θεον
2301 5366 2392 5420 τὸν
2450 5351 2675 5434 ἆδελῲόν
2737 5386 2863 5439 μου,
2921 5363 2981 5428 ὃς
3044 5367 3158 5420 ἔστι
3226 5361 3404 5419 τέκνον
3457 5377 3550 5448 μου
3599 5351 3717 5448 ἆγε-

385 5454 636 5518 dilectus
668 5468 726 5519 et
758 5458 952 5520 ﬁdelis
977 5460 1036 5520 in
1071 5459 1345 5535 Domino,
1383 5456 1483 5536 qui
1514 5456 1686 5520 vobis
1718 5457 1776 5516 in
1811 5473 2032 5516 memo-

2115 5458 2286 5522 πητὸν
2327 5458 2411 5509 καὶ
2457 5455 2645 5509 πιστὸν
2691 5435 2747 5508 ἐν
2794 5435 2987 5528 Κύριῳ,
3043 5454 3100 5517 ὃς
3146 5453 3283 5528 ὑμᾶς
3326 5447 3596 5524 ἀναμνήσει
3644 5435 3716 5500 τὰς

464 5625 496 5676 ²
525 5625 661 5688 Act.
690 5640 818 5699 va,
854 5626 912 5689 1.
995 5629 1027 5676 ὅ
1056 5627 1242 5702 ibid,
1271 5645 1335 5705 ιι,
1372 5628 1428 5691 3.
1518 5629 1548 5678 ι
1578 5629 1599 5692 l
1631 5626 1766 5691 Cor.
1803 5643 1921 5691 va.
2005 5627 2026 5677 ἔ

2115 5625 2259 5688 Cor.
2296 5637 2376 5698 tv,
2413 5622 2514 5688 t7.
