3972 6130
240 319 359 386 765

1565 318 1752 381 VITA
1796 317 1857 380 S.
1913 315 2214 379 ΤΙΜΟΤΗ
2227 317 2320 380 EI.

3501 314 3622 379 766

240 456 392 518 ὁδοὺς
428 477 537 532 μου
567 455 662 520 τάς
693 454 746 512 ἐν
777 461 1012 534 Χριστῷ.
1052 477 1077 511 ››
1129 453 1229 514 Καὶ
1285 452 1447 511 πάλιν
1474 468 1489 484 ⁸
1549 474 1572 509 ι
1609 451 1736 510 Ἐὰν
1765 451 1886 528 ἔλθῃ

1982 449 2123 511 riam
2145 448 2378 527 rediget
2412 449 2531 508 vias
2552 465 2716 509 meas
2739 449 2796 508 in
2824 445 3203 510 Christo.nEt
3226 448 3616 512 rursuanSi

243 547 538 626 Τιμόθεος,
594 547 821 624 βλέπετε
877 549 970 602 ’ἱνα
1000 544 1216 626 ἀφόϐως
1245 545 1467 618 γένηται
1500 545 1628 616 πρὸς
1662 545 1821 617 ὑμᾶς.
1858 565 1886 596 ι

1982 540 2206 600 venerit
2236 539 2610 605 Timotheus.
2648 539 2842 599 videte
2901 547 2957 599 ut
2985 539 3116 600 sine
3163 550 3328 599 metu
3359 541 3432 600 sit
3461 540 3618 618 apud

241 645 348 698 Νῦν
379 636 440 693 δὲ
487 639 578 694 καὶ
619 636 1005 704 Φιλιππησίοις
1052 633 1406 713 ὶπιστέλλων,
1441 637 1704 690 κοινωνὸν
1735 634 1886 688 αὒτὸν

1982 648 2130 690 νος..
2163 635 2522 690 Modoautem
2550 635 2615 688 ad
2647 634 3618 702 l‘hilippeuses'quoquescribens,

241 739 490 784 ποιεῖται
557 725 855 805 ἐπιγραφῆς
888 743 902 758 ’
942 748 970 778 κ
1008 723 1212 790 Παῦλος
1267 726 1352 779 καὶ
1400 725 1655 798 Τιμόθεος
1713 721 1886 779 δοῦλοι

1982 719 2210 781 asciscit
2237 719 2466 780 socium
2489 717 2922 795 inscriptionis:
2940 719 3189 779 «Paulus
3206 718 3623 781 etTimutheus

241 813 426 885 Ἰησοῦ
460 816 713 894 Χριστοῦ.
751 841 776 871 ι
818 817 912 873 Καὶ
939 815 1062 882 ἑξῆς
1093 819 1193 883 τῆς
1216 813 1507 881 ἐπιστολῆς
1539 831 1554 847 ⁸
1601 837 1622 868 ι
1662 812 1895 883 Ἐλπίζω

238 905 296 963 δί
350 909 412 962 ἓν
477 908 652 983 Κυρίῳ
710 907 964 980 Τιμόθεον
1033 903 1250 984 ταχέως
1320 903 1531 980 πέμψαι
1586 903 1744 978 ὑμῖν,
1804 902 1898 957 ἵνα

236 996 394 1076 κάγὼ
453 999 706 1075 εὔψυχῶ,
770 996 926 1072 γνοὺς
995 995 1061 1052 τὰ
1136 997 1255 1070 περὶ
1315 994 1488 1068 ὑμῶν.
1537 991 1735 1052 Οὐδένα
1797 991 1898 1069 γὰρ

233 1085 355 1166 ἕχω
405 1086 706 1165 ἰσόψυχον,
769 1084 916 1146 ὅστις
975 1083 1211 1163 γνησίως
1255 1084 1322 1139 τὰ
1366 1083 1485 1155 περὶ
1545 1085 1691 1156 δμῶν
1736 1102 1895 1157 μερι-

234 1176 459 1252 μνήσει.
535 1197 558 1230 ι
625 1172 845 1248 Συνῳδα
899 1172 955 1229 δὲ
1010 1174 1219 1236 τούτοις
1266 1174 1352 1228 καὶ
1405 1171 1881 1229 Θεσσαλονικεῦσι·

240 1288 269 1321 σ
301 1261 522 1327 Παῦλος
553 1265 640 1320 καὶ
691 1263 951 1340 Τιμόθεος
996 1261 1174 1318 δοῦλοι
1228 1259 1406 1328 Ἰησοῦ
1449 1268 1702 1340 Χριστοῦ,
1741 1284 1765 1318 ο
1827 1265 1896 1335 τῇ

233 1359 335 1422 τῆς
425 1354 736 1433 ἐπιγραφῆς
820 1356 909 1408 καὶ
991 1351 1212 1409 ἐνταῦθα
1286 1353 1537 1424 κοινωνίᾳ
1606 1349 1840 1426 τιμήσας
1877 1370 1890 1385 ·

241 1467 268 1499 ι
302 1442 582 1516 Ἐπεμψα
637 1444 769 1518 ὑμῖν
801 1442 1057 1517 Τιμόθεον
1088 1444 1180 1498 τὸν
1211 1439 1440 1521 ἀδελφὸν
1470 1445 1628 1517 ἡμῶν
1655 1441 1743 1497 καὶ
1772 1437 1893 1496 διά-

231 1555 394 1590 κονον
427 1541 594 1612 Θεοῦ,
641 1533 730 1589 καὶ
787 1534 1045 1610 συνεργὸν
1101 1531 1154 1588 ἐν
1186 1538 1264 1604 τῷ
1299 1531 1605 1608 Εὖαγγελίῳ
1636 1538 1729 1588 τοῦ
1763 1539 1896 1602 Χρι-

235 1631 365 1681 στοῦ
395 1627 491 1688 εἰς
520 1623 582 1679 τὸ
612 1622 852 1699 στηρίξαι
884 1622 978 1678 καί
997 1621 1364 1698 παρακαλέσαι
1388 1623 1506 1698 περὶ
1536 1622 1635 1689 τῆς
1666 1622 1895 1684 πίστεως

1981 809 2137 870 servi
2163 811 2303 869 Jesu
2335 807 2616 868 Christi.»
2654 807 2723 867 Et
2770 807 3057 888 deinceps
3086 819 3534 888 consequenter
3564 811 3623 870 in

1979 896 2275 976 Epistula:
2308 896 2528 977 «Spero
2552 907 2748 958 autem
2770 899 2829 958 in
2855 898 3105 959 Domino
3131 899 3619 961 meTimotheum

1980 989 2098 1049 cito
2123 989 2193 1049 ad
2228 1006 2330 1048 vos
2364 988 2710 1060 missurum,
2737 997 2802 1046 ut
2825 997 2882 1047 et
2909 1007 3014 1066 ego
3041 987 3196 1049 bono
3245 990 3446 1049 animo
3480 989 3621 1062 sim,

1980 1079 2230 1156 cognitis
2255 1097 2386 1160 qua:
2406 1079 2564 1138 circa
2591 1096 2688 1138 vos
2711 1088 2848 1138 sunt
2904 1079 3218 1142 Neminem
3241 1079 3398 1139 enim
3427 1079 3620 1142 habeo

1978 1175 2093 1229 tam
2117 1170 2491 1241 unanimem,
2523 1169 2623 1249 qui
2665 1168 2904 1230 sincere
2944 1188 3048 1248 pro
3089 1167 3259 1228 vobis
3282 1169 3358 1227 sit
3383 1169 3620 1230 sollici-

1978 1265 2094 1320 tus.
2112 1283 2132 1313 ι
2162 1258 2268 1320 His
2290 1277 2430 1318 vero
2454 1258 2847 1335 congruentia
2881 1257 3095 1319 scribit
3119 1257 3297 1318 etiam
3321 1259 3393 1317 ad
3419 1259 3616 1322 Thes-

1978 1346 2387 1408 salonicenses
2409 1349 2440 1397 8
2477 1368 2488 1407 :
2522 1369 2544 1401 α
2585 1347 2803 1408 Paulus
2836 1345 3269 1407 etTimotheus
3291 1347 3446 1408 servi
3474 1347 3621 1410 Jesu

1977 1435 2254 1509 Christi,»
2287 1456 2419 1497 eum
2455 1435 2550 1496 hic
2571 1455 2807 1515 quoque
2838 1436 3144 1496 honorans
3169 1436 3458 1498 societate
3489 1439 3618 1498 ins-

1979 1526 2338 1605 criptionis:
2379 1548 2404 1580 ι
2442 1525 2564 1586 Misi
2592 1527 2662 1585 ad
2699 1545 2799 1584 vos
2827 1525 3212 1587 Timotheum
3237 1526 3478 1587 fratrem
3506 1545 3619 1587 no-

1979 1623 2164 1678 strum
2188 1624 2247 1677 et
2279 1615 2614 1676 ministrum
2642 1614 2834 1688 Dei,et
2866 1623 3320 1694 cooperatorem
3349 1615 3405 1674 in
3433 1613 3624 1677 Evan-

231 1716 421 1793 ἡμῶν,
457 1720 561 1769 τοῦ
590 1710 794 1787 μηδένα
823 1715 1092 1768 σαίνεσθαι
1124 1710 1178 1766 ἓν
1208 1723 1331 1772 ταῖς
1366 1710 1577 1786 θλίψεσι
1607 1712 1886 1773 ταύταις..

1982 1707 2134 1786 gelio
2163 1705 2305 1769 Jesu
2341 1705 2670 1784 Christi,ad
2695 1706 3143 1766 conﬁrmandos
3175 1724 3278 1766 vos
3309 1715 3366 1766 et
3397 1709 3620 1767 exhor-

236 1805 337 1863 Καὶ
400 1803 661 1884 ἀλλαχοῦ
699 1821 712 1833 '
777 1825 802 1857 tt
839 1805 950 1867 Τὴν
996 1799 1052 1856 δὲ
1106 1799 1338 1875 δοκιμὴν
1381 1801 1542 1856 αὒτοῦ
1578 1801 1892 1879 γινώσκετε,

233 1895 316 1952 ὅτι
375 1895 459 1957 ὣς
521 1894 684 1967 πατρὶ
739 1891 928 1949 τέκνον
986 1892 1079 1947 σὺν
1141 1889 1260 1963 ἐμοὶ
1323 1888 1629 1948 ἰδούλιυσεν
1692 1892 1765 1955 εἷς
1835 1892 1895 1946 τὸ

229 1983 574 2063 Εὖαγγὲλιον
609 2001 622 2015 ⁸
659 2004 687 2037 ι
725 1983 998 2058 μάρτυρας
1029 1978 1308 2041 κάκείνους
1356 1980 1516 2036 οἱονεὶ
1545 1979 1643 2046 τῆς
1695 1980 1894 2055 ἀρετῆς

227 2083 324 2134 τοῦ
379 2073 664 2150 Τιμοθέου
721 2068 1183 2149 παραλαμϐάνων.
1245 2069 1477 2127 ἶἘπειτα
1530 2067 1706 2126 δὲκαὶ
1763 2072 1892 2148 πρὸς

230 2163 590 2228 Κολασσαετς
626 2182 642 2200 ο
723 2183 746 2218 ο
816 2159 1026 2225 Παῦλος
1084 2157 1381 2224 ἀπόστολος
1443 2157 1625 2224 Ἰησοῦ
1665 2166 1894 2238 Χριστοῦ

231 2254 320 2315 διὰ
347 2253 665 2331 θελήματος
697 2261 856 2332 Θεοῦ,
891 2252 978 2306 καὶ
1007 2249 1266 2326 Τιμόθεος
1293 2251 1322 2306 ὁ
1353 2246 1601 2328 ἀδελφός.
1644 2271 1667 2306 ι

1979 1797 2193 1857 tandos
2217 1816 2323 1876 pro
2349 1796 2466 1856 ﬁde
2497 1801 2722 1867 nostra,
2756 1804 2813 1856 et
2847 1814 3022 1856 nemo
3059 1806 3369 1856 moveatur
3404 1798 3459 1856 in
3495 1794 3623 1858 istis

1977 1885 2409 1948 aﬂlictionibus
2429 1888 2543 1947 δ’.»
2572 1885 2640 1946 Et
2661 1884 2807 1945 alibi
2828 1884 2860 1935 9
2889 1905 2902 1945 :
2938 1884 3392 1946 «Probationem
3420 1894 3618 1946 autem

1975 1979 2112 2056 ejus
2167 1977 2549 2055 cognoscitis,
2585 1976 2743 2055 quod
2795 1975 2951 2036 sicut
3003 1974 3164 2035 filius
3197 1976 3349 2053 patri
3386 1992 3620 2036 mecum

1977 2066 2188 2128 serviit
2213 2067 2270 2127 in
2293 2064 2612 2145 Evangelia
2639 2087 2652 2128 :
2685 2092 2701 2118 ο
2735 2064 2868 2125 illos
2890 2083 3130 2145 quoque
3171 2083 3488 2126 assumens
3516 2083 3622 2126 ve-

1978 2157 2085 2218 luti
2107 2164 2292 2216 testes
2309 2155 2540 2215 virtutis
2558 2153 2856 2216 Timothei
2921 2155 3147 2217 Deinde
3179 2173 3318 2215 vero
3343 2154 3520 2214 etiam
3545 2152 3620 2215 ad

1977 2247 2366 2311 Colossenses
2387 2244 2462 2302 10:
2495 2245 2750 2306 (Paulus
2771 2243 3078 2322 apostolus
3097 2243 3240 2304 Jesu
3267 2242 3489 2306 Christi
3515 2261 3624 2323 per

1974 2336 2344 2398 voluntatem
2377 2333 2510 2408 Dei,
2534 2340 2594 2396 et
2620 2332 2977 2396 Timotheus
3004 2331 3208 2394 frater.
3249 2356 3278 2389 ι

1853 2468 1999 2533 PUT
2043 2469 2116 2533 II.

1751 2469 1886 2534 CAP

980 2581 1050 2644 S.
1103 2580 1402 2644 Timothei
1445 2579 1621 2643 zelus
1647 2628 1665 2655 ,
1708 2586 1886 2657 mari;

1982 2469 1999 2532 Γ
2043 2469 2116 2534 ΙΙ.

1982 2581 2113 2641 'um.
2159 2575 2226 2641 S.
2272 2577 2530 2639 Joanm’s
2573 2576 2888 2639 exsilium.

319 2693 418 2758 ις’,
469 2691 623 2751 οὕτω
677 2696 964 2769 τοιγαροῦν
1006 2691 1108 2746 ὑπὸ
1158 2691 1253 2746 τοῦ
1307 2685 1626 2744 διδασκάλου
1680 2709 1890 2765 μαρτυ-

240 2784 535 2861 ρούμενος,
599 2782 684 2838 καὶ
737 2787 892 2837 τοῦτο
921 2780 1018 2855 μὲν
1050 2779 1234 2836 τέκνον
1265 2778 1319 2834 ἂν
1367 2778 1536 2855 Κυρίῳ
1565 2779 1756 2834 πιστὸν
1805 2778 1892 2834 καὶ

242 2873 560 2951 ἀγαπητὸν,
593 2878 750 2928 τοῦτο
779 2868 834 2926 δὲ
884 2871 973 2926 καὶ
1017 2868 1244 2947 ἀδελφὸς
1295 2867 1454 2924 αῦτοῦ
1499 2869 1584 2923 καὶ
1640 2869 1890 2945 συνεργὸς

2055 2683 2321 2747 V.Porro
2338 2691 2534 2746 autem
2563 2701 2699 2745 cum
2728 2700 2761 2742 a
2785 2693 3156 2762 praaceptore
3181 2690 3406 2745 tantum
3431 2685 3619 2748 ferret

1975 2776 2414 2848 testimonium,
2444 2781 2501 2833 et
2524 2774 2702 2834 modo
2726 2774 2967 2854 quidem
2991 2773 3150 2834 (ilius
3181 2774 3238 2834 in
3271 2773 3530 2836 Domino
3559 2777 3622 2838 [i-

1975 2866 2130 2929 delis
2153 2881 2213 2926 et
2237 2864 2495 2925 dilectus
2522 2883 2536 2924 :
2558 2863 2732 2924 modo
2750 2872 2948 2924 autem
2974 2863 3107 2942 ejus
3132 2862 3315 2925 frater
3337 2873 3398 2926 et
3420 2869 3619 2929 Evan-

242 2974 334 3026 τοῦ
415 2961 742 3041 Εὐαγγελίου
795 2958 1078 3017 καλεῖσθαι
1122 2956 1458 3032 ἠξιωμένος,
1492 2958 1578 3014 καὶ
1625 2958 1886 3014 τοσούτων

1982 2957 2115 3036 gelii
2149 2963 2506 3035 cooperator
2523 2952 2724 3015 vocari
2751 2953 2970 3032 dignus
3001 2951 3369 3032 haberetur;
3404 2963 3462 3015 et
3491 2973 3622 3018 sus-

245 3053 354 3113 ἅνω
385 3056 478 3111 καὶ
510 3053 658 3108 κάτω
687 3047 813 3127 παρ’
847 3053 988 3121 αὒτῷ
1015 3049 1101 3105 καὶ
1132 3047 1272 3104 οὕτω
1329 3045 1578 3124 μεγάλων
1609 3045 1892 3103 ἀπολαύων

242 3145 348 3203 τῶν
381 3142 693 3222 ιγκωμίων,
726 3139 876 3213 ὅμως
921 3135 1040 3194 οὐδὲ
1097 3135 1264 3198 οὕτως
1316 3137 1443 3215 εἶχε
1492 3135 1704 3214 θαῤῥεϊν
1760 3137 1891 3214 ὑπὲρ

247 3233 436 3292 ἑαυτοῦ
491 3233 580 3288 καὶ
638 3229 716 3305 μὴ
773 3227 996 3284 δεδιέναι
1026 3243 1041 3259 ⁸
1083 3224 1223 3282 ἀλλά
1282 3226 1419 3299 ί,ιετά
1466 3225 1733 3292 τοσαύτης
1795 3225 1888 3297 ἔζη

247 3329 344 3390 τῆς
400 3319 698 3399 ἀκριϐείας,
729 3322 818 3375 καὶ
863 3315 1032 3382 οὕτως
1084 3315 1380 3394 ἒναγώνιος
1437 3315 1526 3371 καὶ
1583 3313 1886 3393 φιλοπόνως

248 3415 332 3470 καὶ
380 3410 713 3479 τηλικαύτην
764 3406 1019 3487 εἰσφέρων
1080 3407 1179 3472 τὴν
1221 3405 1604 3484 κακοπὲἱθειαν,
1665 3408 1738 3470 ὡς
1800 3407 1889 3463 καὶ

251 3499 604 3581 παρακλήσεις
660 3501 804 3572 ανδτῴ
828 3499 920 3554 τὸν
951 3494 1268 3555 διδάσκαλον
1318 3493 1638 3574 προσάγειν,
1691 3494 1887 3567 μηκέτι

247 3589 552 3668 ὑδροποτεῖν
635 3591 712 3663 τῷ
789 3591 1007 3663 μαθητῇ
1096 3589 1483 3660 παραινοῦντα,
1575 3581 1697 3639 ἀλλ’
1753 3583 1890 3658 οἴνῳ

245 3682 410 3759 ὀλίγῳ
437 3680 672 3760 χρῆσθαι
709 3700 732 3734 ι
785 3678 880 3734 Διά
921 3678 1013 3732 τὸν
1059 3674 1341 3755 στόμαχόν
1399 3694 1516 3745 σου,
1578 3671 1740 3752 φησῖ,
1789 3676 1885 3729 καλε¹

243 3772 340 3836 τὰς
368 3770 573 3827 πυκνάς
604 3790 698 3825 σου
728 3767 1022 3829 ἀσθενεῖ-ις.
1064 3785 1091 3820 n

322 3860 438 3936 ς’·.
481 3857 655 3916 Ἀλλά
699 3858 783 3914 καὶ
836 3856 1003 3917 οὕτως
1061 3853 1222 3910 αὒτοῦ
1277 3853 1573 3926 κάμνοντος
1631 3852 1732 3909 ὑπὸ
1789 3852 1886 3920 τῆς

241 3955 506 4030 συνεχοῦς
535 3947 826 4026 ἀρρωστίας
858 3947 918 4002 τὸ
962 3948 1143 4017 σῶμα,
1178 3940 1273 4000 καὶ
1307 3943 1404 4008 τὴν
1458 3965 1550 3999 του
1608 3941 1889 4022 στομάχου

239 4041 466 4115 δύναμιν
523 4034 1002 4115 περιϐεϐλημένον,
1049 4036 1112 4090 τὸ
1157 4047 1403 4110 γενναῖον
1451 4031 1738 4107 ἀπέλαμπε
1786 4034 1886 4099 τῆς

241 4133 456 4210 ψυχῆς.
519 4131 592 4186 Οῦ
642 4128 742 4205 γὰρ
785 4125 1026 4182 ἀσθένεια
1083 4122 1330 4198 σώματος
1389 4123 1718 4192 τηλικαύτην
1777 4127 1886 4198 ψυ-

241 4224 356 4302 χῆς
411 4217 677 4297 εὐγένειαν
733 4217 891 4280 ἱκανῦν⁸
950 4215 1168 4292 γέγονεν
1199 4211 1436 4291 ἐλέγξαι,
1469 4211 1590 4268 ἀλλ’
1617 4214 1686 4279 ἦν
1746 4234 1886 4269 παν-

237 4317 417 4390 ταχοῦ
464 4309 646 4388 κούφῳ
687 4307 764 4380 τῷ
805 4311 898 4362 τοῦ
952 4303 1116 4375 ζήλου
1150 4307 1329 4381 πτερῷ
1379 4302 1750 4373 διιπτάμενος,
1799 4304 1888 4358 καὶ

237 4409 330 4460 νῦν
385 4399 486 4472 μὲν
535 4396 792 4476 ”Βφεσον,
855 4397 941 4451 νῦν
1002 4392 1058 4449 δὲ
1094 4395 1363 4471 Κόρινθιον
1423 4395 1474 4448 αἱ
1527 4395 1627 4458 τῆς
1686 4392 1889 4448 ὶκείνου

239 4487 494 4568 γλώττης
554 4491 798 4562 σειρῆνες
830 4484 1045 4562 ἕθελγον
1076 4503 1092 4518 ο
1146 4484 1234 4539 καὶ
1287 4480 1615 4538 Μακεδονίαν
1648 4479 1702 4537 δὲ
1747 4489 1887 4538 πολ-

243 4577 426 4652 λάκις,
480 4578 568 4633 καὶ
626 4574 883 4648 Ἰταλίαν,
943 4575 1032 4630 καὶ
1089 4572 1188 4650 γῆν
1249 4577 1424 4628 πᾶσαν
1481 4577 1568 4627 καὶ
1620 4569 1888 4626 θάλασσαν

245 4669 384 4746 μετά
437 4676 530 4726 τοῦ
578 4663 898 4722 διδασκάλου.)
953 4666 1026 4737 νῷ
1069 4665 1374 4740 κηρύγματι
1432 4658 1773 4737 περιέλαϐον.
1831 4660 1890 4718 Τί

243 4758 289 4816 δ’
347 4760 410 4815 ἂν
470 4756 649 4819 εἴποις
713 4753 942 4816 ὁπόσους
1002 4752 1303 4826 ὲπιθυμίαις
1353 4749 1720 4828 ἀλογωτάτοις
1793 4750 1885 4805 καί

241 4847 466 4911 ἀτόπους
518 4844 857 4906 δουλεύοντας
912 4848 1011 4911 τῆς
1065 4841 1313 4923 χαλεπῆς
1371 4840 1566 4906 ταύτης
1610 4837 1888 4908 ἀπήλλαξε

242 4936 628 5015 λειτουργίαςς
675 4930 837 4992 Οἶδεν
897 4930 1135 5010 ἀκριϐῶς
1197 4932 1226 4987 ὃ
1283 4929 1452 5008 λέγω,
1497 4930 1555 4992 ὃς
1589 4927 1690 5005 ἄρα
1747 4926 1882 5004 μηδέ

242 5027 336 5085 τοῦ
363 5027 420 5083 ἰν
451 5026 684 5105 Κορίνθῳ
726 5026 1150 5099 πεπορνευκότος
1181 5021 1421 5099 ἠγνόησε
1479 5019 1540 5074 τὸ
1599 5017 1881 5093 ἀνόμημα.

245 5118 347 5178 Καὶ
403 5117 503 5195 γάρ
545 5115 608 5182 ἦν
682 5116 710 5169 ὁ
780 5115 926 5174 θεῖος
985 5112 1243 5187 Τιμόθεος
1303 5109 1428 5188 οὐχὶ
1469 5108 1664 5175 νοῆσαι
1722 5108 1886 5182 μόνον

243 5206 518 5278 ὀξύτατος,
550 5202 686 5260 ἀλλά
713 5202 800 5258 καὶ
827 5203 1003 5258 είπετν
1036 5220 1485 5280 προχειροτατος,
1550 5196 1640 5253 καὶ
1696 5218 1885 5268 περιτ-

243 5301 350 5362 τῶς
376 5299 447 5372 τῇ
475 5292 813 5371 εὖρημοσύνῃ
856 5291 1162 5371 χρήσασθαι
1208 5287 1546 5360 δεξιώτατος,
1584 5287 1650 5343 τά
1676 5307 1734 5343 τε
1764 5290 1887 5344 θεῖα

241 5384 632 5464 εἰσηγήσασθαι
689 5381 1074 5460 χαριέστατος,
1135 5380 1223 5437 καὶ
1285 5380 1358 5441 εἷς
1411 5377 1698 5452 εὐκοσμίαν
1756 5373 1886 5434 Ἐκ·-

1975 3063 2092 3126 que
2125 3045 2326 3121 deque
2365 3051 2449 3103 tot
2479 3051 2535 3104 et
2595 3051 2713 3103 tam
2751 3061 2962 3118 magna
2993 3053 3478 3125 consequeretur
3511 3064 3621 3106 en—

1973 3135 2210 3210 comia;
2243 3142 2443 3194 tamen
2478 3151 2553 3193 ne
2605 3131 2694 3194 sic
2727 3133 2973 3209 quidem
3011 3133 3127 3194 sibi
3157 3132 3269 3212 ipsi
3316 3135 3622 3199 confidere

1973 3235 2031 3288 et
2055 3243 2176 3287 non
2205 3225 2422 3284 timere
2448 3229 2719 3300 poterat:
2755 3223 2862 3284 sed
2895 3231 3011 3283 tam
3044 3233 3320 3287 accurate
3355 3223 3616 3301 vivebat,

1971 3324 2030 3377 et
2053 3330 2170 3374 tam
2203 3313 2527 3391 diligenter
2555 3330 2622 3374 se
2654 3312 2999 3385 exercebat,
3033 3322 3093 3372 et
3131 3321 3246 3374 tam
3300 3315 3525 3375 acriter
3555 3333 3621 3378 se

1971 3403 2293 3483 afﬂigebat,
2347 3410 2409 3462 ut
2457 3419 2592 3462 cum
2647 3401 2826 3462 etiam
2878 3402 3297 3465 exhortaretur
3354 3419 3619 3484 praecep-

1973 3503 2089 3568 tor,
2117 3493 2382 3554 suadens
2410 3489 2706 3566 discipulo
2736 3491 2816 3570 Η,
2866 3509 2940 3552 ne
2971 3509 3183 3570 aquam
3217 3492 3474 3571 amplius
3523 3492 3620 3553 bi-

1972 3584 2164 3655 beret,
2199 3581 2306 3643 sed
2341 3581 2477 3642 vino
2511 3579 2746 3642 modico
2779 3587 3050 3641 uteretur
3088 3602 3100 3637 :
3143 3605 3167 3635 α
3219 3579 3468 3660 Propter
3500 3590 3621 3642 sto-

1973 3672 2250 3734 machum
2289 3680 2481 3746 tuum,
2519 3669 2734 3751 inquit,
2785 3676 2845 3730 et
2894 3671 3250 3750 frequentes
3285 3676 3412 3732 tuas
3444 3671 3617 3732 inﬁr-

1974 3762 2242 3824 mitates.
2283 3785 2310 3816 ι)

2055 3850 2270 3914 Vl.Sed
2296 3848 2568 3931 quamvis
2595 3848 2681 3909 sic
2704 3849 3004 3911 laboraret
3029 3851 3162 3930 ejus
3192 3867 3410 3930 corpus
3431 3852 3618 3913 conti-

1975 3961 2094 4004 nua
2109 3941 2538 4010 inﬁrmitate,et
2557 3939 3120 4019 baberetdejectam
3137 3941 3426 4001 stomachi
3442 3940 3614 4002 facul-

1973 4042 2150 4095 tatem
2185 4031 2262 4097 12.
2319 4048 2652 4108 generosus
2717 4029 3143 4108 resplendebat
3191 4031 3450 4092 animus.
3484 4030 3614 4093 Non

1971 4130 2200 4203 poterat
2231 4123 2390 4184 enim
2426 4121 2700 4197 corporis
2751 4120 3068 4182 infirmitas
3121 4121 3466 4200 deprimere
3498 4129 3617 4183 tam

1970 4231 2326 4292 generosum
2342 4211 2634 4271 animum:
2653 4210 2759 4272 sed
2793 4211 2941 4272 celet
2961 4210 3012 4272 is
3030 4212 3137 4271 zeli
3159 4228 3354 4288 penna
3377 4229 3618 4271 omnem

1973 4303 2031 4364 in
2068 4313 2295 4381 partem
2321 4300 2681 4381 pervolahat,
2715 4307 2774 4360 et
2820 4301 2994 4361 mo'io
3019 4299 3261 4380 quidem
3290 4299 3613 4378 Ephesum,

1913 4389 1956 4438 ο
1978 4392 2154 4454 modo
2181 4408 2317 4451 VPI‘O
2331 4389 2682 4452 Corinthum
2709 4387 2867 4450 illius
2891 4389 3108 4468 linguae
3128 4387 3372 4452 Sirenes
3390 4389 3622 4450 demul—

1973 4479 2588 4544 cebat.Macedoniam
2615 4497 2852 4559 quoque
2877 4497 3038 4557 saepe
3069 4489 3125 4540 et
3154 4478 3384 4542 Italiam
3409 4488 3468 4540 et
3493 4479 3624 4541 uni-

1971 4589 2199 4631 versam
2251 4579 2467 4630 terram
2521 4587 2656 4628 cum
2699 4577 3072 4646 praeceptore
3104 4568 3624 4648 complectebatur

1971 4659 2424 4740 praedicatione.
2459 4657 2610 4730 Quid
2647 4667 2842 4719 autem
2885 4655 3138 4729 dixeris,
3174 4675 3353 4734 quam
3405 4659 3622 4720 multos

1971 4749 2396 4828 cupiditatibus
2413 4767 2444 4808 a
2465 4747 2698 4809 ratione
2733 4748 2997 4808 maxime
3019 4746 3238 4810 alienis
3260 4760 3318 4808 et
3342 4747 3625 4810 absurdis

1968 4839 2406 4905 servientesmh
2431 4839 2546 4899 hoc
2569 4837 2729 4916 gravi
2751 4836 3025 4898 liberavit
3049 4835 3420 4897 ministerio?
3438 4838 3620 4900 [tecte

1966 4927 2316 5008 novit,quod
2341 4927 2495 4998 dico,
2531 4927 2579 4987 is
2601 4925 2704 5007 qui
2723 4927 2852 5004 ejus
2873 4925 2977 5005 qui
2998 4925 3269 4988 Corinthi
3302 4933 3396 4987 est
3419 4926 3618 4987 forni-

1968 5026 2137 5082 catus
2159 5036 2278 5079 non
2300 5016 2587 5092 ignoravit
2605 5015 3070 5079 delictum.Erat
3089 5015 3251 5078 enim
3274 5014 3513 5077 divinus
3528 5015 3626 5080 Ti-

1968 5108 2246 5170 motheus
2264 5125 2379 5167 non
2399 5107 2469 5167 ad
2501 5104 2967 5182 intelligendum
2988 5103 3182 5166 solum
3206 5105 3618 5187 acutissimus,

1969 5199 2072 5258 sed
2097 5197 2167 5255 ad
2189 5198 2498 5257 dicendum
2515 5201 2690 5256 etiam
2720 5196 3214 5268 promptissimus.
3248 5207 3297 5252 et
3322 5197 3392 5252 ad
3415 5198 3620 5257 racun-

1971 5285 2070 5348 dia
2093 5288 2337 5365 egregie
2362 5283 2650 5347 utendum
2677 5282 3174 5356 dexterrimus,et
3199 5282 3256 5343 in
3280 5281 3500 5346 divinis
3525 5303 3624 5348 ox-

1972 5373 2268 5456 ponendis
2289 5373 2791 5454 jucundissimus,
2820 5381 2876 5433 et
2907 5371 2982 5435 ad
3015 5372 3350 5438 Ecclesiam
3379 5391 3621 5455 compo-

314 5571 401 5633 61
431 5568 570 5632 Cor.
604 5585 724 5644 XVI,
762 5568 859 5631 10.
943 5569 974 5619 7
1003 5566 1157 5630 Phil.
1193 5583 1235 5641 ι,
1271 5571 1295 5628 t
1337 5571 1534 5644 ;etn.
1572 5566 1672 5626 49.
1757 5563 1886 5644 ΒΙίε

1982 5561 2248 5626 lThess.
2286 5579 2328 5625 ι.
2413 5562 2467 5613 8‘
2497 5563 2519 5622 Ι
2549 5561 2765 5634 Thess,
2813 5578 2898 5636 ut,
2933 5560 2992 5624 2.
3076 5562 3109 5612 9
3137 5559 3359 5644 Philip.
3392 5577 3457 5642 tt,
3508 5560 3611 5627 2‘2.

235 5654 292 5707 ιο
323 5651 562 5719 Coloss.
589 5667 629 5728 ι,
668 5655 725 5714 t.

811 5648 858 5694 ¹¹
895 5647 916 5711 Ι
946 5647 1106 5712 Tim.
1144 5665 1199 5728 v,
1230 5648 1335 5710 23.
1420 5643 1474 5690 ¹⁹
1503 5644 1528 5709 Ι
1557 5645 1714 5709 Tim.
1745 5663 1809 5724 ν,
1845 5643 1946 5707 23.
