4006 6138
400 284 517 352 767

1684 285 1969 351 MENSIS
2006 279 2463 351 JANUABIUS.

3633 296 3739 364 768

397 421 654 485 nentiam
688 427 748 483 et
794 419 1249 483 custodiendam
1308 419 1403 482 vel
1465 418 1722 482 maxime
1749 418 2030 481 idoneus.

2119 417 2347 488 κλησίας
2408 424 2498 482 καὶ
2551 424 2877 484 κατάστασιν
2926 426 3152 507 ἆγαγετν
3201 427 3549 495 ἱκανώτατος,
3606 428 3746 490 Ἐπεὶ

395 514 544 577 Nam
583 520 640 574 et
667 513 1063 587 copiosiorem
1124 518 1481 572 consecutus
1535 518 1623 570 est
1653 509 1927 589 gratiam,
1975 522 2035 570 et

395 603 685 666 doctrinae
715 602 980 665 fontibus
1014 620 1158 661 usus
1190 609 1277 661 est
1300 598 1685 677 duplicibus;
1719 619 1835 661 non
1870 598 2035 662 Pauli

393 693 772 756 solummodo
834 691 1175 754 admirabili
1232 691 1355 771 lyra
1402 689 1660 753 Spiritus
1716 708 1782 750 se
1821 689 2032 752 oblec-

396 790 552 858 tans,
586 784 689 846 sed
723 783 900 845 etiam
959 799 1198 842 versans
1244 799 1379 842 cum
1426 780 1657 843 Joanne
1688 781 1906 843 eximie
1935 779 2033 842 di-

394 874 547 937 lecto
577 873 900 954 discipulo,
934 879 993 933 et
1049 871 1121 932 ab
1178 888 1249 933 eo
1302 871 1615 952 praefectus
1645 871 2033 933 administra-

398 964 539 1024 tioni
574 961 735 1023 sedis
784 960 1202 1040 Ephesiorum,
1268 978 1405 1022 cum
1455 960 1529 1022 ab
1583 978 1654 1021 eo
1682 960 1947 1023 audisset
1977 968 2037 1023 et

394 1052 723 1133 didicisset,
757 1071 892 1132 quae
922 1051 1027 1114 ille
1056 1068 1265 1113 rursus
1297 1069 1331 1112 a
1360 1050 1518 1113 bono
1550 1049 1798 1132 Spiritu.

473 1231 763 1296 VII.Nam
782 1249 916 1292 cum
937 1229 1236 1310 Nero,qui
1254 1227 1406 1292 male
1422 1229 1494 1291 ad
1520 1228 2037 1310 imperium,male

399 1325 456 1406 (ο
506 1322 741 1401 justitia
801 1327 860 1380 et
908 1320 1014 1382 Dei
1071 1320 1452 1401 tolerantia!)
1512 1325 1873 1393 accesserat,
1935 1320 2037 1381 [ini

396 1412 659 1492 martyrii
695 1411 995 1492 principes
1024 1410 1732 1489 apostolorum,Petrum,
1765 1409 2035 1489 inquam,

400 1513 459 1567 et
483 1503 748 1566 Paulum.
787 1501 1168 1579 subjecisset,
1197 1509 1255 1560 et
1275 1500 1373 1561 alii
1394 1500 1495 1579 qui
1526 1519 1660 1562 cum
1693 1500 1838 1581 ipsis
1868 1506 2036 1562 erant

400 1593 678 1672 discipuli
705 1610 770 1652 se
788 1590 908 1652 alio
940 1590 1378 1653 convertissem
1406 1590 1661 1666 ;accidit
1685 1599 1746 1651 ut
1778 1591 1875 1651 hic
1904 1608 2034 1650 ma-

397 1703 549 1765 gnus
580 1681 941 1761 evangelista
972 1690 1030 1742 et
1050 1681 1387 1757 Theologus
1408 1680 1631 1760 Ephesi
1662 1683 2031 1758 constiterat,

2118 512 2205 567 καὶ
2292 510 2678 593 δαψιλεστέρας
2755 517 3025 578 ἀπέλαυσε
3082 518 3331 600 χάριτος,
3395 521 3486 577 καὶ
3540 518 3745 590 διπλαῖς

2117 602 2391 682 ἐχρήσατο
2440 618 2565 670 ταῖς
2608 607 2709 673 τῆς
2752 604 3093 672 διδασκαλίας
3150 622 3362 687 πηγαῖς
3400 627 3415 643 ⁸
3464 611 3523 665 οὒ
3554 612 3747 668 Παύλου

2116 695 2525 775 κατατροφήσας
2584 696 2771 771 μόνον,
2819 701 2879 757 οὗ
2935 704 3034 767 τῆς
3080 703 3396 766 θαυμαστῆς
3458 697 3614 777 λύρας
3663 712 3748 762 τοῦ

2121 784 2426 859 Πνεύματος
2462 803 2476 819 ·
2525 784 2663 843 ἀλλὰ
2704 788 2795 846 καὶ
2824 786 3047 866 Ἰωάννῃ
3100 794 3177 862 τῷ
3218 786 3583 870 διαφερόντως
3615 791 3743 868 iw:-

2117 872 2346 949 πημένῳ
2402 876 2792 955 συγγενόμενος
2852 880 3091 954 μαθητῇ,
3150 880 3240 936 καὶ
3293 874 3387 935 ὕπ’
3443 882 3604 937 αὺτοῦ
3666 882 3744 937 τὸν

2116 968 2216 1031 τῆς
2270 961 2531 1045 Ἐφεσίων
2574 966 2756 1044 θρόνον
2806 967 3181 1048 ἐγχειρισθεὶς,
3226 970 3314 1025 καὶ
3347 969 3582 1031 ἀκούσας
3634 970 3740 1047 παρ’

2117 1054 2276 1113 αυτοῦ
2317 1056 2407 1112 καὶ
2457 1057 2640 1133 μαθὼν
2699 1058 2731 1115 ἃ
2774 1056 2935 1115 πάλιν
2997 1058 3206 1124 ἔκεῖνος
3261 1060 3371 1116 ὑπὸ
3430 1066 3526 1118 τοῦ
3570 1058 3746 1138 ἁγαθοῦ

2122 1145 2429 1218 Πνεύματος

2199 1235 2277 1299 Ζ’.
2334 1236 2574 1316 Νέρωνος
2631 1238 2732 1318 γὰρ
2788 1244 2881 1295 τοῦ
2923 1244 3104 1302 κακῶς
3158 1241 3235 1305 εἷς
3296 1239 3398 1307 τὴν
3465 1237 3751 1319 βασιλείαν³

2117 1328 2301 1389 κακῶς
2326 1330 2393 1405 (ὦ
2436 1328 2556 1396 ὀίκη
2602 1330 2690 1386 καὶ
2730 1329 2910 1409 ἀνοχη
2956 1328 3114 1410 Θεοῦ)
3174 1329 3565 1409 παρελθόντος,
3620 1351 3751 1405 μαρ-

2118 1424 2314 1494 τυρικῷ
2343 1416 2485 1474 τέλει
2528 1420 2648 1483 τοὺς
2706 1420 2878 1497 ἱεροὺς
2939 1419 3252 1499 κορυφαίους
3306 1426 3420 1477 τῶν
3452 1418 3754 1477 ἀποστόλων

2119 1506 2319 1586 Πέτρου
2383 1510 2473 1565 καὶ
2535 1507 2744 1566 Παύλου
2774 1506 3160 1583 ὑποϐαλόντος,
3193 1516 3304 1567 τῶν
3350 1531 3411 1566 τε
3444 1510 3541 1566 σὺν
3585 1512 3756 1571 αὐτοῖς

2117 1600 2371 1672 μαθητῶν
2403 1597 2581 1656 ἄλλων
2646 1598 2868 1678 ἄλλαχῆ
2928 1600 3019 1655 τὸν
3076 1600 3188 1677 βίον
3245 1599 3755 1677 κατὰστρεῷἀντων,

2116 1686 2397 1755 ἒπιστῆναί
2453 1710 2582 1747 ποτε
2641 1686 2835 1757 συνέϐη
2893 1691 2981 1745 τὸν
3030 1690 3202 1766 μέγαν
3245 1700 3440 1750 τοῦτον
3476 1688 3757 1767 εὐαγγελι-

394 1794 430 1836 a
457 1778 812 1852 tempestate
838 1779 897 1832 et
928 1772 1233 1850 naufragio
1266 1772 1519 1851 ejectus,
1555 1778 1619 1831 ut
1675 1778 1734 1832 et
1762 1770 2030 1833 referunt

2115 1780 2248 1848 στήν
2304 1799 2362 1836 τε
2419 1780 2513 1836 καί
2552 1778 2816 1857 Θεολόγον
2848 1792 2965 1846 τοϊς
2999 1779 3052 1837 έν
3085 1778 3316 1859 Ἐφέσῳ,
3356 1781 3461 1837 δπὸ
3492 1779 3757 1860 χειμῶνος

391 1884 524 1946 quae
572 1862 646 1925 ab
676 1865 903 1925 Irenaeo
935 1860 1318 1940 Lugdunensi
1372 1861 1593 1940 scripta
1638 1869 1775 1922 sunt
1810 1862 1916 1942 (2),
1975 1869 2034 1923 et

392 1959 550 2019 fama
576 1953 868 2016 tradit.Ex
891 1951 1203 2031 discipulis
1222 1961 1421 2013 autem
1447 1952 1510 2026 ii,
1537 1954 1634 2032 qui
1668 1952 1858 2014 secuti
1895 1959 2034 2014 sunt

390 2047 542 2109 alios
566 2043 967 2122 evangelistas
1017 2050 1078 2105 et
1123 2042 1445 2123 apostolos,
1500 2060 1571 2104 ea
1598 2060 1731 2123 quae
1786 2040 1859 2104 ab
1910 2041 2031 2104 illis

395 2136 635 2198 diversa
663 2134 860 2213 lingua
884 2138 1212 2213 composita
1242 2134 1501 2209 fuerant,
1539 2133 1830 2215 (nondum
1867 2131 2027 2193 enim

394 2226 573 2288 unius
596 2222 757 2285 vocis
783 2241 1062 2286 sermone
1084 2224 1177 2285 usi
1201 2224 1451 2295 fuerant)
1482 2242 1621 2286 cum
1648 2223 1719 2284 ad
1744 2222 2032 2304 Ephesio.

392 2336 522 2378 rum
556 2315 853 2378 civitatem
889 2314 1264 2386 detulissent,
1300 2314 1355 2375 ei
1389 2313 1649 2375 tradunt.
1672 2312 1842 2376 Illum
1866 2330 2029 2387 vero,

394 2415 460 2469 ut
491 2406 667 2470 etiam
695 2406 929 2466 videtur
956 2404 1217 2468 Eusebio
1271 2403 1565 2482 Pamphili
1601 2405 1727 2466 haec
1753 2409 2029 2478 tractant,

396 2498 567 2559 aiunt
598 2515 670 2558 ea
698 2494 964 2574 quidem,
993 2515 1124 2576 qute
1154 2494 1374 2575 scripta
1407 2494 1663 2569 fuerant,
1689 2492 2027 2567 admisisse,

398 2589 473 2650 de
503 2604 709 2649 eorum
744 2585 992 2647 veritate
1049 2585 1299 2647 ferendo
1341 2584 1794 2645 testimonium:
1835 2583 2030 2644 anim-

393 2676 722 2739 advertisse
745 2685 941 2736 autem
968 2676 1025 2735 in
1049 2675 1137 2735 eis
1160 2674 1346 2734 solam
1368 2683 1595 2736 restare
1627 2672 2030 2735 narrationem

393 2767 469 2829 de
500 2766 573 2826 iis
604 2784 734 2846 quae
763 2766 818 2825 in
855 2764 1065 2843 primis
1093 2772 1149 2824 et
1181 2764 1239 2823 in
1272 2764 1563 2843 principio
1589 2760 2033 2842 praedicationis

394 2876 426 2917 a
452 2856 689 2918 Christo
713 2854 865 2915 facta
890 2854 1146 2916 fuerant.
1174 2854 1245 2915 Et
1268 2870 1411 2914 vera
1431 2852 1673 2933 quidem
1704 2861 1793 2912 est
1814 2848 2028 2913 oratio.

393 2945 668 3009 Invenies
703 2944 887 3014 enim,
943 2944 991 3004 si
1023 2942 1343 3020 diligenter
1372 2940 1874 3015 consideraveris,
1913 2947 2033 3001 tres

395 3033 784 3113 evangelistas
809 3051 879 3093 ea
899 3032 1090 3093 solum
1115 3031 1713 3111 conscripsissequaa
1735 3048 1852 3091 uno
1874 3048 2031 3092 anno

2116 1865 2467 1947 έκϐρασθέντα
2517 1868 2615 1925 καὶ
2674 1870 2948 1947 ναυαγίου,
3007 1871 3079 1933 ὡς
3138 1870 3271 1929 αὐτά
3301 1890 3363 1925 τε
3408 1868 3478 1925 τὰ
3509 1869 3613 1925 ὑπὸ
3673 1870 3759 1924 Εἰ-

2114 1960 2331 2029 ρηναίου
2380 1969 2474 2019 τοῦ
2529 1957 2869 2038 Δουγδούνων
2927 1958 3222 2016 ἐπισκόπου
3304 1954 3759 2037 συγγεγραμμένα

2112 2050 2339 2125 ἱστορεῖ,
2396 2049 2485 2104 καὶ
2527 2051 2555 2105 6
2597 2048 2758 2127 λόγος
2796 2048 2946 2128 ἔχει,
2980 2055 3097 2108 Τῶν
3154 2046 3340 2124 μέντοι
3404 2051 3663 2123 μαθητῶν
3713 2048 3759 2101 οἱ

2114 2150 2233 2201 τοῖς
2287 2136 2476 2202 ἅλλοϊς
2533 2136 2945 2217 εὖαγγελιστατς
3001 2142 3123 2203 καὶ,
3161 2136 3497 2200 ἀποστόλοις
3531 2134 3755 2193 ἀκολου-

2115 2229 2373 2296 θήσαντες
2429 2228 2495 2285 τὰ
2547 2225 2635 2284 ὑπ’
2707 2228 2923 2285 ἐκείνων
2995 2225 3230 2308 διαφόρῳ
3287 2226 3519 2306 γλώττῃ
3577 2247 3755 2282 συντε-

2117 2317 2354 2394 ταγμένα
2417 2314 2587 2394 (οὔπω
2639 2317 2740 2395 γὰρ
2796 2317 2933 2385 ἦσαν
2992 2316 3257 2396 ὁμοφώνῳ
3316 2317 3597 2397 χρώμενοι
3642 2313 3751 2370 δια-

2118 2405 2342 2487 λέκτῳ),
2402 2407 2475 2469 είς
2530 2407 2627 2474 τὴν
2677 2404 2935 2484 Ἐφεσίων
2992 2404 3148 2463 πόλιν
3205 2407 3564 2482 κομίσαντες,
3622 2404 3753 2478 αύτῷ

2113 2498 2519 2577 ἐγχειρίζουσιν.
2556 2498 2661 2555 Τὸν
2719 2494 2797 2576 δὲ,
2858 2496 2992 2553 καθὰ
3048 2498 3135 2552 καὶ
3172 2494 3414 2571 Εὐσεϐίῳ
3442 2501 3522 2569 τῷ
3554 2493 3753 2574 Παμφίσ

2112 2587 2207 2645 λου
2248 2585 2399 2642 δοκεῖ
2442 2583 2855 2657 διαλαμϐάνοντι
2907 2584 3099 2658 οὕτως,
3158 2583 3527 2651 ἀποδέξασθαι
3560 2584 3655 2660 μὶν
3696 2583 3754 2638 τὰ

2112 2677 2482 2756 γεγραμμένα,
2542 2677 2723 2756 φασὶν,
2799 2674 3053 2750 ἀλήθειαν
3135 2675 3321 2739 αὐτοῖς
3393 2674 3753 2750 ἐπιμαρτυρή-

2114 2789 2305 2839 σαντα,
2360 2765 2593 2823 συνιδεῖν
2652 2764 2706 2821 δὲ
2752 2765 2924 2841 μόνην
2962 2763 3016 2820 ἒν
3049 2765 3235 2829 αὐτοῖς
3267 2762 3610 2837 λειπομένην
3663 2763 3749 2828 τὴν

2113 2858 2233 2935 περὶ
2286 2858 2393 2913 τῶν
2450 2855 2504 2911 ἐν
2550 2855 2784 2940 πρώτοις
2841 2856 2929 2911 καὶ⁵
2957 2853 3077 2910 κατ’
3110 2853 3290 2935 ἆρχην
3320 2864 3425 2915 τοῦ
3458 2854 3748 2932 -κηρύγμα-

2113 2968 2205 3010 τος
2260 2948 2360 3003 ὑπὸ
2418 2948 2511 3002 τοῦ
2569 2945 2797 3022 Χριστοῦ
2856 2943 3244 3024 πεπραγμένων
3317 2943 3627 3023 διήγησινῆ
3661 2942 3742 3000 Καὶ

2113 3036 2319 3107 ἀληθής
2350 3058 2411 3114 γε
2462 3037 2489 3092 6
2546 3033 2706 3113 λόγος
2741 3049 2754 3065 ⁹
2810 3035 3053 3113 εὑρήσεις
3114 3035 3238 3113 γὰρ,
3296 3036 3481 3111 ἥνπερ
3538 3029 3735 3111 ἀκριϐῶς

392 3144 426 3188 a
445 3124 759 3188 Servatore
778 3133 940 3201 gesta
957 3131 1113 3186 sunt.
1147 3130 1455 3203 postquam
1478 3121 1741 3184 Joannes
1766 3120 2028 3201 Baptista

2114 3125 2414 3202 σκοπήσῃς,
2451 3126 2574 3190 τοὺς
2603 3137 2747 3201 τρεῖς
2782 3122 3191 3203 εὖαγγελιστὰς,
3226 3123 3365 3198 μόνα
3401 3126 3469 3182 τὰ
3498 3123 3631 3199 μετὰ
3659 3122 3739 3186 τὴν

390 3216 505 3278 fuit
532 3218 840 3287 coniectus
872 3215 931 3274 in
957 3212 1476 3290 carcerem,idque
1502 3229 1605 3273 eos
1627 3219 1790 3271 recte
1811 3210 2030 3290 signiﬁ-

391 3326 527 3368 rare
549 3306 607 3366 in
636 3304 930 3386 principio
954 3322 1077 3365 suae
1098 3300 1541 3364 historiw.Nam
1569 3309 1703 3383 post
1724 3302 2027 3381 jejunium

392 3394 611 3458 Christi
632 3393 1023 3470 quadraginta
1046 3391 1371 3461 dierum,et
1393 3409 1521 3451 eam
1543 3409 1672 3469 quae
1694 3391 1752 3450 in
1770 3390 1900 3469 ipso
1921 3390 2029 3452 fuit

389 3483 1116 3555 tentationemJiatthaaus
1140 3480 1380 3561 quidem
1407 3480 1763 3559 significavit
1788 3494 2027 3561 tempus

388 3594 509 3636 sua;
532 3572 1115 3653 scriptionisdicens
1136 3572 1223 3632 ‘3:
1252 3571 1435 3634 «Cum
1458 3580 1658 3633 autem
1679 3571 2022 3643 audivisset,

390 3664 543 3743 quod
569 3664 837 3727 Joannes
868 3670 988 3723 erat
1027 3661 1302 3734 traditus,
1339 3680 1372 3721 a
1402 3660 1609 3724 Judzea
1658 3662 1908 3723 recessit
1967 3663 2026 3723 in

390 3753 722 3815 Galilaeam»
738 3755 947 3812 'Lucas
962 3770 1203 3830 quoque
1219 3750 1558 3831 priusquam
1582 3750 1879 3828 inciperet
1897 3768 2027 3811 nar-

390 3860 525 3903 rare
558 3842 707 3901 facta
741 3840 1193 3912 Jesu,similiter
1223 3840 1722 3911 ostendit,dicens
1754 3842 1831 3919 N,
1867 3844 2025 3924 quod

390 3930 681 4010 adjiciens
694 3929 960 3992 Herodes
976 3929 1051 3989 iis
1067 3947 1198 4009 qute
1221 3928 2027 4003 fecerat,iuclusi!.loannem

389 4021 451 4082 in
477 4019 1100 4098 custodia.Propterea
1127 4036 1266 4097 ergo
1290 4018 1818 4092 dicunt,Joannem
1850 4039 2028 4100 apos-

390 4111 575 4172 tolum
607 4116 1145 4189 rogatum,tempus
1179 4107 1339 4188 quod
1370 4108 1471 4170 fuit
1498 4109 1741 4171 silentio
1766 4118 2029 4188 praeteri-

392 4208 513 4261 tum
546 4218 580 4261 a
610 4197 910 4278 prioribus
963 4198 1367 4277 evangelistis,
1403 4207 1461 4259 et
1501 4217 1633 4277 quas
1662 4199 1722 4259 in
1756 4217 1828 4262 eo
1876 4200 2029 4264 facta

391 4290 626 4351 fuerant
648 4307 681 4349 a
702 4288 1044 4358 Servatore,
1071 4306 1141 4349 ea
1164 4295 1359 4350 autem
1386 4295 1522 4349 sunt
1543 4307 1674 4369 quae
1702 4289 1859 4351 facta
1890 4299 2031 4353 sunt

388 4390 707 4457 antequam
726 4378 986 4455 Baptista
1008 4379 1385 4441 incarcerem
1408 4380 1905 4459 conjiceretur,in
1920 4399 2027 4444 suo

2112 3215 2165 3271 ἐν
2201 3219 2280 3290 τῷ
2320 3215 2652 3292 δεαμοτηρίῳ
2703 3213 2953 3271 Ἰωάννου
3020 3220 3113 3271 τοῦ
3176 3222 3488 3274 Βαπτιατοῦ
3544 3213 3742 3287 κάθειρ-

2112 3306 2187 3371 ξιν
2244 3305 2325 3385 ἐφ’
2384 3304 2477 3363 ἵνα
2535 3305 2773 3361 ἐνιαυτὸν
2834 3302 3183 3380 πεπραγμένα
3215 3310 3290 3377 τῷ
3321 3310 3545 3380 Σωτῆρι
3573 3320 3742 3379 συγγε-

2112 3396 2405 3474 γραφότας,
2465 3395 2553 3451 καὶ
2612 3396 2739 3453 αὐτὸ
2798 3400 2951 3451 τοῦτο
2980 3392 3160 3458 καλῶς
3220 3391 3742 3470 ἐπισημαινομένους

2109 3485 2227 3542 κατ’
2285 3487 2458 3566 ἀρχὰς
2519 3490 2619 3550 τῆς
2683 3485 2853 3541 αὒτῶν
2939 3485 3200 3561 ἱστορίας.
3258 3485 3413 3541 Μετὰ
3469 3490 3596 3563 γοῦν
3648 3481 3739 3546 τὴν

2109 3576 2669 3653 τεσσαρακονθήμερον
2723 3580 2813 3630 τοῦ
2879 3580 3103 3652 Χριστοῦ
3179 3574 3459 3647 νηστείαν,
3521 3573 3608 3630 καὶ
3661 3572 3744 3626 τὸν

2109 3665 2194 3720 ἐπ’
2228 3664 2360 3739 αὐτῇ
2393 3664 2716 3742 πειρασμὸν,
2772 3664 2800 3717 6
2844 3661 2943 3735 μὲν
2998 3665 3268 3725 Ματθαῐος
3298 3663 3393 3718 τὸν
3428 3662 3621 3742 χρόνον
3651 3662 3739 3723 τῆς

2108 3754 2241 3818 ἰδίας
2284 3757 2493 3831 γραφῆς
2523 3750 2684 3819 δηλοῖ
2714 3750 2888 3829 λέγων
2921 3766 2935 3781 ⁸
2972 3749 3025 3807 ἐ
3054 3750 3319 3814 Ἀκούσας
3351 3749 3409 3806 δὲ
3443 3751 3525 3808 ὅτι
3558 3749 3738 3806 Ἰωάν-

2110 3867 2205 3909 νης
2269 3840 2558 3921 παρεδόθη,
2620 3839 2971 3921 ἀνεχώρησεν
3016 3840 3123 3897 ἀπὸ
3203 3845 3302 3907 τῆς
3370 3840 3629 3902 ἰουδαίας
3671 3839 3737 3899 είς

2109 3934 2207 3999 τὴν
2250 3930 2535 3988 Γαλιλαίαν
2569 3946 2583 3961 ⁶
2617 3950 2647 3991 )
2696 3932 2784 3987 καὶ
2840 3933 2866 3986 6
2923 3934 3128 3996 Λουκᾶς
3170 3927 3247 4001 δὲ,
3320 3932 3446 4010 πρὶν
3504 3927 3737 4009 ἄρξασθαι

2108 4030 2215 4080 τῶν
2272 4029 2366 4079 τοῦ
2446 4021 2627 4089 Ἰησοῦ
2704 4018 2968 4101 πράξεων,
3027 4019 3423 4098 παραπλησίως
3478 4019 3735 4100 ὅποφαὶνει

2110 4114 2329 4195 φάσκων
2387 4112 2460 4176 ὡς
2511 4108 2611 4189 ἄρα
2670 4112 2913 4182 προσθεὶς
2968 4112 2995 4167 6
3049 4107 3291 4184 Ἡρώδης
3316 4111 3406 4174 οἷς
3439 4107 3736 4188 διεπράξατο

2109 4201 2423 4260 κατέκλεισε
2478 4202 2570 4257 τὸν
2600 4199 2856 4267 Ἰωάννην
2908 4200 2962 4255 ὲν
3020 4205 3087 4277 τῇ
3133 4198 3365 4279 φυλακῇ.
3430 4200 3530 4257 Διὰ
3584 4203 3731 4254 ταῦτα

2111 4300 2233 4370 γοῦν
2316 4293 2406 4347 τὸν
2478 4289 2779 4347 ἀπόστολόν
2847 4313 3007 4370 φασιν
3108 4288 3365 4358 Ἰωάννην
3455 4286 3727 4369 παρακλη-

2109 4382 2288 4454 θέντα,
2347 4383 2437 4437 τὸν
2491 4382 2594 4437 ὑπὸ
2648 4385 2757 4437 τῶν
2808 4380 3079 4459 προτέρων
3124 4379 3518 4458 εύαγγελιστῶν
3570 4398 3732 4455 παρα-

391 4466 708 4528 tradidisse
720 4465 1185 4547 Evangelio,etsi
1211 4466 1376 4547 prius
1392 4486 1507 4529 non
1534 4469 1753 4549 scripta
1775 4487 1920 4531 usus
1938 4488 2027 4531 es-

2115 4471 2450 4539 σιωπηθέντα
2498 4470 2719 4551 χρόνον,
2782 4471 2869 4527 καὶ
2924 4472 2990 4527 τὰ
3037 4469 3159 4528 κατ’
3208 4472 3365 4528 αὑτὸν
3394 4467 3728 4551 πεπραγμένα

392 4562 483 4617 set
507 4555 1023 4634 prmdicatione,et
1046 4558 1161 4620 hoc
1183 4557 1379 4632 ipsum
1398 4556 1789 4637 signiﬁcasse.
1811 4563 2027 4641 partim

394 4644 633 4721 quidem
650 4645 1163 4710 dicend0152~Hoc
1186 4647 1548 4726 principium
1568 4646 2027 4727 fecitsignorum

388 4736 591 4811 Jesus,
628 4759 654 4791 n
695 4742 909 4815 partim
940 4745 1137 4798 autem
1171 4736 1447 4799 faciendo
1480 4737 1843 4800 mentionem
1869 4742 2030 4820 Bap-

392 4827 549 4887 tistae
568 4826 724 4887 inter
746 4826 1011 4888 actiones
1032 4826 1269 4898 Jesu,ut
1316 4826 1416 4905 qui
1440 4835 1579 4889 tunc
1603 4828 1799 4890 adhuc
1832 4829 2029 4911 bapti-

390 4924 553 4978 zaret
575 4916 633 4978 in
653 4916 847 4979 Enon
877 4936 1059 4997 prope
1091 4916 1601 4981 Salim.Praaterea
1627 4937 1768 4981 vero
1793 4920 1905 4983 hoc
1928 4939 2029 4981 os-

394 5005 583 5067 tendit
612 5005 1158 5083 apertius,dicens:
1226 5006 1504 5069 Nondum
1533 5008 1689 5069 enim
1713 5019 1840 5070 erat
1857 5010 2033 5071 Joan-

393 5113 499 5157 nes
521 5096 834 5171 coniectus
859 5097 917 5156 in
938 5114 1307 5158 carcerem.»
1327 5096 1409 5159 Ex
1432 5097 1528 5159 his
1544 5116 1686 5178 ergo
1709 5107 1914 5178 aperte
1937 5118 2027 5161 os-

391 5183 987 5263 tendit,Tbeologum
1004 5185 1152 5247 eain
1171 5205 1277 5247 suo
1292 5186 1606 5267 Evangelia
1628 5189 2029 5272 tradere,quaa

391 5290 425 5331 a
475 5273 713 5335 Christo
766 5274 922 5336 facta
978 5282 1139 5351 sunt,
1191 5275 1421 5338 Joanne
1448 5277 1713 5339 nondum
1749 5281 2026 5357 conjecto

394 5358 454 5420 in
485 5380 791 5424 carcerem
828 5381 842 5424 :
901 5365 1170 5447 reliquos
1219 5375 1419 5429 autem
1481 5377 1600 5429 tres
1632 5369 2028 5447 evangelistas

2112 4568 2188 4636 τῷ
2247 4566 2480 4639 Σωτῆρι,
2541 4567 2705 4616 ταότα
2736 4557 2791 4616 δὲ
2824 4562 2925 4637 πρὸ
2954 4561 3050 4628 τῆς
3082 4570 3174 4621 τοῦ
3207 4562 3507 4620 Βαπτιστοῦ
3534 4556 3726 4634 καθείρ-

2113 4652 2242 4719 ξεως
2293 4657 2370 4726 τῷ
2415 4649 2533 4707 κατ’
2591 4652 2750 4708 αὺτὸν
2806 4649 3116 4729 Εὗαγγελίῳ
3173 4650 3517 4731 παραδοῦναι,
3569 4646 3724 4706 καίτοι

2112 4745 2368 4819 πρότερον
2420 4740 2643 4821 ἀγράφῳ
2689 4740 3030 4820 κεχρημένον
3087 4743 3413 4822 κηρύγματι,
3478 4741 3562 4798 καὶ
3614 4736 3727 4795 αύτδ

2114 4840 2266 4890 τοῦτο
2322 4830 2776 4905 ἐπισημήνασθαι,
2830 4830 2951 4885 τοτὲ
3001 4830 3099 4904 μὲν
3142 4832 3387 4910 φήσαντα
3421 4846 3434 4861 ·
3477 4854 3504 4885 ε
3538 4827 3724 4889 Ταύτην

2112 4924 2211 4989 τὴν
2240 4921 2418 5001 ἀρχὴν
2451 4918 2671 4987 ἐποίησε
2702 4926 2809 4975 τῶν
2856 4917 3167 4998 παραδόξων
3210 4922 3238 4976 6
3268 4917 3475 4988 ’ίηαοῡς
3508 4936 3521 4949 ·
3556 4937 3583 4979 )
3616 4911 3723 4972 τοτῖ

2113 5011 2168 5068 δὲ
2254 5010 2702 5086 μνημονεύσαντα
2800 5010 2891 5066 τοῦ
2977 5017 3280 5067 Βαπτιστοῦ
3374 5009 3566 5085 μεταξὺ
3629 5004 3721 5060 τῶν

2109 5100 2291 5170 Ἰησοῦ
2337 5098 2597 5179 πράξεων,
2658 5100 2731 5161 ὡς
2776 5098 2855 5155 ἔτι
2898 5100 3021 5157 τότε
3075 5100 3424 5175 βαπτίζοντος
3465 5100 3520 5156 ὲν
3570 5096 3722 5154 Alvum

2110 5192 2269 5269 ἐγγὺς
2313 5192 2408 5246 τοῦ
2452 5188 2673 5264 Σαλήμ.
2707 5185 2830 5246 ’Ἔτι
2862 5187 2918 5245 δὲ
2948 5188 3270 5270 σαφέστερον
3314 5196 3469 5248 τοῦτο
3509 5186 3715 5244 δείκνυσι

2109 5280 2282 5357 λέγων
2319 5294 2332 5309 ⁸
2371 5298 2401 5339 (
2436 5277 2597 5338 Οῧπω
2639 5278 2741 5357 γὰρ
2791 5278 2859 5347 ἦν
2902 5280 2930 5335 6
2971 5279 3229 5347 Ἰωάννης
3281 5278 3601 5357 βεϐλημένος
3654 5272 3717 5333 εἷς

2109 5369 2375 5451 φυλακήν.
2455 5392 2481 5423 ι
2545 5366 2817 5425 Δέδεικται
2904 5368 2994 5425 οὖν
3049 5370 3289 5451 φανερῶς
3362 5368 3423 5427 ἔκ
3460 5367 3643 5429 τούτων
3691 5359 3715 5414 ὁ

475 5531 528 5575 ¹⁸
556 5532 761 5595 Matth.
794 5552 875 5609 tv,
911 5538 1009 5597 42.
1096 5536 1147 5581 ¹4
1179 5538 1321 5602 Luc.
1354 5556 1441 5615 nt,
1472 5542 1571 5606 90.
1658 5542 1710 5586 ‘5
1741 5545 1909 5606 Joan.
1942 5562 2007 5621 tt,
2042 5545 2139 5609 Η.

475 5652 565 5732 (2)
596 5648 823 5713 Contra
854 5654 1078 5718 haeres.
1110 5655 1219 5717 lib.
1255 5674 1342 5733 ιιι,
1377 5676 1550 5740 capp.
1590 5663 1646 5737 1,
1682 5666 1780 5725 Η.
