4006 6138
275 304 396 379 769

1584 308 1773 382 VITA
1816 319 1878 380 S.
1925 304 2330 382 TIMOTHEI.

3525 307 3648 379 770

265 446 565 526 Θεολόγος,
627 447 680 504 ἰν
709 455 777 525 τῇ
836 455 927 506 τοῦ
959 447 1080 505 κατ’
1139 450 1296 506 αὑτὸν
1331 449 1650 528 Εὑαγγελίου
1709 460 1908 533 γραφῇ,

1998 452 2346 514 meminisse
2377 469 2608 526 eorum,
2629 469 2760 533 quae
2781 451 2931 513 facta
2953 458 3112 523 sunt,
3139 459 3444 530 postquam
3471 455 3640 516 Joan-

257 537 324 622 τὰ
384 535 618 611 μηδέπω
675 544 768 595 τοῦ
827 545 1124 595 Βαπτιστοῦ
1165 537 1496 615 βεϐλημένου
1553 543 1624 607 εἷς
1675 542 1916 622 φυλακὴν

256 618 360 681 ὑπὸ
421 632 652 687 Χειστοῦ
725 627 1035 707 πραχθέντα
1107 626 1445 705 παραδιδοὺς,
1507 633 1553 688 οἱ
1626 618 1699 687 δὲ’
1737 631 1916 690 λοιποί

253 728 405 792 τρεῖς
454 714 831 796 εὖαγγελισταὶ
860 718 924 772 τὰ
982 718 1116 791 μετὰ
1165 716 1287 784 τῆν-
1318 719 1390 782 εἷς
1432 720 1494 775 τὸ
1551 718 1915 798 δεσμωτήριον

254 804 526 880 κάθειρξιν
596 811 690 862 του
760 809 1060 862 Βαπτιστοῦ
1131 808 1580 882 μνημονεύοντες,
1659 811 1759 874 Οἷς
1829 814 1916 867 καὶ

252 891 614 961 έπιστήσαντι
671 892 844 951 οὖκέτι
905 893 968 950 ἂν
1043 891 1245 960 δόξαιεν
1302 893 1588 976 διαφωνεῖν
1655 896 1914 968 ἀλλήλοις

251 980 320 1036 τὰ
368 980 698 1059 Εὗαγγέλια,
732 988 809 1056 τῷ
835 984 898 1039 τὸ
950 983 1048 1056 μὲν
1077 985 1214 1040 κατὰ
1267 985 1522 1052 Ἰωάννην
1548 987 1614 1042 τὰ
1661 989 1916 1065 πρότερον

248 1071 356 1126 ὑπὸ
411 1070 515 1127 τοῦ
545 1077 768 1141 Χριστοῦ
822 1071 1130 1152 πραχθέντα
1177 1070 1503 1151 διηγεῖσθαι,
1546 1077 1611 1132 τὰ
1640 1075 1696 1132 δέ
1753 1075 1916 1134 λοιπᾶ

251 1159 351 1225 τὴν
415 1159 508 1216 ἐπὶ
537 1159 680 1216 τέλει
720 1168 814 1217 τοῦ
850 1167 1076 1236 Χριστοῦ
1121 1164 1262 1236 αὐτῷ
1312 1165 1608 1242 γενομένην
1657 1168 1907 1244 ἱστορίαν.

255 1247 500 1310 Εἰκότως
563 1249 653 1305 οὖν
683 1251 782 1304 τὶν
827 1250 924 1326 μὲν
968 1257 1069 1318 τῆς
1096 1255 1293 1330 σαρκὸς
1339 1259 1433 1310 τοῦ
1465 1257 1716 1332 Σωτῆρος
1763 1257 1915 1331 ἡμῶν

251 1337 649 1416 γενεαλογίαν,
737 1340 828 1396 ἃτε
911 1343 1162 1414 Ματθαίῳ
1244 1344 1329 1398 καὶ
1413 1347 1590 1416 Λουκᾷ
1673 1367 1916 1424 προγρα-

249 1439 454 1505 φετσαν
503 1429 889 1497 ἀποσιωπῆσαι
943 1431 1031 1486 τὸν
1075 1428 1357 1512 Ἰωάννην,
1390 1432 1484 1501 τῆς
1542 1432 1596 1489 δὲ
1644 1434 1917 1513 θεολογίας

2000 560 2105 602 nes
2122 541 2331 603 fuisset
2347 541 2658 620 conjectus
2675 541 2734 602 in
2759 539 3276 620 vincula.0uaaqni
3296 541 3636 615 attenderit,

2000 649 2115 692 non
2147 630 2402 711 amplius
2434 634 2486 692 ei
2524 631 2882 691 videbuntur
2912 631 3258 709 discrepare
3289 629 3638 708 Evangelia;

1997 720 2156 796 quod
2189 719 2246 781 id
2278 719 2519 800 quidem
2552 719 2710 799 quod
2741 729 2828 781 est
2854 719 3184 782 secundum
3205 717 3494 781 Joannem
3523 719 3644 799 pri-

1999 828 2124 870 mas
2155 807 2372 871 Christi
2404 809 2670 870 continet
2701 809 2983 884 actiones,
3019 808 3251 888 reliqua
3282 819 3505 883 autem,
3542 809 3638 871 hi-

1997 899 2236 960 storiam
2273 916 2402 977 qua;
2430 899 2584 961 facta
2615 906 2706 959 est
2733 898 2792 959 in
2830 899 2958 978 ipso
2993 899 3110 961 line
3145 897 3386 961 Christi.
3435 899 3641 962 Merito

1999 1006 2137 1066 ergo
2161 987 2354 1050 carnis
2378 989 2614 1071 quidem
2639 987 2971 1050 Servatoris
2993 989 3176 1049 nostri
3205 989 3639 1067 genealogiam,
3708 988 3710 990 ’

1997 1087 2061 1138 ut
2092 1096 2223 1158 qua;
2251 1095 2285 1138 a
2317 1078 2592 1139 Matthaeo
2641 1087 2699 1140 et
2746 1076 2898 1140 Luca
2931 1077 3096 1158 prius
3143 1076 3362 1157 scripta
3409 1079 3637 1153 fuisset,

1995 1166 2258 1232 Joannes
2288 1166 2526 1229 silentio
2561 1166 2848 1246 praeteriit
2887 1188 2900 1225 :
2938 1186 2972 1226 a
3003 1165 3297 1243 theologia
3326 1177 3519 1230 autem
3545 1168 3638 1231 iu-

1999 1257 2163 1337 cipit,
2188 1265 2400 1337 utquae
2421 1257 2499 1332 ei,
2525 1264 2728 1336 utpote
2751 1255 3170 1337 praestantiori,
3199 1254 3407 1317 fuisset
3428 1276 3460 1318 a
3485 1257 3640 1320 bono

2000 1344 2225 1425 Spiritu
2278 1354 2640 1407 conservata.
2695 1345 2766 1408 Et
2815 1354 2901 1407 sic
2954 1345 3193 1425 quidem
3243 1343 3536 1410 Eusebius
3567 1347 3642 1408 de

1997 1433 2228 1498 Joanne
2255 1443 2313 1496 et
2341 1435 2474 1496 aliis
2504 1444 2700 1496 narrat
2735 1435 3131 1513 evangelistis.

250 1519 538 1598 ἄρξασθαι,
585 1525 657 1588 ὡς
714 1522 776 1578 ἃν
835 1522 977 1598 αὑτῷ
1053 1526 1196 1601 παρὰ
1260 1532 1354 1582 τοῦ
1414 1527 1612 1606 ἀγαθοῦ
1670 1529 1977 1604 Πνεύματος
2032 1529 2129 1585 οἷα
2197 1530 2451 1608 κρείττονι
2517 1527 3096 1609 παραπεφυλαγμένης·
3182 1529 3266 1584 καὶ
3339 1529 3477 1584 οὕτω
3546 1530 3642 1605 μὶν

253 1614 314 1670 Ep
375 1611 428 1670 ’ϐ
657 1619 667 1633 ο
703 1615 722 1638 θ
811 1617 824 1638 ι
1053 1619 1069 1639 τ
1141 1624 1167 1636 ~
1477 1618 1496 1642 ν
1698 1627 1711 1644 ο
1989 1628 2016 1639 ~

300 1635 390 1670 οσε
431 1637 514 1681 ιος
550 1637 669 1695 περι
726 1627 954 1674 Ιωαννοο
986 1640 1072 1674 και
1101 1639 1207 1675 των
1235 1617 1416 1675 ἄλλων
1446 1619 1636 1686 ἕςεισιν
1666 1620 2078 1700 ευαγγελιστων.

333 1707 425 1768 Η’.
466 1713 580 1768 Οὐκ
609 1712 677 1776 ἦν
720 1708 774 1766 δὲ
827 1711 928 1790 ἆρα
958 1716 1054 1779 τῆς
1107 1711 1488 1780 αὐτοαληθείας
1519 1721 1742 1794 Χριστοῦ
1797 1722 1917 1779 τοῦς

2081 1711 2231 1776 Vill.
2271 1715 2424 1777 Fieri
2449 1733 2591 1794 ergo
2614 1733 2730 1775 non
2766 1721 3019 1794 poterat,
3055 1713 3328 1794 utipsius
3351 1713 3638 1789 veritatis,

246 1795 451 1876 λόγους
510 1797 812 1875 διαπεσεῖν,
865 1825 890 1856 α
926 1800 1018 1857 Ἐν
1074 1808 1150 1875 τῷ
1201 1810 1389 1878 κόσμῷ
1445 1802 1622 1880 θλίψιν
1677 1804 1842 1884 ἕξετε,
1886 1827 1906 1861 ε

1999 1802 2215 1867 Christi
2249 1805 2513 1885 inquam,
2549 1804 2726 1865 verba
2757 1804 3132 1878 exciderent,
3183 1806 3279 1884 qui
3333 1803 3642 1883 discipulis

245 1890 382 1966 πρὸς
445 1889 571 1952 τοὺς
605 1889 934 1954 ἀποστόλους
968 1892 1089 1955 τοὺς
1153 1893 1312 1948 αὑτοῦ
1369 1894 1666 1964 εἷρηκότος⁶
1728 1894 1912 1952 οὐκοῦν

245 1975 366 2034 οὑδὲ
465 1975 735 2060 διέπεσον,
811 1977 947 2036 ἀλλὰ
1033 1979 1261 2045 πολλοῖς
1338 1981 1557 2047 ἕκαστος
1636 1981 1910 2054 ὑπεϐλήθη

241 2081 364 2131 τοῖς
432 2066 728 2145 λυπηροῖς.
793 2079 1121 2144 Δομετιανοῦ
1177 2071 1275 2148 γὰρ
1329 2074 1467 2128 κατὰ
1528 2071 1735 2140 πολλὴν
1792 2076 1911 2128 τότε

242 2161 342 2224 τῆς
417 2159 614 2222 κακίας
673 2159 830 2238 ἰσχὺν
889 2158 1255 2238 εἰσφθαρὲντος
1313 2167 1384 2236 τῇ
1438 2160 1706 2237 βασιλείᾳ,
1785 2163 1910 2236 μίαν

241 2249 352 2302 τῶν
420 2246 712 2305 Κυκλάδων
744 2249 828 2304 adii
891 2248 1042 2312 οὗτος
1077 2250 1244 2304 οἰκεῖν
1301 2250 1692 2328 κατακρίνεται,
1734 2263 1910 2325 Δομε-

241 2343 438 2394 τιανοῦ
496 2343 589 2393 τοῦ
621 2338 758 2412 μετὰ
808 2337 1022 2415 Νέρωνα
1077 2337 1173 2413 μὲν
1224 2341 1311 2394 καὶ
1367 2340 1490 2404 τούς
1521 2340 1715 2415 μεταξὺ
1769 2339 1910 2398 πολ-

244 2422 372 2490 λοὺς
435 2423 657 2501 δ’στεροδ
715 2425 930 2505 χρόνοις
971 2425 1068 2494 τήν
1118 2426 1298 2506 ἀρχὴν
1354 2429 1746 2505 πιστευθέντος,
1794 2453 1910 2505 μη-

246 2511 334 2570 δὶν
393 2513 456 2570 δὲ
515 2520 612 2582 τῆς
670 2514 873 2573 ἐκείνου
931 2517 1234 2597 μοχθηρίας
1286 2515 1723 2598 ἀπολειφθέντος,
1786 2517 1907 2576 ἀλλ’

248 2602 329 2662 ἀεὶ
386 2605 528 2682 πρὸς
586 2603 744 2662 αὑτὸν
801 2606 1055 2684 ὁρῶντος,
1113 2605 1150 2674 ἢ
1207 2607 1294 2662 καὶ
1349 2605 1737 2682 ὑπερϐαλόντος
1792 2621 1908 2672 τοῖς

252 2694 628 2774 ἀτοπημασιν,
690 2694 828 2752 οὕτω
884 2716 942 2751 τε
1013 2707 1134 2758 ταῖς
1198 2694 1316 2752 καθ’
1381 2695 1573 2776 ἔτέρων
1631 2695 1910 2759 διαϐολαῖς

252 2783 348 2846 τὰς
395 2783 562 2846 ἀκοὰς
607 2781 775 2852 ἡδέως
827 2783 1153 2864 ὑπέχοντος,
1197 2787 1271 2846 ὡς
1305 2783 1421 2844 οὐδὲ
1468 2798 1590 2850 ταῖς
1623 2788 1696 2850 εἰς
1753 2786 1909 2842 αὑτὸν

258 2871 578 2952 εὔφημιαις,
619 2872 732 2929 εἴθε
779 2870 845 2940 δη
887 2872 1170 2938 κολακείας
1235 2882 1488 2932 τοσοῦτον
1546 2874 1798 2956 ἴσχυσεν,
1832 2879 1906 2940 ὡς

259 2963 343 3019 καὶ
396 2969 712 3036 Δομετιανῷ
750 2961 964 3020 ἐπαίνου
1020 2986 1070 3020 τι
1117 2963 1433 3038 μεταδοῦναι
1480 2967 1568 3022 καὶ
1619 2967 1904 3046 εοῖιφημίαςο

254 3059 410 3108 τοῦτο
456 3053 584 3130 γοῦν
644 3053 706 3108 τὸ
776 3054 909 3131 πρὸς
979 3049 1228 3116 διαϐολὰς
1299 3053 1502 3112 ἐκείνου
1558 3061 1665 3112 τῶν
1733 3056 1908 3113 ἀκοῶν

257 3139 474 3199 εὔκολον
545 3142 820 3221 ὑπερορίαν
865 3143 963 3210 τὴν
1035 3143 1107 3206 εἷς
1172 3141 1389 3219 Πέτμον
1457 3146 1757 3221 κατακρίνει
1818 3145 1910 3202 τοῦ

259 3227 528 3290 Ἰωάννου.
601 3229 755 3288 Πῧτω
823 3232 925 3310 γὰρ
1003 3236 1039 3304 ἡ
1104 3233 1202 3302 τῆς
1272 3234 1554 3314 ὑπερορίας
1623 3235 1908 3310 ὠνόμαστο

259 3325 441 3388 νῆσος.
488 3319 656 3379 ’Ἔνθα
711 3318 777 3388 δὴ
835 3323 922 3377 καί
991 3321 1196 3398 ἀτίμως
1252 3323 1530 3402 ὑπερορίου
1583 3333 1678 3384 τοῦ
1732 3326 1909 3399 τιμίου

267 3405 464 3477 δηλαδὴ
513 3409 817 3490 γενομένου,
850 3410 1106 3482 Τιμόθεος
1159 3413 1254 3482 τῆς
1310 3413 1610 3480 ἐπισκοπῆς
1651 3411 1908 3494 Ἐφεσίων

273 3496 601 3571 ἀντοποεττο,
673 3499 774 3556 κᾶν
844 3498 959 3557 οὐδὲ
1030 3501 1190 3558 αὑτὸν
1263 3499 1542 3559 ἐπιϐιῶναι
1603 3509 1682 3576 τῷ
1743 3502 1909 3581 θρόνῳ

270 3588 462 3668 χρόνον
500 3590 675 3646 ἱκανὸν
705 3589 734 3646 ὃ
777 3587 967 3668 ἐχθρὸς
998 3587 1209 3653 εἴασεν.

343 3759 428 3828 θ’.
487 3763 587 3827 Ἠν
647 3770 747 3849 γὰρ
789 3790 870 3833 τις
927 3768 1053 3844 παρ’
1099 3769 1361 3851 Ἐφεσίοις
1420 3769 1603 3850 ἑορτὴ,
1654 3769 1908 3847 Καταγώ-

261 3880 378 3937 γιον
432 3858 523 3916 ὑπ’
572 3859 746 3918 αὑτῶν
796 3857 1128 3935 καλουμένη⁶
1177 3861 1316 3919 κατὰ
1375 3867 1503 3938 γοῦν
1560 3859 1757 3926 ταύτην
1813 3860 1906 3938 ῥό-

258 3947 406 4006 παλά
443 3969 494 4004 τε
524 3948 916 4028 ἀναιρούμενοι,
966 3951 1051 4006 καὶ
1079 3947 1279 4006 εἴδωλα
1322 3949 1405 4006 διὰ
1444 3950 1629 4029 χειρὸς
1661 3947 1908 4028 ἔχοντες,

257 4039 344 4094 καί
395 4060 513 4096 τινα
584 4038 936 4117 περιτιθέντες
1021 4039 1234 4102 ἑαυτοῖς
1307 4053 1626 4118 προσωπεῖα
1693 4041 1793 4104 τῆς
1851 4060 1907 4096 τε

253 4128 469 4192 πόλεως
540 4129 756 4196 ἆναίδην
839 4129 905 4184 τὰ
973 4128 1337 4204 ἐπισημοτερα
1395 4127 1534 4208 μέρη
1613 4149 1905 4208 περιιοντες

251 4221 344 4273 καὶ
413 4239 534 4275 τινα
591 4218 799 4280 τούτοις
872 4215 1179 4291 ἐπᾴδοντες,
1240 4216 1460 4293 ἀνδράσι
1542 4237 1600 4274 τε
1657 4219 1745 4274 καὶ
1802 4240 1902 4296 γυ-

250 4305 388 4372 ναιξὶ
447 4305 746 4386 λῃστρικῶς
816 4305 1079 4380 ἐπιοντες,
1139 4305 1306 4364 πολὺν
1378 4309 1549 4364 αὐτῶν
1604 4308 1906 4386 εἰργάζοντο

252 4417 437 4475 φονον,
471 4395 639 4473 ταύτῃ
695 4400 789 4454 τὸν
821 4398 1021 4455 οἰκεῖον
1063 4399 1353 4474 ἡγούμενοι
1403 4394 1623 4460 δαίμονα
1653 4402 1810 4472 τψᾷν
1862 4398 1908 4452 οἱ

251 4487 658 4560 κατάπτυστοι,
741 4486 837 4543 ’ίνα
919 4487 1207 4567 φαίνωνται
1291 4486 1558 4550 τοιούτους
1643 4485 1908 4562 ἂνθρωποι

1995 1893 2120 1956 suis
2152 1892 2304 1954 dixit
2335 1910 2350 1957 :
2392 1919 2414 1951 ε
2449 1893 2513 1956 In
2539 1895 2763 1955 mundo
2794 1893 3175 1954 afﬂictionem
3204 1892 3501 1954 habebitis
3520 1893 3635 1955 16.»

1994 1981 2199 2064 Neque
2231 2001 2371 2062 ergo
2405 1984 2786 2058 exciderunt,
2822 1981 2926 2044 sed
2953 1990 3203 2063 uterque
3228 1983 3441 2045 multas
3462 1983 3645 2046 subiit

1993 2073 2323 2136 molestias.
2341 2072 2486 2135 Cum
2523 2074 2682 2135 enim
2709 2073 3078 2136 Domitianus
3102 2092 3209 2153 per
3231 2092 3500 2150 magnam
3527 2073 3640 2134 vim

1994 2163 2243 2225 sceleris
2294 2171 2434 2223 tunc
2467 2162 2781 2224 invasisset
2814 2164 3156 2242 imperium,
3209 2164 3646 2225 condemnatur

1995 2251 2092 2312 hic
2124 2270 2360 2332 quoque
2396 2250 2664 2312 habitare
2713 2268 2889 2312 unam
2923 2270 2990 2312 ex
3025 2251 3397 2332 Cycladibus.
3434 2255 3640 2315 Domi~

1997 2343 2212 2415 tianus,
2249 2339 2515 2422 inquam,
2549 2347 2642 2400 cui
2677 2349 2809 2420 post
2837 2338 3134 2402 Neronem
3169 2348 3230 2402 et
3273 2359 3376 2402 eos
3409 2341 3510 2421 qui
3543 2342 3639 2403 in-

1995 2430 2310 2492 tercedunt
2371 2429 2712 2491 mandatum
2747 2429 2853 2490 fuit
2908 2429 3265 2509 imperium;
3329 2430 3384 2492 ei
3441 2441 3639 2494 autem

1996 2519 2395 2600 improbibate
2443 2517 2631 2580 nihilo
2684 2518 2794 2580 fuit
2841 2518 3110 2593 inferior,
3160 2519 3264 2580 sed
3299 2537 3540 2600 semper
3567 2521 3639 2582 ad

1993 2609 2189 2690 ipsum
2240 2608 2623 2688 respiciebat,
2657 2608 2965 2669 autetiam
3016 2609 3352 2670 sceleribus
3383 2616 3444 2670 et
3469 2610 3640 2689 ﬂagi-

1997 2699 2092 2760 tiis
2141 2697 2482 2778 superabat,
2516 2707 2573 2760 ct
2603 2697 2843 2758 structis
2876 2698 2936 2758 in
2971 2696 3118 2758 alios
3147 2697 3468 2759 calumniis
3521 2706 3637 2760 tam

1996 2787 2279 2850 lubenter
2307 2806 2483 2848 aures
2512 2787 3028 2864 accommodabat,
3064 2805 3240 2868 quam
3285 2786 3410 2849 suis
3455 2786 3642 2866 ipsius

1992 2877 2268 2939 laudibus
2301 2895 2315 2940 :
2351 2877 2646 2957 siquidem
2684 2885 2910 2938 tantum
2946 2877 3123 2938 valuit
3172 2877 3518 2949 assentatio,
3580 2885 3643 2937 ut

1992 2967 2174 3029 etiam
2207 2966 2610 3030 Domitianum
2645 2967 2819 3029 laude
2849 2967 3048 3046 aliqua
3085 2966 3421 3046 impertiret
3453 2973 3510 3028 et
3539 2984 3639 3028 ce-

1993 3049 2273 3120 lebraret.
2306 3055 2474 3118 Illius
2502 3075 2644 3136 ergo
2667 3056 2740 3117 ad
2762 3056 2937 3117 facile
2961 3055 3291 3118 audiendas
3311 3056 3644 3118 calumnias

1994 3145 2342 3227 propensio,
2374 3145 2666 3208 Joannem
2703 3147 3085 3217 condemnat,
3136 3155 3202 3206 ut
3247 3146 3552 3223 relegetur
3580 3146 3642 3206 in

1991 3235 2267 3300 Patmon.
2323 3233 2422 3298 Sic
2474 3235 2632 3296 enim
2669 3235 2974 3297 nominata
3005 3243 3094 3295 est
3123 3235 3337 3307 insula,
3370 3235 3432 3297 in
3465 3253 3639 3315 quam

1994 3323 2104 3386 fuit
2134 3324 2452 3403 relegatus.
2508 3323 2697 3395 Quem
2750 3324 2991 3403 quidem
3028 3323 3087 3384 in
3120 3323 3315 3384 locum
3362 3341 3501 3384 cum
3538 3341 3644 3402 per

1990 3411 2382 3490 ignominiam
2403 3412 2699 3490 relegatus
2719 3412 2929 3474 fuisset
2947 3412 3324 3474 venerandus
3353 3412 3640 3485 Joannes,

1991 3500 2340 3564 Timotheus
2381 3501 2515 3580 ejus
2541 3502 2673 3563 loco
2711 3501 2974 3580 suscepit
3017 3506 3420 3581 episcopatum
3449 3501 3643 3582 Ephe-

1993 3591 2217 3653 siorum
2253 3612 2266 3650 :
2305 3609 2646 3671 quanquam
2698 3610 2808 3652 nec
2858 3591 3054 3672 ipsum
3091 3609 3333 3671 quoque
3385 3591 3446 3652 in
3497 3591 3642 3654 sede

1993 3679 2170 3759 longo
2202 3690 2473 3761 tempore
2505 3681 2702 3741 vivere
2735 3681 3012 3761 permisit
3045 3680 3347 3741 inimicus.

2059 3769 2159 3834 IX.
2182 3769 2319 3831 Erat
2340 3771 2501 3833 enim
2524 3769 2764 3851 quidem
2788 3770 2916 3831 dies
2934 3769 3123 3832 festus
3140 3771 3295 3849 apud
3322 3769 3639 3850 Ephesios,

1993 3861 2095 3942 qui
2125 3859 2198 3921 ab
2233 3861 2321 3923 eis
2350 3860 2672 3922 vocabatur
2719 3861 3127 3940 Catagogium
3159 3876 3178 3920 :
3212 3867 3270 3920 in
3302 3878 3374 3921 eo
3411 3877 3552 3939 ergo
3585 3878 3649 3932 et

1993 3949 2187 4011 clavas
2206 3950 2508 4025 tollentes,
2531 3960 2589 4012 et
2611 3949 2931 4011 simulacra
2957 3950 3014 4011 in
3041 3947 3316 4010 manibus
3340 3959 3640 4025 tenentes,

1990 4048 2050 4101 et
2074 4039 2185 4100 sibi
2207 4038 2495 4121 quasdam
2521 4039 2902 4120 imponentes
2927 4057 3236 4116 personas,
3269 4049 3328 4100 et
3352 4039 3645 4118 insignio-

1986 4145 2088 4191 res
2131 4138 2327 4208 partes
2377 4128 2632 4192 civitatis
2680 4128 3062 4208 impudenter
3104 4127 3418 4202 obeuntes,
3473 4139 3532 4190 et
3563 4127 3638 4190 iis

1987 4219 2256 4300 quaedam
2275 4219 2541 4281 carmina
2567 4219 3247 4297 decantantes,virosque
3269 4227 3327 4279 et
3355 4218 3638 4280 mulieres

1990 4327 2157 4370 more
2189 4309 2534 4388 praedonum
2569 4308 2938 4382 invadentes,
2967 4325 3242 4386 magnam
3277 4311 3500 4368 caedem
3532 4327 3634 4368 eo-

1988 4416 2121 4460 rum
2148 4397 2451 4460 faciebant
2476 4418 2488 4458 :
2519 4416 2588 4458 ea
2617 4399 2847 4458 ratione
2870 4406 3148 4478 putantes
3172 4397 3548 4471 exsecrandi,
3573 4415 3639 4459 se

1990 4506 2161 4549 suum
2197 4488 2493 4550 honorare
2523 4488 2884 4560 daemonem,
2919 4497 2982 4549 ut
3012 4505 3115 4548 eos
3146 4487 3494 4554 viderentur
3525 4489 3635 4549 lio-

255 4581 541 4652 τιμῶντες,
599 4579 674 4633 ὦν
729 4578 765 4644 ἡ
835 4577 1064 4656 μεγίστη
1132 4577 1383 4655 θεραπεία
1458 4574 1566 4632 τῶν
1624 4575 1902 4650 τιμώντων

1997 4576 2183 4638 mines
2201 4577 2522 4650 honorare,
2546 4595 2804 4656 quorum
2837 4577 3122 4638 maximus
3145 4576 3341 4638 cultus
3363 4586 3453 4640 est
3479 4597 3641 4639 mors

258 4667 290 4722 ὁ
318 4669 567 4730 θανατος.
616 4669 868 4740 Τιμοθεος
913 4666 1084 4724 τοίνυν
1140 4668 1167 4722 δ
1196 4669 1341 4728 θεῖος
1396 4663 1578 4727 δεινῶς
1612 4664 1697 4721 ἐπὶ
1739 4667 1909 4740 τούτῳ

257 4753 459 4830 ἀλύων,
505 4757 594 4813 καὶ
624 4755 790 4826 ζήλου
848 4757 970 4834 πυρὶ
1013 4756 1080 4813 τὰ
1135 4755 1427 4833 σπλάγγνα
1480 4775 1788 4830 καιομενος,
1823 4758 1910 4812 καὶ

257 4852 416 4903 τοῦτο
462 4845 562 4921 μὲν
589 4842 919 4921 συμϐουλαῠς
975 4843 1236 4910 πολλάκις
1267 4846 1354 4902 καὶ
1405 4846 1724 4917 ὑποθήκαις,
1753 4853 1910 4904 τοῦτο

261 4931 317 4991 δὲ
367 4933 710 5014 παραινέσεσι
742 4936 839 4992 καί
889 4933 1249 4999 διδασκαλίαις
1302 4934 1667 5015 χρησάμενος,
1699 4938 1787 4991 καὶ
1832 4937 1909 5010 μὴ

259 5037 448 5083 πεῖσαι
520 5023 756 5092 δονηθεὶς
816 5026 1005 5090 αὖτοὺς
1075 5023 1408 5104 ἀποσχέσθτι
1475 5023 1575 5090 τῆς
1656 5026 1907 5092 τοιαύτης

258 5114 476 5192 μανίας,
520 5136 790 5192 προσεισιν
863 5114 1050 5179 αὑτοῖς
1094 5113 1181 5170 ἐπὶ
1251 5135 1420 5190 μεσης
1490 5111 1728 5194 ἂμφοδου
1794 5117 1909 5194 αρτι

337 5308 394 5353 ιθ
425 5308 597 5374 Joan.
631 5323 755 5386 ενι,
785 5307 887 5373 33.

325 5471 411 5540 (1)
443 5469 571 5528 Non
633 5469 914 5540 successit
939 5469 1150 5532 Joannl
1203 5467 1542 5528 Timotheus
1574 5489 1590 5538 ;
1630 5468 1727 5527 hic
1758 5470 1913 5528 enim

257 5538 368 5615 fuit
429 5541 650 5615 primus
688 5538 1078 5615 Ephesiorum
1136 5544 1465 5615 episcopus.
1505 5541 1606 5599 sed
1656 5543 1918 5615 quandtu

259 5609 464 5676 aderat
517 5609 797 5684 Joannes,
827 5613 1130 5688 apostolus
1175 5609 1394 5673 'Chris‘ti
1446 5621 1499 5673 et
1539 5609 1918 5692 evangelista,

1993 4686 2197 4728 eorum
2224 4667 2326 4743 qui
2351 4665 2931 4731 honoraut.Divinus
2954 4683 3094 4743 ergo
3108 4666 3500 4728 Thtmodieus
3529 4666 3640 4731 hoc

1993 4774 2150 4835 {egre
2182 4756 2401 4831 ferens,
2439 4765 2498 4818 et
2527 4757 2663 4835 igne
2692 4755 2806 4816 zeli
2835 4756 3163 4816 visceribus
3208 4756 3634 4831 inflammatus,

1993 4856 2053 4908 et
2071 4846 2282 4926 partim
2307 4846 2546 4927 quidem
2568 4846 2834 4907 consiliis
2865 4865 3007 4906 usus
3027 4854 3087 4906 et
3103 4845 3172 4905 ad
3185 4845 3636 4920 monitionibus,

1993 4953 2126 4998 cum
2159 4934 2407 4996 minime
2432 4937 2722 5015 potuisset
2745 4940 2832 4996 eis
2857 4933 3240 5016 persuadere.
3264 4943 3329 4994 ut
3353 4953 3385 4996 a
3413 4934 3510 4995 tali
3534 4935 3640 4996 de-

1992 5025 2276 5087 sisterent
2298 5025 2554 5098 insania,
2571 5027 2804 5088 accedit
2820 5027 2891 5088 ad
2914 5042 3018 5088 eos
3042 5025 3104 5085 in
3133 5023 3330 5086 media
3353 5025 3638 5103 compita,

1991 5133 2126 5177 cum
2149 5116 2270 5194 jam
2299 5115 2515 5176 festum
2538 5125 2838 5194 ageretur,
2864 5132 3072 5177 rursus
3093 5114 3428 5176 admonens
3450 5114 3642 5177 incre-

1997 5473 2068 5546 ξε,
2103 5471 2237 5531 licet
2267 5486 2398 5546 non,
2423 5473 2526 5530 uni
2559 5473 2680 5530 sedi
2704 5473 2997 5546 astrictus,
3019 5473 3302 5546 primaria
3327 5480 3517 5530 tamen
3544 5487 3640 5532 va-

1999 5542 2148 5604 lebat
2181 5544 2544 5603 auctoritate.
