4006 6138
428 287 532 359 ⁸171
1713 293 1993 356 MENSIS
2040 292 2490 356 JANUARIUS.
3651 289 3753 363 772

427 447 598 512 pans,
628 426 872 494 docens,
901 425 1042 507 quid
1071 443 1187 487 non
1218 425 1442 486 faciens
1471 443 1540 487 ex
1573 425 1795 506 iisquw
1817 439 2044 504 possent

2142 434 2238 496 τῆς
2298 431 2488 508 ἑορτῆς
2552 431 2850 508 ἀγομένης,
2914 430 3233 504 παρακαλων
3294 433 3461 511 αὖθις,
3505 432 3756 516 ἐπιτιμῶν,

427 520 736 581 dimovere
771 517 1074 578 hominem
1109 534 1141 577 a
1173 517 1269 577 tali
1300 517 1549 577 insania.

2148 516 2430 591 διδάσκων,
2490 521 2540 576 τί
2613 521 2690 594 μὴ
2763 527 2930 576 ποιῶν
3002 527 3105 574 τῶν
3174 520 3473 588 ἆποστησαι
3541 524 3759 592 τοιαύτης

2147 607 2329 671 ἀνοίας
2376 609 2649 685 ἄνθρωπον
2677 609 2998 676 δυναμένων,

2231 688 2293 770 ι’,
2352 702 2410 756 Οἱ
2454 698 2509 754 δὲ
2568 699 2768 776 βαρέως
2815 699 3118 777 ἐνεγκόντες
3177 702 3273 767 τὴν
3311 699 3622 779 παῤῥησίαν,
3661 707 3758 760 κατ’

2151 787 2310 843 αὖτου
2351 795 2516 844 πᾶσιν
2548 790 2635 850 οἷς
2679 789 2732 844 ἐν
2779 793 2962 869 χερσὶν
2995 793 3156 868 εἶχον
3199 790 3517 869 ἐκέχρηντο,
3553 803 3763 856 παίοντες

2152 877 2310 934 αὐτὸν
2385 881 2468 934 καὶ
2527 881 2662 934 κατὰ
2721 881 2818 954 γῆς
2873 879 3118 939 ἕλκοντες
3164 877 3280 952 μεθ’
3340 878 3472 945 ὅσης
3518 879 3576 934 ἂν
3615 880 3762 940 εἴποις

506 699 578 762 Χ.
627 697 713 761 Illi
747 707 944 759 autem
978 695 1106 775 ejus
1133 695 1373 756 dicendi
1405 695 1738 756 libertatem
1772 713 1941 774 aegrae
1974 696 2064 758 fe-

424 802 649 862 rentes,
684 803 1060 867 quaecunque
1101 784 1400 845 habebant
1432 787 1490 845 in
1524 785 1820 857 manibus,
1855 785 1925 845 iis
1955 785 2066 846 ad-

425 896 627 941 versus
660 896 790 937 eum
827 876 916 936 usi
949 884 1108 948 sunt,
1145 894 1278 934 eum
1313 875 1596 936 ferientes
1627 883 1684 935 et
1715 893 1822 954 per
1848 884 2065 936 terram

428 970 728 1032 trahentes
763 984 894 1026 cum
932 983 1106 1044 quam
1147 971 1400 1024 maxima
1431 964 1548 1024 dici
1580 974 1773 1043 potest
1802 965 2066 1028 crudeli-

427 1068 546 1120 tate
593 1065 650 1118 et
698 1053 1095 1126 humanitate,
1154 1063 1212 1114 et
1264 1054 1502 1115 tandem
1547 1053 1711 1114 humi
1738 1055 2065 1132 jacentem,

423 1165 557 1211 cum
581 1147 776 1207 omnis
792 1145 978 1206 virtus
1001 1143 1198 1204 vitalis
1217 1153 1274 1204 et
1299 1144 1563 1223 operatio
1591 1162 1724 1204 eum
1754 1144 2043 1204 deficeret

2150 1143 2238 1200 καὶ
2297 1146 2561 1222 ἐνεργείας
2625 1147 3002 1220 ἐπιλιπούσης,
3036 1149 3341 1224 Χριστιανοέ
3395 1169 3533 1210 τινες
3588 1146 3762 1224 ἀφελό-

424 1238 666 1320 quidam
700 1235 1023 1297 Christiani
1051 1252 1189 1294 eum
1225 1234 1524 1304 tollentes,
1559 1251 1762 1312 parum
1790 1233 1986 1294 adhuc
2011 1252 2044 1294 e

2151 1256 2299 1308 μενοι
2365 1234 2544 1312 ὀλίγον
2617 1235 2692 1292 ἔτι
2737 1240 2824 1294 καὶ
2894 1235 3128 1312 ἀδρανῶς
3202 1237 3290 1291 ναὶ
3362 1241 3517 1296 αὐτοῦ
3568 1237 3763 1293 θανάτου

423 1345 581 1406 aegre
609 1325 962 1403 Spirantem,
987 1333 1045 1384 et
1068 1323 1191 1401 jam
1222 1323 1396 1384 morti
1429 1322 1710 1397 vicinum,
1738 1322 1893 1383 ultra
1911 1322 2044 1384 civi-

2139 1326 2454 1402 παραψαῦον
2513 1325 2826 1400 ἐκπνέοντα,
2868 1328 3030 1402 πέραν
3075 1334 3168 1382 τοῦ
3218 1331 3320 1391 τῆς
3369 1324 3575 1389 πόλεως
3624 1323 3762 1399 λιμέ-

417 1419 550 1478 tatis
574 1424 804 1495 portum
835 1415 1282 1492 deposuerunt:
1315 1411 1416 1474 ubi
1438 1431 1571 1474 cum
1603 1411 1725 1473 Deo
1756 1429 2044 1474 commen-

2141 1435 2229 1476 νος
2275 1413 2586 1471 κατέθεσαν·
2665 1415 2797 1472 ὅπου
2868 1417 2982 1488 Θεῷ
3041 1418 3099 1471 τὸ
3173 1423 3385 1490 πνεῦμα
3429 1414 3762 1492 παραθεμένου

417 1505 618 1568 datum
677 1503 977 1564 emisisset
1027 1502 1328 1583 Spiritum,
1383 1520 1600 1582 corpus
1629 1520 1840 1562 rursus
1875 1501 1969 1582 pie
2001 1516 2044 1563 οι

2140 1505 2201 1558 τὸ
2233 1509 2390 1577 σῶμα
2439 1503 2596 1561 πάλιν
2628 1503 2866 1568 εὐλαϐῶς
2921 1507 3007 1560 καὶ
3038 1505 3197 1568 ὁσίως
3241 1505 3324 1566 εἴς
3358 1526 3477 1560 τινα
3506 1504 3761 1581 κρύπτουσι

415 1603 620 1657 sancte
672 1593 731 1654 in
782 1591 1039 1670 quodam
1097 1592 1228 1654 loco
1282 1593 1568 1668 condunt,
1617 1591 1717 1672 qui
1748 1592 1904 1674 apud
1957 1609 2044 1653 eo:

2143 1593 2334 1672 τόπον,
2370 1595 2534 1652 Πίονα
2577 1594 2704 1672 παρ’
2735 1594 2997 1658 Ἐφεσίοις
3025 1593 3379 1669 κιλούμενον,

419 1685 590 1758 Ρὶοη,
625 1683 684 1743 id
718 1691 830 1758 est,
863 1681 1122 1763 pinguis,
1156 1681 1399 1744 dicitur.

2151 972 2250 1032 τῆς
2288 969 2569 1037 ὠμότητος
2626 969 2710 1025 cui
2754 972 2853 1035 τῆς
2899 970 3320 1044 μισανθρωπίας,
3356 970 3443 1023 καὶ
3499 968 3644 1033 τέλος
3687 973 3762 1026 Eni

2150 1061 2255 1132 γῆς
2307 1057 2572 1132 κείμενον,
2627 1056 2721 1114 καί
2786 1059 2963 1124 πάσης
3027 1058 3184 1113 αὐτὸν
3239 1056 3513 1132 δυνάμεως
3565 1061 3762 1127 ζωτικῆς

1905 1784 2149 1852 CAPUT
2195 1785 2294 1850 lII.

1445 1895 1512 1960 S.
1568 1896 1868 1960 Timothei
1913 1895 2332 1975 reliquiarum
2377 1899 2730 1961 translatio.

499 2059 594 2124 Xl.
630 2061 833 2138 Longo
867 2063 1061 2120 autem
1097 2065 1366 2138 tempore
1391 2066 1616 2139 postea,
1645 2055 1972 2119 Constantii
1996 2055 2055 2118 in
2082 2063 2117 2111 Β

414 2169 553 2214 eum
616 2168 872 2224 amores,
910 2148 1012 2230 qui
1045 2149 1200 2210 ﬁlius
1249 2149 1359 2209 fuit
1412 2146 1781 2210 Constantini
1838 2146 2052 2225 Magni,

403 2240 676 2322 inquam,
696 2239 857 2301 illius
875 2252 934 2298 et
959 2239 1132 2317 primi
1153 2237 1532 2318 imperatoris
1553 2236 2047 2310 Christianorum,

403 2325 569 2390 illinc
623 2335 937 2407 exportant
987 2325 1293 2406 reliquias,
1353 2325 1642 2386 desiderii
1695 2325 2048 2386 administro

2223 2058 2333 2119 Μ’.
2399 2061 2582 2136 Χρόνῳ
2639 2059 2820 2134 μέντοι
2879 2059 3064 2136 πολλῷ
3114 2061 3330 2138 ὕστερον
3389 2060 3581 2136 ἔρωτες
3643 2063 3764 2118 θεῖοι

2139 2154 2231 2204 τοῦ
2279 2150 2665 2223 Κωνσταντίου,
2724 2150 2782 2213 ὃς
2841 2153 2948 2215 υἱὸς
3008 2152 3068 2218 ἧν
3130 2150 3550 2222 Κωνσταντίνου,
3607 2150 3757 2228 φημί,

2137 2245 2228 2294 τοῦ
2274 2237 2541 2318 Μεγάλου,
2587 2242 2681 2295 καὶ
2727 2239 2938 2317 πρώτου
3004 2240 3334 2317 Χριστιανῶν
3391 2238 3668 2315 βασιλέὼς,
3708 2243 3760 2296 τὸ

2134 2325 2386 2402 λείψανον
2443 2329 2648 2385 ἐκεῖθεν
2707 2329 3113 2405 ἀνακομίζουσιν
3168 2331 3419 2406 ὑπουργῷ
3473 2337 3567 2387 τοῦ
3619 2329 3758 2386 πόθου

407 2425 641 2479 utentes
662 2416 930 2478 Artemio
957 2432 970 2477 :
997 2417 1092 2476 cui
1118 2433 1255 2476 cum
1283 2415 1539 2494 egregiae
1561 2415 1721 2476 illius
1746 2413 2047 2477 Timothei

403 2508 464 2567 in
497 2506 756 2568 dicendo
806 2504 1094 2566 libertatis
1124 2504 1335 2566 fuisset
1364 2503 1653 2579 imitator,
1709 2505 1766 2565 ei
1809 2521 2048 2585 quoque

407 2605 608 2676 postea
642 2596 747 2657 fuit
780 2593 1106 2657 conformis
1140 2595 1349 2655 mortis
1381 2594 1801 2667 similitudine,
1839 2602 1900 2656 et
1939 2595 2047 2655 fuit

404 2686 669 2766 martyrii
702 2694 1051 2746 ornamento
1085 2693 1331 2764 propter
1363 2682 1664 2744 Christum
1701 2684 2040 2744 decoratus.

400 2773 730 2856 Reponitur
751 2783 948 2834 autem
980 2775 1040 2834 in
1063 2792 1230 2834 sacra
1253 2791 1352 2834 ara
1379 2774 1532 2852 ejus,
1559 2772 1715 2853 quod
1737 2773 2047 2850 cognomi—

401 2873 576 2925 natur
605 2864 889 2944 templum
916 2864 1338 2942 Apostolorum
1368 2863 1496 2941 (fuit
1520 2881 1658 2923 vero
1681 2862 1736 2922 id
1757 2860 2043 2924 Constan-

401 2954 462 3013 tii
499 2970 709 3012 manus
739 2971 888 3032 opus
921 2961 976 3014 et
1015 2953 1198 3027 fidei),
1236 2951 1347 3013 sub
1379 2952 1505 3029 ipsa
1541 2969 1749 3012 mensa
1776 2952 2042 3031 mystica,

402 3041 817 3122 suppeditator
839 3041 1679 3121 miraculorum,dispensator
1695 3041 2040 3119 gratiarum,

401 3131 718 3194 thesaurus
740 3131 844 3214 qui
868 3150 984 3194 non
1012 3139 1206 3210 potest
1231 3130 1761 3198 exinaniri,divitiaz
1782 3149 1914 3210 quae
1927 3148 2045 3191 non

399 3231 866 3295 consumuntur,
899 3233 958 3282 et
987 3239 1122 3282 cum
1155 3220 1314 3282 Luca
1344 3229 1404 3282 et
1432 3220 1681 3284 Andrea
1711 3239 2042 3282 connume-

399 3321 611 3372 ratur:
649 3313 769 3373 Deo
801 3310 1051 3371 fortasse
1097 3310 1208 3371 hoc
1259 3311 1517 3386 benigne
1569 3308 1946 3388 providente,
1983 3319 2044 3370 ut

2132 2413 2394 2493 Ἀρτεμίῳ
2436 2417 2797 2497 χρησάμενοι·
2858 2420 2916 2479 ὃς
2961 2420 3047 2476 καὶ
3104 2416 3354 2488 ζηλωτὴς
3387 2416 3623 2493 τιμοθέῳ
3670 2423 3756 2483 τῆς

2130 2504 2298 2570 καλῆς
2394 2509 2601 2574 Ιεκείνης
2681 2505 2972 2585 παρρησίας
3067 2508 3384 2587 γενόμενος,
3471 2509 3756 2587 σύμμορφος

2128 2595 2270 2668 αὐτῷ
2342 2597 2478 2671 μετὰ
2538 2597 2699 2653 ταῦτα
2776 2619 3010 2664 κατεστη
3081 2600 3167 2654 καὶ
3236 2605 3333 2655 τοῦ
3411 2598 3630 2656 θανάτου
3691 2603 3756 2671 τῷ

2127 2686 2460 2760 ὁμοιώματι,
2518 2687 2604 2742 καὶ
2658 2693 2733 2758 τῷ
2791 2684 2875 2744 διὰ
2936 2688 3161 2763 Χριστὸν
3219 2690 3492 2765 μαρτυρίῳ
3545 2706 3752 2744 κατεκο-

2133 2777 2338 2845 σμήθη,
2412 2774 2810 2833 Ἐναποτίθεται
2853 2775 2906 2832 δὲ
2966 2785 3042 2851 τῷ
3096 2781 3220 2851 ἱερῷ
3273 2779 3629 2855 θυσιαστηρίῳ
3675 2782 3754 2834 τοῦ

2137 2866 2464 2941 περιωνύμου
2520 2872 2626 2924 τῶν
2669 2864 3012 2923 ’Λποστόλων
3068 2875 3196 2924 ναοῦ
3235 2868 3450 2945 (χειρὸς
3505 2869 3571 2933 ἦν
3623 2868 3751 2930 οὗτος

2130 2953 2225 3020 τῆς
2281 2956 2647 3011 Κωνσταντίου
2699 2955 2785 3011 καὶ
2817 2956 3044 3020 πίστεως
3103 2955 3305 3034 ἔργον),
3371 2956 3462 3012 ὑπ’
3523 2955 3642 3029 αὐτῇ
3693 2953 3746 3020 τῆ

2130 3051 2358 3120 μυστικῇ
2413 3045 2667 3122 τραπέζῃ,
2717 3047 2958 3124 χορηγὸς
3019 3047 3332 3123 Θαυμάτων,
3382 3045 3611 3123 χαρίτων
3654 3065 3740 3098 τα-

2130 3133 2276 3207 μίας,
2323 3135 2585 3211 θησαυρὸς
2641 3134 2899 3208 ἆκὲωτος,
2950 3142 3180 3197 πλοῦτος
3239 3135 3319 3208 μὴ
3371 3133 3743 3212 δαπανώμενος,

2127 3224 2213 3278 καὶ
2283 3229 2460 3294 Δουκᾷ
2527 3225 2614 3279 καὶ
2671 3222 2886 3301 Ἀνδρέᾳ
2957 3228 3390 3302 συναριθμεῖταιο
3443 3231 3572 3281 Θεοῦ
3624 3222 3748 3300 τάχα

2126 3311 2508 3390 φιλανθρώπως
2594 3313 3044 3388 οἰκονομήσαντος
3077 3359 3093 3388 ,
3180 3311 3256 3368 ἵν’
3347 3313 3527 3392 ὥσπερ
3606 3311 3746 3377 αὐτῆς

398 3400 550 3463 sicut
575 3400 663 3461 eis
687 3401 888 3461 omnia
908 3401 1074 3463 fuere
1099 3399 2035 3481 communia,mores.disciplina,

2137 3405 2278 3460 ιοινὰ
2323 3403 2508 3480 γέγονε
2565 3404 2759 3482 πάντα,
2792 3406 2819 3459 ὁ
2873 3403 3093 3482 τρόπος,
3142 3405 3172 3469 ἡ
3223 3405 3515 3478 μαθητεία,
3545 3406 3604 3459 τὸ
3650 3402 3743 3469 κή-

399 3491 770 3571 prmdicatio;
823 3509 1143 3552 commune
1194 3509 1428 3570 quoque
1461 3498 1616 3552 esset
1667 3489 2032 3566 sepulcrum,

397 3582 678 3660 quoniam
715 3583 802 3642 eis
833 3600 1071 3661 quoque
1103 3589 1192 3640 est
1225 3581 1343 3640 illic
1377 3583 1548 3660 quies
1581 3580 1939 3641 communis.

476 3667 602 3731 XII.
652 3668 964 3749 Templum
1001 3679 1199 3732 autem
1234 3671 1628 3742 Justinianus,
1662 3688 1798 3730 cum
1857 3688 2036 3730 manu

398 3769 602 3838 postea
629 3759 1119 3833 magnificentiori
1139 3778 1376 3838 quoque
1398 3768 1526 3819 arte
1546 3759 2038 3836 adhibita,splen-

395 3847 535 3907 dide
566 3846 820 3907 aedificat
852 3855 909 3906 et
942 3846 1346 3920 transformat,
1375 3859 1432 3908 et
1453 3849 1503 3908 ei
1532 3848 2037 3926 pulchritudinem

398 3944 456 3996 et
489 3935 982 4011 magnitudinem,
1013 3953 1143 4014 quae
1175 3955 1331 3996 nunc
1358 3946 1445 3997 est
1469 3946 1527 3996 et
1552 3938 1837 4008 cernitur,
1866 3938 2038 3998 exhi-

399 4023 518 4098 liet,
557 4034 944 4104 praeterquam
981 4026 1282 4104 mysticam
1335 4037 1394 4087 et
1441 4025 1704 4086 divinam
1739 4044 2035 4088 mensam.

393 4115 484 4177 Ab
517 4132 584 4175 ea
617 4115 775 4174 enim
811 4115 934 4174 Sola
955 4113 1267 4187 abstinuit,
1295 4117 1406 4176 hoc
1441 4116 1689 4195 pulchre
1718 4107 1922 4175 sancte
1948 4118 2038 4176 fa-

395 4206 564 4266 ciens
583 4216 821 4284 propter
839 4205 1274 4277 depOsitionem
1299 4224 1416 4265 sset
1433 4224 1600 4266 arum
1623 4207 2038 4285 reliquiarum.

394 4293 687 4366 Quocirca
739 4294 930 4374 posita
980 4307 1070 4354 est
1129 4294 1206 4353 im
1261 4295 1460 4354 medio
1497 4295 1719 4374 templo
1755 4315 1946 4375 usque
1983 4305 2038 4357 in

395 4384 755 4444 hodiernum
791 4385 974 4454 diem,
1009 4403 1142 4444 cum
1178 4402 1441 4445 mensam
1479 4404 1546 4444 ex
1583 4386 1908 4461 purissimo
1941 4405 2040 4447 ar-

396 4482 574 4550 gento
605 4474 1054 4547 construxisset,
1092 4483 1150 4534 et
1179 4492 1311 4534 cum
1343 4494 1553 4553 magna
1583 4476 1674 4535 sui
1717 4475 1777 4535 in
1824 4475 2036 4537 Chris-

398 4572 521 4623 tum
583 4564 803 4622 amoris
858 4564 1338 4642 signiﬁcatione,
1404 4563 1620 4626 Christi
1685 4575 2032 4627 sanctorum

396 4652 799 4732 apostolorum
833 4664 1034 4712 sancta
1065 4671 1317 4732 corpora
1349 4653 1810 4713 recondidisset.

475 4739 627 4804 Xlll.
667 4743 808 4803 Cum
834 4757 1030 4801 autem
1061 4743 1278 4822 impius
1304 4741 1675 4802 Domitianus
1697 4741 2040 4804 sceleratis-
2062 4781 2109 4833 ο

396 4833 545 4893 sime
572 4831 810 4911 quidem
845 4831 1221 4911 imperasset,
1262 4832 1596 4891 miserrime
1635 4849 1832 4892 autem
1868 4832 2038 4894 vitam

396 4922 671 4993 ﬁniisset,
724 4918 916 4981 Nerva
968 4921 1302 5000 suscipiens
1351 4922 1696 5001 imperium,
1751 4929 1809 4979 et
1843 4923 2036 4983 statim

392 5021 524 5090 post
544 5014 736 5090 ipsum
767 5009 1057 5090 'l'rajanus
1083 5029 1340 5091 quoque,
1369 5029 1503 5072 cum
1523 5028 1589 5072 se
1613 5021 1672 5071 et
1701 5029 1876 5090 quam
1907 5014 2036 5074 fieri

393 5110 596 5179 posset
627 5101 1132 5162 clementissimos
1162 5113 1219 5161 et
1249 5101 1621 5180 aequissimus
1654 5101 1874 5161 vellent
1931 5122 2033 5164 os-

395 5192 666 5264 tendere,
726 5209 861 5250 cum
911 5190 1110 5250 multis
1143 5192 1278 5251 aliis
1308 5190 1684 5267 evangelisue
1716 5209 1949 5270 quoque
1981 5204 2039 5255 et

393 5277 695 5357 Ttieologo
745 5280 1074 5340 dissolvunt
1123 5279 1422 5342 cxsnlium.
1486 5278 1590 5339 llle
1647 5290 1842 5339 autem
1900 5304 2034 5344 cum

391 5367 692 5445 Ephesum
749 5375 803 5441 (ο
851 5388 984 5430 cum
1034 5379 1254 5449 quanto
1305 5370 1524 5430 dixerit
1569 5371 1701 5446 quis
1729 5375 1949 5446 gaudio
1981 5376 2040 5437 et

395 5455 685 5525 honore!)
718 5458 1021 5524 rediisset,
1050 5472 1104 5519 et
1133 5458 1394 5518 divinum
1416 5459 1534 5538 jam
1561 5456 1939 5524 Timotheum
1966 5467 2036 5526 ad

394 5542 816 5624 Jesum,quem
847 5547 1246 5620 desiderabat,
1278 5547 1604 5608 excessisse
1628 5551 1956 5623 didicisset,
1981 5565 2042 5616 et

399 5633 519 5693 ﬁne
551 5635 811 5711 martyrii
838 5652 1074 5692 cursum
1102 5634 1406 5714 Evangelii
1428 5640 1798 5717 obsignasse,
1825 5655 2041 5710 etesse

2123 3514 2321 3570 ρυγμα,
2355 3493 2531 3554 κοινὸς
2589 3493 2806 3568 γένηται
2862 3493 2954 3547 καὶ
2981 3495 3010 3549 ὁ
3065 3493 3258 3570 τάφος,
3291 3492 3412 3549 ἐπεὶ
3440 3493 3590 3560 κοινὴ
3632 3490 3742 3547 τού-

2120 3595 2238 3642 τοϊς
2270 3583 2356 3638 καὶ
2386 3583 2419 3648 ἡ
2452 3581 2655 3637 ἐκεῖθεν
2696 3583 3047 3646 κατάπαυσις,

2202 3660 2305 3731 ΙΒ’.
2365 3672 2465 3728 Τὸν
2510 3671 2689 3744 μέντοι
2743 3674 2865 3726 ναὸν
2921 3670 3291 3736 Ἰουστινιανὸς
3356 3671 3742 3754 φιλοτιμοτέραν

2123 3762 2259 3836 μετὰ
2327 3766 2427 3826 τῆς
2501 3763 2687 3840 χειρὸς
2743 3759 2956 3839 ὕστερον
3026 3765 3116 3819 καὶ
3174 3761 3384 3840 τέχνην
3457 3760 3741 3837 εἶσενεγκὼθ

2121 3849 2468 3924 ἀνοικοδομεῖ
2524 3852 2781 3929 λαμπρῶς
2839 3853 2928 3926 καῖ
2981 3854 3389 3932 μετασκευάζει,
3437 3855 3525 3907 καί
3562 3847 3738 3909 κάλλος

2124 3943 2264 4014 αύτῷ
2319 3943 2408 3996 καὶ
2464 3941 2688 4018 μέγεθος
2739 3943 2800 3996 τό
2862 3964 2922 4018 γε
2979 3945 3166 4019 περιὸν
3218 3951 3304 4000 νῦν
3363 3945 3454 4000 καὶ
3495 3941 3739 4018 ὁρώμενον

2123 4029 2433 4103 αποδίδωσι,
2467 4034 2610 4096 πλὴν
2666 4036 2763 4097 τῆς
2829 4039 3092 4106 μυστικῆς
3136 4034 3226 4089 καὶ
3279 4034 3427 4096 θείας
3481 4029 3746 4110 τραπέζης’

2124 4127 2318 4187 ταύτης
2378 4123 2478 4199 γὰρ
2535 4119 2810 4199 ἀπέσχετο
2854 4124 3049 4196 μόνης,
3086 4123 3265 4186 καλῶς
3326 4123 3446 4180 ἐκεῖ
3487 4123 3571 4178 καὶ
3610 4120 3747 4178 ὁσίως

2124 4217 2292 4267 ποιῶν
2338 4209 2422 4265 διὰ
2466 4211 2563 4278 τὴν
2622 4211 2728 4266 τῶν
2779 4212 2935 4286 ἱερῶν
3000 4212 3270 4286 λειψάνων
3313 4213 3610 4269 κατάθεσιν.
3669 4205 3746 4260 Διὸ

2125 4303 2213 4356 καὶ
2274 4302 2408 4356 κατὰ
2451 4302 2615 4375 μέσον
2672 4303 2745 4365 εἷς
2804 4300 2953 4377 δεῦρο
3010 4303 3134 4357 ναὸν
3189 4299 3399 4379 ἵδρυται
3431 4301 3492 4365 ’ἐξ
3547 4295 3743 4376 ἀργύρου

2127 4391 2224 4457 τὴν
2295 4394 2558 4468 τράπεζαν
2629 4399 2720 4447 τοῦ
2791 4390 3165 4467 καθαρωτάτου
3236 4389 3645 4464 κατασκευάσας,
3693 4382 3739 4438 ἐν

2124 4483 2258 4556 αὒτῇ
2306 4501 2364 4535 τε
2435 4480 2793 4560 φιλοχρίστως
2864 4482 2931 4536 τὰ
3001 4481 3107 4536 τῶν
3169 4479 3487 4536 ἀποστόλων
3546 4477 3737 4554 Χριστοῦ

2125 4569 2606 4645 ἐναποθησαυρὶσρς
2637 4570 2764 4648 ἅγια
2808 4572 3059 4645 σώματα.

2208 4750 2314 4808 ll".
2383 4749 2708 4823 Δομετιάνυῦ
2737 4745 2791 4804 δὲ
2841 4750 2934 4806 τοῦ
2990 4747 3268 4814 δυσσεϐοῦς
3302 4749 3610 4825 ἀνομώτατα
3650 4737 3728 4816 μὲν

2123 4840 2560 4918 βασιλεύσαντος,
2595 4837 2930 4895 ἐλεεινότατα
2976 4838 3031 4894 δὲ
3085 4851 3183 4906 την
3234 4840 3380 4910 ζωὴν
3429 4833 3729 4918 καταλύσανέ·

2125 4915 2238 5008 τος,
2315 4915 2591 5007 παρελθὼν
2637 4931 2709 4991 εἰς
2754 4930 2852 4996 τὴν
2909 4931 3086 5010 ἀρχὴν
3146 4933 3173 4986 ὁ
3231 4931 3485 5008 Νερούας,
3518 4925 3650 4984 εὐθὺς
3685 4915 3729 4972 δὲ

2125 5020 2245 5098 μετ’
2303 5019 2461 5075 αὐτὸν
2505 5023 2594 5074 καὶ
2654 5021 2937 5100 Τραϊανὸς,
2970 5023 3056 5076 καὶ
3114 5017 3622 5100 φιλανθρωποτέρους
3669 5010 3729 5069 ὣς

2125 5097 2245 5170 οἶόν
2303 5132 2360 5166 τε
2408 5111 2494 5165 καὶ
2560 5097 2948 5184 εὐνομωτεροδς
2995 5097 3210 5175 ἑαυτοῦς
3256 5097 3509 5189 παρέχειν
3559 5097 3729 5180 βουλόο

2123 5223 2297 5278 μενοι,
2339 5200 2516 5254 λύουσι
2588 5199 2722 5269 μετᾶ
2765 5197 2980 5254 πολλῶν
3037 5199 3214 5255 ἄλλων
3274 5207 3351 5272 τῷ
3413 5189 3728 5278 εὐαγγελισξῇ

2123 5275 2176 5350 τε
2226 5275 2315 5346 καὶ
2350 5288 2600 5363 Θεολόγῳ
2629 5287 2857 5366 ἐξορίαν.
2916 5279 2972 5346 ⁸Ο
3025 5287 3079 5344 δὲ
3128 5295 3197 5366 τῇ
3226 5287 3475 5367 Ἐφεσίων
3529 5282 3592 5362 (ὢ
3632 5275 3728 5335 πῶς

2123 5381 2183 5437 ἂν
2242 5377 2418 5440 εἴποις
2449 5375 2617 5444 ἡδέως
2649 5379 2735 5433 καὶ
2766 5380 2901 5434 πετὰ
2930 5385 3087 5453 τιμᾶς
3132 5380 3337 5443 ὁπόσης
3371 5377 3416 5456 ί)
3455 5367 3727 5441 ἆποδοθεῖς,

2123 5473 2210 5526 καὶ
2281 5469 2505 5543 Τιμόθεν
2574 5465 2678 5534 ἤδη
2751 5469 2841 5523 τὸν
2899 5471 3046 5525 θεῖον
3096 5472 3228 5546 πρὸς
3286 5472 3376 5525 τὸν
3441 5462 3728 5546 ποθούμενον

2127 5559 2334 5625 Ἰησοῦν
2408 5557 2814 5633 ἐκδεδημηκότα
2882 5559 3084 5634 μαθὼν,
3132 5561 3219 5615 καὶ
3290 5560 3422 5616 τέλει
3479 5546 3722 5631 μαρτυρίου

2126 5657 2220 5708 τοῦ
2282 5647 2606 5726 Εὐαγγελίου
2661 5647 2856 5726 δρόμον
2919 5648 3388 5730 ἆπισφραγίσαντα,
3446 5640 3624 5726 ἔρημόν
3673 5653 3720 5688 τε
