4006 6138
449 218 575 284 ’775
1752 209 2037 281 MENSIS
2071 211 2529 281 IANUARIUS.
3667 211 3768 286 776

449 373 608 418 unus
639 352 712 427 is,
735 351 835 433 qui
857 350 1032 414 nobis
1057 370 1217 414 nunc
1237 359 1327 412 est
1353 352 1691 433 propositus
1713 352 2075 424 Anastasius,

2173 374 2249 414 τις
2284 354 2338 410 ἐν
2372 357 2550 429 σκότῳ
2580 368 2810 436 φανεῖσα
2856 353 3270 431 μετακαλεῖται.
3302 343 3396 412 Ὠν
3437 357 3506 419 εἷς
3548 358 3610 422 ἦν
3647 357 3770 412 καὶὸ

451 446 562 508 etsi
596 443 861 505 nondum
894 442 1141 523 quidem
1172 442 1356 512 cultu,
1409 442 1512 503 sed
1561 443 1686 522 jam
1742 443 2006 503 moribus
2037 462 2072 502 e

2178 450 2266 500 νῦν
2298 447 2433 518 ἡμῖν
2477 447 2752 522 προτεθεὶς
2787 446 3140 508 Ἀναστάσιος
3179 465 3193 479 ·
3228 445 3386 502 εἶκαὶ
3426 446 3501 520 μὴ
3530 447 3588 501 τὸ
3615 443 3768 518 σέϐας,

449 535 725 596 instituto
762 554 774 595 :
810 533 910 613 qui
941 531 1232 612 processit
1260 532 1503 610 quidem
1536 551 1568 592 e
1600 532 1747 606 vico,
1783 534 1884 613 qui
1919 551 2075 593 voca-

2178 533 2317 590 ἀλλὰ
2371 539 2462 591 τὸν
2493 538 2686 613 τρόπον
2719 535 2822 603 ἤδη
2855 537 2952 592 καί
2995 537 3095 603 τὴν
3126 537 3450 612 προαίρεσιν.
3483 534 3578 600 ’Ὃς
3607 539 3771 609 κώμης

449 623 629 686 batur
652 624 916 687 Rasnuni
947 642 960 684 :
988 631 1078 682 est
1101 639 1236 682 vero
1261 621 1520 700 regionis
1547 620 1801 690 Razech,
1829 640 1960 702 quis
1985 623 2075 682 sit:

2178 624 2275 697 μὲν
2333 625 2592 702 προῆλθε,
2656 617 2944 693 Ῥασνουνὴ
3031 625 3365 700 καλουμένης
3402 645 3416 658 '
3469 626 3645 704 χώρας
3704 622 3770 705 δὲ³

452 723 543 778 est
572 714 632 775 in
667 712 928 773 Perside.
986 709 1123 770 Erat
1155 720 1352 772 autem
1400 729 1620 772 nomen
1665 711 1795 790 ejus
1830 710 2075 770 moribus

2175 714 2378 792 'Pzﬁiu
2434 717 2536 770 ὑπὸ
2596 714 2664 782 τῆ
2719 714 2928 790 Περσίδι
2989 717 3246 789 κειμένης
3281 735 3292 748 ·
3342 714 3511 788 ὄνομα
3553 712 3605 769 δὲ
3656 718 3774 786 αὖτῷ

451 802 836 871 conveniens,
861 809 920 861 et
943 819 1010 860 ex
1039 817 1104 859 re
1126 798 1254 880 ipsa
1286 800 1475 879 magis
1502 801 1829 878 cognitum.
1857 801 1910 862 ls
1933 802 2075 860 enin

2176 803 2292 865 τοῖς
2336 802 2556 880 τρόποις
2591 801 2911 882 συμϐαῖνον,
2947 805 3032 860 καὶ
3073 801 3281 878 μᾶλλον
3324 805 3384 859 ἐκ
3430 810 3520 859 τοῦ
3549 801 3774 880 πράγμα-

448 891 768 954 vocabatur
798 889 1131 967 Magundat.
1195 891 1333 950 Erat
1376 891 1534 950 enim
1566 891 1730 950 illius
1756 889 1877 950 Bau
1909 890 2090 961 ﬁlius,

453 981 553 1062 qui
587 989 715 1042 erat
743 980 799 1039 in
834 997 900 1040 re
934 977 1162 1058 magica
1195 980 1719 1058 praestantissimus
1767 989 1824 1041 et
1881 978 2088 1040 erudi-

453 1069 747 1130 tissimus.
784 1067 898 1139 Qui
929 1086 1064 1128 cum
1102 1077 1382 1147 praeesset
1415 1069 1723 1129 communi
1757 1069 1895 1129 ludo
1928 1068 2091 1130 litte-

443 1164 625 1232 rario,
660 1165 722 1218 et
755 1157 970 1217 multos
997 1156 1244 1217 haberet
1264 1156 1676 1218 adolescentes
1700 1158 1770 1218 ad
1796 1177 1929 1219 eum
1954 1176 2089 1219 ven-

445 1253 712 1317 tltantes,
769 1252 975 1324 captos
1023 1263 1228 1307 amore
1275 1247 1726 1326 praestigiarum,
1765 1255 1985 1309 etcum
2032 1248 2090 1309 in

442 1336 557 1398 hoc
584 1337 778 1398 solum
820 1353 998 1395 omne
1029 1353 1199 1394 suum
1257 1336 1513 1394 studium
1550 1344 1817 1414 poneret,
1874 1355 2091 1416 nempe
2123 1389 2130 1400 .

445 1427 506 1486 in
537 1426 626 1487 rei
663 1425 908 1501 magica;
939 1425 1389 1503 exercitatione,
1423 1426 1481 1484 in
1516 1425 1636 1486 ﬁlio
1670 1425 1924 1487 maxime
1955 1436 2089 1488 arte

443 1518 652 1586 utitur,
680 1523 738 1576 et
763 1533 890 1574 rem
927 1515 1212 1592 magicam
1247 1532 1382 1574 eum
1409 1523 1523 1574 tam
1545 1514 1864 1593 diligenter
1889 1517 2084 1589 docet,

446 1614 509 1665 ut
540 1611 598 1665 in
635 1606 765 1685 ejus
798 1613 1140 1681 cognitione
1174 1605 1326 1683 patri
1377 1603 1523 1663 nihil
1578 1614 1734 1666 esset
1792 1606 2084 1686 reliquum

443 1693 601 1774 quod
639 1713 754 1754 non
793 1700 999 1752 notum
1032 1711 1274 1772 quoque
1305 1701 1464 1754 esset
1497 1693 1644 1756 ﬁlio.

524 1781 596 1845 ll.
629 1780 775 1844 Cum
807 1781 1234 1842 adolescentiae
1257 1791 1453 1842 autem
1485 1792 1719 1844 aetatem
1743 1783 1868 1862 jam
1901 1783 2087 1845 attin-

439 1881 628 1950 geret,
664 1881 722 1933 et
748 1889 852 1933 rex
875 1869 1142 1933 Chosroe
1165 1872 1239 1947 (ἓ)
1263 1889 1481 1932 novum
1507 1880 1830 1934 exercitum
1854 1874 1913 1933 in
1940 1876 2086 1935 Per-

436 1960 566 2022 side
596 1961 932 2040 colligeret.
969 1959 1103 2040 Ipse
1133 1979 1376 2039 quoque
1407 1980 1543 2022 cum
1575 1962 1709 2022 aliis
1735 1963 1994 2024 refertur
2027 1964 2085 2026 in

433 2069 754 2112 numerum
788 2050 1071 2112 tironum.
1099 2049 1390 2122 Quoniam
1415 2069 1551 2111 vero
1569 2053 1910 2112 veneranda
1937 2071 2082 2114 crux

433 2138 669 2202 Domini
697 2149 878 2200 totum
903 2140 1160 2219 agitabat
1177 2149 1234 2201 et
1254 2139 2080 2221 perturbabatPersidem,in-

434 2229 718 2290 ﬁdelibus
747 2229 985 2310 quidem
1012 2229 1324 2290 horrorem
1351 2239 1410 2291 et
1441 2239 1731 2292 terrorem
1756 2232 2074 2309 incutiens,

433 2317 713 2380 ﬁdelibus
741 2328 936 2380 autem
969 2325 1229 2381 suaviter
1256 2319 1576 2379 admodum
1603 2330 1658 2380 et
1681 2321 1911 2400 placide
1934 2321 2075 2383 illu-

433 2426 720 2470 cescens:
757 2409 832 2470 de
863 2427 932 2470 ea
963 2409 1204 2490 quidem
1237 2409 1392 2470 fama
1423 2410 1694 2490 quaedam
1731 2430 1838 2491 per
1867 2431 2076 2474 omnes

431 2497 855 2578 persuadebat,
874 2500 1048 2569 fama,
1079 2501 1349 2580 inquam.
1379 2519 1511 2580 quae
1538 2500 1710 2580 paulo
1733 2505 1995 2564 crassius
2021 2511 2078 2564 et

425 2587 727 2650 indoctius
753 2587 1134 2667 praedicabat,
1155 2587 1628 2650 Christianorum
1654 2591 1841 2650 Deum
1866 2592 2076 2655 adesse

427 2676 750 2738 Persis.Ad
769 2695 943 2756 quam
971 2677 1068 2738 hic
1090 2678 1448 2738 adolescens
1469 2687 1717 2757 repente
1745 2679 1854 2740 fuit
1871 2700 2077 2744 accen-

429 2764 903 2826 susanimoJam
924 2766 1085 2826 enirn
1107 2767 1338 2826 occulte
1358 2787 1492 2828 eum
1511 2768 1786 2844 tangebat
1806 2770 1905 2832 ille
1921 2773 2074 2849 ignis

2173 911 2262 954 τος
2293 890 2423 970 ἕχον
2455 895 2514 948 τὸ
2561 895 2854 971 γνώριμον.
2897 897 2990 950 Καὶ
3021 895 3122 971 γὰρ
3166 892 3301 949 οὕτω
3335 889 3638 969 Μανγουδὰτ
3665 892 3770 947 ἑκα-

2173 978 2348 1044 λεῖτο,
2412 989 2518 1038 Βαῦ
2571 984 2672 1060 γάρ
2715 1005 2860 1046 τινος
2905 984 2972 1050 ἦν
3028 983 3230 1041 ἐκείνου
3274 984 3386 1045 υἱὸς
3420 990 3581 1060 σοφοῦ
3609 979 3772 1057 κομιεῇ

2177 1073 2261 1126 καὶ
2289 1071 2504 1147 ἀρίστου
2536 1075 2602 1133 τὰ
2629 1074 2836 1150 μαγικά
2871 1089 2883 1103 ⁸
2932 1073 2987 1137 ὃς
3043 1070 3412 1128 διδασκαλείου
3448 1079 3623 1127 κοινοὺ
3662 1093 3771 1147 προ-

2174 1161 2502 1240 καθήμενος,
2560 1159 2922 1234 καὶ-πολλοὺς
2981 1161 3126 1239 ἔχων
3185 1168 3291 1216 τῶν
3323 1160 3456 1215 νέων
3488 1159 3604 1214 κατ’
3636 1159 3777 1236 ἔρωτα

2173 1250 2422 1324 γοητείας
2467 1251 2761 1314 φοιτῶντας
2797 1265 2812 1279 ⁸
2848 1251 2932 1306 καὶ
2964 1257 3144 1320 τοῦτο,
3177 1248 3306 1328 ipsi}!
3341 1249 3664 1323 επιτήδευμα
3690 1249 3775 1318 μό-

2172 1358 2260 1392 νον
2319 1339 2419 1404 τῆν
2466 1340 2567 1394 τῶν
2623 1347 2871 1417 μαγικῶν
2927 1340 3243 1414 ποιούμενος
3294 1339 3550 1410 ἄσκησιν,
3604 1339 3681 1394 ἐπὶ
3717 1346 3776 1411 τῷ

2171 1430 2268 1500 υἱῷ
2311 1427 2546 1502 μάλιστα
2585 1433 2791 1508 χρῆται
2842 1435 2910 1506 τῇ
2960 1429 3131 1509 τέχνῃ
3167 1449 3184 1466 ο
3231 1452 3319 1485 και
3369 1431 3432 1486 τὰ
3488 1429 3590 1483 τῶν
3621 1429 3780 1504 μάγων

2173 1515 2312 1572 οὕτω
2363 1516 2667 1597 φιλοπόνως
2727 1519 2887 1574 αὐτὸν
2943 1517 3266 1596 ἑκτταιόεύει³
3303 1517 3445 1573 ὥστε
3479 1513 3643 1590 μηδὲν
3668 1516 3784 1571 ὓπο-

2171 1605 2447 1686 λειφθῆναι
2479 1614 2555 1682 τῷ
2615 1605 2780 1686 πατρί
2838 1609 2971 1687 πρὸς
3003 1607 3201 1686 γνῶσιν
3231 1609 3260 1662 ’ὁ
3290 1606 3371 1682 μὴ
3404 1612 3481 1679 τῷ
3525 1606 3616 1678 υἱῷ
3670 1606 3786 1682 γνώ-

2109 1712 2148 1764 Β
2170 1717 2324 1772 ριμον
2353 1693 2441 1762 ἧν.

2252 1785 2340 1845 B'.
2389 1785 2724 1862 Ἀπτομένοσ
2767 1785 2822 1843 δὲ
2881 1785 2984 1856 ἤδη
3041 1793 3134 1843 τοῦ
3185 1783 3376 1849 παιδὸς
3409 1784 3588 1856 ἀκμῆς
3619 1805 3669 1841 τε
3709 1785 3786 1839 καί

2169 1875 2405 1949 ἡλικίας,
2453 1881 2541 1934 καὶ
2586 1880 2823 1954 Χοσρόου
2868 1885 2962 1935 τοῦ
3001 1875 3268 1953 βασιλέως
3327 1874 3591 1952 νεωτέραν
3643 1895 3787 1949 utpa-

2165 1969 2282 2022 τιὰν
2327 1966 2380 2022 ἐν
2424 1965 2633 2041 Περσίδι
2665 1967 3042 2046 συλλέγοντος,
3077 1969 3151 2030 εἷς
3199 1967 3408 2044 τύρωνα
3453 1962 3572 2038 μεθ’
3619 1963 3783 2040 ἑτέρων

2164 2057 2251 2112 καὶ
2307 2057 2466 2120 αυτὸς
2523 2055 2868 2136 ἀπολέγεται,
2921 2055 3082 2112 Ἐπεί
3131 2054 3186 2110 δὲ
3232 2058 3258 2107 ὁ
3289 2055 3470 2128 τίμιος
3502 2055 3592 2109 τοῦ
3623 2053 3782 2130 Κυρίου

2163 2149 2384 2220 σταυρὸς
2440 2149 2540 2214 τὴν
2586 2154 2799 2224 Περσῶν
2855 2145 3063 2203 ὶκλόνει
3123 2149 3210 2200 καὶ
3267 2145 3621 2220 συνετάραττε
3686 2141 3776 2198 πᾶο

2164 2259 2251 2292 σαι
2283 2256 2298 2272 ⁸
2333 2250 2451 2300 τοῖς
2484 2237 2582 2312 μὲν
2608 2237 2850 2301 ἀπίστοις
2899 2233 3154 2316 φρικῶδές
3183 2255 3239 2291 τε
3266 2237 3356 2290 καὶ
3413 2230 3636 2311 φοϐερὸν
3675 2231 3776 2287 5m-

2162 2327 2341 2395 σείωδ,
2395 2339 2510 2390 τοῖς
2573 2324 2627 2381 δὲ
2686 2338 2903 2387 πιστοῖς
2971 2324 3106 2402 ἄγαν
3166 2323 3261 2392 ἡδυ
3320 2322 3654 2401 προλάμπων
3702 2321 3775 2378 καὶ

2159 2415 2425 2493 προσηνές
2463 2435 2475 2448 '
2524 2417 2683 2495 φήμη
2715 2439 2795 2480 τις
2826 2413 2953 2489 περῖ
2987 2418 3146 2472 αὐτοῦ
3188 2411 3268 2468 διὰ
3309 2414 3532 2469 πάντων
3577 2411 3773 2490 ἐχώρει*

2157 2507 2248 2561 καὶ
2277 2507 2310 2572 ἡ
2365 2503 2547 2585 φήμη,
2607 2505 2915 2584 παχύτερόν
2946 2525 3062 2565 πως
3103 2502 3236 2582 εἶχε
3280 2504 3374 2558 καὶ
3417 2500 3770 2577 ἀμαθέστερον,

2161 2597 2250 2651 τὸν
2292 2602 2398 2650 τῶν
2456 2601 2788 2672 Χριστιανῶν
2847 2596 3002 2674 Θεὸν,
3049 2593 3276 2671 Πέρσαις
3308 2595 3568 2666 παρεῖναι
3599 2591 3774 2667 κηρύτ-

2156 2706 2344 2748 τουπα,
2378 2687 2515 2762 Πρὸς
2546 2684 2613 2752 ἢν
2673 2686 2700 2740 ὁ
2744 2683 2859 2748 νέος
2901 2681 3051 2763 ἄφνω
3093 2686 3192 2749 τὴν
3243 2683 3438 2760 ψυχὴν
3471 2677 3769 2759 ἀνεφλέχθη.

2158 2773 2302 2841 ”Ηδη
2361 2775 2462 2852 γὰρ
2520 2776 2685 2840 αὐτῆς
2750 2772 2946 2840 ἥπτετο
3005 2771 3234 2850 κρυφίως
3293 2771 3480 2826 έκεῖνο
3532 2771 3589 2825 τὸ
3619 2767 3774 2844 πῦρ,ὃ

434 2871 611 2934 quem
645 2853 923 2916 Christus
955 2855 1114 2915 venit
1159 2855 1366 2934 jacere
1398 2875 1580 2936 super
1610 2867 1826 2918 terram
1863 2863 1880 2909 1
1921 2880 1934 2920 :
1969 2863 2073 2938 qui

2162 2865 2385 2942 Χριστὸς
2415 2861 2542 2931 ἦλθε
2593 2861 2782 2939 βαλεῖν
2831 2860 2916 2918 ἐπὶ
2971 2863 3100 2938 γῆς.
3133 2857 3307 2937 ’Ὁπερ
3336 2857 3432 2914 οὖν
3462 2860 3551 2914 καὶ
3579 2857 3772 2937 ἠρεμεῖν

429 2943 674 3023 quidem
699 2962 815 3004 non
839 2943 1399 3024 sinebatquiescere
1418 2946 1724 3026 pulchram
1754 2947 1909 3010 illius
1932 2952 2075 3013 ado-

2162 2953 2252 3009 οὒκ
2280 2951 2369 3008 εὶά
2413 2952 2510 3019 τὴν
2541 2951 2718 3018 καλὴν
2749 2950 2951 3007 ἐκείνω
2982 2951 3236 3023 νεότητα,
3269 2946 3394 3005 ἀλλ’
3428 2949 3574 3010 εὐθὺς
3620 2948 3768 3002 ἁπαν.

427 3031 803 3108 lescentiam,
829 3034 936 3095 sed
961 3035 1157 3095 statim
1190 3053 1402 3097 omnes
1422 3035 1625 3097 obibat
1657 3047 1879 3117 partes,
1902 3039 1977 3102 de
2001 3059 2071 3102 eo

2162 3049 2331 3122 ταχοῦ
2361 3042 2574 3120 περιῄει
2631 3042 2996 3115 πυθανόμενος
3055 3040 3172 3118 περὶ
3236 3038 3448 3110 τούτου,
3507 3036 3622 3112 μεθ’
3663 3035 3764 3102 ὅσης

424 3122 739 3185 sciscitans
760 3143 935 3204 quam
956 3125 1482 3186 vehementissime
1506 3136 1735 3205 poterat
1751 3129 2072 3208 etdiligen-

2162 3133 2216 3187 ἂν
2288 3129 2467 3193 εἴποις
2526 3135 2626 3198 τῆς
2682 3131 3013 3209 θερμότητος
3070 3149 3128 3184 τε
3213 3129 3301 3183 καὶ
3365 3125 3467 3194 τῆς
3539 3123 3766 3190 σπονδῆς,

419 3211 676 3276 tissime.
705 3213 850 3275 Cum
881 3213 1118 3276 audiret
1142 3227 1340 3275 autem
1371 3214 1445 3276 ab
1470 3215 1912 3289 ommbus,eam
1937 3237 2073 3281 esse

2162 3220 2390 3278 Ἀκούων
2422 3218 2476 3275 δὲ
2507 3220 2649 3296 παρὰ
2681 3220 2921 3292 πάντων,
2954 3219 3026 3278 ὡς
3078 3215 3177 3294 ἄρα
3207 3216 3363 3280 οὗτός
3396 3215 3542 3272 ἐστιν
3573 3217 3600 3272 ὁ
3627 3235 3765 3270 σταυ-

421 3320 691 3377 crucem,
713 3302 772 3364 in
799 3322 915 3384 qua
941 3303 1212 3366 Christus
1237 3303 1341 3366 Dei
1365 3305 1577 3379 Filius,
1603 3307 1760 3386 quia
1781 3308 2066 3370 Christia-

2162 3312 2240 3386 σὸς
2293 3309 2347 3364 ὲν
2379 3311 2424 3383 ᾧ
2476 3309 2705 3388 Χριστὸς
2754 3311 2781 3364 ὁ
2813 3309 2905 3364 τοῦ
2939 3314 3073 3364 Θεοῦ
3104 3306 3222 3370 Υἱός
3255 3307 3282 3361 ὁ
3314 3306 3408 3362 καὶ
3453 3312 3765 3383 Χριστιανοῖς

419 3392 514 3454 nis
535 3392 840 3466 adoratur,
870 3392 980 3454 fuit
1005 3396 1348 3469 cruciﬁxus,
1379 3395 1570 3457 veluti
1599 3395 1799 3473 ignem
1819 3397 1946 3478 igni
1969 3399 2070 3460 ad-

2162 3400 2611 3477 προσκυνούμενος
2663 3397 2992 3476 ἐσταυρώθη,
3054 3397 3156 3473 πῦρ
3203 3395 3389 3474 ὥσπερ
3435 3393 3564 3474 πυρί
3619 3415 3767 3471 προσ-

417 3481 594 3561 jecit,
619 3490 680 3543 et
700 3482 1017 3562 quaestioni
1041 3483 1355 3563 conjunxit
1374 3486 1790 3564 quaestionem,
1815 3499 1869 3548 et
1893 3507 1963 3549 ex
1982 3507 2071 3551 re-

2162 3493 2332 3564 ιτίθει,
2365 3491 2454 3546 καὶ
2496 3491 2722 3560 ζητήσει
2783 3489 3019 3554 συνῆπτε
3063 3486 3314 3558 ζήτησιν,
3362 3488 3453 3541 καὶ
3501 3485 3595 3546 τὰς
3646 3483 3764 3538 ἀπο-

419 3571 749 3650 sponsione
781 3574 1014 3652 accepit
1043 3577 1424 3635 occasionem
1458 3575 1708 3638 alterius
1730 3577 2067 3657 interroga-

2162 3580 2349 3658 ιιρίσεις
2395 3577 2602 3654 μᾶλλον
2665 3576 2849 3656 ἐτέρας
2907 3577 3222 3650 ἐρωτήσεως
3267 3575 3517 3655 ἀφορμὰς
3571 3571 3723 3629 εποίει
3752 3589 3763 3606 ⁸

420 3659 693 3734 tionis,et
721 3661 909 3722 multo
936 3663 1121 3741 magis
1144 3662 1380 3724 sitiebat
1405 3664 2066 3746 discere,quemadmo—

422 3747 564 3808 dum
601 3768 669 3809 ex
701 3751 852 3810 caelo
883 3752 1125 3832 quidem
1161 3753 1574 3829 descenderit,
1609 3775 1743 3816 cum
1770 3756 1848 3817 sit
1879 3759 2064 3820 Deus:

429 3847 488 3898 et
538 3840 1046 3918 quemadmodum
1100 3842 1277 3902 etiam
1311 3843 1500 3904 factus
1531 3847 1609 3907 sit
1639 3846 1843 3922 homo,
1877 3854 1933 3908 et
1964 3866 2070 3911 cur

429 3927 608 3988 etiam
641 3928 812 3989 sitad
845 3946 1084 3992 crucem
1120 3933 1574 4007 condemnatus,
1603 3944 1661 3995 et
1690 3953 1722 3995 a
1751 3937 1986 4016 quibus,
2013 3947 2070 3999 et

425 4036 500 4078 an
533 4016 608 4079 sit
639 4018 709 4078 ad
744 4018 958 4080 caelum
992 4038 1265 4082 τονιιιέυε
1297 4024 1458 4082 unde
1479 4022 1894 4088 descenderat.
1921 4025 2066 4088 Cum

423 4116 625 4169 autem
661 4107 716 4168 ei
750 4126 782 4169 a
816 4106 929 4188 piis
956 4111 1416 4171 annuntiaretur
1447 4113 1644 4174 carnis
1666 4125 1958 4188 susceptae
1979 4115 2066 4175 tli~

419 4197 538 4258 vini
572 4198 813 4259 consilii
847 4199 1219 4278 mysterium,
1248 4219 1424 4260 aures
1452 4202 1692 4281 quidem
1721 4203 1953 4282 pietatis
1976 4223 2064 4266 se-

420 4287 582 4347 mina
613 4287 894 4349 lubenter
913 4287 1323 4368 suscipiebant
1351 4311 1365 4349 :
1400 4291 1598 4352 anima
1619 4311 1754 4353 vero
1780 4295 2069 4373 produce-

2151 3667 2248 3725 καί
2288 3666 2476 3741 πολλῷ
2532 3666 2695 3723 πλέον
2742 3664 2899 3742 tata:
2931 3669 3123 3742 μαθεῖν
3158 3683 3174 3700 ο
3221 3662 3373 3728 ὅπως
3404 3664 3506 3740 μὲν
3546 3662 3598 3728 ιε
3628 3665 3766 3736 οὖρα-

2153 3761 2242 3815 νοῦ
2280 3757 2526 3814 κατέλθοι
2557 3759 2685 3820 Θεὸς
2717 3756 2790 3813 ὧν
2826 3771 2840 3786 ⁸
2878 3753 3024 3820 ὅπως
3055 3754 3108 3811 δὲ
3138 3756 3227 3812 καὶ
3254 3752 3533 3833 ἅνθρωπος
3560 3752 3764 3831 γένοιτο.

2157 3849 2308 3904 Διατί
2350 3843 2405 3902 δὲ
2460 3849 2548 3903 καὶ
2592 3847 2815 3926 σταυρὸν
2867 3846 3235 3922 κατακριθείη,
3272 3847 3363 3900 καὶ
3427 3843 3570 3921 παρᾶ
3610 3842 3763 3913 τίνων,

2153 3938 2241 3993 καὶ
2270 3938 2314 3991 εί
2360 3935 2492 4013 πρὸς
2553 3937 2804 4014 οὐρανοὺς
2864 3935 3143 3992 ἐπανέλθοι
3203 3933 3392 4005 πςιὶλιν⁹
3425 3932 3540 3989 ὅθεν
3594 3928 3770 3999 έλήλυ-

2152 4029 2262 4089 θεν,
2301 4016 2392 4091 ιΩς
2436 4025 2490 4081 δὲ
2534 4024 2916 4104 ἀπηγγέλλετο
2968 4025 3107 4102 παρὰ
3151 4030 3258 4080 τῶν
3290 4020 3524 4079 εὐσεϐῶν
3553 4025 3682 4091 αὐτῷ
3718 4017 3766 4072 τὸ

2151 4117 2250 4181 τῆς
2308 4117 2612 4192 οἰκονομίας
2655 4116 2968 4192 μυστήριον,
3015 4117 3049 4182 ἡ
3109 4113 3206 4189 μὲν
3235 4113 3379 4180 ἀκοή
3424 4113 3490 4169 τὰ
3521 4112 3766 4187 σπέρματα

2151 4207 2246 4274 τῆς
2284 4203 2552 4270 εὒσεϐείας
2587 4203 2756 4274 ἡδέως
2812 4203 3037 4284 ὲδὲχετο
3072 4220 3084 4234 ’
3121 4205 3156 4271 ἡ
3190 4202 3349 4283 ψυχὴ
3383 4201 3438 4258 δὲ
3468 4202 3630 4278 ἠρέμα
3680 4201 3759 4262 τῆς

2151 4297 2380 4356 πίστεως
2440 4299 2532 4352 τὸν
2596 4301 2800 4376 σταχυν
2857 4293 3235 4372 ἐκαρποφόρει,
3281 4291 3380 4347 καῖ
3437 4294 3592 4352 πόθος
3649 4289 3758 4376 αὐτῇ

419 4372 519 4474 bat
549 4377 769 4475 sensim
795 4377 1017 4475 spicam
1045 4378 1208 4452 ﬁdei,
1236 4388 1293 4441 et
1317 4383 1368 4440 ei
1391 4380 1759 4475 desiderium
1781 4372 2064 4462 paulatim

2162 4393 2382 4462 Χριστοῦ
2423 4386 2561 4441 κατὰ
2591 4389 2778 4463 μικρὸν
2807 4385 3078 4462 Ῑενεφύετο³
3111 4383 3200 4438 καὶ
3251 4380 3416 4452 ζῆλος
3473 4379 3620 4437 αὐτοῦ
3665 4373 3754 4475 τῶν

417 4463 1234 4548 innascebatur,subihatque
1259 4470 1556 4530 :emulatio
1583 4470 1710 4550 ejus
1735 4475 2066 4552 perpessio-

2162 4476 2483 4551 παθημάτων
2514 4475 2680 4550 εἶσῂει
2716 4491 2728 4505 ’

420 4569 602 4615 num:
640 4573 774 4630 quae
801 4575 934 4616 cum
961 4557 1018 4616 in
1053 4558 1185 4636 ejus
1217 4558 1413 4619 anima
1433 4573 1604 4621 aucta
1629 4572 1683 4621 et
1707 4564 2066 4641 ampliﬁcata

417 4650 645 4714 essent,
684 4663 818 4705 cum
853 4645 1176 4707 informant
1207 4660 1264 4708 et
1293 4648 1613 4711 instituunt
1656 4652 1727 4712 ad
1775 4651 2062 4732 Optimum

413 4729 556 4794 vitae
574 4752 786 4810 genus,
814 4735 1164 4815 clarumque
1187 4750 1237 4797 el
1270 4737 1562 4814 insignem
1590 4729 1830 4820 testem,
1853 4751 2066 4823 marty-

412 4824 1348 4906 rem,inquam,elliciunt,utjam
1379 4829 1713 4906 procedens
1740 4831 2066 4892 declarabit

412 4912 625 4975 oratio.
660 4912 799 4974 Erat
824 4915 982 4975 enim
1010 4915 1064 4975 ei
1086 4917 1326 4996 quidam
1362 4918 1550 4978 frater
1577 4937 1797 4996 genere
1827 4929 2066 4981 etcom-

412 5003 643 5065 milito:
676 5003 851 5064 ambo
885 5016 1082 5065 autem
1115 5005 1284 5066 relati
1317 5006 1380 5067 in
1415 5026 1730 5068 numerum
1765 5010 2064 5072 exercitus

412 5091 578 5168 Sain,
616 5106 1028 5174 veneruntque
1063 5113 1250 5176 usque
1289 5095 1362 5157 ad
1396 5096 1680 5177 inclytam
1731 5098 2064 5162 Chalcedo-

410 5197 570 5242 nem.
589 5181 730 5245 Cum
753 5195 950 5245 autem
975 5184 1214 5246 divinus
1228 5183 1538 5249 Heraclius
1557 5188 1890 5267 irruptione
1915 5191 2066 5254 facta

491 5358 512 5400 ί
544 5359 688 5423 Luc.
724 5377 826 5438 χιι,
861 5361 964 5425 49.

2792 4473 2824 4528 ἃ
2881 4476 2970 4530 καὶ
3001 4472 3422 4546 συνακμάσαντα
3475 4468 3536 4540 δή
3577 4487 3659 4524 που
3695 4463 3748 4535 τῇ

2153 4573 2242 4622 τοῦ
2300 4565 2418 4620 νέου
2477 4569 2632 4643 ψυχῇ
2687 4565 2777 4620 καὶ
2833 4561 3244 4640 συναυξηθέντα,
3309 4563 3444 4637 πρὸς
3484 4560 3670 4638 ἀρίστην
3695 4570 3740 4648 τε

2149 4657 2308 4712 αὐτὸν
2365 4656 2636 4732 στοίγειοῖ
2703 4652 3000 4732 πολιτείαν,
3073 4652 3161 4708 καὶ
3222 4649 3462 4729 μάρτυρα
3521 4661 3743 4725 περιφανῆ

2151 4747 2285 4818 μετὰ
2329 4753 2494 4802 ταῦτα
2539 4743 2845 4822 ἐργάζεται,
2906 4744 2978 4802 ὡς
3013 4739 3117 4813 ὃδῷ
3147 4740 3358 4815 προϊὼν
3391 4737 3492 4806 ἤδη
3536 4739 3560 4793 ὁ
3611 4733 3744 4822 λόγος

2148 4832 2403 4900 δηλώσει.
2456 4818 2699 4910 Ἦντγαρ
2723 4853 2804 4894 τις
2835 4829 3060 4910 ἀδελφός
3096 4831 3230 4885 κατὰ
3277 4829 3433 4906 γένος
3488 4827 3637 4899 αὐτῷ,
3677 4818 3745 4874 καὶ

2149 4925 2548 5001 συστρατιώτης
2587 4943 2600 4958 ·
2636 4920 2929 5000 ἀμφότεροι
2979 4918 3033 4974 δὲ
3077 4924 3146 4994 τῇ
3177 4925 3268 4975 τοῦ
3299 4917 3433 4973 Σάϊν
3462 4911 3745 4985 εξεταζόμεο

2148 5036 2226 5068 νοι
2261 5019 2482 5092 στρατιᾷ
2513 5011 2677 5092 μέχρι
2710 5007 3056 5077 Χαλκηδόνος
3094 5014 3185 5075 τῆς
3237 5012 3551 5086 περιφανοῦς
3589 5001 3745 5070 ἦλθον.

2149 5103 2301 5160 Ἐκεῖ
2344 5102 2399 5158 δὲ
2453 5105 2479 5160 ὁ
2539 5106 2684 5166 θεῖος
2750 5092 3064 5177 Ἡράκλειος
3101 5099 3176 5163 εἰς
3205 5097 3306 5165 τὴν
3339 5095 3557 5174 Περσίδα
3598 5107 3747 5167 παρα·

2147 5189 2326 5250 ϐαλὼν
2380 5191 2887 5265 ἀντιπερισπάσοιτο
2929 5189 3021 5244 τὸν
3066 5189 3201 5244 Σάϊν
3235 5201 3250 5217 ·
3296 5189 3383 5244 καὶ
3440 5179 3738 5260 δποστροφῆς

489 5529 572 5608 (ἓ)
606 5529 737 5590 Fuit
757 5529 856 5591 hic
885 5530 1182 5596 Chosroes
1202 5533 1435 5612 junior,
1468 5533 1803 5602 Hormisdre
1833 5540 1993 5620 regis
2023 5540 2208 5620 ﬁlius,
2245 5547 2308 5606 ut
2337 5549 2502 5606 notat
2531 5541 2820 5604 Baronius
2849 5540 2911 5603 in
2941 5538 3378 5622 Martyrologio.
