4006 6138
488 208 600 281 7'79

1804 216 2078 285 MENSIS
2103 212 2559 284 JANUARIUS.

3679 212 3776 283 780

476 352 761 433 quidnam
795 353 871 415 de
898 371 963 414 se
997 353 1286 433 deinceps
1322 354 1482 415 velit.
1517 353 1623 416 Ille
1654 365 1849 417 autem
1874 357 2100 436 rogavit

2207 356 2392 413 θάνετο
2420 356 2577 412 αὐτοῦ
2632 355 2662 410 ὃ
2702 357 2849 417 θεῖος
2910 341 3120 428 Ἠλίας,
3157 346 3184 404 ὅ
3234 350 3282 404 τί
3322 370 3445 405 ποτε
3474 352 3579 427 περὶ
3628 353 3777 413 ἑαυτοῦ

477 453 541 504 ιιι
564 442 838 504 habitum
859 451 1337 524 consequeretur
1360 446 1780 507 monasticum.
1813 447 1961 507 Cum
1987 464 2127 508 vero

479 533 553 592 ad
584 535 696 594 hoc
725 550 963 613 quoque
993 531 1299 594 annuisset
1322 531 1633 613 presbyter
1655 533 1797 613 (jam
1825 534 1987 595 enim
2012 534 2130 597 vel-

478 628 559 687 uti
588 646 657 688 ex
687 625 942 707 quadam
967 624 1268 707 pellucida
1291 632 1479 701 veste,
1505 634 1565 688 et
1586 647 1655 689 ex
1681 627 1903 690 decoro
1918 628 2128 690 habitu

478 725 535 777 et
559 724 712 777 statu
737 714 1171 777 ostendebatur
1186 716 1467 778 nobilitas
1491 716 1728 791 animae,
1749 726 1807 780 et
1828 717 1991 794 quali
2016 719 2127 781 vir-

479 813 602 866 tute
632 804 868 865 futurus
900 813 1061 865 esset
1089 807 1449 867 Anastasius
1482 828 1496 865 :
1533 815 1592 869 et
1623 807 1762 869 ideo
1793 806 1922 888 ipse
1953 807 2128 871 facile

477 893 658 956 cessit
680 894 813 971 ejus
834 892 1334 975 precibus),venit
1359 914 1495 957 cum
1515 913 1587 957 eo
1610 904 1744 977 post
1762 895 1946 960 divini
1972 915 2127 978 mys-

478 983 613 1043 terii
637 984 1107 1044 celebrationem
1136 983 1209 1045 ad
1243 985 1680 1046 monasterium
1707 983 1908 1047 Sancti
1924 988 2122 1049 Anas-

472 1072 693 1157 tasiiJut
720 1073 850 1151 ejus
871 1090 1113 1157 quoque
1132 1073 1299 1157 ﬁeret
1322 1073 1659 1157 mansionis
1686 1076 2005 1157 particeps,
2022 1094 2123 1137 cu-

462 1152 565 1231 jus
592 1153 826 1214 futurus
852 1162 979 1213 erat
1003 1153 1240 1215 virtutis
1271 1155 1495 1231 socius,
1530 1152 1701 1217 sicut
1718 1156 1897 1218 etiam
1915 1152 2120 1218 ‘nomi-

468 1242 586 1305 nis.
612 1242 805 1322 Atque
838 1242 1268 1305 monasterium
1295 1243 1537 1324 quidem
1564 1243 1637 1306 ad
1661 1253 1941 1325 quartum
1973 1244 2116 1326 lapi-

469 1333 604 1395 dem
640 1339 768 1393 erat
817 1340 1115 1395 remotum
1170 1352 1202 1393 a
1251 1341 1455 1395 sancta
1506 1333 1744 1395 civitate
1780 1355 1793 1396 :
1830 1334 1887 1395 ei
1912 1342 2112 1396 autem

469 1434 725 1506 praeerat
750 1421 1043 1497 Justinus,
1069 1423 1161 1483 vir
1179 1432 1238 1484 et
1256 1422 1483 1501 alioqui
1504 1424 1727 1498 clarus,
1748 1422 1960 1486 etboni
1983 1423 2115 1504 Spi-

467 1512 622 1574 ritus
653 1511 831 1575 variis
865 1511 1037 1572 donis
1072 1522 1342 1575 ornatus.
1377 1512 1566 1585 Quem
1598 1532 1735 1575 cum
1766 1512 1947 1575 simul
1978 1532 2114 1576 cum

468 1603 673 1663 multis
690 1621 932 1682 quoque
952 1602 1087 1662 aliis
1106 1610 1374 1682 rogasset
1393 1601 1724 1684 presbyter,
1741 1604 1799 1664 in
1821 1611 2115 1665 monaste-

2214 446 2272 501 τὸ
2327 446 2514 501 λοιπὸν
2546 442 2645 522 ἄρα
2688 441 2960 519 βούλοιτο,
3012 431 3069 497 Ὀ
3100 438 3154 495 δὲ
3183 437 3326 505 ἠξίου
3359 439 3441 496 καὶ
3468 445 3555 495 τοῦ
3578 445 3668 496 τῶν
3704 466 3777 510 po.

2211 540 2395 615 ναχῶν
2450 545 2643 613 τυχεῖν
2688 528 3002 612 σχήματός.
3052 529 3453 589 Ἐπινεύσαντος
3494 526 3646 587 δὲκαὶ
3679 534 3778 610 πρὸς

2211 632 2362 681 τοῦτο
2405 629 2497 680 τοῦ
2543 620 2895 701 πρεσϐυτέρου
2931 616 3337 699 (παραδείκνυτο
3395 617 3490 695 γὰρ
3538 615 3783 684 ἧδὴκαθά.

2211 736 2309 791 περ
2340 712 2399 770 ἒκ
2429 734 2568 775 τινος
2600 710 2886 793 διαφανοῦς
2948 708 3175 778 ἐσθῆτος
3205 713 3298 763 τοῦ
3349 708 3621 783 εὐπρεποῦς
3671 711 3785 787 σχή-

2209 804 2377 878 ματός
2420 823 2477 859 τε
2535 803 2631 860 καί
2689 801 3106 875 καταστήματος
3166 798 3201 865 ἦ
3242 794 3477 874 ὲῦγένεια
3504 795 3594 863 τῆς
3622 800 3784 876 ψυχῆς,

2207 890 2295 949 καὶ
2352 895 2543 955 ὁποῖος
2586 892 2685 958 τὴν
2743 892 2936 968 ὰρετήν
2982 888 3191 968 γένοιτο
3242 886 3605 959 Ἀναστάσιος,
3636 888 3704 941 ναῒ
3730 884 3787 942 διὰ

2208 985 2365 1040 τοῦτο
2402 986 2493 1038 καὶ
2550 980 2709 1044 αὐτὸς
2754 979 3034 1043 ἐνδοτικῶς
3099 976 3232 1057 ἔσχε
3267 976 3395 1053 πρὸς
3436 976 3527 1041 τὴν
3576 974 3786 1055 ἀξίωσιν),

2205 1071 2509 1151 ἀφικνεῖται
2563 1073 2654 1128 σὺν
2720 1074 2865 1144 αύτῷ
2924 1069 3061 1146 μετὰ
3119 1068 3221 1134 τὴν
3287 1066 3430 1122 θείαν
3471 1066 3787 1142 μυσταγωγίαν

2202 1162 2276 1225 εἷς
2320 1162 2416 1229 τὴν
2474 1161 2645 1235 μονὴν
2680 1166 2773 1216 τοῦ
2832 1159 2886 1215 ἒν
2929 1158 3102 1236 ἁγίοις
3136 1154 3487 1212 Ἀναστασίου
3518 1169 3531 1183 ⁸
3574 1151 3645 1207 ’ἶν’
3670 1154 3789 1213 αὺτοῦ

2200 1252 2287 1306 καὶ
2346 1254 2515 1326 μονῆς
2574 1249 2780 1327 γένοιτο
2824 1248 3102 1320 κοινωνὸς,
3161 1245 3221 1301 οὗ
3250 1245 3500 1305 κοινωνὸς
3531 1241 3699 1327 ἔμελλε
3719 1264 3788 1320 γει

2197 1322 2373 1396 νέσθαί
2432 1342 2520 1396 καὶ
2564 1322 2759 1418 αρετῆς
2817 1337 3000 1415 ὥσπερ
3050 1334 3155 1403 ἤδη
3207 1336 3294 1391 καὶ
3332 1332 3591 1403 κλήσεως.
3625 1322 3679 1387 Ἠ
3716 1332 3791 1407 μὲν

2198 1430 2288 1484 οὗν
2329 1430 2469 1505 μονή
2525 1430 2775 1507 τέσσαρσι
2820 1432 2919 1494 τῆς
2982 1426 3137 1503 ἁγίας
3200 1422 3412 1487 πόλεως
3443 1422 3671 1497 σημείοις
3700 1421 3785 1477 ἃπ-

2198 1517 2329 1598 εἷχε
2365 1538 2378 1552 ⁸
2440 1520 2783 1597 προειστήκει
2842 1515 2897 1573 δὲ
2950 1517 3115 1582 αὐτῆς
3163 1514 3478 1588 ἰουστῖνος,
3513 1511 3636 1589 ἀνὴρ
3673 1512 3728 1568 τά
3750 1533 3792 1566 τι

2198 1605 2334 1663 ἄλλα
2366 1608 2656 1688 ἐπιφανὴς,
2703 1608 2790 1663 καὶ
2848 1608 3147 1687 χαρίσμασι
3179 1610 3273 1661 τοῦ
3303 1603 3503 1681 ἆγαθοῦ
3532 1601 3792 1676 Πνεύματος

468 1692 623 1754 rium
647 1691 945 1752 admissus
963 1700 1051 1753 est
1068 1691 1446 1767 Anastasius,
1470 1710 1629 1753 anno
1651 1693 1883 1755 decimo
1902 1691 1990 1772 (4)
2011 1698 2101 1754 im-

2198 1696 2457 1760 ποικίλοις
2490 1696 2923 1773 κεκοσμημένος.
2974 1697 3047 1752 Οὗ
3093 1694 3230 1766 μετᾶ
3288 1690 3506 1749 πολλῶν
3534 1691 3617 1746 καὶ
3655 1688 3795 1750 ἄλλων

467 1779 894 1862 periiHeraclii
919 1780 1082 1841 illius
1096 1782 1319 1860 egregii
1337 1790 1393 1842 et
1408 1779 1838 1844 ﬁdelis.Tradit
1859 1783 2039 1844 vero!
2050 1802 2101 1843 u-

2194 1783 2471 1854 δεηθέντος
2552 1794 2644 1845 τοῦ
2702 1783 3083 1866 πρεσϐυτέρου,
3147 1780 3399 1863 εἷσδὲχθη
3479 1785 3546 1857 τῇ
3599 1784 3724 1866 μονῇ
3778 1781 3797 1834 ὁ

466 1873 659 1933 stinus
682 1870 1060 1932 Anastasium
1088 1870 1191 1931 uni
1213 1896 1224 1925 ε
1250 1890 1281 1931 x
1305 1872 1434 1933 suis
1455 1870 1923 1951 discipulis,viro
1942 1871 2113 1934 valde

466 1960 745 2042 prudenti
765 1970 825 2022 et
856 1959 1091 2021 virtutis
1124 1960 1373 2024 amanti.
1404 1959 1514 2034 Qui
1547 1978 1683 2022 cum
1708 1979 1843 2023 eum
1865 1968 1922 2022 et
1940 1963 2108 2026 ϐηθ-

465 2050 883 2112 casdocuisset
898 2050 1127 2111 litteras
1142 2056 1198 2111 et
1220 2049 1593 2130 psalterium,
1614 2050 2110 2131 ejusqueinstitu—

463 2142 689 2203 tionem
739 2139 1287 2216 animadvertisset,
1316 2141 1440 2219 jam
1466 2149 1630 2204 recte
1664 2159 1730 2203 se
1781 2140 2004 2203 habere
2036 2142 2109 2205 ad

465 2229 641 2291 vitam
670 2229 1088 2305 monasticam,
1107 2235 1297 2292 tonsis
1317 2229 1515 2293 statim
1540 2231 1672 2311 ejus
1696 2231 1951 2310 capillis,
1969 2241 2026 2294 et
2048 2232 2109 2293 in

465 2338 535 2381 eo
562 2320 737 2380 factis
770 2318 1048 2379 omnibus
1100 2337 1233 2400 quas
1282 2318 1376 2381 lex
1411 2320 1697 2400 postulat,
1734 2338 1867 2382 eum
1903 2318 2107 2382 habitu

461 2408 654 2469 induit
672 2408 1179 2481 monastico,etex
1198 2407 1404 2470 habitu
1420 2408 1534 2470 hoc
1548 2408 2101 2486 facitAnastasium,

2193 1876 2332 1953 ἱερὸς
2390 1858 2762 1951 Ἀναστάσιος,
2796 1874 2900 1931 ἔτει
2945 1858 3151 1948 δεκάτῷ
3198 1858 3602 1947 τῆς-βασιλείας
3660 1858 3794 1941 Ἠρα-

2193 1963 2370 2021 κλείοι)
2427 1966 2521 2022 τοῦ
2579 1966 2818 2043 γενναίου
2873 1962 3080 2031 δηλαδὴ
3109 1965 3198 2019 καὶ
3238 1960 3428 2018 πιστοῦ
3463 1977 3477 1991 ⁶
3515 1955 3796 2036 παραδίδωσι

2193 2053 2247 2110 δὲ
2303 2056 2395 2111 τὸν
2457 2054 2806 2111 Ἀναστάσιον
2851 2052 3137 2115 Ἰουστῖνος
3186 2052 3259 2106 svi
3302 2057 3413 2107 τῶν
3444 2050 3631 2106 ἑαυτοῦ
3657 2050 3797 2123 μαθη-

2190 2147 2319 2213 τῶν,
2382 2143 2525 2221 ἀνδρὶ
2570 2149 2771 2217 συνετῷ
2826 2142 2971 2218 μάλα
3033 2143 3121 2199 καὶ
3149 2139 3418 2219 φιλαρέτῳ
3455 2158 3469 2172 ⁸
3524 2139 3582 2203 ὃς
3629 2139 3707 2195 καὶ
3748 2138 3796 2192 τὰ

2189 2236 2295 2290 τῶν
2356 2224 2626 2304 Ἐλλήνων
2663 2236 2953 2310 γράμματα
3006 2233 3096 2289 καὶ
3126 2233 3186 2288 τὸ
3221 2228 3533 2308 Ψαλτήριον
3563 2225 3795 2292 ἐκδιδάξας

2190 2323 2372 2399 αὐτὸν,
2433 2323 2658 2401 ἀγωγήν
2742 2344 2799 2379 τε
2877 2322 3037 2379 αὺτοῦ
3112 2318 3395 2379 πολιταίαν
3467 2318 3524 2374 εὗ
3600 2317 3795 2397 ἔχουσαν

2190 2410 2294 2481 ἤδη
2328 2414 2459 2490 πρὸς
2490 2416 2582 2469 τὸν
2624 2419 2731 2468 τῶν
2776 2418 3035 2491 μοναχῶν
3065 2411 3180 2487 βίον
3236 2410 3603 2485 κατανοήσας,
3650 2408 3793 2484 κείρας

459 2499 617 2579 quod
648 2498 811 2578 prius
828 2516 895 2559 re
921 2506 1049 2559 erat
1075 2506 1133 2559 et
1155 2496 1427 2559 moribus
1454 2518 1467 2561 :
1506 2498 1593 2560 vel
1624 2498 1819 2580 potius
1838 2497 2101 2560 moribus

2190 2503 2333 2567 εὐθὺς
2378 2505 2462 2561 καὶ
2504 2504 2717 2582 τρίχας,
2752 2502 2836 2557 καὶ
2890 2500 2988 2557 ὅσα
3036 2501 3197 2575 νόμος
3248 2497 3337 2555 ἐπ’
3398 2501 3542 2569 αῦτῷ
3583 2494 3789 2567 τελέσας,

456 2587 915 2650 convenientem
949 2596 1010 2647 et
1052 2596 1372 2666 cognatum
1408 2587 1591 2651 tradit
1620 2586 1917 2663 habitum,
1955 2598 2013 2650 et
2042 2587 2101 2650 in

2186 2594 2249 2649 τὸ
2306 2600 2411 2649 τῶν
2456 2596 2713 2672 μοναχῶν
2746 2587 3055 2668 περιϐάλλει
3099 2588 3328 2669 σχῆμαο
3369 2590 3465 2645 καί
3508 2597 3653 2647 τοῦτο
3677 2605 3789 2641 ποιει

457 2696 593 2739 eum
625 2678 917 2755 deinceps
947 2683 1077 2736 erat
1104 2675 1378 2747 affectus,
1404 2684 1468 2737 ut
1492 2676 1553 2738 in
1587 2677 1770 2739 ﬁlium
1792 2696 1823 2737 e
1852 2677 1973 2737 suis
1992 2697 2100 2755 ge-

2186 2682 2275 2737 τὸν
2333 2682 2680 2739 ’Λναστάσιον
2725 2678 2785 2737 in
2843 2686 2936 2735 τοῦ
2965 2680 3277 2759 σχήματος,
3313 2676 3343 2733 ὃ
3380 2677 3569 2755 πρώην
3589 2674 3693 2754 ﬁxo
3718 2678 3788 2729 τοῦ

455 2767 641 2826 nitum
675 2763 1029 2828 visceribus.
1064 2764 1234 2826 Adeo
1263 2765 1513 2845 pulchra
1544 2784 1641 2828 res
1668 2775 1754 2828 est
1790 2766 2006 2841 virtus,
2040 2776 2101 2828 ut

2186 2773 2378 2850 τρόπου
2423 2774 2515 2827 καί
2568 2779 2661 2829 τοῦ
2716 2769 3029 2847 πράγματος
3092 2765 3158 2833 ἦν
3194 2785 3208 2800 ·
3261 2763 3478 2841 μᾶλλον
3536 2762 3589 2820 δὲ
3646 2762 3787 2850 τρᾷπῳ

454 2873 589 2933 quae
618 2873 752 2915 cum
783 2853 918 2913 aliis
951 2861 1008 2914 et
1031 2854 1268 2915 virtutis
1299 2854 1604 2917 studiosos
1633 2856 1693 2916 in
1725 2873 1932 2917 amore
1963 2874 2099 2919 con-

2186 2861 2426 2935 τοιούτῳ,
2469 2860 2557 2915 καὶ
2601 2863 2797 2939 σχῆμα
2840 2855 3094 2935 συγγενὲς
3125 2852 3419 2913 ἀποδίδωσι
3459 2870 3475 2887 ⁸
3511 2854 3597 2911 καὶ
3626 2854 3679 2909 τὸ
3705 2849 3788 2907 λοιο

448 2946 727 3024 jungere,
761 2950 820 3003 et
850 2950 1070 3004 tantam
1105 2944 1292 3022 possit
1322 2942 1678 3022 ingenerare
1722 2944 2094 3009 benevolen-

2186 2950 2279 3007 πὸν
2323 2951 2464 3024 αὖτῷ
2495 2949 2727 3026 καθάπερ
2774 2950 2871 3022 υίῷ
2927 2952 3033 3004 τῶν
3070 2947 3259 3003 ἑαυτοῦ
3301 2950 3459 3025 φύντι
3497 2942 3786 3020 σπλάγχνων

454 3035 623 3115 tiam,
656 3040 934 3113 quantam
969 3032 1133 3093 nulla
1164 3032 1410 3095 omnino
1440 3033 1559 3096 alia
1589 3034 1890 3114 cognatio.

2186 3039 2511 3118 προσέκειτο.
2544 3036 2695 3096 Οὕτω
2750 3035 3039 3093 κάλλιστόν
3081 3057 3132 3092 τι
3171 3038 3369 3116 χρῆμα
3419 3035 3455 3101 ἡ
3490 3032 3649 3113 ἀρετὴ
3674 3028 3787 3107 μετὰ

448 3133 555 3182 τῶν
612 3123 812 3203 ἇλὶων,
844 3124 932 3178 καί
992 3124 1273 3179 σννάπτειν
1328 3126 1402 3187 εἷς
1447 3125 1611 3182 πόθον
1670 3126 1789 3192 τοὺς
1835 3126 2177 3208 ⁸φιλτιιρὲτους,
2205 3128 2297 3186 καί
2344 3149 2604 3196 τοσαυτην
2662 3126 2911 3203 ἐμποιεῖν
2970 3124 3197 3199 εὔνοιαν,
3230 3124 3364 3191 ὅσην
3411 3124 3509 3181 οὒκ
3556 3119 3683 3188 ἄλλη
3730 3138 3791 3181 τις

450 3214 729 3294 συγγένεια
762 3216 821 3268 τὸ
852 3235 1101 3290 παραπαν
1131 3212 1441 3288 δυνάμενον.

534 3307 599 3367 V.
619 3304 707 3365 Ex
729 3301 830 3363 illo
852 3309 1126 3382 tempore
1144 3302 1302 3384 apud
1319 3303 1751 3366 monasterium
1767 3302 1942 3365 vitam
1961 3324 2097 3367 cum

2264 3306 2345 3371 E'.
2382 3306 2469 3375 Ἐξ
2527 3308 2729 3365 ἕκείνου
2775 3309 2947 3365 τοίνυν
3007 3304 3159 3384 διῆγε
3204 3303 3349 3383 παρὰ
3401 3309 3468 3379 τῇ
3518 3306 3654 3379 μονῂ
3679 3297 3792 3375 μετᾶ

447 3402 745 3456 conventu
775 3390 899 3468 egit
928 3392 1308 3454 Anastasius.
1333 3390 1517 3453 Porro
1539 3400 1736 3455 autem
1773 3391 1826 3453 ei
1858 3411 2099 3475 quoque

2186 3401 2277 3465 τῆς
2335 3396 2576 3459 συνοδίας
2633 3398 2662 3453 ὁ
2719 3395 3071 3460 Ἀναστάσιος
3099 3410 3114 3425 ⁸
3167 3394 3256 3451 καὶ
3289 3392 3480 3468 μέντοι
3514 3392 3599 3448 καὶ
3627 3384 3790 3466 διαφό-

446 3485 693 3546 fuerunt
720 3480 959 3543 diversa
980 3482 1207 3543 credita
1232 3481 1592 3543 ministeria:
1616 3500 1727 3543 nec
1750 3492 1877 3545 erat
1897 3483 2092 3544 solum

443 3574 507 3635 in
531 3576 618 3634 eis
642 3570 1135 3651 utilissimus,sed
1159 3572 1339 3632 etiam
1374 3570 1437 3632 in
1464 3570 1699 3634 actione
1725 3571 1964 3633 virtutis
1994 3572 2093 3633 di-

446 3660 903 3740 ligentissimus.
922 3661 1073 3721 Nam
1099 3679 1233 3722 cum
1260 3660 1545 3722 etculinaa
1563 3669 1623 3723 et
1640 3660 1801 3724 horti
1823 3660 2094 3725 ministe-

443 3750 535 3809 rio
564 3768 733 3809 suam
766 3749 937 3809 daret
967 3767 1238 3825 operam,
1264 3757 1323 3810 et
1352 3760 1516 3812 recte
1547 3769 1612 3813 se
1643 3758 1882 3829 gereret
1911 3751 1973 3813 in
1997 3751 2087 3813 la-

446 3839 597 3901 bore
634 3856 940 3909 manuum,
969 3855 1001 3899 a
1025 3838 1267 3898 fratrum
1295 3839 1505 3919 synaxi
1526 3857 1828 3920 nunquam
1858 3840 2087 3918 aberat,

446 3927 820 3990 etantealios
833 3945 1139 3987 sacrorum
1163 3929 1578 4008 mysteriorum
1595 3929 1986 3992 celebrationi
2002 3930 2090 3994 in-

444 4027 685 4078 tererat.
698 4015 759 4077 In
777 4016 1114 4077 divinarum
1131 4027 1328 4077 autem
1344 4019 1791 4098 Scripturarum
1810 4018 2086 4089 lectione.

441 4118 500 4170 et
523 4111 780 4168 maxime
806 4105 954 4167 Vitae
970 4115 1309 4169 sanctorum
1336 4106 1601 4183 Patrum,
1630 4116 1784 4169 totus
1805 4118 1934 4171 erat
1953 4110 2087 4173 afﬁ-

438 4217 570 4273 xus,
602 4207 660 4257 et
682 4214 880 4271 aures,
908 4204 970 4257 ut
992 4196 1237 4271 dicitur,
1265 4196 1568 4274 arrigebat
1595 4198 1668 4259 ad
1690 4198 2083 4276 audiendum,

440 4303 673 4361 eratque
696 4302 888 4346 mente
910 4290 1227 4361 vigilanset
1245 4290 1439 4348 omnia
1456 4292 1732 4349 memoria
1754 4291 2082 4366 colligebat:

440 4384 502 4436 ut
522 4375 757 4436 etiamsi
774 4375 1253 4456 quiddiceretur,
1271 4374 1432 4451 quod
1453 4374 1824 4457 ingeniiejus
1847 4388 2083 4459 captum

437 4477 773 4548 superaret,
800 4487 918 4528 non
943 4467 1746 4547 negligeret,nequelucrum
1764 4487 2086 4550 persocor—

2177 3508 2298 3566 ρους
2339 3487 2620 3553 ἐπιστεύθη
2650 3484 2917 3550 διακονίας
2948 3501 2961 3515 ⁶
2992 3485 3085 3543 καὶ
3112 3484 3179 3551 ἦν
3209 3483 3270 3539 οῦ
3314 3483 3485 3558 μόνον
3543 3480 3658 3557 περὶ
3706 3476 3788 3532 αὖ·

2177 3576 2271 3639 τὰς
2303 3577 2758 3656 εὐχρηστότατος,
2792 3574 2929 3633 ἂλλᾶ
2961 3576 3049 3631 καὶ
3093 3574 3219 3653 πρὸς
3266 3572 3371 3639 τὴν
3430 3570 3670 3651 ἑργασίαν
3707 3569 3788 3656 τῆς

2174 3654 2804 3744 ἀρετῆςίὲμμελέστατος
2834 3680 2848 3696 ⁶
2885 3670 2950 3742 τῇ
2978 3686 3035 3721 τε
3067 3664 3167 3744 γὰρ
3226 3669 3319 3719 τοῦ
3367 3661 3670 3741 μαγειρείου
3717 3654 3787 3711 καί

2172 3753 2240 3829 τῇ
2291 3763 2383 3815 τοῦ
2436 3755 2618 3825 κήπου
2660 3753 2898 3828 διακονίᾳ
2954 3753 3266 3833 προσέχων,
3315 3753 3406 3809 καὶ
3442 3757 3521 3825 τῷ
3556 3754 3650 3807 τῶν
3679 3765 3783 3826 χει-

2170 3846 2277 3922 ρῶν
2329 3843 2470 3923 ἔργῳ
2517 3844 2987 3921 κατευθυνόμενος,
3060 3842 3176 3901 οὐδὲ
3234 3846 3336 3909 τῆς
3407 3847 3516 3898 τῶν
3573 3836 3783 3915 ἀδελφῶν

2171 3932 2432 3999 συνάεεως
2488 3932 2867 4015 ἀπολέλειπτο,
2928 3935 3017 3990 καὶ
3059 3932 3161 4012 πρό
3218 3950 3280 4010 γε
3321 3932 3435 3988 τῶν
3479 3927 3652 3987 ἄλλων
3703 3923 3783 3991 τῆς

2169 4024 2307 4081 κατὰ
2365 4023 2463 4091 τὴν
2490 4024 2659 4102 ἱερὰν,
2693 4022 2858 4103 λέγω,
2906 4022 3306 4101 μυσταγωγίαν.
3341 4019 3448 4079 Ἔν
3478 4040 3537 4099 γε
3580 4019 3680 4095 μὴν
3724 4018 3783 4103 fit

2166 4114 2276 4169 τῶν
2303 4113 2455 4170 θείων
2488 4099 2708 4194 Γραφῶν
2742 4099 3059 4193 ἇναγνώσει,
3095 4099 3190 4168 καὶ
3238 4108 3479 4186 μάλιστα
3527 4119 3642 4170 τοῖς
3692 4099 3781 4160 τῶν

2169 4202 2326 4259 ὁσίων
2368 4201 2568 4280 ἀνδρῶν
2625 4203 2785 4279 βίοις,
2850 4204 2936 4259 καὶ
2993 4201 3341 4281 προσετήκει,
3396 4196 3495 4256 καί
3546 4197 3609 4253 τὰ
3657 4195 3774 4262 ὦτά,

2168 4293 2229 4348 τὸ
2285 4298 2377 4349 τοῦ
2430 4290 2614 4371 λόγου,
2666 4291 2798 4359 ’ίστη
2851 4293 2982 4371 πρὸς
3012 4291 3110 4359 τὴν
3142 4288 3425 4370 ἀκρόασιν,
3456 4286 3648 4345 καὶτὸν
3676 4286 3777 4337 νοῦν

2167 4379 2384 4448 ἔξυπνος
2436 4385 2526 4456 ἦν,
2573 4383 2662 4439 καὶ
2709 4382 2782 4446 εἷς
2811 4381 2910 4450 τὴν
2938 4382 3162 4457 μνήμην
3194 4377 3409 4436 ἅπαντα
3441 4374 3726 4451 συνελέγετο
3758 4386 3773 4404 ·

2170 4472 2244 4534 ὡς
2290 4468 2346 4527 εἴ
2373 4492 2423 4528 τι
2463 4472 2550 4528 καὶ
2603 4470 2733 4550 ὑπὲρ
2795 4473 2895 4537 τὴν
2951 4471 3109 4530 αὒτοῦ
3150 4468 3377 4550 λεχθείη
3439 4457 3769 4550 διάνοιανγλιξῇ

436 4544 597 4621 diam
621 4559 925 4620 amitteret
943 4580 955 4621 :
974 4544 1079 4621 sed
1098 4544 1292 4636 potius
1304 4544 1707 4621 accederetad
1727 4544 1964 4637 fratres,
1984 4562 2085 4643 qui

2186 4559 2420 4637 ὶμελεῖν,
2477 4559 2612 4637 μηδὲ
2668 4544 2887 4640 semper
2944 4561 3005 4617 τὸ
3071 4544 3256 4639 κέρδος
3317 4559 3581 4627 ποίεσθκι,
3610 4544 3765 4644 .-ἀλλᾶ

435 4667 569 4711 eum
596 4650 869 4711 doctrina
891 4649 1280 4729 superabant,
1310 4654 1369 4709 et
1388 4648 1489 4730 qui
1515 4658 1758 4729 possent
1791 4650 1930 4712 talia
1973 4669 2083 4713 ex-

434 4740 708 4820 planare,
727 4750 789 4799 et
811 4738 1091 4799 lubenter
1106 4755 1236 4799 cum
1253 4755 1324 4800 eo
1346 4738 1677 4819 inquirere,
1703 4738 1861 4802 etsic
1886 4739 2085 4802 medi-

434 4830 623 4890 tando
645 4831 947 4904 venerari,
966 4826 1261 4909 quidquid
1289 4846 1426 4889 eum
1450 4826 1693 4890 latebat.
1714 4827 1857 4892 Cum
1884 4838 2082 4892 autem

433 4917 589 4998 apud
617 4934 682 4978 se
710 4918 934 4995 legeret
955 4915 1229 4976 victorias
1256 4915 1576 4995 insignium
1600 4925 2085 4999 martyrum,tro-

431 5024 559 5087 paea
585 5014 642 5068 et
670 5004 1027 5081 certamina,
1063 5003 1248 5065 libros
1279 5004 1631 5086 aspergebat
1666 5008 1962 5089 lacrymis,
1996 5010 2081 5072 si-

433 5097 723 5175 guiﬁcans
745 5114 917 5158 suum
943 5096 1003 5156 in
1029 5093 1310 5174 patiendo
1336 5111 1721 5173 consensum,
1739 5116 1923 5181 seque
1946 5120 2081 5163 cum

431 5187 521 5248 eis
555 5186 829 5248 molestia
871 5186 1030 5247 afﬁci
1074 5193 1132 5245 et
1175 5184 1286 5247 zeli
1316 5202 1451 5246 esse
1485 5185 1714 5247 socium
1745 5208 1758 5250 :
1788 5198 1847 5249 et
1876 5190 2083 5255 beatos

433 5277 675 5350 quidem
704 5285 946 5337 sanctos
963 5274 1386 5356 pronuntiabat
1408 5282 1652 5355 propter
1676 5276 1853 5339 linem
1873 5300 1885 5337 :
1909 5281 2083 5344 mira-

433 5363 605 5428 batur
622 5382 761 5427 vero
783 5383 991 5427 eorum
1008 5363 1380 5426 tolerantiam
1395 5412 1404 5423 .
1418 5362 1650 5425 Deinde
1675 5364 1732 5426 id
1747 5416 1762 5446 ,
1786 5368 1940 5447 quod
1956 5380 2083 5434 erat

2169 4649 2442 4732 προσιέναι
2500 4637 2706 4727 μᾶλλον
2756 4637 2874 4714 τοῖς
2924 4637 3333 4731 διαφορωτέρας
3381 4649 3480 4715 τὴν
3534 4637 3766 4732 παίδευσιν

2168 4722 2446 4821 ἀδελφοῖς,
2478 4722 2712 4805 καὶτοῖς
2765 4761 2825 4820 γε
2870 4740 2937 4797 τὰ
2979 4722 3197 4797 τοιαῦτα
3222 4722 3525 4817 ’διασαφεῖν
3564 4722 3765 4821 δυναμί-

2168 4819 2417 4905 νοις,’καὶ
2450 4836 2699 4901 συζητεῖν
2754 4828 2947 4906 ἡδέως,
2983 4829 3071 4887 καὶ
3129 4826 3388 4906 διερωτᾷν
3449 4819 3762 4905 φιλοπόνως⁶

2168 4922 2255 4976 καὶ
2311 4917 2477 4983 οὕτως
2537 4919 2678 4976 ἅπαν
2739 4920 2797 4976 τὸ
2829 4918 3110 4999 διαφεῦγον
3141 4918 3298 4975 αὐτὸν
3330 4914 3532 4991 μελέτῃ
3573 4911 3764 4999 θηρᾷνβ

2168 5008 2577 5088 Ἀναγινώσκων
2637 5007 2691 5065 δὲ
2732 5010 2820 5066 καὶ
2876 5008 2992 5066 καθ’
3047 5009 3234 5065 ἑαυτὸν
3289 5006 3355 5064 τὰ
3411 5008 3517 5061 τῶν
3555 4994 3770 5088 nsunt"

2167 5121 2274 5156 κων
2347 5099 2624 5179 μαρτύρων
2683 5100 2913 5179 τρόπαια
2983 5100 3070 5156 καὶ
3147 5098 3265 5163 τοὺς
3327 5094 3541 5173 ἄθλους,
3597 5087 3769 5179 δάκρυα

2164 5195 2272 5247 τῶν
2580 5172 2843 5270 κατέρρει,
2895 5190 2955 5244 τὸ
3024 5188 3368 5267 συμπάσχειν
3430 5183 3516 5240 καὶ
3573 5172 3771 5270 συνοδυ-

2167 5284 2350 5338 νᾶσθαι
2384 5281 2592 5343 τούτοις
2625 5279 2720 5337 καί
2762 5268 3043 5336 κοινωνεῖν
3076 5277 3169 5335 τοῦ
3200 5276 3364 5349 ζήλου
3409 5268 3769 5347 διασημαίνειν*

2165 5377 2249 5429 κᾶὶ
2306 5377 2399 5428 τοῦ
2449 5369 2547 5446 μὲν
2603 5369 2814 5450 τέλους,
2845 5368 3126 5448 ἐμακάριζε
3156 5368 3277 5432 τοὺς
3312 5365 3516 5446 ἁγίους,
3572 5363 3665 5425 τῆς
3720 5351 3769 5408 δδ

515 5534 597 5614 (4)
640 5535 1008 5598 Duodecimn
1039 5535 1286 5617 corrigit
1313 5535 1560 5615 Baron.,
1598 5533 1699 5616 qui
1733 5536 1836 5603 fuit
1875 5548 2065 5609 ann'us‘
2094 5543 2231 5612 694.
