  <div class='ocr_page' id='page_1' title='image "/cluster/home/n/w/nwhite01/storage/ocr_20150623/114/mdp.39015028574344/396.png"; bbox 0 0 4006 6138; ppageno 0'>
   <div class='ocr_carea' id='block_1_1' title="bbox 286 202 395 277">
    <p class='ocr_par' dir='ltr' id='par_1_1' title="bbox 286 202 395 277">
     <span class='ocr_line' id='line_1_1' title="bbox 286 202 395 277; baseline 0.018 -2"><span class='ocrx_word' id='word_1_1' title='bbox 286 202 395 277; x_wconf 75' lang='grc'><strong>⁸181</strong></span> 
     </span>
    </p>
   </div>
   <div class='ocr_carea' id='block_1_2' title="bbox 1431 212 2507 287">
    <p class='ocr_par' dir='ltr' id='par_1_2' title="bbox 1431 212 2507 287">
     <span class='ocr_line' id='line_1_2' title="bbox 1431 212 2507 287; baseline 0 -6"><span class='ocrx_word' id='word_1_2' title='bbox 1431 212 1618 283; x_wconf 79' lang='grc' dir='ltr'>νΙΤΑ</span> <span class='ocrx_word' id='word_1_3' title='bbox 1663 217 1724 280; x_wconf 85' lang='lat' dir='ltr'><strong>S.</strong></span> <span class='ocrx_word' id='word_1_4' title='bbox 1773 215 2178 287; x_wconf 79' lang='lat' dir='ltr'><strong>ANASTASII</strong></span> <span class='ocrx_word' id='word_1_5' title='bbox 2224 216 2507 284; x_wconf 63' lang='lat' dir='ltr'><strong>PERSE.</strong></span> 
     </span>
    </p>
   </div>
   <div class='ocr_carea' id='block_1_3' title="bbox 3533 220 3653 285">
    <p class='ocr_par' dir='ltr' id='par_1_3' title="bbox 3533 220 3653 285">
     <span class='ocr_line' id='line_1_3' title="bbox 3533 220 3653 285; baseline 0.017 -2"><span class='ocrx_word' id='word_1_6' title='bbox 3533 220 3653 285; x_wconf 78' lang='lat'><strong>782</strong></span> 
     </span>
    </p>
   </div>
   <div class='ocr_carea' id='block_1_4' title="bbox 280 347 1929 435">
    <p class='ocr_par' dir='ltr' id='par_1_4' title="bbox 280 347 1928 431">
     <span class='ocr_line' id='line_1_4' title="bbox 280 347 1928 431; baseline 0.002 -28"><span class='ocrx_word' id='word_1_7' title='bbox 280 349 595 428; x_wconf 74' lang='grc' dir='ltr'><strong>ὑπομονῆς,</strong></span> <span class='ocrx_word' id='word_1_8' title='bbox 625 347 1000 419; x_wconf 66' lang='grc' dir='ltr'>εξεπλήττετο.</span> <span class='ocrx_word' id='word_1_9' title='bbox 1058 350 1197 407; x_wconf 81' lang='grc' dir='ltr'>Εἶτα</span> <span class='ocrx_word' id='word_1_10' title='bbox 1244 351 1454 407; x_wconf 80' lang='grc' dir='ltr'>καὶτὸν</span> <span class='ocrx_word' id='word_1_11' title='bbox 1498 352 1784 431; x_wconf 86' lang='grc' dir='ltr'>σύντροφον</span> <span class='ocrx_word' id='word_1_12' title='bbox 1834 347 1928 406; x_wconf 80' lang='grc' dir='ltr'><strong>ἀπ’</strong></span> 
     </span>
    </p>
   </div>
   <div class='ocr_carea' id='block_1_5' title="bbox 2017 347 3660 435">
    <p class='ocr_par' dir='ltr' id='par_1_5' title="bbox 2017 349 3660 435">
     <span class='ocr_line' id='line_1_5' title="bbox 2017 349 3660 435; baseline 0.005 -24"><span class='ocrx_word' id='word_1_13' title='bbox 2017 349 2069 411; x_wconf 80' lang='lat' dir='ltr'><strong>ei</strong></span> <span class='ocrx_word' id='word_1_14' title='bbox 2095 351 2168 412; x_wconf 91' lang='lat' dir='ltr'><strong>ab</strong></span> <span class='ocrx_word' id='word_1_15' title='bbox 2190 351 2363 416; x_wconf 87' lang='lat' dir='ltr'><strong>initio</strong></span> <span class='ocrx_word' id='word_1_16' title='bbox 2378 354 3171 434; x_wconf 86' lang='lat' dir='ltr'><strong>congenitum,desiderium</strong></span> <span class='ocrx_word' id='word_1_17' title='bbox 3199 357 3462 435; x_wconf 74' lang='lat' dir='ltr'><strong>martyrii</strong></span> <span class='ocrx_word' id='word_1_18' title='bbox 3487 366 3548 418; x_wconf 91' lang='lat' dir='ltr'><strong>et</strong></span> <span class='ocrx_word' id='word_1_19' title='bbox 3566 375 3660 419; x_wconf 78' lang='lat' dir='ltr'><strong>ze-</strong></span> 
     </span>
    </p>
   </div>
   <div class='ocr_carea' id='block_1_6' title="bbox 278 435 1930 517">
    <p class='ocr_par' dir='ltr' id='par_1_6' title="bbox 278 435 1930 517">
     <span class='ocr_line' id='line_1_6' title="bbox 278 435 1930 517; baseline 0.002 -25"><span class='ocrx_word' id='word_1_20' title='bbox 278 435 464 516; x_wconf 78' lang='grc' dir='ltr'>ἆρχῆς</span> <span class='ocrx_word' id='word_1_21' title='bbox 492 437 636 511; x_wconf 64' lang='grc' dir='ltr'>αύτῷ</span> <span class='ocrx_word' id='word_1_22' title='bbox 695 437 855 495; x_wconf 89' lang='grc' dir='ltr'>πόθον</span> <span class='ocrx_word' id='word_1_23' title='bbox 899 440 997 495; x_wconf 88' lang='grc' dir='ltr'><strong>καί</strong></span> <span class='ocrx_word' id='word_1_24' title='bbox 1047 437 1209 509; x_wconf 78' lang='grc' dir='ltr'>ζῆλον</span> <span class='ocrx_word' id='word_1_25' title='bbox 1265 446 1359 497; x_wconf 79' lang='grc' dir='ltr'>τοῦ</span> <span class='ocrx_word' id='word_1_26' title='bbox 1403 440 1688 517; x_wconf 75' lang='grc' dir='ltr'><strong>μαρτυρίου</strong></span> <span class='ocrx_word' id='word_1_27' title='bbox 1744 440 1930 515; x_wconf 85' lang='grc' dir='ltr'>θερμό-</span> 
     </span>
    </p>
   </div>
   <div class='ocr_carea' id='block_1_7' title="bbox 278 525 1930 608">
    <p class='ocr_par' dir='ltr' id='par_1_7' title="bbox 278 525 1930 608">
     <span class='ocr_line' id='line_1_7' title="bbox 278 525 1930 608; baseline 0.001 -28"><span class='ocrx_word' id='word_1_28' title='bbox 278 546 438 601; x_wconf 85' lang='grc' dir='ltr'>τερον</span> <span class='ocrx_word' id='word_1_29' title='bbox 476 525 553 583; x_wconf 68' lang='grc' dir='ltr'>ἔτι</span> <span class='ocrx_word' id='word_1_30' title='bbox 613 525 819 603; x_wconf 80' lang='grc' dir='ltr'>μᾶλλον</span> <span class='ocrx_word' id='word_1_31' title='bbox 878 528 1071 602; x_wconf 70' lang='grc' dir='ltr'>ἐποίει,</span> <span class='ocrx_word' id='word_1_32' title='bbox 1104 534 1174 604; x_wconf 77' lang='grc' dir='ltr'><strong>τῇ</strong></span> <span class='ocrx_word' id='word_1_33' title='bbox 1206 528 1387 604; x_wconf 74' lang='grc' dir='ltr'>ὁμιλίᾳ</span> <span class='ocrx_word' id='word_1_34' title='bbox 1416 536 1519 586; x_wconf 82' lang='grc' dir='ltr'><strong>τῶν</strong></span> <span class='ocrx_word' id='word_1_35' title='bbox 1553 528 1930 608; x_wconf 81' lang='grc' dir='ltr'>προλαϐόντων</span> 
     </span>
    </p>
   </div>
   <div class='ocr_carea' id='block_1_8' title="bbox 276 615 1930 693">
    <p class='ocr_par' dir='ltr' id='par_1_8' title="bbox 276 615 1930 693">
     <span class='ocr_line' id='line_1_8' title="bbox 276 615 1930 693; baseline 0.001 -23"><span class='ocrx_word' id='word_1_36' title='bbox 276 615 679 692; x_wconf 76' lang='grc' dir='ltr'>ὑποκαιόμενον</span> <span class='ocrx_word' id='word_1_37' title='bbox 714 634 726 646; x_wconf 83' lang='grc'><strong><em>⁸</em></strong></span> <span class='ocrx_word' id='word_1_38' title='bbox 763 619 849 673; x_wconf 83' lang='grc' dir='ltr'><strong>καὶ</strong></span> <span class='ocrx_word' id='word_1_39' title='bbox 902 624 1011 674; x_wconf 84' lang='grc' dir='ltr'>τῶν</span> <span class='ocrx_word' id='word_1_40' title='bbox 1068 618 1205 674; x_wconf 83' lang='grc' dir='ltr'>’ίσων</span> <span class='ocrx_word' id='word_1_41' title='bbox 1258 616 1543 686; x_wconf 78' lang='grc' dir='ltr'>ἀξιωθῆναι</span> <span class='ocrx_word' id='word_1_42' title='bbox 1599 619 1930 693; x_wconf 80' lang='grc' dir='ltr'><strong>παθημάτων</strong></span> 
     </span>
    </p>
   </div>
   <div class='ocr_carea' id='block_1_9' title="bbox 275 704 1928 788">
    <p class='ocr_par' dir='ltr' id='par_1_9' title="bbox 275 704 1928 788">
     <span class='ocr_line' id='line_1_9' title="bbox 275 704 1928 788; baseline 0.002 -29"><span class='ocrx_word' id='word_1_43' title='bbox 275 704 417 783; x_wconf 76' lang='grc' dir='ltr'>ὑπὲρ</span> <span class='ocrx_word' id='word_1_44' title='bbox 450 705 677 785; x_wconf 77' lang='grc' dir='ltr'>Χριστοῦ</span> <span class='ocrx_word' id='word_1_45' title='bbox 706 708 796 762; x_wconf 88' lang='grc' dir='ltr'><strong>καὶ</strong></span> <span class='ocrx_word' id='word_1_46' title='bbox 842 708 995 770; x_wconf 80' lang='grc' dir='ltr'>αὐτὸς</span> <span class='ocrx_word' id='word_1_47' title='bbox 1041 706 1269 787; x_wconf 71' lang='grc' dir='ltr'>ηὔχετο.</span> <span class='ocrx_word' id='word_1_48' title='bbox 1337 711 1534 785; x_wconf 84' lang='grc' dir='ltr'>Διόπερ</span> <span class='ocrx_word' id='word_1_49' title='bbox 1566 706 1683 765; x_wconf 76' lang='grc' dir='ltr'>οὐδὲ</span> <span class='ocrx_word' id='word_1_50' title='bbox 1712 706 1928 788; x_wconf 77' lang='grc' dir='ltr'>σχολά-</span> 
     </span>
    </p>
   </div>
   <div class='ocr_carea' id='block_1_10' title="bbox 278 794 1929 875">
    <p class='ocr_par' dir='ltr' id='par_1_10' title="bbox 278 794 1929 875">
     <span class='ocr_line' id='line_1_10' title="bbox 278 794 1929 875; baseline 0 -25"><span class='ocrx_word' id='word_1_51' title='bbox 278 800 397 865; x_wconf 82' lang='grc' dir='ltr'>ζειν</span> <span class='ocrx_word' id='word_1_52' title='bbox 456 794 661 873; x_wconf 75' lang='grc' dir='ltr'>ἑτέραις</span> <span class='ocrx_word' id='word_1_53' title='bbox 712 797 873 875; x_wconf 80' lang='grc' dir='ltr'>τισὶν,</span> <span class='ocrx_word' id='word_1_54' title='bbox 936 796 1016 853; x_wconf 69' lang='grc' dir='ltr'><strong>ὅτι</strong></span> <span class='ocrx_word' id='word_1_55' title='bbox 1089 798 1167 869; x_wconf 75' lang='grc' dir='ltr'><strong>μὴ</strong></span> <span class='ocrx_word' id='word_1_56' title='bbox 1237 802 1306 873; x_wconf 78' lang='grc' dir='ltr'><strong>τῇ</strong></span> <span class='ocrx_word' id='word_1_57' title='bbox 1376 799 1576 854; x_wconf 87' lang='grc' dir='ltr'>τούτων</span> <span class='ocrx_word' id='word_1_58' title='bbox 1621 794 1929 874; x_wconf 74' lang='grc' dir='ltr'><strong>,ἀναγνώσει</strong></span> 
     </span>
    </p>
   </div>
   <div class='ocr_carea' id='block_1_11' title="bbox 278 882 1930 965">
    <p class='ocr_par' dir='ltr' id='par_1_11' title="bbox 278 882 1930 965">
     <span class='ocr_line' id='line_1_11' title="bbox 278 882 1930 965; baseline -0.002 -24"><span class='ocrx_word' id='word_1_59' title='bbox 278 884 431 958; x_wconf 68' lang='grc' dir='ltr'>μόνῂ</span> <span class='ocrx_word' id='word_1_60' title='bbox 488 884 779 962; x_wconf 61' lang='grc' dir='ltr'>προεῖδρητο.</span> <span class='ocrx_word' id='word_1_61' title='bbox 832 882 1102 962; x_wconf 76' lang='grc' dir='ltr'>Ἕϐδομον</span> <span class='ocrx_word' id='word_1_62' title='bbox 1159 886 1250 942; x_wconf 79' lang='grc' dir='ltr'>οὖν</span> <span class='ocrx_word' id='word_1_63' title='bbox 1308 886 1363 943; x_wconf 70' lang='grc' dir='ltr'>ἐν</span> <span class='ocrx_word' id='word_1_64' title='bbox 1423 892 1491 964; x_wconf 75' lang='grc' dir='ltr'>τῇ</span> <span class='ocrx_word' id='word_1_65' title='bbox 1534 893 1674 962; x_wconf 83' lang='grc' dir='ltr'>μονῇ</span> <span class='ocrx_word' id='word_1_66' title='bbox 1732 885 1930 965; x_wconf 79' lang='grc' dir='ltr'>χρόνον</span> 
     </span>
    </p>
   </div>
   <div class='ocr_carea' id='block_1_12' title="bbox 280 972 1928 1053">
    <p class='ocr_par' dir='ltr' id='par_1_12' title="bbox 280 972 1928 1053">
     <span class='ocr_line' id='line_1_12' title="bbox 280 972 1928 1053; baseline 0 -22"><span class='ocrx_word' id='word_1_67' title='bbox 280 972 641 1032; x_wconf 82' lang='grc' dir='ltr'>Ἀναστασίου</span> <span class='ocrx_word' id='word_1_68' title='bbox 698 973 1033 1049; x_wconf 79' lang='grc' dir='ltr'>διηνυκότος,</span> <span class='ocrx_word' id='word_1_69' title='bbox 1091 978 1217 1053; x_wconf 83' lang='grc' dir='ltr'>ὁρᾷν</span> <span class='ocrx_word' id='word_1_70' title='bbox 1271 974 1436 1041; x_wconf 75' lang='grc' dir='ltr'>οὕτως</span> <span class='ocrx_word' id='word_1_71' title='bbox 1469 973 1771 1032; x_wconf 69' lang='grc' dir='ltr'>ἐπιδιδόντα</span> <span class='ocrx_word' id='word_1_72' title='bbox 1798 977 1928 1052; x_wconf 84' lang='grc' dir='ltr'>πρὸς</span> 
     </span>
    </p>
   </div>
   <div class='ocr_carea' id='block_1_13' title="bbox 275 1064 1924 1145">
    <p class='ocr_par' dir='ltr' id='par_1_13' title="bbox 275 1064 1924 1145">
     <span class='ocr_line' id='line_1_13' title="bbox 275 1064 1924 1145; baseline 0.001 -26"><span class='ocrx_word' id='word_1_73' title='bbox 275 1064 482 1143; x_wconf 74' lang='grc' dir='ltr'>ἀρετὴν</span> <span class='ocrx_word' id='word_1_74' title='bbox 541 1066 569 1123; x_wconf 74' lang='grc' dir='ltr'>ὁ</span> <span class='ocrx_word' id='word_1_75' title='bbox 619 1072 711 1122; x_wconf 80' lang='grc' dir='ltr'>τοῦ</span> <span class='ocrx_word' id='word_1_76' title='bbox 753 1066 946 1145; x_wconf 77' lang='grc' dir='ltr'>φθόνου</span> <span class='ocrx_word' id='word_1_77' title='bbox 978 1066 1157 1144; x_wconf 79' lang='grc' dir='ltr'>πατὴρ</span> <span class='ocrx_word' id='word_1_78' title='bbox 1189 1066 1400 1124; x_wconf 69' lang='grc' dir='ltr'>ἐκεῖνον</span> <span class='ocrx_word' id='word_1_79' title='bbox 1433 1067 1529 1123; x_wconf 76' lang='grc' dir='ltr'>οὒκ</span> <span class='ocrx_word' id='word_1_80' title='bbox 1566 1065 1924 1144; x_wconf 75' lang='grc' dir='ltr'><strong>ἀνεχόμενος,</strong></span> 
     </span>
    </p>
   </div>
   <div class='ocr_carea' id='block_1_14' title="bbox 275 1151 1927 1230">
    <p class='ocr_par' dir='ltr' id='par_1_14' title="bbox 275 1151 1927 1230">
     <span class='ocr_line' id='line_1_14' title="bbox 275 1151 1927 1230; baseline 0.001 -22"><span class='ocrx_word' id='word_1_81' title='bbox 275 1151 409 1209; x_wconf 70' lang='grc' dir='ltr'>ἀλλ’</span> <span class='ocrx_word' id='word_1_82' title='bbox 462 1153 634 1227; x_wconf 79' lang='grc' dir='ltr'>ὁρμὴν</span> <span class='ocrx_word' id='word_1_83' title='bbox 676 1155 940 1222; x_wconf 81' lang='grc' dir='ltr'>τοσαύτην</span> <span class='ocrx_word' id='word_1_84' title='bbox 978 1157 1067 1211; x_wconf 86' lang='grc' dir='ltr'><strong>καὶ</strong></span> <span class='ocrx_word' id='word_1_85' title='bbox 1110 1154 1249 1212; x_wconf 73' lang='grc' dir='ltr'>οὕτω</span> <span class='ocrx_word' id='word_1_86' title='bbox 1281 1154 1530 1212; x_wconf 77' lang='grc' dir='ltr'>σύντονον</span> <span class='ocrx_word' id='word_1_87' title='bbox 1579 1153 1675 1209; x_wconf 68' lang='grc' dir='ltr'><strong>καῖ</strong></span> <span class='ocrx_word' id='word_1_88' title='bbox 1725 1152 1927 1230; x_wconf 73' lang='grc' dir='ltr'>θερμὴν</span> 
     </span>
    </p>
   </div>
   <div class='ocr_carea' id='block_1_15' title="bbox 276 1242 1925 1323">
    <p class='ocr_par' dir='ltr' id='par_1_15' title="bbox 276 1242 1925 1323">
     <span class='ocr_line' id='line_1_15' title="bbox 276 1242 1925 1323; baseline -0.001 -26"><span class='ocrx_word' id='word_1_89' title='bbox 276 1242 551 1316; x_wconf 80' lang='grc' dir='ltr'>ἀνακόψαι</span> <span class='ocrx_word' id='word_1_90' title='bbox 613 1249 845 1323; x_wconf 84' lang='grc' dir='ltr'>μηχανῇ</span> <span class='ocrx_word' id='word_1_91' title='bbox 889 1243 1037 1320; x_wconf 74' lang='grc' dir='ltr'>πάσῃ</span> <span class='ocrx_word' id='word_1_92' title='bbox 1079 1244 1432 1321; x_wconf 80' lang='grc' dir='ltr'>βουλόμενος,</span> <span class='ocrx_word' id='word_1_93' title='bbox 1491 1246 1566 1308; x_wconf 80' lang='grc' dir='ltr'><strong>εἰς</strong></span> <span class='ocrx_word' id='word_1_94' title='bbox 1628 1244 1925 1317; x_wconf 67' lang='grc' dir='ltr'>ὒπόμνησιν</span> 
     </span>
    </p>
   </div>
   <div class='ocr_carea' id='block_1_16' title="bbox 278 1332 1929 1414">
    <p class='ocr_par' dir='ltr' id='par_1_16' title="bbox 278 1332 1929 1414">
     <span class='ocr_line' id='line_1_16' title="bbox 278 1332 1929 1414; baseline -0.002 -18"><span class='ocrx_word' id='word_1_95' title='bbox 278 1338 385 1398; x_wconf 74' lang='grc' dir='ltr'><strong>τῆς</strong></span> <span class='ocrx_word' id='word_1_96' title='bbox 418 1354 474 1388; x_wconf 79' lang='grc' dir='ltr'><strong>τε</strong></span> <span class='ocrx_word' id='word_1_97' title='bbox 505 1339 767 1411; x_wconf 79' lang='grc' dir='ltr'>πατριγῆς</span> <span class='ocrx_word' id='word_1_98' title='bbox 804 1334 963 1392; x_wconf 72' lang='grc' dir='ltr'>αὐτὸν</span> <span class='ocrx_word' id='word_1_99' title='bbox 1020 1332 1361 1401; x_wconf 67' lang='grc' dir='ltr'>διδασκαλίας</span> <span class='ocrx_word' id='word_1_100' title='bbox 1404 1336 1492 1393; x_wconf 80' lang='grc' dir='ltr'><strong>καὶ</strong></span> <span class='ocrx_word' id='word_1_101' title='bbox 1547 1340 1653 1392; x_wconf 67' lang='grc' dir='ltr'><strong>τῶν</strong></span> <span class='ocrx_word' id='word_1_102' title='bbox 1712 1340 1929 1414; x_wconf 81' lang='grc' dir='ltr'>σαπρῶν</span> 
     </span>
    </p>
   </div>
   <div class='ocr_carea' id='block_1_17' title="bbox 276 1421 1928 1502">
    <p class='ocr_par' dir='ltr' id='par_1_17' title="bbox 276 1421 1928 1502">
     <span class='ocr_line' id='line_1_17' title="bbox 276 1421 1928 1502; baseline 0.001 -25"><span class='ocrx_word' id='word_1_103' title='bbox 276 1421 503 1479; x_wconf 74' lang='grc' dir='ltr'>ἐκείνων</span> <span class='ocrx_word' id='word_1_104' title='bbox 557 1427 658 1489; x_wconf 75' lang='grc' dir='ltr'>τῆς</span> <span class='ocrx_word' id='word_1_105' title='bbox 703 1425 952 1501; x_wconf 87' lang='grc' dir='ltr'>γοητείας</span> <span class='ocrx_word' id='word_1_106' title='bbox 996 1424 1155 1501; x_wconf 74' lang='grc' dir='ltr'>ἐνῆγε</span> <span class='ocrx_word' id='word_1_107' title='bbox 1212 1425 1495 1502; x_wconf 82' lang='grc' dir='ltr'>ῥημάτων,</span> <span class='ocrx_word' id='word_1_108' title='bbox 1527 1424 1619 1481; x_wconf 80' lang='grc' dir='ltr'><strong>καὶ</strong></span> <span class='ocrx_word' id='word_1_109' title='bbox 1660 1424 1928 1488; x_wconf 76' lang='grc' dir='ltr'>τοιαύταις</span> 
     </span>
    </p>
   </div>
   <div class='ocr_carea' id='block_1_18' title="bbox 273 1509 1929 1592">
    <p class='ocr_par' dir='ltr' id='par_1_18' title="bbox 273 1509 1929 1592">
     <span class='ocr_line' id='line_1_18' title="bbox 273 1509 1929 1592; baseline 0.001 -25"><span class='ocrx_word' id='word_1_110' title='bbox 273 1509 611 1588; x_wconf 74' lang='grc' dir='ltr'>προσϐολαῖς</span> <span class='ocrx_word' id='word_1_111' title='bbox 653 1526 977 1570; x_wconf 77' lang='grc' dir='ltr'>κατασετσαι</span> <span class='ocrx_word' id='word_1_112' title='bbox 1032 1515 1124 1571; x_wconf 81' lang='grc' dir='ltr'>τὸν</span> <span class='ocrx_word' id='word_1_113' title='bbox 1168 1516 1369 1592; x_wconf 80' lang='grc' dir='ltr'>πύργον</span> <span class='ocrx_word' id='word_1_114' title='bbox 1425 1516 1522 1581; x_wconf 79' lang='grc' dir='ltr'>τῆς</span> <span class='ocrx_word' id='word_1_115' title='bbox 1554 1517 1741 1592; x_wconf 79' lang='grc' dir='ltr'>ψυχῆς</span> <span class='ocrx_word' id='word_1_116' title='bbox 1771 1514 1929 1570; x_wconf 74' lang='grc' dir='ltr'>αὐτοῦ</span> 
     </span>
    </p>
   </div>
   <div class='ocr_carea' id='block_1_19' title="bbox 272 1600 1928 1679">
    <p class='ocr_par' dir='ltr' id='par_1_19' title="bbox 272 1600 1928 1679">
     <span class='ocr_line' id='line_1_19' title="bbox 272 1600 1928 1679; baseline 0.002 -24"><span class='ocrx_word' id='word_1_117' title='bbox 272 1601 558 1677; x_wconf 61' lang='grc' dir='ltr'>ἱπειρᾶεο.</span> <span class='ocrx_word' id='word_1_118' title='bbox 596 1603 695 1658; x_wconf 80' lang='grc' dir='ltr'><strong>Καὶ</strong></span> <span class='ocrx_word' id='word_1_119' title='bbox 722 1601 783 1665; x_wconf 78' lang='grc' dir='ltr'><strong>’ὸς</strong></span> <span class='ocrx_word' id='word_1_120' title='bbox 814 1603 913 1671; x_wconf 76' lang='grc' dir='ltr'>τὴν</span> <span class='ocrx_word' id='word_1_121' title='bbox 945 1600 1234 1670; x_wconf 72' lang='grc' dir='ltr'>ἐπιϐουλὴν</span> <span class='ocrx_word' id='word_1_122' title='bbox 1290 1602 1493 1661; x_wconf 71' lang='grc' dir='ltr'>ἐκείνου</span> <span class='ocrx_word' id='word_1_123' title='bbox 1524 1602 1602 1676; x_wconf 76' lang='grc' dir='ltr'>μὴ</span> <span class='ocrx_word' id='word_1_124' title='bbox 1630 1601 1928 1679; x_wconf 64' lang='grc' dir='ltr'>ἀγνοήσας,</span> 
     </span>
    </p>
   </div>
   <div class='ocr_carea' id='block_1_20' title="bbox 2013 437 3659 523">
    <p class='ocr_par' dir='ltr' id='par_1_20' title="bbox 2013 437 3659 523">
     <span class='ocr_line' id='line_1_20' title="bbox 2013 437 3659 523; baseline 0.005 -24"><span class='ocrx_word' id='word_1_125' title='bbox 2013 437 2133 499; x_wconf 90' lang='lat' dir='ltr'><strong>lum</strong></span> <span class='ocrx_word' id='word_1_126' title='bbox 2147 442 2551 507; x_wconf 87' lang='lat' dir='ltr'><strong>ardentiorem</strong></span> <span class='ocrx_word' id='word_1_127' title='bbox 2567 444 2965 517; x_wconf 78' lang='lat' dir='ltr'><strong>aﬂiciebat,nt</strong></span> <span class='ocrx_word' id='word_1_128' title='bbox 2980 445 3083 523; x_wconf 90' lang='lat' dir='ltr'><strong>qui</strong></span> <span class='ocrx_word' id='word_1_129' title='bbox 3098 444 3533 506; x_wconf 88' lang='lat' dir='ltr'><strong>accenderetur</strong></span> <span class='ocrx_word' id='word_1_130' title='bbox 3553 465 3659 507; x_wconf 89' lang='lat' dir='ltr'><strong>sua</strong></span> 
     </span>
    </p>
   </div>
   <div class='ocr_carea' id='block_1_21' title="bbox 2014 532 3659 615">
    <p class='ocr_par' dir='ltr' id='par_1_21' title="bbox 2014 532 3659 615">
     <span class='ocr_line' id='line_1_21' title="bbox 2014 532 3659 615; baseline 0.005 -27"><span class='ocrx_word' id='word_1_131' title='bbox 2014 546 2148 589; x_wconf 91' lang='lat' dir='ltr'><strong>cum</strong></span> <span class='ocrx_word' id='word_1_132' title='bbox 2187 534 2486 611; x_wconf 82' lang='lat' dir='ltr'><strong>prioribus</strong></span> <span class='ocrx_word' id='word_1_133' title='bbox 2541 537 3027 606; x_wconf 78' lang='lat' dir='ltr'><strong>conversatione,</strong></span> <span class='ocrx_word' id='word_1_134' title='bbox 3089 543 3148 595; x_wconf 87' lang='lat' dir='ltr'><strong>et</strong></span> <span class='ocrx_word' id='word_1_135' title='bbox 3195 532 3405 595; x_wconf 91' lang='lat' dir='ltr'><strong>orabat</strong></span> <span class='ocrx_word' id='word_1_136' title='bbox 3437 543 3500 595; x_wconf 91' lang='lat' dir='ltr'><strong>ut</strong></span> <span class='ocrx_word' id='word_1_137' title='bbox 3529 536 3659 615; x_wconf 91' lang='lat' dir='ltr'><strong>ipse</strong></span> 
     </span>
    </p>
   </div>
   <div class='ocr_carea' id='block_1_22' title="bbox 2012 626 3657 698">
    <p class='ocr_par' dir='ltr' id='par_1_22' title="bbox 2012 626 3657 698">
     <span class='ocr_line' id='line_1_22' title="bbox 2012 626 3657 698; baseline 0.007 -22"><span class='ocrx_word' id='word_1_138' title='bbox 2012 635 2244 693; x_wconf 90' lang='lat' dir='ltr'><strong>quoque</strong></span> <span class='ocrx_word' id='word_1_139' title='bbox 2266 626 2408 683; x_wconf 83' lang='lat' dir='ltr'><strong>tales</strong></span> <span class='ocrx_word' id='word_1_140' title='bbox 2429 641 2533 698; x_wconf 86' lang='lat' dir='ltr'><strong>pro</strong></span> <span class='ocrx_word' id='word_1_141' title='bbox 2554 627 2776 685; x_wconf 86' lang='lat' dir='ltr'><strong>Christo</strong></span> <span class='ocrx_word' id='word_1_142' title='bbox 2792 627 3015 684; x_wconf 87' lang='lat' dir='ltr'><strong>subiret</strong></span> <span class='ocrx_word' id='word_1_143' title='bbox 3043 628 3475 697; x_wconf 83' lang='lat' dir='ltr'><strong>perpessiones.</strong></span> <span class='ocrx_word' id='word_1_144' title='bbox 3502 628 3657 696; x_wconf 89' lang='lat' dir='ltr'><strong>Quo-</strong></span> 
     </span>
    </p>
   </div>
   <div class='ocr_carea' id='block_1_23' title="bbox 2013 705 3655 789">
    <p class='ocr_par' dir='ltr' id='par_1_23' title="bbox 2013 705 3655 789">
     <span class='ocr_line' id='line_1_23' title="bbox 2013 705 3655 789; baseline 0.004 -23"><span class='ocrx_word' id='word_1_145' title='bbox 2013 705 2175 768; x_wconf 83' lang='lat' dir='ltr'><strong>circa</strong></span> <span class='ocrx_word' id='word_1_146' title='bbox 2196 709 2456 773; x_wconf 90' lang='lat' dir='ltr'><strong>nullirei</strong></span> <span class='ocrx_word' id='word_1_147' title='bbox 2485 711 2662 773; x_wconf 91' lang='lat' dir='ltr'><strong>alteri</strong></span> <span class='ocrx_word' id='word_1_148' title='bbox 2686 711 2802 774; x_wconf 88' lang='lat' dir='ltr'><strong>sibi</strong></span> <span class='ocrx_word' id='word_1_149' title='bbox 2824 711 3153 774; x_wconf 89' lang='lat' dir='ltr'><strong>vacandum</strong></span> <span class='ocrx_word' id='word_1_150' title='bbox 3179 729 3314 772; x_wconf 87' lang='lat' dir='ltr'><strong>esse</strong></span> <span class='ocrx_word' id='word_1_151' title='bbox 3346 710 3655 789; x_wconf 86' lang='lat' dir='ltr'><strong>censebat,</strong></span> 
     </span>
    </p>
   </div>
   <div class='ocr_carea' id='block_1_24' title="bbox 2015 796 3659 879">
    <p class='ocr_par' dir='ltr' id='par_1_24' title="bbox 2015 796 3659 879">
     <span class='ocr_line' id='line_1_24' title="bbox 2015 796 3659 879; baseline 0.004 -23"><span class='ocrx_word' id='word_1_152' title='bbox 2015 796 2129 857; x_wconf 89' lang='lat' dir='ltr'><strong>nisi</strong></span> <span class='ocrx_word' id='word_1_153' title='bbox 2158 799 2268 860; x_wconf 90' lang='lat' dir='ltr'><strong>soli</strong></span> <span class='ocrx_word' id='word_1_154' title='bbox 2300 818 2509 863; x_wconf 89' lang='lat' dir='ltr'><strong>eorum</strong></span> <span class='ocrx_word' id='word_1_155' title='bbox 2542 800 2811 863; x_wconf 88' lang='lat' dir='ltr'><strong>lectioni.</strong></span> <span class='ocrx_word' id='word_1_156' title='bbox 2846 801 2992 864; x_wconf 91' lang='lat' dir='ltr'><strong>Cum</strong></span> <span class='ocrx_word' id='word_1_157' title='bbox 3027 818 3169 879; x_wconf 86' lang='lat' dir='ltr'><strong>ergo</strong></span> <span class='ocrx_word' id='word_1_158' title='bbox 3204 807 3434 879; x_wconf 90' lang='lat' dir='ltr'><strong>septem</strong></span> <span class='ocrx_word' id='word_1_159' title='bbox 3469 819 3659 862; x_wconf 90' lang='lat' dir='ltr'><strong>annos</strong></span> 
     </span>
    </p>
   </div>
   <div class='ocr_carea' id='block_1_25' title="bbox 2010 888 3659 971">
    <p class='ocr_par' dir='ltr' id='par_1_25' title="bbox 2010 888 3659 971">
     <span class='ocr_line' id='line_1_25' title="bbox 2010 888 3659 971; baseline 0.005 -26"><span class='ocrx_word' id='word_1_160' title='bbox 2010 890 2071 946; x_wconf 87' lang='lat' dir='ltr'><strong>in</strong></span> <span class='ocrx_word' id='word_1_161' title='bbox 2098 890 2461 952; x_wconf 88' lang='lat' dir='ltr'><strong>monasterio</strong></span> <span class='ocrx_word' id='word_1_162' title='bbox 2487 891 2876 970; x_wconf 85' lang='lat' dir='ltr'><strong>transegisset</strong></span> <span class='ocrx_word' id='word_1_163' title='bbox 2896 889 3274 970; x_wconf 78' lang='lat' dir='ltr'><strong>Anastasius,</strong></span> <span class='ocrx_word' id='word_1_164' title='bbox 3300 888 3507 951; x_wconf 88' lang='lat' dir='ltr'><strong>videre</strong></span> <span class='ocrx_word' id='word_1_165' title='bbox 3528 892 3659 971; x_wconf 80' lang='lat' dir='ltr'><strong>ejus</strong></span> 
     </span>
    </p>
   </div>
   <div class='ocr_carea' id='block_1_26' title="bbox 2012 974 3655 1059">
    <p class='ocr_par' dir='ltr' id='par_1_26' title="bbox 2012 974 3655 1059">
     <span class='ocr_line' id='line_1_26' title="bbox 2012 974 3655 1059; baseline 0.004 -25"><span class='ocrx_word' id='word_1_166' title='bbox 2012 974 2072 1035; x_wconf 93' lang='lat' dir='ltr'><strong>in</strong></span> <span class='ocrx_word' id='word_1_167' title='bbox 2101 974 2315 1039; x_wconf 91' lang='lat' dir='ltr'><strong>virtute</strong></span> <span class='ocrx_word' id='word_1_168' title='bbox 2364 988 2750 1059; x_wconf 79' lang='lat' dir='ltr'><strong>augmentum</strong></span> <span class='ocrx_word' id='word_1_169' title='bbox 2788 998 2907 1041; x_wconf 92' lang='lat' dir='ltr'><strong>non</strong></span> <span class='ocrx_word' id='word_1_170' title='bbox 2940 979 3143 1042; x_wconf 87' lang='lat' dir='ltr'><strong>ferens</strong></span> <span class='ocrx_word' id='word_1_171' title='bbox 3178 988 3352 1058; x_wconf 87' lang='lat' dir='ltr'><strong>pater</strong></span> <span class='ocrx_word' id='word_1_172' title='bbox 3384 979 3655 1052; x_wconf 82' lang='lat' dir='ltr'><strong>invidiae,</strong></span> 
     </span>
    </p>
   </div>
   <div class='ocr_carea' id='block_1_27' title="bbox 2010 1064 3658 1149">
    <p class='ocr_par' dir='ltr' id='par_1_27' title="bbox 2010 1064 3658 1149">
     <span class='ocr_line' id='line_1_27' title="bbox 2010 1064 3658 1149; baseline 0.001 -23"><span class='ocrx_word' id='word_1_173' title='bbox 2010 1064 2116 1127; x_wconf 88' lang='lat' dir='ltr'><strong>sed</strong></span> <span class='ocrx_word' id='word_1_174' title='bbox 2150 1074 2375 1129; x_wconf 87' lang='lat' dir='ltr'><strong>tantum</strong></span> <span class='ocrx_word' id='word_1_175' title='bbox 2411 1077 2467 1131; x_wconf 89' lang='lat' dir='ltr'><strong>et</strong></span> <span class='ocrx_word' id='word_1_176' title='bbox 2494 1078 2613 1131; x_wconf 91' lang='lat' dir='ltr'><strong>tam</strong></span> <span class='ocrx_word' id='word_1_177' title='bbox 2639 1076 3015 1131; x_wconf 80' lang='lat' dir='ltr'><strong>constantem</strong></span> <span class='ocrx_word' id='word_1_178' title='bbox 3057 1068 3495 1149; x_wconf 84' lang='lat' dir='ltr'><strong>ardentemque</strong></span> <span class='ocrx_word' id='word_1_179' title='bbox 3525 1073 3658 1149; x_wconf 89' lang='lat' dir='ltr'><strong>ejus</strong></span> 
     </span>
    </p>
   </div>
   <div class='ocr_carea' id='block_1_28' title="bbox 2011 1153 3655 1235">
    <p class='ocr_par' dir='ltr' id='par_1_28' title="bbox 2011 1153 3655 1235">
     <span class='ocr_line' id='line_1_28' title="bbox 2011 1153 3655 1235; baseline 0.002 -21"><span class='ocrx_word' id='word_1_180' title='bbox 2011 1153 2300 1235; x_wconf 86' lang='lat' dir='ltr'><strong>impetum</strong></span> <span class='ocrx_word' id='word_1_181' title='bbox 2335 1166 2393 1219; x_wconf 92' lang='lat' dir='ltr'><strong>et</strong></span> <span class='ocrx_word' id='word_1_182' title='bbox 2411 1159 2671 1221; x_wconf 89' lang='lat' dir='ltr'><strong>studium</strong></span> <span class='ocrx_word' id='word_1_183' title='bbox 2697 1159 2904 1221; x_wconf 90' lang='lat' dir='ltr'><strong>volens</strong></span> <span class='ocrx_word' id='word_1_184' title='bbox 2935 1156 3098 1219; x_wconf 91' lang='lat' dir='ltr'><strong>omni</strong></span> <span class='ocrx_word' id='word_1_185' title='bbox 3119 1159 3353 1219; x_wconf 89' lang='lat' dir='ltr'><strong>ratione</strong></span> <span class='ocrx_word' id='word_1_186' title='bbox 3380 1158 3655 1219; x_wconf 87' lang='lat' dir='ltr'><strong>retarda-</strong></span> 
     </span>
    </p>
   </div>
   <div class='ocr_carea' id='block_1_29' title="bbox 2009 1245 3653 1329">
    <p class='ocr_par' dir='ltr' id='par_1_29' title="bbox 2009 1245 3653 1329">
     <span class='ocr_line' id='line_1_29' title="bbox 2009 1245 3653 1329; baseline 0.004 -26"><span class='ocrx_word' id='word_1_187' title='bbox 2009 1261 2098 1318; x_wconf 88' lang='lat' dir='ltr'><strong>re,</strong></span> <span class='ocrx_word' id='word_1_188' title='bbox 2135 1245 2530 1325; x_wconf 78' lang='lat' dir='ltr'><strong>eipaternam</strong></span> <span class='ocrx_word' id='word_1_189' title='bbox 2564 1247 2897 1310; x_wconf 85' lang='lat' dir='ltr'><strong>doctrinam</strong></span> <span class='ocrx_word' id='word_1_190' title='bbox 2932 1247 3155 1309; x_wconf 89' lang='lat' dir='ltr'><strong>vocavit</strong></span> <span class='ocrx_word' id='word_1_191' title='bbox 3187 1254 3247 1307; x_wconf 91' lang='lat' dir='ltr'><strong>in</strong></span> <span class='ocrx_word' id='word_1_192' title='bbox 3276 1253 3653 1329; x_wconf 78' lang='lat' dir='ltr'><strong>memoriam,</strong></span> 
     </span>
    </p>
   </div>
   <div class='ocr_carea' id='block_1_30' title="bbox 2010 1332 3659 1417">
    <p class='ocr_par' dir='ltr' id='par_1_30' title="bbox 2010 1332 3659 1417">
     <span class='ocr_line' id='line_1_30' title="bbox 2010 1332 3659 1417; baseline 0.003 -23"><span class='ocrx_word' id='word_1_193' title='bbox 2010 1342 2069 1394; x_wconf 89' lang='lat' dir='ltr'><strong>et</strong></span> <span class='ocrx_word' id='word_1_194' title='bbox 2088 1332 2295 1395; x_wconf 75' lang='lat' dir='ltr'><strong>fmtida</strong></span> <span class='ocrx_word' id='word_1_195' title='bbox 2327 1335 2431 1397; x_wconf 89' lang='lat' dir='ltr'><strong>illa</strong></span> <span class='ocrx_word' id='word_1_196' title='bbox 2460 1336 2640 1398; x_wconf 88' lang='lat' dir='ltr'><strong>verba</strong></span> <span class='ocrx_word' id='word_1_197' title='bbox 2672 1336 3136 1417; x_wconf 80' lang='lat' dir='ltr'><strong>praestigiarum,</strong></span> <span class='ocrx_word' id='word_1_198' title='bbox 3158 1346 3217 1400; x_wconf 89' lang='lat' dir='ltr'><strong>et</strong></span> <span class='ocrx_word' id='word_1_199' title='bbox 3241 1338 3532 1415; x_wconf 88' lang='lat' dir='ltr'><strong>ejusmodi</strong></span> <span class='ocrx_word' id='word_1_200' title='bbox 3566 1338 3659 1399; x_wconf 91' lang='lat' dir='ltr'><strong>in-</strong></span> 
     </span>
    </p>
   </div>
   <div class='ocr_carea' id='block_1_31' title="bbox 2013 1421 3658 1503">
    <p class='ocr_par' dir='ltr' id='par_1_31' title="bbox 2013 1421 3658 1503">
     <span class='ocr_line' id='line_1_31' title="bbox 2013 1421 3658 1503; baseline 0.002 -20"><span class='ocrx_word' id='word_1_201' title='bbox 2013 1421 2270 1486; x_wconf 87' lang='lat' dir='ltr'><strong>sultibus</strong></span> <span class='ocrx_word' id='word_1_202' title='bbox 2299 1424 2429 1503; x_wconf 87' lang='lat' dir='ltr'><strong>ejus</strong></span> <span class='ocrx_word' id='word_1_203' title='bbox 2462 1424 2680 1488; x_wconf 71' lang='lat' dir='ltr'><strong>animae</strong></span> <span class='ocrx_word' id='word_1_204' title='bbox 2711 1428 2922 1488; x_wconf 88' lang='lat' dir='ltr'><strong>turrim</strong></span> <span class='ocrx_word' id='word_1_205' title='bbox 2972 1426 3306 1490; x_wconf 87' lang='lat' dir='ltr'><strong>conabatur</strong></span> <span class='ocrx_word' id='word_1_206' title='bbox 3335 1425 3658 1487; x_wconf 80' lang='lat' dir='ltr'><strong>labefacta-</strong></span> 
     </span>
    </p>
   </div>
   <div class='ocr_carea' id='block_1_32' title="bbox 2012 1511 3659 1595">
    <p class='ocr_par' dir='ltr' id='par_1_32' title="bbox 2012 1511 3659 1595">
     <span class='ocr_line' id='line_1_32' title="bbox 2012 1511 3659 1595; baseline 0.002 -22"><span class='ocrx_word' id='word_1_207' title='bbox 2012 1511 2162 1574; x_wconf 87' lang='lat' dir='ltr'><strong>re.Is</strong></span> <span class='ocrx_word' id='word_1_208' title='bbox 2184 1523 2384 1575; x_wconf 91' lang='lat' dir='ltr'><strong>autem</strong></span> <span class='ocrx_word' id='word_1_209' title='bbox 2407 1513 2572 1576; x_wconf 87' lang='lat' dir='ltr'><strong>illius</strong></span> <span class='ocrx_word' id='word_1_210' title='bbox 2594 1534 2714 1577; x_wconf 93' lang='lat' dir='ltr'><strong>non</strong></span> <span class='ocrx_word' id='word_1_211' title='bbox 2734 1515 3020 1595; x_wconf 77' lang='lat' dir='ltr'><strong>ignorans</strong></span> <span class='ocrx_word' id='word_1_212' title='bbox 3061 1513 3338 1588; x_wconf 88' lang='lat' dir='ltr'><strong>insidias,</strong></span> <span class='ocrx_word' id='word_1_213' title='bbox 3371 1515 3659 1577; x_wconf 89' lang='lat' dir='ltr'><strong>adversus</strong></span> 
     </span>
    </p>
   </div>
   <div class='ocr_carea' id='block_1_33' title="bbox 2012 1606 3663 1684">
    <p class='ocr_par' dir='ltr' id='par_1_33' title="bbox 2012 1606 3663 1684">
     <span class='ocr_line' id='line_1_33' title="bbox 2012 1606 3663 1684; baseline 0.002 -20"><span class='ocrx_word' id='word_1_214' title='bbox 2012 1621 2147 1665; x_wconf 90' lang='lat' dir='ltr'><strong>eum</strong></span> <span class='ocrx_word' id='word_1_215' title='bbox 2170 1621 2500 1684; x_wconf 88' lang='lat' dir='ltr'><strong>supernum</strong></span> <span class='ocrx_word' id='word_1_216' title='bbox 2524 1607 2766 1668; x_wconf 84' lang='lat' dir='ltr'><strong>invocat</strong></span> <span class='ocrx_word' id='word_1_217' title='bbox 2787 1606 3344 1682; x_wconf 86' lang='lat' dir='ltr'><strong>auxilium,turrem</strong></span> <span class='ocrx_word' id='word_1_218' title='bbox 3365 1607 3663 1668; x_wconf 84' lang='lat' dir='ltr'><strong>fortitudi-</strong></span> 
     </span>
    </p>
   </div>
   <div class='ocr_carea' id='block_1_34' title="bbox 272 1688 1929 1771">
    <p class='ocr_par' dir='ltr' id='par_1_34' title="bbox 272 1688 1929 1771">
     <span class='ocr_line' id='line_1_34' title="bbox 272 1688 1929 1771; baseline 0.001 -26"><span class='ocrx_word' id='word_1_219' title='bbox 272 1690 387 1756; x_wconf 79' lang='grc' dir='ltr'><strong>τὴν</strong></span> <span class='ocrx_word' id='word_1_220' title='bbox 414 1688 611 1746; x_wconf 75' lang='grc' dir='ltr'>ἄνωθεν</span> <span class='ocrx_word' id='word_1_221' title='bbox 640 1689 985 1748; x_wconf 73' lang='grc' dir='ltr'>ἐπικαλεῖται</span> <span class='ocrx_word' id='word_1_222' title='bbox 1015 1693 1135 1749; x_wconf 82' lang='grc' dir='ltr'>κατ’</span> <span class='ocrx_word' id='word_1_223' title='bbox 1171 1692 1330 1748; x_wconf 75' lang='grc' dir='ltr'>αὒτοῦ</span> <span class='ocrx_word' id='word_1_224' title='bbox 1360 1693 1701 1771; x_wconf 81' lang='grc' dir='ltr'>συμμαχίαν,</span> <span class='ocrx_word' id='word_1_225' title='bbox 1739 1691 1929 1769; x_wconf 79' lang='grc' dir='ltr'>πύργον</span> 
     </span>
    </p>
   </div>
   <div class='ocr_carea' id='block_1_35' title="bbox 2017 1688 3655 1771">
    <p class='ocr_par' dir='ltr' id='par_1_35' title="bbox 2017 1692 3655 1771">
     <span class='ocr_line' id='line_1_35' title="bbox 2017 1692 3655 1771; baseline 0.002 -17"><span class='ocrx_word' id='word_1_226' title='bbox 2017 1692 2130 1764; x_wconf 88' lang='lat' dir='ltr'><strong>nis,</strong></span> <span class='ocrx_word' id='word_1_227' title='bbox 2166 1701 2228 1754; x_wconf 92' lang='lat' dir='ltr'><strong>ut</strong></span> <span class='ocrx_word' id='word_1_228' title='bbox 2255 1694 2451 1757; x_wconf 85' lang='lat' dir='ltr'><strong>dicam</strong></span> <span class='ocrx_word' id='word_1_229' title='bbox 2484 1714 2619 1758; x_wconf 89' lang='lat' dir='ltr'><strong>cum</strong></span> <span class='ocrx_word' id='word_1_230' title='bbox 2645 1696 2849 1758; x_wconf 86' lang='lat' dir='ltr'><strong>divino</strong></span> <span class='ocrx_word' id='word_1_231' title='bbox 2872 1695 3082 1771; x_wconf 85' lang='lat' dir='ltr'><strong>David,</strong></span> <span class='ocrx_word' id='word_1_232' title='bbox 3118 1695 3322 1758; x_wconf 79' lang='lat' dir='ltr'><strong>afacie</strong></span> <span class='ocrx_word' id='word_1_233' title='bbox 3342 1695 3575 1757; x_wconf 86' lang='lat' dir='ltr'><strong>inimici</strong></span> <span class='ocrx_word' id='word_1_234' title='bbox 3606 1697 3655 1757; x_wconf 67' lang='grc' dir='ltr'>ε.</span> 
     </span>
    </p>
   </div>
   <div class='ocr_carea' id='block_1_36' title="bbox 272 1778 1929 1867">
    <p class='ocr_par' dir='ltr' id='par_1_36' title="bbox 272 1778 1929 1861">
     <span class='ocr_line' id='line_1_36' title="bbox 272 1778 1929 1861; baseline 0 -27"><span class='ocrx_word' id='word_1_235' title='bbox 272 1779 497 1857; x_wconf 74' lang='grc' dir='ltr'>ἰσχύος,</span> <span class='ocrx_word' id='word_1_236' title='bbox 541 1780 602 1835; x_wconf 79' lang='grc' dir='ltr'>τὸ</span> <span class='ocrx_word' id='word_1_237' title='bbox 658 1789 754 1840; x_wconf 78' lang='grc' dir='ltr'><strong>τοῦ</strong></span> <span class='ocrx_word' id='word_1_238' title='bbox 805 1782 945 1837; x_wconf 86' lang='grc' dir='ltr'>θείου</span> <span class='ocrx_word' id='word_1_239' title='bbox 1001 1782 1163 1861; x_wconf 86' lang='grc' dir='ltr'>φάναι</span> <span class='ocrx_word' id='word_1_240' title='bbox 1229 1778 1414 1855; x_wconf 81' lang='grc' dir='ltr'>Δαϐὶδ,</span> <span class='ocrx_word' id='word_1_241' title='bbox 1477 1781 1584 1836; x_wconf 80' lang='grc' dir='ltr'><strong>ἀπὸ</strong></span> <span class='ocrx_word' id='word_1_242' title='bbox 1644 1782 1929 1859; x_wconf 69' lang='grc' dir='ltr'>προσώπου</span> 
     </span>
    </p>
   </div>
   <div class='ocr_carea' id='block_1_37' title="bbox 2017 1778 3659 1867">
    <p class='ocr_par' dir='ltr' id='par_1_37' title="bbox 2017 1783 3659 1867">
     <span class='ocr_line' id='line_1_37' title="bbox 2017 1783 3659 1867; baseline 0.001 -21"><span class='ocrx_word' id='word_1_243' title='bbox 2017 1783 2244 1846; x_wconf 90' lang='lat' dir='ltr'><strong>Deinde</strong></span> <span class='ocrx_word' id='word_1_244' title='bbox 2270 1784 2450 1847; x_wconf 91' lang='lat' dir='ltr'><strong>etiam</strong></span> <span class='ocrx_word' id='word_1_245' title='bbox 2484 1803 2620 1847; x_wconf 90' lang='lat' dir='ltr'><strong>cum</strong></span> <span class='ocrx_word' id='word_1_246' title='bbox 2654 1785 2866 1848; x_wconf 87' lang='lat' dir='ltr'><strong>calidis</strong></span> <span class='ocrx_word' id='word_1_247' title='bbox 2917 1786 3197 1867; x_wconf 82' lang='lat' dir='ltr'><strong>lacrymis</strong></span> <span class='ocrx_word' id='word_1_248' title='bbox 3249 1787 3541 1864; x_wconf 90' lang='lat' dir='ltr'><strong>magistro</strong></span> <span class='ocrx_word' id='word_1_249' title='bbox 3571 1787 3659 1848; x_wconf 91' lang='lat' dir='ltr'><strong>si-</strong></span> 
     </span>
    </p>
   </div>
   <div class='ocr_carea' id='block_1_38' title="bbox 279 1868 1929 1958">
    <p class='ocr_par' dir='ltr' id='par_1_38' title="bbox 279 1868 1929 1958">
     <span class='ocr_line' id='line_1_38' title="bbox 279 1868 1929 1958; baseline 0 -35"><span class='ocrx_word' id='word_1_250' title='bbox 279 1868 483 1958; x_wconf 72' lang='grc' dir='ltr'>ἑχθρού</span> <span class='ocrx_word' id='word_1_251' title='bbox 518 1885 530 1897; x_wconf 90' lang='grc'><strong>·</strong></span> <span class='ocrx_word' id='word_1_252' title='bbox 569 1870 693 1958; x_wconf 73' lang='grc' dir='ltr'>εἶτα</span> <span class='ocrx_word' id='word_1_253' title='bbox 722 1872 812 1927; x_wconf 89' lang='grc' dir='ltr'><strong>καὶ</strong></span> <span class='ocrx_word' id='word_1_254' title='bbox 843 1869 1238 1949; x_wconf 79' lang='grc' dir='ltr'>προσαγγέλλει</span> <span class='ocrx_word' id='word_1_255' title='bbox 1286 1871 1426 1944; x_wconf 79' lang='grc' dir='ltr'>μετὰ</span> <span class='ocrx_word' id='word_1_256' title='bbox 1457 1872 1665 1958; x_wconf 66' lang='grc' dir='ltr'>θερμῴν</span> <span class='ocrx_word' id='word_1_257' title='bbox 1695 1868 1929 1958; x_wconf 74' lang='grc' dir='ltr'>δακρύων</span> 
     </span>
    </p>
   </div>
   <div class='ocr_carea' id='block_1_39' title="bbox 2017 1868 3659 1958">
    <p class='ocr_par' dir='ltr' id='par_1_39' title="bbox 2017 1874 3659 1958">
     <span class='ocr_line' id='line_1_39' title="bbox 2017 1874 3659 1958; baseline 0.002 -24"><span class='ocrx_word' id='word_1_258' title='bbox 2017 1874 2253 1951; x_wconf 82' lang='lat' dir='ltr'><strong>gniﬁcat</strong></span> <span class='ocrx_word' id='word_1_259' title='bbox 2274 1875 2520 1953; x_wconf 82' lang='lat' dir='ltr'><strong>maligni</strong></span> <span class='ocrx_word' id='word_1_260' title='bbox 2548 1876 2829 1954; x_wconf 87' lang='lat' dir='ltr'><strong>injuriam</strong></span> <span class='ocrx_word' id='word_1_261' title='bbox 2863 1885 2922 1938; x_wconf 92' lang='lat' dir='ltr'><strong>et</strong></span> <span class='ocrx_word' id='word_1_262' title='bbox 2955 1876 3493 1958; x_wconf 90' lang='lat' dir='ltr'><strong>petulantiam.llle</strong></span> <span class='ocrx_word' id='word_1_263' title='bbox 3517 1894 3659 1939; x_wconf 88' lang='lat' dir='ltr'><strong>vero</strong></span> 
     </span>
    </p>
   </div>
   <div class='ocr_carea' id='block_1_40' title="bbox 276 1949 1929 2046">
    <p class='ocr_par' dir='ltr' id='par_1_40' title="bbox 276 1949 1929 2040">
     <span class='ocr_line' id='line_1_40' title="bbox 276 1949 1929 2040; baseline 0.002 -29"><span class='ocrx_word' id='word_1_264' title='bbox 276 1964 363 2030; x_wconf 83' lang='grc' dir='ltr'><strong>τῷ</strong></span> <span class='ocrx_word' id='word_1_265' title='bbox 391 1954 707 2033; x_wconf 81' lang='grc' dir='ltr'>διδᾶσκάλῳ</span> <span class='ocrx_word' id='word_1_266' title='bbox 752 1966 840 2016; x_wconf 77' lang='grc' dir='ltr'>τοῦ</span> <span class='ocrx_word' id='word_1_267' title='bbox 884 1968 1121 2040; x_wconf 79' lang='grc' dir='ltr'>πονηροῦ</span> <span class='ocrx_word' id='word_1_268' title='bbox 1150 1961 1249 2027; x_wconf 80' lang='grc' dir='ltr'>τὴν</span> <span class='ocrx_word' id='word_1_269' title='bbox 1295 1960 1577 2037; x_wconf 70' lang='grc' dir='ltr'>ἐπήρειαν,</span> <span class='ocrx_word' id='word_1_270' title='bbox 1611 1949 1669 2016; x_wconf 68' lang='grc' dir='ltr'>Ὀ</span> <span class='ocrx_word' id='word_1_271' title='bbox 1713 1956 1768 2013; x_wconf 80' lang='grc' dir='ltr'>δὲ</span> <span class='ocrx_word' id='word_1_272' title='bbox 1824 1959 1929 2015; x_wconf 82' lang='grc' dir='ltr'><strong>ἀπὸ</strong></span> 
     </span>
    </p>
   </div>
   <div class='ocr_carea' id='block_1_41' title="bbox 2017 1949 3660 2046">
    <p class='ocr_par' dir='ltr' id='par_1_41' title="bbox 2017 1949 3660 2046">
     <span class='ocr_line' id='line_1_41' title="bbox 2017 1949 3660 2046; baseline 0.002 -23"><span class='ocrx_word' id='word_1_273' title='bbox 2017 1949 2148 2024; x_wconf 74' lang='lat' dir='ltr'><strong>cum</strong></span> <span class='ocrx_word' id='word_1_274' title='bbox 2180 1982 2251 2025; x_wconf 84' lang='lat' dir='ltr'><strong>ex</strong></span> <span class='ocrx_word' id='word_1_275' title='bbox 2278 1982 2374 2043; x_wconf 89' lang='lat' dir='ltr'><strong>eo,</strong></span> <span class='ocrx_word' id='word_1_276' title='bbox 2399 1949 2563 2042; x_wconf 69' lang='lat' dir='ltr'><strong>quod</strong></span> <span class='ocrx_word' id='word_1_277' title='bbox 2591 1949 2751 2027; x_wconf 78' lang='lat' dir='ltr'><strong>esset</strong></span> <span class='ocrx_word' id='word_1_278' title='bbox 2802 1949 3035 2046; x_wconf 77' lang='lat' dir='ltr'><strong>passus,</strong></span> <span class='ocrx_word' id='word_1_279' title='bbox 3089 1974 3293 2046; x_wconf 79' lang='lat' dir='ltr'><strong>posset</strong></span> <span class='ocrx_word' id='word_1_280' title='bbox 3321 1966 3501 2027; x_wconf 90' lang='lat' dir='ltr'><strong>etiam</strong></span> <span class='ocrx_word' id='word_1_281' title='bbox 3536 1974 3660 2027; x_wconf 92' lang='lat' dir='ltr'><strong>tuto</strong></span> 
     </span>
    </p>
   </div>
   <div class='ocr_carea' id='block_1_42' title="bbox 276 2046 1929 2134">
    <p class='ocr_par' dir='ltr' id='par_1_42' title="bbox 276 2046 1927 2130">
     <span class='ocr_line' id='line_1_42' title="bbox 276 2046 1927 2130; baseline 0 -27"><span class='ocrx_word' id='word_1_282' title='bbox 276 2053 378 2103; x_wconf 81' lang='grc' dir='ltr'>τοῦ</span> <span class='ocrx_word' id='word_1_283' title='bbox 433 2050 621 2105; x_wconf 77' lang='grc' dir='ltr'>παθεῖν</span> <span class='ocrx_word' id='word_1_284' title='bbox 678 2048 912 2128; x_wconf 68' lang='grc' dir='ltr'>ἀσφαλὲς</span> <span class='ocrx_word' id='word_1_285' title='bbox 944 2049 1092 2130; x_wconf 75' lang='grc' dir='ltr'>ἔχων</span> <span class='ocrx_word' id='word_1_286' title='bbox 1126 2049 1304 2106; x_wconf 77' lang='grc' dir='ltr'>καὶτὸ</span> <span class='ocrx_word' id='word_1_287' title='bbox 1364 2046 1654 2123; x_wconf 76' lang='grc' dir='ltr'>διδάσκειν,</span> <span class='ocrx_word' id='word_1_288' title='bbox 1690 2048 1754 2104; x_wconf 81' lang='grc' dir='ltr'><strong>τὰ</strong></span> <span class='ocrx_word' id='word_1_289' title='bbox 1797 2046 1927 2104; x_wconf 83' lang='grc' dir='ltr'>κάλ-</span> 
     </span>
    </p>
   </div>
   <div class='ocr_carea' id='block_1_43' title="bbox 2017 2046 3662 2134">
    <p class='ocr_par' dir='ltr' id='par_1_43' title="bbox 2017 2051 3662 2134">
     <span class='ocr_line' id='line_1_43' title="bbox 2017 2051 3662 2134; baseline 0.004 -22"><span class='ocrx_word' id='word_1_290' title='bbox 2017 2051 2255 2128; x_wconf 77' lang='lat' dir='ltr'><strong>docere,</strong></span> <span class='ocrx_word' id='word_1_291' title='bbox 2293 2055 2397 2115; x_wconf 88' lang='lat' dir='ltr'><strong>ubi</strong></span> <span class='ocrx_word' id='word_1_292' title='bbox 2456 2055 2864 2134; x_wconf 84' lang='lat' dir='ltr'><strong>pulcherrima</strong></span> <span class='ocrx_word' id='word_1_293' title='bbox 2913 2056 2970 2118; x_wconf 93' lang='lat' dir='ltr'><strong>ei</strong></span> <span class='ocrx_word' id='word_1_294' title='bbox 3018 2055 3288 2117; x_wconf 88' lang='lat' dir='ltr'><strong>dedisset</strong></span> <span class='ocrx_word' id='word_1_295' title='bbox 3317 2055 3565 2133; x_wconf 89' lang='lat' dir='ltr'><strong>monita,</strong></span> <span class='ocrx_word' id='word_1_296' title='bbox 3601 2066 3662 2119; x_wconf 90' lang='lat' dir='ltr'><strong>et</strong></span> 
     </span>
    </p>
   </div>
   <div class='ocr_carea' id='block_1_44' title="bbox 276 2135 1929 2225">
    <p class='ocr_par' dir='ltr' id='par_1_44' title="bbox 276 2135 1927 2225">
     <span class='ocr_line' id='line_1_44' title="bbox 276 2135 1927 2225; baseline 0 -33"><span class='ocrx_word' id='word_1_297' title='bbox 276 2135 441 2193; x_wconf 69' lang='grc' dir='ltr'>λιστα</span> <span class='ocrx_word' id='word_1_298' title='bbox 495 2136 844 2225; x_wconf 67' lang='grc' dir='ltr'>ὑποθέμενος,</span> <span class='ocrx_word' id='word_1_299' title='bbox 908 2139 1093 2197; x_wconf 76' lang='grc' dir='ltr'>ἔπειτα</span> <span class='ocrx_word' id='word_1_300' title='bbox 1149 2141 1201 2195; x_wconf 78' lang='grc' dir='ltr'>αἱ</span> <span class='ocrx_word' id='word_1_301' title='bbox 1269 2139 1439 2218; x_wconf 72' lang='grc' dir='ltr'>εὗχὴν</span> <span class='ocrx_word' id='word_1_302' title='bbox 1497 2138 1601 2195; x_wconf 77' lang='grc' dir='ltr'><strong>ὑπὸ</strong></span> <span class='ocrx_word' id='word_1_303' title='bbox 1657 2136 1806 2212; x_wconf 72' lang='grc' dir='ltr'>πάσῃ</span> <span class='ocrx_word' id='word_1_304' title='bbox 1859 2143 1927 2212; x_wconf 76' lang='grc' dir='ltr'>τῇ</span> 
     </span>
    </p>
   </div>
   <div class='ocr_carea' id='block_1_45' title="bbox 2017 2135 3660 2225">
    <p class='ocr_par' dir='ltr' id='par_1_45' title="bbox 2017 2141 3660 2225">
     <span class='ocr_line' id='line_1_45' title="bbox 2017 2141 3660 2225; baseline 0.002 -22"><span class='ocrx_word' id='word_1_305' title='bbox 2017 2141 2232 2204; x_wconf 90' lang='lat' dir='ltr'><strong>deinde</strong></span> <span class='ocrx_word' id='word_1_306' title='bbox 2260 2142 2441 2205; x_wconf 88' lang='lat' dir='ltr'><strong>etiam</strong></span> <span class='ocrx_word' id='word_1_307' title='bbox 2488 2143 2744 2206; x_wconf 83' lang='lat' dir='ltr'><strong>fudisset</strong></span> <span class='ocrx_word' id='word_1_308' title='bbox 2795 2162 3030 2225; x_wconf 85' lang='lat' dir='ltr'><strong>preces,</strong></span> <span class='ocrx_word' id='word_1_309' title='bbox 3086 2146 3148 2205; x_wconf 91' lang='lat' dir='ltr'><strong>in</strong></span> <span class='ocrx_word' id='word_1_310' title='bbox 3203 2154 3322 2206; x_wconf 93' lang='lat' dir='ltr'><strong>toto</strong></span> <span class='ocrx_word' id='word_1_311' title='bbox 3356 2157 3660 2207; x_wconf 86' lang='lat' dir='ltr'><strong>conventu</strong></span> 
     </span>
    </p>
   </div>
   <div class='ocr_carea' id='block_1_46' title="bbox 274 2224 1929 2314">
    <p class='ocr_par' dir='ltr' id='par_1_46' title="bbox 274 2224 1920 2307">
     <span class='ocr_line' id='line_1_46' title="bbox 274 2224 1920 2307; baseline 0 -25"><span class='ocrx_word' id='word_1_312' title='bbox 274 2232 393 2283; x_wconf 81' lang='grc' dir='ltr'><strong>τῶν</strong></span> <span class='ocrx_word' id='word_1_313' title='bbox 448 2224 686 2307; x_wconf 70' lang='grc' dir='ltr'>ἀδελφῶν</span> <span class='ocrx_word' id='word_1_314' title='bbox 730 2226 937 2294; x_wconf 79' lang='grc' dir='ltr'>συνάξει</span> <span class='ocrx_word' id='word_1_315' title='bbox 997 2230 1256 2303; x_wconf 78' lang='grc' dir='ltr'>ποιήσας,</span> <span class='ocrx_word' id='word_1_316' title='bbox 1318 2229 1406 2285; x_wconf 81' lang='grc' dir='ltr'><strong>γαὶ</strong></span> <span class='ocrx_word' id='word_1_317' title='bbox 1434 2226 1567 2303; x_wconf 73' lang='grc' dir='ltr'>ὑπὲρ</span> <span class='ocrx_word' id='word_1_318' title='bbox 1596 2236 1686 2286; x_wconf 81' lang='grc' dir='ltr'>τοῦ</span> <span class='ocrx_word' id='word_1_319' title='bbox 1742 2229 1920 2302; x_wconf 81' lang='grc' dir='ltr'>μαθη-</span> 
     </span>
    </p>
   </div>
   <div class='ocr_carea' id='block_1_47' title="bbox 2017 2224 3659 2314">
    <p class='ocr_par' dir='ltr' id='par_1_47' title="bbox 2017 2224 3659 2314">
     <span class='ocr_line' id='line_1_47' title="bbox 2017 2224 3659 2314; baseline 0.002 -22"><span class='ocrx_word' id='word_1_320' title='bbox 2017 2230 2287 2305; x_wconf 83' lang='lat' dir='ltr'><strong>lratrum,</strong></span> <span class='ocrx_word' id='word_1_321' title='bbox 2316 2240 2373 2293; x_wconf 89' lang='lat' dir='ltr'><strong>et</strong></span> <span class='ocrx_word' id='word_1_322' title='bbox 2403 2240 2674 2311; x_wconf 85' lang='lat' dir='ltr'><strong>rogasset</strong></span> <span class='ocrx_word' id='word_1_323' title='bbox 2703 2224 2808 2312; x_wconf 92' lang='lat' dir='ltr'><strong>pro</strong></span> <span class='ocrx_word' id='word_1_324' title='bbox 2860 2232 3180 2314; x_wconf 90' lang='lat' dir='ltr'><strong>discipulo,</strong></span> <span class='ocrx_word' id='word_1_325' title='bbox 3210 2232 3488 2295; x_wconf 88' lang='lat' dir='ltr'><strong>liberavit</strong></span> <span class='ocrx_word' id='word_1_326' title='bbox 3521 2250 3659 2296; x_wconf 90' lang='lat' dir='ltr'><strong>eum</strong></span> 
     </span>
    </p>
   </div>
   <div class='ocr_carea' id='block_1_48' title="bbox 276 2313 1929 2401">
    <p class='ocr_par' dir='ltr' id='par_1_48' title="bbox 276 2313 1799 2397">
     <span class='ocr_line' id='line_1_48' title="bbox 276 2313 1799 2397; baseline 0.005 -28"><span class='ocrx_word' id='word_1_327' title='bbox 276 2321 376 2371; x_wconf 80' lang='grc' dir='ltr'>τοῦ</span> <span class='ocrx_word' id='word_1_328' title='bbox 405 2313 628 2387; x_wconf 83' lang='grc' dir='ltr'>δεηθεὶς,</span> <span class='ocrx_word' id='word_1_329' title='bbox 662 2321 759 2384; x_wconf 83' lang='grc' dir='ltr'>τῆς</span> <span class='ocrx_word' id='word_1_330' title='bbox 795 2316 1048 2397; x_wconf 79' lang='grc' dir='ltr'>χαλεπῆς</span> <span class='ocrx_word' id='word_1_331' title='bbox 1078 2318 1235 2375; x_wconf 66' lang='grc' dir='ltr'>αὐτὸν</span> <span class='ocrx_word' id='word_1_332' title='bbox 1262 2317 1460 2385; x_wconf 69' lang='grc' dir='ltr'>ἀνῆκεν</span> <span class='ocrx_word' id='word_1_333' title='bbox 1490 2314 1799 2393; x_wconf 68' lang='grc' dir='ltr'>ἐπαγωγῆς.</span> 
     </span>
    </p>
   </div>
   <div class='ocr_carea' id='block_1_49' title="bbox 2017 2313 2785 2401">
    <p class='ocr_par' dir='ltr' id='par_1_49' title="bbox 2017 2320 2785 2401">
     <span class='ocr_line' id='line_1_49' title="bbox 2017 2320 2785 2401; baseline 0.003 -19"><span class='ocrx_word' id='word_1_334' title='bbox 2017 2338 2042 2382; x_wconf 81' lang='lat' dir='ltr'><strong>a</strong></span> <span class='ocrx_word' id='word_1_335' title='bbox 2068 2321 2229 2399; x_wconf 83' lang='lat' dir='ltr'><strong>gravi</strong></span> <span class='ocrx_word' id='word_1_336' title='bbox 2263 2320 2367 2382; x_wconf 87' lang='lat' dir='ltr'><strong>illa</strong></span> <span class='ocrx_word' id='word_1_337' title='bbox 2398 2320 2785 2401; x_wconf 88' lang='lat' dir='ltr'><strong>impulsione.</strong></span> 
     </span>
    </p>
   </div>
   <div class='ocr_carea' id='block_1_50' title="bbox 363 2403 1929 2493">
    <p class='ocr_par' dir='ltr' id='par_1_50' title="bbox 363 2403 1920 2493">
     <span class='ocr_line' id='line_1_50' title="bbox 363 2403 1920 2493; baseline -0.001 -29"><span class='ocrx_word' id='word_1_338' title='bbox 363 2403 473 2478; x_wconf 74' lang='grc' dir='ltr'><strong>ς’.</strong></span> <span class='ocrx_word' id='word_1_339' title='bbox 513 2405 738 2493; x_wconf 34' lang='grc' dir='ltr'>,Γίνεται</span> <span class='ocrx_word' id='word_1_340' title='bbox 780 2404 834 2462; x_wconf 85' lang='grc' dir='ltr'>δέ</span> <span class='ocrx_word' id='word_1_341' title='bbox 891 2428 942 2463; x_wconf 89' lang='grc' dir='ltr'><strong>τι</strong></span> <span class='ocrx_word' id='word_1_342' title='bbox 1001 2406 1095 2464; x_wconf 77' lang='grc' dir='ltr'><strong>καί</strong></span> <span class='ocrx_word' id='word_1_343' title='bbox 1156 2405 1291 2463; x_wconf 76' lang='grc' dir='ltr'>ἄλλο</span> <span class='ocrx_word' id='word_1_344' title='bbox 1349 2406 1572 2493; x_wconf 72' lang='grc' dir='ltr'>μνήμης</span> <span class='ocrx_word' id='word_1_345' title='bbox 1606 2406 1692 2461; x_wconf 68' lang='grc' dir='ltr'><strong>καὶ</strong></span> <span class='ocrx_word' id='word_1_346' title='bbox 1714 2404 1920 2483; x_wconf 75' lang='grc' dir='ltr'>γραφῆς</span> 
     </span>
    </p>
   </div>
   <div class='ocr_carea' id='block_1_51' title="bbox 2017 2403 3641 2493">
    <p class='ocr_par' dir='ltr' id='par_1_51' title="bbox 2064 2408 3641 2493">
     <span class='ocr_line' id='line_1_51' title="bbox 2064 2408 3641 2493; baseline 0.003 -22"><span class='ocrx_word' id='word_1_347' title='bbox 2064 2408 2262 2472; x_wconf 88' lang='lat' dir='ltr'><strong>Vl.Fit</strong></span> <span class='ocrx_word' id='word_1_348' title='bbox 2281 2421 2485 2473; x_wconf 82' lang='lat' dir='ltr'><strong>autem</strong></span> <span class='ocrx_word' id='word_1_349' title='bbox 2507 2411 2665 2473; x_wconf 87' lang='lat' dir='ltr'><strong>aliud</strong></span> <span class='ocrx_word' id='word_1_350' title='bbox 2686 2430 2922 2492; x_wconf 90' lang='lat' dir='ltr'><strong>quoque</strong></span> <span class='ocrx_word' id='word_1_351' title='bbox 2944 2411 3190 2491; x_wconf 89' lang='lat' dir='ltr'><strong>dignum</strong></span> <span class='ocrx_word' id='word_1_352' title='bbox 3213 2413 3371 2493; x_wconf 91' lang='lat' dir='ltr'><strong>quod</strong></span> <span class='ocrx_word' id='word_1_353' title='bbox 3397 2412 3641 2475; x_wconf 91' lang='lat' dir='ltr'><strong>mande-</strong></span> 
     </span>
    </p>
   </div>
   <div class='ocr_carea' id='block_1_52' title="bbox 278 2484 1929 2576">
    <p class='ocr_par' dir='ltr' id='par_1_52' title="bbox 278 2484 1923 2575">
     <span class='ocr_line' id='line_1_52' title="bbox 278 2484 1923 2575; baseline 0.001 -27"><span class='ocrx_word' id='word_1_354' title='bbox 278 2491 428 2560; x_wconf 76' lang='grc' dir='ltr'>ἄξιον</span> <span class='ocrx_word' id='word_1_355' title='bbox 461 2510 473 2523; x_wconf 87' lang='lat'><strong>&#39;</strong></span> <span class='ocrx_word' id='word_1_356' title='bbox 513 2484 760 2553; x_wconf 66' lang='grc' dir='ltr'>’Υποῦντι</span> <span class='ocrx_word' id='word_1_357' title='bbox 795 2497 977 2561; x_wconf 79' lang='grc' dir='ltr'>νυκτὸς</span> <span class='ocrx_word' id='word_1_358' title='bbox 1027 2494 1361 2569; x_wconf 83' lang='grc' dir='ltr'>Ἀναστασίῳ</span> <span class='ocrx_word' id='word_1_359' title='bbox 1409 2492 1535 2573; x_wconf 76' lang='grc' dir='ltr'>ὄναρ</span> <span class='ocrx_word' id='word_1_360' title='bbox 1568 2494 1841 2575; x_wconf 70' lang='grc' dir='ltr'>ἐφίσταται</span> <span class='ocrx_word' id='word_1_361' title='bbox 1874 2517 1923 2549; x_wconf 90' lang='grc' dir='ltr'><strong>τι</strong></span> 
     </span>
    </p>
   </div>
   <div class='ocr_carea' id='block_1_53' title="bbox 2017 2484 3645 2576">
    <p class='ocr_par' dir='ltr' id='par_1_53' title="bbox 2017 2484 3645 2576">
     <span class='ocr_line' id='line_1_53' title="bbox 2017 2484 3645 2576; baseline 0.002 -15"><span class='ocrx_word' id='word_1_362' title='bbox 2017 2514 2099 2561; x_wconf 87' lang='lat' dir='ltr'><strong>tur</strong></span> <span class='ocrx_word' id='word_1_363' title='bbox 2130 2504 2421 2562; x_wconf 71' lang='lat' dir='ltr'><strong>memoria:</strong></span> <span class='ocrx_word' id='word_1_364' title='bbox 2447 2514 2500 2562; x_wconf 91' lang='lat' dir='ltr'><strong>et</strong></span> <span class='ocrx_word' id='word_1_365' title='bbox 2544 2484 3057 2576; x_wconf 61' lang='lat' dir='ltr'><strong>scriplioniﬁoctu</strong></span> <span class='ocrx_word' id='word_1_366' title='bbox 3080 2484 3388 2563; x_wconf 71' lang='lat' dir='ltr'><strong>dormienti</strong></span> <span class='ocrx_word' id='word_1_367' title='bbox 3412 2510 3645 2565; x_wconf 81' lang='lat' dir='ltr'><strong>Anasta—</strong></span> 
     </span>
    </p>
   </div>
   <div class='ocr_carea' id='block_1_54' title="bbox 280 2579 1929 2669">
    <p class='ocr_par' dir='ltr' id='par_1_54' title="bbox 280 2579 1923 2665">
     <span class='ocr_line' id='line_1_54' title="bbox 280 2579 1923 2665; baseline -0.002 -25"><span class='ocrx_word' id='word_1_368' title='bbox 280 2590 525 2641; x_wconf 81' lang='grc' dir='ltr'>τοιοῦτον</span> <span class='ocrx_word' id='word_1_369' title='bbox 559 2598 575 2613; x_wconf 86' lang='grc'>⁶</span> <span class='ocrx_word' id='word_1_370' title='bbox 650 2582 818 2641; x_wconf 72' lang='grc' dir='ltr'>ὶδόκει</span> <span class='ocrx_word' id='word_1_371' title='bbox 884 2586 1036 2665; x_wconf 78' lang='grc' dir='ltr'>ὄρους</span> <span class='ocrx_word' id='word_1_372' title='bbox 1089 2584 1298 2661; x_wconf 77' lang='grc' dir='ltr'>ὑψηλοῦ</span> <span class='ocrx_word' id='word_1_373' title='bbox 1340 2605 1482 2649; x_wconf 81' lang='grc' dir='ltr'>τινος</span> <span class='ocrx_word' id='word_1_374' title='bbox 1524 2579 1923 2661; x_wconf 67' lang='grc' dir='ltr'>ἐπιϐεϐηκέναι,</span> 
     </span>
    </p>
   </div>
   <div class='ocr_carea' id='block_1_55' title="bbox 2017 2579 3659 2669">
    <p class='ocr_par' dir='ltr' id='par_1_55' title="bbox 2017 2586 3659 2669">
     <span class='ocr_line' id='line_1_55' title="bbox 2017 2586 3659 2669; baseline 0.004 -22"><span class='ocrx_word' id='word_1_375' title='bbox 2017 2586 2098 2647; x_wconf 79' lang='lat' dir='ltr'><strong>sio</strong></span> <span class='ocrx_word' id='word_1_376' title='bbox 2117 2587 2178 2648; x_wconf 93' lang='lat' dir='ltr'><strong>in</strong></span> <span class='ocrx_word' id='word_1_377' title='bbox 2205 2588 2433 2649; x_wconf 88' lang='lat' dir='ltr'><strong>somnis</strong></span> <span class='ocrx_word' id='word_1_378' title='bbox 2457 2587 2514 2651; x_wconf 90' lang='lat' dir='ltr'><strong>ei</strong></span> <span class='ocrx_word' id='word_1_379' title='bbox 2537 2588 2653 2650; x_wconf 90' lang='lat' dir='ltr'><strong>tale</strong></span> <span class='ocrx_word' id='word_1_380' title='bbox 2675 2589 2818 2669; x_wconf 91' lang='lat' dir='ltr'><strong>quid</strong></span> <span class='ocrx_word' id='word_1_381' title='bbox 2845 2587 3462 2669; x_wconf 86' lang='lat' dir='ltr'><strong>apparet.Videbatur</strong></span> <span class='ocrx_word' id='word_1_382' title='bbox 3494 2609 3659 2654; x_wconf 90' lang='lat' dir='ltr'><strong>mon-</strong></span> 
     </span>
    </p>
   </div>
   <div class='ocr_carea' id='block_1_56' title="bbox 276 2670 1929 2756">
    <p class='ocr_par' dir='ltr' id='par_1_56' title="bbox 276 2670 1923 2753">
     <span class='ocr_line' id='line_1_56' title="bbox 276 2670 1923 2753; baseline -0.001 -24"><span class='ocrx_word' id='word_1_383' title='bbox 276 2673 639 2750; x_wconf 86' lang='grc' dir='ltr'>προσελθόντα</span> <span class='ocrx_word' id='word_1_384' title='bbox 687 2673 743 2729; x_wconf 80' lang='grc' dir='ltr'><em>δέ</em></span> <span class='ocrx_word' id='word_1_385' title='bbox 786 2696 903 2731; x_wconf 88' lang='grc' dir='ltr'>τινα</span> <span class='ocrx_word' id='word_1_386' title='bbox 957 2671 1214 2752; x_wconf 68' lang='grc' dir='ltr'>ποτήριον</span> <span class='ocrx_word' id='word_1_387' title='bbox 1246 2672 1396 2731; x_wconf 70' lang='grc' dir='ltr'>οἴνου</span> <span class='ocrx_word' id='word_1_388' title='bbox 1427 2673 1614 2753; x_wconf 81' lang='grc' dir='ltr'>χρυσῷ</span> <span class='ocrx_word' id='word_1_389' title='bbox 1645 2674 1732 2729; x_wconf 87' lang='grc' dir='ltr'>καὶ</span> <span class='ocrx_word' id='word_1_390' title='bbox 1763 2670 1923 2735; x_wconf 85' lang='grc' dir='ltr'>λίθοις</span> 
     </span>
    </p>
   </div>
   <div class='ocr_carea' id='block_1_57' title="bbox 2017 2670 3657 2756">
    <p class='ocr_par' dir='ltr' id='par_1_57' title="bbox 2017 2677 3657 2756">
     <span class='ocr_line' id='line_1_57' title="bbox 2017 2677 3657 2756; baseline 0.003 -19"><span class='ocrx_word' id='word_1_391' title='bbox 2017 2684 2128 2738; x_wconf 89' lang='lat' dir='ltr'><strong>tem</strong></span> <span class='ocrx_word' id='word_1_392' title='bbox 2145 2677 2467 2756; x_wconf 84' lang='lat' dir='ltr'><strong>quemdam</strong></span> <span class='ocrx_word' id='word_1_393' title='bbox 2490 2678 2794 2741; x_wconf 78' lang='lat' dir='ltr'><strong>excelsum</strong></span> <span class='ocrx_word' id='word_1_394' title='bbox 2820 2678 3277 2751; x_wconf 86' lang='lat' dir='ltr'><strong>ascendisse,ad</strong></span> <span class='ocrx_word' id='word_1_395' title='bbox 3302 2697 3439 2739; x_wconf 90' lang='lat' dir='ltr'><strong>eum</strong></span> <span class='ocrx_word' id='word_1_396' title='bbox 3463 2688 3657 2742; x_wconf 90' lang='lat' dir='ltr'><strong>autem</strong></span> 
     </span>
    </p>
   </div>
   <div class='ocr_carea' id='block_1_58' title="bbox 276 2758 1929 2847">
    <p class='ocr_par' dir='ltr' id='par_1_58' title="bbox 276 2758 1923 2842">
     <span class='ocr_line' id='line_1_58' title="bbox 276 2758 1923 2842; baseline -0.001 -24"><span class='ocrx_word' id='word_1_397' title='bbox 276 2762 688 2838; x_wconf 83' lang='grc' dir='ltr'>κεκοσμημένον</span> <span class='ocrx_word' id='word_1_398' title='bbox 748 2764 942 2839; x_wconf 80' lang='grc' dir='ltr'>τιμίοις</span> <span class='ocrx_word' id='word_1_399' title='bbox 985 2763 1260 2842; x_wconf 78' lang='grc' dir='ltr'>ὀρέγοντα,</span> <span class='ocrx_word' id='word_1_400' title='bbox 1316 2763 1475 2841; x_wconf 80' lang='grc' dir='ltr'>φάναι</span> <span class='ocrx_word' id='word_1_401' title='bbox 1512 2778 1526 2793; x_wconf 85' lang='grc'><em>’</em></span> <span class='ocrx_word' id='word_1_402' title='bbox 1593 2758 1755 2840; x_wconf 72' lang='grc' dir='ltr'>Λάϐε,</span> <span class='ocrx_word' id='word_1_403' title='bbox 1813 2761 1923 2833; x_wconf 84' lang='grc' dir='ltr'>πίε,</span> 
     </span>
    </p>
   </div>
   <div class='ocr_carea' id='block_1_59' title="bbox 2017 2758 3659 2847">
    <p class='ocr_par' dir='ltr' id='par_1_59' title="bbox 2017 2766 3659 2847">
     <span class='ocr_line' id='line_1_59' title="bbox 2017 2766 3659 2847; baseline 0.003 -21"><span class='ocrx_word' id='word_1_404' title='bbox 2017 2766 2336 2826; x_wconf 81' lang='lat' dir='ltr'><strong>accessisse</strong></span> <span class='ocrx_word' id='word_1_405' title='bbox 2369 2768 2665 2847; x_wconf 86' lang='lat' dir='ltr'><strong>quispiam</strong></span> <span class='ocrx_word' id='word_1_406' title='bbox 2702 2767 3015 2847; x_wconf 90' lang='lat' dir='ltr'><strong>porrigens</strong></span> <span class='ocrx_word' id='word_1_407' title='bbox 3051 2767 3167 2829; x_wconf 89' lang='lat' dir='ltr'><strong>vini</strong></span> <span class='ocrx_word' id='word_1_408' title='bbox 3200 2768 3659 2847; x_wconf 88' lang='lat' dir='ltr'><strong>poculum,auro</strong></span> 
     </span>
    </p>
   </div>
   <div class='ocr_carea' id='block_1_60' title="bbox 280 2849 1929 2937">
    <p class='ocr_par' dir='ltr' id='par_1_60' title="bbox 280 2849 1927 2929">
     <span class='ocr_line' id='line_1_60' title="bbox 280 2849 1927 2929; baseline -0.001 -22"><span class='ocrx_word' id='word_1_409' title='bbox 280 2851 311 2906; x_wconf 75' lang='grc' dir='ltr'>ὃ</span> <span class='ocrx_word' id='word_1_410' title='bbox 368 2855 455 2908; x_wconf 72' lang='grc' dir='ltr'>καὶ</span> <span class='ocrx_word' id='word_1_411' title='bbox 510 2851 793 2928; x_wconf 78' lang='grc' dir='ltr'>δεξάμενος</span> <span class='ocrx_word' id='word_1_412' title='bbox 856 2853 1046 2917; x_wconf 77' lang='grc' dir='ltr'>εὐθέως</span> <span class='ocrx_word' id='word_1_413' title='bbox 1092 2866 1240 2909; x_wconf 71' lang='grc' dir='ltr'>πιεῖν</span> <span class='ocrx_word' id='word_1_414' title='bbox 1280 2869 1292 2883; x_wconf 82' lang='grc'><strong><em>⁸</em></strong></span> <span class='ocrx_word' id='word_1_415' title='bbox 1342 2854 1431 2908; x_wconf 79' lang='grc' dir='ltr'><strong>καὶ</strong></span> <span class='ocrx_word' id='word_1_416' title='bbox 1476 2853 1535 2907; x_wconf 80' lang='grc' dir='ltr'>τὸ</span> <span class='ocrx_word' id='word_1_417' title='bbox 1580 2850 1755 2929; x_wconf 85' lang='grc' dir='ltr'>πόμα,</span> <span class='ocrx_word' id='word_1_418' title='bbox 1790 2849 1927 2928; x_wconf 89' lang='grc' dir='ltr'>γλυ-</span> 
     </span>
    </p>
   </div>
   <div class='ocr_carea' id='block_1_61' title="bbox 2017 2849 3657 2937">
    <p class='ocr_par' dir='ltr' id='par_1_61' title="bbox 2017 2855 3657 2937">
     <span class='ocr_line' id='line_1_61' title="bbox 2017 2855 3657 2937; baseline 0.002 -22"><span class='ocrx_word' id='word_1_419' title='bbox 2017 2865 2290 2917; x_wconf 89' lang='lat' dir='ltr'><strong>ornatum</strong></span> <span class='ocrx_word' id='word_1_420' title='bbox 2318 2864 2377 2916; x_wconf 89' lang='lat' dir='ltr'><strong>et</strong></span> <span class='ocrx_word' id='word_1_421' title='bbox 2399 2855 2743 2934; x_wconf 87' lang='lat' dir='ltr'><strong>gemmis,et</strong></span> <span class='ocrx_word' id='word_1_422' title='bbox 2761 2856 3010 2919; x_wconf 86' lang='lat' dir='ltr'><strong>dixisse:</strong></span> <span class='ocrx_word' id='word_1_423' title='bbox 3039 2856 3657 2937; x_wconf 86' lang='lat' dir='ltr'><strong>Accipe,bibe.Cum-</strong></span> 
     </span>
    </p>
   </div>
   <div class='ocr_carea' id='block_1_62' title="bbox 277 2940 1929 3026">
    <p class='ocr_par' dir='ltr' id='par_1_62' title="bbox 277 2940 1925 3021">
     <span class='ocr_line' id='line_1_62' title="bbox 277 2940 1925 3021; baseline -0.001 -24"><span class='ocrx_word' id='word_1_424' title='bbox 277 2946 481 3009; x_wconf 82' lang='grc' dir='ltr'>κύτητα</span> <span class='ocrx_word' id='word_1_425' title='bbox 540 2944 768 3021; x_wconf 77' lang='grc' dir='ltr'>κρυφίως</span> <span class='ocrx_word' id='word_1_426' title='bbox 828 2941 1067 3009; x_wconf 67' lang='grc' dir='ltr'>ἐνέσταξε</span> <span class='ocrx_word' id='word_1_427' title='bbox 1123 2944 1192 3018; x_wconf 78' lang='grc' dir='ltr'><strong>τῇ</strong></span> <span class='ocrx_word' id='word_1_428' title='bbox 1274 2941 1477 2999; x_wconf 65' lang='grc' dir='ltr'>ἐκείνου</span> <span class='ocrx_word' id='word_1_429' title='bbox 1548 2940 1727 3018; x_wconf 73' lang='grc' dir='ltr'>ψυχῇ,</span> <span class='ocrx_word' id='word_1_430' title='bbox 1806 2940 1925 2996; x_wconf 76' lang='grc' dir='ltr'>οἷον</span> 
     </span>
    </p>
   </div>
   <div class='ocr_carea' id='block_1_63' title="bbox 2017 2940 3659 3026">
    <p class='ocr_par' dir='ltr' id='par_1_63' title="bbox 2017 2945 3659 3026">
     <span class='ocr_line' id='line_1_63' title="bbox 2017 2945 3659 3026; baseline 0.001 -20"><span class='ocrx_word' id='word_1_431' title='bbox 2017 2962 2130 3021; x_wconf 87' lang='lat' dir='ltr'><strong>que</strong></span> <span class='ocrx_word' id='word_1_432' title='bbox 2153 2945 2207 3006; x_wconf 92' lang='lat' dir='ltr'><strong>id</strong></span> <span class='ocrx_word' id='word_1_433' title='bbox 2233 2946 2800 3026; x_wconf 88' lang='lat' dir='ltr'><strong>accepisset,statim</strong></span> <span class='ocrx_word' id='word_1_434' title='bbox 2828 2945 3076 3009; x_wconf 89' lang='lat' dir='ltr'><strong>bibisse.</strong></span> <span class='ocrx_word' id='word_1_435' title='bbox 3098 2948 3281 3008; x_wconf 88' lang='lat' dir='ltr'><strong>Potus</strong></span> <span class='ocrx_word' id='word_1_436' title='bbox 3296 2957 3499 3008; x_wconf 88' lang='lat' dir='ltr'><strong>autem</strong></span> <span class='ocrx_word' id='word_1_437' title='bbox 3522 2948 3659 3026; x_wconf 88' lang='lat' dir='ltr'><strong>ejus</strong></span> 
     </span>
    </p>
   </div>
   <div class='ocr_carea' id='block_1_64' title="bbox 279 3028 1929 3126">
    <p class='ocr_par' dir='ltr' id='par_1_64' title="bbox 279 3028 1928 3098">
     <span class='ocr_line' id='line_1_64' title="bbox 279 3028 1928 3098; baseline -0.002 -11"><span class='ocrx_word' id='word_1_438' title='bbox 279 3031 548 3098; x_wconf 78' lang='grc' dir='ltr'>συνιέντος</span> <span class='ocrx_word' id='word_1_439' title='bbox 620 3030 970 3092; x_wconf 77' lang='grc' dir='ltr'>’Λναστασίου</span> <span class='ocrx_word' id='word_1_440' title='bbox 1055 3036 1142 3089; x_wconf 83' lang='grc' dir='ltr'>καὶ</span> <span class='ocrx_word' id='word_1_441' title='bbox 1227 3031 1347 3088; x_wconf 88' lang='grc' dir='ltr'>κατ’</span> <span class='ocrx_word' id='word_1_442' title='bbox 1427 3029 1615 3090; x_wconf 67' lang='grc' dir='ltr'>αὐτοὺς</span> <span class='ocrx_word' id='word_1_443' title='bbox 1674 3028 1750 3084; x_wconf 76' lang='grc' dir='ltr'>ἔτι</span> <span class='ocrx_word' id='word_1_444' title='bbox 1809 3029 1928 3093; x_wconf 79' lang='grc' dir='ltr'>τοὺς</span> 
     </span>
    </p>
   </div>
   <div class='ocr_carea' id='block_1_65' title="bbox 2017 3028 3660 3126">
    <p class='ocr_par' dir='ltr' id='par_1_65' title="bbox 2017 3034 3660 3126">
     <span class='ocr_line' id='line_1_65' title="bbox 2017 3034 3660 3126; baseline 0.001 -32"><span class='ocrx_word' id='word_1_445' title='bbox 2017 3035 2227 3126; x_wconf 63' lang='lat' dir='ltr'><strong>animae</strong></span> <span class='ocrx_word' id='word_1_446' title='bbox 2257 3034 2515 3126; x_wconf 87' lang='lat' dir='ltr'><strong>latenter</strong></span> <span class='ocrx_word' id='word_1_447' title='bbox 2543 3035 2850 3098; x_wconf 88' lang='lat' dir='ltr'><strong>instillavit</strong></span> <span class='ocrx_word' id='word_1_448' title='bbox 2868 3034 3278 3115; x_wconf 89' lang='lat' dir='ltr'><strong>dulcedinem,</strong></span> <span class='ocrx_word' id='word_1_449' title='bbox 3300 3037 3449 3097; x_wconf 91' lang='lat' dir='ltr'><strong>adeo</strong></span> <span class='ocrx_word' id='word_1_450' title='bbox 3472 3046 3537 3098; x_wconf 92' lang='lat' dir='ltr'><strong>ut</strong></span> <span class='ocrx_word' id='word_1_451' title='bbox 3566 3035 3660 3099; x_wconf 90' lang='lat' dir='ltr'><strong>vel</strong></span> 
     </span>
    </p>
   </div>
   <div class='ocr_carea' id='block_1_66' title="bbox 280 3118 1929 3205">
    <p class='ocr_par' dir='ltr' id='par_1_66' title="bbox 280 3118 1927 3198">
     <span class='ocr_line' id='line_1_66' title="bbox 280 3118 1927 3198; baseline 0 -24"><span class='ocrx_word' id='word_1_452' title='bbox 280 3119 502 3195; x_wconf 76' lang='grc' dir='ltr'>ὕπνους,</span> <span class='ocrx_word' id='word_1_453' title='bbox 535 3118 616 3175; x_wconf 80' lang='grc' dir='ltr'><strong>ὅτι</strong></span> <span class='ocrx_word' id='word_1_454' title='bbox 649 3120 710 3176; x_wconf 92' lang='grc' dir='ltr'><strong>τό</strong></span> <span class='ocrx_word' id='word_1_455' title='bbox 762 3122 1090 3198; x_wconf 85' lang='grc' dir='ltr'>ποθούμενον</span> <span class='ocrx_word' id='word_1_456' title='bbox 1146 3119 1290 3194; x_wconf 82' lang='grc' dir='ltr'>αὒτῷ</span> <span class='ocrx_word' id='word_1_457' title='bbox 1335 3119 1525 3193; x_wconf 88' lang='grc' dir='ltr'>μηνύει</span> <span class='ocrx_word' id='word_1_458' title='bbox 1568 3124 1663 3174; x_wconf 78' lang='grc' dir='ltr'>τοῦ</span> <span class='ocrx_word' id='word_1_459' title='bbox 1721 3138 1927 3191; x_wconf 80' lang='grc' dir='ltr'>μαρτυ-</span> 
     </span>
    </p>
   </div>
   <div class='ocr_carea' id='block_1_67' title="bbox 2017 3118 3663 3205">
    <p class='ocr_par' dir='ltr' id='par_1_67' title="bbox 2017 3124 3663 3205">
     <span class='ocr_line' id='line_1_67' title="bbox 2017 3124 3663 3205; baseline 0.002 -21"><span class='ocrx_word' id='word_1_460' title='bbox 2017 3124 2071 3185; x_wconf 93' lang='lat' dir='ltr'><strong>in</strong></span> <span class='ocrx_word' id='word_1_461' title='bbox 2094 3125 2323 3187; x_wconf 83' lang='lat' dir='ltr'><strong>somnis</strong></span> <span class='ocrx_word' id='word_1_462' title='bbox 2342 3125 2710 3204; x_wconf 87' lang='lat' dir='ltr'><strong>intelligeret</strong></span> <span class='ocrx_word' id='word_1_463' title='bbox 2727 3126 3097 3200; x_wconf 84' lang='lat' dir='ltr'><strong>Anastasius,</strong></span> <span class='ocrx_word' id='word_1_464' title='bbox 3132 3143 3412 3187; x_wconf 90' lang='lat' dir='ltr'><strong>somnum</strong></span> <span class='ocrx_word' id='word_1_465' title='bbox 3434 3127 3663 3205; x_wconf 82' lang='lat' dir='ltr'><strong>signiti-</strong></span> 
     </span>
    </p>
   </div>
   <div class='ocr_carea' id='block_1_68' title="bbox 280 3206 1929 3289">
    <p class='ocr_par' dir='ltr' id='par_1_68' title="bbox 280 3206 1929 3289">
     <span class='ocr_line' id='line_1_68' title="bbox 280 3206 1929 3289; baseline -0.002 -25"><span class='ocrx_word' id='word_1_466' title='bbox 280 3210 392 3283; x_wconf 69' lang='grc' dir='ltr'>ρίοδ</span> <span class='ocrx_word' id='word_1_467' title='bbox 438 3207 590 3274; x_wconf 82' lang='grc' dir='ltr'>τέλος</span> <span class='ocrx_word' id='word_1_468' title='bbox 651 3211 678 3265; x_wconf 78' lang='grc' dir='ltr'><em>ὃ</em></span> <span class='ocrx_word' id='word_1_469' title='bbox 734 3208 961 3289; x_wconf 73' lang='grc' dir='ltr'>ὄνειρος.</span> <span class='ocrx_word' id='word_1_470' title='bbox 1059 3208 1389 3272; x_wconf 79' lang='grc' dir='ltr'>Διυπνισθεὶς</span> <span class='ocrx_word' id='word_1_471' title='bbox 1447 3206 1536 3265; x_wconf 80' lang='grc' dir='ltr'>οὖν</span> <span class='ocrx_word' id='word_1_472' title='bbox 1593 3210 1929 3284; x_wconf 78' lang='grc' dir='ltr'>παραχρῆμα</span> 
     </span>
    </p>
   </div>
   <div class='ocr_carea' id='block_1_69' title="bbox 2017 3206 3662 3289">
    <p class='ocr_par' dir='ltr' id='par_1_69' title="bbox 2017 3213 3662 3285">
     <span class='ocr_line' id='line_1_69' title="bbox 2017 3213 3662 3285; baseline 0.002 -17"><span class='ocrx_word' id='word_1_473' title='bbox 2017 3226 2145 3270; x_wconf 78' lang='lat' dir='ltr'><strong>care</strong></span> <span class='ocrx_word' id='word_1_474' title='bbox 2160 3213 2556 3272; x_wconf 87' lang='lat' dir='ltr'><strong>desideratum</strong></span> <span class='ocrx_word' id='word_1_475' title='bbox 2577 3230 2606 3270; x_wconf 87' lang='lat' dir='ltr'><strong>a</strong></span> <span class='ocrx_word' id='word_1_476' title='bbox 2632 3230 2691 3270; x_wconf 83' lang='lat' dir='ltr'><strong>se</strong></span> <span class='ocrx_word' id='word_1_477' title='bbox 2704 3213 2877 3271; x_wconf 79' lang='lat' dir='ltr'><strong>ﬁnem</strong></span> <span class='ocrx_word' id='word_1_478' title='bbox 2899 3213 3231 3285; x_wconf 86' lang='lat' dir='ltr'><strong>martyrii.E</strong></span> <span class='ocrx_word' id='word_1_479' title='bbox 3247 3227 3453 3272; x_wconf 90' lang='lat' dir='ltr'><strong>somno</strong></span> <span class='ocrx_word' id='word_1_480' title='bbox 3467 3217 3662 3284; x_wconf 84' lang='lat' dir='ltr'><strong>itaque</strong></span> 
     </span>
    </p>
   </div>
   <div class='ocr_carea' id='block_1_70' title="bbox 282 3292 1929 3378">
    <p class='ocr_par' dir='ltr' id='par_1_70' title="bbox 282 3292 1927 3378">
     <span class='ocr_line' id='line_1_70' title="bbox 282 3292 1927 3378; baseline -0.002 -24"><span class='ocrx_word' id='word_1_481' title='bbox 282 3299 490 3376; x_wconf 70' lang='grc' dir='ltr'>χαρίεις</span> <span class='ocrx_word' id='word_1_482' title='bbox 522 3319 581 3353; x_wconf 87' lang='grc' dir='ltr'><strong>τε</strong></span> <span class='ocrx_word' id='word_1_483' title='bbox 635 3301 723 3356; x_wconf 85' lang='grc' dir='ltr'><strong>καὶ</strong></span> <span class='ocrx_word' id='word_1_484' title='bbox 780 3298 998 3378; x_wconf 82' lang='grc' dir='ltr'>φαιδρὸς</span> <span class='ocrx_word' id='word_1_485' title='bbox 1041 3299 1141 3366; x_wconf 79' lang='grc' dir='ltr'>τὴν</span> <span class='ocrx_word' id='word_1_486' title='bbox 1184 3295 1474 3362; x_wconf 65' lang='grc' dir='ltr'>ἔκκλησίαν</span> <span class='ocrx_word' id='word_1_487' title='bbox 1505 3292 1927 3368; x_wconf 85' lang='grc' dir='ltr'>καταλαμϐάνει,</span> 
     </span>
    </p>
   </div>
   <div class='ocr_carea' id='block_1_71' title="bbox 2017 3292 3661 3378">
    <p class='ocr_par' dir='ltr' id='par_1_71' title="bbox 2017 3297 3661 3377">
     <span class='ocr_line' id='line_1_71' title="bbox 2017 3297 3661 3377; baseline 0.001 -19"><span class='ocrx_word' id='word_1_488' title='bbox 2017 3298 2289 3377; x_wconf 87' lang='lat' dir='ltr'><strong>protinus</strong></span> <span class='ocrx_word' id='word_1_489' title='bbox 2322 3297 2867 3373; x_wconf 86' lang='lat' dir='ltr'><strong>excitatus,alacris</strong></span> <span class='ocrx_word' id='word_1_490' title='bbox 2895 3307 2953 3359; x_wconf 91' lang='lat' dir='ltr'><strong>et</strong></span> <span class='ocrx_word' id='word_1_491' title='bbox 2981 3298 3150 3359; x_wconf 83' lang='lat' dir='ltr'><strong>laetus</strong></span> <span class='ocrx_word' id='word_1_492' title='bbox 3172 3299 3333 3359; x_wconf 89' lang='lat' dir='ltr'><strong>venit</strong></span> <span class='ocrx_word' id='word_1_493' title='bbox 3355 3300 3428 3360; x_wconf 93' lang='lat' dir='ltr'><strong>ad</strong></span> <span class='ocrx_word' id='word_1_494' title='bbox 3452 3298 3661 3361; x_wconf 84' lang='lat' dir='ltr'><strong>eccle-</strong></span> 
     </span>
    </p>
   </div>
   <div class='ocr_carea' id='block_1_72' title="bbox 285 3381 1929 3468">
    <p class='ocr_par' dir='ltr' id='par_1_72' title="bbox 285 3381 1929 3468">
     <span class='ocr_line' id='line_1_72' title="bbox 285 3381 1929 3468; baseline -0.003 -25"><span class='ocrx_word' id='word_1_495' title='bbox 285 3386 520 3465; x_wconf 73' lang='grc' dir='ltr'>καθάπερ</span> <span class='ocrx_word' id='word_1_496' title='bbox 566 3390 622 3444; x_wconf 67' lang='grc' dir='ltr'>ἓν</span> <span class='ocrx_word' id='word_1_497' title='bbox 653 3390 837 3468; x_wconf 71' lang='grc' dir='ltr'>χερσὶν</span> <span class='ocrx_word' id='word_1_498' title='bbox 866 3388 1011 3468; x_wconf 76' lang='grc' dir='ltr'>ἔχων</span> <span class='ocrx_word' id='word_1_499' title='bbox 1055 3388 1121 3443; x_wconf 72' lang='grc' dir='ltr'><strong>τὰ</strong></span> <span class='ocrx_word' id='word_1_500' title='bbox 1165 3385 1490 3460; x_wconf 67' lang='grc' dir='ltr'>ἐλπιζόμενα</span> <span class='ocrx_word' id='word_1_501' title='bbox 1527 3401 1539 3415; x_wconf 88' lang='lat'><strong>&#39;</strong></span> <span class='ocrx_word' id='word_1_502' title='bbox 1602 3381 1705 3451; x_wconf 68' lang='grc' dir='ltr'>ἤδη</span> <span class='ocrx_word' id='word_1_503' title='bbox 1759 3382 1858 3462; x_wconf 78' lang='grc' dir='ltr'><strong>γὰρ</strong></span> <span class='ocrx_word' id='word_1_504' title='bbox 1903 3385 1929 3439; x_wconf 87' lang='grc' dir='ltr'>ὁ</span> 
     </span>
    </p>
   </div>
   <div class='ocr_carea' id='block_1_73' title="bbox 2017 3381 3654 3468">
    <p class='ocr_par' dir='ltr' id='par_1_73' title="bbox 2017 3385 3654 3467">
     <span class='ocr_line' id='line_1_73' title="bbox 2017 3385 3654 3467; baseline -0.001 -18"><span class='ocrx_word' id='word_1_505' title='bbox 2017 3386 2260 3460; x_wconf 88' lang='lat' dir='ltr'><strong>siam,ut</strong></span> <span class='ocrx_word' id='word_1_506' title='bbox 2283 3388 2384 3467; x_wconf 84' lang='lat' dir='ltr'><strong>qui</strong></span> <span class='ocrx_word' id='word_1_507' title='bbox 2404 3405 2633 3467; x_wconf 73' lang='lat' dir='ltr'><strong>ea,qute</strong></span> <span class='ocrx_word' id='word_1_508' title='bbox 2656 3385 3333 3465; x_wconf 84' lang='lat' dir='ltr'><strong>sperabantur,haberet</strong></span> <span class='ocrx_word' id='word_1_509' title='bbox 3361 3388 3422 3448; x_wconf 91' lang='lat' dir='ltr'><strong>in</strong></span> <span class='ocrx_word' id='word_1_510' title='bbox 3456 3387 3654 3449; x_wconf 87' lang='lat' dir='ltr'><strong>mani-</strong></span> 
     </span>
    </p>
   </div>
   <div class='ocr_carea' id='block_1_74' title="bbox 292 3470 1929 3557">
    <p class='ocr_par' dir='ltr' id='par_1_74' title="bbox 292 3470 1927 3555">
     <span class='ocr_line' id='line_1_74' title="bbox 292 3470 1927 3555; baseline -0.007 -18"><span class='ocrx_word' id='word_1_511' title='bbox 292 3495 474 3553; x_wconf 68' lang='grc' dir='ltr'>κιφος</span> <span class='ocrx_word' id='word_1_512' title='bbox 528 3476 700 3535; x_wconf 71' lang='grc' dir='ltr'>ὶκάλει</span> <span class='ocrx_word' id='word_1_513' title='bbox 780 3478 886 3535; x_wconf 79' lang='grc' dir='ltr'><strong>τῶν</strong></span> <span class='ocrx_word' id='word_1_514' title='bbox 946 3483 1261 3555; x_wconf 72' lang='grc' dir='ltr'>νυκτερινῶν</span> <span class='ocrx_word' id='word_1_515' title='bbox 1313 3474 1492 3551; x_wconf 79' lang='grc' dir='ltr'>ὕμνων</span> <span class='ocrx_word' id='word_1_516' title='bbox 1555 3474 1653 3540; x_wconf 72' lang='grc' dir='ltr'>τὴν</span> <span class='ocrx_word' id='word_1_517' title='bbox 1696 3470 1927 3551; x_wconf 81' lang='grc' dir='ltr'>σύναξιν,</span> 
     </span>
    </p>
   </div>
   <div class='ocr_carea' id='block_1_75' title="bbox 2017 3470 3659 3557">
    <p class='ocr_par' dir='ltr' id='par_1_75' title="bbox 2017 3473 3659 3557">
     <span class='ocr_line' id='line_1_75' title="bbox 2017 3473 3659 3557; baseline 0.001 -22"><span class='ocrx_word' id='word_1_518' title='bbox 2017 3473 2282 3538; x_wconf 89' lang='lat' dir='ltr'><strong>bus.Jam</strong></span> <span class='ocrx_word' id='word_1_519' title='bbox 2306 3477 2465 3538; x_wconf 89' lang='lat' dir='ltr'><strong>enim</strong></span> <span class='ocrx_word' id='word_1_520' title='bbox 2489 3476 2736 3538; x_wconf 87' lang='lat' dir='ltr'><strong>vocabat</strong></span> <span class='ocrx_word' id='word_1_521' title='bbox 2754 3484 2987 3556; x_wconf 91' lang='lat' dir='ltr'><strong>tempus</strong></span> <span class='ocrx_word' id='word_1_522' title='bbox 3000 3477 3526 3555; x_wconf 77' lang='lat' dir='ltr'><strong>congregationem</strong></span> <span class='ocrx_word' id='word_1_523' title='bbox 3552 3493 3659 3557; x_wconf 85' lang='lat' dir='ltr'><strong>pro</strong></span> 
     </span>
    </p>
   </div>
   <div class='ocr_carea' id='block_1_76' title="bbox 286 3561 1929 3647">
    <p class='ocr_par' dir='ltr' id='par_1_76' title="bbox 286 3561 1926 3645">
     <span class='ocr_line' id='line_1_76' title="bbox 286 3561 1926 3645; baseline 0.001 -26"><span class='ocrx_word' id='word_1_524' title='bbox 286 3564 377 3620; x_wconf 75' lang='grc' dir='ltr'><strong>καὶ</strong></span> <span class='ocrx_word' id='word_1_525' title='bbox 417 3565 515 3632; x_wconf 78' lang='grc' dir='ltr'>τήν</span> <span class='ocrx_word' id='word_1_526' title='bbox 546 3564 837 3643; x_wconf 86' lang='grc' dir='ltr'>σεϐάσμιον</span> <span class='ocrx_word' id='word_1_527' title='bbox 867 3569 965 3634; x_wconf 77' lang='grc' dir='ltr'>τῆς</span> <span class='ocrx_word' id='word_1_528' title='bbox 1016 3572 1247 3645; x_wconf 76' lang='grc' dir='ltr'>Χριστοῦ</span> <span class='ocrx_word' id='word_1_529' title='bbox 1279 3564 1652 3628; x_wconf 83' lang='grc' dir='ltr'>Ἀναστάσεως</span> <span class='ocrx_word' id='word_1_530' title='bbox 1713 3561 1926 3640; x_wconf 73' lang='grc' dir='ltr'>ἑορτήν.</span> 
     </span>
    </p>
   </div>
   <div class='ocr_carea' id='block_1_77' title="bbox 2017 3561 3659 3647">
    <p class='ocr_par' dir='ltr' id='par_1_77' title="bbox 2017 3566 3659 3647">
     <span class='ocr_line' id='line_1_77' title="bbox 2017 3566 3659 3647; baseline 0.002 -19"><span class='ocrx_word' id='word_1_531' title='bbox 2017 3566 2287 3629; x_wconf 87' lang='lat' dir='ltr'><strong>dicendis</strong></span> <span class='ocrx_word' id='word_1_532' title='bbox 2318 3567 2555 3647; x_wconf 82' lang='lat' dir='ltr'><strong>hymnis</strong></span> <span class='ocrx_word' id='word_1_533' title='bbox 2580 3568 2915 3644; x_wconf 90' lang='lat' dir='ltr'><strong>nocturnis,</strong></span> <span class='ocrx_word' id='word_1_534' title='bbox 2942 3577 3000 3629; x_wconf 92' lang='lat' dir='ltr'><strong>et</strong></span> <span class='ocrx_word' id='word_1_535' title='bbox 3021 3569 3383 3631; x_wconf 84' lang='lat' dir='ltr'><strong>celebrando</strong></span> <span class='ocrx_word' id='word_1_536' title='bbox 3416 3587 3659 3632; x_wconf 89' lang='lat' dir='ltr'><strong>venera-</strong></span> 
     </span>
    </p>
   </div>
   <div class='ocr_carea' id='block_1_78' title="bbox 285 3649 1929 3734">
    <p class='ocr_par' dir='ltr' id='par_1_78' title="bbox 285 3649 1929 3734">
     <span class='ocr_line' id='line_1_78' title="bbox 285 3649 1929 3734; baseline -0.004 -23"><span class='ocrx_word' id='word_1_537' title='bbox 285 3654 525 3731; x_wconf 79' lang='grc' dir='ltr'>Κυριακή</span> <span class='ocrx_word' id='word_1_538' title='bbox 586 3657 687 3734; x_wconf 79' lang='grc' dir='ltr'>γὰρ</span> <span class='ocrx_word' id='word_1_539' title='bbox 740 3655 808 3724; x_wconf 73' lang='grc' dir='ltr'><strong>ἧν</strong></span> <span class='ocrx_word' id='word_1_540' title='bbox 858 3658 891 3725; x_wconf 75' lang='grc' dir='ltr'>ἡ</span> <span class='ocrx_word' id='word_1_541' title='bbox 940 3656 1129 3733; x_wconf 85' lang='grc' dir='ltr'>πρώτη</span> <span class='ocrx_word' id='word_1_542' title='bbox 1161 3657 1350 3712; x_wconf 74' lang='grc' dir='ltr'>πασῶν</span> <span class='ocrx_word' id='word_1_543' title='bbox 1378 3655 1465 3709; x_wconf 81' lang='grc' dir='ltr'><strong>καὶ</strong></span> <span class='ocrx_word' id='word_1_544' title='bbox 1496 3652 1746 3731; x_wconf 83' lang='grc' dir='ltr'>μεγίστη.</span> <span class='ocrx_word' id='word_1_545' title='bbox 1782 3649 1929 3708; x_wconf 75' lang='grc' dir='ltr'>Οὕτω</span> 
     </span>
    </p>
   </div>
   <div class='ocr_carea' id='block_1_79' title="bbox 2017 3649 3659 3734">
    <p class='ocr_par' dir='ltr' id='par_1_79' title="bbox 2017 3658 3659 3719">
     <span class='ocr_line' id='line_1_79' title="bbox 2017 3658 3659 3719; baseline 0.001 -2"><span class='ocrx_word' id='word_1_546' title='bbox 2017 3658 2117 3718; x_wconf 91' lang='lat' dir='ltr'><strong>bili</strong></span> <span class='ocrx_word' id='word_1_547' title='bbox 2141 3659 2287 3718; x_wconf 76' lang='lat' dir='ltr'><strong>festo</strong></span> <span class='ocrx_word' id='word_1_548' title='bbox 2312 3660 2522 3719; x_wconf 85' lang='lat' dir='ltr'><strong>Christi</strong></span> <span class='ocrx_word' id='word_1_549' title='bbox 2549 3663 3035 3719; x_wconf 83' lang='lat' dir='ltr'><strong>Resurrectionis.</strong></span> <span class='ocrx_word' id='word_1_550' title='bbox 3062 3661 3192 3719; x_wconf 84' lang='lat' dir='ltr'><strong>Erat</strong></span> <span class='ocrx_word' id='word_1_551' title='bbox 3214 3664 3369 3719; x_wconf 85' lang='lat' dir='ltr'><strong>enim</strong></span> <span class='ocrx_word' id='word_1_552' title='bbox 3393 3663 3513 3719; x_wconf 86' lang='lat' dir='ltr'><strong>dies</strong></span> <span class='ocrx_word' id='word_1_553' title='bbox 3542 3662 3659 3719; x_wconf 86' lang='lat' dir='ltr'><strong>Do-</strong></span> 
     </span>
    </p>
   </div>
   <div class='ocr_carea' id='block_1_80' title="bbox 278 3740 1929 3827">
    <p class='ocr_par' dir='ltr' id='par_1_80' title="bbox 278 3740 1928 3822">
     <span class='ocr_line' id='line_1_80' title="bbox 278 3740 1928 3822; baseline -0.002 -23"><span class='ocrx_word' id='word_1_554' title='bbox 278 3751 564 3821; x_wconf 78' lang='grc' dir='ltr'>τοιγαροῦν</span> <span class='ocrx_word' id='word_1_555' title='bbox 622 3745 695 3808; x_wconf 80' lang='grc' dir='ltr'>εἷς</span> <span class='ocrx_word' id='word_1_556' title='bbox 754 3750 854 3813; x_wconf 70' lang='grc' dir='ltr'>τὴν</span> <span class='ocrx_word' id='word_1_557' title='bbox 913 3744 1121 3811; x_wconf 80' lang='grc' dir='ltr'>σύναξιν</span> <span class='ocrx_word' id='word_1_558' title='bbox 1185 3745 1525 3822; x_wconf 73' lang='grc' dir='ltr'>ἀπαντήσας,</span> <span class='ocrx_word' id='word_1_559' title='bbox 1575 3742 1660 3797; x_wconf 67' lang='grc' dir='ltr'><strong>καὶ</strong></span> <span class='ocrx_word' id='word_1_560' title='bbox 1702 3742 1793 3798; x_wconf 72' lang='grc' dir='ltr'><strong>τὸν</strong></span> <span class='ocrx_word' id='word_1_561' title='bbox 1846 3740 1928 3797; x_wconf 75' lang='grc' dir='ltr'><strong>οἷ-</strong></span> 
     </span>
    </p>
   </div>
   <div class='ocr_carea' id='block_1_81' title="bbox 2017 3740 3660 3827">
    <p class='ocr_par' dir='ltr' id='par_1_81' title="bbox 2017 3744 3660 3827">
     <span class='ocr_line' id='line_1_81' title="bbox 2017 3744 3660 3827; baseline 0.001 -22"><span class='ocrx_word' id='word_1_562' title='bbox 2017 3744 2534 3825; x_wconf 86' lang='lat' dir='ltr'><strong>minicus,primus</strong></span> <span class='ocrx_word' id='word_1_563' title='bbox 2555 3750 2820 3807; x_wconf 88' lang='lat' dir='ltr'><strong>omnium</strong></span> <span class='ocrx_word' id='word_1_564' title='bbox 2846 3753 2909 3807; x_wconf 92' lang='lat' dir='ltr'><strong>et</strong></span> <span class='ocrx_word' id='word_1_565' title='bbox 2924 3744 3393 3808; x_wconf 79' lang='lat' dir='ltr'><strong>maximus.Cum</strong></span> <span class='ocrx_word' id='word_1_566' title='bbox 3414 3747 3499 3807; x_wconf 93' lang='lat' dir='ltr'><strong>sic</strong></span> <span class='ocrx_word' id='word_1_567' title='bbox 3520 3765 3660 3827; x_wconf 77' lang='lat' dir='ltr'><strong>ergo</strong></span> 
     </span>
    </p>
   </div>
   <div class='ocr_carea' id='block_1_82' title="bbox 274 3829 1929 3911">
    <p class='ocr_par' dir='ltr' id='par_1_82' title="bbox 274 3829 1929 3908">
     <span class='ocr_line' id='line_1_82' title="bbox 274 3829 1929 3908; baseline -0.001 -21"><span class='ocrx_word' id='word_1_568' title='bbox 274 3842 430 3889; x_wconf 79' lang='grc' dir='ltr'>κεϊον</span> <span class='ocrx_word' id='word_1_569' title='bbox 486 3831 809 3892; x_wconf 67' lang='grc' dir='ltr'>διδάσκαλον</span> <span class='ocrx_word' id='word_1_570' title='bbox 859 3831 1174 3908; x_wconf 78' lang='grc' dir='ltr'>ἀπολαϐὼν,</span> <span class='ocrx_word' id='word_1_571' title='bbox 1230 3833 1317 3889; x_wconf 77' lang='grc' dir='ltr'><strong>καὶ</strong></span> <span class='ocrx_word' id='word_1_572' title='bbox 1399 3833 1560 3908; x_wconf 89' lang='grc' dir='ltr'>μόνος</span> <span class='ocrx_word' id='word_1_573' title='bbox 1642 3832 1735 3887; x_wconf 80' lang='grc' dir='ltr'>σὺν</span> <span class='ocrx_word' id='word_1_574' title='bbox 1790 3829 1929 3903; x_wconf 77' lang='grc' dir='ltr'>αὒτῷ</span> 
     </span>
    </p>
   </div>
   <div class='ocr_carea' id='block_1_83' title="bbox 2017 3829 3658 3911">
    <p class='ocr_par' dir='ltr' id='par_1_83' title="bbox 2017 3836 3658 3911">
     <span class='ocr_line' id='line_1_83' title="bbox 2017 3836 3658 3911; baseline 0.002 -17"><span class='ocrx_word' id='word_1_575' title='bbox 2017 3836 2271 3897; x_wconf 83' lang='lat' dir='ltr'><strong>venisset</strong></span> <span class='ocrx_word' id='word_1_576' title='bbox 2291 3839 2360 3894; x_wconf 89' lang='lat' dir='ltr'><strong>ad</strong></span> <span class='ocrx_word' id='word_1_577' title='bbox 2383 3839 2981 3911; x_wconf 86' lang='lat' dir='ltr'><strong>congregationem,et</strong></span> <span class='ocrx_word' id='word_1_578' title='bbox 3000 3853 3168 3895; x_wconf 88' lang='lat' dir='ltr'><strong>suum</strong></span> <span class='ocrx_word' id='word_1_579' title='bbox 3198 3841 3512 3910; x_wconf 85' lang='lat' dir='ltr'><strong>accepisset</strong></span> <span class='ocrx_word' id='word_1_580' title='bbox 3535 3854 3658 3897; x_wconf 90' lang='lat' dir='ltr'><strong>ma-</strong></span> 
     </span>
    </p>
   </div>
   <div class='ocr_carea' id='block_1_84' title="bbox 279 3919 1929 4003">
    <p class='ocr_par' dir='ltr' id='par_1_84' title="bbox 279 3919 1929 4000">
     <span class='ocr_line' id='line_1_84' title="bbox 279 3919 1929 4000; baseline -0.002 -22"><span class='ocrx_word' id='word_1_581' title='bbox 279 3923 412 3999; x_wconf 74' lang='grc' dir='ltr'>πρὸς</span> <span class='ocrx_word' id='word_1_582' title='bbox 470 3924 535 3979; x_wconf 78' lang='grc' dir='ltr'>τὸ</span> <span class='ocrx_word' id='word_1_583' title='bbox 617 3922 946 4000; x_wconf 84' lang='grc' dir='ltr'>καλούμενον</span> <span class='ocrx_word' id='word_1_584' title='bbox 1029 3921 1331 3981; x_wconf 82' lang='grc' dir='ltr'>διακονικὸν</span> <span class='ocrx_word' id='word_1_585' title='bbox 1420 3920 1693 3999; x_wconf 78' lang='grc' dir='ltr'>εἰσελθὼν,</span> <span class='ocrx_word' id='word_1_586' title='bbox 1750 3919 1929 3976; x_wconf 89' lang='grc' dir='ltr'>πίπτει</span> 
     </span>
    </p>
   </div>
   <div class='ocr_carea' id='block_1_85' title="bbox 2017 3919 3657 4003">
    <p class='ocr_par' dir='ltr' id='par_1_85' title="bbox 2017 3921 3657 4003">
     <span class='ocr_line' id='line_1_85' title="bbox 2017 3921 3657 4003; baseline 0.001 -20"><span class='ocrx_word' id='word_1_587' title='bbox 2017 3921 2287 4002; x_wconf 90' lang='lat' dir='ltr'><strong>gistrum,</strong></span> <span class='ocrx_word' id='word_1_588' title='bbox 2324 3930 2382 3983; x_wconf 92' lang='lat' dir='ltr'><strong>et</strong></span> <span class='ocrx_word' id='word_1_589' title='bbox 2410 3923 2574 3985; x_wconf 88' lang='lat' dir='ltr'><strong>solus</strong></span> <span class='ocrx_word' id='word_1_590' title='bbox 2603 3942 2740 3984; x_wconf 91' lang='lat' dir='ltr'><strong>cum</strong></span> <span class='ocrx_word' id='word_1_591' title='bbox 2772 3924 2902 4003; x_wconf 91' lang='lat' dir='ltr'><strong>ipso</strong></span> <span class='ocrx_word' id='word_1_592' title='bbox 2935 3934 3096 3984; x_wconf 89' lang='lat' dir='ltr'><strong>esset</strong></span> <span class='ocrx_word' id='word_1_593' title='bbox 3129 3922 3435 4000; x_wconf 88' lang='lat' dir='ltr'><strong>ingressus</strong></span> <span class='ocrx_word' id='word_1_594' title='bbox 3479 3924 3540 3984; x_wconf 92' lang='lat' dir='ltr'><strong>in</strong></span> <span class='ocrx_word' id='word_1_595' title='bbox 3573 3923 3657 3998; x_wconf 90' lang='lat' dir='ltr'><strong>id,</strong></span> 
     </span>
    </p>
   </div>
   <div class='ocr_carea' id='block_1_86' title="bbox 281 4005 1929 4093">
    <p class='ocr_par' dir='ltr' id='par_1_86' title="bbox 281 4005 1929 4088">
     <span class='ocr_line' id='line_1_86' title="bbox 281 4005 1929 4088; baseline -0.002 -20"><span class='ocrx_word' id='word_1_596' title='bbox 281 4010 421 4088; x_wconf 78' lang='grc' dir='ltr'>πρὸς</span> <span class='ocrx_word' id='word_1_597' title='bbox 467 4012 592 4076; x_wconf 77' lang='grc' dir='ltr'>τοὺς</span> <span class='ocrx_word' id='word_1_598' title='bbox 638 4012 795 4070; x_wconf 70' lang='grc' dir='ltr'>αὺτοῦ</span> <span class='ocrx_word' id='word_1_599' title='bbox 851 4011 1043 4085; x_wconf 85' lang='grc' dir='ltr'>πόδας,</span> <span class='ocrx_word' id='word_1_600' title='bbox 1085 4010 1355 4074; x_wconf 85' lang='grc' dir='ltr'>πλουσίοις</span> <span class='ocrx_word' id='word_1_601' title='bbox 1421 4009 1609 4075; x_wconf 73' lang='grc' dir='ltr'>αὐτοὺς</span> <span class='ocrx_word' id='word_1_602' title='bbox 1664 4021 1778 4073; x_wconf 77' lang='grc' dir='ltr'>τοῖς</span> <span class='ocrx_word' id='word_1_603' title='bbox 1832 4005 1929 4064; x_wconf 67' lang='grc' dir='ltr'>διί-</span> 
     </span>
    </p>
   </div>
   <div class='ocr_carea' id='block_1_87' title="bbox 2017 4005 3657 4093">
    <p class='ocr_par' dir='ltr' id='par_1_87' title="bbox 2017 4010 3657 4093">
     <span class='ocr_line' id='line_1_87' title="bbox 2017 4010 3657 4093; baseline 0 -18"><span class='ocrx_word' id='word_1_604' title='bbox 2017 4012 2175 4093; x_wconf 82' lang='lat' dir='ltr'><strong>quod</strong></span> <span class='ocrx_word' id='word_1_605' title='bbox 2207 4011 2438 4075; x_wconf 86' lang='lat' dir='ltr'><strong>dicitur</strong></span> <span class='ocrx_word' id='word_1_606' title='bbox 2466 4010 3143 4092; x_wconf 87' lang='lat' dir='ltr'><strong>Diaconicum,procidit</strong></span> <span class='ocrx_word' id='word_1_607' title='bbox 3172 4012 3246 4073; x_wconf 89' lang='lat' dir='ltr'><strong>ad</strong></span> <span class='ocrx_word' id='word_1_608' title='bbox 3279 4012 3411 4092; x_wconf 91' lang='lat' dir='ltr'><strong>ejus</strong></span> <span class='ocrx_word' id='word_1_609' title='bbox 3442 4014 3657 4093; x_wconf 89' lang='lat' dir='ltr'><strong>pedes,</strong></span> 
     </span>
    </p>
   </div>
   <div class='ocr_carea' id='block_1_88' title="bbox 284 4096 1929 4183">
    <p class='ocr_par' dir='ltr' id='par_1_88' title="bbox 284 4096 1927 4182">
     <span class='ocr_line' id='line_1_88' title="bbox 284 4096 1927 4182; baseline -0.002 -25"><span class='ocrx_word' id='word_1_610' title='bbox 284 4121 442 4179; x_wconf 78' lang='grc' dir='ltr'>κρυσι</span> <span class='ocrx_word' id='word_1_611' title='bbox 488 4100 705 4182; x_wconf 70' lang='grc' dir='ltr'>βρέχων</span> <span class='ocrx_word' id='word_1_612' title='bbox 741 4118 755 4132; x_wconf 90' lang='lat'><strong>&#39;</strong></span> <span class='ocrx_word' id='word_1_613' title='bbox 801 4103 889 4159; x_wconf 72' lang='grc' dir='ltr'><strong>καὶ</strong></span> <span class='ocrx_word' id='word_1_614' title='bbox 933 4109 1025 4159; x_wconf 79' lang='grc' dir='ltr'>τοῦ</span> <span class='ocrx_word' id='word_1_615' title='bbox 1069 4099 1253 4180; x_wconf 76' lang='grc' dir='ltr'>ἀνδρὸς</span> <span class='ocrx_word' id='word_1_616' title='bbox 1298 4101 1352 4157; x_wconf 66' lang='grc' dir='ltr'>ἐν</span> <span class='ocrx_word' id='word_1_617' title='bbox 1410 4096 1660 4177; x_wconf 75' lang='grc' dir='ltr'>συντριϐῇ</span> <span class='ocrx_word' id='word_1_618' title='bbox 1716 4096 1927 4177; x_wconf 84' lang='grc' dir='ltr'>καρδίας</span> 
     </span>
    </p>
   </div>
   <div class='ocr_carea' id='block_1_89' title="bbox 2017 4096 3660 4183">
    <p class='ocr_par' dir='ltr' id='par_1_89' title="bbox 2017 4100 3660 4183">
     <span class='ocr_line' id='line_1_89' title="bbox 2017 4100 3660 4183; baseline -0.001 -20"><span class='ocrx_word' id='word_1_619' title='bbox 2017 4101 2272 4182; x_wconf 83' lang='lat' dir='ltr'><strong>profusis</strong></span> <span class='ocrx_word' id='word_1_620' title='bbox 2304 4120 2409 4163; x_wconf 92' lang='lat' dir='ltr'><strong>eos</strong></span> <span class='ocrx_word' id='word_1_621' title='bbox 2434 4101 2711 4183; x_wconf 79' lang='lat' dir='ltr'><strong>lacrymis</strong></span> <span class='ocrx_word' id='word_1_622' title='bbox 2743 4102 3028 4180; x_wconf 86' lang='lat' dir='ltr'><strong>irrigans,</strong></span> <span class='ocrx_word' id='word_1_623' title='bbox 3063 4109 3124 4163; x_wconf 92' lang='lat' dir='ltr'><strong>et</strong></span> <span class='ocrx_word' id='word_1_624' title='bbox 3158 4120 3294 4162; x_wconf 90' lang='lat' dir='ltr'><strong>eum</strong></span> <span class='ocrx_word' id='word_1_625' title='bbox 3347 4120 3564 4180; x_wconf 85' lang='lat' dir='ltr'><strong>rogans</strong></span> <span class='ocrx_word' id='word_1_626' title='bbox 3596 4100 3660 4162; x_wconf 90' lang='lat' dir='ltr'><strong>in</strong></span> 
     </span>
    </p>
   </div>
   <div class='ocr_carea' id='block_1_90' title="bbox 281 4186 1929 4269">
    <p class='ocr_par' dir='ltr' id='par_1_90' title="bbox 281 4186 1929 4269">
     <span class='ocr_line' id='line_1_90' title="bbox 281 4186 1929 4269; baseline -0.002 -24"><span class='ocrx_word' id='word_1_627' title='bbox 281 4186 532 4266; x_wconf 86' lang='grc' dir='ltr'>δεόμενος</span> <span class='ocrx_word' id='word_1_628' title='bbox 615 4190 854 4257; x_wconf 72' lang='grc' dir='ltr'>εὔξασθαι</span> <span class='ocrx_word' id='word_1_629' title='bbox 937 4191 1068 4269; x_wconf 76' lang='grc' dir='ltr'>ὑπὲρ</span> <span class='ocrx_word' id='word_1_630' title='bbox 1146 4190 1306 4248; x_wconf 73' lang='grc' dir='ltr'>αὑτοῦ</span> <span class='ocrx_word' id='word_1_631' title='bbox 1390 4192 1523 4267; x_wconf 83' lang='grc' dir='ltr'>πρὸς</span> <span class='ocrx_word' id='word_1_632' title='bbox 1598 4191 1690 4244; x_wconf 76' lang='grc' dir='ltr'><strong>τὸν</strong></span> <span class='ocrx_word' id='word_1_633' title='bbox 1747 4187 1929 4245; x_wconf 86' lang='grc' dir='ltr'>κοινὸν</span> 
     </span>
    </p>
   </div>
   <div class='ocr_carea' id='block_1_91' title="bbox 2017 4186 3663 4269">
    <p class='ocr_par' dir='ltr' id='par_1_91' title="bbox 2017 4192 3663 4265">
     <span class='ocr_line' id='line_1_91' title="bbox 2017 4192 3663 4265; baseline 0 -14"><span class='ocrx_word' id='word_1_634' title='bbox 2017 4194 2361 4252; x_wconf 84' lang='lat' dir='ltr'><strong>contritione</strong></span> <span class='ocrx_word' id='word_1_635' title='bbox 2378 4192 2598 4258; x_wconf 87' lang='lat' dir='ltr'><strong>cordis,</strong></span> <span class='ocrx_word' id='word_1_636' title='bbox 2632 4202 2694 4251; x_wconf 91' lang='lat' dir='ltr'><strong>ut</strong></span> <span class='ocrx_word' id='word_1_637' title='bbox 2721 4208 2826 4265; x_wconf 90' lang='lat' dir='ltr'><strong>pro</strong></span> <span class='ocrx_word' id='word_1_638' title='bbox 2845 4195 2975 4265; x_wconf 80' lang='lat' dir='ltr'><strong>ipso</strong></span> <span class='ocrx_word' id='word_1_639' title='bbox 3006 4207 3374 4250; x_wconf 87' lang='lat' dir='ltr'><strong>communem</strong></span> <span class='ocrx_word' id='word_1_640' title='bbox 3399 4195 3663 4251; x_wconf 86' lang='lat' dir='ltr'><strong>omnium</strong></span> 
     </span>
    </p>
   </div>
   <div class='ocr_carea' id='block_1_92' title="bbox 281 4277 1929 4359">
    <p class='ocr_par' dir='ltr' id='par_1_92' title="bbox 281 4278 1929 4358">
     <span class='ocr_line' id='line_1_92' title="bbox 281 4278 1929 4358; baseline -0.002 -22"><span class='ocrx_word' id='word_1_641' title='bbox 281 4279 531 4337; x_wconf 69' lang='grc' dir='ltr'>απάντων</span> <span class='ocrx_word' id='word_1_642' title='bbox 567 4282 845 4349; x_wconf 69' lang='grc' dir='ltr'>Δεσπότιιν</span> <span class='ocrx_word' id='word_1_643' title='bbox 884 4297 897 4312; x_wconf 82' lang='grc'><strong><em>⁸</em></strong></span> <span class='ocrx_word' id='word_1_644' title='bbox 948 4281 1043 4338; x_wconf 77' lang='grc' dir='ltr'><strong>οἷα</strong></span> <span class='ocrx_word' id='word_1_645' title='bbox 1074 4278 1364 4354; x_wconf 78' lang='grc' dir='ltr'>μέλλοντος</span> <span class='ocrx_word' id='word_1_646' title='bbox 1409 4281 1540 4358; x_wconf 82' lang='grc' dir='ltr'>πρὸς</span> <span class='ocrx_word' id='word_1_647' title='bbox 1573 4279 1783 4336; x_wconf 77' lang='grc' dir='ltr'>ἐκεῖνον</span> <span class='ocrx_word' id='word_1_648' title='bbox 1829 4281 1929 4337; x_wconf 79' lang='grc' dir='ltr'>οὒκ</span> 
     </span>
    </p>
   </div>
   <div class='ocr_carea' id='block_1_93' title="bbox 2017 4277 3661 4359">
    <p class='ocr_par' dir='ltr' id='par_1_93' title="bbox 2017 4277 3661 4359">
     <span class='ocr_line' id='line_1_93' title="bbox 2017 4277 3661 4359; baseline -0.001 -19"><span class='ocrx_word' id='word_1_649' title='bbox 2017 4287 2251 4358; x_wconf 88' lang='lat' dir='ltr'><strong>rogaret</strong></span> <span class='ocrx_word' id='word_1_650' title='bbox 2273 4277 2690 4354; x_wconf 89' lang='lat' dir='ltr'><strong>Dominum,ut</strong></span> <span class='ocrx_word' id='word_1_651' title='bbox 2710 4284 2815 4359; x_wconf 85' lang='lat' dir='ltr'><strong>qui</strong></span> <span class='ocrx_word' id='word_1_652' title='bbox 2838 4286 3000 4340; x_wconf 90' lang='lat' dir='ltr'><strong>esset</strong></span> <span class='ocrx_word' id='word_1_653' title='bbox 3025 4278 3373 4358; x_wconf 90' lang='lat' dir='ltr'><strong>propediem</strong></span> <span class='ocrx_word' id='word_1_654' title='bbox 3394 4278 3466 4338; x_wconf 94' lang='lat' dir='ltr'><strong>ad</strong></span> <span class='ocrx_word' id='word_1_655' title='bbox 3490 4278 3661 4339; x_wconf 90' lang='lat' dir='ltr'><strong>illum</strong></span> 
     </span>
    </p>
   </div>
   <div class='ocr_carea' id='block_1_94' title="bbox 285 4366 1929 4448">
    <p class='ocr_par' dir='ltr' id='par_1_94' title="bbox 285 4366 1929 4447">
     <span class='ocr_line' id='line_1_94' title="bbox 285 4366 1929 4447; baseline 0.004 -24"><span class='ocrx_word' id='word_1_656' title='bbox 285 4368 357 4431; x_wconf 77' lang='grc' dir='ltr'><strong>εἷς</strong></span> <span class='ocrx_word' id='word_1_657' title='bbox 387 4368 598 4447; x_wconf 80' lang='grc' dir='ltr'>μακράν</span> <span class='ocrx_word' id='word_1_658' title='bbox 640 4367 968 4445; x_wconf 74' lang='grc' dir='ltr'>ἐκδημῆσαι.</span> <span class='ocrx_word' id='word_1_659' title='bbox 1029 4369 1172 4427; x_wconf 76' lang='grc' dir='ltr'>Εἶτα</span> <span class='ocrx_word' id='word_1_660' title='bbox 1227 4369 1315 4424; x_wconf 79' lang='grc' dir='ltr'><strong>καὶ</strong></span> <span class='ocrx_word' id='word_1_661' title='bbox 1372 4372 1438 4425; x_wconf 81' lang='grc' dir='ltr'>τὰ</span> <span class='ocrx_word' id='word_1_662' title='bbox 1484 4366 1720 4445; x_wconf 77' lang='grc' dir='ltr'>ἐξιτήρια</span> <span class='ocrx_word' id='word_1_663' title='bbox 1764 4368 1929 4447; x_wconf 77' lang='grc' dir='ltr'>φθέγ-</span> 
     </span>
    </p>
   </div>
   <div class='ocr_carea' id='block_1_95' title="bbox 2017 4366 3665 4448">
    <p class='ocr_par' dir='ltr' id='par_1_95' title="bbox 2017 4366 3665 4448">
     <span class='ocr_line' id='line_1_95' title="bbox 2017 4366 3665 4448; baseline -0.001 -18"><span class='ocrx_word' id='word_1_664' title='bbox 2017 4366 2629 4430; x_wconf 87' lang='lat' dir='ltr'><strong>recessurus.Deinde</strong></span> <span class='ocrx_word' id='word_1_665' title='bbox 2653 4371 2835 4429; x_wconf 89' lang='lat' dir='ltr'><strong>etiam</strong></span> <span class='ocrx_word' id='word_1_666' title='bbox 2855 4386 2924 4430; x_wconf 89' lang='lat' dir='ltr'><strong>ea</strong></span> <span class='ocrx_word' id='word_1_667' title='bbox 2948 4366 3383 4448; x_wconf 79' lang='lat' dir='ltr'><strong>loquitur,quae</strong></span> <span class='ocrx_word' id='word_1_668' title='bbox 3405 4367 3526 4428; x_wconf 86' lang='lat' dir='ltr'><strong>dici</strong></span> <span class='ocrx_word' id='word_1_669' title='bbox 3560 4387 3665 4429; x_wconf 91' lang='lat' dir='ltr'><strong>so-</strong></span> 
     </span>
    </p>
   </div>
   <div class='ocr_carea' id='block_1_96' title="bbox 282 4453 1929 4539">
    <p class='ocr_par' dir='ltr' id='par_1_96' title="bbox 282 4453 1929 4536">
     <span class='ocr_line' id='line_1_96' title="bbox 282 4453 1929 4536; baseline -0.002 -22"><span class='ocrx_word' id='word_1_670' title='bbox 282 4477 433 4536; x_wconf 86' lang='grc' dir='ltr'>γεται</span> <span class='ocrx_word' id='word_1_671' title='bbox 477 4460 564 4514; x_wconf 84' lang='grc' dir='ltr'><strong>καὶ</strong></span> <span class='ocrx_word' id='word_1_672' title='bbox 604 4457 704 4515; x_wconf 77' lang='grc' dir='ltr'>ὅσα</span> <span class='ocrx_word' id='word_1_673' title='bbox 747 4459 842 4527; x_wconf 71' lang='grc' dir='ltr'><strong>τῆς</strong></span> <span class='ocrx_word' id='word_1_674' title='bbox 886 4457 1143 4533; x_wconf 76' lang='grc' dir='ltr'>ἐκδημίας</span> <span class='ocrx_word' id='word_1_675' title='bbox 1175 4478 1190 4494; x_wconf 79' lang='grc' dir='ltr'><strong>ο</strong></span> <span class='ocrx_word' id='word_1_676' title='bbox 1239 4455 1397 4529; x_wconf 77' lang='grc' dir='ltr'>Οἶδα,</span> <span class='ocrx_word' id='word_1_677' title='bbox 1460 4457 1630 4535; x_wconf 86' lang='grc' dir='ltr'>Πάτερ</span> <span class='ocrx_word' id='word_1_678' title='bbox 1657 4454 1800 4535; x_wconf 72' lang='grc' dir='ltr'>ἅγιε,</span> <span class='ocrx_word' id='word_1_679' title='bbox 1833 4453 1929 4511; x_wconf 82' lang='grc' dir='ltr'><strong>λέο</strong></span> 
     </span>
    </p>
   </div>
   <div class='ocr_carea' id='block_1_97' title="bbox 2017 4453 3667 4539">
    <p class='ocr_par' dir='ltr' id='par_1_97' title="bbox 2017 4456 3667 4539">
     <span class='ocr_line' id='line_1_97' title="bbox 2017 4456 3667 4539; baseline 0.001 -21"><span class='ocrx_word' id='word_1_680' title='bbox 2017 4458 2142 4519; x_wconf 92' lang='lat' dir='ltr'><strong>lent</strong></span> <span class='ocrx_word' id='word_1_681' title='bbox 2173 4456 2246 4519; x_wconf 90' lang='lat' dir='ltr'><strong>ab</strong></span> <span class='ocrx_word' id='word_1_682' title='bbox 2277 4456 2641 4519; x_wconf 84' lang='lat' dir='ltr'><strong>exeuntibus</strong></span> <span class='ocrx_word' id='word_1_683' title='bbox 2672 4466 2732 4519; x_wconf 91' lang='lat' dir='ltr'><strong>et</strong></span> <span class='ocrx_word' id='word_1_684' title='bbox 2753 4458 2827 4519; x_wconf 89' lang='lat' dir='ltr'><strong>iis</strong></span> <span class='ocrx_word' id='word_1_685' title='bbox 2859 4459 2962 4539; x_wconf 90' lang='lat' dir='ltr'><strong>qui</strong></span> <span class='ocrx_word' id='word_1_686' title='bbox 2995 4475 3249 4539; x_wconf 87' lang='lat' dir='ltr'><strong>peregre</strong></span> <span class='ocrx_word' id='word_1_687' title='bbox 3276 4458 3667 4537; x_wconf 87' lang='lat' dir='ltr'><strong>proﬁciscun-</strong></span> 
     </span>
    </p>
   </div>
   <div class='ocr_carea' id='block_1_98' title="bbox 286 4544 1929 4629">
    <p class='ocr_par' dir='ltr' id='par_1_98' title="bbox 286 4544 1927 4626">
     <span class='ocr_line' id='line_1_98' title="bbox 286 4544 1927 4626; baseline 0.007 -23"><span class='ocrx_word' id='word_1_688' title='bbox 286 4570 421 4626; x_wconf 86' lang='grc' dir='ltr'>γων,</span> <span class='ocrx_word' id='word_1_689' title='bbox 458 4545 609 4609; x_wconf 71' lang='grc' dir='ltr'>ὅσους</span> <span class='ocrx_word' id='word_1_690' title='bbox 666 4546 750 4605; x_wconf 65' lang='grc' dir='ltr'><strong>ἐπ’</strong></span> <span class='ocrx_word' id='word_1_691' title='bbox 797 4548 919 4623; x_wconf 65' lang='grc' dir='ltr'>ἐμοὶ</span> <span class='ocrx_word' id='word_1_692' title='bbox 959 4548 1155 4609; x_wconf 83' lang='grc' dir='ltr'>κόπους</span> <span class='ocrx_word' id='word_1_693' title='bbox 1206 4546 1441 4613; x_wconf 75' lang='grc' dir='ltr'>ὑπέστης</span> <span class='ocrx_word' id='word_1_694' title='bbox 1472 4546 1549 4620; x_wconf 80' lang='grc' dir='ltr'>τῷ</span> <span class='ocrx_word' id='word_1_695' title='bbox 1580 4544 1927 4622; x_wconf 78' lang='grc' dir='ltr'>ταλαιπώρῳ,</span> 
     </span>
    </p>
   </div>
   <div class='ocr_carea' id='block_1_99' title="bbox 2017 4544 3663 4629">
    <p class='ocr_par' dir='ltr' id='par_1_99' title="bbox 2017 4547 3663 4629">
     <span class='ocr_line' id='line_1_99' title="bbox 2017 4547 3663 4629; baseline 0.001 -22"><span class='ocrx_word' id='word_1_696' title='bbox 2017 4554 2129 4608; x_wconf 91' lang='lat' dir='ltr'><strong>tur:</strong></span> <span class='ocrx_word' id='word_1_697' title='bbox 2159 4547 2778 4621; x_wconf 87' lang='lat' dir='ltr'><strong>Scio,dicens,sancte</strong></span> <span class='ocrx_word' id='word_1_698' title='bbox 2796 4547 2995 4628; x_wconf 90' lang='lat' dir='ltr'><strong>Pater,</strong></span> <span class='ocrx_word' id='word_1_699' title='bbox 3017 4547 3175 4629; x_wconf 85' lang='lat' dir='ltr'><strong>quod</strong></span> <span class='ocrx_word' id='word_1_700' title='bbox 3207 4565 3313 4626; x_wconf 90' lang='lat' dir='ltr'><strong>pro</strong></span> <span class='ocrx_word' id='word_1_701' title='bbox 3346 4565 3442 4609; x_wconf 87' lang='lat' dir='ltr'><strong>me</strong></span> <span class='ocrx_word' id='word_1_702' title='bbox 3476 4549 3663 4609; x_wconf 87' lang='lat' dir='ltr'><strong>mise-</strong></span> 
     </span>
    </p>
   </div>
   <div class='ocr_carea' id='block_1_100' title="bbox 285 4633 1929 4717">
    <p class='ocr_par' dir='ltr' id='par_1_100' title="bbox 285 4633 1929 4716">
     <span class='ocr_line' id='line_1_100' title="bbox 285 4633 1929 4716; baseline -0.002 -23"><span class='ocrx_word' id='word_1_703' title='bbox 285 4638 372 4693; x_wconf 84' lang='grc' dir='ltr'><strong>καὶ</strong></span> <span class='ocrx_word' id='word_1_704' title='bbox 406 4633 490 4693; x_wconf 75' lang='grc' dir='ltr'><strong>ὅτι</strong></span> <span class='ocrx_word' id='word_1_705' title='bbox 520 4635 695 4694; x_wconf 77' lang='grc' dir='ltr'>πολλὰ</span> <span class='ocrx_word' id='word_1_706' title='bbox 721 4636 1075 4716; x_wconf 80' lang='grc' dir='ltr'>παρελύπησα</span> <span class='ocrx_word' id='word_1_707' title='bbox 1118 4638 1209 4694; x_wconf 81' lang='grc' dir='ltr'><strong>καὶ</strong></span> <span class='ocrx_word' id='word_1_708' title='bbox 1264 4634 1525 4700; x_wconf 85' lang='grc' dir='ltr'>πολλάκις</span> <span class='ocrx_word' id='word_1_709' title='bbox 1578 4637 1643 4693; x_wconf 78' lang='grc' dir='ltr'><strong>τὰ</strong></span> <span class='ocrx_word' id='word_1_710' title='bbox 1700 4635 1929 4711; x_wconf 86' lang='grc' dir='ltr'>πατρικὰ</span> 
     </span>
    </p>
   </div>
   <div class='ocr_carea' id='block_1_101' title="bbox 2017 4633 3665 4717">
    <p class='ocr_par' dir='ltr' id='par_1_101' title="bbox 2017 4635 3665 4717">
     <span class='ocr_line' id='line_1_101' title="bbox 2017 4635 3665 4717; baseline 0 -20"><span class='ocrx_word' id='word_1_711' title='bbox 2017 4654 2084 4697; x_wconf 89' lang='lat' dir='ltr'><strong>ro</strong></span> <span class='ocrx_word' id='word_1_712' title='bbox 2115 4635 2358 4698; x_wconf 89' lang='lat' dir='ltr'><strong>labores</strong></span> <span class='ocrx_word' id='word_1_713' title='bbox 2405 4637 2773 4712; x_wconf 87' lang='lat' dir='ltr'><strong>sustinuisti,</strong></span> <span class='ocrx_word' id='word_1_714' title='bbox 2807 4644 2865 4699; x_wconf 87' lang='lat' dir='ltr'><strong>et</strong></span> <span class='ocrx_word' id='word_1_715' title='bbox 2895 4638 3054 4717; x_wconf 86' lang='lat' dir='ltr'><strong>quod</strong></span> <span class='ocrx_word' id='word_1_716' title='bbox 3089 4654 3248 4716; x_wconf 73' lang='lat' dir='ltr'><strong>saepe</strong></span> <span class='ocrx_word' id='word_1_717' title='bbox 3280 4646 3340 4698; x_wconf 91' lang='lat' dir='ltr'><strong>et</strong></span> <span class='ocrx_word' id='word_1_718' title='bbox 3373 4638 3430 4697; x_wconf 90' lang='lat' dir='ltr'><strong>in</strong></span> <span class='ocrx_word' id='word_1_719' title='bbox 3462 4637 3665 4698; x_wconf 89' lang='lat' dir='ltr'><strong>multis</strong></span> 
     </span>
    </p>
   </div>
   <div class='ocr_carea' id='block_1_102' title="bbox 284 4721 1933 4809">
    <p class='ocr_par' dir='ltr' id='par_1_102' title="bbox 284 4721 1933 4809">
     <span class='ocr_line' id='line_1_102' title="bbox 284 4721 1933 4809; baseline -0.002 -26"><span class='ocrx_word' id='word_1_720' title='bbox 284 4730 405 4805; x_wconf 79' lang='grc' dir='ltr'>περὶ</span> <span class='ocrx_word' id='word_1_721' title='bbox 435 4725 531 4802; x_wconf 74' lang='grc' dir='ltr'><strong>ἰμέ</strong></span> <span class='ocrx_word' id='word_1_722' title='bbox 562 4728 649 4783; x_wconf 82' lang='grc' dir='ltr'>καὶ</span> <span class='ocrx_word' id='word_1_723' title='bbox 680 4725 1007 4809; x_wconf 85' lang='grc' dir='ltr'>φιλόστοργα</span> <span class='ocrx_word' id='word_1_724' title='bbox 1034 4724 1327 4807; x_wconf 69' lang='grc' dir='ltr'>σπλάγχνα</span> <span class='ocrx_word' id='word_1_725' title='bbox 1383 4746 1499 4801; x_wconf 88' lang='grc' dir='ltr'>σου,</span> <span class='ocrx_word' id='word_1_726' title='bbox 1557 4722 1652 4780; x_wconf 81' lang='grc' dir='ltr'><strong>καί</strong></span> <span class='ocrx_word' id='word_1_727' title='bbox 1710 4721 1790 4780; x_wconf 77' lang='grc' dir='ltr'><strong>ὅτι</strong></span> <span class='ocrx_word' id='word_1_728' title='bbox 1849 4721 1933 4780; x_wconf 79' lang='grc' dir='ltr'><strong>διά</strong></span> 
     </span>
    </p>
   </div>
   <div class='ocr_carea' id='block_1_103' title="bbox 287 4811 1928 4895">
    <p class='ocr_par' dir='ltr' id='par_1_103' title="bbox 287 4811 1928 4895">
     <span class='ocr_line' id='line_1_103' title="bbox 287 4811 1928 4895; baseline -0.001 -24"><span class='ocrx_word' id='word_1_729' title='bbox 287 4817 382 4872; x_wconf 75' lang='grc' dir='ltr'><strong>σου</strong></span> <span class='ocrx_word' id='word_1_730' title='bbox 425 4815 537 4895; x_wconf 76' lang='grc' dir='ltr'><strong>φῶς</strong></span> <span class='ocrx_word' id='word_1_731' title='bbox 583 4814 731 4874; x_wconf 72' lang='grc' dir='ltr'>εἶδον</span> <span class='ocrx_word' id='word_1_732' title='bbox 785 4820 832 4875; x_wconf 75' lang='grc' dir='ltr'>οἱ</span> <span class='ocrx_word' id='word_1_733' title='bbox 876 4814 1137 4895; x_wconf 83' lang='grc' dir='ltr'>ὀφθαλμοί</span> <span class='ocrx_word' id='word_1_734' title='bbox 1171 4837 1298 4891; x_wconf 87' lang='grc' dir='ltr'>μου,</span> <span class='ocrx_word' id='word_1_735' title='bbox 1340 4821 1452 4893; x_wconf 82' lang='grc' dir='ltr'><strong>φῶς</strong></span> <span class='ocrx_word' id='word_1_736' title='bbox 1498 4811 1771 4888; x_wconf 71' lang='grc' dir='ltr'>ἀληθινὸν,</span> <span class='ocrx_word' id='word_1_737' title='bbox 1818 4819 1928 4892; x_wconf 79' lang='grc' dir='ltr'><strong>φῶς</strong></span> 
     </span>
    </p>
   </div>
   <div class='ocr_carea' id='block_1_104' title="bbox 286 4901 1928 4984">
    <p class='ocr_par' dir='ltr' id='par_1_104' title="bbox 286 4901 1928 4984">
     <span class='ocr_line' id='line_1_104' title="bbox 286 4901 1928 4984; baseline -0.001 -25"><span class='ocrx_word' id='word_1_738' title='bbox 286 4903 656 4983; x_wconf 73' lang='grc' dir='ltr'>ιπιγνώσεως,</span> <span class='ocrx_word' id='word_1_739' title='bbox 715 4906 803 4964; x_wconf 78' lang='grc' dir='ltr'><strong>καὶ</strong></span> <span class='ocrx_word' id='word_1_740' title='bbox 845 4905 1066 4970; x_wconf 86' lang='grc' dir='ltr'>σκότους</span> <span class='ocrx_word' id='word_1_741' title='bbox 1130 4902 1453 4982; x_wconf 69' lang='grc' dir='ltr'>ἀπηλλάγην</span> <span class='ocrx_word' id='word_1_742' title='bbox 1515 4901 1928 4984; x_wconf 68' lang='grc' dir='ltr'>χαλεπωτάτοω</span> 
     </span>
    </p>
   </div>
   <div class='ocr_carea' id='block_1_105' title="bbox 290 4991 1933 5073">
    <p class='ocr_par' dir='ltr' id='par_1_105' title="bbox 290 4991 1933 5073">
     <span class='ocr_line' id='line_1_105' title="bbox 290 4991 1933 5073; baseline -0.001 -24"><span class='ocrx_word' id='word_1_743' title='bbox 290 4991 376 5050; x_wconf 69' lang='grc' dir='ltr'><strong>διὸ</strong></span> <span class='ocrx_word' id='word_1_744' title='bbox 437 4992 573 5070; x_wconf 82' lang='grc' dir='ltr'>μηδὲ</span> <span class='ocrx_word' id='word_1_745' title='bbox 618 4993 881 5057; x_wconf 80' lang='grc' dir='ltr'>διαλίποις</span> <span class='ocrx_word' id='word_1_746' title='bbox 926 5002 1021 5051; x_wconf 77' lang='grc' dir='ltr'>τοῦ</span> <span class='ocrx_word' id='word_1_747' title='bbox 1062 4991 1433 5073; x_wconf 81' lang='grc' dir='ltr'>φιλανθρώπου</span> <span class='ocrx_word' id='word_1_748' title='bbox 1497 4992 1769 5050; x_wconf 88' lang='grc' dir='ltr'>Δεσπότου</span> <span class='ocrx_word' id='word_1_749' title='bbox 1816 4994 1933 5067; x_wconf 83' lang='grc' dir='ltr'>περὶ</span> 
     </span>
    </p>
   </div>
   <div class='ocr_carea' id='block_1_106' title="bbox 292 5079 1628 5159">
    <p class='ocr_par' dir='ltr' id='par_1_106' title="bbox 292 5079 1628 5159">
     <span class='ocr_line' id='line_1_106' title="bbox 292 5079 1628 5159; baseline 0.001 -20"><span class='ocrx_word' id='word_1_750' title='bbox 292 5082 426 5157; x_wconf 73' lang='grc' dir='ltr'>ἐμοῦ</span> <span class='ocrx_word' id='word_1_751' title='bbox 467 5086 495 5140; x_wconf 79' lang='grc' dir='ltr'>ὁ</span> <span class='ocrx_word' id='word_1_752' title='bbox 538 5087 729 5148; x_wconf 76' lang='grc' dir='ltr'>πιστὸς</span> <span class='ocrx_word' id='word_1_753' title='bbox 763 5084 976 5151; x_wconf 72' lang='grc' dir='ltr'>οἰκέτης</span> <span class='ocrx_word' id='word_1_754' title='bbox 1010 5082 1093 5141; x_wconf 77' lang='grc' dir='ltr'><strong>δια</strong></span> <span class='ocrx_word' id='word_1_755' title='bbox 1125 5082 1322 5148; x_wconf 73' lang='grc' dir='ltr'>παντὸς</span> <span class='ocrx_word' id='word_1_756' title='bbox 1358 5079 1628 5159; x_wconf 86' lang='grc' dir='ltr'>δεόμενος.</span> 
     </span>
    </p>
   </div>
   <div class='ocr_carea' id='block_1_107' title="bbox 375 5254 1935 5343">
    <p class='ocr_par' dir='ltr' id='par_1_107' title="bbox 375 5254 1935 5343">
     <span class='ocr_line' id='line_1_107' title="bbox 375 5254 1935 5343; baseline -0.001 -23"><span class='ocrx_word' id='word_1_757' title='bbox 375 5254 454 5327; x_wconf 84' lang='grc' dir='ltr'><strong>Ζ’.</strong></span> <span class='ocrx_word' id='word_1_758' title='bbox 506 5265 643 5343; x_wconf 77' lang='grc' dir='ltr'>Πρὸς</span> <span class='ocrx_word' id='word_1_759' title='bbox 706 5270 871 5321; x_wconf 79' lang='grc' dir='ltr'>ταῦτα</span> <span class='ocrx_word' id='word_1_760' title='bbox 930 5262 1137 5326; x_wconf 68' lang='grc' dir='ltr'>ἐκεῖνος</span> <span class='ocrx_word' id='word_1_761' title='bbox 1187 5257 1493 5341; x_wconf 78' lang='grc' dir='ltr'>ὑπολαϐὼν,</span> <span class='ocrx_word' id='word_1_762' title='bbox 1542 5262 1600 5319; x_wconf 88' lang='grc' dir='ltr'><strong>Τί</strong></span> <span class='ocrx_word' id='word_1_763' title='bbox 1666 5260 1720 5316; x_wconf 70' lang='grc' dir='ltr'>δὲ</span> <span class='ocrx_word' id='word_1_764' title='bbox 1779 5268 1935 5319; x_wconf 80' lang='grc' dir='ltr'>τοῦτό</span> 
     </span>
    </p>
   </div>
   <div class='ocr_carea' id='block_1_108' title="bbox 291 5348 1935 5433">
    <p class='ocr_par' dir='ltr' id='par_1_108' title="bbox 291 5348 1935 5433">
     <span class='ocr_line' id='line_1_108' title="bbox 291 5348 1935 5433; baseline -0.002 -22"><span class='ocrx_word' id='word_1_765' title='bbox 291 5352 459 5433; x_wconf 73' lang='grc' dir='ltr'>ἱστιν,</span> <span class='ocrx_word' id='word_1_766' title='bbox 492 5353 620 5433; x_wconf 72' lang='grc' dir='ltr'>ἔφη,</span> <span class='ocrx_word' id='word_1_767' title='bbox 654 5356 740 5410; x_wconf 84' lang='grc' dir='ltr'>καὶ</span> <span class='ocrx_word' id='word_1_768' title='bbox 782 5353 941 5410; x_wconf 87' lang='grc' dir='ltr'>πόθεν</span> <span class='ocrx_word' id='word_1_769' title='bbox 986 5349 1048 5409; x_wconf 74' lang='grc' dir='ltr'><strong>ἂν</strong></span> <span class='ocrx_word' id='word_1_770' title='bbox 1106 5352 1312 5429; x_wconf 73' lang='grc' dir='ltr'>γένοιτο</span> <span class='ocrx_word' id='word_1_771' title='bbox 1365 5348 1550 5427; x_wconf 80' lang='grc' dir='ltr'>δῆλον,</span> <span class='ocrx_word' id='word_1_772' title='bbox 1586 5348 1667 5408; x_wconf 81' lang='grc' dir='ltr'><strong>ὅτι</strong></span> <span class='ocrx_word' id='word_1_773' title='bbox 1720 5350 1935 5426; x_wconf 81' lang='grc' dir='ltr'>μέλλεις</span> 
     </span>
    </p>
   </div>
   <div class='ocr_carea' id='block_1_109' title="bbox 369 5526 822 5609">
    <p class='ocr_par' dir='ltr' id='par_1_109' title="bbox 369 5526 822 5609">
     <span class='ocr_line' id='line_1_109' title="bbox 369 5526 822 5609; baseline -0.002 -18"><span class='ocrx_word' id='word_1_774' title='bbox 369 5527 401 5580; x_wconf 68' lang='grc'><strong>2</strong></span> <span class='ocrx_word' id='word_1_775' title='bbox 429 5526 594 5591; x_wconf 82' lang='lat' dir='ltr'><strong>Psal.</strong></span> <span class='ocrx_word' id='word_1_776' title='bbox 628 5542 729 5609; x_wconf 77' lang='grc' dir='ltr'><strong>ιι,</strong></span> <span class='ocrx_word' id='word_1_777' title='bbox 761 5529 822 5592; x_wconf 85' lang='grc'><strong>4.</strong></span> 
     </span>
    </p>
   </div>
   <div class='ocr_carea' id='block_1_110' title="bbox 2016 4724 3664 4808">
    <p class='ocr_par' dir='ltr' id='par_1_110' title="bbox 2016 4724 3664 4808">
     <span class='ocr_line' id='line_1_110' title="bbox 2016 4724 3664 4808; baseline -0.001 -21"><span class='ocrx_word' id='word_1_778' title='bbox 2016 4724 2294 4788; x_wconf 88' lang='lat' dir='ltr'><strong>molestia</strong></span> <span class='ocrx_word' id='word_1_779' title='bbox 2316 4725 2490 4787; x_wconf 82' lang='lat' dir='ltr'><strong>aﬂ&#39;eci</strong></span> <span class='ocrx_word' id='word_1_780' title='bbox 2511 4736 2609 4788; x_wconf 91' lang='lat' dir='ltr'><strong>tua</strong></span> <span class='ocrx_word' id='word_1_781' title='bbox 2626 4726 2684 4789; x_wconf 91' lang='lat' dir='ltr'><strong>in</strong></span> <span class='ocrx_word' id='word_1_782' title='bbox 2712 4744 2807 4789; x_wconf 88' lang='lat' dir='ltr'><strong>me</strong></span> <span class='ocrx_word' id='word_1_783' title='bbox 2832 4737 3084 4808; x_wconf 88' lang='lat' dir='ltr'><strong>paterna</strong></span> <span class='ocrx_word' id='word_1_784' title='bbox 3104 4733 3163 4786; x_wconf 93' lang='lat' dir='ltr'><strong>et</strong></span> <span class='ocrx_word' id='word_1_785' title='bbox 3184 4726 3664 4787; x_wconf 87' lang='lat' dir='ltr'><strong>amantiavisce-</strong></span> 
     </span>
    </p>
   </div>
   <div class='ocr_carea' id='block_1_111' title="bbox 2018 4818 3668 4890">
    <p class='ocr_par' dir='ltr' id='par_1_111' title="bbox 2018 4818 3668 4890">
     <span class='ocr_line' id='line_1_111' title="bbox 2018 4818 3668 4890; baseline -0.002 -12"><span class='ocrx_word' id='word_1_786' title='bbox 2018 4827 2165 4886; x_wconf 86' lang='lat' dir='ltr'><strong>ra,et</strong></span> <span class='ocrx_word' id='word_1_787' title='bbox 2188 4820 2341 4890; x_wconf 87' lang='lat' dir='ltr'><strong>quod</strong></span> <span class='ocrx_word' id='word_1_788' title='bbox 2363 4834 2463 4890; x_wconf 90' lang='lat' dir='ltr'><strong>per</strong></span> <span class='ocrx_word' id='word_1_789' title='bbox 2484 4829 2540 4878; x_wconf 91' lang='lat' dir='ltr'><strong>te</strong></span> <span class='ocrx_word' id='word_1_790' title='bbox 2558 4820 2747 4877; x_wconf 89' lang='lat' dir='ltr'><strong>lucem</strong></span> <span class='ocrx_word' id='word_1_791' title='bbox 2770 4822 2883 4877; x_wconf 88' lang='lat' dir='ltr'><strong>mei</strong></span> <span class='ocrx_word' id='word_1_792' title='bbox 2908 4819 3172 4875; x_wconf 88' lang='lat' dir='ltr'><strong>viderunt</strong></span> <span class='ocrx_word' id='word_1_793' title='bbox 3196 4818 3563 4885; x_wconf 88' lang='lat' dir='ltr'><strong>oculi,lucem</strong></span> <span class='ocrx_word' id='word_1_794' title='bbox 3580 4832 3668 4874; x_wconf 86' lang='lat' dir='ltr'><strong>ve-</strong></span> 
     </span>
    </p>
   </div>
   <div class='ocr_carea' id='block_1_112' title="bbox 2014 4900 3666 4984">
    <p class='ocr_par' dir='ltr' id='par_1_112' title="bbox 2014 4900 3666 4984">
     <span class='ocr_line' id='line_1_112' title="bbox 2014 4900 3666 4984; baseline -0.001 -18"><span class='ocrx_word' id='word_1_795' title='bbox 2014 4922 2167 4980; x_wconf 86' lang='lat' dir='ltr'><strong>ram,</strong></span> <span class='ocrx_word' id='word_1_796' title='bbox 2201 4904 2394 4965; x_wconf 90' lang='lat' dir='ltr'><strong>lucem</strong></span> <span class='ocrx_word' id='word_1_797' title='bbox 2428 4905 2777 4984; x_wconf 89' lang='lat' dir='ltr'><strong>agnitionis,</strong></span> <span class='ocrx_word' id='word_1_798' title='bbox 2812 4914 2871 4965; x_wconf 91' lang='lat' dir='ltr'><strong>et</strong></span> <span class='ocrx_word' id='word_1_799' title='bbox 2900 4920 2936 4965; x_wconf 91' lang='lat' dir='ltr'><strong>a</strong></span> <span class='ocrx_word' id='word_1_800' title='bbox 2968 4901 3340 4981; x_wconf 84' lang='lat' dir='ltr'><strong>gravissimis</strong></span> <span class='ocrx_word' id='word_1_801' title='bbox 3370 4900 3666 4964; x_wconf 84' lang='lat' dir='ltr'><strong>liberatus</strong></span> 
     </span>
    </p>
   </div>
   <div class='ocr_carea' id='block_1_113' title="bbox 2019 4992 3667 5071">
    <p class='ocr_par' dir='ltr' id='par_1_113' title="bbox 2019 4992 3667 5071">
     <span class='ocr_line' id='line_1_113' title="bbox 2019 4992 3667 5071; baseline -0.002 -15"><span class='ocrx_word' id='word_1_802' title='bbox 2019 5011 2149 5056; x_wconf 88' lang='lat' dir='ltr'><strong>sum</strong></span> <span class='ocrx_word' id='word_1_803' title='bbox 2185 4992 2476 5055; x_wconf 88' lang='lat' dir='ltr'><strong>tenebris.</strong></span> <span class='ocrx_word' id='word_1_804' title='bbox 2512 4992 2807 5066; x_wconf 86' lang='lat' dir='ltr'><strong>Quocirca</strong></span> <span class='ocrx_word' id='word_1_805' title='bbox 2836 5012 2912 5054; x_wconf 91' lang='lat' dir='ltr'><strong>ne</strong></span> <span class='ocrx_word' id='word_1_806' title='bbox 2956 5009 3181 5067; x_wconf 86' lang='lat' dir='ltr'><strong>cesses,</strong></span> <span class='ocrx_word' id='word_1_807' title='bbox 3215 4992 3314 5071; x_wconf 86' lang='lat' dir='ltr'><strong>qui</strong></span> <span class='ocrx_word' id='word_1_808' title='bbox 3366 5009 3430 5053; x_wconf 90' lang='lat' dir='ltr'><strong>es</strong></span> <span class='ocrx_word' id='word_1_809' title='bbox 3466 4992 3667 5053; x_wconf 78' lang='lat' dir='ltr'><strong>ﬁdelis</strong></span> 
     </span>
    </p>
   </div>
   <div class='ocr_carea' id='block_1_114' title="bbox 2017 5082 3668 5163">
    <p class='ocr_par' dir='ltr' id='par_1_114' title="bbox 2017 5082 3668 5163">
     <span class='ocr_line' id='line_1_114' title="bbox 2017 5082 3668 5163; baseline -0.002 -17"><span class='ocrx_word' id='word_1_810' title='bbox 2017 5100 2249 5160; x_wconf 88' lang='lat' dir='ltr'><strong>servus,</strong></span> <span class='ocrx_word' id='word_1_811' title='bbox 2280 5083 2642 5145; x_wconf 91' lang='lat' dir='ltr'><strong>clementem</strong></span> <span class='ocrx_word' id='word_1_812' title='bbox 2669 5100 2737 5144; x_wconf 89' lang='lat' dir='ltr'><strong>ac</strong></span> <span class='ocrx_word' id='word_1_813' title='bbox 2762 5082 3091 5163; x_wconf 89' lang='lat' dir='ltr'><strong>benignum</strong></span> <span class='ocrx_word' id='word_1_814' title='bbox 3117 5091 3409 5161; x_wconf 89' lang='lat' dir='ltr'><strong>perpetuo</strong></span> <span class='ocrx_word' id='word_1_815' title='bbox 3437 5099 3545 5161; x_wconf 84' lang='lat' dir='ltr'><strong>pro</strong></span> <span class='ocrx_word' id='word_1_816' title='bbox 3571 5100 3668 5143; x_wconf 92' lang='lat' dir='ltr'><strong>me</strong></span> 
     </span>
    </p>
   </div>
   <div class='ocr_carea' id='block_1_115' title="bbox 2018 5172 2573 5235">
    <p class='ocr_par' dir='ltr' id='par_1_115' title="bbox 2018 5172 2573 5235">
     <span class='ocr_line' id='line_1_115' title="bbox 2018 5172 2573 5235; baseline -0.005 -1"><span class='ocrx_word' id='word_1_817' title='bbox 2018 5189 2195 5234; x_wconf 87' lang='lat' dir='ltr'><strong>orare</strong></span> <span class='ocrx_word' id='word_1_818' title='bbox 2226 5172 2573 5235; x_wconf 88' lang='lat' dir='ltr'><strong>Dominum.</strong></span> 
     </span>
    </p>
   </div>
   <div class='ocr_carea' id='block_1_116' title="bbox 2106 5258 3665 5343">
    <p class='ocr_par' dir='ltr' id='par_1_116' title="bbox 2106 5258 3665 5343">
     <span class='ocr_line' id='line_1_116' title="bbox 2106 5258 3665 5343; baseline 0.001 -20"><span class='ocrx_word' id='word_1_819' title='bbox 2106 5258 2230 5327; x_wconf 89' lang='lat' dir='ltr'><strong>VlI.</strong></span> <span class='ocrx_word' id='word_1_820' title='bbox 2257 5260 2346 5324; x_wconf 83' lang='lat' dir='ltr'><strong>Ad</strong></span> <span class='ocrx_word' id='word_1_821' title='bbox 2382 5261 2509 5323; x_wconf 63' lang='lat' dir='ltr'><strong>haec</strong></span> <span class='ocrx_word' id='word_1_822' title='bbox 2541 5262 2641 5325; x_wconf 89' lang='lat' dir='ltr'><strong>ille</strong></span> <span class='ocrx_word' id='word_1_823' title='bbox 2669 5262 3044 5343; x_wconf 90' lang='lat' dir='ltr'><strong>respondens</strong></span> <span class='ocrx_word' id='word_1_824' title='bbox 3078 5278 3093 5323; x_wconf 88' lang='lat'><strong>:</strong></span> <span class='ocrx_word' id='word_1_825' title='bbox 3120 5259 3276 5333; x_wconf 85' lang='lat' dir='ltr'><strong>Quid</strong></span> <span class='ocrx_word' id='word_1_826' title='bbox 3304 5260 3419 5323; x_wconf 87' lang='lat' dir='ltr'><strong>hoc</strong></span> <span class='ocrx_word' id='word_1_827' title='bbox 3466 5268 3665 5325; x_wconf 91' lang='lat' dir='ltr'><strong>autem</strong></span> 
     </span>
    </p>
   </div>
   <div class='ocr_carea' id='block_1_117' title="bbox 2020 5351 3667 5433">
    <p class='ocr_par' dir='ltr' id='par_1_117' title="bbox 2020 5351 3667 5433">
     <span class='ocr_line' id='line_1_117' title="bbox 2020 5351 3667 5433; baseline -0.001 -18"><span class='ocrx_word' id='word_1_828' title='bbox 2020 5360 2132 5428; x_wconf 86' lang='lat' dir='ltr'><strong>est,</strong></span> <span class='ocrx_word' id='word_1_829' title='bbox 2162 5351 2380 5433; x_wconf 90' lang='lat' dir='ltr'><strong>inquit,</strong></span> <span class='ocrx_word' id='word_1_830' title='bbox 2405 5360 2466 5414; x_wconf 91' lang='lat' dir='ltr'><strong>et</strong></span> <span class='ocrx_word' id='word_1_831' title='bbox 2493 5351 2799 5417; x_wconf 88' lang='lat' dir='ltr'><strong>undenam</strong></span> <span class='ocrx_word' id='word_1_832' title='bbox 2834 5352 2948 5415; x_wconf 86' lang='lat' dir='ltr'><strong>hoc</strong></span> <span class='ocrx_word' id='word_1_833' title='bbox 2972 5352 3229 5415; x_wconf 81' lang='lat' dir='ltr'><strong>evaserit</strong></span> <span class='ocrx_word' id='word_1_834' title='bbox 3254 5351 3667 5430; x_wconf 78' lang='lat' dir='ltr'><strong>manifestum,</strong></span> 
     </span>
    </p>
   </div>
  </div>
