4006 6138
230 362 356 430 785

1399 370 1588 434 VITA
1651 371 1710 433 S.
1770 369 2177 436 ANASTASII
2229 364 2510 432 PERSAE.

3521 364 3640 432 786

229 501 314 576 μὴ
377 499 569 568 οὕτως
633 498 854 570 ἀναίδην
911 500 978 559 τὰ
1030 503 1200 576 σεμνὰ
1244 503 1513 584 φαυλίζειν
1558 509 1775 584 Περσῶν
1831 504 1917 560 καὶ

2008 501 2198 565 surdis
2228 503 2479 580 similes,
2511 500 2616 563 sed
2650 517 2786 562 eum
2838 497 3017 562 etiam
3046 498 3432 561 vehementer
3461 517 3639 579 roga-

228 589 307 656 είς
339 590 578 670 χλεύην
605 603 725 657 τοῖς
757 589 984 656 πολλοῖς
1015 592 1266 656 τίθεσθαι.
1293 592 1559 656 Ἐντεῦθεν
1590 597 1617 652 ὁ
1646 594 1810 659 καλὸς
1833 601 1909 670 τῷ

2008 599 2149 654 runt.
2191 610 2264 654 ne
2299 601 2414 652 tam
2447 590 2853 671 impudenter,
2887 608 3018 670 quae
3049 597 3187 650 sunt
3215 588 3372 668 apud
3427 591 3644 653 Persas

224 678 342 737 ἄντι
408 681 511 739 καὶ
593 683 841 747 ποθεινὸς
911 679 1260 748 Ἀναστάσιος
1341 688 1474 764 πρὸς
1543 686 1607 741 τὸ
1687 685 1910 765 τερπνδν

224 769 504 850 ἠπείγετο
551 777 655 831 τοῦ
682 771 964 852 μσρτυρὶου
992 769 1294 851 κατάλυμα.

313 1034 408 1106 8⁸.
478 1042 565 1102 0'3
599 1041 736 1100 πολὺ
783 1041 840 1100 δὲ
883 1046 1052 1102 αὐτῶν
1084 1041 1343 1101 διεστῶτα
1389 1043 1585 1108 ἰδόντες
1628 1045 1764 1107 τινὲς
1822 1046 1912 1101 τὸν

231 1131 405 1209 ἄνδρα
471 1137 596 1188 τῶν
653 1133 892 1204 συνήθως
957 1135 1099 1210 παρὰ
1171 1133 1394 1212 Πέρσαις
1452 1134 1756 1215 λεγομένων
1807 1156 1909 1191 κα-

231 1219 567 1301 ϐαλϐαρίων
641 1224 744 1301 πρὸ
798 1222 892 1279 τοῦ
946 1220 1142 1301 Δέϐρας
1202 1225 1520 1305 καθήμενοι,
1569 1224 1749 1303 ὥσπερ
1791 1230 1916 1303 γοῦν

231 1315 326 1370 καὶ
378 1312 628 1370 εἰώθασι
665 1311 845 1392 (τοῦτο
901 1311 956 1369 δέ
983 1315 1098 1371 Ιεστι
1156 1314 1474 1393 πραιτώριον
1507 1321 1596 1372 τοῦ
1647 1313 1916 1388 καλουμέ-

236 1425 337 1460 νου
405 1401 560 1481 παρ’
622 1407 800 1469 αὐτοις
856 1402 1186 1484 σελλαρίου),
1237 1392 1408 1465 Ἠπου
1449 1402 1696 1482 δηλάτωρ
1766 1405 1918 1468 οὗτός

233 1494 420 1572 ἔστιν,
455 1491 678 1572 ἔφησαν
729 1493 862 1570 πρὸς
893 1493 1110 1556 ἑαυτοὸς
1169 1499 1238 1570 τῇ
1281 1501 1496 1568 Περσῶν
1525 1493 1811 1566 διαλέκτῳ,
1859 1493 1917 1552 Ὀ

236 1581 296 1639 δέ
339 1582 448 1640 τοῧ
494 1582 748 1662 ῥήματος
777 1582 1168 1657 δπαισθόμενος
1226 1585 1316 1640 καὶ
1371 1585 1472 1652 τὴν
1527 1583 1768 1664 γλῶτταν
1827 1586 1920 1643 οὒκ

237 1671 566 1749 ἀγνοήσας,
602 1673 697 1730 οἶα
759 1671 964 1751 Πέρσης
995 1674 1084 1730 καὶ
1125 1674 1284 1738 αὐτὸς
1336 1673 1434 1750 ὢν,
1467 1676 1554 1732 καὶ
1597 1674 1776 1755 φωνὴν
1819 1695 1918 1740 την

241 1760 422 1830 αὗτὴν
490 1760 724 1826 ξκείνοις
779 1759 1217 1842 πεφαιδευμένος,
1249 1761 1406 1841 δριμύ
1461 1786 1516 1821 τι
1562 1763 1679 1820 λίαν
1732 1765 1918 1826 αύτοῖς

1992 681 2812 763 praeclara,contemneret,et
2835 683 2894 740 in
2929 679 3143 756 Vulgus
3164 679 3467 742 irridendo
3497 699 3639 760 pro-

1994 768 2504 850 ponerctExinde
2530 770 2626 832 ille
2655 789 2796 832 vere
2819 770 3097 850 egregius
3127 779 3184 828 et
3218 769 3639 832 desiderabilis

1998 858 2347 922 Anastasius
2376 859 2694 924 festinabat
2725 861 2798 922 ad
2831 858 3188 923 delectabile
3219 868 3280 921 et
3299 860 3639 939 jucundum

2000 950 2259 1032 martyrii
2295 951 2636 1030 hospitium.

2071 1043 2156 1101 lX.
2191 1043 2326 1101 Cum
2353 1059 2468 1101 non
2493 1045 2664 1118 longe
2686 1053 2874 1102 autem
2899 1061 2930 1101 a
2953 1060 3013 1100 se
3036 1054 3323 1102 remotum
3354 1059 3483 1101 eum
3507 1047 3647 1117 qui-

1999 1128 2132 1190 :lam
2158 1128 2444 1190 vidissent
2476 1149 2542 1190 ex
2570 1129 2773 1210 iis,qni
2805 1130 3087 1191 dicuntur
3112 1148 3146 1189 a
3173 1130 3368 1192 Persis
3389 1130 3646 1194 caballa-

1999 1217 2098 1291 rii,
2123 1218 2404 1282 sedentes
2433 1219 2590 1300 apud
2625 1219 2879 1290 Derbos,
2908 1218 3066 1280 sicut
3105 1219 3280 1281 etiam
3308 1238 3643 1283 consueve-

2001 1321 2136 1368 runt
2163 1312 2291 1380 (hoc
2319 1320 2618 1369 autemest
2648 1314 2978 1383 praetorium
3010 1311 3155 1382 ejus,
3181 1314 3270 1368 cui
3305 1312 3458 1385 apud
3487 1313 3646 1384 ipsos

2001 1395 2213 1458 dicitur
2239 1395 2533 1466 sellarius)
2559 1417 2575 1472 ;
2627 1399 2803 1458 Certe
2836 1395 2934 1458 hic
2968 1407 3056 1457 est
3087 1395 3340 1477 delator,
3371 1397 3649 1459 dixerunt

2001 1483 2162 1547 inter
2188 1504 2254 1548 se
2286 1504 2567 1548 sermone
2598 1485 2860 1550 Persico.
2894 1483 3002 1546 Ille
3033 1504 3171 1547 vero
3201 1503 3336 1546 cum
3399 1486 3647 1549 verbum

2003 1575 2314 1650 sensisset,
2353 1585 2413 1637 et
2442 1575 2704 1654 linguam
2739 1594 2858 1637 non
2909 1575 3264 1654 ignorasset,
3297 1583 3359 1634 ut
3389 1577 3490 1656 qui
3519 1577 3648 1656 ipse

2001 1683 2244 1746 quoque
2288 1672 2445 1728 esset
2476 1669 2676 1742 Persa,
2714 1675 2771 1726 et
2820 1665 2880 1726 in
2914 1665 3122 1727 eadem
3171 1682 3336 1736 voce,
3373 1684 3491 1742 qua
3541 1664 3651 1744 illi,

2005 1754 2411 1825 eruditus,eos
2432 1765 2598 1816 torve
2619 1763 2676 1816 et
2698 1757 2919 1816 acriter
2941 1756 3201 1815 intuens:
3227 1752 3356 1815 Non
3378 1771 3509 1815 sum
3541 1755 3653 1817 de-

239 1851 335 1909 καὶ
369 1853 584 1928 πικρὸν
614 1849 915 1932 ἒμϐλέψας,
950 1853 1023 1910 Οὐ
1050 1849 1302 1930 δηλάτωρ
1331 1855 1528 1934 ἔγωγε,
1573 1854 1722 1911 εἶπε·
1757 1854 1917 1931 γῆρος

2008 1843 2180 1936 lator,
2220 1845 2450 1922 inquit;
2486 1855 2617 1905 sunt
2651 1845 2797 1936 ᾔτεε,
2834 1845 3049 1936 inquit,
3078 1863 3249 1936 nugae
3280 1843 3650 1936 etineptize:

241 1947 414 2000 τοῦτο
473 1943 572 1998 καὶ
603 1939 851 2022 φλυαρία⁶
886 1939 1069 2007 δοῦλος
1115 1940 1171 1998 δὲ
1203 1941 1408 2017 μᾶλλον
1453 1941 1630 2011 Ἰησοῦ
1674 1949 1919 2022 Χριστοῦ,

246 2032 339 2088 καὶ
418 2029 622 2105 πολλῷ
677 2052 738 2109 γε
791 2029 1015 2108 βελτίων
1071 2032 1242 2108 ὑμῶν,
1303 2035 1347 2088 εί
1404 2034 1498 2090 καῖ
1577 2035 1732 2098 αὐτός
1791 2053 1920 2090 ποτε

247 2119 378 2178 καθ’
440 2121 590 2196 δμᾶς
647 2119 916 2198 ἐγεγόνειν
968 2120 1053 2176 καὶ
1093 2119 1237 2187 τέξει
1281 2127 1348 2199 τῇ
1390 2126 1496 2178 τῶν
1551 2119 1921 2200 καϐαλλαρίων

254 2207 644 2285 ἱξησαζύμην.
720 2210 934 2268 Τοῦτων
1001 2208 1200 2267 ἐκεῖνοι
1273 2210 1610 2292 ἀκούσαντες,
1669 2213 1756 2268 καὶ
1817 2213 1919 2276 τῆς

248 2297 528 2377 καθέδρας
586 2299 729 2363 εύθὺς
789 2297 1106 2374 ἐξαλάμενοι
1163 2301 1432 2380 κατέσχον
1494 2301 1672 2374 αὖτδκ,
1735 2300 1922 2358 ἔπειτα

251 2388 346 2444 καὶ
393 2395 480 2463 τῷ
549 2386 811 2466 σελλαρίῳ
850 2388 1212 2468 είσαγγελθὲν,
1273 2389 1432 2456 ἔξεισι
1503 2391 1757 2455 κάκεῖνος
1828 2397 1924 2448 τοῦ

249 2477 619 2555 πραιτωρίου,
653 2478 742 2532 καὶ
783 2477 1066 2536 ἆνακοίνας
1109 2480 1266 2539 αὐτὸν
1320 2477 1465 2541 ὅστις
1512 2478 1631 2560 εἴη,
1665 2480 1752 2536 καὶ
1807 2481 1924 2536 ὅθεν

249 2565 408 2639 ἧκοι,
443 2569 540 2624 καὶ
595 2567 770 2624 πάντα
814 2567 906 2623 τὺν
959 2565 1197 2648 ἀκριϐείᾲ
1241 2570 1307 2626 τὰ
1363 2567 1480 2626 κατ’
1527 2569 1682 2626 αὐτὸν
1735 2568 1918 2636 ἐξετά-

257 2677 357 2718 σας
418 2653 611 2712 δίδωσι
643 2659 922 2734 τηρεῖσθαι
954 2657 1044 2713 τὸν
1093 2655 1444 2715 Ἀναστάσιον
1471 2659 1574 2715 ὑπὸ
1629 2665 1825 2738 φρουρᾷ
1855 2665 1921 2736 τῇ

259 2741 678 2826 ἀσφαλεστάτη’
709 2743 764 2800 ἐν
791 2746 829 2820 ᾗ
872 2746 960 2803 καὶ
989 2747 1062 2802 είς
1093 2745 1276 2820 τρίτην
1304 2746 1534 2825 ἡμέραν,
1565 2744 1688 2814 ἑξῆς
1745 2769 1921 2804 κατα-

265 2833 658 2910 κεκλεισμένος
707 2832 969 2914 Ιῆν],οί3τε
994 2836 1200 2914 βρωτὸν
1249 2833 1366 2893 οὔτε
1395 2837 1559 2894 ποτὸν
1587 2834 1698 2893 οὐδ’
1746 2836 1920 2894 ὁτιοῦν

267 2922 398 3001 παρ’
466 2925 634 2981 οὔτῶν
661 2925 803 2986 ὅλως
832 2924 1120 3003 προσέσθαι
1176 2924 1462 3006 ἠνέσχετοο
1500 2923 1623 2982 ἀλλ’
1671 2925 1922 3004 ἄγευστος

265 3012 412 3070 οὕτω
472 3013 819 3070 παντάπασιν
871 3013 928 3069 ἐν
986 3019 1056 3090 τῇ
1113 3013 1322 3095 φυλακῇ
1364 3018 1670 3096 καθεῖρκτο,
1700 3017 1921 3096 προσδοο

262 3103 348 3177 κίᾳ
420 3103 562 3180 μόνῃ
634 3109 739 3160 τῶν
807 3101 1117 3178 μελλοντων
1173 3104 1304 3181 ὑπὲρ
1364 3107 1594 3182 Χριστοῦ
1663 3105 1923 3163 κινδύνων

271 3195 626 3272 τρεφόμενος.
688 3191 826 3260 ’Ὀδη
883 3191 937 3250 δὲ
981 3200 1075 3250 τοῦ
1141 3191 1456 3273 Μαρζαϐανᾶ
1506 3201 1608 3263 τῆς
1665 3195 1922 3270 ἐκδημίας

2005 1933 2112 1996 sed
2137 1936 2332 2013 potius
2349 1953 2557 1998 servus
2575 1936 2718 1998 Jc‘u
2741 1933 3055 2005 Christi,et
3075 1934 3238 1995 vobis
3261 1933 3502 2014 quidem
3531 1953 3656 1997 me-

2006 2023 2154 2087 lior:
2190 2024 2488 2106 siquidem
2517 2044 2752 2106 quoque
2777 2024 2860 2086 fui
2895 2023 3215 2104 aliquando
3243 2024 3401 2084 sicut
3432 2043 3558 2099 vos,
3593 2033 3650 2086 et

2003 2113 2064 2173 in
2097 2113 2559 2176 caballartorum
2591 2131 2903 2176 numerum
2946 2114 3028 2174 fui
3053 2114 3291 2174 relatus.
3327 2111 3465 2175 Haec
3511 2132 3649 2176 eum

2005 2201 2089 2262 illi
2116 2203 2512 2275 audissent,et
2534 2222 2568 2265 e
2589 2204 2871 2265 cathedra
2893 2204 3092 2264 statim
3125 2203 3654 2278 exsiliissent,cum

2008 2292 2420 2354 detinuerunt.
2458 2292 2687 2356 Deinde
2719 2312 2851 2354 cum
2894 2293 3135 2354 sellario
3167 2311 3405 2372 quoque
3451 2292 3662 2355 fuisset

2005 2383 2446 2455 annuntiatum,
2483 2385 2793 2462 egreditur
2813 2384 2987 2444 etiam
3013 2382 3112 2442 ille
3145 2401 3212 2444 ex
3238 2382 3514 2461 praetorio
3552 2401 3565 2445 :
3600 2391 3661 2444 et

2007 2490 2168 2553 cum;
2202 2476 2474 2554 quisnam
2500 2474 2550 2534 is
2573 2482 2757 2546 esset,
2790 2473 3240 2548 interrogasset,
3265 2485 3323 2533 et
3350 2472 3658 2533 undenam

2009 2561 2260 2638 veniret,
2296 2572 2356 2622 et
2386 2580 2517 2642 qua;
2548 2562 2621 2624 ad
2665 2562 2860 2642 ipsum
2900 2560 3304 2640 pertinebant,
3337 2560 3661 2640 diligenter

2007 2654 2430 2726 examinasset,
2457 2651 2932 2712 datservandum
2964 2650 3338 2711 Anastasium
3366 2650 3426 2712 in
3449 2659 3655 2713 custo-

2005 2741 2105 2802 dio
2132 2741 2452 2804 tutissima.
2482 2741 2545 2803 In
2566 2744 2820 2822 quajam
2849 2754 2971 2803 tres
2992 2743 3120 2803 dies
3144 2741 3431 2816 inclusus,
3457 2760 3653 2822 neque

2005 2831 2232 2906 cibum,
2269 2849 2465 2912 neque
2492 2843 2718 2912 potum,
2758 2850 2954 2911 neque
2992 2829 3215 2911 aliquid
3249 2830 3411 2891 aliud
3456 2830 3529 2892 ab
3565 2833 3652 2893 eis

2007 2922 2253 2982 omnino
2275 2923 2551 3001 accipere
2573 2920 2874 2983 sustinuit:
2902 2923 3004 2982 sed
3029 2921 3116 2981 sic
3147 2920 3656 3000 omninojejuuns

2007 3009 2286 3074 detentus
2335 3021 2427 3073 est
2460 3012 2520 3072 in
2572 3013 2865 3085 custodia,
2899 3021 2963 3072 ut
3005 3012 3104 3092 qui
3163 3011 3493 3071 futurorum
3549 3029 3656 3092 pro

2007 3097 2239 3163 Christo
2271 3100 2677 3181 periculorum
2731 3103 2998 3163 aleretur
3026 3101 3153 3161 sola
3184 3100 3652 3180 exspectatione.

2013 3190 2159 3253 Cum
2184 3200 2380 3252 autem
2399 3191 2522 3269 jam
2547 3190 3210 3254 rediissetlllarzabanas
3233 3207 3298 3250 ex
3320 3189 3662 3269 peregrina-

270 3281 657 3349 ἐπανελθόντος
715 3280 850 3350 (οὐδὲ
913 3284 1012 3361 γὰρ
1069 3284 1136 3351 ἦν
1177 3283 1456 3360 ἐπιδημῶν
1524 3293 1815 3353 τηνικαῦτα
1858 3293 1920 3362 τῇ

2010 3280 2206 3342 atione
2225 3283 2450 3361 (neque
2477 3280 2636 3340 enim
2662 3289 2784 3342 tum
2809 3291 2938 3342 erat
2966 3284 3362 3354 Caesareae),et
3391 3281 3467 3340 de
3487 3280 3656 3342 Ana-

285 3372 642 3452 Καισαρέων),
675 3373 763 3428 καὶ
793 3379 886 3430 τοῦ
927 3371 1203 3451 σελλαρίου
1255 3374 1321 3430 τὰ
1351 3375 1486 3432 κατὰ
1513 3375 1607 3431 τὸν
1659 3375 1923 3432 Ἀναστά-

287 3482 396 3518 σιον
423 3461 870 3540 ἀπαγγείλαντος,
907 3460 1187 3538 δεσμώτης
1233 3463 1378 3528 εὐθὺς
1409 3466 1437 3520 ὁ
1492 3464 1690 3541 μάρτυς
1734 3468 1806 3526 είς
1867 3466 1926 3522 τὸ

293 3552 602 3630 πραιτώριον
643 3551 862 3630 ἄγεται.
900 3551 990 3610 Ἐν
1029 3555 1076 3626 ᾧ
1116 3549 1173 3608 δέ
1215 3574 1350 3610 τισιν
1400 3542 1621 3631 ἑτέραις
1647 3557 1675 3610 ὁ
1706 3561 1923 3632 Μαρζα-

290 3638 453 3708 ϐανῆς
498 3640 882 3722 ἇπησχολεῖτο
910 3644 1178 3722 φροντίσιν
1235 3643 1572 3722 ἂναγνωρίζει
1603 3651 1711 3701 τῶν
1767 3649 1918 3704 εὗσε-

282 3727 390 3787 ϐὦν
429 3752 512 3796 τις
542 3733 634 3788 τὸν
691 3730 1065 3788 Ἀναστάσιον·
1101 3734 1159 3795 ὃς
1216 3731 1509 3812 ἐτύγχανεν
1559 3734 1716 3793 αὐτὸν
1745 3733 1798 3791 ἰν
1847 3741 1922 3808 τῷ

272 3818 552 3895 σεϐααστῷ
582 3825 680 3888 τῆς
725 3821 986 3879 Θεοτόκοο
1014 3821 1224 3896 τεμένει
1255 3822 1594 3898 τεθεαμένος,
1653 3821 1923 3902 Ἀναγνω·

270 3932 418 3987 ρισας
474 3911 756 3989 τοιγαροῦν
812 3910 965 3975 οὗτος
1027 3912 1182 3968 αὐτὸν
1227 3911 1280 3969 ὲν
1339 3919 1416 3987 τῷ
1475 3916 1779 3992 πραιτωρίῳ
1834 3909 1920 3972 καὶ

267 3999 394 4078 παρ’
466 4005 626 4060 αὐτοῦ
686 4003 982 4071 πυθόμενος
1058 4000 1183 4062 ὅτου
1245 4002 1405 4082 χάριν
1475 4005 1650 4060 ἐκεῖσε
1698 4007 1916 4084 παρείη,

267 4091 568 4169 μακαρίσας
623 4110 681 4146 τε
714 4090 871 4147 αὐτὸν
928 4093 1021 4147 τοῦ
1078 4094 1301 4164 σκοποῖμ,
1347 4091 1596 4170 ῥώννυσιν
1641 4092 1716 4149 ἔτι
1774 4095 1920 4170 μᾶλ..

265 4177 359 4236 λον
417 4178 579 4236 αύτοῦ
633 4179 734 4245 τὴν
791 4180 912 4256 περὶ
968 4181 1035 4236 τὰ
1089 4179 1232 4238 δεινὰ
1289 4183 1600 4259 προθυμίαν,
1645 4185 1721 4248 ὡς
1781 4187 1918 4260 μήτε

269 4266 437 4343 δεσμᾶ
476 4265 655 4326 δεῖσαι
706 4266 794 4325 διὰ
821 4272 1076 4346 Χριστὸν,
1125 4271 1204 4345 μὴ
1235 4271 1519 4346 βασάνους,
1550 4273 1629 4346 μὴ
1677 4274 1921 4333 θάνατον·

271 4356 410 4420 ἄλλα
467 4358 724 4435 γενναίως
754 4360 831 4431 τῷ
867 4356 1185 4434 Μαρζαϐανᾷ
1234 4361 1323 4416 καὶ
1355 4365 1649 4424 νεανικκῶς
1696 4362 1921 4442 ἀποκρί-

271 4451 474 4510 νεσθαι,
522 4445 739 4521 Ἀμέλει
785 4448 1034 4526 καὶπρὸς
1078 4449 1169 4506 τὸν
1198 4450 1446 4526 τύραννον
1475 4451 1765 4530 εἰσαχθεὶς,
1803 4455 1920 4514 οὐδὲ

271 4538 399 4614 γόνδ
440 4534 634 4609 κλίνει,
680 4535 860 4612 ὥσπερ
905 4538 1068 4612 νόμος
1129 4538 1202 4595 ὀεὶ
1258 4538 1508 4617 Πέρσαις,
1562 4543 1921 4616 προσκύνησιν

2011 3368 2190 3429 stasio
2235 3367 2634 3446 signiﬁcasset
2681 3369 2977 3442 sellarius,
3013 3373 3244 3430 vinctus
3295 3368 3492 3429 statim
3542 3369 3657 3430 ad-

2010 3455 2252 3518 ducitur
2291 3468 2510 3538 martyr
2537 3458 2598 3520 in
2626 3458 2990 3536 prtetorium.
3042 3457 3287 3518 Interim
3321 3476 3462 3519 vero
3511 3457 3651 3520 dum

2016 3545 2399 3607 Marzabanas
2422 3557 2549 3607 erat
2569 3546 2628 3607 in
2648 3546 2945 3627 aliquibus
2967 3547 3098 3608 aliis
3120 3547 3280 3607 curis
3299 3554 3650 3628 occupatus,

2006 3641 2278 3714 agnoscit
2309 3635 2527 3717 aliquis
2575 3655 2646 3698 ex
2683 3635 2795 3716 piis
2846 3637 3250 3712 Anastasium,
3287 3636 3391 3712 qui
3421 3654 3558 3698 eum
3588 3637 3652 3698 in

2009 3725 2349 3787 venerando
2399 3725 2625 3806 tempto
2658 3726 2928 3806 Deiparae
2956 3725 3455 3806 aspexeratﬁum
3507 3744 3648 3804 ergo

2005 3818 2091 3878 sic
2115 3833 2250 3877 eum
2274 3815 2614 3894 agnovisset
2637 3815 2695 3875 in
2721 3815 3088 3896 praetorio,et
3119 3833 3252 3877 eum
3287 3815 3652 3894 interrogas-

2007 3913 2379 3986 set,quanam
2401 3905 2476 3966 de
2498 3921 2675 3966 causa
2704 3904 2828 3966 illic
2858 3905 3117 3978 adesset,
3152 3907 3285 3983 ejus
3315 3922 3561 3984 scopum
3593 3914 3654 3966 et

2004 3994 2344 4057 institutum
2366 3994 2706 4069 laudens,et
2733 4014 2866 4056 eum
2893 4013 2963 4055 eo
2988 3996 3230 4056 nomine
3253 3993 3492 4056 beatum
3518 4013 3649 4074 pro-

2004 4085 2451 4164 uuntians,ejus
2471 4093 2807 4165 promptum
2829 4085 3156 4147 etalacrem
3171 4087 3438 4146 animum
3464 4084 3651 4164 magis

2001 4175 2313 4236 conﬁrmat
2357 4175 2416 4234 in
2449 4174 2626 4236 rebus
2655 4174 2936 4252 gravibus
2990 4184 3049 4236 et
3077 4181 3328 4254 aSperis,
3361 4180 3425 4235 ut
3451 4192 3650 4254 neque

2009 4279 2256 4346 propter
2296 4265 2598 4328 Christum
2643 4264 2878 4328 timeret
2908 4265 3159 4338 vincula,
3188 4284 3296 4325 nec
3328 4271 3648 4342 tormenta,

2007 4372 2119 4416 nec
2156 4364 2433 4416 mortem:
2459 4355 2561 4416 sed
2591 4354 2956 4418 Marzabanat
2981 4355 3375 4434 responderet
3403 4361 3648 4416 strenue

2005 4452 2065 4505 et
2088 4443 2456 4523 juveniiiter.
2489 4446 2666 4508 Certe
2707 4445 2890 4505 etiam
2922 4463 3057 4506 cum
3093 4445 3199 4504 fuit
3226 4446 3296 4506 ad
3333 4454 3647 4526 tyrannum

2007 4535 2400 4609 introductus,
2436 4553 2548 4595 nec
2596 4553 2756 4612 genu
2786 4533 3023 4615 quidem
3076 4535 3262 4609 ﬂexit,
3297 4544 3358 4594 ut
3408 4554 3652 4618 semper

271 4605 579 4683 ἀποδιδόναι
610 4605 727 4708 τοῖς
757 4605 1017 4699 μείζοσιν,
1055 4625 1193 4683 ἀλλὰ
1248 4630 1308 4685 τὸ
1481 4605 1666 4704 ᾦυψῆς
1704 4605 1916 4711 εὐγενὲς

2008 4641 2134 4684 mos
2174 4634 2263 4686 est
2297 4605 2496 4686 Persis
2533 4605 2942 4686 adbratiobem
2977 4605 3646 4705 redclere‘majoribus:

270 4717 358 4772 καὶ
390 4711 687 4772 ἀδούλωτον
718 4713 804 4770 διὰ
833 4717 939 4772 τῶν
976 4715 1129 4780 ἐκτὸς
1164 4717 1552 4791 ὑπεσήμαινεν.

354 4893 416 4954 ι’.
476 4891 593 4973 Ἐφ’
623 4893 803 4950 ἱκανὸν
860 4894 1004 4968 αἰ)τῷ
1057 4895 1226 4950 τοίνδν
1257 4897 1284 4950 ὃ
1336 4892 1681 4973 Μαρξαϐανᾶς
1737 4900 1919 4958 ἀτενί-

273 5005 392 5064 σας,
426 4991 580 5041 τοῦτο
638 4984 760 5062 μὲν,
797 4985 883 5040 ’ἱνα
935 4985 1022 5040 καὶ
1081 4981 1274 5040 δειλίαν
1332 4984 1610 5062 ἐμποιήσῃ
1665 5007 1742 5044 τω
1797 4990 1923 5048 ἐπι-

276 5074 426 5148 μόνῳ
482 5080 576 5130 τοῦ
627 5071 960 5152 βλέμματος,
994 5076 1146 5130 τοῦτο
1204 5071 1258 5130 δὲ
1315 5073 1407 5128 ἵνα
1450 5076 1538 5130 καὶ
1582 5079 1923 5158 περιεργότε-

273 5184 368 5238 ραν
443 5161 811 5229 ἀνασκόπήσοι
869 5162 960 5217 τὸν
1032 5159 1213 5238 ἄνδρα,
1269 5162 1347 5225 τίς
1393 5183 1450 5219 τε
1506 5161 1600 5230 εἴη
1660 5169 1753 5224 καί
1809 5167 1924 5227 ὅθεν

271 5251 452 5328 ἤρετο.
524 5253 584 5308 '0
643 5249 720 5325 δὲ,
771 5253 1079 5313 Χριστιανός
1139 5252 1247 5326 εἶμι
1301 5249 1529 5325 ἀληθὴς,
1577 5254 1920 5334 ἀπεκρίνατο.

269 5342 330 5398 Et
387 5338 442 5395 δὲ
473 5340 650 5416 βούλει
713 5341 800 5396 καὶ
831 5337 959 5422 ὅθεν,
993 5342 1272 5418 προῆγμαι
1317 5343 1534 5418 μαθεῖν,
1571 5342 1773 5421 Πέρσης
1823 5349 1923 5422 μὲν

2004 4714 2110 4776 sed
2157 4732 2544 4793 generosum,
2576 4723 2634 4776 et
2685 4714 2786 4794 qui
2821 4714 2875 4774 in
2918 4723 3258 4774 serwtutem
3292 4716 3484 4796 redigi
3530 4735 3650 4779 non

2007 4811 2256 4885 poterat,
2289 4805 2552 4867 animum
2589 4821 2696 4884 per
2725 4810 2967 4865 externa
2996 4802 3383 4883 signiﬁcabat.

2085 4893 2157 4957 Χ.
2185 4894 2332 4957 Cum
2358 4913 2499 4972 ergo
2526 4895 2655 4955 lixis
2678 4893 2868 4955 oculis
2889 4913 3020 4954 eum
3047 4894 3190 4954 satis
3211 4902 3369 4954 esset
3395 4894 3645 4957 intuitus

2008 4983 2517 5064 Marzabanagpan
2535 4983 2636 5045 tim
2656 4984 2990 5065 quidem,ut
3011 4984 3302 5045 constanti
3323 4992 3567 5063 aspectu
3588 4983 3646 5046 ei

2011 5083 2302 5135 terrorem
2339 5075 2657 5148 incuteret,
2684 5075 2892 5153 partim
2919 5082 3140 5153 autem,
3177 5082 3393 5134 uteum
3435 5075 3640 5135 consi-

2007 5165 2244 5226 deraret
2265 5164 2640 5242 tliligentius,
2676 5163 2903 5243 rogavit
2927 5183 3062 5225 eum
3092 5169 3360 5244 quisnam
3397 5172 3556 5226 esset
3585 5173 3645 5227 et

2006 5253 2309 5332 cujas.llle
2331 5272 2493 5318 vero:
2526 5254 2720 5317 Verus
2743 5273 2873 5316 sum
2908 5255 3638 5336 Christianus,respoudit,

2005 5343 2175 5418 Quod
2197 5345 2247 5404 si
2274 5345 2414 5406 velis
2445 5348 2621 5407 etiam
2670 5345 2847 5418 scire,
2871 5346 3036 5426 cujas
3067 5346 3204 5424 sim,
3231 5365 3360 5408 sum
3394 5345 3641 5428 quidem

266 5431 328 5486 τὸ
369 5430 521 5508 γένος
586 5429 646 5485 ἐκ
702 5428 885 5509 χώρας
949 5421 1175 5509 Ῥαζὴχ,
1237 5430 1428 5499 κώμης
1473 5428 1526 5485 δὲ
1590 5421 1914 5513 Ῥασμουνὴ,

2008 5433 2183 5496 Persa
2202 5453 2524 5512 genere,ex
2549 5435 2795 5514 regione
2824 5421 3083 5509 Rat-ech,
3107 5421 3236 5498 vico
3260 5421 3460 5499 autem
3486 5435 3640 5500 Ras-

269 5517 623 5596 6α6αλλάριος
679 5516 734 5575 δέ
763 5539 894 5575 ποτε
950 5521 1036 5576 καὶ
1069 5521 1226 5583 αὐτὸς
1277 5520 1512 5597 γεγονὼς
1569 5524 1752 5580 καὶτὰ
1813 5549 1920 5602 μα-

2004 5523 2170 5584 nuni:
2208 5524 2308 5603 qui
2341 5525 2469 5604 ipse
2489 5543 2728 5604 quoque
2755 5525 2834 5586 fui
2856 5526 3175 5607 aliquando
3198 5526 3643 5599 caballarius,et

272 5610 399 5686 γικὰ
465 5606 690 5681 μετιῶνο
763 5609 850 5663 καὶ
935 5609 1155 5673 σκότους
1227 5608 1364 5665 οὕτω
1433 5607 1735 5691 λειτουργὸς
1819 5615 1916 5686 ὢν,

2008 5614 2064 5674 iu
2097 5613 2281 5675 rebus
2320 5614 2566 5693 magicis
2594 5606 3004 5680 exercitatus:
3038 5636 3299 5694 cumque
3327 5617 3415 5679 sic
3446 5635 3640 5680 essem

275 5695 480 5778 ἴσχυσε
523 5698 656 5776 πρὸς
702 5696 761 5752 τὸ
793 5701 930 5776 φῶς,
961 5697 1035 5760 ὡς
1068 5699 1244 5775 ὁρᾷςο,
1278 5696 1574 5773 μεταϐῆναι
1604 5705 1690 5760 καὶ
1747 5723 1920 5782 μετα-

2006 5703 2282 5764 minister
2311 5703 2717 5781 tenebrarum,
2747 5707 2932 5786 potui,
2957 5715 3020 5768 ut
3066 5707 3253 5786 vides,
3283 5707 3535 5770 transire
3562 5706 3638 5770 ad
