4006 6138
362 362 479 436 787

1656 372 1947 437 MENSIS
1999 372 2457 435 JANUARIUS.

3614 364 3737 437 7881

362 507 560 573 lucem
585 528 619 571 e
639 508 994 585 tenebris,et
1016 506 1253 570 discere
1272 507 1605 569 veritatem.
1632 506 2014 571 Marzabanas

2106 510 2291 580 μαθεῖν
2319 507 2419 576 τὴν
2462 505 2739 577 ἀλήθειαν,
2789 508 2885 567 Καὶ
2938 510 2967 564 ὁ
3028 505 3371 586 Μαρζαϐανᾶς
3426 504 3569 563 οὔπω
3611 508 3729 562 πὲῖιέ

364 610 563 663 autem
585 619 719 663 cum
745 600 1008 661 nondum
1032 598 1270 660 fecisset
1293 597 1838 677 periculum,quam
1859 603 2016 657 esset

2106 619 2193 675 ραν
2249 596 2486 678 είληιρὼς
2514 599 2614 665 τῆς
2670 605 2761 655 τοῦ
2791 596 3024 665 ἀθλητοῦ
3053 598 3456 674 γενναιότητος,
3490 592 3603 651 ἀλλ’
3650 600 3728 654 εὖ·

365 709 701 770 generosus
723 691 964 763 athleta,
987 687 1092 750 sed
1119 695 1352 768 putaret
1382 705 1508 748 rem
1537 705 1673 749 esse
1695 686 1931 748 facilem
1958 694 2017 745 et

367 782 729 862 expeditam,
761 798 896 841 eum
932 797 966 841 a
998 797 1103 839 sua
1137 777 1451 842 traducere
1483 779 1805 859 sententia,
1838 776 2016 858 coapit

366 873 529 934 illius
581 878 837 933 mentem
874 888 992 930 non
1024 886 1199 929 secus
1244 886 1311 929 ac
1345 869 1506 949 parvi
1559 868 1817 949 alicujus
1848 866 2016 948 puerl

365 961 561 1044 parvis
590 968 820 1021 tentare
860 956 1362 1039 promissionibus
1394 979 1408 1020 :
1461 958 1565 1021 ille
1597 976 1734 1020 vere
1767 957 1925 1038 parvi
1962 951 2024 1018 el

368 1049 585 1129 abjecti
615 1047 836 1109 auimi:
886 1046 1144 1122 Desiste,
1178 1046 1411 1121 dicens,
1446 1046 1521 1109 ab
1552 1048 1667 1109 hoc
1694 1064 1901 1110 errore
1946 1048 2017 1109 ad

369 1138 620 1220 patriam
646 1136 1030 1216 religionem.
1057 1134 1120 1200 Si
1153 1136 1313 1197 enim
1348 1137 1432 1198 sic
1457 1138 1699 1208 feceris,
1734 1137 1887 1198 dabo
1913 1129 2018 1197 tibi

366 1247 555 1305 equos
578 1236 634 1289 et
656 1235 1029 1300 nummos,et
1052 1226 1237 1287 multa
1257 1227 1374 1288 alia
1394 1227 1802 1306 bona.Martyr
1819 1235 2018 1289 autem

365 1318 583 1380 coelum
608 1319 867 1378 intuens:
906 1316 1099 1391 Absit,
1125 1316 1341 1396 inquit.
1362 1334 1465 1378 rex
1493 1317 1750 1391 Christe,
1781 1324 1843 1375 ut
1873 1315 2017 1377 bea-

363 1415 481 1469 tam
511 1417 670 1468 tuam
694 1406 893 1467 fallam
927 1404 1398 1468 confessionem.
1430 1408 1688 1485 Pr0pter
1722 1423 1853 1485 quae
1881 1423 2017 1467 eum

364 1506 645 1577 tanquam
669 1497 878 1557 volens
920 1495 1148 1576 pudore
1172 1494 1408 1556 allicere
1432 1493 1831 1557 Marzabanas:
1865 1493 2017 1566 Quid

366 1593 599 1648 autem?
623 1586 899 1666 plaeetne
925 1583 1276 1663 tibi,inquit,
1313 1585 1427 1645 hoc
1453 1583 1660 1647 habitu
1686 1583 1878 1654 indui,
1904 1603 2018 1663 quo

370 1696 534 1738 nunc
561 1694 622 1737 es
645 1673 1028 1737 indutus?llle
1055 1691 1215 1735 vero:
1249 1673 1378 1735 Non
1398 1673 2016 1753 minoris,respondit,

379 1783 516 1828 eum
546 1765 721 1837 facio,
746 1782 923 1845 quam
944 1773 1002 1823 tu
1026 1763 1178 1823 hanc
1205 1772 1370 1825 tuam
1396 1762 1769 1843 dignitatem.
1794 1763 2018 1834 Quam—

2098 685 2255 766 χερές
2300 708 2349 743 τι
2425 693 2645 763 πρᾶγμα
2712 689 2800 743 καὶ
2856 685 3035 765 ῥᾴδιον
3092 687 3237 743 εἶναι
3280 688 3343 743 τὸ
3412 686 3731 762 μεταπείσειν

2100 777 2258 834 αὐτὸν
2301 778 2566 857 οἰόμενος,
2622 790 2850 855 μικραῖς
2894 776 3088 855 ἤρξατο
3131 790 3255 842 ταῖς
3313 773 3659 852 ἐπαγγελίαις
3709 777 3736 829 ὃ

2107 867 2293 947 μικρὸς
2326 868 2424 934 τὴν
2467 867 2688 947 γνώμην
2719 866 2927 932 ἐκεῖνος
2956 869 3026 933 ὡς
3069 867 3185 932 ἐνὸς
3216 873 3318 923 τῶν
3380 863 3579 922 παίδων
3609 864 3734 921 ἀπο-

2106 960 2404 1035 πειρᾶσθαι,
2442 956 2761 1030 Ἀπόστηθι,
2796 956 2993 1037 λέγων,
3033 959 3129 1023 τῆς
3176 955 3385 1023 πλάνης
3428 954 3620 1019 ταύτης
3662 955 3738 1008 καὶ

2105 1047 2236 1123 πρὸς
2294 1047 2394 1113 τὴν
2451 1045 2672 1123 πάτριον
2716 1045 2866 1103 αὖθισ
2922 1046 3174 1103 ἔπάνελθε
3233 1046 3542 1123 θρησκείαν.
3602 1042 3737 1101 Οὕτω

2103 1136 2202 1211 γὰρ
2263 1135 2474 1199 πάντως
2518 1137 2605 1192 καὶ
2648 1134 2881 1214 ἀλόγων,
2948 1137 3034 1193 καὶ
3093 1134 3459 1214 μιλιαρισίων,
3515 1133 3601 1189 καὶ
3654 1134 3740 1189 οὒκ

2105 1223 2302 1302 ὀλίγων
2362 1225 2538 1282 ἄλλων
2569 1229 2780 1303 αγαθῶν
2833 1224 3125 1300 μεταδώσω
3174 1249 3279 1288 σοι.
3344 1225 3446 1283 Καὶ
3485 1226 3512 1280 ὁ
3557 1222 3737 1297 μάρτυς

2104 1313 2212 1369 ἅνω
2242 1316 2373 1386 πρὸς
2418 1315 2637 1394 οὖρανὸν
2667 1313 2891 1388 ἀπιδὼν,
2941 1318 3029 1382 Μὴ
3061 1338 3153 1391 μοι
3196 1316 3430 1395 γένοιτο.
3461 1312 3585 1393 ἕγη,
3615 1311 3737 1387 ψεύ-

2103 1406 2291 1461 σασθαί
2348 1427 2442 1464 σου
2482 1405 2582 1473 τὴν
2643 1405 2906 1482 μακαρίαν
2966 1404 3278 1485 ὁμολογίαν,
3340 1403 3535 1480 Χριστὲ
3591 1403 3741 1479 βασι-

2102 1493 2215 1558 λεῦ.
2263 1493 2381 1576 Ἐφ’
2424 1495 2514 1558 οἷς
2572 1494 2751 1571 ὥσπερ
2809 1496 2966 1553 αὖτὸν
3025 1497 3053 1550 ό
3100 1491 3449 1572 Μαρζαϐανᾰς
3503 1490 3735 1570 αίσχῦναι

2102 1584 2449 1660 βουλόμενοςο
2486 1586 2542 1643 Τί
2602 1584 2737 1659 δαί;
2798 1583 3007 1661 ἀρέσκει
3069 1606 3147 1641 σοι
3207 1590 3362 1641 τοῦτο
3419 1584 3734 1658 περικεῖσθαι

2102 1675 2162 1729 τὸ
2206 1679 2399 1753 σχῆμα
2441 1674 2469 1730 ὃ
2499 1695 2559 1752 γε
2604 1680 2693 1730 νῦν
2729 1670 3109 1746 περιϐέϐλησαι
3144 1689 3160 1747 ς
3224 1665 3282 1731 ’0
3314 1671 3393 1746 δὲ,
3433 1670 3608 1733 Οὕτως
3648 1671 3736 1726 ἑπ-

2103 1768 2246 1822 αὒτῶ
2289 1764 2644 1843 σεμνύνομαι,
2687 1763 3032 1842 ἀπεκρίνατο,
3086 1765 3160 1827 ὡς
3217 1760 3334 1819 οὒδὲ
3391 1760 3456 1817 σύ
3498 1782 3559 1839 γε
3617 1758 3737 1817 τῶδε

373 1855 579 1917 obrem
615 1853 717 1915 ille
754 1854 837 1915 ira
873 1860 1229 1915 commotus:
1263 1850 1440 1914 Certe
1471 1859 1555 1923 tu,
1581 1851 1797 1932 inquit,
1831 1851 2016 1913 uteris

2106 1854 2179 1910 τῶ
2236 1852 2497 1929 ἀξιώματι
2560 1855 2696 1930 Πρὸς
2732 1852 2861 1931 ὅπερ
2891 1851 3098 1916 ἐκεῖνος
3145 1852 3551 1930 ἂγανακτήσας,
3582 1845 3738 1906 ’Βπου

369 1944 750 2007 cohabitante
784 1944 1289 2023 deemone,neque
1320 1942 1484 2004 aliud
1521 1960 1628 2023 per
1649 1942 1900 2019 teipsum
1926 1941 2018 2003 lo-

367 2036 772 2115 queris,quam
800 2033 954 2113 quod
974 2033 1104 2113 ipse
1133 2032 1235 2092 tibi
1261 2031 1747 2111 suggesserit.Ad
1775 2050 1844 2091 ea
1869 2049 1996 2091 mar

364 2122 735 2204 tyeruando
760 2121 1241 2198 eram,inquit,in
1268 2138 1495 2200 errore,
1527 2121 1680 2182 male
1714 2120 2021 2181 honorans

365 2214 757 2293 impietatem,
787 2219 895 2272 aut
924 2211 1119 2291 potius
1140 2210 1212 2272 ab
1245 2210 1347 2272 illa
1378 2210 1630 2273 affectus
1662 2211 2014 2289 ignominia,

367 2311 509 2363 tunc
561 2302 753 2379 gravis
805 2300 1039 2362 daemon
1099 2317 1333 2361 mecum
1387 2298 1788 2361 rohabitabat.
1851 2297 2019 2362 Nunc

364 2391 559 2453 habeo
592 2391 784 2470 ipsum
808 2390 1108 2452 Christum
1137 2389 1607 2464 cahabitantem,
1632 2389 1734 2469 qui
1763 2397 1898 2450 tuos
1918 2407 2019 2451 ex.

365 2479 538 2560 pellit
568 2479 900 2541 damones.
934 2477 1083 2541 Cum
1127 2487 1326 2541 autem
1364 2478 1686 2559 adjecisset
1716 2478 2017 2539 Manaba—

365 2588 472 2631 nas
505 2592 516 2629 :
545 2568 694 2640 Quid
729 2568 916 2647 ergo?
950 2586 1065 2629 non
1098 2569 1299 2645 times;
1329 2568 1632 2648 inquit,ne
1658 2569 1780 2630 hac
1811 2567 1884 2627 ad
1917 2585 2017 2629 re-

366 2679 499 2738 gem
532 2660 891 2734 referantur,
928 2659 1030 2720 ille
1059 2677 1201 2721 vero
1231 2668 1287 2721 te
1319 2658 1542 2721 acerbe
1573 2657 1741 2720 cruci
1771 2658 1969 2738 alligat
1996 2660 2022 2717 ?

366 2748 702 2821 Quomodo,
733 2749 949 2829 inquit,
977 2749 1282 2811 hominem
1319 2746 1762 2827 timuerim,qui
1791 2756 1879 2808 est
1912 2764 2017 2826 pa-

367 2837 581 2909 tibilis,
606 2848 662 2899 et
693 2839 752 2898 in
783 2856 962 2917 quem
986 2837 1152 2900 cadit
1178 2835 1640 2899 interitusTNam
1659 2837 1771 2897 etsi
1801 2853 2018 2917 corpus

367 2928 691 3007 superavit,
746 2926 877 3007 capi
929 2935 1128 2988 tamen
1181 2945 1297 2987 non
1360 2934 1556 3006 potest
1599 2924 1819 3005 anima,
1856 2934 1913 2987 et
1962 2932 2013 2985 ei

367 3014 489 3078 nOn
514 3024 761 3098 possunt
793 3016 1037 3077 omnino
1070 3016 1264 3096 parari
1298 3015 1556 3077 insidiae.

436 3109 657 3167 XLHaac
681 3124 818 3181 ergo
839 3123 954 3167 non
991 3110 1183 3167 ferens
1215 3110 1601 3177 Marzabanas,
1624 3108 1783 3181 iubet
1816 3108 2017 3165 ferreis

2102 1943 2354 2017 συνοίκῳ,
2416 1943 2569 2022 φησὶ,
2632 1941 2894 2008 κέκτησαι
2966 1939 3199 2017 δαίμονι,
3261 1942 3350 1997 καὶ
3424 1942 3484 1997 ού
3552 1938 3742 2015 μᾶλλον

2104 2031 2308 2111 φθέγγῃ
2367 2032 2451 2088 διὰ
2503 2034 2716 2106 σαυτοῦ,
2752 2031 2787 2098 ἢ
2833 2030 2966 2098 ἅπερ
3010 2031 3073 2087 ἂν
3130 2032 3286 2094 αύτὸς
3341 2028 3586 2107 ὑποϐάλῃ
3643 2050 3736 2088 σοι.

2105 2124 2239 2200 Πρὸς
2263 2129 2426 2179 ταῦτα
2453 2121 2482 2177 ὃ
2508 2122 2733 2197 μάρτυς,
2755 2120 2886 2178 ’Ὅτε
2908 2119 2973 2188 ἧν
2999 2120 3053 2176 ἒν
3072 2127 3139 2193 τᾷ
3170 2118 3373 2198 πλάνῃ,
3404 2121 3555 2199 φησὶ,
3583 2118 3741 2192 τιμῶν

2102 2219 2281 2274 κακῶς
2340 2213 2437 2278 τὴν
2493 2209 2763 2281 ἀσὲϐειαν,
2798 2210 2832 2278 ἢ
2892 2211 2977 2267 καὶ
3017 2209 3111 2266 ὑπ’
3152 2209 3360 2276 ἑκείνης
3423 2209 3737 2283 ἀτιμαζόμε-

2104 2323 2215 2381 νος,
2249 2322 2369 2358 τοτε
2412 2321 2502 2376 μοι
2528 2294 2771 2379 χαλεπὸς
2828 2297 3031 2377 δαίμων
3072 2299 3324 2374 συνῴκει.
3385 2305 3489 2358 Νῦν
3521 2298 3572 2354 δὲ
3627 2305 3739 2374 Χρι-

2104 2393 2229 2447 στὸν
2284 2391 2441 2446 αὖτὸν
2507 2388 2624 2469 ἔχω
2670 2390 2935 2463 σύνοικον,
2988 2390 3078 2445 τὸν
3122 2390 3245 2451 τοὺς
3288 2389 3414 2450 σοὺς
3471 2386 3736 2446 ἔλαύνοντα

2102 2478 2377 2553 δαίμονας,
2438 2481 2687 2557 Προσθεὶς
2715 2479 2887 2535 τοίνυν
2949 2474 3319 2558 Μαρζαόανᾶς,
3355 2479 3417 2536 Τί
3461 2484 3631 2557 γοῦν,
3687 2478 3738 2532 ού

2106 2567 2268 2649 φοϐῇ,
2305 2569 2423 2646 ἕρη,
2460 2570 2538 2642 μὴ
2569 2569 2882 2649 ἂνετεχθείη
2924 2569 3041 2648 περὶ
3072 2575 3169 2626 σοῦ
3194 2572 3359 2624 ταῦτα
3386 2567 3466 2641 τῷ
3506 2565 3731 2644 βασιλεῖ,

2105 2662 2131 2715 ὁ
2182 2656 2237 2713 δὲ
2267 2662 2474 2735 σταυρῷ
2518 2660 2721 2735 πικρῶς
2781 2658 3065 2737 ἀναρτήσει
3112 2677 3170 2714 σε
3207 2675 3223 2731 ;
3278 2664 3401 2722 Πῶς
3434 2656 3519 2737 ἂν,
3568 2658 3730 2728 εἶπεν,

2104 2748 2377 2827 ἄνθρωπον
2435 2746 2724 2827 φοϐηθείην
2797 2751 2963 2828 φθορᾷ
3023 2748 3111 2804 καὶ
3168 2747 3391 2804 πάθεσιν
3461 2746 3727 2821 ὑποκείμε-

2102 2861 2188 2895 νον
2225 2858 2241 2913 ;
2288 2839 2346 2895 Εἴ
2376 2838 2474 2916 γὰρ
2507 2836 2603 2894 καί
2631 2842 2722 2893 τοῦ
2753 2838 3003 2912 σώματος
3036 2835 3335 2915 περιέσται,
3368 2835 3494 2892 ἀλλ’
3535 2837 3568 2904 ἦ
3594 2835 3731 2913 dtuli.

2100 2928 2311 2991 πάντως
2345 2926 2584 2993 ἄληπτος
2615 2929 2758 2999 αύτῳ
2787 2928 2873 2983 καὶ
2897 2924 3174 2990 παντελῶς
3219 2924 3586 2991 ἂνεπίόουΑος.

2184 3097 2291 3167 Μ’.
2328 3109 2435 3163 Οὔκ
2492 3106 2721 3183 ἐνεγκὼν
2766 3106 2935 3162 τοίνυν
2991 3102 3077 3161 ἐπὶ
3132 3106 3339 3169 τούτοις
3383 3101 3727 3183 Μαρζαϐανᾶς,

3935 72 3937 227 ι

366 3196 677 3255 collaribus
709 3196 923 3253 collum
950 3204 1003 3253 et
1033 3197 1282 3252 alterum
1317 3210 1385 3252 ex
1418 3194 1661 3265 pedibus
1691 3194 2015 3268 subjectum

2106 3195 2305 3251 κελεύει
2351 3196 2558 3258 κλοιοῖς
2591 3193 2833 3273 σιδηροῦς
2876 3192 3153 3274 τράχηλόν
3208 3215 3265 3250 τε
3308 3197 3397 3251 καὶ
3442 3193 3627 3251 ποδοῖν
3654 3193 3731 3247 τὸν

365 3280 602 3355 vinciri,
630 3288 685 3340 et
709 3280 953 3341 ductum
978 3277 1047 3341 ad
1068 3278 1459 3357 ergastulum,
1488 3278 1609 3341 illic
1634 3278 1861 3360 lapides
1892 3279 2016 3357 cogi

2108 3285 2284 3364 ἕτερον
2338 3282 2731 3358 ὑποϐληθέντα,
2777 3284 2919 3362 παρὰ
2961 3284 3022 3339 τὸ
3079 3284 3327 3362 φρούριόν
3382 3305 3437 3340 τε
3497 3282 3725 3363 ἀχθέντα,

363 3380 527 3441 ferre
547 3374 1135 3457 gravissimos.Quod
1158 3374 1402 3456 quidem
1430 3393 1562 3437 cum
1588 3375 1719 3454 ejus
1742 3375 1916 3454 jussu
1941 3372 2016 3435 fa-

2107 3373 2277 3440 λεθους
2334 3378 2511 3431 ἱκεῖσε
2542 3374 2672 3452 πρὸς
2731 3374 2848 3449 βίαν
2897 3372 3223 3452 βαρυτάτους
3285 3377 3544 3450 κομίζειν,
3574 3374 3643 3430 Οὖ
3679 3367 3733 3435 δὴ

365 3477 522 3530 ctum
553 3475 736 3541 esset,
763 3473 819 3525 et
843 3464 916 3526 ad
947 3465 1230 3527 ferendos
1254 3464 1485 3545 lapides
1516 3481 1760 3545 semper
1779 3471 2016 3525 sanctus

2107 3466 2193 3520 καὶ
2236 3465 2372 3521 κατὰ
2431 3464 2529 3531 τὴν
2562 3463 2763 3519 ἐκείνου
2817 3462 3101 3541 πρόσταξιν
3152 3464 3461 3542 γεγονότος,
3492 3464 3575 3519 καὶ
3619 3472 3732 3539 χεῖ-

366 3574 581 3618 manus
608 3555 1097 3629 afferret,manus
1122 3561 1596 3628 sanctas,manus
1619 3570 1750 3633 qute
1772 3552 2016 3613 multum

2107 3576 2197 3631 ρας
2245 3553 2325 3609 ἀεὶ
2380 3562 2473 3609 τοὺ
2516 3553 2665 3632 ἁγίου
2704 3559 2772 3629 τῇ
2830 3550 3163 3628 μετακομιδῇ
3221 3555 3328 3609 τῶν
3354 3552 3514 3610 λίθων
3570 3548 3729 3627 ιίσφὲ-

367 3653 641 3726 poterant
697 3644 854 3723 apud
889 3642 1105 3718 Deum,
1140 3641 1450 3722 corporeis
1497 3640 1807 3704 laboribus
1854 3641 2016 3721 plura

2107 3654 2314 3718 ροντὸς,
2351 3644 2545 3723 χεῖρας
2577 3642 2722 3702 ὁσίας
2783 3654 2981 3721 χεῖρας
3040 3641 3251 3721 μεγάλα
3306 3644 3439 3721 πρὸς
3470 3643 3593 3699 Θεὸν
3646 3637 3728 3693 δυ-

365 3748 555 3805 erant,
587 3752 709 3806 quae
744 3735 1105 3793 extrinsecus
1148 3737 1195 3791 ei
1233 3734 1642 3793 atterebantur.
1683 3733 1841 3792 Multi
1866 3733 2016 3790 enim

2106 3732 2360 3807 ναμὲνας,
2420 3733 2588 3789 πλείω
2648 3737 2751 3788 τῶν
2808 3735 3134 3807 σωματικῶν
3206 3733 3391 3789 κόπων
3445 3731 3507 3787 τὰ
3564 3729 3729 3795 ἔξωθεν

366 3839 440 3883 ex
460 3819 658 3881 Persis
685 3819 757 3880 ad
794 3836 930 3879 eum
953 3817 1405 3897 accedentes,et
1428 3818 1686 3880 maxime
1706 3835 1775 3879 ex
1815 3817 1891 3878 iis
1920 3821 2016 3898 qui

2106 3827 2247 3895 αύτῷ
2317 3822 2623 3899 ἔπαγόμενα
2693 3822 2783 3886 ἢν.
2863 3823 3177 3899 Προσιόντες
3238 3824 3338 3901 γὰρ
3400 3819 3585 3879 πολλοὶ
3636 3821 3729 3873 τῶν

366 3911 479 3971 orti
519 3917 785 3969 erantex
812 3908 1022 3968 eodem
1066 3908 1220 3983 vico,
1255 3925 1324 3969 ex
1352 3925 1469 3988 quo
1505 3907 1879 3983 Anastasius,
1913 3925 2016 3970 ve-

2106 3915 2342 3989 Περσῶν,
2378 3913 2463 3967 καὶ
2525 3909 2755 3984 μάλιστα
2788 3916 2888 3967 τῶν
2945 3910 3005 3967 ἐκ
3065 3912 3164 3981 τῆς
3214 3915 3379 3980 αὐτῆς
3424 3909 3728 3978 Ἀναστασίῳ

366 3998 473 4061 luti
507 3997 810 4079 proprium
865 4004 1216 4077 reputantes
1247 3997 1535 4072 dedecus,
1571 4014 1707 4073 quas
1761 3998 1818 4058 in
1850 3997 2016 4057 illum

2106 4002 2294 4076 κώμης
2365 3999 2724 4076 ὡρμημένων,
2798 4001 2887 4057 καὶ
2960 4001 3157 4057 οἰκείαν
3226 4001 3409 4081 ὥσπερ
3490 3999 3725 4079 αἰσχύιην

366 4087 615 4156 ﬁebant,
651 4085 1177 4164 exprobrationem
1229 4087 1517 4147 adversus
1572 4089 1927 4165 proximum,
1958 4094 2016 4146 ut

2106 4091 2394 4168 ἡγαύμενοι
2452 4089 2517 4146 τὰ
2571 4092 2644 4154 είς
2702 4089 2910 4146 ἐκεῖνον
2966 4093 3246 4167 γινόμενα,
3298 4091 3587 4165 ὀνειδισμὸν
3650 4085 3722 4141 ἰπὶ

370 4197 504 4239 cum
539 4177 739 4239 divino
774 4176 956 4238 David
983 4175 1177 4236 dicam
1195 4174 1596 4248 3,sumebant:
1634 4176 1755 4235 Cur
1783 4172 1897 4236 hoc
1928 4173 2016 4235 fe-

2107 4182 2198 4238 τὸν
2227 4178 2469 4259 ἔγγιστα,
2503 4180 2564 4236 τὸ
2616 4186 2708 4237 τοῦ
2749 4182 2890 4236 θείου
2920 4182 3077 4259 φάναι
3127 4180 3309 4256 Δαϐίδ,
3343 4178 3648 4258 ἱλάμόανον,
3678 4174 3729 4230 Τί

368 4269 549 4332 cisti?
580 4269 875 4341 dicentes,
910 4266 1030 4330 Cur
1050 4267 1350 4347 antiquam
1387 4263 1760 4328 nobilitatem
1789 4269 2016 4346 generi:

2112 4278 2265 4328 τοῦτο
2314 4269 2533 4348 ἔδρασας
2586 4270 2859 4347 λέγοντες⁶
2915 4271 2966 4325 τί
3007 4270 3107 4337 τὴν
3156 4269 3393 4328 παλαιὰν
3435 4271 3525 4327 τοῦ
3573 4264 3728 4344 γένους

366 4361 617 4423 aﬂecisti
639 4359 1286 4434 contumelia,eﬂ'ectus
1305 4356 1701 4439 Christianus,
1728 4367 1784 4420 et
1806 4366 2016 4420 tantam

2111 4359 2377 4437 εὐγένειαν
2451 4357 2689 4437 ὕϐρισας,
2754 4361 3067 4432 Χριστιανὸς
3153 4362 3414 4439 γεγονὼς,
3472 4358 3553 4414 καὶ
3600 4351 3725 4417 τηλι-

368 4451 547 4512 nobis
599 4450 835 4511 inusisti
866 4448 1284 4530 ignominiam,
1321 4457 1641 4529 propterea
1694 4448 1755 4509 in
1789 4448 2016 4510 vincula

2112 4451 2299 4506 κοῦτον
2384 4457 2548 4522 μῦσος
2605 4450 2742 4522 ἡμῖν
2820 4448 3125 4526 ἐπιτρίψας,
3188 4451 3275 4506 καὶ
3333 4448 3420 4506 διὰ
3475 4450 3611 4504 τοῦτο
3646 4440 3715 4496 κίε

369 4541 702 4631 conjectus,
741 4549 802 4599 et
849 4538 1259 4631 maleﬁeorum
1306 4539 1629 4600 damnatus
1671 4537 1970 4631 supplicio
2004 4536 2016 4599 ἱ

2110 4538 2393 4613 δεσμώτης
2449 4537 2760 4616 γενόμενος,
2794 4540 2892 4596 καί
2923 4539 3024 4605 τὴν
3083 4544 3189 4594 τῶν
3226 4540 3535 4618 κακούργων
3579 4548 3709 4588 κατι·

367 4617 529 4710 quod
549 4629 794 4710 quidem
825 4630 1017 4689 nostri
1051 4629 1208 4689 ferre
1232 4647 1351 4690 non
1388 4636 1634 4708 possunt
1663 4617 1846 4690 oculi.
1879 4624 2016 4689 Cum

2109 4630 2303 4703 κριθεὶς
2348 4627 2627 4705 τιμωρίαν,
2689 4633 2912 4705 πρᾶγμα
2980 4626 3116 4701 μηδὲ
3161 4617 3464 4706 ὀφθαλμάτς
3528 4617 3708 4710 ἀνεκτξν

366 4704 461 4780 his
512 4704 709 4780 autem
745 4717 1026 4795 gravibus
1057 4718 1276 4797 lingua?
1327 4704 1709 4791 verberibus,
1742 4734 2016 4778 manuum

2108 4717 2442 4797 ἡμετέροιςς
2494 4704 2640 4772 Μετὰ
2682 4714 2736 4773 δὲ
2765 4704 2873 4773 τῶν
2931 4704 3437 4797 χαλεπῶνήτούτων
3491 4713 3586 4770 ἀπὸ
3632 4704 3710 4769 τῆς

367 4812 607 4890 quoque
664 4807 838 4869 beato
896 4806 1146 4869 verbera
1201 4807 1581 4886 inﬂigebant,
1631 4807 2016 4868 vehemente:

2109 4807 2355 4885 γλώττης
2418 4805 2670 4885 πληγῶν,
2706 4805 2783 4863 ἔτι
2811 4807 2906 4863 καί
2937 4807 3033 4869 τὰς
3075 4806 3136 4863 ἐκ
3164 4812 3269 4863 τῶν
3297 4808 3493 4889 χειρῶν
3541 4801 3708 4890 ἐπῆγον

366 4882 963 4979 νει-δ’θιοαηιοεβιηιιο
991 4896 1239 4959 barbam
1271 4882 1583 4977 vellentes,
1613 4903 1669 4957 et
1693 4897 1822 4977 ejus
1851 4895 2016 4957 vesti.

2113 4882 2185 4971 τῷ
2226 4897 2495 4975 μακαρίῳ,
2528 4882 2816 4961 τύπτοντες
2850 4916 2908 4951 τε
2948 4893 3185 4976 σφοδρῶς
3234 4882 3576 4973 καίνπώγωσα
3611 4882 3708 4979 τίλ-

370 5002 571 5049 menta
604 4971 966 5061 lacerantes,
1003 4996 1063 5048 et
1092 4987 1345 5068 lapides,
1382 5004 1532 5067 quos
1561 4971 1816 5065 quatuor
1844 4983 2016 5045 simul

2107 4988 2313 5061 λοντες,
2375 4987 2463 5043 καὶ
2504 4986 2687 5060 ἱμάτια
2746 4984 2930 5042 τούτου
2995 4984 3451 5066 περιῤῥηγνύντες,
3500 4984 3587 5038 καὶ
3635 4971 3705 5029 λί-

368 5078 674 5157 conjuncti
694 5076 1107 5149 lerebant,eos
1131 5074 1244 5137 soli
1272 5074 1589 5136 Anastasio
1609 5075 1892 5135 ferendos
1916 5073 2016 5133 im-

2106 5080 2226 5139 θους
2299 5082 2385 5139 οὖς
2458 5075 2603 5134 αὐτοὶ
2674 5075 2883 5148 συνάμα
2944 5075 3190 5149 τέσσαρες
3264 5074 3465 5154 ἔφερον,
3521 5068 3705 5126 τούτους

369 5154 710 5248 ponebant:
746 5166 893 5227 adeo
918 5175 981 5225 ut
1011 5167 1141 5245 ipse
1172 5182 1378 5226 rursus
1401 5164 1561 5244 loqui
1592 5164 1754 5227 visus
1783 5164 1858 5224 sit
1887 5181 2016 5226 cum

2110 5165 2443 5237 Ἀναστασίῳ
2514 5166 2663 5241 μόνῳ
2733 5163 2909 5243 φέρειν
2976 5165 3325 5228 ἱεπιτιθὲντες·
3383 5167 3450 5228 ὡς
3512 5154 3705 5248 ἔοικέναι

368 5239 587 5319 havide
606 5258 884 5337 3':Supra
906 5239 1149 5316 dorsum
1185 5272 1382 5315 meum
1409 5239 1857 5316 fabricaveruut
1880 5270 2016 5333 pec-

2109 5254 2267 5313 πᾶλιν
2316 5256 2475 5312 αὐτὸν
2505 5239 2931 5334 συμφθέγγεσθαι
2977 5259 3053 5327 τῷ
3100 5252 3278 5310 Δαϐίᾶ
3334 5252 3460 5313 Ἐπί
3486 5254 3581 5337 τοῦ,
3614 5239 3703 5337 vti”

369 5356 629 5426 catores,
659 5335 1178 5427 prolongaverunt
1210 5343 1585 5425 iniquitatem
1616 5360 1805 5404 suam.
1841 5341 2016 5422 quue

2108 5368 2201 5405 τοο
2259 5366 2362 5420 μου
2421 5344 2743 5419 ἒτὲκταινον,
2779 5342 3077 5422 ἒμάκρυναν
3140 5345 3239 5411 τὴν
3282 5344 3498 5420 ἀνομίαν
3537 5335 3699 5392 αὒτῶν

371 5454 507 5496 eum
542 5418 627 5497 [ιε’
648 5418 804 5499 ferre
838 5418 1082 5516 quidem
1117 5454 1226 5517 per
1247 5418 1547 5515 se'posset
1575 5434 1827 5506 ferrum,
1863 5418 2016 5511 quod

2109 5437 2193 5493 καὶ
2250 5418 2414 5491 ’ίαῧτι
2444 5432 2580 5501 μηδὲ
2628 5418 2830 5490 τὸνίέπῖ
2874 5418 2966 5491 τοῦ
3021 5435 3303 5513 τραχήλου
3345 5418 3431 5491 καὶ
3458 5433 3542 5489 τοῦ
3568 5418 3704 5517 tto-35f

372 5533 502 5587 erat
558 5527 713 5587 collo
766 5535 826 5588 et
855 5505 1015 5607 'pedi
1075 5505 1205 5605 ejus
1262 5505 1660 5606 impositum:
1749 5505 2016 5584 sed—sub

2112 5524 2322 5604 σίδηρον
2353 5523 2492 5581 οὕτω
2549 5523 2666 5579 καθ’
2712 5523 2898 5581 ἑαυτὸν
2946 5505 3210 5604 διαιρέρειν
3242 5523 3442 5604 ἔχοντι,
3473 5513 3577 5575 ἀλλ’
3619 5505 3701 5563 ὑπὸ

451 5692 486 5740 ὅ
511 5690 668 5751 Psal.
698 5706 819 5762 xw,
852 5693 913 5750 3.
998 5693 1049 5741 δ’
1081 5692 1237 5755 Psal.
1270 5709 1510 5767 oxxvnt,
1547 5694 1609 5754 3.
