4006 6138
223 331 355 398 789

1422 337 1613 402 νιΤΑ
1657 335 1716 398 S.
1761 331 2164 397 ANASTASII
2210 333 2494 397 PERSE.

3528 328 3647 394 790
3666 419 3675 428 _

220 477 307 545 τῷ
339 473 516 548 αὐτῷ
553 473 768 554 σιδήρῳ
800 474 890 532 καὶ
929 471 1098 535 ἄλλου
1142 472 1236 529 σὺν
1267 477 1344 546 τῷ
1398 472 1621 549 μάρτυρι
1651 471 1746 528 τὶν
1793 467 1906 526 πόδι

2014 467 2229 530 eodem
2264 467 2424 530 ferro
2439 467 2591 531 alius
2611 484 2849 548 quoque
2871 483 3006 528 cum
3037 471 3296 548 martyre
3317 464 3530 548 pedem
3553 465 3652 528 ha-

218 558 680 640 πεπεδημένου,
747 562 782 621 ἂ
849 563 937 620 καὶ
1019 560 1369 620 πολλαπλοῦν
1440 558 1632 618 ἐπλεκε
1715 559 1931 623 πάντως

217 651 381 725 αὐτῷ
418 659 532 710 τοῦ
583 653 872 734 μαρτυρίου
901 653 994 711 τὸν
1039 651 1326 730 στέφανον.
1376 649 1598 730 Ἔχεις,
1633 651 1678 706 εἰ
1725 648 1927 726 βούλει,

215 741 315 798 ναὶ
399 740 608 807 ἄλλοις
667 743 881 818 ὀδύνας,
939 742 1029 799 καὶ
1085 739 1263 798 ἄλλων
1319 741 1562 822 ἀφορμὰς
1627 738 1923 817 στεφάνων·

215 831 361 888 αὗτὸ
413 829 495 900 δὴ
550 835 717 894 τοῦτό
757 856 925 913 φημι,
958 833 1020 889 τὸ
1049 834 1104 888 ἓν
1149 830 1300 908 μέσῳ
1328 830 1613 910 γνωρίμων
1643 827 1930 910 ὀφθαλμῶν

213 921 290 978 τὰ
364 929 631 982 τοιαῦτα
699 924 960 1002 πάσχειν,
1023 921 1116 978 καΐ
1174 921 1240 978 τὰ
1310 917 1487 980 πολλὰ
1557 916 1684 996 παρ’
1757 919 1930 1002 αύτῶν

216 1008 454 1093 ὀνείδη,
495 1010 538 1068 ἂ
606 1011 671 1081 δὴ
701 997 1128 1090 καῖ-προλαϐὼν
1175 1011 1202 1067 ὁ
1245 1008 1402 1087 λόγος
1451 1005 1744 1080 ἐδήλωσεν.
1809 997 1928 1086 Ὑφ’

214 1101 302 1155 ὧν
339 1099 511 1158 οὕτω
581 1101 842 1174 διέμεινεν
883 1101 1116 1174 ἀπαθὴς,
1161 1102 1238 1164 ὡς
1297 1098 1540 1178 ἰγκώμια
1569 1104 1734 1154 ταῦτα
1779 1095 1926 1174 μᾶλ-

217 1189 327 1248 λον
357 1192 655 1270 ἡγεῖσθαι
686 1190 770 1250 διὰ
815 1192 1069 1270 Χριστὸν,
1101 1189 1137 1259 ἦ
1167 1213 1218 1247 τι
1248 1189 1348 1257 τὴν
1376 1187 1594 1268 καρδίαν
1617 1186 1706 1246 ὑπ’
1751 1190 1924 1246 αὐτῶν

217 1280 563 1354 βάπτεσθαι
575 1328 592 1344 ,

308 1360 438 1431 1Β’.
489 1362 563 1430 Ὀ
605 1372 781 1429 τοίνυν
826 1368 1174 1451 Μαρζαϐανᾶς
1219 1365 1580 1448 (ἀνακλητέον
1636 1366 1736 1445 γὰρ
1778 1368 1924 1430 αὖθις

215 1460 370 1536 πρὸς
437 1461 558 1530 τὴν
619 1457 932 1518 ἀκολόυθίαν
989 1459 1080 1516 τὸν
1137 1457 1325 1538 λόγον)
1388 1456 1673 1514 ὁπανετναί
1724 1477 1777 1512 τι
1833 1457 1924 1513 τὸν

219 1550 508 1630 μάρτυρα
577 1555 681 1618 τῆς
737 1547 948 1617 πολλῆς
1008 1549 1212 1616 ἔκείνης
1269 1546 1536 1609 έστάσεως
1605 1552 1674 1624 τῇ
1731 1544 1926 1622 μεταξὺ

217 1642 604 1715 κακοπαθείᾳ
659 1642 908 1719 νομίσας,
956 1638 1052 1696 καῖ
1095 1644 1281 1698 τοῦτον
1341 1635 1505 1697 πάλιν
1546 1637 1679 1716 πρὸς
1740 1635 1927 1692 ἑαυτὸν

219 1728 507 1810 ἂγαγὼν,
551 1732 612 1788 Ei
658 1729 902 1805 ἀληθῶς,
936 1729 1104 1810 φησῖ,
1137 1729 1312 1807 μάγου
1355 1729 1555 1806 πατρὸς
1581 1725 1700 1806 ἕγυς
1746 1727 1924 1805 (τοῦτο

2015 555 2186 619 heret
2215 557 2500 620 vinctum.
2529 557 2671 631 Quae.
2700 555 2944 639 quidem
2979 558 3034 620 ei
3058 555 3380 620 nectebant
3409 557 3652 617 omnino

2014 647 2404 729 multiplicem
2426 665 2707 710 coronam
2733 647 3021 727 martyrii.
3057 646 3338 721 Hahes,si
3359 645 3470 720 vis,
3502 644 3652 706 alios

2013 754 2252 819 quoque
2283 738 2545 814 dolores,
2581 748 2642 800 et
2696 737 3051 800 occasiones
3107 736 3362 799 aliarum
3393 753 3649 798 corona-

2012 843 2145 889 rum
2179 848 2195 889 :
2233 827 2346 890 hoc
2369 828 2590 909 ipsum,
2628 826 2896 908 inquam,
2921 828 3078 908 quod
3109 826 3171 887 in
3197 832 3522 906 conspectu
3553 845 3651 887 eo-

2011 935 2168 993 rum,
2199 918 2298 999 qui
2332 917 2526 999 ipsum
2561 923 2870 997 noverant,
2902 916 3032 980 haec
3060 923 3120 978 et
3152 915 3333 977 multa
3363 914 3476 977 alia
3504 934 3646 994 pro-

2012 1005 2120 1070 bra
2152 1006 2224 1069 ab
2256 1008 2345 1070 eis
2379 1014 2702 1088 pateretur,
2736 1024 2869 1087 quas
2912 1006 3040 1086 jam
3075 1005 3240 1086 prius
3269 1004 3426 1067 dicta
3457 1013 3597 1067 sunt
3631 1027 3645 1068 :

2009 1115 2045 1160 a
2075 1098 2291 1179 quibus
2320 1099 2472 1160 adeo
2505 1096 2722 1160 mansit
2757 1096 2904 1159 nihil
2928 1097 3199 1170 affectus,
3221 1106 3288 1158 ut
3319 1114 3389 1159 ea
3417 1103 3650 1176 putaret

2007 1188 2199 1268 potius
2231 1189 2508 1250 encomia
2538 1194 2786 1268 propter
2816 1185 3142 1264 Christum,
3178 1205 3353 1268 quam
3386 1203 3488 1247 cor
3508 1185 3640 1265 ejus

2006 1275 2081 1339 ah
2101 1279 2192 1340 eis
2223 1278 2597 1341 morderetur
2625 1276 2870 1358 aliquid.

2087 1366 2217 1430 XII.
2251 1368 2636 1431 Marzabanas
2661 1386 2803 1446 ergo
2832 1366 3226 1440 (redeundum
3259 1374 3348 1427 est
3377 1366 3538 1428 enim
3570 1366 3642 1427 ad

2010 1457 2299 1520 orationis
2343 1458 2885 1538 consequentiam),
2939 1466 3103 1518 ratus
3153 1455 3282 1517 fore
3332 1465 3396 1518 ut
3427 1464 3646 1536 martyr

2009 1546 2233 1628 aliquid
2255 1546 2591 1609 remitteret
2607 1548 2680 1609 de
2694 1564 2906 1626 magna
2927 1547 3030 1607 illa
3047 1545 3380 1607 constantia
3404 1556 3648 1626 propter

2009 1653 2163 1713 eam,
2197 1655 2332 1714 qua;
2387 1635 2829 1713 intercesserat,
2888 1634 3304 1708 aﬂlictionem,
3340 1653 3473 1695 cum
3508 1653 3641 1696 eum

2007 1743 2217 1790 rursus
2238 1727 2311 1789 ad
2335 1744 2401 1789 se
2419 1726 2803 1808 produxisset
2829 1748 2842 1786 :
2869 1727 2932 1790 Si
2957 1743 3094 1788 vere
3111 1742 3196 1800 es,
3217 1724 3434 1805 inquit,
3473 1743 3642 1805 mago

217 1821 334 1898 γὰρ
393 1820 580 1884 αὐτὸς
614 1820 951 1895 ἐπεσημήνω
980 1817 1108 1898 περί
1139 1817 1384 1898 σαυτοῦ),
1417 1819 1506 1874 καῑ
1553 1817 1653 1885 τὴν
1679 1815 1906 1895 γλῶτται

2008 1823 2176 1898 patre
2209 1824 2379 1878 natus
2404 1817 2542 1896 (hoc
2570 1817 2733 1879 enim
2766 1820 2894 1896 ipse
2916 1816 2991 1878 de
3025 1817 3216 1895 teipso
3247 1814 3638 1893 significasti),

216 1909 448 1975 ἱκανῶς
502 1922 634 1973 ταῖς
666 1909 883 1966 ἐκείνων
929 1906 1168 1975 ἤσκησαι
1211 1904 1442 1984 βίϐλοις,
1476 1905 1689 1986 φθέγξαι
1719 1927 1771 1963 τι
1812 1913 1920 1963 τῶν

221 2005 511 2079 μαγικῶν
569 2002 657 2058 καὶ
736 2001 894 2080 ἧμτν,
954 1997 1104 2080 ὅπως
1159 2019 1242 2054 σοι
1303 1998 1393 2054 καὶ
1453 1997 1603 2054 αὐτοὶ
1661 1997 1920 2076 μάρτυρες

218 2078 390 2165 ὦμεν
459 2087 567 2158 τῆς
600 2078 936 2165 ἐπιστήμης.
987 2078 1048 2147 Ὀ
1101 2085 1156 2144 δί
1209 2087 1298 2143 καὶ
1341 2088 1608 2161 στόματος
1646 2088 1737 2144 καὶ
1789 2107 1914 2168 χει.

222 2175 382 2236 λέων
447 2179 645 2258 ῥύπον,
676 2179 770 2236 καὶ
825 2179 921 2235 κοῦ
979 2175 1195 2252 ιιηλίδα,
1238 2173 1327 2233 κάῖ
1372 2177 1652 2252 μολυσμὸν
1707 2176 1770 2234 τὸ
1829 2179 1918 2234 καὶ

230 2269 577 2342 μνησθῆναί
627 2289 771 2333 τινος
810 2266 1014 2326 τούτων
1079 2267 1405 2344 ἡγούμενος,
1448 2272 1631 2345 Σῶτερ
1673 2268 1701 2322 ὁ
1763 2266 1917 2347 ἐμὸς,

232 2356 381 2438 ἔφη,
425 2359 716 2428 unum;
776 2359 866 2415 καὶ
896 2358 1075 2420 κοινὸς
1127 2354 1378 2415 ἂπάντῶν
1426 2354 1776 2435 δημιουργὰς,
1808 2357 1912 2432 μὴ,

228 2471 334 2524 μοι
393 2446 560 2523 δῴης
588 2457 828 2508 τοιοῦτον
857 2444 1028 2522 μηδὲν
1073 2444 1295 2502 ἆκοῦσαι
1322 2442 1463 2510 ὅλως
1495 2444 1530 2512 ἢ
1577 2443 1912 2525 φθέγξασθοι,

232 2540 386 2619 Πρὸς
438 2538 586 2618 ἅπερ
630 2539 658 2595 ὁ
689 2535 906 2602 σκολιὸς
936 2535 1146 2599 ἐκεῖνος
1200 2534 1594 2614 ἀπαγορεύσας,
1627 2535 1716 2592 καὶ
1751 2534 1912 2594 οἴκο-

229 2631 326 2686 θεν
368 2630 546 2692 αὐτὸς
593 2629 690 2685 οὒκ
719 2627 866 2707 ἔχων
924 2624 954 2683 8
982 2648 1034 2684 τι
1095 2626 1183 2683 καὶ
1238 2622 1508 2703 δράσειεν,
1541 2622 1764 2682 ιπισείει
1823 2626 1911 2683 καὶ

236 2718 397 2783 αὖθις
454 2725 534 2792 τῷ
565 2718 794 2796 μάρτυρι
837 2715 1074 2793 καθάπερ
1105 2736 1155 2771 τι
1215 2711 1612 2795 μορμολυκεῖον
1658 2715 1748 2771 τὸν
1803 2715 1909 2792 βα-

239 2807 440 2880 σιλέα,
467 2808 578 2881 καὶ,
608 2807 692 2884 Τί,
726 2807 911 2886 ῳησῖν,
943 2807 988 2861 ὦ
1019 2803 1197 2881 οὗτος,
1234 2816 1351 2870 τοῖς
1395 2806 1580 2871 αύτοϊς
1611 2802 1904 2886 ἒπιμένεις,

242 2897 617 2978 Ἐπίσ-τρεψον
669 2897 743 2960 εἷς
801 2896 902 2964 τὴν
962 2894 1223 2973 προτέραν
1280 2895 1592 2972 θρησκείανο
1646 2893 1763 2952 ἐπεὶ
1821 2897 1910 2978 καὶ

241 2991 396 3063 αὖτῷ
427 2975 652 3065 βασιλεῖ
686 2986 753 3043 τὰ
781 2986 898 3064 περὶ
942 2991 1061 3064 σοῦ,
1095 2986 1153 3042 εὗ
1194 2982 1327 3058 ἴσθι,
1367 2984 1812 3064 ἅνενεχθήσετυιι,
1851 2975 1908 3043 ι0

245 3076 305 3134 δὲ
357 3081 428 3136 τὸ
459 3075 710 3156 διάφορον
739 3073 889 3133 ούδὲν
923 3073 1103 3149 εἷδως,
1135 3071 1251 3132 εἴτε
1309 3071 1435 3152 παρ’
1469 3075 1648 3153 αὐτοῦ,
1680 3073 1796 3131 εἴτε
1845 3071 1909 3140 δὴ

248 3168 337 3224 καὶ
389 3167 540 3245 παρὰ
597 3172 688 3223 τοῦ
745 3163 1008 3242 βασιλέως
1065 3163 1410 3243 τιμωροθείη,
1451 3162 1576 3220 ἐπεὶ
1630 3164 1728 3221 καί
1798 3164 1972 3251 ἄμα-α

254 3269 384 3334 φοῐν
429 3259 465 3325 ἡ
500 3253 878 3333 μισανθρωπία
937 3253 1034 3330 μία
1090 3253 1178 3311 καὶ
1221 3252 1501 3331 ἆγριότης,
1535 3253 1706 3330 Ποίει,
1737 3257 1910 3334 φησιν

257 3346 290 3400 ’ὁ
329 3345 538 3422 βούλει⁶
572 3345 722 3425 τάχα
779 3343 880 3422 γὰρ
908 3344 997 3400 καὶ
1025 3339 1132 3410 ἢδη
1191 3342 1404 3421 γράψας
1447 3341 1740 3422 ἀντίγραφα
1783 3343 1913 3400 ἔκο-

267 3438 433 3508 μίσω.
476 3435 572 3494 Καὶ
625 3435 686 3499 ὃς
744 3429 1000 3513 ἑκφοϐετν
1043 3432 1104 3488 ἐκ
1160 3431 1348 3488 τούτου
1407 3430 1561 3500 δῆθεν
1606 3432 1697 3488 τὸν
1754 3430 1914 3511 ἄνδρα

268 3524 535 3600 οἰόμενος,
569 3523 718 3602 Ἐγὼ
749 3522 849 3599 μὲν
899 3519 1044 3581 ούδὶν
1075 3519 1284 3580 οὐδέπω
1336 3523 1460 3598 περί
1493 3531 1588 3582 σοῦ
1644 3521 1908 3602 γέγραφα,

261 3610 390 3693 ἔφη’
434 3610 553 3668 ἀλλ’
582 3609 688 3680 ἤδη
720 3613 809 3669 καὶ
838 3610 1085 3691 γράφειν,
1122 3612 1197 3675 ὡς
1229 3612 1377 3689 ὁρᾷς,
1409 3608 1696 3688 ὥρμημαι.
1743 3618 1910 3670 Τοῦτο

255 3703 351 3760 ούκ
383 3701 548 3760 ἔδωκέ
590 3723 710 3760 τινα
739 3700 930 3776 σκέψιν
988 3700 1024 3768 ἢ
1054 3701 1317 3778 μέριμναν
1362 3697 1504 3766 ὅλως
1535 3707 1610 3775 τῷ
1656 3701 1905 3781 μάρτυρι·

250 3794 371 3860 πῶς
423 3793 524 3872 γὰρ
565 3795 642 3866 τῷ
670 3790 915 3872 χαίροντι
969 3789 1178 3866 μᾶλλον
1235 3789 1290 3846 ὲν
1343 3796 1420 3866 τῷ
1477 3791 1723 3872 πάσχειν
1778 3791 1910 3869 ὑπὲρ

253 3889 510 3963 Χριστοῦ,
561 3884 661 3938 καὶ
714 3882 808 3945 τὰς
868 3879 965 3944 μὲν
1009 3878 1227 3958 πληγάς
1287 3879 1541 3956 ἀμοιϐὰς,
1601 3881 1798 3955 ζημίαν
1853 3879 1909 3937 δὲ

250 3975 346 4037 τὰς
406 3971 615 4034 ἀνέσεις
650 3973 738 4030 καὶ
785 3972 878 4028 τὸν
907 3975 1016 4026 τῶν
1061 3968 1395 4042 κολαζόντων
1430 3970 1616 4027 οἶκτον
1657 3970 1907 4046 ὑπολαμ-

251 4058 442 4120 εάνοτι
474 4078 491 4135 ;
543 4062 603 4119 Τί
632 4057 688 4116 δὲ
731 4063 819 4116 καὶ
848 4059 1094 4118 τοιούτου
1135 4057 1400 4136 βασιλέως
1435 4057 1536 4116 ἔδει
1589 4061 1905 4139 φροντίζειν,

251 4152 346 4208 τὸν
412 4155 545 4228 πρὸς
577 4151 805 4226 Χριστὸν
861 4146 1134 4225 βλέποντα
1163 4149 1326 4223 μόνον
1386 4149 1472 4206 καὶ
1505 4147 1690 4205 τοῦτον
1733 4149 1908 4217 ἀληθῆ

251 4239 484 4316 βασιλέα
517 4240 605 4296 καὶ
636 4240 767 4297 Θεὸν
789 4238 934 4296 εἶναι
959 4237 1385 4303 πεπιστευκότας
1419 4256 1436 4317 ς
1469 4235 1631 4296 Οὐδὲν
1657 4241 1770 4312 οὖν,
1793 4237 1904 4296 ὥσ-

253 4351 359 4408 περ
389 4327 548 4409 ἔφην,
581 4326 918 4402 ἐπιδοιάσας,
953 4327 1192 4405 Χρῆσαι,
1224 4331 1420 4406 φησιν,
1454 4329 1639 4390 ὁποίος
1684 4326 1746 4384 ἂν
1786 4327 1905 4385 ἑθέ-

252 4419 374 4484 λοις
421 4422 520 4475 καὶ
553 4417 701 4482 ὅπως
752 4430 869 4482 τοῖς
904 4415 1022 4475 κατ’
1084 4416 1214 4492 ἐμοῦ
1239 4417 1542 4496 γράμμασι’
1599 4419 1908 4496 Χριστιανὸς

250 4510 355 4589 γὰρ
383 4511 515 4588 εγω,
553 4507 644 4565 καὶ
680 4507 841 4569 πάλιν
865 4505 1144 4586 ὁμολογῶ,
1180 4508 1492 4584 Χριστιανὸς
1527 4507 1659 4582 εἰμι.

338 4687 451 4751 ll",
498 4684 617 4765 Ἐφ’
650 4686 740 4752 οἶς
799 4690 905 4743 τῶν
937 4682 1141 4760 ἄλλων,
1177 4683 1277 4742 ὅσα
1321 4683 1530 4754 δηλαδὴ
1568 4687 1698 4764 πρὸς
1739 4688 1908 4745 πειθὼ

253 4778 434 4859 φέρει,
463 4777 676 4834 πάντων
719 4777 748 4833 ὁ
775 4776 995 4855 ἡγεμὼν
1049 4776 1339 4853 ἀπογνοὺς,
1372 4776 1460 4832 ἰπὶ
1506 4775 1607 4844 τὴν
1634 4777 1752 4853 βίαν
1811 4776 1905 4835 καὶ

255 4870 400 4933 αὖθις
451 4865 672 4946 ἐχώρει·
710 4865 799 4922 καὶ
853 4864 1173 4944 προστάττει
1218 4864 1442 4921 ταθέντα
1493 4865 1631 4921 κατὰ
1659 4865 1760 4942 γῆς
1816 4867 1907 4923 τὸν

253 4957 494 5036 μάρτυρα
536 4955 822 5012 τύπτεσθαι
854 4953 1050 5036 μέχρις
1109 4951 1254 5022 ὅτου,
1294 4954 1446 5033 φησὶ,
1475 4966 1656 5011 ποιεῖν
1698 4953 1902 5031 ὁμολο-

251 5034 414 5126 γήσαι
473 5047 534 5102 τὸ
578 5043 954 5119 κελευόμενον,
1023 5034 1080 5100 ’0
1140 5040 1296 5100 δὲτὸ
1359 5043 1458 5118 μὲν
1506 5041 1776 5121 ἐπίταγμα
1818 5040 1906 5100 καὶ

249 5137 436 5214 πράως
494 5133 611 5191 λίαν
654 5133 745 5211 κρί
803 5132 1048 5207 ἀσμένως
1095 5130 1326 5199 ἆδέεατο·
1389 5137 1794 5213 κατασχεθῆναι
1850 5133 1904 5191 δὲ

249 5227 417 5299 μόνον
456 5224 606 5303 χερσὶ
639 5219 846 5297 δημίων
877 5220 1016 5279 ὥστε
1046 5221 1135 5278 καὶ
1165 5221 1258 5279 καὶ
1283 5220 1372 5278 ὑπ’
1405 5220 1623 5279 ἂκείνων
1641 5222 1900 5292 διαταθῆ-

249 5336 332 5370 ναι
365 5313 498 5392 πρὸς
546 5311 650 5389 γῆν
680 5313 774 5369 οὒκ
803 5309 1091 5389 ἠνέσχετο,
1124 5308 1356 5370 Ἐάσατέ
1405 5332 1496 5391 με,
1529 5313 1715 5370 εἰπών’
1752 5312 1901 5373 0'35:-

248 5407 334 5468 νὸς
381 5404 485 5481 γὰρ
544 5399 632 5458 ’ἐπ’
704 5399 822 5475 ἐμοὶ
867 5399 960 5458 τοῦ
1023 5399 1335 5471 καθέζοντος
1381 5401 1562 5481 χρεία,
1623 5401 1739 5460 insi
1812 5406 1898 5460 καὶ

248 5495 373 5551 αὐτὸ
418 5500 575 5551 τοῦτο
632 5490 692 5548 τὸ
743 5489 978 5567 πάσχειν
1033 5485 1120 5544 διὰ
1179 5491 1406 5562 Χριστὸν
1450 5491 1545 5548 ούκ
1597 5489 1897 5561 ἀϐούλητον

247 5576 458 5662 ἔμοιγε,
494 5576 635 5634 ἀλλὰ
677 5578 764 5633 ναὶ
816 5575 932 5634 λίαν
961 5579 1032 5639 ὡς
1092 5577 1146 5632 ἐν
1190 5577 1333 5658 θέρει
1385 5576 1524 5658 ὕδωρ
1567 5577 1894 5663 διχόμενον,

2004 1913 2063 1967 et
2089 1905 2353 1986 linguam
2385 1905 2626 1969 illorum
2670 1907 2842 1968 libris
2872 1912 3014 1968 satis
3067 1903 3412 1974 exercuisti,
3465 1903 3641 1966 nobis

2003 2013 2242 2077 quoque
2259 2005 2531 2078 tempore
2553 1995 2778 2079 aliquid
2803 2016 2875 2059 ex
2908 1995 3252 2076 magicis,ut
3275 2013 3382 2056 nos
3403 2013 3642 2076 quoque

2002 2084 2076 2146 de
2099 2093 2197 2148 tua
2217 2087 2470 2149 scientia
2488 2087 2754 2150 feramus
2776 2083 3329 2149 testimonium.llle
3351 2096 3548 2146 autem
3582 2093 3642 2147 et

2003 2193 2072 2237 os
2096 2183 2154 2237 et
2185 2175 2351 2238 labra
2375 2185 2435 2238 et
2468 2187 2735 2241 mentem
2798 2175 3088 2238 maculari
3119 2183 3178 2236 et
3208 2175 3394 2256 pollui
3426 2175 3639 2236 existi-

2001 2281 2191 2340 mans,
2226 2266 2277 2327 si
2299 2265 2512 2328 horum
2544 2265 2798 2346 alicujus
2823 2264 3198 2328 meminisset
3236 2263 3635 2337 :OServator,

2000 2351 2326 2435 inquit.qui
2344 2371 2410 2416 es
2430 2372 2600 2416 meus
2618 2353 3350 2428 Dominus,etcommunis
3371 2351 3637 2413 omnium

2001 2442 2222 2522 opifex,
2255 2461 2332 2505 ne
2373 2443 2519 2506 mihi
2567 2445 2674 2506 des
2705 2443 3054 2522 omnino,ut
3087 2442 3204 2505 tale
3233 2441 3376 2522 quid
3408 2449 3508 2502 aut
3537 2442 3632 2504 lo—

1999 2549 2172 2613 quar,
2196 2542 2296 2596 aut
2325 2532 2590 2596 audiam.
2625 2533 2770 2607 Quae
2800 2553 2938 2596 cum
3002 2550 3318 2614 perversus
3350 2529 3453 2594 ille
3481 2549 3636 2611 aegre

1998 2621 2256 2699 tulisset,
2289 2632 2351 2685 et
2394 2621 2572 2704 plane
2617 2623 2972 2707 desperans,
3007 2641 3075 2685 ex
3109 2641 3175 2685 se
3205 2622 3353 2685 nihil
3384 2623 3635 2684 haberet

1994 2713 2150 2786 quod
2167 2714 2642 2788 laceret,martyri
2664 2731 2871 2774 rursus
2889 2716 3064 2775 veluti
3089 2717 3396 2788 quamdam
3419 2716 3635 2773 larvam

1994 2816 2196 2878 regem
2228 2799 2504 2864 intentat.
2529 2802 2604 2864 Et
2633 2820 2744 2863 cur
2774 2811 2858 2876 tu,
2885 2800 3100 2883 inquit,
3137 2801 3200 2861 in
3225 2799 3454 2862 eisdem
3492 2817 3632 2880 per-

1993 2889 2205 2952 sistis?
2233 2889 2324 2952 Ad
2353 2892 2612 2972 priorem
2646 2901 2996 2955 convertere
3044 2890 3426 2970 religionem.
3463 2889 3630 2954 Scias

1993 2977 2155 3042 enim
2185 2979 2410 3053 fore,nt
2438 2979 2514 3044 de
2543 2989 2602 3044 te
2632 2981 2702 3043 ad
2731 2999 2934 3061 regem
2961 2980 3278 3043 referatur.
3304 2979 3412 3042 Ille
3435 2990 3630 3044 autem

1993 3068 2193 3132 sciens
2215 3069 2364 3133 nihil
2382 3071 2714 3148 referre,an
2729 3071 2802 3132 ab
2819 3073 3056 3153 ipso,an
3077 3089 3270 3150 arege
3293 3071 3629 3151 puniretur,

1996 3158 2483 3240 quandoquidem
2521 3159 2817 3223 ambobus
2866 3159 3271 3222 inhumanitas
3305 3179 3424 3222 una
3457 3171 3546 3223 est
3577 3169 3638 3222 et

1997 3248 2218 3310 sevitia
2251 3266 2264 3310 :
2301 3249 2443 3318 Fac.
2502 3249 2717 3333 inquit,
2755 3249 2915 3332 quod
2973 3250 3082 3313 vis.
3112 3248 3290 3312 Forte
3321 3252 3480 3311 enim
3507 3252 3632 3332 jam

1996 3336 2308 3417 scripsisti,
2343 3347 2401 3400 et
2429 3356 2789 3421 responsum
2819 3338 3131 3419 accepisti.
3166 3341 3224 3401 Is
3249 3357 3390 3400 vero
3422 3341 3633 3402 existi-

1997 3443 2168 3488 mans
2195 3443 2260 3489 se
2290 3425 2486 3508 ipsum
2516 3428 2598 3490 ita
2617 3446 2751 3492 esse
2794 3428 3254 3508 perterriturum
3284 3447 3299 3488 :
3331 3427 3454 3508 Ego
3485 3432 3629 3510 qui-

1995 3515 2158 3590 dem,
2183 3515 2401 3596 inquit,
2429 3515 2577 3578 nihil
2612 3517 2686 3579 de
2719 3535 2789 3580 eo
2811 3516 3005 3580 adhuc
3032 3515 3263 3596 scripsi,
3292 3518 3399 3578 sed
3417 3520 3636 3597 jam,ut

1994 3604 2179 3680 vides,
2205 3605 2474 3668 scribere
2499 3604 2974 3687 aggredionHoc
2993 3605 3233 3686 martyri
3255 3608 3476 3669 nullam
3511 3628 3636 3671 om-

1995 3693 2138 3756 nino
2167 3694 2360 3758 attulit
2383 3713 2611 3771 curam,
2645 3703 2749 3758 aut
2791 3694 3288 3758 sollicitudinem.
3320 3698 3635 3771 Quomodo

1994 3784 2180 3861 enim,
2206 3802 2340 3847 cum
2366 3787 2562 3866 potius
2582 3784 2868 3864 gauderet
2897 3803 2964 3848 se
3005 3785 3125 3866 pati
3151 3793 3396 3870 propter
3425 3788 3633 3851 Chris-

1994 3881 2209 3954 tum,et
2240 3874 2442 3956 plagas
2480 3875 2724 3958 quidem
2764 3877 3310 3952 remunerationes,
3347 3877 3631 3940 damnum

1990 3972 2188 4026 autem
2221 3973 2456 4044 putaret
2487 3965 2999 4038 remissionem,et
3021 3968 3360 4048 eorum,qui
3391 3972 3636 4046 castiga-

1990 4053 2134 4116 bant
2151 4053 2348 4135 ipsum
2375 4054 2848 4118 misericordiam
2871 4061 2899 4118 ?
2923 4053 3075 4128 Quid
3095 4063 3292 4117 autem
3318 4057 3636 4136 oportebat

1995 4161 2133 4207 eum
2171 4143 2349 4207 talem
2383 4162 2587 4225 regem
2611 4162 2846 4221 curare,
2879 4145 2979 4226 qui
3002 4144 3073 4206 ad
3099 4144 3402 4208 Christum
3434 4147 3629 4210 solum

1992 4233 2344 4315 aspiciebat,
2379 4245 2440 4297 et
2468 4253 2605 4296 eum
2655 4251 2861 4297 verum
2923 4253 3058 4298 esse
3099 4253 3302 4312 regem
3354 4247 3410 4298 et
3440 4237 3627 4300 Deum

1993 4321 2384 4387 crediderat?
2414 4323 2520 4386 Ille
2574 4323 2900 4404 ergo,sicut
2960 4322 3263 4398 dixi,nihil
3292 4326 3626 4407 ambigens.

1991 4411 2475 4494 Qualescunque,
2507 4411 2724 4494 inquit,
2771 4411 3127 4489 volueris,et
3168 4415 3629 4495 quomodocun-

1928 4521 2107 4600 une
2136 4503 2213 4564 de
2242 4521 2342 4600 me
2369 4503 2568 4567 scribe
2596 4503 3247 4600 litteras.‘Christianus
3271 4506 3434 4569 enim
3467 4527 3576 4588 ego
3613 4529 3628 4569 :

1992 4601 2050 4655 et
2080 4610 2287 4656 rursus
2315 4594 2528 4670 fateor,
2556 4613 2688 4658 sum
2720 4594 3119 4660 Christianus.

2067 4681 2627 4758 XlIl.Quamobrem
2651 4703 2786 4748 cum
2813 4685 2935 4747 dux
2957 4704 3126 4766 spem
3152 4685 3476 4768 abjecisset
3507 4708 3631 4750 om-

1991 4771 2326 4854 nium,quaa
2348 4782 2591 4856 possent
2622 4773 2786 4836 illum
2813 4774 3206 4855 persuadere,
3238 4776 3311 4839 ad
3341 4777 3457 4838 vim
3493 4795 3628 4838 rur-

1992 4880 2094 4925 sus
2113 4863 2749 4947 revertitur,juhetque
2771 4865 2938 4927 humi
2960 4872 3275 4929 extensum
3311 4875 3626 4948 martyrem

1991 4951 2194 5014 tandiu
2227 4952 2554 5029 verberari,
2584 4954 2778 5018 donec
2811 4955 3194 5036 proﬁteretur
3221 4957 3440 5032 facere,
3471 4956 3627 5038 quod

1983 5041 2422 5122 jubereturJHe
2447 5044 2823 5124 autemquod
2837 5044 3160 5125 jubebatur
3181 5046 3629 5128 quidem,a3quo

1989 5132 2187 5196 animo
2221 5139 2283 5196 et
2312 5132 2546 5197 lubenti
2598 5135 2863 5216 suscepit
2890 5155 2906 5212 ;
2938 5136 3315 5199 solummodo
3347 5137 3623 5199 lictorum

1990 5221 2288 5299 manibus,
2313 5231 2375 5286 ut
2397 5223 2472 5286 ab
2503 5224 2626 5288 illis
2657 5226 3106 5308 extenderetur,
3142 5228 3338 5290 teneri
3368 5246 3487 5289 non
3519 5247 3624 5291 su-

1983 5312 2190 5375 stinuit
2217 5333 2234 5374 :
2260 5313 2448 5377 Sinite
2467 5332 2587 5386 me,
2618 5314 2828 5378 dicens
2855 5336 2870 5376 :
2917 5334 3038 5378 non
3071 5335 3221 5398 opus
3252 5315 3446 5379 habeo
3475 5318 3620 5396 ullo,

1982 5402 2084 5484 qui
2105 5421 2200 5465 me
2223 5404 2603 5468 teneat.Nam
2617 5405 2732 5468 hoc
2754 5404 3107 5487 ipsum,pati
3130 5406 3362 5469 scilicet
3385 5417 3632 5490 propter

1983 5491 2696 5575 Christum,nequaquam
2723 5506 2814 5557 est
2828 5495 3316 5572 involuntarium,
3335 5497 3444 5560 sed
3464 5498 3623 5580 quod

1985 5601 2094 5664 ego
2126 5600 2248 5644 non
2283 5581 2504 5658 minus,
2524 5602 2702 5666 quam
2725 5602 2935 5674 aquam
2961 5587 3356 5666 aestate,sitio,
3384 5597 3442 5652 et
3463 5589 3621 5672 quod
