4006 6138
409 337 526 410 791

1702 346 1984 414 MENSIS
2024 332 2477 414 JANUARIUS.

3649 334 3757 401 792

414 483 622 562 magis.
659 505 836 567 quam
867 490 1019 551 ullas
1044 490 1373 568 voluptates
1415 493 1475 548 et
1503 485 1752 547 delicias
1780 485 2046 564 amplec-

2147 487 2216 540 ιαὶ
2265 486 2378 544 ἀντ’
2411 486 2582 554 ἂλλης
2639 489 2783 550 τινὸς
2829 485 3021 555 ἡδονῆς
3053 487 3087 550 ἢ
3133 484 3327 562 τρυφῆς
3387 479 3761 554 ἀσπαζόμενον.

414 577 532 633 tor.
567 574 717 638 Cum
749 595 892 649 ergo
951 597 1175 660 pronus
1233 577 1403 638 humi
1443 575 1785 643 cecidisset,
1835 582 1892 635 et
1922 574 2051 652 ipse

2139 577 2355 649 [πρηνὴς
2400 579 2574 637 τοίνυν
2649 578 2736 635 ἐπὶ
2797 585 2890 634 τοῦ
2947 575 3168 652 ἐδάφους
3237 572 3442 644 πεσὼν,
3489 571 3579 626 καὶ
3631 568 3769 633 οὗτος

414 662 678 741 seipsum
713 659 1372 735 sensim’extendisset,
1408 675 1522 726 tam
1569 663 1798 725 crebris
1842 672 1901 724 et
1930 671 2048 725 tam

2147 665 2321 721 ἑαυτὸν
2379 667 2553 744 ἠρέμα
2627 667 2912 741 διαιείνας,
2977 665 3075 720 ἶσα
3141 664 3228 720 καὶ
3269 662 3424 718 ὑετοῦ
3485 663 3642 738 φορᾷ,
3693 659 3768 714 καὶ

412 753 857 817 continentibus
906 756 1335 818 verberabatur
1385 755 1567 816 clava;
1598 753 1834 817 ictibus.
1872 771 2047 834 quam

2147 756 2271 810 ιετὰ
2325 761 2426 822 τῆς
2456 758 2616 824 οὗτῆς
2676 756 2979 835 συνεχείας,
3012 767 3133 816 τοῖς
3185 749 3446 829 ῥοπάλοις
3509 748 3765 803 ἐτύπτετο·

412 840 612 903 imber
640 845 900 906 deorsim
926 846 1084 908 cadit
1120 868 1133 909 :
1169 863 1307 909 cum
1340 843 1413 906 ab
1448 843 1708 905 inimicis
1739 844 1925 905 solam
1953 861 2046 923 pe-

415 930 609 992 tiisset
659 935 935 1013 gratiam,
969 943 1033 994 ut
1089 942 1339 998 exueret
1381 934 1789 994 venerandum
1851 951 2053 993 mona-

416 1021 663 1081 chorum
690 1023 1070 1096 nmictum,et
1101 1025 1277 1087 nudis
1306 1023 1727 1084 verberaretur
1746 1022 2046 1084 carnibus.

414 1107 499 1169 Ne
526 1116 597 1179 is,
632 1110 847 1190 inquit,
882 1134 998 1175 una
1023 1134 1155 1176 cum
1185 1115 1335 1176 meis
1368 1112 1654 1174 membris
1683 1112 1900 1191 probro
1933 1113 2052 1173 affi-

414 1197 623 1260 ciatur.
659 1202 756 1263 Sic
789 1203 890 1266 ilie
923 1223 1038 1265 non
1067 1204 1254 1265 solam
1310 1203 1441 1265 vitm
1472 1222 1542 1264 ex
1576 1204 1697 1265 Deo
1733 1202 2052 1263 institutio-

413 1306 575 1360 nem,
609 1291 711 1352 sed
747 1295 928 1354 etiam
988 1294 1124 1374 ejus
1169 1292 1342 1369 signa
1377 1292 1541 1354 omni
1578 1293 1807 1353 honore
1836 1291 2055 1354 afﬁcie-

415 1376 537 1439 bat.
589 1378 704 1440 Sed
738 1381 838 1442 ille
886 1382 1128 1463 quidem
1163 1382 1262 1441 diu
1308 1391 1424 1442 tam
1459 1380 1786 1442 crudeliter
1822 1391 2058 1463 torque-

415 1465 614 1542 batur,
667 1488 801 1531 cum
856 1491 966 1532 nec
1021 1472 1095 1532 ab
1148 1471 1273 1532 ullo
1304 1471 1549 1531 omnino
1581 1478 1906 1544 teneretur,
1946 1491 2055 1534 nec

415 1568 812 1634 premeretur,
846 1569 905 1621 et
937 1580 1055 1622 non
1088 1580 1151 1622 se
1172 1559 1497 1621 transferre
1523 1569 1623 1621 aut
1650 1560 1896 1622 omnino
1933 1581 2055 1623 mo-

414 1663 556 1708 vere
584 1649 1042 1728 prohiberetur:
1080 1650 1184 1712 sed
1215 1651 1345 1730 ipse
1379 1650 1645 1730 seipsum
1679 1650 1871 1712 valide
1899 1661 2050 1714 tene-

417 1745 531 1810 ret,
567 1738 1062 1815 etimmobiliter,
1097 1759 1216 1802 non
1250 1740 1302 1801 vi
1363 1758 1673 1814 manuum,
1710 1741 1814 1800 sed
1847 1743 2051 1818 animi,

2137 842 2309 917 μόνην
2371 846 2583 912 εκείνην
2652 845 2776 924 πορ’
2838 845 3047 924 ἐχθρῶν
3105 842 3268 921 χάριν
3336 837 3588 908 αἰτήσας,
3648 836 3771 892 ὥστε

2137 934 2197 989 τὸ
2254 932 2544 1009 σεϐάσμίον
2577 942 2683 992 τῶν
2736 941 2992 1014 μοναχῶν
3045 931 3354 989 ἐκδύσασθαι
3417 924 3768 1003 περιϐόλαιον,

2136 1025 2223 1079 καὶ
2253 1024 2421 1089 οὕτως
2454 1026 2546 1082 ἐπὶ
2577 1027 2793 1101 γυμνῶν
2831 1025 3106 1081 τύπτεσθαι
3137 1028 3244 1077 τῶν
3274 1025 3512 1096 σαρκῶν
3549 1015 3664 1074 Ἵνα
3691 1016 3771 1089 μὴ

2137 1114 2225 1168 καὶ
2267 1116 2420 1186 αὐτὸ,
2474 1117 2620 1194 φησὶ,
2669 1129 2787 1180 τοῖς
2835 1113 2990 1189 ἐμοῖς
3043 1108 3525 1189 συγκαθ·δ6ρίζηται
3577 1104 3770 1180 μέλεσι.

2138 1202 2315 1268 Οὕτως
2360 1208 2420 1263 οὗ
2481 1206 2656 1278 μόνην
2706 1205 2915 1267 ἐκεῖνος
2976 1203 3073 1270 τὴν
3115 1201 3253 1257 κατὰ
3295 1199 3430 1256 Θεὸν
3491 1197 3770 1273 πολιτείαν,

2136 1290 2273 1347 ἀλλὰ
2303 1295 2398 1349 καί
2428 1294 2558 1351 αύτὰ
2611 1296 2810 1360 ταύτης
2842 1294 2908 1354 τὰ
2951 1289 3193 1364 σάμϐολα
3223 1287 3308 1344 διὰ
3344 1291 3518 1360 τιμῆς
3573 1285 3769 1349 ἁπάσης

2137 1381 2312 1444 ἐτίθει,
2347 1382 2500 1440 Ἀλλ’
2541 1387 2571 1440 ὁ
2604 1386 2701 1456 μὲν
2729 1384 2895 1449 οὕτως
2929 1381 3171 1458 ἆνῃλεῶς
3201 1379 3286 1436 ἐπὶ
3319 1376 3493 1435 πολὺν
3527 1378 3618 1433 τὸν
3646 1375 3770 1453 χρά-

2137 1493 2226 1528 νον
2278 1473 2515 1553 ᾐκίζετο,
2549 1476 2609 1531 οὐ
2665 1474 3036 1552 κατεχόμενος
3087 1471 3189 1527 ὑπό
3245 1491 3337 1525 του
3384 1470 3450 1524 τὸ
3511 1466 3793 1543 παράπαν,-

2138 1563 2199 1618 ob
2255 1562 2590 1636 πιεζόμενος,
2640 1564 2700 1621 οὗ
2767 1563 3082 1642 μεταφέρειν
3127 1561 3314 1616 ἐαυτὸν
3373 1559 3411 1625 ἢ
3472 1567 3774 1633 παρακινεῖν

2137 1648 2277 1710 ὅλως
2335 1653 2664 1730 εἰργόμενος,
2720 1652 2844 1708 ἀλλ’
2898 1653 3052 1715 αὐτὸς
3111 1651 3298 1712 Eatuth
3352 1650 3612 1727 ἄσφαλῶς
3652 1666 3773 1701 κατ-

2140 1740 2287 1817 ἑγων
2343 1744 2430 1798 καὶ
2460 1741 2902 1820 ἀμετακιντίτως,
2941 1746 3001 1801 οὗ
3042 1741 3131 1818 βίᾴ
3187 1745 3413 1819 χειρῶν,
3450 1735 3594 1791 ἀλλὰ
3647 1735 3776 1810 γνώ-

419 1834 479 1887 et
510 1836 732 1889 natura:
759 1832 1175 1892 necessitatem
1225 1829 1472 1891 vincens
1503 1829 1856 1891 necessitate
1883 1831 2057 1895 liberi

2147 1851 2251 1903 μτις
2311 1830 2404 1886 καί
2456 1832 2661 1908 φύσεως
2733 1833 2972 1910 ἆιάγκας
3031 1831 3240 1908 ἀνάγκῃ
3311 1831 3478 1882 νικῶν
3537 1822 3776 1902 προαιρέ-

422 1914 675 1988 arbitrii,
718 1927 778 1978 et
829 1938 1000 1981 acres
1050 1920 1322 1998 corporis
1372 1917 1612 1980 dolores
1657 1920 1779 1982 acri
1812 1921 2058 1984 vincens

420 2002 523 2065 Dei
555 2005 884 2081 desiderio,
934 2019 990 2071 et
1045 2017 1374 2090 praesentes
1403 2009 1707 2070 molestias
1740 2012 2059 2074 consolans

420 2111 526 2172 spe
549 2095 903 2160 futurorum.

498 2183 654 2246 XIV.
691 2185 833 2248 Cum
867 2192 1153 2251 adversus
1206 2190 1332 2250 haec
1381 2188 1596 2249 stultus
1627 2188 1728 2250 ille
1758 2190 1874 2251 dux
1910 2191 2057 2252 nihil

418 2273 746 2350 sapientius
766 2288 962 2356 posset
983 2278 1507 2360 excogitare,quod
1531 2287 1706 2340 tantm
1728 2279 2059 2342 fortitudini

425 2376 758 2443 opponeret
791 2378 847 2428 et
874 2363 1224 2436 tolerantiae,
1259 2367 1312 2430 ei
1345 2387 1552 2430 rursus
1581 2387 1821 2450 quoque
1856 2389 2055 2448 regem

420 2451 754 2515 intentabat
785 2465 843 2516 et
899 2457 1168 2537 rogabat,
1222 2466 1284 2519 ut
1315 2457 1782 2539 persuaderetur
1805 2459 2052 2522 athleta.

425 2543 571 2606 Nam
599 2545 674 2605 de
697 2547 997 2629 te,inquit,
1020 2548 1134 2626 ipsi
1157 2548 1282 2627 regi
1307 2548 1676 2625 signiﬁcabo:
1709 2550 1958 2628 perinde
1988 2571 2056 2613 ac

423 2637 468 2692 si
494 2633 594 2692 uni
618 2653 803 2711 puero
828 2647 958 2698 utre
986 2646 1272 2698 terrorem
1301 2637 1565 2710 aﬁ‘erret,
1596 2647 1656 2698 ut
1687 2639 1928 2702 dicitur.
1957 2640 2060 2702 llle

424 2731 622 2782 autem
654 2728 887 2795 eadem,
915 2745 1048 2807 qua;
1080 2729 1267 2806 prius,
1298 2726 1632 2806 respondit,
1665 2738 1721 2788 et
1747 2730 1902 2808 quod
1935 2730 2065 2810 ejus

422 2811 620 2872 animo
649 2813 1118 2894 placeret,jussit
1149 2815 1671 2888 facere.Quocirca
1705 2816 1806 2878 ille
1829 2837 2063 2899 quoque

425 2918 634 2961 rursus
665 2904 906 2982 rogabat
936 2906 1237 2969 similiter.
1276 2907 1504 2970 Deinde
1529 2907 1740 2968 dicens
1776 2907 1943 2970 :Non
1983 2909 2061 2970 ti-

429 3008 555 3050 mes
586 2992 840 3070 regem?
900 2995 1088 3068 Quam
1142 2995 1218 3056 ob
1276 3015 1427 3069 rem,
1491 2997 1682 3075 inquit
1734 3006 1974 3079 martyr,
2010 3008 2066 3060 et

428 3079 566 3159 quid
599 3082 892 3160 ejusmodi
926 3103 1054 3145 sum
1089 3085 1162 3146 ab
1193 3103 1266 3147 eo
1319 3093 1648 3164 passurus?
1697 3087 1934 3162 Annon,
1971 3094 2064 3149 in-

428 3171 574 3266 quit,
610 3169 739 3250 ipse
768 3191 1009 3254 quoque
1033 3176 1212 3236 homo
1265 3185 1374 3248 est,
1412 3175 1471 3236 in
1511 3193 1686 3257 quem
1721 3176 1876 3238 idem
1908 3178 2065 3239 inte-
2088 3217 2127 3266 ο

425 3258 577 3320 ritus
612 3261 770 3321 cadit
803 3269 861 3323 et
894 3282 1055 3325 mors
1113 3265 1321 3327 eadem
1345 3272 1372 3328 ‘I
1433 3266 1763 3338 Quemnam
1799 3284 1940 3346 ergo
1975 3287 2069 3329 me

425 3359 660 3427 oportet
688 3354 870 3431 magis
894 3355 1126 3428 timere,
1155 3375 1378 3418 eumne
1403 3354 1505 3437 qui
1537 3374 1722 3434 teque:
1752 3366 1931 3436 atque
1963 3375 2069 3436 ego

427 3437 657 3512 interit,
683 3460 755 3502 an
789 3462 952 3517 eum,
991 3446 1089 3522 qui
1121 3464 1362 3525 semper
1392 3456 1504 3519 est,
1542 3452 1601 3505 et
1626 3443 1728 3523 qui
1760 3446 1976 3507 uelum
2011 3455 2069 3507 et

427 3534 672 3601 terram,
708 3540 766 3590 et
819 3551 1186 3616 qumcunque
1237 3535 1348 3595 sub
1395 3544 1704 3615 aSpectuin
1738 3533 1957 3596 cadunt
2011 3538 2068 3596 et

428 3617 839 3696 percipiuntur
870 3622 1284 3702 intelligentia,
1316 3623 1388 3686 ad
1424 3625 1537 3686 hoc
1566 3637 1622 3686 ut
1662 3632 1886 3698 essent,
1923 3643 2066 3703 pro-

427 3705 644 3768 duxit?
690 3708 834 3771 Cum
894 3731 1035 3789 ergo
1086 3714 1332 3775 vidisset
1387 3713 1505 3775 dux
1555 3731 1764 3775 rursus
1795 3714 2065 3776 inutilem

427 3793 613 3855 fuisse
642 3813 814 3858 suum
843 3809 1146 3874 conatum,
1179 3822 1314 3863 cum
1347 3802 1406 3862 in
1439 3804 1772 3864 constantia
1805 3823 1910 3882 pro
1943 3804 2068 3883 pie-

429 3892 548 3942 tate
583 3885 726 3944 nulli
788 3887 1028 3949 cederet
1086 3890 1454 3962 Anastasius,
1509 3910 1718 3953 rursus
1777 3893 2061 3954 athletam

429 3973 775 4036 transmittit
805 3977 860 4036 in
893 3980 1249 4041 custodiam.
1299 3979 1611 4053 Quomodo
1671 3989 1865 4042 autem
1917 3984 2068 4044 solet

429 4061 584 4140 quis,
620 4065 774 4144 quod
815 4067 956 4143 vult,
1014 4067 1188 4129 facile
1240 4078 1618 4150 exspectare,
1677 4081 1812 4150 post
1841 4071 2068 4150 aliquot

429 4151 559 4212 dies
589 4171 795 4214 rursus
823 4166 1092 4218 sanctum
1120 4159 1324 4221 educit
1357 4178 1390 4221 e
1424 4176 1686 4230 carcere,
1720 4160 1917 4221 adhuc
1951 4162 2064 4222 ali-

429 4259 541 4330 qua
568 4243 620 4304 ei
653 4263 758 4318 spe
787 4244 1132 4310 blandiente
1164 4271 1174 4305 :
1205 4247 1273 4311 Et
1306 4251 1592 4329 acceptis,
1631 4249 1841 4330 inquit,
1877 4251 2067 4328 magi-

428 4328 514 4390 cis
537 4333 828 4404 sacriﬁca,
865 4353 938 4396 ne
970 4347 1026 4398 te
1054 4337 1235 4399 stulte
1269 4338 1380 4398 hac
1421 4328 1556 4398 luce
1587 4328 1805 4419 prives.
1855 4338 2072 4420 Martyr

426 4429 662 4481 autem:
699 4421 946 4497 Quibus,
981 4425 1198 4502 inquit,
1226 4446 1319 4488 me
1343 4425 1524 4507 jubes
1553 4425 1670 4487 diis
1698 4428 2070 4492 sacriﬁcare?

435 4507 539 4569 Ille
572 4527 759 4574 vero:
822 4513 971 4591 lgni,
1028 4514 1244 4593 inquit,
1305 4529 1364 4578 et
1415 4513 1554 4596 soli,
1615 4525 1673 4577 et
1704 4516 1879 4578 lunae.
1915 4517 2068 4594 Ergo

433 4600 608 4657 etiam
665 4581 990 4677 montibus,
1054 4581 1249 4686 inquit
1313 4581 1554 4686 martyr;
1613 4614 1670 4667 et
1699 4581 2134 4681 collibus,'etD

431 4687 839 4770 pecoribus,et
860 4693 1022 4755 omni
1054 4696 1324 4757 servituti
1353 4695 1916 4773 hominum,quibus
1945 4697 2063 4757 im-

441 4799 494 4858 ιν
516 4797 648 4838 rare
680 4780 826 4859 jussi
859 4801 1066 4846 sumus
1091 4784 1165 4845 ab
1189 4785 1440 4860 Opiﬁce,
1468 4803 1584 4846 non
1617 4791 1816 4845 autem
1850 4786 1937 4846 eis
1969 4805 2067 4866 po-

437 4869 553 4930 tius
584 4887 818 4948 parere,
852 4879 916 4933 ut
949 4893 1050 4936 vos
1102 4874 1298 4948 vultis,
1335 4894 1452 4936 non
1497 4882 1778 4954 tanquam
1826 4885 2069 4955 propter

434 4979 541 5019 nos
572 4960 739 5022 factis
771 4969 1025 5032 utentes,
1063 4964 1166 5026 sed
1209 4963 1460 5045 perinde
1508 4983 1576 5026 ac
1605 4965 1657 5024 si
1689 4981 1795 5025 nos
1826 4978 2070 5044 propter

437 5067 506 5109 ea
539 5050 812 5126 producti
853 5071 1146 5127 essemus,
1182 5055 1264 5116 ita
1318 5072 1386 5115 ea
1412 5053 1800 5134 honorantes,
1833 5063 1890 5116 et
1923 5055 2070 5116 deos

432 5141 686 5217 turpiter
715 5142 1118 5206 nominantes.
1153 5147 1300 5206 Cum
1334 5144 1430 5206 his
1463 5143 1662 5205 verbis
1698 5155 1917 5227 martyr
1947 5148 2064 5208 du-

433 5247 561 5289 cem
596 5230 1119 5312 obstupefecnsset,
1154 5253 1364 5296 rursus
1392 5232 1686 5296 abductus
1723 5244 1814 5296 est
1842 5243 1899 5296 in
1929 5254 2065 5296 car-

432 5337 630 5379 cerem
663 5320 774 5381 hoc
806 5331 1112 5400 praatextu,
1149 5324 1319 5406 quasi
1352 5326 1583 5385 deesset
1619 5323 1776 5405 quod
1809 5342 2065 5402 respon-

431 5407 621 5479 deret,
657 5411 970 5472 damnatus
995 5414 1066 5474 ad
1089 5433 1419 5477 carcerein.
1449 5414 1762 5475 Abductus
1793 5421 2065 5495 estergo,

433 5502 492 5554 et
519 5497 738 5557 decore
769 5501 1164 5566 confessionis
1192 5504 1485 5584 glorians,
1518 5513 1577 5563 et
1605 5501 1854 5564 vinculis
1892 5520 2066 5583 prop-

430 5592 521 5644 ter
547 5586 879 5647 Christum.

503 5670 786 5734 XV.Cum
805 5682 1002 5737 autem
1027 5678 1101 5739 de
1123 5696 1191 5742 eo
1219 5680 1752 5763 rescivissetis,cui
1775 5679 1834 5741 in
1861 5697 2061 5744 mona-

2143 1939 2302 1989 σεως,
2338 1921 2424 1976 καὶ
2480 1923 2729 1994 σώματος
2761 1919 2997 2000 δριμείας
3055 1918 3239 1979 ὀδύνας
3277 1916 3612 1994 δριμυτέροις
3659 1913 3772 1989 πρὸς

2143 2010 2274 2064 Θεὸν
2303 2010 2484 2075 πόθοις
2527 2011 2846 2090 ἀναψύχων,
2883 2012 2970 2067 καὶ
3023 2011 3088 2066 τὰ
3121 2010 3358 2082 παρόντα
3403 2005 3620 2082 λυπηρὰ
3669 2014 3775 2065 ταῖς

2142 2104 2248 2154 τῶν
2279 2099 2588 2170 μελλόντων
2618 2101 2792 2158 ἐλπίσι
2825 2101 3320 2178 παραμυθούμενος.
3727 2097 3735 2104 ’

2226 2187 2337 2246 ['3'-
2394 2193 2530 2252 Πρὸς
2563 2201 2727 2250 ταῦτα
2758 2193 2786 2247 ὁ
2816 2191 3042 2255 ἀνόητος
3101 2190 3317 2264 ἡγεμὼν
3350 2187 3568 2248 ἐκεῖνος
3613 2205 3776 2259 σοφω-

2141 2276 2295 2346 τέραν
2343 2283 2437 2338 οὐκ
2467 2285 2560 2340 οὐκ
2591 2281 2738 2360 ἔχων
2767 2279 3001 2337 ἐπίνοιαν
3047 2281 3278 2354 τοσαύτῃ
3309 2276 3612 2333 ἂντιθεῖκαι
3639 2272 3774 2349 ῥώμῃ

2143 2369 2226 2423 καὶ
2273 2371 2541 2447 καρτερίᾳ,
2604 2373 2694 2426 τὸν
2755 2369 2978 2446 βασιλέα
3035 2382 3122 2425 καί
3176 2369 3335 2426 πάλιν
3397 2366 3770 2438 ἐπανετείνετο,

2139 2459 2224 2513 καὶ
2275 2463 2552 2524 πεισθῆναι
2609 2460 2754 2526 ἠξίου
2799 2462 2888 2516 τὸν
2931 2459 3193 2528 ἀθλητήν,
3259 2459 3416 2516 Ἐπεί
3479 2459 3570 2513 καὶ
3623 2455 3770 2526 αὐτῶ,

2143 2548 2303 2623 φησί,
2338 2548 2553 2624 βασιλεῖ
2600 2549 2736 2616 δῆλα
2762 2551 2828 2606 τὰ
2860 2551 2978 2627 περὶ
3011 2557 3104 2606 σοῦ
3131 2550 3391 2622 θήσομαι·
3452 2547 3683 2621 καθάπερ
3708 2535 3772 2599 ἐνὶ

2145 2639 2250 2692 τῶν
2293 2638 2494 2694 παίδων
2525 2640 2699 2718 ἀσκῷ,
2733 2642 2794 2696 τὸ
2825 2648 2919 2698 τοῦ
2947 2639 3133 2716 λόγου,
3167 2636 3692 2715 μορμολυττόμενος.
3720 2637 3769 2690 (Ο

2146 2724 2199 2781 δὲ
2258 2729 2324 2784 τὰ
2377 2728 2472 2783 ἴσα
2516 2743 2634 2791 τοῖς
2686 2726 3010 2806 προλαϐοῦσι
3042 2730 3129 2785 καὶ
3187 2736 3275 2784 νῦν
3325 2726 3666 2802 ἁπεκρίνατο,
3695 2725 3768 2779 καὶ

2149 2829 2334 2872 ποιεῖν
2382 2817 2512 2890 ὅπερ
2542 2818 2604 2873 ἂν
2665 2819 2809 2890 αὒτῷ
2837 2820 2974 2875 κατὰ
3029 2817 3255 2895 γνώμην
3297 2816 3610 2892 ἐπέτρεπεν.
3667 2809 3763 2890 Ἐρ’

2147 2910 2230 2966 οἷς
2290 2908 2354 2965 τὰ
2384 2907 2545 2982 ὅμοια
2599 2909 2688 2965 καὶ
2737 2908 2897 2964 πάλιν
2952 2909 3159 2970 ἐκεῖνος
3219 2907 3505 2984 ἐπηρώτα,
3541 2903 3686 2971 Εἶτα,
3716 2904 3764 2958 οὗ

2147 2994 2410 3069 δέδοικας,
2446 2995 2641 3075 λέγων,
2675 3000 2764 3054 τὸν
2795 2997 3020 3074 βασιλέα
3058 3019 3074 3069 ;
3109 2999 3276 3068 Διατί,
3313 2997 3478 3063 φησὶν
3510 2993 3538 3050 ὃ
3569 2993 3756 3088 μέρτυς,

2149 3089 2236 3142 καὶ
2269 3088 2316 3142 τί
2344 3097 2584 3146 τοιοῦτον
2634 3087 2846 3161 μέλλων
2872 3086 2998 3160 παρ’
3043 3087 3202 3144 αὖτοῦ
3229 3089 3510 3144 πείσεσθαι
3543 3105 3559 3154 ;
3602 3079 3646 3144 Ἠ
3679 3079 3760 3154 γὰρ

2153 3178 2274 3256 οὐχὶ
2328 3179 2415 3232 καὶ
2447 3178 2601 3240 αὐτὸς
2635 3179 2906 3255 ἄνθρωπός
2967 3175 3104 3250 ἐστι,
3137 3178 3236 3242 τὴν
3278 3177 3449 3243 ain-hy
3479 3177 3613 3249 ἡμῖν
3657 3172 3762 3248 φθο.

2151 3269 2246 3339 ρὰν
2295 3269 2381 3324 καὶ
2413 3268 2505 3323 τὸν
2557 3267 2676 3323 ἴσον
2719 3268 2944 3325 θάνατον
2987 3267 3384 3346 ὑφιστάμενος;
3448 3266 3570 3324 Τίνα
3597 3261 3678 3317 οὖν
3711 3276 3767 3331 με

2151 3354 2235 3412 δεῖ
2291 3354 2498 3432 μᾶλλον
2528 3353 2830 3436 φοϐεῖσθαι,
2867 3359 2958 3413 τὸν
3009 3357 3206 3430 ὁμοίως
3258 3354 3376 3429 ἐμοὶ
3421 3353 3766 3434 φθειρόμενον,

2150 3447 2185 3514 ἢ
2229 3448 2318 3502 τὸν
2374 3446 2476 3527 ἀεὶ,
2532 3447 2620 3503 καί
2675 3447 2862 3510 αὖτοὺς
2935 3449 3103 3520 ἡμᾶς,
3149 3448 3236 3502 καὶ
3307 3446 3527 3516 οὐρανὸν
3580 3439 3631 3496 δὲ’
3694 3436 3767 3492 καὶ

2151 3541 2276 3615 γῆν,
2314 3539 2401 3593 καὶ
2431 3537 2601 3593 πάντα
2633 3539 2808 3614 ὁραπὰ
2842 3538 2929 3594 καὶ
2972 3537 3231 3611 νοούμενα
3273 3537 3345 3600 εἰς
3377 3538 3440 3592 τὸ
3478 3533 3616 3589 εἶναι
3643 3546 3765 3624 παρτ

2152 3628 2423 3704 αγαγόντα
2461 3647 2476 3697 ;
2530 3624 2690 3690 Εἰδὼς
2743 3638 2916 3684 τοίνυν
2944 3629 2972 3684 ὁ
3015 3627 3257 3703 ἡγεμὼν,
3293 3627 3364 3688 ὡς
3424 3624 3644 3692 ἀνήνυτα
3691 3636 3764 3671 καί

2150 3715 2293 3777 αὖθις
2350 3716 2493 3790 αὐτῷ
2535 3716 2600 3772 τὰ
2641 3716 2736 3784 τῆς
2794 3717 3186 3795 ἐγχειρήσεως,
3219 3713 3386 3775 οὕτως
3445 3706 3762 3795 Ἀναστασίου

2150 3802 2336 3879 μηδενὶ
2389 3805 2488 3871 τὴν
2539 3804 2804 3869 εύσεϐείας
2864 3794 3106 3861 ἔνστασιν
3149 3804 3420 3884 εἴκοντος,
3447 3809 3521 3874 τῷ
3564 3794 3763 3884 φρουρίῳ

2150 3896 2235 3950 καὶ
2291 3893 2452 3950 πάλιν
2489 3895 2835 3972 παραπέμπει
2867 3896 2956 3950 τὸν
2999 3893 3239 3964 ἀθλητήν
3310 3882 3421 3952 Οἷα
3449 3891 3501 3949 δὲ
3555 3882 3760 3984 gilanti

2147 3985 2394 4059 βούλεταί
2441 4006 2544 4064 τις,
2584 3991 2734 4041 τοῦτο
2779 3982 2968 4061 ῥᾳδίως
2997 3986 3085 4041 καὶ
3137 3982 3462 4063 προσδοκᾷν,
3506 3979 3614 4056 ἄγει
3644 3979 3760 4050 μετά

2146 4096 2294 4137 τινας
2341 4074 2542 4150 ἡμέρας
2576 4076 2666 4130 τὸν
2712 4072 2862 4151 ἅγιον
2921 4074 3028 4131 ἀπὸ
3084 4085 3176 4134 του
3231 4075 3495 4153 φρουρίου,
3528 4070 3599 4125 ἔτι
3637 4064 3756 4153 τινὸς

2149 4165 2302 4222 αὐτὸν
2358 4161 2565 4228 ἐλπίδος
2622 4164 3040 4238 ὕποσαινούσης,
3103 4166 3212 4237 καὶ,
3273 4162 3484 4236 Λαϐὼν,
3517 4157 3655 4239 φησὶν
3702 4171 3756 4206 τα

2153 4252 2380 4331 μαγικὰ,
2440 4256 2619 4322 θῦσον,
2666 4253 2743 4323 μὴ
2809 4255 2895 4308 καὶ
2949 4250 3101 4312 τοῦδε
3149 4260 3242 4310 τοῦ
3284 4254 3462 4333 φωτὸς
3519 4250 3572 4304 σὲ
3621 4243 3753 4302 αὐτὸν

2152 4343 2394 4411 ἆονήτως
2469 4342 2873 4420 ἀποστερήσῃς.
2939 4344 3036 4400 Καὶ
3092 4346 3120 4399 ὁ
3191 4342 3416 4417 μάρτυς,
3479 4341 3636 4400 [loica
3694 4351 3749 4393 με

2152 4431 2412 4512 κελεύεις,
2441 4431 2567 4512 ἔφη,
2599 4436 2789 4495 θῦσαῖς
2831 4435 3023 4512 θεοῖς,
3083 4423 3141 4490 “Ο
3185 4430 3264 4488 δέ·
3311 4435 3439 4511 [lupi
3493 4430 3570 4485 καὶ
3616 4422 3738 4492 ἡλίῳ.

2153 4521 2238 4576 καὶ
2295 4519 2518 4597 σελήνῃ,
2557 4522 2642 4578 καὶ
2690 4521 2867 4595 ἵππῳ,
2905 4522 3106 4579 Ούκοῦν
3160 4520 3251 4576 καί
3303 4519 3528 4600 ὅρεσι,ὂ
3574 4513 3736 4600 μέρτξδξ

2152 4611 2301 4684 εἷπε,
2335 4613 2422 4666 καὶ
2451 4611 2694 4690 βουνοῖς,
2725 4613 2810 4667 καὶ
2869 4612 3118 4689 κτήνεσι,
3151 4613 3240 4667 καὶ
3271 4633 3417 4689 πασῃ
3448 4616 3544 4667 τῶν
3567 4597 3730 4702 ἀνθὲιῖξ

2151 4722 2266 4755 πων
2297 4698 2526 4779 δουλείᾳ,
2559 4701 2634 4756 ὧν
2663 4687 2851 4779 ἐίρχειν
2880 4701 2980 4756 ὑπὸ
3012 4687 3113 4757 τοῦή
3139 4687 3478 4780 Δημιουργοῠ
3505 4687 3737 4780 κεκέλ]ξῦ·

2151 4788 2360 4870 σμ]εθα,
2423 4791 2516 4845 οὐκ
2581 4789 2841 4870 ἄρχεσθαι
2897 4789 3124 4864 μᾶλλον,
3171 4791 3246 4854 ὠς
3302 4779 3448 4848 abaci
3505 4779 3735 4864 βούλεσθε.

2149 4879 2387 4947 καθάπερ
2432 4880 2490 4936 οὗ
2563 4879 2631 4934 δι’
2701 4882 2845 4954 ἡμᾶς
2903 4880 3180 4957 γεγονόσιν
3253 4880 3435 4944 αὐτοῖς
3488 4873 3736 4956 χρώμενον

2150 4965 2270 5022 ἆϐλ⁹
2303 4967 2484 5043 ὥσπερ
2516 4967 2576 5024 ἂν
2609 4971 2652 5024 εἰ
2699 4967 2780 5024 διὰ
2810 4975 2975 5026 ταῦτα
3007 4967 3210 5044 μᾶλλον
3239 4971 3394 5044 ὑμεῖς
3442 4962 3735 5062 παράχθτιτξτ

2149 5057 2285 5113 οὕτω
2315 5056 2411 5113 καί
2454 5065 2712 5131 τιμῶντες
2771 5059 2902 5114 αὖτὰ
2955 5060 3048 5115 καί
3092 5059 3239 5115 θεοὺς
3301 5059 3525 5136 ἀγεννῶς
3571 5053 3737 5119 ὀνομά-

2148 5153 2351 5217 ζοντες.
2400 5150 2618 5209 Τούτοις
2678 5151 2705 5204 ὁ
2763 5148 2961 5223 μάρτυς
3026 5147 3372 5218 καταπλήξας
3419 5159 3523 5210 τοῖς
3571 5139 3734 5229 ῥήμαὲι

2149 5238 2242 5291 τὸν
2284 5238 2550 5313 ἡγεμόνα,
2583 5238 2678 5306 τήν
2730 5239 2804 5300 εἰς
2837 5240 2898 5294 τὸ
2929 5238 3176 5316 φρούριου
3207 5241 3290 5294 καὶ
3347 5239 3486 5300 αὖθις
3513 5229 3732 5301 ἀπήγετο,

2150 5329 2419 5406 ωρόιρασιν
2478 5332 2577 5393 τῆς
2636 5329 2768 5404 πρὸς
2811 5329 2872 5383 τὸ
2927 5328 3201 5384 ἀντειπεῖν
3261 5328 3476 5406 ἀπορίας
3520 5333 3733 5414 κατακκρι-

2150 5419 2253 5477 θεὶς
2285 5417 2384 5482 τὴν
2439 5418 2690 5496 φρουράν.
2755 5417 3023 5496 Ἀπάγειο
3081 5417 3193 5494 οὖν,
3226 5422 3306 5490 τῷ
3352 5439 3406 5473 τε
3435 5421 3522 5482 τῆς
3566 5411 3734 5505 ὁμολξσ

2149 5507 2266 5583 γίας
2311 5507 2499 5581 κόσμῳ
2527 5509 2614 5564 καὶ
2656 5519 2774 5572 τοῖς
2817 5507 2947 5586 ὑπὲρ
3005 5515 3234 5588 Χριστοῦ
3263 5506 3478 5583 δεσμοῖς
3515 5510 3730 5572 σεμνυνο-

2147 5616 2328 5670 μενος,
3547 5679 3550 5680 ν
3678 5671 3698 5680 -

2226 5683 2311 5744 ΙΕ¹
2326 5729 2337 5746 .
2376 5686 2566 5743 Μαθὼν
2595 5685 2649 5744 δὲ
2700 5687 2764 5744 τὰ
2797 5689 2916 5746 κατ’
2943 5687 3103 5746 αὺτὸν
3143 5689 3166 5746 ὃ
3199 5687 3297 5760 τὴν
3327 5679 3604 5748 ἐπιστασίαν
3647 5679 3723 5729 της
