4006 6138
189 363 321 432 797
340 364 346 370 ’

1384 365 1573 431 νΙΤΑ
1616 364 1675 429 S.
1726 360 2135 430 ANASTASII
2178 366 2463 432 PERSE.

3499 370 3611 439 798

191 499 442 578 δύναμιν
476 544 479 547 -
510 501 614 563 καὶ
640 503 703 562 es
742 501 936 583 μίτρον
966 510 1062 563 τοῦ
1114 500 1443 579 ὂξιώματος,
1472 501 1565 561 ὑπ’
1611 504 1734 580 ὄψιν
1793 502 1876 561 τδν

1969 497 2109 563 dum
2138 500 2471 584 dignitatis,
2494 520 2631 567 cum
2665 501 2904 568 beatum
2933 502 2997 567 in
3017 503 3195 567 siium
3219 513 3608 587 conspectum

191 612 497 669 μακαριον
558 594 806 674 ἀγαγὼν,
868 592 1003 653 Ἰδοὺ
1060 592 1484 673 προστέταγμαι,
1544 594 1728 672 φησὶν,
1786 593 1887 651 ὕπὸ

189 680 443 759 δεσμοῖς
499 706 573 742 σε
629 682 875 763 σιδηροῖς
920 686 996 747 εἰς
1053 682 1275 763 Περσίδα
1319 690 1395 759 τῷ
1436 682 1652 760 βασιλεῖ
1711 703 1887 763 παρα-

188 771 464 849 πέμψαι.
540 774 641 834 Καὶ
698 776 727 831 ὁ
769 777 991 854 μάρτυς,
1042 773 1210 855 Ἐγὼ,
1272 774 1460 854 φησὶν,
1510 775 1555 829 εί
1612 772 1755 852 παρὰ
1798 776 1891 829 σοῦ

190 860 618 943 ἱπιτραπείην,
678 865 766 921 καὶ
835 861 1019 929 ἄδετος
1093 862 1155 921 ἂν
1222 863 1403 923 ἐκεῖσε
1461 863 1888 942 παραγενοίμην

191 952 282 1017 τίς
349 952 470 1030 γὰρ
508 950 605 1010 in’
660 951 782 1029 ὶμοὶ
812 954 972 1034 χρεία
1003 952 1240 1030 δεσμῶν,
1290 953 1438 1032 ᾧπερ
1467 951 1632 1023 ἡδονή
1664 951 1776 1010 ἔστι
1832 952 1894 1008 τὸ

198 1040 292 1097 διὰ
326 1043 590 1120 Χριστὸν
618 1046 836 1112 παθεῖν,
866 1041 954 1123 ἐφ’
979 1042 1025 1118 ᾧ
1054 1041 1262 1111 δηλαδὴ
1290 1044 1379 1100 καὶ
1409 1040 1695 1118 πέμπομαι
1722 1060 1741 1122 ς
1788 1039 1893 1100 Οὖ-

195 1150 312 1196 τως
369 1133 477 1188 οὖν
511 1132 679 1190 αὐτὸν
741 1134 770 1189 ὁ
822 1130 1076 1201 δικαστὴς
1119 1130 1243 1190 ἰδὼν
1286 1133 1373 1189 καὶ
1429 1132 1496 1189 τὰ
1525 1138 1613 1189 νῦν
1668 1130 1891 1212 ἔχοντα,

199 1220 296 1277 καὶ
360 1222 530 1296 μήτε
560 1219 817 1286 ἀπειλαῖς
877 1220 1119 1298 εἴκοντα,
1154 1222 1296 1297 μήτε
1339 1221 1592 1284 θωπείαις
1635 1218 1891 1293 δελεαζό-

195 1329 403 1386 μενον,
442 1309 742 1371 ἀνάλωτον
799 1310 1079 1377 παντελῶς
1136 1312 1224 1369 καὶ
1280 1310 1571 1386 ἆῆττητον,
1623 1308 1891 1393 σφραγῖδα

193 1421 257 1457 τε
324 1402 495 1475 αὐτῷ
527 1404 621 1459 καί
675 1422 783 1459 τισι
839 1400 959 1459 δυσὶ
1008 1404 1113 1460 τῶν
1168 1399 1399 1458 εὐσεϐῶν
1452 1401 1651 1481 ἑτέροις
1696 1397 1890 1459 ἔπιόα-

195 1486 344 1569 λῶν,
396 1488 653 1566 δημοσίᾳ
707 1489 921 1571 φυλακῇ
966 1488 1343 1570 παραδίδωσιν,
1392 1490 1490 1549 οἷα
1551 1491 1690 1567 μετᾶ
1742 1488 1891 1565 πέμ-

198 1600 355 1648 πτην
403 1581 637 1658 ἡμέραν
689 1580 908 1660 πορείας
954 1579 1146 1657 ἄψεθαι
1205 1579 1527 1657 μέλλοντας.
1575 1579 1781 1646 Μεταξὺ
1835 1576 1890 1635 δί

196 1673 306 1736 τῆς
374 1667 690 1744 σεϐασμίας
745 1669 937 1738 ἕοοτῆς
994 1667 1402 1737 καταλαϐούσης
1453 1674 1551 1738 τῆς
1594 1677 1691 1728 τοῦ
1744 1677 1889 1741 ζωο-

200 1764 403 1839 ποιοῠ,
437 1759 613 1839 φημὶ,
650 1758 806 1826 ξύλου
848 1768 942 1821 τοῦ
971 1765 1196 1838 σταυροῦ
1232 1760 1610 1835 Ἀνυψώσεως,
1643 1758 1802 1825 αὐτός
1830 1778 1889 1816 τε

1970 592 2315 656 adduxisset
2347 615 2361 656 :
2398 596 2556 658 Ecce
2579 594 2784 675 jussus
2811 614 2968 672 sum,
3004 595 3220 678 inquit,
3278 595 3340 658 in
3396 596 3615 660 ferreis

1969 683 2226 747 vinculis
2268 692 2328 746 te
2379 685 2438 746 in
2491 684 2801 748 Persidem
2836 690 3246 749 transmittere
3275 685 3349 749 ad
3380 706 3608 766 regem.

1971 771 2190 855 Martyr
2211 781 2408 838 autem
2438 774 2900 857 :Ego,inquit,si
2922 776 3067 838 mihi
3088 794 3120 839 a
3146 784 3202 838 te
3224 777 3612 859 permittere-

1977 868 2095 939 tur,
2122 864 2300 925 etiam
2330 863 2558 946 absque
2603 864 2739 926 ulli
2768 865 3024 930 vinculis
3053 864 3198 928 illuc
3226 866 3610 931 accederem.

1975 949 2129 1025 Quid
2156 954 2314 1014 enim
2347 952 2409 1014 in
2440 971 2536 1014 me
2565 972 2715 1035 opus
2746 960 2836 1015 est
2893 954 3171 1029 vinculis,
3205 957 3306 1037 qui
3338 955 3617 1020 lubenter

1975 1041 2169 1123 patior
2196 1050 2443 1124 propter
2470 1042 2874 1121 Cbristum,ad
2892 1063 3070 1127 quem
3106 1045 3337 1108 scilicet
3366 1046 3614 1108 mittor?

1977 1130 2123 1193 Cum
2158 1150 2293 1193 eum
2326 1150 2469 1213 ergo
2494 1140 2639 1197 tunc
2668 1152 2913 1212 quoque
2930 1134 3113 1214 judex
3137 1136 3222 1198 sic
3249 1135 3491 1198 vidisset
3515 1137 3611 1198 af-

1973 1218 2191 1307 fectum
2218 1229 2277 1283 et
2292 1240 2485 1304 neque
2508 1224 2686 1287 minis
2708 1222 3255 1307 cedentem,neque
3275 1226 3610 1289 inescatum

1974 1306 2608 1397 blanditiis,planeque
2637 1313 3112 1395 insuperabilem
3146 1306 3206 1378 et
3235 1316 3611 1397 ineXpugna-

1973 1395 2181 1474 bilem,
2215 1420 2348 1463 cum
2370 1402 2425 1464 ei
2449 1413 2505 1463 et
2526 1402 2763 1464 duobus
2791 1403 2926 1464 aliis
2955 1424 3024 1468 ex
3054 1404 3167 1484 piis
3196 1395 3502 1486 injecisset
3522 1406 3609 1467 si-

1972 1491 2508 1567 gnaculum,tradit
2523 1492 2582 1553 in
2603 1511 2910 1554 carcerem
2936 1493 3342 1574 publicum,ut
3360 1495 3459 1575 qui
3481 1503 3613 1576 post

1972 1580 2244 1660 quintum
2277 1581 2438 1644 diem
2470 1583 2586 1644 iter
2606 1594 2813 1645 essent
2837 1583 3223 1648 inituri.Cum
3247 1584 3487 1646 interim
3510 1603 3611 1647 au-

1971 1677 2090 1732 tem
2123 1670 2382 1733 venisset
2412 1672 2627 1734 festum
2663 1674 3037 1749 venerabile,
3069 1674 3305 1748 viviﬁci,
3336 1680 3606 1756 inquam,

1972 1757 2119 1839 ligni
2136 1759 2514 1823 exaltationis
2526 1761 2680 1837 (5).et
2700 1763 2830 1842 ipse
2843 1762 3214 1827 admirabilis
3230 1765 3603 1839 Anastasius,

199 1848 231 1903 ὃ
292 1849 626 1924 θαυμαστός
658 1847 1031 1920 ’Λναστάσιος,
1066 1847 1121 1905 ο⁹ί
1171 1869 1229 1904 τε
1272 1849 1403 1927 πρὸς
1449 1848 1611 1907 αὐτὸν
1641 1845 1876 1925 παραϐα-

1973 1858 2031 1912 et
2050 1849 2170 1912 duo
2192 1869 2265 1913 ex
2285 1850 2698 1933 fratribus,qui
2720 1852 2794 1914 ad
2817 1871 2952 1914 eum
2984 1861 3387 1930 accesserunt,
3422 1860 3481 1916 et
3510 1853 3612 1933 qui

201 1935 410 2004 λᾶντες
444 1936 543 1996 δύο
573 1943 681 1995 τῶν
710 1935 977 2019 ἀδελφῶν,
1010 1937 1099 1995 καὶ
1155 1938 1204 1995 οἱ
1239 1937 1338 2005 τὴν
1381 1937 1545 2006 αὐτην
1578 1936 1764 2010 ἐκείνῳ
1793 1942 1887 1994 τοῦ

196 2025 481 2086 δικαστοῦ
525 2025 797 2109 σφραγῖδα
854 2024 1159 2104 δεξάμενοι,
1217 2026 1307 2083 καὶ
1362 2048 1506 2092 τινες
1551 2026 1723 2106 ἕτεροι
1777 2024 1886 2083 τῶν

197 2117 258 2174 δν
336 2124 416 2195 τῇ
481 2115 643 2175 πόλει
711 2115 1001 2196 θεοφιλῶν,
1062 2121 1240 2174 πᾶσαν
1296 2116 1396 2180 τὴν
1464 2116 1609 2196 ἱερὰν
1676 2115 1886 2183 ἇκείνην

197 2206 377 2264 νύκτα
440 2207 642 2288 εὖχαῖς
707 2227 765 2264 τε
837 2207 927 2264 καὶ
996 2202 1335 2283 ψαλμῳδίαις
1405 2207 1882 2284 πανηγυρίσαντες,

200 2293 577 2353 ἆπιλαθζσθαι
633 2297 753 2363 τοὺς
815 2294 871 2352 ἰν
921 2300 991 2373 τῇ
1057 2293 1270 2376 φυλακῇ
1340 2295 1544 2358 πάντας
1602 2300 1711 2352 τῶν
1769 2293 1886 2351 καθ’

203 2384 456 2448 ἑαυτοὺς
516 2383 702 2441 δεινῶν
789 2386 1179 2464 πεποιήκασιν,
1242 2385 1317 2449 ὡς
1399 2383 1456 2441 ἰν
1529 2384 1886 2459 ἑορταζόντων

206 2474 359 2549 οἴκῳ
419 2473 642 2550 μᾶλλον
686 2475 782 2533 οὐκ
850 2474 907 2531 ἦν
976 2478 1175 2555 φρουρᾷ
1229 2472 1616 2552 διατρίκοντας.
1681 2474 1885 2533 "Et-306v

212 2563 268 2623 δὶ
330 2567 483 2645 πρὸς
538 2566 632 2623 τὸν
687 2562 1037 2644 Μαρζαϐανᾶν
1111 2567 1140 2620 δ
1195 2564 1543 2644 κομερκιάριο
1612 2562 1882 2640 εἰσελθὼν,

211 2655 356 2734 ἀνὴρ
401 2650 636 2722 εὐσεϐὴς
679 2656 766 2711 καὶ
813 2652 1101 2731 συναλγεῖν
1150 2658 1361 2734 ψυχαῖς
1404 2651 1756 2730 ὁδυνωμέναις
1802 2656 1884 2710 εί-

216 2742 325 2809 δὼς
361 2746 465 2802 καὶ
486 2741 825 2823 παρακαλεῖν
855 2746 911 2800 ιν
940 2757 1066 2809 ταῖς
1108 2742 1342 2823 suum,
1368 2741 1543 2804 δεῦται
1574 2744 1667 2801 τοῦ
1686 2743 1888 2825 ἄρχον-

217 2854 314 2897 τος
367 2835 625 2904 ἆνεθῆναι
655 2841 751 2892 τοῦ
806 2832 1174 2912 δεσμωτηρίου
1202 2834 1294 2890 τὸν
1344 2831 1717 2911 ’Δναστᾶειον,
1746 2834 1886 2892 ὥστε

224 2924 317 2983 καὶ
346 2925 512 2985 αὑτὸν
538 2936 795 3003 παρεῖναι
827 2929 896 3001 τῇ
925 2928 1036 2981 οῶν
1065 2925 1393 3002 Χριστιανῶν
1424 2924 1740 3003 πανηγύρει,

304 3013 425 3090 ῐθ’,
459 3013 845 3094 Παρασχόντος
906 3012 963 3069 δὲ
1022 3012 1122 3081 τὴν
1179 3011 1342 3093 χάριν
1384 3011 1608 3089 ἐκείνου,
1643 3017 1739 3071 καὶ
1789 3020 1885 3073 τοῦ

228 3105 502 3184 μᾶρτυρος
557 3104 659 3171 τὴν
716 3101 1007 3171 ἆγκλησίαν
1068 3099 1488 3170 καταλαϐόντος,
1545 3102 1884 3181 παράκλησις

1972 1939 2269 2020 eamdem,
2305 1958 2481 2022 quam
2516 1941 2644 2018 ille,
2676 1950 2877 2004 notam
2906 1942 3133 2022 judicis
3164 1951 3614 2024 acceperant,et

1969 2028 2211 2112 quidam
2243 2029 2344 2093 alii
2392 2031 2503 2093 viri
2535 2031 2751 2113 pii,qui
2776 2040 2949 2095 erant
2981 2034 3042 2095 in
3074 2033 3477 2115 civitate,cum
3513 2040 3611 2095 to-

1971 2127 2089 2181 tam
2108 2119 2269 2182 illam
2290 2128 2527 2183 noctem
2553 2120 2961 2185 celebrassent
2979 2123 3257 2205 precibus
3277 2136 3334 2187 et
3355 2123 3612 2205 psalmo-

1970 2207 2108 2284 diis,
2138 2209 2488 2286 etfecerunt,
2526 2217 2588 2273 ut
2615 2211 2719 2293 qui
2767 2222 2940 2275 erant
2968 2213 3031 2274 in
3062 2230 3307 2277 carcere
3338 2213 3608 2277 omnium

1968 2316 2212 2361 suorum
2258 2299 2551 2362 malorum
2603 2300 3105 2365 obliviscerentur
3139 2325 3152 2362 :
3186 2302 3437 2384 perinde
3465 2321 3534 2365 ac
3558 2304 3609 2365 si

1968 2395 2356 2462 versarentur
2388 2389 2448 2451 in
2478 2388 2658 2453 domo
2708 2409 2917 2454 eorum
2948 2392 3054 2475 qui
3080 2391 3297 2455 festum
3329 2390 3607 2455 celebra-

1968 2485 2250 2558 rent,non
2304 2479 2367 2541 in
2397 2496 2667 2544 carcere.
2722 2482 2892 2544 Mane
2918 2500 3057 2545 vero
3089 2482 3162 2545 ad
3196 2480 3606 2544 Marzabauam

1968 2566 2276 2647 ingressus
2301 2566 2764 2639 Comerciarius.
2800 2571 2891 2633 vir
2938 2570 3095 2651 pius,
3140 2577 3199 2632 et
3249 2570 3350 2651 qui
3381 2568 3612 2633 sciebat

1969 2656 2240 2719 misereri
2272 2658 2604 2720 animarum
2627 2659 2975 2723 aﬂ'ectarum
3043 2660 3340 2741 molestia,
3375 2667 3434 2722 et
3460 2678 3607 2722 con-

1968 2746 2148 2809 solari
2180 2746 2242 2808 in
2267 2746 2715 2831 afflictionibus,
2746 2758 2912 2830 rogat
2937 2750 3356 2831 prmsidem,ut
3377 2768 3449 2813 ex
3470 2766 3609 2812 car-

1968 2853 2110 2900 cere
2138 2838 2403 2899 solvatur
2431 2838 2808 2916 Anastasius,
2845 2846 2908 2902 ut
2946 2840 3077 2922 ipse
3100 2840 3288 2923 possit
3318 2841 3610 2903 interesse

1965 2925 2115 2988 festo
2144 2924 2647 2993 Christianorum.

2036 3018 2170 3077 XIX.
2204 3019 2341 3077 Cum
2367 3019 2465 3080 ille
2486 3030 2680 3080 autem
2718 3022 2829 3080 hoc
2853 3021 3253 3090 concessisset,
3288 3032 3341 3082 et
3365 3022 3611 3081 venisset

1967 3110 2186 3183 martyr
2218 3103 2281 3164 in
2309 3103 3303 3186 ecclesiam,consolatio,gaudium
3328 3114 3387 3169 et
3407 3106 3610 3171 laetitia

230 3208 350 3263 ταῖς
396 3201 507 3252 τῶν
562 3193 770 3250 πιστῶν
812 3191 1051 3295 ψυχαῖς,
1100 3190 1292 3295 ἡδονὴ,
1354 3189 1688 3295 φαιδρότης,.
1726 3215 1876 3295 περι-

1969 3190 2333 3254 circumt‘usa
2359 3192 2466 3256 fuit
2516 3195 2751 3274 piorum
2799 3194 3041 3257 animis.
3071 3194 3187 3257 Eos
3219 3196 3379 3258 enim
3415 3216 3610 3279 nuper

236 3285 432 3365 εχύθη,
469 3284 747 3362 Κατήφεια
777 3283 877 3359 γὰρ
909 3280 1098 3346 αὐτοὺς
1146 3282 1277 3362 εἷχε
1306 3280 1496 3357 πρώην
1537 3285 1636 3338 καὶ
1665 3282 1876 3359 ἀθυμία,

1969 3281 2261 3343 invaserat
2289 3282 2528 3345 tristitia
2558 3291 2617 3345 et
2664 3302 2912 3361 maror,
2947 3294 3261 3367 propterea
3290 3285 3449 3365 quod
3477 3306 3610 3368 quae

238 3369 323 3430 διὰ
372 3374 472 3441 τὴν
523 3374 632 3428 τῶν
684 3370 972 3446 ἀμυθήτων
1010 3370 1239 3449 ἀνιαρῶν
1292 3370 1508 3427 ἐκείνων
1565 3369 1880 3451 ἐπαγωγὴν,

248 3463 309 3527 ὓὶ
332 3461 521 3522 πολλοὶ
566 3460 622 3517 δί
671 3459 776 3528 ἤδη
824 3462 914 3517 καὶ
961 3459 1383 3539 κατεῤῥᾳθύμουν
1442 3464 1540 3527 τῆς
1589 3458 1881 3543 εὐσεϐείας,

245 3553 333 3610 καὶ
389 3550 584 3612 ἀλῶναι
628 3550 752 3608 ὅσον
810 3548 1014 3609 οὐδέπω
1070 3564 1195 3616 ταῖς
1261 3557 1355 3607 τοῦ
1396 3559 1634 3627 πονηροῦ
1684 3550 1884 3629 πάγαις

238 3640 481 3707 ἐλεεινῶς
542 3639 911 3715 νικινδύνευον,
987 3641 1066 3714 μὴ
1136 3640 1287 3706 ὄντος
1355 3649 1449 3699 τοῦ
1528 3639 1883 3718 λυτρουμένου

230 3730 368 3808 μηδι
421 3731 712 3806 σώζοντος,
745 3729 927 3787 εἵτουν
986 3729 1365 3795 διανιστῶιτος
1422 3732 1595 3788 αὐτῶν
1625 3730 1719 3796 τὰς
1776 3732 1881 3806 Qui.

232 3822 337 3903 χὰς
391 3820 830 3885 καταπιπτούσας
862 3820 948 3877 καὶ
1002 3818 1341 3895 ἡττωμένας.
1375 3817 1527 3878 Ἐπεὶ
1574 3816 1629 3876 δὲ
1659 3822 1687 3877 ὁ
1744 3821 1884 3902 ἱερὸς

227 3908 584 3976 Ἀναστάσιος
646 3911 768 3967 τότε
819 3908 919 3977 τῆν
967 3908 1260 3975 ἆκκλησίαν
1317 3908 1575 3984 εἰσέλθοι,
1632 3919 1885 3975 τοσοῦτος

228 3997 473 4065 ἅπαντας
542 3997 708 4072 ζῆλος
776 3999 909 4077 ὗπὶρ
978 3995 1246 4061 εὐσεϐείας
1308 3996 1499 4078 εἰσεδυ,
1558 4000 1647 4056 καὶ
1717 3997 1888 4066 οὕτως

228 4088 466 4148 ικαστοσ
512 4091 686 4149 αὒτῶν
712 4088 804 4146 καὶ
859 4087 965 4146 ἀπὸ
996 4088 1170 4164 μόνης
1219 4089 1424 4145 ἑκείνου
1453 4087 1551 4155 τῆς
1579 4085 1756 4165 ὄψεως
1785 4089 1887 4146 τνλν

227 4179 447 4261 καρδίαν
504 4176 878 4255 διεθερμάνθη,
911 4181 985 4241 ὡς
1044 4176 1124 4254 μὴ
1180 4177 1344 4251 μόνον
1401 4178 1590 4241 αὖτοὺς
1621 4180 1753 4257 πρὸς
1793 4180 1887 4236 τὸν

224 4270 358 4350 ὺπὶρ
443 4275 669 4349 Χριστοῦ
735 4268 824 4324 καὶ
895 4267 996 4335 τῆς
1066 4264 1317 4334 ἀληθείας
1385 4267 1886 4346 παρασκευάσασθαι

223 4360 482 4439 θάνατον,
512 4356 651 4417 ἀλλὰ
692 4358 781 4414 καὶ
837 4358 903 4413 τὰ
966 4356 1166 4413 ἰκείνου
1218 4354 1641 4436 καταφιλοῦντας
1692 4355 1882 4433 δεσμὰ,

224 4450 314 4507 καὶ
365 4448 534 4506 πόθου
561 4445 785 4527 δάκρυον
827 4448 1016 4510 αὖτοῖς
1078 4444 1491 4520 ὶπιστάζοντας,
1546 4445 1883 4526 παραϐαρῤῠ-

222 4560 308 4595 ναι
364 4538 473 4596 τῶν
501 4535 665 4615 ἄνδρα
694 4549 813 4600 τοῖς
877 4535 1271 4616 ὁκοφωνήμασι
1298 4535 1390 4593 καὶ
1432 4534 1755 4612 κελεύομασι
1786 4537 1884 4595 καί

1967 3370 2088 3434 dici
2111 3374 2503 3451 nequeunt,ei
2524 3373 2945 3453 inﬂigerentur
2964 3373 3275 3437 molestias.
3304 3374 3467 3436 Multi
3494 3394 3607 3437 au-

1966 3468 2087 3521 tem
2106 3460 2235 3541 jam
2259 3469 2430 3523 erant
2451 3462 2741 3525 socordes
2768 3463 2829 3525 in
2853 3462 3095 3545 pietate,
3130 3472 3187 3525 et
3203 3462 3520 3526 veniebant
3543 3464 3606 3526 in

1964 3552 2390 3624 periculum,ne
2402 3554 2591 3613 statim
2605 3565 2951 3626 caperentur
2966 3554 3371 3614 miserabiliter
3386 3555 3607 3626 laqueis

1965 3636 2365 3713 inimici,cum
2383 3656 2502 3701 non
2520 3648 2680 3703 esset
2702 3639 2805 3720 qui
2819 3639 3288 3718 redimeret,nec
3310 3638 3415 3722 qui
3435 3639 3606 3702 daret

1966 3726 2242 3803 salutem,
2276 3746 2383 3790 seu
2441 3728 2701 3809 erigeret
2758 3728 3045 3792 cadentes
3074 3737 3134 3792 et
3176 3729 3364 3793 victas
3395 3748 3604 3792 eorum

1966 3815 2228 3880 animas.
2252 3819 2400 3882 Cum
2428 3836 2567 3881 vero
2599 3836 2772 3882 sacer
2805 3818 3304 3883 Anastasiustunc
3331 3826 3492 3882 esset
3517 3821 3606 3882 in-

1967 3924 2206 3986 gressus
2220 3908 2537 3972 ecclesiam
2548 3916 2773 3986 ,tantus
2789 3928 2894 3973 eos
2909 3909 3072 3973 zelus
3093 3909 3255 3972 subit
3267 3929 3374 3990 pro
3388 3910 3607 3991 pietate

1967 4008 2026 4060 et
2045 4002 2131 4060 vel
2150 4016 2219 4060 ex
2244 4002 2370 4062 solo
2386 4004 2511 4076 ejus
2533 4011 2767 4075 aspectu
2809 4004 2892 4061 sic
2913 4012 3001 4061 est
3022 4018 3124 4061 cor
3145 4019 3343 4063 eorum
3369 4002 3605 4063 inﬂam-

1968 4090 2287 4159 matum,ut
2306 4102 2426 4147 non
2449 4084 2637 4147 solum
2661 4084 2776 4166 ipsi
2800 4086 2986 4165 parati
3026 4091 3231 4146 essent
3254 4084 3329 4147 ad
3352 4090 3606 4147 mortem

1968 4189 2076 4254 pro
2097 4173 2330 4238 Christo
2353 4182 2412 4237 et
2441 4181 2663 4256 pietate
2694 4174 3092 4250 subeundam,
3127 4174 3233 4237 sed
3264 4174 3396 4255 ejus
3428 4174 3607 4237 etiam

1967 4268 2197 4325 vincula
2220 4268 2727 4330 deoscularentur:
2752 4269 3087 4329 etdesiderii
3109 4270 3393 4343 Iacrymas
3414 4270 3498 4326 eis
3518 4270 3612 4331 in-

1966 4352 2286 4429 stillantes,
2308 4353 2365 4416 ei
2394 4354 2660 4419 animum
2696 4354 2992 4420 adderent
3014 4354 3295 4418 laudibus
3315 4363 3374 4417 et
3394 4353 3613 4417 adhor-

1970 4441 2317 4519 tationibus,
2349 4443 2597 4527 ejusque
2632 4446 2822 4522 magis
2852 4444 3257 4508 accenderent
3285 4452 3345 4507 et
3371 4444 3612 4510 inﬂam-

1968 4539 2203 4595 marent
2232 4550 2498 4596 amorem
2539 4534 2833 4616 martyrii.
2866 4534 2937 4596 Et
2967 4535 3091 4595 haec
3122 4534 3365 4617 quidem
3397 4534 3608 4616 aliqui,

222 4639 348 4691 ταῖς
375 4604 684 4707 εὖφημίαις,
721 4626 808 4683 καί
836 4604 1166 4691 ὑπεκκαῦσαι
1214 4622 1422 4698 μᾶλλον
1451 4629 1594 4699 αἱ)τῷ
1622 4604 1710 4683 καὶ
1765 4624 1876 4683 δια.

1969 4621 2070 4702 qui
2093 4622 2217 4703 jam
2249 4633 2420 4685 erant
2449 4604 2790 4688 labefact'ati
2822 4634 3096 4706 tempore
3119 4604 3179 4688 et
3200 4604 3607 4699 contumeliis,

220 4721 389 4795 νᾶψαι
437 4718 535 4776 τοῦ
562 4714 850 4794 μαρτυρίου
904 4714 993 4771 τὸν
1028 4712 1228 4789 ἔρωτα⁶
1268 4715 1356 4770 καὶ
1402 4717 1568 4772 ταῦτά
1596 4715 1734 4779 τίνες
1768 4734 1785 4796 ;
1832 4709 1880 4774 οὶ

224 4808 315 4867 καὶ
369 4819 494 4873 ταῖς
524 4805 803 4882 ἐπηρείαις
858 4805 947 4861 καὶ
977 4805 1111 4883 πρὸς
1147 4801 1455 4871 μεταϐολὴν
1494 4801 1599 4872 ἤδη
1633 4806 1721 4862 καὶ
1752 4828 1884 4884 προ-

224 4897 405 4955 δοσίαν
461 4902 555 4954 τοῦ
610 4896 777 4953 κσλοῦ
832 4890 1152 4973 βλῦψαντες,
1188 4898 1285 4950 οὐκ
1326 4891 1507 4972 ἄνδρες
1552 4894 1718 4970 μόνον
1744 4894 1881 4952 ἀλλὰ

222 4988 315 5044 καί
355 4998 633 5064 γυναῖκες·
664 4984 871 5065 φύσεως
930 4982 1029 5062 γὰρ
1087 4981 1183 5039 οὒκ
1235 4982 1304 5051 ἧν
1354 4982 1575 5041 ενταῦθα
1631 4983 1875 5064 διαφορά,

222 5073 309 5133 διὰ
378 5078 481 5142 τὴν
538 5074 819 5132 κοινωνίαν
881 5071 977 5140 τῆς
1034 5071 1419 5151 προαιρέσεως.
1496 5071 1648 5130 Οὕτω
1715 5071 1877 5143 διπλῆ

223 5164 416 5247 γέγονε
448 5165 569 5223 τότε
627 5170 706 5238 τῷ
748 5163 941 5231 πλήθει
998 5162 1322 5240 πανήγυρις,
1369 5163 1430 5218 τὸ
1489 5162 1586 5235 μὲν
1615 5168 1684 5238 τῇ
1737 5183 1873 5239 προ-

1965 4720 2027 4773 et
2048 4711 2174 4791 jam
2206 4711 2559 4793 spectabant
2606 4713 3024 4790 mutationem,
3058 4720 3120 4776 et
3166 4712 3297 4792 ejus
3328 4711 3487 4793 quod
3520 4720 3611 4775 est

1964 4801 2281 4864 honestum
2311 4802 2743 4881 proditionem,
2780 4822 2899 4865 non
2931 4802 3125 4864 solum
3157 4801 3404 4876 viri,sed
3428 4800 3605 4862 etiam

1963 4890 2277 4957 mulieres.
2307 4889 2547 4955 Naturae
2592 4893 2757 4956 enim
2810 4911 2928 4955 non
2982 4899 3078 4956 est
3110 4892 3209 4955 hic
3238 4889 3602 4969 differentia,

1961 4992 2261 5056 propterea
2282 4985 2440 5058 quod
2479 4987 2556 5044 sit
2574 4988 2898 5045 communis
2938 4984 3143 5044 electio
3166 4992 3220 5042 et
3247 4985 3604 5041 institutum.

1959 5069 2057 5135 Sic
2080 5078 2222 5133 tunc
2244 5072 2355 5133 fuit
2376 5071 2596 5153 populo
2618 5072 2833 5135 festum
2858 5071 3080 5153 duplex
3108 5092 3122 5134 :
3145 5088 3333 5133 unum
3356 5067 3602 5148 quidem

1958 5159 2077 5223 diei
2107 5159 2407 5242 praeﬁniti,
2435 5160 2691 5224 alterum
2724 5169 2926 5225 autem
2971 5160 3267 5223 adventus
3297 5157 3599 5240 martyris.

220 5257 409 5332 θεσμίᾳ
450 5257 551 5322 τῆς
580 5252 797 5333 ἑορτῆς,
829 5252 893 5308 τὸ
937 5249 991 5307 δὶ
1028 5256 1098 5327 τῇ
1147 5248 1407 5326 ἐπιδημίᾳ
1434 5258 1529 5309 τοῦ
1586 5251 1869 5332 μάρτυρος,

1969 5249 2100 5313 Nam
2126 5258 2436 5333 postquam
2469 5269 2705 5314 sacrum
2763 5251 3005 5334 quidem
3069 5250 3180 5312 fuit
3226 5248 3597 5313 celebratum

224 5350 370 5402 Μετα
426 5342 607 5419 μέντοι
662 5344 762 5410 τὴν
818 5340 913 5410 τῆς
974 5341 1116 5419 ἱερᾶς
1175 5347 1554 5420 μυσταγωγίας
1612 5339 1870 5418 συμπλῆ-

1969 5340 2742 5423 mysterium,Comerciario
2766 5360 2886 5405 non
2907 5340 3272 5416 dimittente,
3294 5338 3404 5402 sed
3436 5355 3598 5401 mar-

218 5452 402 5513 ρωσιν,
444 5442 542 5493 τοῦ
569 5428 960 5511 κομερκιαρίου
990 5429 1069 5504 μὴ
1126 5429 1387 5510 ἀνιέντος,
1427 5428 1565 5488 ἀλλὰ
1594 5437 1673 5507 τῷ
1728 5431 1869 5511 μάρ-

1969 5447 2142 5514 :yrem
2173 5431 2568 5495 vehementer
2587 5439 2838 5512 urgente
2859 5439 2920 5496 et
2951 5436 3223 5510 rogante,
3255 5429 3410 5493 utad
3441 5427 3605 5491 illius

214 5543 324 5602 τυρι
382 5522 625 5601 σφοδρῶς
686 5520 1026 5598 ἄγκειμένου,
1081 5520 1170 5576 καί
1227 5518 1574 5599 λιπαροῦντος
1631 5520 1725 5579 τοῦ
1783 5519 1870 5578 καί

1969 5519 2193 5584 lomum
2219 5521 2448 5583 veniret
2473 5540 2489 5582 :
2510 5520 2757 5603 putabat
2778 5521 2938 5586 enim
2968 5519 3063 5582 vel
3082 5520 3272 5583 solum
3296 5518 3458 5582 illius
3487 5518 3600 5582 atl-

286 5710 372 5795 (5)
396 5707 549 5775 Nota
578 5708 795 5774 festum
831 5706 1221 5771 Exaltationis
1254 5715 1481 5771 sanctae
1508 5708 1727 5772 crucis.
