4006 6138
412 246 533 312 803

1714 249 1875 312 ΜΕΝ
1882 244 1994 309 SIS
2033 248 2494 317 JANUARIUS.

3693 253 3800 320 804

416 401 676 467 prases;
730 382 1103 460 mihienim,
1157 384 1260 465 qui
1315 402 1444 446 sum
1488 382 1607 446 mei
1628 383 1848 447 Christi
1872 382 2049 463 gratia

2140 383 2440 455 ἀποστῆναι
2499 394 2597 455 τῆς
2653 387 2892 452 εὐσεϐίας
2929 392 2943 420 ⁴
2990 392 3131 447 ποίει
3174 393 3482 466 τοιγαρουν
3519 388 3555 443 ἃ
3613 388 3801 467 βούλει,

414 473 958 548 conﬁrmatus,non
985 473 1372 554 persuadebis
1389 481 1505 534 uta
1529 472 2059 554 pietatedeﬁciam,

417 563 506 627 fac
530 582 674 641 ergo
705 580 1074 644 quacunque
1102 564 1210 637 vis,
1245 582 1279 625 a
1310 562 1474 625 nullo
1505 561 1838 626 abstinens.

495 650 701 715 XXIII.
729 650 896 713 Hanc
925 651 1224 713 Anastasii
1255 670 1395 713 cum
1428 651 1749 733 prudentia
1778 660 2058 716 constan-

418 742 560 806 tiam
598 740 759 803 nulla
786 739 1113 803 moderatio
1145 742 1379 823 excepit
1421 748 1521 804 aut
1553 741 1915 819 humanitas,
1949 742 2056 805 sed

415 832 646 894 vinctus
672 847 839 892 more
866 828 1108 892 Persico
1128 832 1316 910 virgis
1332 829 1680 893 cadebatur
1700 830 2053 896 crudeliter.

419 922 565 985 Cum
591 919 643 981 is
656 928 856 981 autem
885 917 1328 996 verberaretur,
1354 919 1481 983 hac
1501 919 1853 983 decantabat
1874 921 2059 1001 magi-

416 1016 637 1071 stratus
675 1028 688 1069 :
722 1006 867 1069 Cum
902 1007 1174 1070 maximis
1205 1008 1363 1089 regis
1392 1008 1568 1071 donis
1617 1019 1677 1071 et
1728 1009 2057 1072 honoribus

414 1094 763 1181 persuaderi
795 1114 915 1158 non
957 1098 1337 1173 sustinueris,
1386 1098 1460 1161 ad
1506 1099 1631 1161 hac
1661 1099 1745 1162 sis
1774 1099 2058 1180 deinceps

412 1195 674 1269 paratus.
698 1184 796 1248 Sic
811 1187 969 1249 enim
994 1195 1049 1249 te
1070 1187 1337 1268 quotidie
1355 1188 2056 1263 verberans,consumam

412 1276 622 1359 plagis.
666 1274 773 1339 Ille
803 1284 1000 1339 autem
1035 1294 1168 1338 cum
1206 1296 1341 1339 eum
1382 1277 1629 1358 juberet
1658 1296 1889 1353 rursus,
1923 1297 2056 1359 qua

412 1365 588 1428 vellet
604 1363 826 1441 facere,
844 1365 1015 1445 jubet
1039 1367 1280 1449 martyri
1300 1366 1562 1430 relaxato
1587 1386 1620 1430 a
1635 1368 2054 1443 vinculis,cum

408 1468 684 1518 extensus
702 1458 1136 1530 essetsupinus,
1153 1460 1324 1531 lignis
1340 1462 1559 1519 medias
1574 1462 1843 1533 intercipi
1866 1461 2055 1527 tibias,

413 1550 662 1625 utraque
688 1549 886 1604 autem
913 1560 1119 1604 eorum
1150 1552 1421 1607 extrema
1450 1563 1727 1627 premere
1756 1548 1916 1608 viros
1940 1545 2054 1607 ali-

413 1642 559 1713 quot
590 1630 891 1707 robustos,
945 1630 1040 1712 qui
1087 1640 1145 1694 et
1192 1651 1519 1714 corporum
1554 1634 1967 1714 magnitudine
1996 1643 2057 1696 et

2145 475 2376 550 μηδενὸς
2420 483 2592 538 αὐτῶν
2624 479 2997 558 ἀπεχόμενος.

2229 648 2355 717 Kl".
2403 660 2611 725 Ταύτην
2654 656 3004 716 Ἀναστασίου
3058 657 3155 724 τὴν
3212 655 3365 731 μετά
3412 653 3681 718 συνέσεως
3721 654 3803 713 ἔν-

2142 767 2328 803 στασιν
2357 745 2618 828 ἐπιεικὲς,
2652 745 2802 808 οὐδὲν
2835 746 2871 816 ἢ
2914 746 3295 826 φιλάνθρωπον
3327 742 3645 823 διεδέχετο,
3678 743 3803 802 ἀλλά

2140 840 2384 913 Περσικῷ
2438 838 2619 915 τρόπῳ
2661 836 2825 902 δεθεὶς
2879 833 3092 914 ῥάϐδοις
3137 833 3400 902 ἀνηλεῶς
3466 834 3799 911 κατῃκίζετο.

2140 925 2467 1001 Τυπτομένῳ
2522 925 2577 983 δὲ
2626 929 2770 1000 αὐτῷ
2828 935 3047 985 τοιαῦτα
3099 925 3188 981 καὶ
3247 926 3277 980 6
3333 922 3535 1003 ἄρχων
3596 920 3796 999 Ξπῇδεν·

2140 1023 2275 1077 Ταῖς
2320 1017 2600 1094 μεγίσταις
2648 1018 2743 1073 τοῦ
2785 1013 3054 1092 βασιλέως
3108 1025 3303 1089 τιμαῖς
3336 1032 3402 1069 τε
3436 1010 3541 1068 καΐ
3586 1009 3801 1090 δωρεαῖς

2140 1107 2424 1172 πεισθῆναι
2467 1106 2545 1180 μὴ
2597 1105 2998 1185 ἀνασχόμενος,
3062 1106 3191 1182 πρὸς
3220 1108 3466 1161 τοιαῦτα
3499 1108 3594 1158 τοῦ
3622 1100 3798 1159 λοιποῦ

2141 1194 2508 1271 παρεσκεύασο
2545 1213 2559 1230 ⁸
2618 1192 2757 1250 οὕτω
2819 1194 2921 1272 γάρ
2978 1213 3037 1248 σε
3092 1192 3312 1249 τύπτων
3380 1188 3513 1246 καθ’
3577 1190 3798 1257 ἑκάστην

2138 1282 2369 1361 ἡμέραν,
2428 1297 2549 1347 ταῖς
2597 1282 2845 1361 πληγαῖς
2879 1280 3166 1341 ἀναλώσω.
3220 1288 3336 1339 Τοῦ
3389 1278 3452 1337 δὲ
3510 1280 3609 1337 καί
3654 1278 3804 1336 πάλιν

2142 1370 2174 1426 ἃ
2215 1371 2460 1448 βούλοιτο
2495 1387 2672 1430 ποιεῖν
2723 1373 3129 1450 ὶπιτρέποντος,
3178 1369 3399 1428 κελεύει
3450 1375 3562 1426 τῶν
3608 1366 3804 1444 δεσμῶν

2139 1460 2386 1519 ἀνεθέντα
2440 1463 2531 1518 τόν
2580 1463 2843 1541 μάρτυρα,
2890 1460 3078 1518 ὕπτιόν
3138 1480 3194 1517 τε
3242 1458 3609 1530 διαταθέντα,
3643 1457 3803 1523 ξύλοις

2139 1550 2234 1615 τὰς
2290 1552 2502 1626 κνήμας
2546 1551 2710 1626 μέσον
2752 1550 3133 1629 ἀποληφθῆναι
3166 1565 3179 1580 ·
3243 1547 3491 1626 ἑκατέρᾳ
3524 1546 3583 1604 δὲ
3614 1547 3803 1605 τούτων

2139 1638 2274 1719 ἄκρα
2326 1642 2593 1716 γενναίους
2651 1640 2800 1705 τινας
2868 1638 3150 1707 ἐπιστῆναι
3214 1634 3421 1717 ἀνδρας
3487 1636 3708 1715 μεγέθει
3750 1656 3803 1693 τε

416 1721 599 1783 atatis
612 1721 812 1799 vigore
826 1728 1196 1802 praestarent.
1218 1723 1438 1804 Martyr
1449 1733 1646 1785 autem
1672 1724 1909 1805 cum-sic
1924 1724 2049 1804 ejus

2139 1727 2404 1805 σωμάτων
2461 1731 2551 1786 καὶ
2593 1727 2806 1798 ἡλικίας
2845 1728 2994 1804 ἀκμῇ
3042 1726 3430 1807 διαφέροντας.
3486 1727 3551 1784 '0
3584 1724 3641 1780 δὶ
3667 1722 3802 1804 μάρ-

414 1811 574 1874 tihia
597 1822 1019 1893 premerentur
1040 1829 1229 1893 usque
1241 1812 1313 1874 ad
1337 1828 1493 1888 ossa,
1510 1832 1723 1893 magno
1738 1822 1798 1876 et
1813 1814 2054 1878 excelso

409 1900 611 1963 animo
635 1909 697 1963 et
718 1900 893 1981 plane
915 1898 1332 1981 philosophico
1358 1902 1678 1966 tolerabat.
1712 1902 1879 1975 Quod
1913 1904 2047 1985 qui-

408 1990 544 2053 dem
572 2009 706 2054 cum
726 1989 972 2053 vidisset
990 1992 1393 2070 magistratus,
1414 2001 1472 2055 et
1488 1992 1863 2072 cognovisset
1891 2012 1959 2056 se
1980 2013 2049 2057 ex

408 2098 481 2144 eo
518 2081 703 2159 magis
731 2097 954 2161 augere
984 2080 1115 2160 ejus
1138 2080 1440 2161 patientia
1461 2090 1520 2145 et
1546 2082 1877 2145 tolerantia
1898 2103 2048 2147 con-

405 2171 707 2246 stantiam,
742 2186 950 2231 rursus
981 2170 1042 2230 in
1074 2170 1428 2233 tutissimam
1462 2190 1597 2233 eum
1636 2172 1813 2234 tradit
1842 2180 2044 2237 custo-

406 2259 588 2336 diam,
622 2266 684 2320 ut
713 2258 788 2321 de
818 2277 889 2321 eo
912 2276 1121 2321 rursus
1150 2258 1406 2323 referret
1435 2260 1508 2322 ad
1556 2280 1784 2341 regem.
1819 2260 1966 2324 Cum
1998 2262 2051 2326 is

402 2357 600 2411 autem
633 2349 729 2412 cui
759 2355 887 2411 erat
916 2349 1241 2411 commissa
1263 2368 1405 2413 cura
1429 2352 1712 2427 carceris,
1744 2351 2044 2430 sellarius,

404 2449 560 2504 esset
583 2440 873 2521 religione
904 2438 1296 2518 Christianus,
1346 2451 1405 2505 et
1448 2443 1585 2505 ideo
1614 2461 1825 2507 eorum
1861 2444 2045 2507 mise-

404 2538 660 2607 reretur,
694 2530 796 2611 qui
829 2547 936 2612 pro
970 2531 1187 2611 pietate
1218 2531 1568 2594 laborabant
1598 2540 1749 2595 eteo
1776 2533 1934 2613 quod
1958 2543 2050 2597 est

402 2618 624 2683 bonum
651 2629 711 2682 et
740 2619 1085 2694 honestum,
1120 2627 1182 2683 et
1212 2620 1323 2699 eis,
1356 2620 1455 2703 qui
1490 2621 1707 2683 vellent
1731 2640 1807 2683 ex
1839 2622 2049 2685 Chris-

404 2706 603 2786 tianis,
630 2707 994 2771 concederet
1019 2708 1381 2787 ingressum,
1406 2709 1670 2771 interdiu
1702 2709 2048 2787 ingrediens

402 2799 537 2860 sine
571 2797 692 2860 ulla
720 2796 1129 2879 prohibitione
1161 2797 1344 2860 frater
1376 2799 1752 2875 monasterii,
1785 2802 1889 2879 qui
1912 2819 2044 2863 cum

402 2896 659 2968 martyre
690 2889 949 2949 solverat
994 2902 1067 2948 ex
1099 2884 1394 2961 Caesarea,
1424 2888 1849 2951 consolabatur
1880 2889 2043 2952 illam

400 2994 674 3059 asperam
691 2984 752 3040 et
775 2984 986 3038 tetram
1004 2975 1065 3037 in
1081 2993 1325 3038 carcere
1349 2976 1799 3055 habitationem,
1817 2987 1878 3042 et
1898 2999 2047 3061 quos

403 3084 477 3161 e_x_
509 3066 699 3161 plagis
728 3072 997 3128 senserat
1042 3065 1304 3161 dolores,
1331 3073 1387 3129 et
1415 3085 1564 3148 quas
1603 3085 1678 3130 ex
1704 3069 1956 3161 vinculis
1988 3078 2106 3161 etc

401 3154 518 3218 alia
556 3156 852 3219 malorum
900 3155 1295 3238 perpessione
1343 3165 1663 3237 acceperat
1714 3158 2043 3223 molestias.

398 3244 566 3308 Multi
588 3264 824 3328 quoque
851 3245 953 3308 alii
985 3246 1094 3309 viri
1116 3244 1218 3327 pii,
1236 3264 1369 3308 cum
1384 3245 1605 3328 quibus
1627 3246 1788 3309 illius
1808 3268 2048 3331 quoque

398 3335 595 3399 Iesdin
621 3338 727 3398 ﬁlii
744 3338 819 3399 ad
850 3355 987 3400 eum
1011 3336 1442 3418 ingredientes,
1473 3337 1547 3400 ad
1583 3338 1887 3419 speciosos
1918 3340 2049 3421 ejus

403 3425 616 3508 pedes,
639 3434 700 3489 et
722 3424 879 3489 bona
898 3436 1101 3508 aperte
1129 3427 1623 3505 evangelizantes,
1658 3428 2049 3510 procidebant

396 3523 457 3579 et
484 3516 722 3579 vincula
750 3515 1257 3580 deosculabantur
1307 3525 1366 3579 et
1410 3516 1735 3597 rogabant,
1770 3527 1832 3579 ut
1863 3518 1936 3580 ab
1967 3536 2049 3582 eo

397 3604 629 3687 aliquas
666 3616 1181 3686 consequerentur
1216 3624 1428 3687 preces
1461 3615 1521 3668 et
1561 3606 2041 3670 henedictiones.

332 3728 337 3729 ί
397 3696 544 3758 Cum
598 3696 650 3756 is
696 3704 895 3756 autem
953 3694 1081 3757 hac
1130 3696 1379 3758 omnino
1426 3696 1673 3759 minime
1702 3696 2046 3761 admitteret

402 3784 529 3865 (ille
559 3784 719 3844 enim
756 3791 877 3845 toto
908 3801 1145 3865 semper
1177 3785 1377 3847 animo
1409 3794 1467 3847 et
1512 3796 1735 3861 mente,
1770 3785 2046 3849 humana

396 3872 625 3952 gloria,
660 3872 861 3952 hujus,
891 3872 1132 3955 inquam
1161 3887 1354 3954 vana,
1380 3882 1441 3937 et
1466 3874 1689 3950 inﬁda,
1714 3884 1771 3937 et
1792 3876 2040 3952 fallacis,

396 3969 456 4025 et
486 3978 617 4042 qua
648 3959 799 4023 nihil
851 3963 1029 4024 habet
1072 3963 1310 4023 ﬁrmum
1355 3982 1423 4026 ac
1457 3964 1698 4040 stabile,
1733 3966 2045 4029 resecabat

395 4052 795 4132 occasiones),
849 4052 964 4132 ipsi
994 4052 1248 4114 vinculis
1279 4070 1482 4115 ceram
1514 4052 1874 4131 immittens,
1910 4072 2046 4136 qua

397 4159 468 4205 ex
490 4142 610 4204 illis
629 4142 1078 4222 exprimebatur
1094 4141 1377 4221 efﬁgiem,
1403 4150 1683 4222 tanquam
1719 4144 2042 4206 maximum

394 4232 634 4313 aliquod
664 4231 1001 4294 remedium
1029 4239 1088 4293 et
1108 4236 1369 4293 salutare
1392 4230 1467 4293 ad
1490 4249 1731 4295 omnem
1764 4232 2043 4296 morbum

395 4328 454 4383 et
482 4321 751 4384 dolorem
783 4321 1138 4383 solvendum
1170 4321 1529 4384 eﬁ‘erebant.

477 4407 691 4511 XXIII.
719 4408 852 4518 Non
873 4410 1121 4509 multum
1150 4410 1433 4511 temporis
1455 4409 1819 4518 intercessit,
1842 4416 2045 4517 etrur-
2065 4463 2115 4518 ο

398 4516 500 4561 sus
519 4500 768 4562 veniens
793 4500 893 4563 ille
918 4501 1298 4579 magistratus
1317 4500 1377 4561 in
1392 4500 1828 4577 custodiam,an
1855 4502 2044 4582 jussis

396 4588 639 4652 cederet
690 4588 895 4669 regiis,
948 4589 1169 4652 frustra
1218 4590 1647 4669 interrogabat,
1700 4600 1800 4653 aut
1848 4598 2044 4673 potius

395 4696 675 4762 quarens
694 4678 1075 4742 occasionem
1092 4680 1466 4759 gratiﬁcandi
1480 4680 1681 4742 animo
1699 4681 2047 4744 crudelissio

398 4786 520 4845 mo,
566 4768 664 4849 qui
715 4786 921 4849 pauas
968 4770 1248 4850 cupiebat
1285 4787 1551 4833 sumere.
1588 4769 1735 4833 Cum
1767 4770 1818 4831 is
1845 4780 2044 4833 autem

395 4877 517 4921 non
540 4876 748 4940 parum
769 4876 924 4938 agre
946 4858 1179 4921 tulisset
1202 4860 1732 4939 interrogationem
1754 4867 1812 4921 et
1835 4877 2047 4941 magna

396 4949 781 5012 contentione
809 4956 869 5010 et
898 4948 1159 5011 motione
1189 4948 1399 5030 capitis
1419 4949 1481 5011 id
1504 4950 1664 5027 quod
1688 4966 1848 5030 sape
1870 4949 2040 5013 dixe-

396 5046 677 5117 rat,nunc
690 5056 933 5120 quoque
946 5038 1358 5119 respondisset
1382 5059 1397 5103 :
1423 5038 1583 5101 Scito
1606 5058 1702 5101 me
1725 5038 1960 5102 Christo
1985 5049 2044 5102 et

394 5130 599 5210 pietati
631 5128 782 5190 nihil
812 5145 947 5191 esse
982 5129 1392 5209 pralaturum,
1427 5128 1602 5209 jubet
1654 5148 1790 5192 eum
1834 5147 2044 5193 rursus

394 5238 636 5302 quoque
665 5219 932 5297 clavibus
956 5220 1288 5296 verberari,
1317 5222 1473 5283 sicut
1502 5220 1692 5301 prius.
1730 5219 1876 5282 Cum
1900 5238 2041 5284 vero

395 5310 507 5373 viri
526 5318 779 5373 statuam
812 5310 1010 5391 potius
1039 5329 1217 5391 quam
1242 5311 1433 5372 virum
1471 5310 1577 5371 visi
1598 5318 1807 5372 essent
1826 5310 2039 5372 verbe-

396 5415 554 5473 rare,
585 5408 873 5479 quantum
903 5399 1073 5461 licuit
1100 5401 1407 5479 conjicere
1441 5418 1511 5462 ex
1544 5418 1642 5476 eo,
1680 5400 1837 5481 quod
1886 5408 2045 5462 esset

400 5486 534 5565 ejus
553 5486 788 5551 animus
816 5489 989 5568 plane
1011 5490 1381 5566 inﬂexibilis,
1399 5508 1472 5553 eo
1484 5488 1731 5570 quidem
1756 5490 1963 5551 relicto
1982 5490 2043 5552 in

410 5574 949 5652 custodia,recedit
975 5581 1383 5655 magistratus;
1406 5579 1700 5658 etaliquot
1717 5580 2046 5658 interjectis

2134 1840 2250 1895 τυς,
2298 1822 2386 1875 καὶ
2447 1819 2709 1883 τοιούτοις
2765 1820 3024 1893 πιέσμασι
3094 1817 3294 1898 μέχρις
3366 1816 3584 1873 ὀστέων
3638 1817 3801 1871 αὐτῶν

2132 1908 2225 1973 τὰς
2287 1906 2495 1981 κνήμας
2527 1905 2975 1987 ἀποθλιϐόμενος,
3026 1906 3451 1986 μεγαλοψύχως
3485 1904 3567 1962 ἔτι
3601 1902 3798 1981 μᾶλλον

2134 1999 2221 2054 καὶ
2270 1997 2576 2078 φιλοσόφως
2632 1995 2956 2076 διεκαρτέρει
2995 2013 3008 2026 ·
3048 1996 3181 2073 ὅπερ
3212 1999 3241 2053 6
3289 1996 3495 2076 ἄχρων
3526 1991 3681 2067 ἰδὼν,
3716 1995 3799 2051 καὶ

2132 2088 2290 2165 γνοὺς
2346 2090 2420 2151 ὥς
2484 2087 2733 2144 ἐπιτείνει
2791 2086 2999 2161 μᾶλλον
3063 2086 3206 2161 αὒτῷ
3254 2091 3364 2153 τῆς
3396 2084 3693 2161 ὑπομονῆς
3719 2085 3795 2139 ἒν-

2134 2180 2308 2234 «seu
2362 2178 2447 2233 καὶ
2505 2176 2786 2254 καρτερίας
2828 2177 2891 2233 τὸ
2936 2177 3209 2251 σύντονον,
3266 2172 3679 2255 ἀσφαλεστάτη
3718 2172 3795 2229 καὶ

2131 2264 2293 2323 πάλιν
2323 2265 2483 2326 αὗτὸν
2536 2272 2737 2347 φρουρᾷ
2792 2263 3004 2321 δίδωσιν
3040 2282 3054 2297 ⁶
3112 2264 3251 2323 ὥστε
3283 2271 3368 2339 τῷ
3400 2262 3636 2341 βασιλεῖ
3689 2262 3795 2340 περὶ

2135 2355 2320 2413 τούτου
2376 2356 2463 2411 καὶ
2508 2354 2652 2420 αὖθις
2697 2355 3034 2433 ἀνενεγκεῖν,
3070 2357 3173 2413 Τοῦ
3218 2352 3273 2409 δὲ
3322 2354 3389 2410 τὸ
3422 2350 3793 2429 δεσμωτήριον

2132 2444 2588 2524 έπιτετραμμένου
2674 2443 2955 2519 σελλαρίου
3058 2450 3389 2523 Χριστιανού
3491 2442 3557 2499 τὸ
3641 2436 3791 2502 σέϐας

2131 2534 2492 2615 ὑπάρχοντος,
2542 2535 2630 2590 καὶ
2671 2534 2815 2613 παρά
2845 2541 3002 2591 τοῦτο
3036 2532 3329 2611 συναλγεῖν
3364 2533 3605 2612 ἔχοντος
3663 2528 3783 2610 φιλ-

2134 2625 2425 2703 ανθρώπως
2482 2637 2603 2687 τοῖς
2656 2624 2788 2702 ὑπὲρ
2847 2622 3113 2688 εὐσεϐείας
3173 2624 3263 2679 καὶ
3320 2623 3425 2679 τοῦ
3482 2618 3655 2677 καλοῦ
3694 2618 3789 2674 κά-

2132 2735 2345 2790 μνουσι,
2398 2715 2487 2770 καὶ
2546 2718 2878 2791 Χριστιανῶν
2936 2712 3011 2785 τῷ
3053 2710 3379 2787 βουλομένῳ
3437 2715 3545 2778 τῆς
3594 2705 3783 2765 εἰσόδου

2131 2810 2587 2882 παραχωροῦντος
2627 2818 2641 2833 ⁸
2707 2802 2887 2859 εἰσιὼν
2941 2797 3068 2880 παρ’
3127 2801 3336 2879 ἡμέραν
3401 2802 3432 2856 ὁ
3491 2799 3591 2867 τῆς
3627 2800 3782 2873 μονῆς

2129 2890 2353 2972 ἀδελφὸς
2415 2890 2727 2965 ἀκωλύτως,
2785 2893 2814 2947 6
2868 2892 2954 2947 καὶ
2989 2891 3293 2966 συναπαίρας
3359 2890 3425 2946 ἐκ
3475 2886 3776 2963 Καισαρείας

2129 2986 2206 3055 τῷ
2264 2983 2514 3061 μάρτυρι,
2558 2983 2619 3037 τὸ
2663 2979 2897 3058 σκληρὸν
2928 2976 3172 3044 καθάπαξ
3217 2979 3408 3035 έκεῖνο
3456 2979 3550 3034 καὶ
3604 2973 3773 3055 ἄφιλον

2129 3077 2225 3139 τῆς
2270 3071 2324 3128 ἒν
2354 3074 2430 3147 τῷ
2458 3070 2807 3149 δεσμωτηρίῳ
2835 3067 3134 3148 διαγωγῆς,
3169 3068 3265 3131 τάς
3299 3090 3362 3125 τε
3404 3070 3519 3125 τῶν
3565 3063 3764 3141 πληγῶν

2131 3160 2341 3237 ὀδύνας,
2397 3161 2486 3218 καὶ
2515 3162 2615 3228 τὴν
2645 3159 2750 3217 ἀπὸ
2784 3165 2892 3217 τῶν
2934 3156 3145 3235 δεσμῶν
3171 3156 3269 3215 καί
3301 3159 3409 3227 τῆς
3457 3154 3630 3222 ἄλλης
3682 3173 3768 3208 ιι·

2130 3250 2415 3313 κοπαθείας
2464 3250 2828 3330 στενοχωρίαν
2864 3252 3271 3325 παρεμυθεῖτο.
3344 3245 3551 3305 Πολλοῖ
3608 3241 3667 3299 δά
3695 3241 3770 3297 καί

2130 3340 2283 3400 ἄλλοι
2344 3344 2447 3398 τῶν
2500 3338 2755 3412 εὐσεϐῶν,
2788 3338 2904 3415 μεθ’
2935 3340 3010 3394 ὧν
3040 3339 3129 3394 καὶ
3157 3338 3205 3394 οί
3236 3343 3331 3394 τού
3362 3333 3555 3396 mea»
3583 3331 3771 3389 ἑκείνου

2129 3429 2263 3505 υἱοί,
2309 3433 2438 3510 πρὸς
2470 3431 2625 3487 αὐτὸν
2658 3428 2938 3503 εἰσιόντες,
2970 3428 3097 3485 ποσί
3127 3428 3185 3484 τε
3214 3426 3385 3484 αὐτοῦ
3421 3438 3543 3491 τοῖς
3571 3421 3770 3510 ὡραίοις

2131 3523 2219 3578 καὶ
2261 3509 2434 3599 ἀγαθὰ
2484 3524 2666 3599 σαφῶς
2719 3515 3220 3598 εύαγγελιζομένοις
3251 3514 3646 3595 προσέπιπτον,
3689 3509 3771 3565 καὶ

2129 3612 2195 3668 τὰ
2238 3609 2406 3687 δεσμά
2457 3608 2793 3689 κατεφίλουν,
2849 3608 2937 3664 καί
2978 3628 3121 3674 τινος
3164 3603 3294 3684 παρ’
3362 3609 3532 3666 αὐτοῦ
3586 3610 3765 3680 τυχεῖν

2131 3700 2303 3781 εὒχῆς
2358 3722 2415 3757 τε
2472 3701 2563 3756 καὶ
2615 3697 2860 3775 εύλογίας
2918 3694 3151 3759 ἱδέοντο,
3198 3703 3301 3755 Τοῦ
3346 3695 3404 3752 δὲ
3449 3694 3585 3781 πρὸς
3612 3696 3763 3747 ταῦτα

2132 3794 2217 3847 καὶ
2273 3788 2389 3846 λίαν
2447 3786 2827 3868 ἁπαραδέκτως
2884 3786 3136 3868 ἔχοντος.
3208 3785 3335 3865 (ὅλῃ
3410 3785 3513 3863 γὰρ
3570 3780 3764 3868 ἐκεῖνος

2127 3880 2207 3936 ἀεὶ
2236 3880 2325 3936 καὶ
2357 3867 2578 3957 γνώμης
2626 3878 2717 3934 καὶ
2765 3881 2951 3957 ψυχῆς
3000 3874 3245 3955 προθέσει
3289 3874 3391 3943 τῆς
3443 3867 3761 3957 ἀνθρωπίνης

2126 3967 2310 4040 δόξης,
2342 3953 2441 4035 τῆς
2472 3953 2634 4034 κενῆς
2666 3965 2731 4033 δὴ
2774 3953 2973 4033 ταύτης
3012 3953 3101 4022 καὶ
3130 3965 3357 4023 ἀπίστου
3388 3963 3477 4020 καὶ
3509 3953 3763 4035 ψευδομέ-

2130 4082 2225 4127 νης
2290 4058 2379 4115 καί
2432 4056 2582 4116 οὒδὲν
2625 4056 2862 4136 ἐχούσης
2908 4054 3184 4130 ἀ)ι,θινον,
3230 4054 3326 4118 τὰς
3354 4049 3601 4134 ἀφορμὰς
3629 4064 3758 4136 παρέ

2128 4148 2370 4227 ἐκοπτε),
2428 4146 2582 4205 αὒτοί
2616 4132 2785 4221 κηρὸν
2828 4158 2949 4209 τοῖς
2997 4141 3220 4219 δεσμοῖς
3250 4132 3659 4211 ὲπιεᾶλλοντες,
3698 4132 3754 4227 τῖξ

2128 4218 2365 4295 ἐκεῖθεν⁷
2391 4218 2703 4311 ἐκτύπωμα
2739 4234 2813 4299 ὥς
2857 4255 2909 4290 τι
2967 4218 3221 4311 μέγιστον
3272 4228 3636 4311 φυλακτήριον
3674 4218 3751 4278 καί

2127 4328 2371 4403 καμάτου
2413 4328 2612 4390 παντὸς
2642 4326 2730 4383 καὶ
2760 4324 2955 4387 πάθους
2986 4321 3235 4401 λυτήριον
3264 4320 3602 4397 ἒκομίζοντο.

2212 4415 2323 4475 KA’
2338 4463 2350 4475 .
2400 4415 2471 4473 Οὔ
2502 4414 2636 4472 πολὺ
2668 4417 2728 4471 τὸ
2771 4412 2827 4469 ἒν
2872 4411 3021 4488 μέσῳ
3050 4395 3138 4468 καί
3167 4408 3328 4467 πάλιν
3362 4395 3579 4469 ἀπιστὰς
3607 4403 3633 4457 ὃ

2128 4530 2247 4588 χων
2297 4510 2367 4582 τῇ
2405 4504 2642 4584 φυλακῇ,
2685 4505 2731 4559 εἷ
2773 4485 2893 4566 τοῖς
2924 4485 3018 4559 τοῦ
3047 4498 3310 4577 βασιλέως
3340 4498 3485 4556 εἴκοι
3511 4485 3738 4588 Δπρουξέ-

2129 4577 2445 4677 γμασινίείς
2505 4577 2660 4650 κεν-ὸτν
2713 4592 2927 4672 ἠρωτα,
2990 4589 3026 4658 ἢ
3069 4586 3275 4665 μᾶλλον
3318 4582 3559 4677 ἀφορμὰς
3589 4577 3727 4677 ιχςη..

2129 4662 2262 4766 ἑίῖιῖιν,
2319 4682 2544 4760 ὠμοτάη
2596 4662 2765 4762 ψυχῇ.
2796 4662 3108 4762 χαρίζεσθαι
3184 4662 3441 4766 κολάζειν-
3488 4662 3729 4766 tenuim-

2130 4757 2260 4835 Τοῦ,
2290 4772 2344 4831 δὲ
2370 4757 2456 4850 μή
2498 4757 2725 4851 μετρίως
2946 4771 3047 4837 τὴν
3101 4766 3369 4847 ὶρώτησιν
3400 4757 3731 4852 δυσχεράναν-

2129 4887 2246 4940 τος,
2283 4841 2511 4921 καῖνσυνν
2538 4841 2681 4938 ὁρμη
2713 4841 3034 4940 πρὸςάύτὸν
3084 4841 3172 4914 καὶ
3200 4857 3461 4932 κινὴματι
3503 4841 3732 4940 κεφιλξιξο

2126 4956 2155 5012 ὃ
2197 4926 2460 5013 πολλάκις
2494 4926 2782 5030 εἶπεξκαὶ
2826 4955 2913 5007 νῦν
2968 4926 3422 5028 ἀποκριναμένου,
3473 4947 3544 5002 ὡς
3578 4926 3734 5030 ήοιξδδν

2126 5045 2235 5124 ἑγὼ
2293 5041 2517 5123 Χριστοῦ
2557 5019 2648 5097 καί
2706 5038 2798 5107 τῆς
2843 5019 3137 5112 εὐσεϐείας,
3190 5019 3248 5093 εύ
3301 5019 3415 5093 ἵσθί
3442 5019 3731 5124 «pomi-6:“

2127 5105 2216 5214 ρόν
2270 5105 2508 5209 θήσομαι
2547 5147 2561 5162 °
2626 5105 2855 5205 κελεύει,
2914 5105 3169 5205 ῥοπάλοίς
3240 5127 3398 5184 αὺτὸν
3433 5105 3565 5214 Ακαί-
3591 5105 3728 5214 πόλοι

2126 5198 2420 5302 ίόσπερνδὴ·
2445 5221 2533 5278 καὶ
2576 5198 3180 5299 πρότερονγτύπτεσθαι.
3233 5214 3382 5273 Ἐπεὶ
3429 5209 3484 5302 δε
3508 5198 3725 5302 ἀδριάντξ

2125 5296 2331 5392 μᾶλλον
2389 5311 2425 5380 ἢ
2468 5296 2630 5389 ἄνδρα
2657 5296 2872 5367 τύπτειν
2903 5307 3168 5383 ἰῴκεσαν,
3202 5303 3326 5362 ὅσον
3355 5303 3420 5372 ἦν
3449 5296 3636 5392 ιίιιάξαί

2126 5379 2371 5480 ἀκαμπεῖ
2413 5379 2507 5459 τοῦ
2561 5379 2958 5482 ίρρονήματοςί
3026 5379 3162 5460 τέως
3221 5393 3320 5471 μὲν
3378 5390 3526 5482 αὐτὸν
3574 5379 3622 5436 ἕν

2127 5473 2342 5574 φυλακῇ
2373 5473 2685 5549 καταλιπὼν
2714 5473 2745 5544 ὅ
2773 5485 2961 5567 ἄρχων
2992 5482 3201 5565 ἄπεισι,
3223 5484 3312 5540 καί
3341 5498 3483 5574 τινας

2394 5583 2611 5665 ἔρχεται
2672 5559 3018 5655 πρὸςηαῦτὸν
3083 5559 3254 5649 αὖθίς,
3317 5571 3478 5631 πολὺς
3515 5560 3582 5620 ὢν
3617 5559 3716 5616 τοῖς
