  <div class='ocr_page' id='page_1' title='image "/cluster/home/n/w/nwhite01/storage/ocr_20150623/114/mdp.39015028574344/408.png"; bbox 0 0 4006 6138; ppageno 0'>
   <div class='ocr_carea' id='block_1_1' title="bbox 316 238 3696 322">
    <p class='ocr_par' dir='ltr' id='par_1_1' title="bbox 316 238 3696 322">
     <span class='ocr_line' id='line_1_1' title="bbox 316 238 3696 322; baseline -0.004 -7"><span class='ocrx_word' id='word_1_1' title='bbox 316 246 453 318; x_wconf 80' lang='grc'><strong>805</strong></span> <span class='ocrx_word' id='word_1_2' title='bbox 1470 238 1659 311; x_wconf 77' lang='lat' dir='ltr'><strong>VITA</strong></span> <span class='ocrx_word' id='word_1_3' title='bbox 1701 246 1758 307; x_wconf 86' lang='lat' dir='ltr'><strong>S.</strong></span> <span class='ocrx_word' id='word_1_4' title='bbox 1810 240 2216 309; x_wconf 81' lang='lat' dir='ltr'><strong>ANASTASII</strong></span> <span class='ocrx_word' id='word_1_5' title='bbox 2262 247 2545 311; x_wconf 62' lang='lat' dir='ltr'><strong>PERSE.</strong></span> <span class='ocrx_word' id='word_1_6' title='bbox 3578 256 3696 322; x_wconf 78' lang='lat'><strong>806</strong></span> 
     </span>
    </p>
   </div>
   <div class='ocr_carea' id='block_1_2' title="bbox 315 377 1972 472">
    <p class='ocr_par' dir='ltr' id='par_1_2' title="bbox 315 381 1958 472">
     <span class='ocr_line' id='line_1_2' title="bbox 315 381 1958 472; baseline -0.008 -23"><span class='ocrx_word' id='word_1_7' title='bbox 315 391 664 472; x_wconf 80' lang='grc' dir='ltr'>τεχνάσμασι</span> <span class='ocrx_word' id='word_1_8' title='bbox 735 387 823 444; x_wconf 86' lang='grc' dir='ltr'><strong>καὶ</strong></span> <span class='ocrx_word' id='word_1_9' title='bbox 865 398 990 449; x_wconf 75' lang='grc' dir='ltr'>ταῖς</span> <span class='ocrx_word' id='word_1_10' title='bbox 1043 384 1302 449; x_wconf 74' lang='grc' dir='ltr'><strong>ἐπινοίαις</strong></span> <span class='ocrx_word' id='word_1_11' title='bbox 1329 401 1345 422; x_wconf 81' lang='grc'><strong><em>⁸</em></strong></span> <span class='ocrx_word' id='word_1_12' title='bbox 1391 385 1480 442; x_wconf 86' lang='grc' dir='ltr'><strong>καὶ</strong></span> <span class='ocrx_word' id='word_1_13' title='bbox 1523 390 1610 440; x_wconf 77' lang='grc' dir='ltr'><strong>νῦν</strong></span> <span class='ocrx_word' id='word_1_14' title='bbox 1654 383 1755 451; x_wconf 69' lang='grc' dir='ltr'>μὲν</span> <span class='ocrx_word' id='word_1_15' title='bbox 1794 381 1958 440; x_wconf 85' lang='grc' dir='ltr'>κολα-</span> 
     </span>
    </p>
   </div>
   <div class='ocr_carea' id='block_1_3' title="bbox 2064 377 3697 472">
    <p class='ocr_par' dir='ltr' id='par_1_3' title="bbox 2064 377 3697 458">
     <span class='ocr_line' id='line_1_3' title="bbox 2064 377 3697 458; baseline 0.009 -19"><span class='ocrx_word' id='word_1_16' title='bbox 2064 377 2256 443; x_wconf 91' lang='lat' dir='ltr'><strong>Iiebus</strong></span> <span class='ocrx_word' id='word_1_17' title='bbox 2284 381 2355 443; x_wconf 71' lang='lat' dir='ltr'><strong>ad</strong></span> <span class='ocrx_word' id='word_1_18' title='bbox 2385 398 2523 444; x_wconf 90' lang='lat' dir='ltr'><strong>eum</strong></span> <span class='ocrx_word' id='word_1_19' title='bbox 2554 384 2899 458; x_wconf 86' lang='lat' dir='ltr'><strong>revertitur,</strong></span> <span class='ocrx_word' id='word_1_20' title='bbox 2930 383 3123 447; x_wconf 88' lang='lat' dir='ltr'><strong>varias</strong></span> <span class='ocrx_word' id='word_1_21' title='bbox 3154 394 3315 448; x_wconf 89' lang='lat' dir='ltr'><strong>artes</strong></span> <span class='ocrx_word' id='word_1_22' title='bbox 3347 397 3407 450; x_wconf 90' lang='lat' dir='ltr'><strong>et</strong></span> <span class='ocrx_word' id='word_1_23' title='bbox 3434 392 3697 456; x_wconf 88' lang='lat' dir='ltr'><strong>rationes</strong></span> 
     </span>
    </p>
   </div>
   <div class='ocr_carea' id='block_1_4' title="bbox 317 472 1972 558">
    <p class='ocr_par' dir='ltr' id='par_1_4' title="bbox 317 472 1964 557">
     <span class='ocr_line' id='line_1_4' title="bbox 317 472 1964 557; baseline -0.007 -19"><span class='ocrx_word' id='word_1_24' title='bbox 317 482 494 544; x_wconf 76' lang='grc' dir='ltr'>κείαις</span> <span class='ocrx_word' id='word_1_25' title='bbox 537 481 625 537; x_wconf 78' lang='grc' dir='ltr'><strong>καὶ</strong></span> <span class='ocrx_word' id='word_1_26' title='bbox 665 475 1019 557; x_wconf 74' lang='grc' dir='ltr'><strong>ὑποσχέσεσι,</strong></span> <span class='ocrx_word' id='word_1_27' title='bbox 1078 481 1167 531; x_wconf 83' lang='grc' dir='ltr'>νῦν</span> <span class='ocrx_word' id='word_1_28' title='bbox 1223 472 1279 530; x_wconf 74' lang='grc' dir='ltr'>δὲ</span> <span class='ocrx_word' id='word_1_29' title='bbox 1310 472 1561 539; x_wconf 80' lang='grc' dir='ltr'><strong>ἀπειλαῖς</strong></span> <span class='ocrx_word' id='word_1_30' title='bbox 1592 475 1681 529; x_wconf 86' lang='grc' dir='ltr'><strong>καὶ</strong></span> <span class='ocrx_word' id='word_1_31' title='bbox 1710 472 1964 530; x_wconf 84' lang='grc' dir='ltr'><strong>κολάσεσι</strong></span> 
     </span>
    </p>
   </div>
   <div class='ocr_carea' id='block_1_5' title="bbox 2064 472 3694 558">
    <p class='ocr_par' dir='ltr' id='par_1_5' title="bbox 2064 472 3694 558">
     <span class='ocr_line' id='line_1_5' title="bbox 2064 472 3694 558; baseline 0.007 -26"><span class='ocrx_word' id='word_1_32' title='bbox 2064 472 2390 550; x_wconf 71' lang='lat' dir='ltr'><strong>excogitans</strong></span> <span class='ocrx_word' id='word_1_33' title='bbox 2416 488 2430 533; x_wconf 88' lang='lat'>:</span> <span class='ocrx_word' id='word_1_34' title='bbox 2466 480 2525 532; x_wconf 92' lang='lat' dir='ltr'><strong>et</strong></span> <span class='ocrx_word' id='word_1_35' title='bbox 2555 491 2757 535; x_wconf 91' lang='lat' dir='ltr'><strong>nuunc</strong></span> <span class='ocrx_word' id='word_1_36' title='bbox 2788 473 3030 554; x_wconf 88' lang='lat' dir='ltr'><strong>quidem</strong></span> <span class='ocrx_word' id='word_1_37' title='bbox 3065 475 3241 536; x_wconf 84' lang='lat' dir='ltr'><strong>minis</strong></span> <span class='ocrx_word' id='word_1_38' title='bbox 3272 485 3331 537; x_wconf 92' lang='lat' dir='ltr'><strong>et</strong></span> <span class='ocrx_word' id='word_1_39' title='bbox 3361 481 3694 558; x_wconf 78' lang='lat' dir='ltr'><strong>promissis,</strong></span> 
     </span>
    </p>
   </div>
   <div class='ocr_carea' id='block_1_6' title="bbox 320 560 1972 648">
    <p class='ocr_par' dir='ltr' id='par_1_6' title="bbox 320 562 1967 648">
     <span class='ocr_line' id='line_1_6' title="bbox 320 562 1967 648; baseline -0.007 -19"><span class='ocrx_word' id='word_1_40' title='bbox 320 574 404 637; x_wconf 76' lang='grc' dir='ltr'><strong>είς</strong></span> <span class='ocrx_word' id='word_1_41' title='bbox 448 571 670 648; x_wconf 76' lang='grc' dir='ltr'><strong>ἄρνησιν</strong></span> <span class='ocrx_word' id='word_1_42' title='bbox 698 571 798 636; x_wconf 76' lang='grc' dir='ltr'>τῆς</span> <span class='ocrx_word' id='word_1_43' title='bbox 830 565 1095 631; x_wconf 70' lang='grc' dir='ltr'>εὐσεϐείας</span> <span class='ocrx_word' id='word_1_44' title='bbox 1140 568 1295 624; x_wconf 76' lang='grc' dir='ltr'>αὐτὸν</span> <span class='ocrx_word' id='word_1_45' title='bbox 1355 565 1770 641; x_wconf 79' lang='grc' dir='ltr'>ἐκκαλούμενος.</span> <span class='ocrx_word' id='word_1_46' title='bbox 1817 562 1967 620; x_wconf 84' lang='grc' dir='ltr'>Ἐπεὶ</span> 
     </span>
    </p>
   </div>
   <div class='ocr_carea' id='block_1_7' title="bbox 2064 560 3697 648">
    <p class='ocr_par' dir='ltr' id='par_1_7' title="bbox 2064 560 3697 643">
     <span class='ocr_line' id='line_1_7' title="bbox 2064 560 3697 643; baseline 0.008 -23"><span class='ocrx_word' id='word_1_47' title='bbox 2064 578 2209 621; x_wconf 81' lang='lat' dir='ltr'><strong>nunc</strong></span> <span class='ocrx_word' id='word_1_48' title='bbox 2240 567 2435 622; x_wconf 87' lang='lat' dir='ltr'><strong>autem</strong></span> <span class='ocrx_word' id='word_1_49' title='bbox 2471 560 2652 622; x_wconf 84' lang='lat' dir='ltr'><strong>minis</strong></span> <span class='ocrx_word' id='word_1_50' title='bbox 2682 570 2740 623; x_wconf 88' lang='lat' dir='ltr'><strong>et</strong></span> <span class='ocrx_word' id='word_1_51' title='bbox 2770 563 3082 643; x_wconf 86' lang='lat' dir='ltr'><strong>suppliciis</strong></span> <span class='ocrx_word' id='word_1_52' title='bbox 3115 583 3251 627; x_wconf 92' lang='lat' dir='ltr'><strong>eum</strong></span> <span class='ocrx_word' id='word_1_53' title='bbox 3305 585 3593 632; x_wconf 79' lang='lat' dir='ltr'><strong>revocans</strong></span> <span class='ocrx_word' id='word_1_54' title='bbox 3620 571 3697 633; x_wconf 89' lang='lat' dir='ltr'><strong>ad</strong></span> 
     </span>
    </p>
   </div>
   <div class='ocr_carea' id='block_1_8' title="bbox 318 650 1972 736">
    <p class='ocr_par' dir='ltr' id='par_1_8' title="bbox 318 653 1967 736">
     <span class='ocr_line' id='line_1_8' title="bbox 318 653 1967 736; baseline -0.005 -19"><span class='ocrx_word' id='word_1_55' title='bbox 318 659 382 717; x_wconf 71' lang='grc' dir='ltr'>δὲ</span> <span class='ocrx_word' id='word_1_56' title='bbox 412 664 441 719; x_wconf 79' lang='grc' dir='ltr'>ὁ</span> <span class='ocrx_word' id='word_1_57' title='bbox 471 663 625 723; x_wconf 75' lang='grc' dir='ltr'>αὒτὸς</span> <span class='ocrx_word' id='word_1_58' title='bbox 672 661 737 728; x_wconf 74' lang='grc' dir='ltr'>ἦν</span> <span class='ocrx_word' id='word_1_59' title='bbox 782 657 1161 736; x_wconf 84' lang='grc' dir='ltr'>Ἀναστάσιος,</span> <span class='ocrx_word' id='word_1_60' title='bbox 1192 658 1335 731; x_wconf 86' lang='grc' dir='ltr'>μήτε</span> <span class='ocrx_word' id='word_1_61' title='bbox 1365 655 1572 718; x_wconf 81' lang='grc' dir='ltr'>τούτοις</span> <span class='ocrx_word' id='word_1_62' title='bbox 1607 653 1967 728; x_wconf 78' lang='grc' dir='ltr'>ὓποκλινόμε-</span> 
     </span>
    </p>
   </div>
   <div class='ocr_carea' id='block_1_9' title="bbox 2064 650 3699 736">
    <p class='ocr_par' dir='ltr' id='par_1_9' title="bbox 2064 650 3699 730">
     <span class='ocr_line' id='line_1_9' title="bbox 2064 650 3699 730; baseline 0.007 -19"><span class='ocrx_word' id='word_1_63' title='bbox 2064 650 2382 729; x_wconf 83' lang='lat' dir='ltr'><strong>negandam</strong></span> <span class='ocrx_word' id='word_1_64' title='bbox 2415 651 2719 730; x_wconf 78' lang='lat' dir='ltr'><strong>pietatem.</strong></span> <span class='ocrx_word' id='word_1_65' title='bbox 2752 650 2897 714; x_wconf 86' lang='lat' dir='ltr'><strong>Cum</strong></span> <span class='ocrx_word' id='word_1_66' title='bbox 2926 662 3123 716; x_wconf 91' lang='lat' dir='ltr'><strong>autem</strong></span> <span class='ocrx_word' id='word_1_67' title='bbox 3157 654 3315 717; x_wconf 90' lang='lat' dir='ltr'><strong>idem</strong></span> <span class='ocrx_word' id='word_1_68' title='bbox 3349 669 3509 721; x_wconf 89' lang='lat' dir='ltr'><strong>esset</strong></span> <span class='ocrx_word' id='word_1_69' title='bbox 3533 660 3699 724; x_wconf 75' lang='lat' dir='ltr'><strong>Ana-</strong></span> 
     </span>
    </p>
   </div>
   <div class='ocr_carea' id='block_1_10' title="bbox 322 739 1972 831">
    <p class='ocr_par' dir='ltr' id='par_1_10' title="bbox 322 741 1969 831">
     <span class='ocr_line' id='line_1_10' title="bbox 322 741 1969 831; baseline -0.005 -24"><span class='ocrx_word' id='word_1_70' title='bbox 322 772 443 831; x_wconf 89' lang='grc' dir='ltr'>νος,</span> <span class='ocrx_word' id='word_1_71' title='bbox 494 753 633 827; x_wconf 85' lang='grc' dir='ltr'>μήτε</span> <span class='ocrx_word' id='word_1_72' title='bbox 679 749 899 813; x_wconf 73' lang='grc' dir='ltr'>ἐκείνοις</span> <span class='ocrx_word' id='word_1_73' title='bbox 950 746 1301 824; x_wconf 80' lang='grc' dir='ltr'>θελγόμενος,</span> <span class='ocrx_word' id='word_1_74' title='bbox 1348 758 1467 808; x_wconf 81' lang='grc' dir='ltr'>τοῖς</span> <span class='ocrx_word' id='word_1_75' title='bbox 1511 743 1834 823; x_wconf 78' lang='grc' dir='ltr'>προλαϐοῦσι</span> <span class='ocrx_word' id='word_1_76' title='bbox 1879 741 1969 798; x_wconf 86' lang='grc' dir='ltr'><strong>δε-</strong></span> 
     </span>
    </p>
   </div>
   <div class='ocr_carea' id='block_1_11' title="bbox 2064 739 3696 831">
    <p class='ocr_par' dir='ltr' id='par_1_11' title="bbox 2064 739 3696 831">
     <span class='ocr_line' id='line_1_11' title="bbox 2064 739 3696 831; baseline 0.007 -30"><span class='ocrx_word' id='word_1_77' title='bbox 2064 740 2274 831; x_wconf 82' lang='lat' dir='ltr'><strong>stasius</strong></span> <span class='ocrx_word' id='word_1_78' title='bbox 2296 748 2355 800; x_wconf 89' lang='lat' dir='ltr'><strong>et</strong></span> <span class='ocrx_word' id='word_1_79' title='bbox 2376 758 2487 831; x_wconf 82' lang='lat' dir='ltr'><strong>nec</strong></span> <span class='ocrx_word' id='word_1_80' title='bbox 2509 741 2602 831; x_wconf 83' lang='lat' dir='ltr'><strong>his</strong></span> <span class='ocrx_word' id='word_1_81' title='bbox 2618 739 3031 831; x_wconf 80' lang='lat' dir='ltr'><strong>inclinaretur,</strong></span> <span class='ocrx_word' id='word_1_82' title='bbox 3048 763 3161 805; x_wconf 88' lang='lat' dir='ltr'><strong>nec</strong></span> <span class='ocrx_word' id='word_1_83' title='bbox 3183 744 3301 807; x_wconf 86' lang='lat' dir='ltr'><strong>illis</strong></span> <span class='ocrx_word' id='word_1_84' title='bbox 3322 746 3696 828; x_wconf 89' lang='lat' dir='ltr'><strong>deliniretur,</strong></span> 
     </span>
    </p>
   </div>
   <div class='ocr_carea' id='block_1_12' title="bbox 322 828 1972 916">
    <p class='ocr_par' dir='ltr' id='par_1_12' title="bbox 322 828 1972 916">
     <span class='ocr_line' id='line_1_12' title="bbox 322 828 1972 916; baseline -0.007 -19"><span class='ocrx_word' id='word_1_85' title='bbox 322 828 493 915; x_wconf 72' lang='grc' dir='ltr'>σμοῖς</span> <span class='ocrx_word' id='word_1_86' title='bbox 536 841 623 897; x_wconf 82' lang='grc' dir='ltr'>καὶ</span> <span class='ocrx_word' id='word_1_87' title='bbox 664 852 790 903; x_wconf 77' lang='grc' dir='ltr'>ταῖς</span> <span class='ocrx_word' id='word_1_88' title='bbox 833 836 1076 916; x_wconf 77' lang='grc' dir='ltr'><strong>πληγαῖς</strong></span> <span class='ocrx_word' id='word_1_89' title='bbox 1121 834 1399 901; x_wconf 76' lang='grc' dir='ltr'>ἐξεδίδοτο.</span> <span class='ocrx_word' id='word_1_90' title='bbox 1435 839 1570 893; x_wconf 82' lang='grc' dir='ltr'>Εἶτα</span> <span class='ocrx_word' id='word_1_91' title='bbox 1612 835 1718 892; x_wconf 79' lang='grc' dir='ltr'><strong>τῶν</strong></span> <span class='ocrx_word' id='word_1_92' title='bbox 1765 832 1972 909; x_wconf 81' lang='grc' dir='ltr'><strong>δεσμῶν</strong></span> 
     </span>
    </p>
   </div>
   <div class='ocr_carea' id='block_1_13' title="bbox 2064 828 3701 916">
    <p class='ocr_par' dir='ltr' id='par_1_13' title="bbox 2064 828 3701 912">
     <span class='ocr_line' id='line_1_13' title="bbox 2064 828 3701 912; baseline 0.007 -22"><span class='ocrx_word' id='word_1_93' title='bbox 2064 828 2359 910; x_wconf 83' lang='lat' dir='ltr'><strong>prioribus</strong></span> <span class='ocrx_word' id='word_1_94' title='bbox 2409 829 2661 892; x_wconf 82' lang='lat' dir='ltr'><strong>vinculis</strong></span> <span class='ocrx_word' id='word_1_95' title='bbox 2692 840 2750 892; x_wconf 92' lang='lat' dir='ltr'><strong>et</strong></span> <span class='ocrx_word' id='word_1_96' title='bbox 2779 831 2967 912; x_wconf 84' lang='lat' dir='ltr'><strong>plagis</strong></span> <span class='ocrx_word' id='word_1_97' title='bbox 3014 842 3103 895; x_wconf 90' lang='lat' dir='ltr'><strong>est</strong></span> <span class='ocrx_word' id='word_1_98' title='bbox 3153 835 3421 900; x_wconf 86' lang='lat' dir='ltr'><strong>traditus.</strong></span> <span class='ocrx_word' id='word_1_99' title='bbox 3471 837 3701 902; x_wconf 87' lang='lat' dir='ltr'><strong>Deinde</strong></span> 
     </span>
    </p>
   </div>
   <div class='ocr_carea' id='block_1_14' title="bbox 327 919 1972 1011">
    <p class='ocr_par' dir='ltr' id='par_1_14' title="bbox 327 920 1972 1011">
     <span class='ocr_line' id='line_1_14' title="bbox 327 920 1972 1011; baseline -0.005 -25"><span class='ocrx_word' id='word_1_100' title='bbox 327 930 556 1011; x_wconf 84' lang='grc' dir='ltr'>ἀνεθεὶς,</span> <span class='ocrx_word' id='word_1_101' title='bbox 599 933 694 997; x_wconf 82' lang='grc' dir='ltr'>τῆς</span> <span class='ocrx_word' id='word_1_102' title='bbox 733 927 916 1005; x_wconf 80' lang='grc' dir='ltr'>ἑτέρας</span> <span class='ocrx_word' id='word_1_103' title='bbox 963 928 1148 1007; x_wconf 81' lang='grc' dir='ltr'>χειρὸς</span> <span class='ocrx_word' id='word_1_104' title='bbox 1194 925 1498 1003; x_wconf 73' lang='grc' dir='ltr'>έξαρτᾶται,</span> <span class='ocrx_word' id='word_1_105' title='bbox 1544 923 1689 984; x_wconf 81' lang='grc' dir='ltr'>λίθου</span> <span class='ocrx_word' id='word_1_106' title='bbox 1732 925 1829 991; x_wconf 77' lang='grc' dir='ltr'><strong>τὴν</strong></span> <span class='ocrx_word' id='word_1_107' title='bbox 1874 920 1972 978; x_wconf 84' lang='grc' dir='ltr'><strong>ὁλ-</strong></span> 
     </span>
    </p>
   </div>
   <div class='ocr_carea' id='block_1_15' title="bbox 2064 919 3703 1011">
    <p class='ocr_par' dir='ltr' id='par_1_15' title="bbox 2064 919 3703 1001">
     <span class='ocr_line' id='line_1_15' title="bbox 2064 919 3703 1001; baseline 0.007 -20"><span class='ocrx_word' id='word_1_108' title='bbox 2064 937 2194 981; x_wconf 90' lang='lat' dir='ltr'><strong>cum</strong></span> <span class='ocrx_word' id='word_1_109' title='bbox 2245 919 2456 981; x_wconf 79' lang='lat' dir='ltr'><strong>fuisset</strong></span> <span class='ocrx_word' id='word_1_110' title='bbox 2485 919 2784 982; x_wconf 80' lang='lat' dir='ltr'><strong>relaxatus</strong></span> <span class='ocrx_word' id='word_1_111' title='bbox 2812 941 2847 983; x_wconf 90' lang='lat' dir='ltr'><strong>a</strong></span> <span class='ocrx_word' id='word_1_112' title='bbox 2879 923 3151 1001; x_wconf 87' lang='lat' dir='ltr'><strong>vinculis,</strong></span> <span class='ocrx_word' id='word_1_113' title='bbox 3188 941 3260 987; x_wconf 84' lang='lat' dir='ltr'><strong>ex</strong></span> <span class='ocrx_word' id='word_1_114' title='bbox 3289 924 3474 989; x_wconf 89' lang='lat' dir='ltr'><strong>altera</strong></span> <span class='ocrx_word' id='word_1_115' title='bbox 3523 946 3703 991; x_wconf 89' lang='lat' dir='ltr'><strong>manu</strong></span> 
     </span>
    </p>
   </div>
   <div class='ocr_carea' id='block_1_16' title="bbox 322 1008 1972 1098">
    <p class='ocr_par' dir='ltr' id='par_1_16' title="bbox 322 1008 1972 1098">
     <span class='ocr_line' id='line_1_16' title="bbox 322 1008 1972 1098; baseline -0.006 -22"><span class='ocrx_word' id='word_1_116' title='bbox 322 1020 431 1087; x_wconf 75' lang='grc' dir='ltr'>κῆν</span> <span class='ocrx_word' id='word_1_117' title='bbox 461 1008 757 1098; x_wconf 78' lang='grc' dir='ltr'>βαρυτάτου</span> <span class='ocrx_word' id='word_1_118' title='bbox 784 1018 1006 1095; x_wconf 86' lang='grc' dir='ltr'>θατέρου</span> <span class='ocrx_word' id='word_1_119' title='bbox 1050 1028 1170 1074; x_wconf 82' lang='grc' dir='ltr'>τοτν</span> <span class='ocrx_word' id='word_1_120' title='bbox 1196 1011 1383 1072; x_wconf 77' lang='grc' dir='ltr'>ποδοῖν</span> <span class='ocrx_word' id='word_1_121' title='bbox 1418 1011 1744 1075; x_wconf 74' lang='grc' dir='ltr'>έκδεθέντος.</span> <span class='ocrx_word' id='word_1_122' title='bbox 1793 1010 1972 1075; x_wconf 77' lang='grc' dir='ltr'>Οὕτως</span> 
     </span>
    </p>
   </div>
   <div class='ocr_carea' id='block_1_17' title="bbox 2064 1008 3703 1098">
    <p class='ocr_par' dir='ltr' id='par_1_17' title="bbox 2064 1008 3703 1098">
     <span class='ocr_line' id='line_1_17' title="bbox 2064 1008 3703 1098; baseline 0.005 -28"><span class='ocrx_word' id='word_1_123' title='bbox 2064 1008 2470 1098; x_wconf 81' lang='lat' dir='ltr'><strong>suspenditur,</strong></span> <span class='ocrx_word' id='word_1_124' title='bbox 2507 1028 2641 1070; x_wconf 91' lang='lat' dir='ltr'><strong>cum</strong></span> <span class='ocrx_word' id='word_1_125' title='bbox 2675 1010 2824 1091; x_wconf 86' lang='lat' dir='ltr'><strong>lapis</strong></span> <span class='ocrx_word' id='word_1_126' title='bbox 2851 1012 3179 1090; x_wconf 82' lang='lat' dir='ltr'><strong>gravissimi</strong></span> <span class='ocrx_word' id='word_1_127' title='bbox 3214 1016 3496 1095; x_wconf 88' lang='lat' dir='ltr'><strong>ponderis</strong></span> <span class='ocrx_word' id='word_1_128' title='bbox 3543 1027 3703 1082; x_wconf 83' lang='lat' dir='ltr'><strong>esset</strong></span> 
     </span>
    </p>
   </div>
   <div class='ocr_carea' id='block_1_18' title="bbox 323 1096 1972 1188">
    <p class='ocr_par' dir='ltr' id='par_1_18' title="bbox 323 1096 1970 1184">
     <span class='ocr_line' id='line_1_18' title="bbox 323 1096 1970 1184; baseline -0.004 -18"><span class='ocrx_word' id='word_1_129' title='bbox 323 1107 419 1166; x_wconf 80' lang='grc' dir='ltr'><strong>οὗν</strong></span> <span class='ocrx_word' id='word_1_130' title='bbox 466 1096 628 1168; x_wconf 64' lang='grc' dir='ltr'>αὐτὸν</span> <span class='ocrx_word' id='word_1_131' title='bbox 672 1106 759 1163; x_wconf 75' lang='grc' dir='ltr'><strong>ἀπὶ</strong></span> <span class='ocrx_word' id='word_1_132' title='bbox 803 1103 945 1163; x_wconf 82' lang='grc' dir='ltr'>δυσὶν</span> <span class='ocrx_word' id='word_1_133' title='bbox 1003 1104 1166 1184; x_wconf 76' lang='grc' dir='ltr'>ὥραις</span> <span class='ocrx_word' id='word_1_134' title='bbox 1220 1104 1558 1183; x_wconf 87' lang='grc' dir='ltr'>κρεμάμενόν</span> <span class='ocrx_word' id='word_1_135' title='bbox 1604 1124 1661 1159; x_wconf 88' lang='grc' dir='ltr'>τε</span> <span class='ocrx_word' id='word_1_136' title='bbox 1710 1102 1795 1159; x_wconf 73' lang='grc' dir='ltr'><strong>καὶ</strong></span> <span class='ocrx_word' id='word_1_137' title='bbox 1848 1100 1970 1159; x_wconf 86' lang='grc' dir='ltr'>δια-</span> 
     </span>
    </p>
   </div>
   <div class='ocr_carea' id='block_1_19' title="bbox 2064 1096 3700 1188">
    <p class='ocr_par' dir='ltr' id='par_1_19' title="bbox 2064 1096 3700 1188">
     <span class='ocr_line' id='line_1_19' title="bbox 2064 1096 3700 1188; baseline 0.007 -30"><span class='ocrx_word' id='word_1_138' title='bbox 2064 1096 2323 1188; x_wconf 67' lang='lat' dir='ltr'><strong>alligatus</strong></span> <span class='ocrx_word' id='word_1_139' title='bbox 2344 1098 2518 1188; x_wconf 89' lang='lat' dir='ltr'><strong>alteri</strong></span> <span class='ocrx_word' id='word_1_140' title='bbox 2539 1116 2608 1160; x_wconf 82' lang='lat' dir='ltr'><strong>ex</strong></span> <span class='ocrx_word' id='word_1_141' title='bbox 2633 1100 2905 1179; x_wconf 88' lang='lat' dir='ltr'><strong>pedibus.</strong></span> <span class='ocrx_word' id='word_1_142' title='bbox 2933 1099 3079 1164; x_wconf 89' lang='lat' dir='ltr'><strong>Cum</strong></span> <span class='ocrx_word' id='word_1_143' title='bbox 3103 1121 3241 1164; x_wconf 88' lang='lat' dir='ltr'><strong>eum</strong></span> <span class='ocrx_word' id='word_1_144' title='bbox 3265 1121 3404 1185; x_wconf 89' lang='lat' dir='ltr'><strong>ergo</strong></span> <span class='ocrx_word' id='word_1_145' title='bbox 3427 1108 3512 1168; x_wconf 90' lang='lat' dir='ltr'><strong>sic</strong></span> <span class='ocrx_word' id='word_1_146' title='bbox 3546 1126 3700 1188; x_wconf 84' lang='lat' dir='ltr'><strong>pen-</strong></span> 
     </span>
    </p>
   </div>
   <div class='ocr_carea' id='block_1_20' title="bbox 326 1190 1972 1275">
    <p class='ocr_par' dir='ltr' id='par_1_20' title="bbox 326 1190 1972 1275">
     <span class='ocr_line' id='line_1_20' title="bbox 326 1190 1972 1275; baseline -0.005 -20"><span class='ocrx_word' id='word_1_147' title='bbox 326 1199 616 1273; x_wconf 87' lang='grc' dir='ltr'>σπώμενον</span> <span class='ocrx_word' id='word_1_148' title='bbox 645 1198 673 1253; x_wconf 78' lang='grc' dir='ltr'><strong>ὁ</strong></span> <span class='ocrx_word' id='word_1_149' title='bbox 702 1195 888 1275; x_wconf 78' lang='grc' dir='ltr'>ἅρχων</span> <span class='ocrx_word' id='word_1_150' title='bbox 918 1194 1259 1272; x_wconf 83' lang='grc' dir='ltr'>καταλιπὼν,</span> <span class='ocrx_word' id='word_1_151' title='bbox 1305 1194 1428 1250; x_wconf 58' lang='grc' dir='ltr'>ἐπεὶ</span> <span class='ocrx_word' id='word_1_152' title='bbox 1474 1192 1591 1250; x_wconf 83' lang='grc' dir='ltr'>κατ’</span> <span class='ocrx_word' id='word_1_153' title='bbox 1639 1190 1788 1249; x_wconf 66' lang='grc' dir='ltr'>οὐδὲν</span> <span class='ocrx_word' id='word_1_154' title='bbox 1832 1192 1972 1270; x_wconf 77' lang='grc' dir='ltr'>ἐώρα</span> 
     </span>
    </p>
   </div>
   <div class='ocr_carea' id='block_1_21' title="bbox 322 1282 1971 1367">
    <p class='ocr_par' dir='ltr' id='par_1_21' title="bbox 322 1282 1971 1367">
     <span class='ocr_line' id='line_1_21' title="bbox 322 1282 1971 1367; baseline -0.004 -22"><span class='ocrx_word' id='word_1_155' title='bbox 322 1287 407 1363; x_wconf 76' lang='grc' dir='ltr'><strong>τῷ</strong></span> <span class='ocrx_word' id='word_1_156' title='bbox 454 1287 676 1367; x_wconf 77' lang='grc' dir='ltr'>μάρτυρι</span> <span class='ocrx_word' id='word_1_157' title='bbox 721 1288 814 1343; x_wconf 80' lang='grc' dir='ltr'>τὸν</span> <span class='ocrx_word' id='word_1_158' title='bbox 856 1284 1009 1343; x_wconf 74' lang='grc' dir='ltr'>τόνον</span> <span class='ocrx_word' id='word_1_159' title='bbox 1054 1283 1418 1360; x_wconf 78' lang='grc' dir='ltr'>ὁπολυόμενον</span> <span class='ocrx_word' id='word_1_160' title='bbox 1451 1299 1465 1315; x_wconf 85' lang='lat'>&#39;</span> <span class='ocrx_word' id='word_1_161' title='bbox 1527 1282 1665 1340; x_wconf 84' lang='grc' dir='ltr'><strong>ἀλλά</strong></span> <span class='ocrx_word' id='word_1_162' title='bbox 1693 1286 1781 1341; x_wconf 86' lang='grc' dir='ltr'><strong>καὶ</strong></span> <span class='ocrx_word' id='word_1_163' title='bbox 1812 1304 1971 1364; x_wconf 73' lang='grc' dir='ltr'>σφρι-</span> 
     </span>
    </p>
   </div>
   <div class='ocr_carea' id='block_1_22' title="bbox 324 1372 1968 1457">
    <p class='ocr_par' dir='ltr' id='par_1_22' title="bbox 324 1372 1968 1457">
     <span class='ocr_line' id='line_1_22' title="bbox 324 1372 1968 1457; baseline -0.004 -22"><span class='ocrx_word' id='word_1_164' title='bbox 324 1376 509 1457; x_wconf 79' lang='grc' dir='ltr'>γῶντα</span> <span class='ocrx_word' id='word_1_165' title='bbox 550 1375 756 1453; x_wconf 81' lang='grc' dir='ltr'>μᾶλλον</span> <span class='ocrx_word' id='word_1_166' title='bbox 787 1381 855 1453; x_wconf 77' lang='grc' dir='ltr'><strong>τῇ</strong></span> <span class='ocrx_word' id='word_1_167' title='bbox 896 1378 1001 1432; x_wconf 82' lang='grc' dir='ltr'><strong>τῶν</strong></span> <span class='ocrx_word' id='word_1_168' title='bbox 1044 1374 1290 1452; x_wconf 82' lang='grc' dir='ltr'>βασάνων</span> <span class='ocrx_word' id='word_1_169' title='bbox 1342 1372 1576 1451; x_wconf 73' lang='grc' dir='ltr'>ἐπιμονῇ</span> <span class='ocrx_word' id='word_1_170' title='bbox 1620 1375 1706 1431; x_wconf 83' lang='grc' dir='ltr'><strong>καὶ</strong></span> <span class='ocrx_word' id='word_1_171' title='bbox 1763 1373 1968 1451; x_wconf 78' lang='grc' dir='ltr'>ῥωννύ-</span> 
     </span>
    </p>
   </div>
   <div class='ocr_carea' id='block_1_23' title="bbox 326 1459 1969 1543">
    <p class='ocr_par' dir='ltr' id='par_1_23' title="bbox 326 1459 1969 1543">
     <span class='ocr_line' id='line_1_23' title="bbox 326 1459 1969 1543; baseline -0.005 -19"><span class='ocrx_word' id='word_1_172' title='bbox 326 1488 512 1543; x_wconf 86' lang='grc' dir='ltr'>μενον,</span> <span class='ocrx_word' id='word_1_173' title='bbox 547 1465 756 1523; x_wconf 67' lang='grc' dir='ltr'>ἐκεῖνον</span> <span class='ocrx_word' id='word_1_174' title='bbox 788 1464 886 1541; x_wconf 76' lang='grc' dir='ltr'>μὲν</span> <span class='ocrx_word' id='word_1_175' title='bbox 932 1462 1153 1538; x_wconf 82' lang='grc' dir='ltr'>πέμψας</span> <span class='ocrx_word' id='word_1_176' title='bbox 1183 1463 1433 1543; x_wconf 85' lang='grc' dir='ltr'>κατάγει,</span> <span class='ocrx_word' id='word_1_177' title='bbox 1480 1463 1609 1539; x_wconf 82' lang='grc' dir='ltr'>πρὸς</span> <span class='ocrx_word' id='word_1_178' title='bbox 1633 1459 1687 1517; x_wconf 78' lang='grc' dir='ltr'>δὲ</span> <span class='ocrx_word' id='word_1_179' title='bbox 1732 1462 1824 1518; x_wconf 80' lang='grc' dir='ltr'><strong>τὸν</strong></span> <span class='ocrx_word' id='word_1_180' title='bbox 1866 1461 1969 1537; x_wconf 82' lang='grc' dir='ltr'><strong>βα-</strong></span> 
     </span>
    </p>
   </div>
   <div class='ocr_carea' id='block_1_24' title="bbox 326 1549 1970 1634">
    <p class='ocr_par' dir='ltr' id='par_1_24' title="bbox 326 1549 1970 1634">
     <span class='ocr_line' id='line_1_24' title="bbox 326 1549 1970 1634; baseline -0.004 -21"><span class='ocrx_word' id='word_1_181' title='bbox 326 1555 483 1613; x_wconf 78' lang='grc' dir='ltr'>σιλέα</span> <span class='ocrx_word' id='word_1_182' title='bbox 511 1552 841 1634; x_wconf 65' lang='grc' dir='ltr'>επανελθὼν,</span> <span class='ocrx_word' id='word_1_183' title='bbox 873 1556 934 1611; x_wconf 87' lang='grc' dir='ltr'><strong>τό</strong></span> <span class='ocrx_word' id='word_1_184' title='bbox 975 1574 1033 1610; x_wconf 86' lang='grc' dir='ltr'><strong>τε</strong></span> <span class='ocrx_word' id='word_1_185' title='bbox 1066 1550 1325 1632; x_wconf 73' lang='grc' dir='ltr'>ἄτρεπτον</span> <span class='ocrx_word' id='word_1_186' title='bbox 1382 1554 1541 1609; x_wconf 75' lang='grc' dir='ltr'><strong>αὒτοῦ</strong></span> <span class='ocrx_word' id='word_1_187' title='bbox 1590 1552 1690 1618; x_wconf 76' lang='grc' dir='ltr'><strong>τῆς</strong></span> <span class='ocrx_word' id='word_1_188' title='bbox 1745 1549 1970 1628; x_wconf 78' lang='grc' dir='ltr'>γνώμης</span> 
     </span>
    </p>
   </div>
   <div class='ocr_carea' id='block_1_25' title="bbox 327 1638 1969 1723">
    <p class='ocr_par' dir='ltr' id='par_1_25' title="bbox 327 1638 1969 1723">
     <span class='ocr_line' id='line_1_25' title="bbox 327 1638 1969 1723; baseline -0.004 -20"><span class='ocrx_word' id='word_1_189' title='bbox 327 1647 420 1704; x_wconf 74' lang='grc' dir='ltr'><strong>καὶ</strong></span> <span class='ocrx_word' id='word_1_190' title='bbox 488 1643 673 1707; x_wconf 81' lang='grc' dir='ltr'>δεινῶς</span> <span class='ocrx_word' id='word_1_191' title='bbox 726 1641 970 1723; x_wconf 77' lang='grc' dir='ltr'>ἀνδρικὸν</span> <span class='ocrx_word' id='word_1_192' title='bbox 1025 1642 1356 1721; x_wconf 78' lang='grc' dir='ltr'>ἀπαγγέλλει</span> <span class='ocrx_word' id='word_1_193' title='bbox 1382 1689 1400 1722; x_wconf 94' lang='grc'><strong>,</strong></span> <span class='ocrx_word' id='word_1_194' title='bbox 1460 1642 1558 1698; x_wconf 77' lang='grc' dir='ltr'>καί</span> <span class='ocrx_word' id='word_1_195' title='bbox 1625 1638 1969 1717; x_wconf 76' lang='grc' dir='ltr'>συμϐουλεύει</span> 
     </span>
    </p>
   </div>
   <div class='ocr_carea' id='block_1_26' title="bbox 2054 1187 3704 1277">
    <p class='ocr_par' dir='ltr' id='par_1_26' title="bbox 2054 1187 3704 1277">
     <span class='ocr_line' id='line_1_26' title="bbox 2054 1187 3704 1277; baseline 0.006 -28"><span class='ocrx_word' id='word_1_196' title='bbox 2054 1187 2292 1250; x_wconf 90' lang='lat' dir='ltr'><strong>dentem</strong></span> <span class='ocrx_word' id='word_1_197' title='bbox 2327 1196 2386 1252; x_wconf 90' lang='lat' dir='ltr'><strong>et</strong></span> <span class='ocrx_word' id='word_1_198' title='bbox 2414 1187 2501 1250; x_wconf 92' lang='lat' dir='ltr'><strong>sic</strong></span> <span class='ocrx_word' id='word_1_199' title='bbox 2531 1188 2827 1251; x_wconf 91' lang='lat' dir='ltr'><strong>divulsum</strong></span> <span class='ocrx_word' id='word_1_200' title='bbox 2873 1190 3103 1253; x_wconf 91' lang='lat' dir='ltr'><strong>duabus</strong></span> <span class='ocrx_word' id='word_1_201' title='bbox 3150 1192 3316 1255; x_wconf 90' lang='lat' dir='ltr'><strong>horis</strong></span> <span class='ocrx_word' id='word_1_202' title='bbox 3362 1187 3704 1277; x_wconf 86' lang='lat' dir='ltr'><strong>reliquisset</strong></span> 
     </span>
    </p>
   </div>
   <div class='ocr_carea' id='block_1_27' title="bbox 2056 1278 3696 1360">
    <p class='ocr_par' dir='ltr' id='par_1_27' title="bbox 2056 1278 3696 1360">
     <span class='ocr_line' id='line_1_27' title="bbox 2056 1278 3696 1360; baseline 0.007 -22"><span class='ocrx_word' id='word_1_203' title='bbox 2056 1278 2457 1359; x_wconf 82' lang='lat' dir='ltr'><strong>magistratus,</strong></span> <span class='ocrx_word' id='word_1_204' title='bbox 2510 1278 2868 1360; x_wconf 88' lang='lat' dir='ltr'><strong>videretque</strong></span> <span class='ocrx_word' id='word_1_205' title='bbox 2896 1281 3081 1344; x_wconf 89' lang='lat' dir='ltr'><strong>robur</strong></span> <span class='ocrx_word' id='word_1_206' title='bbox 3109 1300 3179 1343; x_wconf 91' lang='lat' dir='ltr'><strong>ac</strong></span> <span class='ocrx_word' id='word_1_207' title='bbox 3212 1283 3550 1347; x_wconf 77' lang='lat' dir='ltr'><strong>firmitatem</strong></span> <span class='ocrx_word' id='word_1_208' title='bbox 3582 1286 3696 1348; x_wconf 83' lang='lat' dir='ltr'><strong>mi-</strong></span> 
     </span>
    </p>
   </div>
   <div class='ocr_carea' id='block_1_28' title="bbox 2056 1368 3702 1451">
    <p class='ocr_par' dir='ltr' id='par_1_28' title="bbox 2056 1368 3702 1451">
     <span class='ocr_line' id='line_1_28' title="bbox 2056 1368 3702 1451; baseline 0.007 -23"><span class='ocrx_word' id='word_1_209' title='bbox 2056 1368 2216 1429; x_wconf 90' lang='lat' dir='ltr'><strong>nime</strong></span> <span class='ocrx_word' id='word_1_210' title='bbox 2247 1368 2491 1429; x_wconf 86' lang='lat' dir='ltr'><strong>dissolvi</strong></span> <span class='ocrx_word' id='word_1_211' title='bbox 2524 1368 2789 1448; x_wconf 63' lang='lat' dir='ltr'><strong>martyri,</strong></span> <span class='ocrx_word' id='word_1_212' title='bbox 2827 1369 2993 1431; x_wconf 87' lang='lat' dir='ltr'><strong>illum</strong></span> <span class='ocrx_word' id='word_1_213' title='bbox 3028 1370 3268 1451; x_wconf 88' lang='lat' dir='ltr'><strong>quidem</strong></span> <span class='ocrx_word' id='word_1_214' title='bbox 3300 1374 3546 1437; x_wconf 85' lang='lat' dir='ltr'><strong>remittit</strong></span> <span class='ocrx_word' id='word_1_215' title='bbox 3578 1396 3592 1435; x_wconf 92' lang='lat'><strong>:</strong></span> <span class='ocrx_word' id='word_1_216' title='bbox 3625 1376 3702 1439; x_wconf 91' lang='lat' dir='ltr'><strong>ad</strong></span> 
     </span>
    </p>
   </div>
   <div class='ocr_carea' id='block_1_29' title="bbox 2052 1457 3699 1543">
    <p class='ocr_par' dir='ltr' id='par_1_29' title="bbox 2052 1457 3699 1543">
     <span class='ocr_line' id='line_1_29' title="bbox 2052 1457 3699 1543; baseline 0.005 -24"><span class='ocrx_word' id='word_1_217' title='bbox 2052 1475 2254 1537; x_wconf 89' lang='lat' dir='ltr'><strong>regem</strong></span> <span class='ocrx_word' id='word_1_218' title='bbox 2279 1468 2479 1519; x_wconf 89' lang='lat' dir='ltr'><strong>autem</strong></span> <span class='ocrx_word' id='word_1_219' title='bbox 2502 1476 2804 1534; x_wconf 87' lang='lat' dir='ltr'><strong>reversus,</strong></span> <span class='ocrx_word' id='word_1_220' title='bbox 2824 1457 3257 1523; x_wconf 86' lang='lat' dir='ltr'><strong>immutabilem</strong></span> <span class='ocrx_word' id='word_1_221' title='bbox 3280 1463 3411 1543; x_wconf 86' lang='lat' dir='ltr'><strong>ejus</strong></span> <span class='ocrx_word' id='word_1_222' title='bbox 3442 1473 3699 1528; x_wconf 90' lang='lat' dir='ltr'><strong>mentem</strong></span> 
     </span>
    </p>
   </div>
   <div class='ocr_carea' id='block_1_30' title="bbox 2053 1546 3703 1635">
    <p class='ocr_par' dir='ltr' id='par_1_30' title="bbox 2053 1546 3703 1635">
     <span class='ocr_line' id='line_1_30' title="bbox 2053 1546 3703 1635; baseline 0.005 -26"><span class='ocrx_word' id='word_1_223' title='bbox 2053 1546 2344 1626; x_wconf 87' lang='lat' dir='ltr'><strong>signiﬁcat</strong></span> <span class='ocrx_word' id='word_1_224' title='bbox 2388 1556 2447 1610; x_wconf 90' lang='lat' dir='ltr'><strong>et</strong></span> <span class='ocrx_word' id='word_1_225' title='bbox 2490 1566 2786 1610; x_wconf 86' lang='lat' dir='ltr'><strong>summam</strong></span> <span class='ocrx_word' id='word_1_226' title='bbox 2838 1548 3025 1610; x_wconf 88' lang='lat' dir='ltr'><strong>animi</strong></span> <span class='ocrx_word' id='word_1_227' title='bbox 3082 1549 3511 1616; x_wconf 85' lang='lat' dir='ltr'><strong>fortitudinem.</strong></span> <span class='ocrx_word' id='word_1_228' title='bbox 3570 1556 3703 1635; x_wconf 86' lang='lat' dir='ltr'><strong>Ipse</strong></span> 
     </span>
    </p>
   </div>
   <div class='ocr_carea' id='block_1_31' title="bbox 2056 1636 3705 1719">
    <p class='ocr_par' dir='ltr' id='par_1_31' title="bbox 2056 1636 3705 1719">
     <span class='ocr_line' id='line_1_31' title="bbox 2056 1636 3705 1719; baseline 0.004 -20"><span class='ocrx_word' id='word_1_229' title='bbox 2056 1656 2296 1719; x_wconf 92' lang='lat' dir='ltr'><strong>quoque</strong></span> <span class='ocrx_word' id='word_1_230' title='bbox 2327 1637 2383 1699; x_wconf 89' lang='lat' dir='ltr'><strong>ei</strong></span> <span class='ocrx_word' id='word_1_231' title='bbox 2414 1636 2669 1701; x_wconf 87' lang='lat' dir='ltr'><strong>consulit</strong></span> <span class='ocrx_word' id='word_1_232' title='bbox 2698 1656 2774 1700; x_wconf 89' lang='lat' dir='ltr'><strong>ne</strong></span> <span class='ocrx_word' id='word_1_233' title='bbox 2804 1639 3059 1718; x_wconf 88' lang='lat' dir='ltr'><strong>amplius</strong></span> <span class='ocrx_word' id='word_1_234' title='bbox 3083 1640 3416 1719; x_wconf 90' lang='lat' dir='ltr'><strong>periculum</strong></span> <span class='ocrx_word' id='word_1_235' title='bbox 3444 1642 3624 1705; x_wconf 85' lang='lat' dir='ltr'><strong>faciat</strong></span> <span class='ocrx_word' id='word_1_236' title='bbox 3641 1644 3705 1706; x_wconf 90' lang='lat' dir='ltr'><strong>in</strong></span> 
     </span>
    </p>
   </div>
   <div class='ocr_carea' id='block_1_32' title="bbox 326 1727 1972 1810">
    <p class='ocr_par' dir='ltr' id='par_1_32' title="bbox 326 1730 1971 1810">
     <span class='ocr_line' id='line_1_32' title="bbox 326 1730 1971 1810; baseline -0.004 -18"><span class='ocrx_word' id='word_1_237' title='bbox 326 1736 419 1793; x_wconf 80' lang='grc' dir='ltr'><strong>καὶ</strong></span> <span class='ocrx_word' id='word_1_238' title='bbox 450 1734 607 1799; x_wconf 71' lang='grc' dir='ltr'>αὖτός</span> <span class='ocrx_word' id='word_1_239' title='bbox 652 1735 861 1791; x_wconf 78' lang='grc' dir='ltr'>οἴκοθεν</span> <span class='ocrx_word' id='word_1_240' title='bbox 923 1731 1120 1809; x_wconf 74' lang='grc' dir='ltr'>μηκέτι</span> <span class='ocrx_word' id='word_1_241' title='bbox 1172 1745 1364 1809; x_wconf 77' lang='grc' dir='ltr'>πεῖραν</span> <span class='ocrx_word' id='word_1_242' title='bbox 1414 1730 1747 1806; x_wconf 81' lang='grc' dir='ltr'>Ἀναστασίῳ</span> <span class='ocrx_word' id='word_1_243' title='bbox 1796 1752 1971 1810; x_wconf 88' lang='grc' dir='ltr'>προσ-</span> 
     </span>
    </p>
   </div>
   <div class='ocr_carea' id='block_1_33' title="bbox 2064 1727 3703 1810">
    <p class='ocr_par' dir='ltr' id='par_1_33' title="bbox 2064 1727 3703 1808">
     <span class='ocr_line' id='line_1_33' title="bbox 2064 1727 3703 1808; baseline 0.004 -18"><span class='ocrx_word' id='word_1_244' title='bbox 2064 1728 2401 1802; x_wconf 83' lang='lat' dir='ltr'><strong>Anastasio,</strong></span> <span class='ocrx_word' id='word_1_245' title='bbox 2436 1746 2549 1789; x_wconf 91' lang='lat' dir='ltr'><strong>nec</strong></span> <span class='ocrx_word' id='word_1_246' title='bbox 2578 1727 2879 1808; x_wconf 87' lang='lat' dir='ltr'><strong>permittat</strong></span> <span class='ocrx_word' id='word_1_247' title='bbox 2911 1737 2974 1790; x_wconf 93' lang='lat' dir='ltr'><strong>ut</strong></span> <span class='ocrx_word' id='word_1_248' title='bbox 3004 1735 3171 1792; x_wconf 88' lang='lat' dir='ltr'><strong>tanta</strong></span> <span class='ocrx_word' id='word_1_249' title='bbox 3201 1730 3451 1794; x_wconf 89' lang='lat' dir='ltr'><strong>altitudo</strong></span> <span class='ocrx_word' id='word_1_250' title='bbox 3480 1740 3542 1795; x_wconf 91' lang='lat' dir='ltr'><strong>et</strong></span> <span class='ocrx_word' id='word_1_251' title='bbox 3572 1752 3703 1796; x_wconf 87' lang='lat' dir='ltr'><strong>ma-</strong></span> 
     </span>
    </p>
   </div>
   <div class='ocr_carea' id='block_1_34' title="bbox 328 1819 1975 1905">
    <p class='ocr_par' dir='ltr' id='par_1_34' title="bbox 328 1819 1975 1905">
     <span class='ocr_line' id='line_1_34' title="bbox 328 1819 1975 1905; baseline -0.004 -23"><span class='ocrx_word' id='word_1_252' title='bbox 328 1835 586 1905; x_wconf 78' lang='grc' dir='ltr'>αγαγετν,</span> <span class='ocrx_word' id='word_1_253' title='bbox 613 1823 750 1901; x_wconf 75' lang='grc' dir='ltr'>μηδὲ</span> <span class='ocrx_word' id='word_1_254' title='bbox 773 1821 949 1879; x_wconf 76' lang='grc' dir='ltr'>δοῦναι</span> <span class='ocrx_word' id='word_1_255' title='bbox 978 1821 1298 1890; x_wconf 80' lang='grc' dir='ltr'>τηλικοῦτον</span> <span class='ocrx_word' id='word_1_256' title='bbox 1329 1821 1505 1901; x_wconf 73' lang='grc' dir='ltr'>ἀρχῆς</span> <span class='ocrx_word' id='word_1_257' title='bbox 1536 1819 1670 1895; x_wconf 75' lang='grc' dir='ltr'>ὕψος</span> <span class='ocrx_word' id='word_1_258' title='bbox 1696 1821 1783 1878; x_wconf 86' lang='grc' dir='ltr'><strong>καὶ</strong></span> <span class='ocrx_word' id='word_1_259' title='bbox 1812 1820 1975 1898; x_wconf 83' lang='grc' dir='ltr'>μέγε-</span> 
     </span>
    </p>
   </div>
   <div class='ocr_carea' id='block_1_35' title="bbox 327 1911 1890 1993">
    <p class='ocr_par' dir='ltr' id='par_1_35' title="bbox 327 1911 1890 1993">
     <span class='ocr_line' id='line_1_35' title="bbox 327 1911 1890 1993; baseline -0.004 -21"><span class='ocrx_word' id='word_1_260' title='bbox 327 1919 446 1992; x_wconf 82' lang='grc' dir='ltr'>θος,</span> <span class='ocrx_word' id='word_1_261' title='bbox 477 1915 610 1993; x_wconf 78' lang='grc' dir='ltr'>πρὸς</span> <span class='ocrx_word' id='word_1_262' title='bbox 641 1915 761 1978; x_wconf 75' lang='grc' dir='ltr'>ἑνὸς</span> <span class='ocrx_word' id='word_1_263' title='bbox 792 1911 975 1992; x_wconf 77' lang='grc' dir='ltr'>ἀνδρὸς</span> <span class='ocrx_word' id='word_1_264' title='bbox 1001 1912 1247 1969; x_wconf 77' lang='grc' dir='ltr'>ἔνστασιν</span> <span class='ocrx_word' id='word_1_265' title='bbox 1276 1914 1491 1991; x_wconf 78' lang='grc' dir='ltr'>ὁρᾶσθαι</span> <span class='ocrx_word' id='word_1_266' title='bbox 1523 1912 1890 1987; x_wconf 87' lang='grc' dir='ltr'>νενικημένον,</span> 
     </span>
    </p>
   </div>
   <div class='ocr_carea' id='block_1_36' title="bbox 414 1995 1972 2081">
    <p class='ocr_par' dir='ltr' id='par_1_36' title="bbox 414 1995 1972 2081">
     <span class='ocr_line' id='line_1_36' title="bbox 414 1995 1972 2081; baseline -0.004 -18"><span class='ocrx_word' id='word_1_267' title='bbox 414 1995 544 2068; x_wconf 71' lang='grc' dir='ltr'>κε’.</span> <span class='ocrx_word' id='word_1_268' title='bbox 597 2004 870 2061; x_wconf 80' lang='grc' dir='ltr'>Ἐντεῦθεν</span> <span class='ocrx_word' id='word_1_269' title='bbox 906 2002 1171 2081; x_wconf 80' lang='grc' dir='ltr'>ἀπογνοὺς</span> <span class='ocrx_word' id='word_1_270' title='bbox 1218 2009 1311 2060; x_wconf 76' lang='grc' dir='ltr'>τοῦ</span> <span class='ocrx_word' id='word_1_271' title='bbox 1351 2002 1612 2081; x_wconf 85' lang='grc' dir='ltr'>μάρτυρος</span> <span class='ocrx_word' id='word_1_272' title='bbox 1652 2003 1738 2060; x_wconf 83' lang='grc' dir='ltr'><strong>καὶ</strong></span> <span class='ocrx_word' id='word_1_273' title='bbox 1784 2004 1810 2057; x_wconf 82' lang='grc' dir='ltr'>ὁ</span> <span class='ocrx_word' id='word_1_274' title='bbox 1869 2002 1972 2077; x_wconf 84' lang='grc' dir='ltr'><strong>βα-</strong></span> 
     </span>
    </p>
   </div>
   <div class='ocr_carea' id='block_1_37' title="bbox 330 2089 1975 2171">
    <p class='ocr_par' dir='ltr' id='par_1_37' title="bbox 330 2089 1975 2171">
     <span class='ocr_line' id='line_1_37' title="bbox 330 2089 1975 2171; baseline -0.003 -20"><span class='ocrx_word' id='word_1_275' title='bbox 330 2093 508 2157; x_wconf 75' lang='grc' dir='ltr'>σιλεὺς</span> <span class='ocrx_word' id='word_1_276' title='bbox 566 2092 772 2171; x_wconf 78' lang='grc' dir='ltr'>πέμπει</span> <span class='ocrx_word' id='word_1_277' title='bbox 836 2092 972 2168; x_wconf 77' lang='grc' dir='ltr'>μετὰ</span> <span class='ocrx_word' id='word_1_278' title='bbox 1029 2091 1287 2168; x_wconf 80' lang='grc' dir='ltr'>πέμπτην</span> <span class='ocrx_word' id='word_1_279' title='bbox 1340 2092 1429 2148; x_wconf 86' lang='grc' dir='ltr'><strong>καὶ</strong></span> <span class='ocrx_word' id='word_1_280' title='bbox 1484 2089 1711 2158; x_wconf 82' lang='grc' dir='ltr'>δεκάτην</span> <span class='ocrx_word' id='word_1_281' title='bbox 1769 2089 1975 2170; x_wconf 73' lang='grc' dir='ltr'>ἡμέραν</span> 
     </span>
    </p>
   </div>
   <div class='ocr_carea' id='block_1_38' title="bbox 329 2180 1978 2261">
    <p class='ocr_par' dir='ltr' id='par_1_38' title="bbox 329 2180 1978 2261">
     <span class='ocr_line' id='line_1_38' title="bbox 329 2180 1978 2261; baseline -0.003 -19"><span class='ocrx_word' id='word_1_282' title='bbox 329 2182 493 2242; x_wconf 80' lang='grc' dir='ltr'>αὖτόν</span> <span class='ocrx_word' id='word_1_283' title='bbox 547 2205 605 2241; x_wconf 88' lang='grc' dir='ltr'><strong>τε</strong></span> <span class='ocrx_word' id='word_1_284' title='bbox 662 2184 755 2241; x_wconf 82' lang='grc' dir='ltr'><strong>τὸν</strong></span> <span class='ocrx_word' id='word_1_285' title='bbox 805 2180 1083 2260; x_wconf 78' lang='grc' dir='ltr'>εἰρημένον</span> <span class='ocrx_word' id='word_1_286' title='bbox 1139 2180 1401 2261; x_wconf 66' lang='grc' dir='ltr'>ἄρχοντα,</span> <span class='ocrx_word' id='word_1_287' title='bbox 1456 2181 1546 2237; x_wconf 89' lang='grc' dir='ltr'><strong>καί</strong></span> <span class='ocrx_word' id='word_1_288' title='bbox 1586 2202 1733 2244; x_wconf 91' lang='grc' dir='ltr'>τινας</span> <span class='ocrx_word' id='word_1_289' title='bbox 1766 2180 1978 2259; x_wconf 79' lang='grc' dir='ltr'>ἐτέρους</span> 
     </span>
    </p>
   </div>
   <div class='ocr_carea' id='block_1_39' title="bbox 330 2269 1975 2352">
    <p class='ocr_par' dir='ltr' id='par_1_39' title="bbox 330 2269 1975 2352">
     <span class='ocr_line' id='line_1_39' title="bbox 330 2269 1975 2352; baseline -0.003 -20"><span class='ocrx_word' id='word_1_290' title='bbox 330 2274 441 2332; x_wconf 77' lang='grc' dir='ltr'><strong>τῶν</strong></span> <span class='ocrx_word' id='word_1_291' title='bbox 470 2275 572 2331; x_wconf 79' lang='grc' dir='ltr'>ὑπὸ</span> <span class='ocrx_word' id='word_1_292' title='bbox 614 2285 807 2352; x_wconf 76' lang='grc' dir='ltr'>χεῖρα,</span> <span class='ocrx_word' id='word_1_293' title='bbox 847 2271 985 2328; x_wconf 80' lang='grc' dir='ltr'>ὥστε</span> <span class='ocrx_word' id='word_1_294' title='bbox 1018 2273 1096 2347; x_wconf 76' lang='grc' dir='ltr'>μὴ</span> <span class='ocrx_word' id='word_1_295' title='bbox 1125 2273 1219 2327; x_wconf 79' lang='grc' dir='ltr'>τὸν</span> <span class='ocrx_word' id='word_1_296' title='bbox 1255 2271 1409 2349; x_wconf 79' lang='grc' dir='ltr'>ἅγιον</span> <span class='ocrx_word' id='word_1_297' title='bbox 1443 2271 1633 2351; x_wconf 84' lang='grc' dir='ltr'>μόνον,</span> <span class='ocrx_word' id='word_1_298' title='bbox 1664 2269 1802 2327; x_wconf 81' lang='grc' dir='ltr'>ἀλλὰ</span> <span class='ocrx_word' id='word_1_299' title='bbox 1832 2270 1975 2327; x_wconf 90' lang='grc' dir='ltr'>πολ-</span> 
     </span>
    </p>
   </div>
   <div class='ocr_carea' id='block_1_40' title="bbox 328 2358 1975 2440">
    <p class='ocr_par' dir='ltr' id='par_1_40' title="bbox 328 2358 1975 2440">
     <span class='ocr_line' id='line_1_40' title="bbox 328 2358 1975 2440; baseline -0.004 -18"><span class='ocrx_word' id='word_1_300' title='bbox 328 2362 455 2428; x_wconf 82' lang='grc' dir='ltr'>λοὺς</span> <span class='ocrx_word' id='word_1_301' title='bbox 506 2364 598 2419; x_wconf 84' lang='grc' dir='ltr'><strong>σὺν</strong></span> <span class='ocrx_word' id='word_1_302' title='bbox 654 2367 798 2437; x_wconf 78' lang='grc' dir='ltr'>αὐτῷ</span> <span class='ocrx_word' id='word_1_303' title='bbox 849 2362 939 2417; x_wconf 84' lang='grc' dir='ltr'><strong>καὶ</strong></span> <span class='ocrx_word' id='word_1_304' title='bbox 995 2360 1189 2424; x_wconf 76' lang='grc' dir='ltr'>ἄλλους</span> <span class='ocrx_word' id='word_1_305' title='bbox 1250 2360 1599 2440; x_wconf 78' lang='grc' dir='ltr'>Χριστιανοὺς</span> <span class='ocrx_word' id='word_1_306' title='bbox 1646 2358 1882 2423; x_wconf 76' lang='grc' dir='ltr'>ἀνελεῖν,</span> <span class='ocrx_word' id='word_1_307' title='bbox 1916 2362 1975 2418; x_wconf 79' lang='lat' dir='ltr'><strong>0i</strong></span> 
     </span>
    </p>
   </div>
   <div class='ocr_carea' id='block_1_41' title="bbox 326 2448 1967 2530">
    <p class='ocr_par' dir='ltr' id='par_1_41' title="bbox 326 2448 1967 2530">
     <span class='ocr_line' id='line_1_41' title="bbox 326 2448 1967 2530; baseline -0.002 -20"><span class='ocrx_word' id='word_1_308' title='bbox 326 2452 387 2510; x_wconf 70' lang='grc' dir='ltr'>δὲ</span> <span class='ocrx_word' id='word_1_309' title='bbox 439 2450 834 2517; x_wconf 81' lang='grc' dir='ltr'>καταλαϐόντες</span> <span class='ocrx_word' id='word_1_310' title='bbox 878 2454 940 2508; x_wconf 78' lang='grc' dir='ltr'>τὸ</span> <span class='ocrx_word' id='word_1_311' title='bbox 1008 2449 1397 2530; x_wconf 84' lang='grc' dir='ltr'>δεσμῶτήριον,</span> <span class='ocrx_word' id='word_1_312' title='bbox 1462 2448 1777 2507; x_wconf 81' lang='grc' dir='ltr'>ἐκϐάλλουσι</span> <span class='ocrx_word' id='word_1_313' title='bbox 1836 2458 1967 2529; x_wconf 81' lang='grc' dir='ltr'>Χρι-</span> 
     </span>
    </p>
   </div>
   <div class='ocr_carea' id='block_1_42' title="bbox 330 2539 1973 2622">
    <p class='ocr_par' dir='ltr' id='par_1_42' title="bbox 330 2539 1973 2622">
     <span class='ocr_line' id='line_1_42' title="bbox 330 2539 1973 2622; baseline -0.001 -22"><span class='ocrx_word' id='word_1_314' title='bbox 330 2543 579 2607; x_wconf 84' lang='grc' dir='ltr'>στιανοὺς</span> <span class='ocrx_word' id='word_1_315' title='bbox 635 2540 1019 2622; x_wconf 79' lang='grc' dir='ltr'>αἰχμαλώτους</span> <span class='ocrx_word' id='word_1_316' title='bbox 1068 2541 1165 2597; x_wconf 75' lang='grc' dir='ltr'><strong>οὒκ</strong></span> <span class='ocrx_word' id='word_1_317' title='bbox 1207 2541 1460 2603; x_wconf 75' lang='grc' dir='ltr'>ἐλάττους</span> <span class='ocrx_word' id='word_1_318' title='bbox 1511 2539 1547 2608; x_wconf 75' lang='grc' dir='ltr'><strong>ἢ</strong></span> <span class='ocrx_word' id='word_1_319' title='bbox 1605 2539 1973 2617; x_wconf 76' lang='grc' dir='ltr'>ἐϐδομήκοντα</span> 
     </span>
    </p>
   </div>
   <div class='ocr_carea' id='block_1_43' title="bbox 327 2631 1973 2712">
    <p class='ocr_par' dir='ltr' id='par_1_43' title="bbox 327 2631 1973 2712">
     <span class='ocr_line' id='line_1_43' title="bbox 327 2631 1973 2712; baseline -0.002 -21"><span class='ocrx_word' id='word_1_320' title='bbox 327 2634 425 2691; x_wconf 77' lang='grc' dir='ltr'>σὺν</span> <span class='ocrx_word' id='word_1_321' title='bbox 455 2638 532 2706; x_wconf 84' lang='grc' dir='ltr'><strong>τῷ</strong></span> <span class='ocrx_word' id='word_1_322' title='bbox 576 2633 824 2712; x_wconf 84' lang='grc' dir='ltr'>μάρτυρι,</span> <span class='ocrx_word' id='word_1_323' title='bbox 883 2632 1000 2707; x_wconf 88' lang='grc' dir='ltr'>μεθ’</span> <span class='ocrx_word' id='word_1_324' title='bbox 1058 2634 1133 2687; x_wconf 81' lang='grc' dir='ltr'><strong>ὧν</strong></span> <span class='ocrx_word' id='word_1_325' title='bbox 1181 2634 1270 2688; x_wconf 85' lang='grc' dir='ltr'>καὶ</span> <span class='ocrx_word' id='word_1_326' title='bbox 1299 2632 1347 2687; x_wconf 80' lang='lat' dir='ltr'><strong>oi</strong></span> <span class='ocrx_word' id='word_1_327' title='bbox 1379 2631 1477 2698; x_wconf 76' lang='grc' dir='ltr'><strong>τὴν</strong></span> <span class='ocrx_word' id='word_1_328' title='bbox 1508 2632 1674 2697; x_wconf 73' lang='grc' dir='ltr'>αὐτὴν</span> <span class='ocrx_word' id='word_1_329' title='bbox 1702 2631 1973 2688; x_wconf 83' lang='grc' dir='ltr'>Ἀναστα-</span> 
     </span>
    </p>
   </div>
   <div class='ocr_carea' id='block_1_44' title="bbox 328 2719 1971 2802">
    <p class='ocr_par' dir='ltr' id='par_1_44' title="bbox 328 2719 1971 2802">
     <span class='ocr_line' id='line_1_44' title="bbox 328 2719 1971 2802; baseline -0.002 -22"><span class='ocrx_word' id='word_1_330' title='bbox 328 2725 431 2797; x_wconf 83' lang='grc' dir='ltr'>σίῳ</span> <span class='ocrx_word' id='word_1_331' title='bbox 490 2720 731 2802; x_wconf 73' lang='grc' dir='ltr'>φυλακὴν</span> <span class='ocrx_word' id='word_1_332' title='bbox 786 2720 842 2776; x_wconf 78' lang='grc' dir='ltr'>ἐν</span> <span class='ocrx_word' id='word_1_333' title='bbox 908 2722 1196 2799; x_wconf 78' lang='grc' dir='ltr'>Καισαρείᾳ</span> <span class='ocrx_word' id='word_1_334' title='bbox 1248 2719 1652 2798; x_wconf 80' lang='grc' dir='ltr'>κατακριθέντες</span> <span class='ocrx_word' id='word_1_335' title='bbox 1707 2720 1802 2777; x_wconf 79' lang='grc' dir='ltr'>καῖ</span> <span class='ocrx_word' id='word_1_336' title='bbox 1875 2721 1971 2789; x_wconf 79' lang='grc' dir='ltr'><strong>τῆς</strong></span> 
     </span>
    </p>
   </div>
   <div class='ocr_carea' id='block_1_45' title="bbox 331 2808 1975 2894">
    <p class='ocr_par' dir='ltr' id='par_1_45' title="bbox 331 2808 1975 2894">
     <span class='ocr_line' id='line_1_45' title="bbox 331 2808 1975 2894; baseline -0.003 -24"><span class='ocrx_word' id='word_1_337' title='bbox 331 2810 627 2894; x_wconf 55' lang='grc' dir='ltr'>σοραγῐδος</span> <span class='ocrx_word' id='word_1_338' title='bbox 688 2810 831 2885; x_wconf 77' lang='grc' dir='ltr'>αὒτῷ</span> <span class='ocrx_word' id='word_1_339' title='bbox 888 2812 975 2868; x_wconf 85' lang='grc' dir='ltr'><strong>καὶ</strong></span> <span class='ocrx_word' id='word_1_340' title='bbox 1052 2815 1150 2878; x_wconf 75' lang='grc' dir='ltr'>τῆς</span> <span class='ocrx_word' id='word_1_341' title='bbox 1206 2808 1327 2867; x_wconf 76' lang='grc' dir='ltr'>ὁδοῦ</span> <span class='ocrx_word' id='word_1_342' title='bbox 1385 2810 1813 2878; x_wconf 84' lang='grc' dir='ltr'>κοινωνήσαντες</span> <span class='ocrx_word' id='word_1_343' title='bbox 1884 2808 1975 2865; x_wconf 89' lang='grc' dir='ltr'><strong>δύο</strong></span> 
     </span>
    </p>
   </div>
   <div class='ocr_carea' id='block_1_46' title="bbox 335 2897 1973 2981">
    <p class='ocr_par' dir='ltr' id='par_1_46' title="bbox 335 2897 1973 2981">
     <span class='ocr_line' id='line_1_46' title="bbox 335 2897 1973 2981; baseline -0.002 -23"><span class='ocrx_word' id='word_1_344' title='bbox 335 2900 516 2980; x_wconf 76' lang='grc' dir='ltr'>ἄνδρες</span> <span class='ocrx_word' id='word_1_345' title='bbox 570 2901 894 2981; x_wconf 69' lang='grc' dir='ltr'>ἐτύγχανον,</span> <span class='ocrx_word' id='word_1_346' title='bbox 970 2902 1061 2966; x_wconf 78' lang='grc' dir='ltr'><strong>οὒς</strong></span> <span class='ocrx_word' id='word_1_347' title='bbox 1104 2901 1194 2957; x_wconf 81' lang='grc' dir='ltr'><strong>καὶ</strong></span> <span class='ocrx_word' id='word_1_348' title='bbox 1236 2906 1331 2957; x_wconf 81' lang='grc' dir='ltr'><strong>τοῦ</strong></span> <span class='ocrx_word' id='word_1_349' title='bbox 1373 2904 1472 2966; x_wconf 80' lang='grc' dir='ltr'><strong>τῆς</strong></span> <span class='ocrx_word' id='word_1_350' title='bbox 1520 2898 1842 2966; x_wconf 85' lang='grc' dir='ltr'>Βετσαλώης</span> <span class='ocrx_word' id='word_1_351' title='bbox 1886 2897 1973 2965; x_wconf 79' lang='grc' dir='ltr'><strong>ἐξ-</strong></span> 
     </span>
    </p>
   </div>
   <div class='ocr_carea' id='block_1_47' title="bbox 329 2986 1975 3071">
    <p class='ocr_par' dir='ltr' id='par_1_47' title="bbox 329 2986 1975 3071">
     <span class='ocr_line' id='line_1_47' title="bbox 329 2986 1975 3071; baseline -0.002 -21"><span class='ocrx_word' id='word_1_352' title='bbox 329 2991 628 3071; x_wconf 77' lang='grc' dir='ltr'>αγαγόντες</span> <span class='ocrx_word' id='word_1_353' title='bbox 658 2990 884 3071; x_wconf 79' lang='grc' dir='ltr'>χωρίου,</span> <span class='ocrx_word' id='word_1_354' title='bbox 919 2989 972 3046; x_wconf 70' lang='grc' dir='ltr'>ἓν</span> <span class='ocrx_word' id='word_1_355' title='bbox 1005 2994 1051 3065; x_wconf 80' lang='grc' dir='ltr'>ᾧ</span> <span class='ocrx_word' id='word_1_356' title='bbox 1094 2991 1181 3046; x_wconf 85' lang='grc' dir='ltr'><strong>καὶ</strong></span> <span class='ocrx_word' id='word_1_357' title='bbox 1236 2996 1315 3063; x_wconf 81' lang='grc' dir='ltr'><strong>τῷ</strong></span> <span class='ocrx_word' id='word_1_358' title='bbox 1357 2986 1723 3067; x_wconf 77' lang='grc' dir='ltr'>δεσμωτήριον</span> <span class='ocrx_word' id='word_1_359' title='bbox 1766 2986 1975 3063; x_wconf 83' lang='grc' dir='ltr'>ᾢκοδό-</span> 
     </span>
    </p>
   </div>
   <div class='ocr_carea' id='block_1_48' title="bbox 2060 1816 3707 1898">
    <p class='ocr_par' dir='ltr' id='par_1_48' title="bbox 2060 1816 3707 1898">
     <span class='ocr_line' id='line_1_48' title="bbox 2060 1816 3707 1898; baseline 0.005 -19"><span class='ocrx_word' id='word_1_360' title='bbox 2060 1817 2308 1898; x_wconf 85' lang='lat' dir='ltr'><strong>gnitudo</strong></span> <span class='ocrx_word' id='word_1_361' title='bbox 2340 1816 2579 1898; x_wconf 90' lang='lat' dir='ltr'><strong>imperii</strong></span> <span class='ocrx_word' id='word_1_362' title='bbox 2607 1816 2682 1879; x_wconf 87' lang='lat' dir='ltr'><strong>ab</strong></span> <span class='ocrx_word' id='word_1_363' title='bbox 2712 1819 2891 1881; x_wconf 88' lang='lat' dir='ltr'><strong>unius</strong></span> <span class='ocrx_word' id='word_1_364' title='bbox 2922 1817 3034 1880; x_wconf 91' lang='lat' dir='ltr'><strong>viri</strong></span> <span class='ocrx_word' id='word_1_365' title='bbox 3066 1822 3403 1885; x_wconf 86' lang='lat' dir='ltr'><strong>constantia</strong></span> <span class='ocrx_word' id='word_1_366' title='bbox 3433 1823 3707 1887; x_wconf 84' lang='lat' dir='ltr'><strong>videatur</strong></span> 
     </span>
    </p>
   </div>
   <div class='ocr_carea' id='block_1_49' title="bbox 2062 1918 2368 1988">
    <p class='ocr_par' dir='ltr' id='par_1_49' title="bbox 2062 1918 2368 1988">
     <span class='ocr_line' id='line_1_49' title="bbox 2062 1918 2368 1988; baseline -0.003 -19"><span class='ocrx_word' id='word_1_367' title='bbox 2062 1918 2368 1988; x_wconf 87' lang='lat' dir='ltr'><strong>superata.</strong></span> 
     </span>
    </p>
   </div>
   <div class='ocr_carea' id='block_1_50' title="bbox 2139 1995 3707 2087">
    <p class='ocr_par' dir='ltr' id='par_1_50' title="bbox 2139 1995 3707 2087">
     <span class='ocr_line' id='line_1_50' title="bbox 2139 1995 3707 2087; baseline 0.006 -29"><span class='ocrx_word' id='word_1_368' title='bbox 2139 1995 2314 2060; x_wconf 86' lang='lat' dir='ltr'><strong>XXV.</strong></span> <span class='ocrx_word' id='word_1_369' title='bbox 2341 1996 2493 2087; x_wconf 84' lang='lat' dir='ltr'><strong>Hinc</strong></span> <span class='ocrx_word' id='word_1_370' title='bbox 2524 2017 2660 2061; x_wconf 92' lang='lat' dir='ltr'><strong>cum</strong></span> <span class='ocrx_word' id='word_1_371' title='bbox 2684 2016 2925 2062; x_wconf 90' lang='lat' dir='ltr'><strong>omnem</strong></span> <span class='ocrx_word' id='word_1_372' title='bbox 2951 2018 3116 2081; x_wconf 88' lang='lat' dir='ltr'><strong>spem</strong></span> <span class='ocrx_word' id='word_1_373' title='bbox 3146 2002 3471 2083; x_wconf 81' lang='lat' dir='ltr'><strong>superandi</strong></span> <span class='ocrx_word' id='word_1_374' title='bbox 3493 2011 3707 2087; x_wconf 80' lang='lat' dir='ltr'><strong>marty-</strong></span> 
     </span>
    </p>
   </div>
   <div class='ocr_carea' id='block_1_51' title="bbox 2058 2086 3703 2175">
    <p class='ocr_par' dir='ltr' id='par_1_51' title="bbox 2058 2086 3703 2175">
     <span class='ocr_line' id='line_1_51' title="bbox 2058 2086 3703 2175; baseline 0.003 -24"><span class='ocrx_word' id='word_1_375' title='bbox 2058 2087 2142 2151; x_wconf 87' lang='lat' dir='ltr'><strong>ris</strong></span> <span class='ocrx_word' id='word_1_376' title='bbox 2173 2106 2276 2150; x_wconf 82' lang='lat' dir='ltr'><strong>rex</strong></span> <span class='ocrx_word' id='word_1_377' title='bbox 2306 2086 2649 2168; x_wconf 87' lang='lat' dir='ltr'><strong>abjecisset,</strong></span> <span class='ocrx_word' id='word_1_378' title='bbox 2701 2087 2878 2150; x_wconf 87' lang='lat' dir='ltr'><strong>mittit</strong></span> <span class='ocrx_word' id='word_1_379' title='bbox 2921 2098 3053 2169; x_wconf 90' lang='lat' dir='ltr'><strong>post</strong></span> <span class='ocrx_word' id='word_1_380' title='bbox 3081 2090 3382 2153; x_wconf 91' lang='lat' dir='ltr'><strong>decimum</strong></span> <span class='ocrx_word' id='word_1_381' title='bbox 3432 2086 3703 2175; x_wconf 90' lang='lat' dir='ltr'><strong>quintum</strong></span> 
     </span>
    </p>
   </div>
   <div class='ocr_carea' id='block_1_52' title="bbox 2060 2176 3703 2261">
    <p class='ocr_par' dir='ltr' id='par_1_52' title="bbox 2060 2176 3703 2261">
     <span class='ocr_line' id='line_1_52' title="bbox 2060 2176 3703 2261; baseline 0.004 -22"><span class='ocrx_word' id='word_1_382' title='bbox 2060 2179 2218 2240; x_wconf 92' lang='lat' dir='ltr'><strong>diem</strong></span> <span class='ocrx_word' id='word_1_383' title='bbox 2252 2186 2313 2239; x_wconf 93' lang='lat' dir='ltr'><strong>et</strong></span> <span class='ocrx_word' id='word_1_384' title='bbox 2340 2176 2567 2239; x_wconf 91' lang='lat' dir='ltr'><strong>dictum</strong></span> <span class='ocrx_word' id='word_1_385' title='bbox 2600 2176 3013 2256; x_wconf 79' lang='lat' dir='ltr'><strong>magistratum</strong></span> <span class='ocrx_word' id='word_1_386' title='bbox 3048 2187 3106 2240; x_wconf 91' lang='lat' dir='ltr'><strong>et</strong></span> <span class='ocrx_word' id='word_1_387' title='bbox 3137 2181 3424 2261; x_wconf 90' lang='lat' dir='ltr'><strong>quosdam</strong></span> <span class='ocrx_word' id='word_1_388' title='bbox 3455 2182 3604 2246; x_wconf 87' lang='lat' dir='ltr'><strong>alios</strong></span> <span class='ocrx_word' id='word_1_389' title='bbox 3632 2201 3703 2245; x_wconf 83' lang='lat' dir='ltr'><strong>ex</strong></span> 
     </span>
    </p>
   </div>
   <div class='ocr_carea' id='block_1_53' title="bbox 2059 2266 3706 2354">
    <p class='ocr_par' dir='ltr' id='par_1_53' title="bbox 2059 2266 3706 2354">
     <span class='ocr_line' id='line_1_53' title="bbox 2059 2266 3706 2354; baseline 0.004 -26"><span class='ocrx_word' id='word_1_390' title='bbox 2059 2266 2431 2343; x_wconf 90' lang='lat' dir='ltr'><strong>subditus,ut</strong></span> <span class='ocrx_word' id='word_1_391' title='bbox 2453 2285 2571 2329; x_wconf 88' lang='lat' dir='ltr'><strong>non</strong></span> <span class='ocrx_word' id='word_1_392' title='bbox 2591 2266 2783 2328; x_wconf 91' lang='lat' dir='ltr'><strong>solum</strong></span> <span class='ocrx_word' id='word_1_393' title='bbox 2801 2269 3211 2343; x_wconf 90' lang='lat' dir='ltr'><strong>sanctum,sed</strong></span> <span class='ocrx_word' id='word_1_394' title='bbox 3234 2270 3451 2332; x_wconf 89' lang='lat' dir='ltr'><strong>multos</strong></span> <span class='ocrx_word' id='word_1_395' title='bbox 3469 2290 3706 2354; x_wconf 91' lang='lat' dir='ltr'><strong>quoque</strong></span> 
     </span>
    </p>
   </div>
   <div class='ocr_carea' id='block_1_54' title="bbox 2058 2355 3703 2424">
    <p class='ocr_par' dir='ltr' id='par_1_54' title="bbox 2058 2355 3703 2424">
     <span class='ocr_line' id='line_1_54' title="bbox 2058 2355 3703 2424; baseline 0.003 -5"><span class='ocrx_word' id='word_1_396' title='bbox 2058 2357 2207 2419; x_wconf 90' lang='lat' dir='ltr'><strong>alios</strong></span> <span class='ocrx_word' id='word_1_397' title='bbox 2236 2355 2607 2419; x_wconf 84' lang='lat' dir='ltr'><strong>Christianos</strong></span> <span class='ocrx_word' id='word_1_398' title='bbox 2638 2374 2774 2418; x_wconf 91' lang='lat' dir='ltr'><strong>cum</strong></span> <span class='ocrx_word' id='word_1_399' title='bbox 2806 2374 2877 2417; x_wconf 92' lang='lat' dir='ltr'><strong>eo</strong></span> <span class='ocrx_word' id='word_1_400' title='bbox 2910 2356 3348 2421; x_wconf 89' lang='lat' dir='ltr'><strong>interimerent.</strong></span> <span class='ocrx_word' id='word_1_401' title='bbox 3382 2358 3474 2422; x_wconf 87' lang='lat' dir='ltr'><strong>llli</strong></span> <span class='ocrx_word' id='word_1_402' title='bbox 3507 2371 3703 2424; x_wconf 86' lang='lat' dir='ltr'><strong>autem</strong></span> 
     </span>
    </p>
   </div>
   <div class='ocr_carea' id='block_1_55' title="bbox 2057 2445 3703 2527">
    <p class='ocr_par' dir='ltr' id='par_1_55' title="bbox 2057 2445 3703 2527">
     <span class='ocr_line' id='line_1_55' title="bbox 2057 2445 3703 2527; baseline 0.003 -18"><span class='ocrx_word' id='word_1_403' title='bbox 2057 2464 2190 2509; x_wconf 86' lang='lat' dir='ltr'><strong>cum</strong></span> <span class='ocrx_word' id='word_1_404' title='bbox 2226 2447 2530 2509; x_wconf 86' lang='lat' dir='ltr'><strong>venissent</strong></span> <span class='ocrx_word' id='word_1_405' title='bbox 2558 2445 2619 2507; x_wconf 89' lang='lat' dir='ltr'><strong>in</strong></span> <span class='ocrx_word' id='word_1_406' title='bbox 2646 2464 2975 2521; x_wconf 88' lang='lat' dir='ltr'><strong>carcerem,</strong></span> <span class='ocrx_word' id='word_1_407' title='bbox 3007 2447 3311 2527; x_wconf 81' lang='lat' dir='ltr'><strong>expellunt</strong></span> <span class='ocrx_word' id='word_1_408' title='bbox 3333 2447 3703 2514; x_wconf 85' lang='lat' dir='ltr'><strong>Christianos</strong></span> 
     </span>
    </p>
   </div>
   <div class='ocr_carea' id='block_1_56' title="bbox 2054 2536 3705 2619">
    <p class='ocr_par' dir='ltr' id='par_1_56' title="bbox 2054 2536 3705 2619">
     <span class='ocr_line' id='line_1_56' title="bbox 2054 2536 3705 2619; baseline 0.004 -21"><span class='ocrx_word' id='word_1_409' title='bbox 2054 2537 2314 2618; x_wconf 89' lang='lat' dir='ltr'><strong>captivos</strong></span> <span class='ocrx_word' id='word_1_410' title='bbox 2361 2554 2479 2597; x_wconf 88' lang='lat' dir='ltr'><strong>non</strong></span> <span class='ocrx_word' id='word_1_411' title='bbox 2531 2536 2859 2617; x_wconf 86' lang='lat' dir='ltr'><strong>pauciores,</strong></span> <span class='ocrx_word' id='word_1_412' title='bbox 2918 2554 3092 2616; x_wconf 89' lang='lat' dir='ltr'><strong>quam</strong></span> <span class='ocrx_word' id='word_1_413' title='bbox 3137 2539 3550 2619; x_wconf 79' lang='lat' dir='ltr'><strong>septuaginta,</strong></span> <span class='ocrx_word' id='word_1_414' title='bbox 3585 2559 3705 2605; x_wconf 90' lang='lat' dir='ltr'><strong>una</strong></span> 
     </span>
    </p>
   </div>
   <div class='ocr_carea' id='block_1_57' title="bbox 2054 2624 3701 2713">
    <p class='ocr_par' dir='ltr' id='par_1_57' title="bbox 2054 2624 3701 2713">
     <span class='ocr_line' id='line_1_57' title="bbox 2054 2624 3701 2713; baseline 0.004 -24"><span class='ocrx_word' id='word_1_415' title='bbox 2054 2645 2189 2689; x_wconf 92' lang='lat' dir='ltr'><strong>cum</strong></span> <span class='ocrx_word' id='word_1_416' title='bbox 2225 2636 2527 2705; x_wconf 86' lang='lat' dir='ltr'><strong>martyre:</strong></span> <span class='ocrx_word' id='word_1_417' title='bbox 2559 2645 2691 2687; x_wconf 88' lang='lat' dir='ltr'><strong>cum</strong></span> <span class='ocrx_word' id='word_1_418' title='bbox 2739 2624 2961 2704; x_wconf 86' lang='lat' dir='ltr'><strong>quibus</strong></span> <span class='ocrx_word' id='word_1_419' title='bbox 3009 2634 3180 2687; x_wconf 87' lang='lat' dir='ltr'><strong>erant</strong></span> <span class='ocrx_word' id='word_1_420' title='bbox 3220 2628 3261 2687; x_wconf 90' lang='lat' dir='ltr'><strong>ii</strong></span> <span class='ocrx_word' id='word_1_421' title='bbox 3313 2647 3549 2710; x_wconf 89' lang='lat' dir='ltr'><strong>quoque</strong></span> <span class='ocrx_word' id='word_1_422' title='bbox 3597 2632 3701 2713; x_wconf 92' lang='lat' dir='ltr'><strong>qui</strong></span> 
     </span>
    </p>
   </div>
   <div class='ocr_carea' id='block_1_58' title="bbox 2058 2714 3702 2783">
    <p class='ocr_par' dir='ltr' id='par_1_58' title="bbox 2058 2714 3702 2783">
     <span class='ocr_line' id='line_1_58' title="bbox 2058 2714 3702 2783; baseline 0.003 -5"><span class='ocrx_word' id='word_1_423' title='bbox 2058 2736 2195 2778; x_wconf 87' lang='lat' dir='ltr'><strong>cum</strong></span> <span class='ocrx_word' id='word_1_424' title='bbox 2220 2716 2527 2777; x_wconf 85' lang='lat' dir='ltr'><strong>Anastasio</strong></span> <span class='ocrx_word' id='word_1_425' title='bbox 2551 2714 2835 2778; x_wconf 61' lang='lat' dir='ltr'><strong>Caesarea</strong></span> <span class='ocrx_word' id='word_1_426' title='bbox 2857 2714 3122 2777; x_wconf 86' lang='lat' dir='ltr'><strong>damnati</strong></span> <span class='ocrx_word' id='word_1_427' title='bbox 3152 2716 3385 2779; x_wconf 86' lang='lat' dir='ltr'><strong>fuerant</strong></span> <span class='ocrx_word' id='word_1_428' title='bbox 3406 2718 3479 2780; x_wconf 87' lang='lat' dir='ltr'><strong>ad</strong></span> <span class='ocrx_word' id='word_1_429' title='bbox 3502 2728 3702 2783; x_wconf 87' lang='lat' dir='ltr'><strong>custo-</strong></span> 
     </span>
    </p>
   </div>
   <div class='ocr_carea' id='block_1_59' title="bbox 2057 2805 3704 2886">
    <p class='ocr_par' dir='ltr' id='par_1_59' title="bbox 2057 2805 3704 2886">
     <span class='ocr_line' id='line_1_59' title="bbox 2057 2805 3704 2886; baseline 0.002 -18"><span class='ocrx_word' id='word_1_430' title='bbox 2057 2806 2240 2881; x_wconf 91' lang='lat' dir='ltr'><strong>diam,</strong></span> <span class='ocrx_word' id='word_1_431' title='bbox 2269 2806 2678 2886; x_wconf 84' lang='lat' dir='ltr'><strong>signaculique</strong></span> <span class='ocrx_word' id='word_1_432' title='bbox 2702 2814 2759 2866; x_wconf 89' lang='lat' dir='ltr'><strong>et</strong></span> <span class='ocrx_word' id='word_1_433' title='bbox 2778 2805 3152 2867; x_wconf 88' lang='lat' dir='ltr'><strong>vinculorum</strong></span> <span class='ocrx_word' id='word_1_434' title='bbox 3183 2806 3422 2867; x_wconf 87' lang='lat' dir='ltr'><strong>fuerant</strong></span> <span class='ocrx_word' id='word_1_435' title='bbox 3441 2809 3494 2869; x_wconf 91' lang='lat' dir='ltr'><strong>ei</strong></span> <span class='ocrx_word' id='word_1_436' title='bbox 3522 2809 3704 2871; x_wconf 87' lang='lat' dir='ltr'><strong>sociis</strong></span> 
     </span>
    </p>
   </div>
   <div class='ocr_carea' id='block_1_60' title="bbox 2058 2894 3703 2980">
    <p class='ocr_par' dir='ltr' id='par_1_60' title="bbox 2058 2894 3703 2980">
     <span class='ocr_line' id='line_1_60' title="bbox 2058 2894 3703 2980; baseline 0.002 -22"><span class='ocrx_word' id='word_1_437' title='bbox 2058 2915 2209 2978; x_wconf 92' lang='lat' dir='ltr'><strong>quos</strong></span> <span class='ocrx_word' id='word_1_438' title='bbox 2238 2914 2373 2957; x_wconf 93' lang='lat' dir='ltr'><strong>cum</strong></span> <span class='ocrx_word' id='word_1_439' title='bbox 2407 2894 2749 2957; x_wconf 83' lang='lat' dir='ltr'><strong>eduxissent</strong></span> <span class='ocrx_word' id='word_1_440' title='bbox 2780 2912 2848 2956; x_wconf 87' lang='lat' dir='ltr'><strong>ex</strong></span> <span class='ocrx_word' id='word_1_441' title='bbox 2883 2894 3107 2975; x_wconf 71' lang='lat' dir='ltr'><strong>praedio</strong></span> <span class='ocrx_word' id='word_1_442' title='bbox 3131 2895 3458 2972; x_wconf 87' lang='lat' dir='ltr'><strong>Betsaloes,</strong></span> <span class='ocrx_word' id='word_1_443' title='bbox 3492 2896 3554 2959; x_wconf 90' lang='lat' dir='ltr'><strong>in</strong></span> <span class='ocrx_word' id='word_1_444' title='bbox 3585 2917 3703 2980; x_wconf 90' lang='lat' dir='ltr'><strong>quo</strong></span> 
     </span>
    </p>
   </div>
   <div class='ocr_carea' id='block_1_61' title="bbox 2061 2983 3700 3067">
    <p class='ocr_par' dir='ltr' id='par_1_61' title="bbox 2061 2983 3700 3067">
     <span class='ocr_line' id='line_1_61' title="bbox 2061 2983 3700 3067; baseline 0.002 -20"><span class='ocrx_word' id='word_1_445' title='bbox 2061 2986 2251 3048; x_wconf 84' lang='lat' dir='ltr'><strong>fuerat</strong></span> <span class='ocrx_word' id='word_1_446' title='bbox 2276 3002 2486 3047; x_wconf 89' lang='lat' dir='ltr'><strong>carcer</strong></span> <span class='ocrx_word' id='word_1_447' title='bbox 2509 2984 2854 3061; x_wconf 75' lang='lat' dir='ltr'><strong>aedificatus,</strong></span> <span class='ocrx_word' id='word_1_448' title='bbox 2881 2994 2937 3045; x_wconf 89' lang='lat' dir='ltr'><strong>et</strong></span> <span class='ocrx_word' id='word_1_449' title='bbox 2960 2983 3031 3046; x_wconf 89' lang='lat' dir='ltr'><strong>ad</strong></span> <span class='ocrx_word' id='word_1_450' title='bbox 3054 2984 3301 3047; x_wconf 87' lang='lat' dir='ltr'><strong>ﬂuvium</strong></span> <span class='ocrx_word' id='word_1_451' title='bbox 3335 2987 3700 3067; x_wconf 87' lang='lat' dir='ltr'><strong>statuissent,</strong></span> 
     </span>
    </p>
   </div>
   <div class='ocr_carea' id='block_1_62' title="bbox 327 3074 1972 3166">
    <p class='ocr_par' dir='ltr' id='par_1_62' title="bbox 327 3080 1972 3163">
     <span class='ocr_line' id='line_1_62' title="bbox 327 3080 1972 3163; baseline -0.002 -23"><span class='ocrx_word' id='word_1_452' title='bbox 327 3103 503 3163; x_wconf 80' lang='grc' dir='ltr'>μητο,</span> <span class='ocrx_word' id='word_1_453' title='bbox 535 3084 624 3139; x_wconf 86' lang='grc' dir='ltr'>καὶ</span> <span class='ocrx_word' id='word_1_454' title='bbox 668 3081 871 3144; x_wconf 82' lang='grc' dir='ltr'>πάντας</span> <span class='ocrx_word' id='word_1_455' title='bbox 905 3081 1038 3159; x_wconf 80' lang='grc' dir='ltr'>πρὸς</span> <span class='ocrx_word' id='word_1_456' title='bbox 1082 3082 1159 3154; x_wconf 85' lang='grc' dir='ltr'>τῷ</span> <span class='ocrx_word' id='word_1_457' title='bbox 1202 3083 1429 3155; x_wconf 81' lang='grc' dir='ltr'>ποταμῷ</span> <span class='ocrx_word' id='word_1_458' title='bbox 1476 3080 1793 3160; x_wconf 74' lang='grc' dir='ltr'>στήσαντες,</span> <span class='ocrx_word' id='word_1_459' title='bbox 1856 3083 1972 3136; x_wconf 82' lang='grc' dir='ltr'>εἷτα</span> 
     </span>
    </p>
   </div>
   <div class='ocr_carea' id='block_1_63' title="bbox 2064 3074 3704 3166">
    <p class='ocr_par' dir='ltr' id='par_1_63' title="bbox 2064 3074 3704 3155">
     <span class='ocr_line' id='line_1_63' title="bbox 2064 3074 3704 3155; baseline 0.001 -17"><span class='ocrx_word' id='word_1_460' title='bbox 2064 3094 2166 3138; x_wconf 89' lang='lat' dir='ltr'><strong>eos</strong></span> <span class='ocrx_word' id='word_1_461' title='bbox 2195 3075 2534 3155; x_wconf 87' lang='lat' dir='ltr'><strong>singulatim</strong></span> <span class='ocrx_word' id='word_1_462' title='bbox 2568 3074 2903 3136; x_wconf 90' lang='lat' dir='ltr'><strong>dividentes</strong></span> <span class='ocrx_word' id='word_1_463' title='bbox 2947 3083 3007 3136; x_wconf 91' lang='lat' dir='ltr'><strong>et</strong></span> <span class='ocrx_word' id='word_1_464' title='bbox 3034 3093 3239 3137; x_wconf 90' lang='lat' dir='ltr'><strong>eorum</strong></span> <span class='ocrx_word' id='word_1_465' title='bbox 3290 3076 3445 3139; x_wconf 90' lang='lat' dir='ltr'><strong>collo</strong></span> <span class='ocrx_word' id='word_1_466' title='bbox 3500 3076 3704 3141; x_wconf 87' lang='lat' dir='ltr'><strong>funem</strong></span> 
     </span>
    </p>
   </div>
   <div class='ocr_carea' id='block_1_64' title="bbox 327 3167 1978 3251">
    <p class='ocr_par' dir='ltr' id='par_1_64' title="bbox 327 3167 1978 3251">
     <span class='ocr_line' id='line_1_64' title="bbox 327 3167 1978 3251; baseline -0.002 -21"><span class='ocrx_word' id='word_1_467' title='bbox 327 3172 451 3230; x_wconf 83' lang='grc' dir='ltr'>καθ’</span> <span class='ocrx_word' id='word_1_468' title='bbox 496 3171 589 3227; x_wconf 77' lang='grc' dir='ltr'>ἕνα</span> <span class='ocrx_word' id='word_1_469' title='bbox 647 3169 994 3251; x_wconf 70' lang='grc' dir='ltr'>διαιροῦντες,</span> <span class='ocrx_word' id='word_1_470' title='bbox 1039 3171 1267 3250; x_wconf 82' lang='grc' dir='ltr'>σχοῖνόν</span> <span class='ocrx_word' id='word_1_471' title='bbox 1314 3191 1373 3227; x_wconf 86' lang='grc' dir='ltr'><strong>τε</strong></span> <span class='ocrx_word' id='word_1_472' title='bbox 1405 3170 1576 3226; x_wconf 70' lang='grc' dir='ltr'>αὐτῶν</span> <span class='ocrx_word' id='word_1_473' title='bbox 1606 3175 1684 3244; x_wconf 83' lang='grc' dir='ltr'><strong>τῷ</strong></span> <span class='ocrx_word' id='word_1_474' title='bbox 1712 3167 1978 3249; x_wconf 86' lang='grc' dir='ltr'>τραχήλῳ</span> 
     </span>
    </p>
   </div>
   <div class='ocr_carea' id='block_1_65' title="bbox 329 3258 1978 3341">
    <p class='ocr_par' dir='ltr' id='par_1_65' title="bbox 329 3258 1978 3341">
     <span class='ocr_line' id='line_1_65' title="bbox 329 3258 1978 3341; baseline -0.004 -20"><span class='ocrx_word' id='word_1_475' title='bbox 329 3260 720 3341; x_wconf 74' lang='grc' dir='ltr'>ἀμόάλλοντες,</span> <span class='ocrx_word' id='word_1_476' title='bbox 749 3259 846 3317; x_wconf 82' lang='grc' dir='ltr'>καί</span> <span class='ocrx_word' id='word_1_477' title='bbox 897 3260 1065 3325; x_wconf 72' lang='grc' dir='ltr'>οὕτως</span> <span class='ocrx_word' id='word_1_478' title='bbox 1121 3258 1365 3325; x_wconf 74' lang='grc' dir='ltr'>ἐλεεινῶς</span> <span class='ocrx_word' id='word_1_479' title='bbox 1419 3260 1520 3317; x_wconf 78' lang='grc' dir='ltr'><strong>ὑπὸ</strong></span> <span class='ocrx_word' id='word_1_480' title='bbox 1549 3272 1668 3323; x_wconf 78' lang='grc' dir='ltr'>τοῖς</span> <span class='ocrx_word' id='word_1_481' title='bbox 1698 3261 1792 3317; x_wconf 85' lang='grc' dir='ltr'><strong>τὸῧ</strong></span> <span class='ocrx_word' id='word_1_482' title='bbox 1833 3261 1978 3340; x_wconf 84' lang='grc' dir='ltr'>μάρ-</span> 
     </span>
    </p>
   </div>
   <div class='ocr_carea' id='block_1_66' title="bbox 330 3347 1976 3432">
    <p class='ocr_par' dir='ltr' id='par_1_66' title="bbox 330 3347 1976 3432">
     <span class='ocr_line' id='line_1_66' title="bbox 330 3347 1976 3432; baseline -0.002 -22"><span class='ocrx_word' id='word_1_483' title='bbox 330 3374 485 3431; x_wconf 82' lang='grc' dir='ltr'>τυρος</span> <span class='ocrx_word' id='word_1_484' title='bbox 532 3349 830 3432; x_wconf 71' lang='grc' dir='ltr'>ὀφθαλμοῖς</span> <span class='ocrx_word' id='word_1_485' title='bbox 890 3348 1304 3428; x_wconf 62' lang='grc' dir='ltr'>ἀποπνίγοντες,</span> <span class='ocrx_word' id='word_1_486' title='bbox 1361 3347 1618 3427; x_wconf 82' lang='grc' dir='ltr'>ἐπέλεγον</span> <span class='ocrx_word' id='word_1_487' title='bbox 1674 3348 1792 3406; x_wconf 82' lang='grc' dir='ltr'>καθ’</span> <span class='ocrx_word' id='word_1_488' title='bbox 1847 3348 1976 3407; x_wconf 79' lang='grc' dir='ltr'>ἕκα-</span> 
     </span>
    </p>
   </div>
   <div class='ocr_carea' id='block_1_67' title="bbox 338 3438 1976 3519">
    <p class='ocr_par' dir='ltr' id='par_1_67' title="bbox 338 3438 1976 3519">
     <span class='ocr_line' id='line_1_67' title="bbox 338 3438 1976 3519; baseline -0.001 -21"><span class='ocrx_word' id='word_1_489' title='bbox 338 3464 460 3498; x_wconf 73' lang='grc' dir='ltr'>στον</span> <span class='ocrx_word' id='word_1_490' title='bbox 501 3448 579 3515; x_wconf 83' lang='grc' dir='ltr'>τῷ</span> <span class='ocrx_word' id='word_1_491' title='bbox 633 3441 770 3519; x_wconf 78' lang='grc' dir='ltr'>ἁγίῳ</span> <span class='ocrx_word' id='word_1_492' title='bbox 828 3440 979 3497; x_wconf 87' lang='grc' dir='ltr'>Διατί</span> <span class='ocrx_word' id='word_1_493' title='bbox 1042 3438 1211 3504; x_wconf 83' lang='grc' dir='ltr'>θέλεις</span> <span class='ocrx_word' id='word_1_494' title='bbox 1271 3440 1344 3504; x_wconf 83' lang='grc' dir='ltr'>ὡς</span> <span class='ocrx_word' id='word_1_495' title='bbox 1404 3438 1490 3503; x_wconf 76' lang='grc' dir='ltr'>εἷς</span> <span class='ocrx_word' id='word_1_496' title='bbox 1533 3444 1734 3497; x_wconf 87' lang='grc' dir='ltr'>τούτων</span> <span class='ocrx_word' id='word_1_497' title='bbox 1790 3439 1976 3516; x_wconf 76' lang='grc' dir='ltr'>βιαίως</span> 
     </span>
    </p>
   </div>
   <div class='ocr_carea' id='block_1_68' title="bbox 340 3527 1976 3609">
    <p class='ocr_par' dir='ltr' id='par_1_68' title="bbox 340 3527 1976 3609">
     <span class='ocr_line' id='line_1_68' title="bbox 340 3527 1976 3609; baseline 0 -22"><span class='ocrx_word' id='word_1_498' title='bbox 340 3530 696 3609; x_wconf 68' lang='grc' dir='ltr'>ἀναιρεθῆναι,</span> <span class='ocrx_word' id='word_1_499' title='bbox 754 3530 842 3586; x_wconf 79' lang='grc' dir='ltr'><strong>καὶ</strong></span> <span class='ocrx_word' id='word_1_500' title='bbox 887 3530 965 3606; x_wconf 76' lang='grc' dir='ltr'>μὴ</span> <span class='ocrx_word' id='word_1_501' title='bbox 1009 3527 1214 3605; x_wconf 81' lang='grc' dir='ltr'>μᾶλλον</span> <span class='ocrx_word' id='word_1_502' title='bbox 1275 3533 1558 3597; x_wconf 71' lang='grc' dir='ltr'>πεισθῆναι</span> <span class='ocrx_word' id='word_1_503' title='bbox 1601 3534 1679 3609; x_wconf 77' lang='grc' dir='ltr'>τῷ</span> <span class='ocrx_word' id='word_1_504' title='bbox 1732 3528 1976 3607; x_wconf 77' lang='grc' dir='ltr'>βασιλεῖ,</span> 
     </span>
    </p>
   </div>
   <div class='ocr_carea' id='block_1_69' title="bbox 338 3607 1978 3698">
    <p class='ocr_par' dir='ltr' id='par_1_69' title="bbox 338 3607 1978 3698">
     <span class='ocr_line' id='line_1_69' title="bbox 338 3607 1978 3698; baseline -0.002 -20"><span class='ocrx_word' id='word_1_505' title='bbox 338 3622 426 3678; x_wconf 72' lang='grc' dir='ltr'>καὶ</span> <span class='ocrx_word' id='word_1_506' title='bbox 468 3607 574 3688; x_wconf 14' lang='grc' dir='ltr'>»τῆς</span> <span class='ocrx_word' id='word_1_507' title='bbox 619 3618 895 3698; x_wconf 84' lang='grc' dir='ltr'>παρούσης</span> <span class='ocrx_word' id='word_1_508' title='bbox 926 3617 1214 3675; x_wconf 79' lang='grc' dir='ltr'>ἀπολαύειν</span> <span class='ocrx_word' id='word_1_509' title='bbox 1244 3616 1528 3697; x_wconf 75' lang='grc' dir='ltr'>εύημερίας</span> <span class='ocrx_word' id='word_1_510' title='bbox 1567 3636 1586 3692; x_wconf 84' lang='grc'><strong>;</strong></span> <span class='ocrx_word' id='word_1_511' title='bbox 1618 3607 1676 3675; x_wconf 67' lang='grc' dir='ltr'>Ὀ</span> <span class='ocrx_word' id='word_1_512' title='bbox 1707 3616 1762 3674; x_wconf 77' lang='grc' dir='ltr'>δὲ</span> <span class='ocrx_word' id='word_1_513' title='bbox 1804 3641 1978 3696; x_wconf 85' lang='grc' dir='ltr'>προσ-</span> 
     </span>
    </p>
   </div>
   <div class='ocr_carea' id='block_1_70' title="bbox 333 3706 1980 3791">
    <p class='ocr_par' dir='ltr' id='par_1_70' title="bbox 333 3706 1980 3791">
     <span class='ocr_line' id='line_1_70' title="bbox 333 3706 1980 3791; baseline -0.001 -24"><span class='ocrx_word' id='word_1_514' title='bbox 333 3710 489 3791; x_wconf 84' lang='grc' dir='ltr'>σχὼν</span> <span class='ocrx_word' id='word_1_515' title='bbox 543 3710 633 3767; x_wconf 70' lang='lat' dir='ltr'><strong>hri</strong></span> <span class='ocrx_word' id='word_1_516' title='bbox 674 3709 913 3789; x_wconf 79' lang='grc' dir='ltr'>τούτοις,</span> <span class='ocrx_word' id='word_1_517' title='bbox 944 3710 1148 3786; x_wconf 76' lang='grc' dir='ltr'>οὒρανῷ</span> <span class='ocrx_word' id='word_1_518' title='bbox 1177 3728 1236 3764; x_wconf 89' lang='grc' dir='ltr'><strong>τε</strong></span> <span class='ocrx_word' id='word_1_519' title='bbox 1264 3707 1483 3784; x_wconf 78' lang='grc' dir='ltr'>ὄμματα</span> <span class='ocrx_word' id='word_1_520' title='bbox 1540 3706 1686 3783; x_wconf 83' lang='grc' dir='ltr'>δοὺς,</span> <span class='ocrx_word' id='word_1_521' title='bbox 1715 3710 1807 3767; x_wconf 84' lang='grc' dir='ltr'>καὶ</span> <span class='ocrx_word' id='word_1_522' title='bbox 1862 3709 1980 3784; x_wconf 87' lang='grc' dir='ltr'><strong>Θεῷ</strong></span> 
     </span>
    </p>
   </div>
   <div class='ocr_carea' id='block_1_71' title="bbox 329 3795 1977 3879">
    <p class='ocr_par' dir='ltr' id='par_1_71' title="bbox 329 3795 1977 3879">
     <span class='ocr_line' id='line_1_71' title="bbox 329 3795 1977 3879; baseline 0.001 -24"><span class='ocrx_word' id='word_1_523' title='bbox 329 3797 731 3875; x_wconf 63' lang='grc' dir='ltr'>συντεταμένως</span> <span class='ocrx_word' id='word_1_524' title='bbox 795 3798 1218 3879; x_wconf 71' lang='grc' dir='ltr'>εὔχαριστήσας,</span> <span class='ocrx_word' id='word_1_525' title='bbox 1281 3797 1467 3877; x_wconf 79' lang='grc' dir='ltr'>ὅτιπερ</span> <span class='ocrx_word' id='word_1_526' title='bbox 1511 3795 1615 3866; x_wconf 73' lang='grc' dir='ltr'>ἤδη</span> <span class='ocrx_word' id='word_1_527' title='bbox 1660 3805 1977 3878; x_wconf 76' lang='grc' dir='ltr'>παρεστῶτα</span> 
     </span>
    </p>
   </div>
   <div class='ocr_carea' id='block_1_72' title="bbox 333 3884 1978 3968">
    <p class='ocr_par' dir='ltr' id='par_1_72' title="bbox 333 3884 1978 3968">
     <span class='ocr_line' id='line_1_72' title="bbox 333 3884 1978 3968; baseline -0.002 -19"><span class='ocrx_word' id='word_1_528' title='bbox 333 3893 429 3949; x_wconf 73' lang='grc' dir='ltr'>τὸν</span> <span class='ocrx_word' id='word_1_529' title='bbox 498 3889 630 3968; x_wconf 69' lang='grc' dir='ltr'>ὑπὲρ</span> <span class='ocrx_word' id='word_1_530' title='bbox 689 3888 848 3947; x_wconf 73' lang='grc' dir='ltr'>αὐτοῦ</span> <span class='ocrx_word' id='word_1_531' title='bbox 914 3887 1140 3944; x_wconf 85' lang='grc' dir='ltr'>θάνατον</span> <span class='ocrx_word' id='word_1_532' title='bbox 1214 3884 1460 3967; x_wconf 70' lang='grc' dir='ltr'>ἔϐλεπεν,</span> <span class='ocrx_word' id='word_1_533' title='bbox 1519 3891 1643 3945; x_wconf 83' lang='grc' dir='ltr'>εἷτα</span> <span class='ocrx_word' id='word_1_534' title='bbox 1698 3890 1787 3945; x_wconf 84' lang='grc' dir='ltr'><strong>καὶ</strong></span> <span class='ocrx_word' id='word_1_535' title='bbox 1845 3890 1978 3967; x_wconf 81' lang='grc' dir='ltr'>πρὸς</span> 
     </span>
    </p>
   </div>
   <div class='ocr_carea' id='block_1_73' title="bbox 334 3976 1978 4060">
    <p class='ocr_par' dir='ltr' id='par_1_73' title="bbox 334 3976 1978 4060">
     <span class='ocr_line' id='line_1_73' title="bbox 334 3976 1978 4060; baseline -0.002 -21"><span class='ocrx_word' id='word_1_536' title='bbox 334 3979 567 4045; x_wconf 70' lang='grc' dir='ltr'>ικείνους</span> <span class='ocrx_word' id='word_1_537' title='bbox 595 3976 970 4058; x_wconf 75' lang='grc' dir='ltr'>ἰπιστραφεῖς,</span> <span class='ocrx_word' id='word_1_538' title='bbox 1005 3976 1170 4055; x_wconf 83' lang='grc' dir='ltr'>Ἐγὼ,</span> <span class='ocrx_word' id='word_1_539' title='bbox 1205 3978 1388 4057; x_wconf 73' lang='grc' dir='ltr'>φησὶν,</span> <span class='ocrx_word' id='word_1_540' title='bbox 1420 3977 1551 4056; x_wconf 78' lang='grc' dir='ltr'>ὑπὲρ</span> <span class='ocrx_word' id='word_1_541' title='bbox 1580 3979 1681 4046; x_wconf 80' lang='grc' dir='ltr'>τῆς</span> <span class='ocrx_word' id='word_1_542' title='bbox 1724 3988 1817 4039; x_wconf 80' lang='grc' dir='ltr'>τοῦ</span> <span class='ocrx_word' id='word_1_543' title='bbox 1845 3986 1978 4060; x_wconf 78' lang='grc' dir='ltr'>Χρι-</span> 
     </span>
    </p>
   </div>
   <div class='ocr_carea' id='block_1_74' title="bbox 337 4067 1981 4147">
    <p class='ocr_par' dir='ltr' id='par_1_74' title="bbox 337 4067 1981 4147">
     <span class='ocr_line' id='line_1_74' title="bbox 337 4067 1981 4147; baseline -0.001 -19"><span class='ocrx_word' id='word_1_544' title='bbox 337 4091 467 4128; x_wconf 86' lang='grc' dir='ltr'>στου</span> <span class='ocrx_word' id='word_1_545' title='bbox 523 4089 628 4139; x_wconf 83' lang='grc' dir='ltr'><strong>μου</strong></span> <span class='ocrx_word' id='word_1_546' title='bbox 674 4067 886 4147; x_wconf 69' lang='grc' dir='ltr'>ἀγάπης</span> <span class='ocrx_word' id='word_1_547' title='bbox 944 4067 1032 4124; x_wconf 81' lang='grc' dir='ltr'><strong>καὶ</strong></span> <span class='ocrx_word' id='word_1_548' title='bbox 1081 4074 1173 4124; x_wconf 74' lang='grc' dir='ltr'>τώ</span> <span class='ocrx_word' id='word_1_549' title='bbox 1227 4069 1422 4146; x_wconf 76' lang='grc' dir='ltr'>θερμοῦ</span> <span class='ocrx_word' id='word_1_550' title='bbox 1482 4068 1613 4147; x_wconf 88' lang='grc' dir='ltr'>πρὸς</span> <span class='ocrx_word' id='word_1_551' title='bbox 1677 4070 1834 4127; x_wconf 76' lang='grc' dir='ltr'>αύτὸν</span> <span class='ocrx_word' id='word_1_552' title='bbox 1891 4071 1981 4127; x_wconf 85' lang='grc' dir='ltr'><strong>καὶ</strong></span> 
     </span>
    </p>
   </div>
   <div class='ocr_carea' id='block_1_75' title="bbox 338 4155 1979 4234">
    <p class='ocr_par' dir='ltr' id='par_1_75' title="bbox 338 4155 1979 4234">
     <span class='ocr_line' id='line_1_75' title="bbox 338 4155 1979 4234; baseline 0.001 -19"><span class='ocrx_word' id='word_1_553' title='bbox 338 4158 574 4221; x_wconf 76' lang='grc' dir='ltr'>ἀπαθοῦς</span> <span class='ocrx_word' id='word_1_554' title='bbox 605 4156 824 4234; x_wconf 77' lang='grc' dir='ltr'>ἔρωτος,</span> <span class='ocrx_word' id='word_1_555' title='bbox 855 4155 998 4214; x_wconf 76' lang='grc' dir='ltr'>ἅπαν</span> <span class='ocrx_word' id='word_1_556' title='bbox 1050 4158 1464 4232; x_wconf 80' lang='grc' dir='ltr'>κατατμηθῆναι</span> <span class='ocrx_word' id='word_1_557' title='bbox 1496 4156 1662 4233; x_wconf 78' lang='grc' dir='ltr'>μέλος</span> <span class='ocrx_word' id='word_1_558' title='bbox 1704 4160 1776 4221; x_wconf 78' lang='grc' dir='ltr'><strong>εἰς</strong></span> <span class='ocrx_word' id='word_1_559' title='bbox 1808 4157 1979 4216; x_wconf 83' lang='grc' dir='ltr'>λεπτὰ</span> 
     </span>
    </p>
   </div>
   <div class='ocr_carea' id='block_1_76' title="bbox 338 4243 1983 4328">
    <p class='ocr_par' dir='ltr' id='par_1_76' title="bbox 338 4243 1983 4328">
     <span class='ocr_line' id='line_1_76' title="bbox 338 4243 1983 4328; baseline 0 -22"><span class='ocrx_word' id='word_1_560' title='bbox 338 4245 703 4328; x_wconf 74' lang='grc' dir='ltr'>προσεδόκων,</span> <span class='ocrx_word' id='word_1_561' title='bbox 789 4246 1106 4303; x_wconf 84' lang='grc' dir='ltr'>καινότατον</span> <span class='ocrx_word' id='word_1_562' title='bbox 1191 4243 1256 4315; x_wconf 92' lang='grc' dir='ltr'><strong>δή</strong></span> <span class='ocrx_word' id='word_1_563' title='bbox 1340 4264 1461 4303; x_wconf 86' lang='grc' dir='ltr'>τινα</span> <span class='ocrx_word' id='word_1_564' title='bbox 1536 4248 1835 4327; x_wconf 78' lang='grc' dir='ltr'>περιμένων</span> <span class='ocrx_word' id='word_1_565' title='bbox 1892 4251 1983 4308; x_wconf 87' lang='grc' dir='ltr'><strong>καὶ</strong></span> 
     </span>
    </p>
   </div>
   <div class='ocr_carea' id='block_1_77' title="bbox 337 4333 1981 4418">
    <p class='ocr_par' dir='ltr' id='par_1_77' title="bbox 337 4333 1981 4418">
     <span class='ocr_line' id='line_1_77' title="bbox 337 4333 1981 4418; baseline 0.001 -24"><span class='ocrx_word' id='word_1_566' title='bbox 337 4336 539 4417; x_wconf 74' lang='grc' dir='ltr'>ἀπηχῆ</span> <span class='ocrx_word' id='word_1_567' title='bbox 567 4336 812 4395; x_wconf 82' lang='grc' dir='ltr'>θάνατον.</span> <span class='ocrx_word' id='word_1_568' title='bbox 859 4334 1085 4403; x_wconf 72' lang='grc' dir='ltr'>Ἐπειδὴ</span> <span class='ocrx_word' id='word_1_569' title='bbox 1119 4333 1175 4391; x_wconf 85' lang='grc' dir='ltr'>δὲ</span> <span class='ocrx_word' id='word_1_570' title='bbox 1208 4335 1363 4400; x_wconf 75' lang='grc' dir='ltr'>οὗτος</span> <span class='ocrx_word' id='word_1_571' title='bbox 1393 4338 1537 4393; x_wconf 69' lang='grc' dir='ltr'>εστιν</span> <span class='ocrx_word' id='word_1_572' title='bbox 1567 4339 1595 4393; x_wconf 81' lang='grc' dir='ltr'>ὁ</span> <span class='ocrx_word' id='word_1_573' title='bbox 1652 4336 1780 4418; x_wconf 86' lang='grc' dir='ltr'>παρ’</span> <span class='ocrx_word' id='word_1_574' title='bbox 1833 4340 1981 4416; x_wconf 78' lang='grc' dir='ltr'>ὑμῶν</span> 
     </span>
    </p>
   </div>
   <div class='ocr_carea' id='block_1_78' title="bbox 2061 3163 3705 3249">
    <p class='ocr_par' dir='ltr' id='par_1_78' title="bbox 2061 3163 3705 3249">
     <span class='ocr_line' id='line_1_78' title="bbox 2061 3163 3705 3249; baseline 0.004 -23"><span class='ocrx_word' id='word_1_575' title='bbox 2061 3165 2420 3247; x_wconf 89' lang='lat' dir='ltr'><strong>injicientes,</strong></span> <span class='ocrx_word' id='word_1_576' title='bbox 2472 3172 2530 3226; x_wconf 91' lang='lat' dir='ltr'><strong>et</strong></span> <span class='ocrx_word' id='word_1_577' title='bbox 2576 3163 2996 3226; x_wconf 85' lang='lat' dir='ltr'><strong>miserabiliter</strong></span> <span class='ocrx_word' id='word_1_578' title='bbox 3023 3173 3160 3226; x_wconf 91' lang='lat' dir='ltr'><strong>ante</strong></span> <span class='ocrx_word' id='word_1_579' title='bbox 3190 3165 3398 3229; x_wconf 91' lang='lat' dir='ltr'><strong>oculos</strong></span> <span class='ocrx_word' id='word_1_580' title='bbox 3432 3167 3705 3249; x_wconf 83' lang='lat' dir='ltr'><strong>martyris</strong></span> 
     </span>
    </p>
   </div>
   <div class='ocr_carea' id='block_1_79' title="bbox 2062 3254 3701 3337">
    <p class='ocr_par' dir='ltr' id='par_1_79' title="bbox 2062 3254 3701 3337">
     <span class='ocr_line' id='line_1_79' title="bbox 2062 3254 3701 3337; baseline 0.001 -19"><span class='ocrx_word' id='word_1_581' title='bbox 2062 3256 2448 3330; x_wconf 78' lang='lat' dir='ltr'><strong>sutfocantes,</strong></span> <span class='ocrx_word' id='word_1_582' title='bbox 2497 3265 2705 3316; x_wconf 90' lang='lat' dir='ltr'><strong>sancto</strong></span> <span class='ocrx_word' id='word_1_583' title='bbox 2736 3254 2878 3315; x_wconf 89' lang='lat' dir='ltr'><strong>dum</strong></span> <span class='ocrx_word' id='word_1_584' title='bbox 2904 3261 3400 3337; x_wconf 80' lang='lat' dir='ltr'><strong>unumquemque</strong></span> <span class='ocrx_word' id='word_1_585' title='bbox 3442 3257 3701 3320; x_wconf 88' lang='lat' dir='ltr'><strong>vicissim</strong></span> 
     </span>
    </p>
   </div>
   <div class='ocr_carea' id='block_1_80' title="bbox 2063 3343 3701 3424">
    <p class='ocr_par' dir='ltr' id='par_1_80' title="bbox 2063 3343 3701 3424">
     <span class='ocr_line' id='line_1_80' title="bbox 2063 3343 3701 3424; baseline 0.001 -16"><span class='ocrx_word' id='word_1_586' title='bbox 2063 3344 2538 3424; x_wconf 86' lang='lat' dir='ltr'><strong>submergerent,</strong></span> <span class='ocrx_word' id='word_1_587' title='bbox 2572 3343 2873 3419; x_wconf 87' lang='lat' dir='ltr'><strong>dicebant,</strong></span> <span class='ocrx_word' id='word_1_588' title='bbox 2912 3365 2926 3405; x_wconf 87' lang='lat'><strong>:</strong></span> <span class='ocrx_word' id='word_1_589' title='bbox 2962 3344 3078 3407; x_wconf 92' lang='lat' dir='ltr'><strong>Cur</strong></span> <span class='ocrx_word' id='word_1_590' title='bbox 3109 3345 3215 3419; x_wconf 88' lang='lat' dir='ltr'><strong>vis,</strong></span> <span class='ocrx_word' id='word_1_591' title='bbox 3250 3345 3405 3408; x_wconf 91' lang='lat' dir='ltr'><strong>sicut</strong></span> <span class='ocrx_word' id='word_1_592' title='bbox 3443 3365 3597 3408; x_wconf 85' lang='lat' dir='ltr'><strong>unus</strong></span> <span class='ocrx_word' id='word_1_593' title='bbox 3628 3364 3701 3408; x_wconf 80' lang='lat' dir='ltr'><strong>ex</strong></span> 
     </span>
    </p>
   </div>
   <div class='ocr_carea' id='block_1_81' title="bbox 2061 3433 3698 3518">
    <p class='ocr_par' dir='ltr' id='par_1_81' title="bbox 2061 3433 3698 3518">
     <span class='ocr_line' id='line_1_81' title="bbox 2061 3433 3698 3518; baseline 0.001 -20"><span class='ocrx_word' id='word_1_594' title='bbox 2061 3436 2176 3511; x_wconf 90' lang='lat' dir='ltr'><strong>his,</strong></span> <span class='ocrx_word' id='word_1_595' title='bbox 2201 3437 2495 3498; x_wconf 90' lang='lat' dir='ltr'><strong>violenter</strong></span> <span class='ocrx_word' id='word_1_596' title='bbox 2515 3433 2647 3497; x_wconf 87' lang='lat' dir='ltr'><strong>tolli</strong></span> <span class='ocrx_word' id='word_1_597' title='bbox 2670 3435 2743 3496; x_wconf 93' lang='lat' dir='ltr'><strong>de</strong></span> <span class='ocrx_word' id='word_1_598' title='bbox 2766 3433 2959 3495; x_wconf 91' lang='lat' dir='ltr'><strong>medio</strong></span> <span class='ocrx_word' id='word_1_599' title='bbox 2985 3440 3043 3494; x_wconf 91' lang='lat' dir='ltr'><strong>et</strong></span> <span class='ocrx_word' id='word_1_600' title='bbox 3060 3452 3181 3495; x_wconf 93' lang='lat' dir='ltr'><strong>non</strong></span> <span class='ocrx_word' id='word_1_601' title='bbox 3205 3436 3402 3516; x_wconf 84' lang='lat' dir='ltr'><strong>potius</strong></span> <span class='ocrx_word' id='word_1_602' title='bbox 3432 3436 3560 3517; x_wconf 89' lang='lat' dir='ltr'><strong>regi</strong></span> <span class='ocrx_word' id='word_1_603' title='bbox 3590 3456 3698 3518; x_wconf 89' lang='lat' dir='ltr'><strong>pa-</strong></span> 
     </span>
    </p>
   </div>
   <div class='ocr_carea' id='block_1_82' title="bbox 2058 3522 3700 3606">
    <p class='ocr_par' dir='ltr' id='par_1_82' title="bbox 2058 3522 3700 3606">
     <span class='ocr_line' id='line_1_82' title="bbox 2058 3522 3700 3606; baseline 0.002 -19"><span class='ocrx_word' id='word_1_604' title='bbox 2058 3542 2217 3601; x_wconf 89' lang='lat' dir='ltr'><strong>rere,</strong></span> <span class='ocrx_word' id='word_1_605' title='bbox 2253 3533 2311 3587; x_wconf 91' lang='lat' dir='ltr'><strong>et</strong></span> <span class='ocrx_word' id='word_1_606' title='bbox 2344 3526 2600 3606; x_wconf 90' lang='lat' dir='ltr'><strong>priorem</strong></span> <span class='ocrx_word' id='word_1_607' title='bbox 2635 3523 2919 3604; x_wconf 90' lang='lat' dir='ltr'><strong>consequi</strong></span> <span class='ocrx_word' id='word_1_608' title='bbox 2948 3522 3338 3586; x_wconf 83' lang='lat' dir='ltr'><strong>felicitatem?</strong></span> <span class='ocrx_word' id='word_1_609' title='bbox 3366 3525 3474 3589; x_wconf 92' lang='lat' dir='ltr'><strong>llle</strong></span> <span class='ocrx_word' id='word_1_610' title='bbox 3501 3536 3700 3590; x_wconf 89' lang='lat' dir='ltr'><strong>autem</strong></span> 
     </span>
    </p>
   </div>
   <div class='ocr_carea' id='block_1_83' title="bbox 2060 3613 3705 3680">
    <p class='ocr_par' dir='ltr' id='par_1_83' title="bbox 2060 3613 3705 3680">
     <span class='ocr_line' id='line_1_83' title="bbox 2060 3613 3705 3680; baseline 0.001 -2"><span class='ocrx_word' id='word_1_611' title='bbox 2060 3633 2194 3678; x_wconf 89' lang='lat' dir='ltr'><strong>cum</strong></span> <span class='ocrx_word' id='word_1_612' title='bbox 2226 3614 2321 3676; x_wconf 89' lang='lat' dir='ltr'><strong>his</strong></span> <span class='ocrx_word' id='word_1_613' title='bbox 2354 3623 2614 3677; x_wconf 89' lang='lat' dir='ltr'><strong>mentem</strong></span> <span class='ocrx_word' id='word_1_614' title='bbox 2661 3613 3031 3675; x_wconf 90' lang='lat' dir='ltr'><strong>adhibuisset</strong></span> <span class='ocrx_word' id='word_1_615' title='bbox 3062 3623 3125 3675; x_wconf 90' lang='lat' dir='ltr'><strong>et</strong></span> <span class='ocrx_word' id='word_1_616' title='bbox 3153 3613 3213 3674; x_wconf 91' lang='lat' dir='ltr'><strong>in</strong></span> <span class='ocrx_word' id='word_1_617' title='bbox 3248 3615 3465 3677; x_wconf 73' lang='lat' dir='ltr'><strong>coelum</strong></span> <span class='ocrx_word' id='word_1_618' title='bbox 3498 3617 3705 3680; x_wconf 86' lang='lat' dir='ltr'><strong>oculos</strong></span> 
     </span>
    </p>
   </div>
   <div class='ocr_carea' id='block_1_84' title="bbox 2061 3703 3705 3788">
    <p class='ocr_par' dir='ltr' id='par_1_84' title="bbox 2061 3703 3705 3788">
     <span class='ocr_line' id='line_1_84' title="bbox 2061 3703 3705 3788; baseline 0.001 -20"><span class='ocrx_word' id='word_1_619' title='bbox 2061 3704 2403 3769; x_wconf 90' lang='lat' dir='ltr'><strong>sustulisset</strong></span> <span class='ocrx_word' id='word_1_620' title='bbox 2428 3713 2486 3764; x_wconf 91' lang='lat' dir='ltr'><strong>et</strong></span> <span class='ocrx_word' id='word_1_621' title='bbox 2517 3706 2639 3767; x_wconf 91' lang='lat' dir='ltr'><strong>Deo</strong></span> <span class='ocrx_word' id='word_1_622' title='bbox 2668 3703 2941 3781; x_wconf 85' lang='lat' dir='ltr'><strong>ingentes</strong></span> <span class='ocrx_word' id='word_1_623' title='bbox 2987 3704 3206 3782; x_wconf 87' lang='lat' dir='ltr'><strong>egisset</strong></span> <span class='ocrx_word' id='word_1_624' title='bbox 3251 3705 3491 3783; x_wconf 80' lang='lat' dir='ltr'><strong>gratias,</strong></span> <span class='ocrx_word' id='word_1_625' title='bbox 3542 3706 3705 3788; x_wconf 88' lang='lat' dir='ltr'><strong>quod</strong></span> 
     </span>
    </p>
   </div>
   <div class='ocr_carea' id='block_1_85' title="bbox 2053 3793 3701 3877">
    <p class='ocr_par' dir='ltr' id='par_1_85' title="bbox 2053 3793 3701 3877">
     <span class='ocr_line' id='line_1_85' title="bbox 2053 3793 3701 3877; baseline 0.001 -20"><span class='ocrx_word' id='word_1_626' title='bbox 2053 3795 2179 3877; x_wconf 89' lang='lat' dir='ltr'><strong>jam</strong></span> <span class='ocrx_word' id='word_1_627' title='bbox 2231 3813 2338 3876; x_wconf 88' lang='lat' dir='ltr'><strong>pro</strong></span> <span class='ocrx_word' id='word_1_628' title='bbox 2388 3795 2515 3875; x_wconf 90' lang='lat' dir='ltr'><strong>ipso</strong></span> <span class='ocrx_word' id='word_1_629' title='bbox 2566 3803 2818 3855; x_wconf 91' lang='lat' dir='ltr'><strong>mortem</strong></span> <span class='ocrx_word' id='word_1_630' title='bbox 2866 3793 3095 3855; x_wconf 87' lang='lat' dir='ltr'><strong>videret</strong></span> <span class='ocrx_word' id='word_1_631' title='bbox 3140 3811 3272 3855; x_wconf 88' lang='lat' dir='ltr'><strong>esse</strong></span> <span class='ocrx_word' id='word_1_632' title='bbox 3301 3796 3701 3875; x_wconf 90' lang='lat' dir='ltr'><strong>subeundam,</strong></span> 
     </span>
    </p>
   </div>
   <div class='ocr_carea' id='block_1_86' title="bbox 2061 3882 3704 3969">
    <p class='ocr_par' dir='ltr' id='par_1_86' title="bbox 2061 3882 3704 3969">
     <span class='ocr_line' id='line_1_86' title="bbox 2061 3882 3704 3969; baseline 0.002 -22"><span class='ocrx_word' id='word_1_633' title='bbox 2061 3885 2281 3948; x_wconf 88' lang='lat' dir='ltr'><strong>deinde</strong></span> <span class='ocrx_word' id='word_1_634' title='bbox 2301 3884 2373 3947; x_wconf 83' lang='lat' dir='ltr'><strong>ad</strong></span> <span class='ocrx_word' id='word_1_635' title='bbox 2402 3885 2534 3947; x_wconf 90' lang='lat' dir='ltr'><strong>illos</strong></span> <span class='ocrx_word' id='word_1_636' title='bbox 2556 3902 2797 3962; x_wconf 90' lang='lat' dir='ltr'><strong>quoque</strong></span> <span class='ocrx_word' id='word_1_637' title='bbox 2813 3900 3166 3946; x_wconf 89' lang='lat' dir='ltr'><strong>conversus:</strong></span> <span class='ocrx_word' id='word_1_638' title='bbox 3193 3882 3337 3963; x_wconf 88' lang='lat' dir='ltr'><strong>Ego,</strong></span> <span class='ocrx_word' id='word_1_639' title='bbox 3360 3886 3574 3968; x_wconf 83' lang='lat' dir='ltr'><strong>inquit,</strong></span> <span class='ocrx_word' id='word_1_640' title='bbox 3597 3906 3704 3969; x_wconf 90' lang='lat' dir='ltr'><strong>pro</strong></span> 
     </span>
    </p>
   </div>
   <div class='ocr_carea' id='block_1_87' title="bbox 2063 3971 3705 4054">
    <p class='ocr_par' dir='ltr' id='par_1_87' title="bbox 2063 3971 3705 4054">
     <span class='ocr_line' id='line_1_87' title="bbox 2063 3971 3705 4054; baseline 0 -14"><span class='ocrx_word' id='word_1_641' title='bbox 2063 3974 2287 4040; x_wconf 83' lang='lat' dir='ltr'><strong>Christi</strong></span> <span class='ocrx_word' id='word_1_642' title='bbox 2318 3974 2435 4037; x_wconf 92' lang='lat' dir='ltr'><strong>mei</strong></span> <span class='ocrx_word' id='word_1_643' title='bbox 2462 3973 2777 4049; x_wconf 87' lang='lat' dir='ltr'><strong>charitate,</strong></span> <span class='ocrx_word' id='word_1_644' title='bbox 2801 3971 3153 4054; x_wconf 88' lang='lat' dir='ltr'><strong>ardentique</strong></span> <span class='ocrx_word' id='word_1_645' title='bbox 3183 3982 3243 4035; x_wconf 90' lang='lat' dir='ltr'><strong>et</strong></span> <span class='ocrx_word' id='word_1_646' title='bbox 3270 3976 3611 4039; x_wconf 89' lang='lat' dir='ltr'><strong>vehementi</strong></span> <span class='ocrx_word' id='word_1_647' title='bbox 3643 3978 3705 4040; x_wconf 91' lang='lat' dir='ltr'><strong>in</strong></span> 
     </span>
    </p>
   </div>
   <div class='ocr_carea' id='block_1_88' title="bbox 2067 4063 3709 4146">
    <p class='ocr_par' dir='ltr' id='par_1_88' title="bbox 2067 4063 3709 4146">
     <span class='ocr_line' id='line_1_88' title="bbox 2067 4063 3709 4146; baseline 0.001 -18"><span class='ocrx_word' id='word_1_648' title='bbox 2067 4083 2202 4128; x_wconf 90' lang='lat' dir='ltr'><strong>eum</strong></span> <span class='ocrx_word' id='word_1_649' title='bbox 2233 4083 2461 4141; x_wconf 87' lang='lat' dir='ltr'><strong>amore,</strong></span> <span class='ocrx_word' id='word_1_650' title='bbox 2494 4063 2904 4146; x_wconf 83' lang='lat' dir='ltr'><strong>exspectabam</strong></span> <span class='ocrx_word' id='word_1_651' title='bbox 2939 4083 3117 4126; x_wconf 91' lang='lat' dir='ltr'><strong>omne</strong></span> <span class='ocrx_word' id='word_1_652' title='bbox 3142 4065 3479 4129; x_wconf 90' lang='lat' dir='ltr'><strong>membrum</strong></span> <span class='ocrx_word' id='word_1_653' title='bbox 3516 4068 3709 4129; x_wconf 86' lang='lat' dir='ltr'><strong>minu-</strong></span> 
     </span>
    </p>
   </div>
   <div class='ocr_carea' id='block_1_89' title="bbox 2064 4154 3707 4237">
    <p class='ocr_par' dir='ltr' id='par_1_89' title="bbox 2064 4154 3707 4237">
     <span class='ocr_line' id='line_1_89' title="bbox 2064 4154 3707 4237; baseline 0.002 -19"><span class='ocrx_word' id='word_1_654' title='bbox 2064 4157 2227 4218; x_wconf 88' lang='lat' dir='ltr'><strong>tatim</strong></span> <span class='ocrx_word' id='word_1_655' title='bbox 2288 4154 2623 4229; x_wconf 88' lang='lat' dir='ltr'><strong>conscindi,</strong></span> <span class='ocrx_word' id='word_1_656' title='bbox 2682 4162 3033 4234; x_wconf 81' lang='lat' dir='ltr'><strong>exspectans</strong></span> <span class='ocrx_word' id='word_1_657' title='bbox 3077 4173 3287 4217; x_wconf 88' lang='lat' dir='ltr'><strong>novam</strong></span> <span class='ocrx_word' id='word_1_658' title='bbox 3339 4156 3599 4237; x_wconf 84' lang='lat' dir='ltr'><strong>aliquam</strong></span> <span class='ocrx_word' id='word_1_659' title='bbox 3646 4167 3707 4221; x_wconf 88' lang='lat' dir='ltr'><strong>et</strong></span> 
     </span>
    </p>
   </div>
   <div class='ocr_carea' id='block_1_90' title="bbox 2064 4243 3702 4325">
    <p class='ocr_par' dir='ltr' id='par_1_90' title="bbox 2064 4243 3702 4325">
     <span class='ocr_line' id='line_1_90' title="bbox 2064 4243 3702 4325; baseline 0.002 -18"><span class='ocrx_word' id='word_1_660' title='bbox 2064 4246 2391 4309; x_wconf 83' lang='lat' dir='ltr'><strong>inauditam</strong></span> <span class='ocrx_word' id='word_1_661' title='bbox 2425 4254 2700 4307; x_wconf 91' lang='lat' dir='ltr'><strong>mortem.</strong></span> <span class='ocrx_word' id='word_1_662' title='bbox 2759 4243 3048 4317; x_wconf 89' lang='lat' dir='ltr'><strong>Quoniam</strong></span> <span class='ocrx_word' id='word_1_663' title='bbox 3084 4256 3280 4308; x_wconf 89' lang='lat' dir='ltr'><strong>autem</strong></span> <span class='ocrx_word' id='word_1_664' title='bbox 3329 4247 3455 4308; x_wconf 71' lang='lat' dir='ltr'><strong>haec</strong></span> <span class='ocrx_word' id='word_1_665' title='bbox 3486 4257 3577 4308; x_wconf 88' lang='lat' dir='ltr'><strong>est</strong></span> <span class='ocrx_word' id='word_1_666' title='bbox 3607 4267 3702 4325; x_wconf 89' lang='lat' dir='ltr'><strong>ea,</strong></span> 
     </span>
    </p>
   </div>
   <div class='ocr_carea' id='block_1_91' title="bbox 2065 4335 3704 4417">
    <p class='ocr_par' dir='ltr' id='par_1_91' title="bbox 2065 4335 3704 4417">
     <span class='ocr_line' id='line_1_91' title="bbox 2065 4335 3704 4417; baseline 0.003 -20"><span class='ocrx_word' id='word_1_667' title='bbox 2065 4354 2242 4417; x_wconf 86' lang='lat' dir='ltr'><strong>quam</strong></span> <span class='ocrx_word' id='word_1_668' title='bbox 2278 4354 2377 4397; x_wconf 94' lang='lat' dir='ltr'><strong>vos</strong></span> <span class='ocrx_word' id='word_1_669' title='bbox 2414 4335 2561 4396; x_wconf 91' lang='lat' dir='ltr'><strong>mihi</strong></span> <span class='ocrx_word' id='word_1_670' title='bbox 2593 4335 3059 4415; x_wconf 86' lang='lat' dir='ltr'><strong>minamini,ago</strong></span> <span class='ocrx_word' id='word_1_671' title='bbox 3085 4336 3190 4398; x_wconf 92' lang='lat' dir='ltr'><strong>tibi</strong></span> <span class='ocrx_word' id='word_1_672' title='bbox 3211 4336 3429 4415; x_wconf 85' lang='lat' dir='ltr'><strong>gratias</strong></span> <span class='ocrx_word' id='word_1_673' title='bbox 3448 4338 3562 4400; x_wconf 87' lang='lat' dir='ltr'><strong>soli</strong></span> <span class='ocrx_word' id='word_1_674' title='bbox 3581 4340 3704 4402; x_wconf 89' lang='lat' dir='ltr'><strong>Deo</strong></span> 
     </span>
    </p>
   </div>
   <div class='ocr_carea' id='block_1_92' title="bbox 338 4422 1972 4520">
    <p class='ocr_par' dir='ltr' id='par_1_92' title="bbox 338 4423 1972 4506">
     <span class='ocr_line' id='line_1_92' title="bbox 338 4423 1972 4506; baseline 0.001 -22"><span class='ocrx_word' id='word_1_675' title='bbox 338 4426 753 4503; x_wconf 86' lang='grc' dir='ltr'>ἀπειλούμενος,</span> <span class='ocrx_word' id='word_1_676' title='bbox 816 4428 1122 4506; x_wconf 77' lang='grc' dir='ltr'>εὐχαριστῶ</span> <span class='ocrx_word' id='word_1_677' title='bbox 1170 4447 1254 4483; x_wconf 91' lang='grc' dir='ltr'><strong>σοι</strong></span> <span class='ocrx_word' id='word_1_678' title='bbox 1304 4432 1380 4500; x_wconf 84' lang='grc' dir='ltr'><strong>τῷ</strong></span> <span class='ocrx_word' id='word_1_679' title='bbox 1410 4423 1559 4501; x_wconf 86' lang='grc' dir='ltr'>μόνῳ</span> <span class='ocrx_word' id='word_1_680' title='bbox 1592 4434 1707 4503; x_wconf 87' lang='grc' dir='ltr'><strong>Θεῷ</strong></span> <span class='ocrx_word' id='word_1_681' title='bbox 1751 4450 1853 4503; x_wconf 91' lang='grc' dir='ltr'><strong>μου</strong></span> <span class='ocrx_word' id='word_1_682' title='bbox 1894 4431 1972 4487; x_wconf 73' lang='grc' dir='ltr'><strong>καῖ</strong></span> 
     </span>
    </p>
   </div>
   <div class='ocr_carea' id='block_1_93' title="bbox 2064 4422 3708 4520">
    <p class='ocr_par' dir='ltr' id='par_1_93' title="bbox 2067 4422 3708 4520">
     <span class='ocr_line' id='line_1_93' title="bbox 2067 4422 3708 4520; baseline 0.003 -33"><span class='ocrx_word' id='word_1_683' title='bbox 2067 4443 2199 4520; x_wconf 72' lang='lat' dir='ltr'><strong>meo</strong></span> <span class='ocrx_word' id='word_1_684' title='bbox 2232 4432 2291 4487; x_wconf 87' lang='lat' dir='ltr'><strong>et</strong></span> <span class='ocrx_word' id='word_1_685' title='bbox 2319 4422 2909 4520; x_wconf 79' lang='lat' dir='ltr'><strong>Servator_i_C_hristo,</strong></span> <span class='ocrx_word' id='word_1_686' title='bbox 2944 4425 3101 4506; x_wconf 93' lang='lat' dir='ltr'><strong>quod</strong></span> <span class='ocrx_word' id='word_1_687' title='bbox 3134 4437 3496 4520; x_wconf 83' lang='lat' dir='ltr'><strong>morte,quae</strong></span> <span class='ocrx_word' id='word_1_688' title='bbox 3518 4446 3708 4511; x_wconf 92' lang='lat' dir='ltr'><strong>usque</strong></span> 
     </span>
    </p>
   </div>
   <div class='ocr_carea' id='block_1_94' title="bbox 340 4513 1981 4594">
    <p class='ocr_par' dir='ltr' id='par_1_94' title="bbox 340 4513 1981 4594">
     <span class='ocr_line' id='line_1_94' title="bbox 340 4513 1981 4594; baseline 0.002 -21"><span class='ocrx_word' id='word_1_689' title='bbox 340 4519 580 4594; x_wconf 76' lang='grc' dir='ltr'>Σωτῆρι,</span> <span class='ocrx_word' id='word_1_690' title='bbox 619 4515 810 4593; x_wconf 77' lang='grc' dir='ltr'>Χριστὲ</span> <span class='ocrx_word' id='word_1_691' title='bbox 866 4514 1107 4592; x_wconf 81' lang='grc' dir='ltr'>βασιλεῦ,</span> <span class='ocrx_word' id='word_1_692' title='bbox 1162 4513 1244 4572; x_wconf 79' lang='grc' dir='ltr'><strong>ὅτι</strong></span> <span class='ocrx_word' id='word_1_693' title='bbox 1297 4515 1549 4583; x_wconf 78' lang='grc' dir='ltr'>τελευτῆς</span> <span class='ocrx_word' id='word_1_694' title='bbox 1583 4516 1751 4583; x_wconf 75' lang='grc' dir='ltr'>οὕτως</span> <span class='ocrx_word' id='word_1_695' title='bbox 1783 4519 1981 4577; x_wconf 79' lang='grc' dir='ltr'>ἀπόνου</span> 
     </span>
    </p>
   </div>
   <div class='ocr_carea' id='block_1_95' title="bbox 336 4604 1980 4686">
    <p class='ocr_par' dir='ltr' id='par_1_95' title="bbox 336 4604 1980 4686">
     <span class='ocr_line' id='line_1_95' title="bbox 336 4604 1980 4686; baseline 0.001 -22"><span class='ocrx_word' id='word_1_696' title='bbox 336 4608 423 4664; x_wconf 67' lang='grc' dir='ltr'><strong>καὶ</strong></span> <span class='ocrx_word' id='word_1_697' title='bbox 469 4605 759 4680; x_wconf 82' lang='grc' dir='ltr'>ἀνωδύνου,</span> <span class='ocrx_word' id='word_1_698' title='bbox 820 4604 883 4673; x_wconf 75' lang='grc' dir='ltr'>ἢν</span> <span class='ocrx_word' id='word_1_699' title='bbox 944 4606 1031 4663; x_wconf 83' lang='grc' dir='ltr'><strong>καὶ</strong></span> <span class='ocrx_word' id='word_1_700' title='bbox 1068 4605 1224 4684; x_wconf 78' lang='grc' dir='ltr'>φύσις</span> <span class='ocrx_word' id='word_1_701' title='bbox 1284 4606 1417 4673; x_wconf 67' lang='grc' dir='ltr'>αὕτη</span> <span class='ocrx_word' id='word_1_702' title='bbox 1466 4607 1603 4680; x_wconf 88' lang='grc' dir='ltr'><strong>μετά</strong></span> <span class='ocrx_word' id='word_1_703' title='bbox 1634 4609 1823 4686; x_wconf 58' lang='grc' dir='ltr'>μικρὸν</span> <span class='ocrx_word' id='word_1_704' title='bbox 1878 4612 1980 4666; x_wconf 69' lang='grc' dir='ltr'><strong>ἒπ-</strong></span> 
     </span>
    </p>
   </div>
   <div class='ocr_carea' id='block_1_96' title="bbox 344 4694 1980 4775">
    <p class='ocr_par' dir='ltr' id='par_1_96' title="bbox 344 4694 1980 4775">
     <span class='ocr_line' id='line_1_96' title="bbox 344 4694 1980 4775; baseline 0.004 -24"><span class='ocrx_word' id='word_1_705' title='bbox 344 4710 567 4774; x_wconf 65' lang='grc' dir='ltr'>ηνεγκεν</span> <span class='ocrx_word' id='word_1_706' title='bbox 622 4694 712 4769; x_wconf 78' lang='grc' dir='ltr'><strong>ἂν,</strong></span> <span class='ocrx_word' id='word_1_707' title='bbox 765 4695 1050 4775; x_wconf 73' lang='grc' dir='ltr'>μαρτυρίου</span> <span class='ocrx_word' id='word_1_708' title='bbox 1106 4716 1172 4772; x_wconf 90' lang='grc' dir='ltr'><strong>με</strong></span> <span class='ocrx_word' id='word_1_709' title='bbox 1246 4696 1411 4770; x_wconf 76' lang='grc' dir='ltr'>τιμὴν</span> <span class='ocrx_word' id='word_1_710' title='bbox 1469 4697 1779 4766; x_wconf 77' lang='grc' dir='ltr'>ὠνήσασθαι</span> <span class='ocrx_word' id='word_1_711' title='bbox 1842 4720 1980 4757; x_wconf 87' lang='grc' dir='ltr'>κατ-</span> 
     </span>
    </p>
   </div>
   <div class='ocr_carea' id='block_1_97' title="bbox 338 4783 1981 4865">
    <p class='ocr_par' dir='ltr' id='par_1_97' title="bbox 338 4783 1981 4865">
     <span class='ocr_line' id='line_1_97' title="bbox 338 4783 1981 4865; baseline 0.002 -24"><span class='ocrx_word' id='word_1_712' title='bbox 338 4784 596 4853; x_wconf 82' lang='grc' dir='ltr'>ηξίωσας.</span> <span class='ocrx_word' id='word_1_713' title='bbox 630 4789 805 4841; x_wconf 77' lang='grc' dir='ltr'>Ταῦτα</span> <span class='ocrx_word' id='word_1_714' title='bbox 859 4783 1048 4861; x_wconf 73' lang='grc' dir='ltr'>εἰπὼν,</span> <span class='ocrx_word' id='word_1_715' title='bbox 1078 4785 1168 4840; x_wconf 82' lang='grc' dir='ltr'>καὶ</span> <span class='ocrx_word' id='word_1_716' title='bbox 1223 4784 1362 4842; x_wconf 79' lang='grc' dir='ltr'>οὕτω</span> <span class='ocrx_word' id='word_1_717' title='bbox 1391 4784 1713 4851; x_wconf 82' lang='grc' dir='ltr'>τελευταίοις</span> <span class='ocrx_word' id='word_1_718' title='bbox 1743 4787 1981 4865; x_wconf 78' lang='grc' dir='ltr'>ἐπιλαμ-</span> 
     </span>
    </p>
   </div>
   <div class='ocr_carea' id='block_1_98' title="bbox 338 4871 1896 4953">
    <p class='ocr_par' dir='ltr' id='par_1_98' title="bbox 338 4871 1896 4953">
     <span class='ocr_line' id='line_1_98' title="bbox 338 4871 1896 4953; baseline 0.001 -21"><span class='ocrx_word' id='word_1_719' title='bbox 338 4875 587 4953; x_wconf 77' lang='grc' dir='ltr'>πρυνθεῖς</span> <span class='ocrx_word' id='word_1_720' title='bbox 619 4872 873 4953; x_wconf 81' lang='grc' dir='ltr'>ῥήμασιν,</span> <span class='ocrx_word' id='word_1_721' title='bbox 910 4871 1021 4946; x_wconf 71' lang='grc' dir='ltr'><strong>ἴσῳ</strong></span> <span class='ocrx_word' id='word_1_722' title='bbox 1045 4871 1256 4948; x_wconf 81' lang='grc' dir='ltr'>θανάτῳ</span> <span class='ocrx_word' id='word_1_723' title='bbox 1284 4875 1371 4930; x_wconf 87' lang='grc' dir='ltr'><strong>καὶ</strong></span> <span class='ocrx_word' id='word_1_724' title='bbox 1404 4877 1553 4938; x_wconf 70' lang='grc' dir='ltr'>οὗτος</span> <span class='ocrx_word' id='word_1_725' title='bbox 1588 4875 1896 4945; x_wconf 75' lang='grc' dir='ltr'>ἐτελειώθη,</span> 
     </span>
    </p>
   </div>
   <div class='ocr_carea' id='block_1_99' title="bbox 423 4953 1981 5048">
    <p class='ocr_par' dir='ltr' id='par_1_99' title="bbox 423 4953 1981 5048">
     <span class='ocr_line' id='line_1_99' title="bbox 423 4953 1981 5048; baseline 0.001 -27"><span class='ocrx_word' id='word_1_726' title='bbox 423 4953 573 5038; x_wconf 64' lang='grc' dir='ltr'><strong>ις’.</strong></span> <span class='ocrx_word' id='word_1_727' title='bbox 637 4966 696 5021; x_wconf 79' lang='grc' dir='ltr'><strong>Οἱ</strong></span> <span class='ocrx_word' id='word_1_728' title='bbox 752 4962 936 5040; x_wconf 89' lang='grc' dir='ltr'>δήμιοι</span> <span class='ocrx_word' id='word_1_729' title='bbox 990 4960 1046 5018; x_wconf 77' lang='grc' dir='ltr'>δὲ</span> <span class='ocrx_word' id='word_1_730' title='bbox 1102 4963 1203 5031; x_wconf 75' lang='grc' dir='ltr'><strong>τὴν</strong></span> <span class='ocrx_word' id='word_1_731' title='bbox 1257 4964 1403 5043; x_wconf 74' lang='grc' dir='ltr'>ἱερὰν</span> <span class='ocrx_word' id='word_1_732' title='bbox 1485 4964 1694 5033; x_wconf 75' lang='grc' dir='ltr'>ἐκείνην</span> <span class='ocrx_word' id='word_1_733' title='bbox 1745 4968 1981 5048; x_wconf 72' lang='grc' dir='ltr'>κεφαλὴν</span> 
     </span>
    </p>
   </div>
   <div class='ocr_carea' id='block_1_100' title="bbox 339 5051 1978 5134">
    <p class='ocr_par' dir='ltr' id='par_1_100' title="bbox 339 5051 1978 5134">
     <span class='ocr_line' id='line_1_100' title="bbox 339 5051 1978 5134; baseline 0.002 -23"><span class='ocrx_word' id='word_1_734' title='bbox 339 5053 683 5134; x_wconf 72' lang='grc' dir='ltr'>έκτεμόντες,</span> <span class='ocrx_word' id='word_1_735' title='bbox 741 5056 886 5133; x_wconf 71' lang='grc' dir='ltr'>σαφῆ</span> <span class='ocrx_word' id='word_1_736' title='bbox 942 5052 1040 5121; x_wconf 73' lang='grc' dir='ltr'><strong>τῆς</strong></span> <span class='ocrx_word' id='word_1_737' title='bbox 1087 5051 1409 5129; x_wconf 80' lang='grc' dir='ltr'>ἀναιρέσεως</span> <span class='ocrx_word' id='word_1_738' title='bbox 1459 5061 1552 5111; x_wconf 81' lang='grc' dir='ltr'>τοῦ</span> <span class='ocrx_word' id='word_1_739' title='bbox 1601 5054 1782 5133; x_wconf 84' lang='grc' dir='ltr'>ἀνδρὸς</span> <span class='ocrx_word' id='word_1_740' title='bbox 1830 5059 1978 5115; x_wconf 83' lang='grc' dir='ltr'>ἀπο-</span> 
     </span>
    </p>
   </div>
   <div class='ocr_carea' id='block_1_101' title="bbox 338 5141 1976 5229">
    <p class='ocr_par' dir='ltr' id='par_1_101' title="bbox 338 5141 1976 5229">
     <span class='ocr_line' id='line_1_101' title="bbox 338 5141 1976 5229; baseline -0.004 -28"><span class='ocrx_word' id='word_1_741' title='bbox 338 5141 498 5209; x_wconf 80' lang='grc' dir='ltr'>δειξιν</span> <span class='ocrx_word' id='word_1_742' title='bbox 554 5148 630 5217; x_wconf 86' lang='grc' dir='ltr'>τῷ</span> <span class='ocrx_word' id='word_1_743' title='bbox 667 5141 885 5219; x_wconf 79' lang='grc' dir='ltr'>βασιλεῖ</span> <span class='ocrx_word' id='word_1_744' title='bbox 927 5141 1226 5217; x_wconf 83' lang='grc' dir='ltr'>κομίζουσι.</span> <span class='ocrx_word' id='word_1_745' title='bbox 1260 5144 1362 5199; x_wconf 72' lang='grc' dir='ltr'><strong>Τὸν</strong></span> <span class='ocrx_word' id='word_1_746' title='bbox 1393 5144 1576 5219; x_wconf 70' lang='grc' dir='ltr'>μέντοι</span> <span class='ocrx_word' id='word_1_747' title='bbox 1604 5148 1692 5203; x_wconf 66' lang='grc' dir='ltr'>επὶ</span> <span class='ocrx_word' id='word_1_748' title='bbox 1748 5147 1843 5215; x_wconf 74' lang='grc' dir='ltr'><strong>τῆς</strong></span> <span class='ocrx_word' id='word_1_749' title='bbox 1874 5151 1976 5229; x_wconf 69' lang='grc' dir='ltr'><strong>φὶ)-</strong></span> 
     </span>
    </p>
   </div>
   <div class='ocr_carea' id='block_1_102' title="bbox 339 5229 1978 5317">
    <p class='ocr_par' dir='ltr' id='par_1_102' title="bbox 339 5229 1978 5317">
     <span class='ocr_line' id='line_1_102' title="bbox 339 5229 1978 5317; baseline 0.002 -28"><span class='ocrx_word' id='word_1_750' title='bbox 339 5230 512 5299; x_wconf 83' lang='grc' dir='ltr'>λακῆς</span> <span class='ocrx_word' id='word_1_751' title='bbox 595 5230 875 5311; x_wconf 78' lang='grc' dir='ltr'>σελλάριον</span> <span class='ocrx_word' id='word_1_752' title='bbox 963 5233 1277 5311; x_wconf 79' lang='grc' dir='ltr'>Χριστιανὸν</span> <span class='ocrx_word' id='word_1_753' title='bbox 1335 5229 1484 5314; x_wconf 72' lang='grc' dir='ltr'>ὄντα,</span> <span class='ocrx_word' id='word_1_754' title='bbox 1552 5237 1642 5293; x_wconf 79' lang='grc' dir='ltr'><strong>καὶ</strong></span> <span class='ocrx_word' id='word_1_755' title='bbox 1699 5239 1978 5317; x_wconf 86' lang='grc' dir='ltr'>μαρτύρων</span> 
     </span>
    </p>
   </div>
   <div class='ocr_carea' id='block_1_103' title="bbox 342 5319 1983 5404">
    <p class='ocr_par' dir='ltr' id='par_1_103' title="bbox 342 5319 1983 5404">
     <span class='ocr_line' id='line_1_103' title="bbox 342 5319 1983 5404; baseline 0.004 -26"><span class='ocrx_word' id='word_1_756' title='bbox 342 5319 517 5378; x_wconf 77' lang='grc' dir='ltr'>εἰδότα</span> <span class='ocrx_word' id='word_1_757' title='bbox 546 5327 709 5398; x_wconf 81' lang='grc' dir='ltr'>τιμᾶν</span> <span class='ocrx_word' id='word_1_758' title='bbox 739 5322 989 5401; x_wconf 84' lang='grc' dir='ltr'>σώματα,</span> <span class='ocrx_word' id='word_1_759' title='bbox 1020 5319 1299 5378; x_wconf 75' lang='grc' dir='ltr'>ἀνελέσθαι</span> <span class='ocrx_word' id='word_1_760' title='bbox 1329 5322 1390 5379; x_wconf 83' lang='grc' dir='ltr'>τὸ</span> <span class='ocrx_word' id='word_1_761' title='bbox 1444 5332 1537 5380; x_wconf 81' lang='grc' dir='ltr'>τοὺ</span> <span class='ocrx_word' id='word_1_762' title='bbox 1592 5324 1744 5402; x_wconf 82' lang='grc' dir='ltr'>ἁγίου</span> <span class='ocrx_word' id='word_1_763' title='bbox 1788 5326 1983 5404; x_wconf 80' lang='grc' dir='ltr'>λείψα-</span> 
     </span>
    </p>
   </div>
   <div class='ocr_carea' id='block_1_104' title="bbox 417 5452 1987 5530">
    <p class='ocr_par' dir='ltr' id='par_1_104' title="bbox 417 5452 1987 5530">
     <span class='ocr_line' id='line_1_104' title="bbox 417 5452 1987 5530; baseline 0.007 -20"><span class='ocrx_word' id='word_1_764' title='bbox 417 5453 499 5524; x_wconf 85' lang='grc'><strong>(8)</strong></span> <span class='ocrx_word' id='word_1_765' title='bbox 530 5452 673 5530; x_wconf 90' lang='lat' dir='ltr'><strong>C_um</strong></span> <span class='ocrx_word' id='word_1_766' title='bbox 725 5452 832 5530; x_wconf 66' lang='lat' dir='ltr'><strong>alii</strong></span> <span class='ocrx_word' id='word_1_767' title='bbox 863 5468 1009 5530; x_wconf 82' lang='lat' dir='ltr'><strong>eum</strong></span> <span class='ocrx_word' id='word_1_768' title='bbox 1048 5454 1280 5530; x_wconf 88' lang='lat' dir='ltr'><strong>laqueo,</strong></span> <span class='ocrx_word' id='word_1_769' title='bbox 1327 5456 1425 5514; x_wconf 87' lang='lat' dir='ltr'><strong>alii</strong></span> <span class='ocrx_word' id='word_1_770' title='bbox 1464 5456 1659 5530; x_wconf 84' lang='lat' dir='ltr'><strong>gladio</strong></span> <span class='ocrx_word' id='word_1_771' title='bbox 1712 5462 1987 5522; x_wconf 87' lang='lat' dir='ltr'><strong>interem-</strong></span> 
     </span>
    </p>
   </div>
   <div class='ocr_carea' id='block_1_105' title="bbox 341 5525 1984 5668">
    <p class='ocr_par' dir='ltr' id='par_1_105' title="bbox 341 5525 1984 5668">
     <span class='ocr_line' id='line_1_105' title="bbox 341 5525 1984 5659; baseline 0.007 -75"><span class='ocrx_word' id='word_1_772' title='bbox 341 5534 509 5659; x_wconf 71' lang='grc' dir='ltr'>ριιιω</span> <span class='ocrx_word' id='word_1_773' title='bbox 544 5525 765 5595; x_wconf 87' lang='lat' dir='ltr'><strong>dicant,</strong></span> <span class='ocrx_word' id='word_1_774' title='bbox 796 5525 1092 5583; x_wconf 73' lang='lat' dir='ltr'><strong>Batonius</strong></span> <span class='ocrx_word' id='word_1_775' title='bbox 1125 5525 1181 5611; x_wconf 69' lang='lat' dir='ltr'><strong>in</strong></span> <span class='ocrx_word' id='word_1_776' title='bbox 1215 5530 1368 5585; x_wconf 87' lang='lat' dir='ltr'><strong>notis</strong></span> <span class='ocrx_word' id='word_1_777' title='bbox 1396 5525 1788 5603; x_wconf 61' lang='lat' dir='ltr'><strong>ad&#39;Martyrol.</strong></span> <span class='ocrx_word' id='word_1_778' title='bbox 1822 5536 1984 5597; x_wconf 83' lang='lat' dir='ltr'><strong>Rom.</strong></span> 
     </span>
     <span class='ocr_line' id='line_1_106' title="bbox 366 5595 1981 5668; baseline 0.006 -14"><span class='ocrx_word' id='word_1_779' title='bbox 366 5612 403 5657; x_wconf 89' lang='lat' dir='ltr'><strong>n</strong></span> <span class='ocrx_word' id='word_1_780' title='bbox 451 5598 575 5654; x_wconf 71' lang='lat' dir='ltr'><strong>haec</strong></span> <span class='ocrx_word' id='word_1_781' title='bbox 638 5597 805 5655; x_wconf 79' lang='lat' dir='ltr'><strong>verba</strong></span> <span class='ocrx_word' id='word_1_782' title='bbox 877 5595 1181 5668; x_wconf 78' lang='lat' dir='ltr'><strong>Menologn</strong></span> <span class='ocrx_word' id='word_1_783' title='bbox 1253 5597 1583 5660; x_wconf 61' lang='lat' dir='ltr'><strong>Grecorum</strong></span> <span class='ocrx_word' id='word_1_784' title='bbox 1639 5602 1927 5663; x_wconf 84' lang='lat' dir='ltr'><strong>concludit</strong></span> <span class='ocrx_word' id='word_1_785' title='bbox 1968 5629 1981 5664; x_wconf 90' lang='lat'><strong>:</strong></span> 
     </span>
    </p>
   </div>
   <div class='ocr_carea' id='block_1_106' title="bbox 2064 4513 3706 4599">
    <p class='ocr_par' dir='ltr' id='par_1_106' title="bbox 2064 4513 3706 4599">
     <span class='ocr_line' id='line_1_107' title="bbox 2064 4513 3706 4599; baseline 0.004 -23"><span class='ocrx_word' id='word_1_786' title='bbox 2064 4514 2217 4577; x_wconf 83' lang='lat' dir='ltr'><strong>adeo</strong></span> <span class='ocrx_word' id='word_1_787' title='bbox 2249 4523 2417 4577; x_wconf 88' lang='lat' dir='ltr'><strong>vacat</strong></span> <span class='ocrx_word' id='word_1_788' title='bbox 2446 4514 2611 4576; x_wconf 91' lang='lat' dir='ltr'><strong>omni</strong></span> <span class='ocrx_word' id='word_1_789' title='bbox 2630 4513 2833 4577; x_wconf 89' lang='lat' dir='ltr'><strong>labore</strong></span> <span class='ocrx_word' id='word_1_790' title='bbox 2855 4526 2917 4578; x_wconf 89' lang='lat' dir='ltr'><strong>et</strong></span> <span class='ocrx_word' id='word_1_791' title='bbox 2940 4516 3235 4592; x_wconf 88' lang='lat' dir='ltr'><strong>molestia,</strong></span> <span class='ocrx_word' id='word_1_792' title='bbox 3262 4536 3440 4597; x_wconf 91' lang='lat' dir='ltr'><strong>quam</strong></span> <span class='ocrx_word' id='word_1_793' title='bbox 3464 4522 3706 4599; x_wconf 88' lang='lat' dir='ltr'><strong>quidem</strong></span> 
     </span>
    </p>
   </div>
   <div class='ocr_carea' id='block_1_107' title="bbox 2067 4603 3707 4687">
    <p class='ocr_par' dir='ltr' id='par_1_107' title="bbox 2067 4603 3707 4687">
     <span class='ocr_line' id='line_1_108' title="bbox 2067 4603 3707 4687; baseline 0.004 -22"><span class='ocrx_word' id='word_1_794' title='bbox 2067 4603 2242 4685; x_wconf 88' lang='lat' dir='ltr'><strong>paulo</strong></span> <span class='ocrx_word' id='word_1_795' title='bbox 2272 4614 2403 4686; x_wconf 89' lang='lat' dir='ltr'><strong>post</strong></span> <span class='ocrx_word' id='word_1_796' title='bbox 2434 4603 2562 4687; x_wconf 81' lang='lat' dir='ltr'><strong>ipsa</strong></span> <span class='ocrx_word' id='word_1_797' title='bbox 2590 4623 2827 4686; x_wconf 90' lang='lat' dir='ltr'><strong>quoque</strong></span> <span class='ocrx_word' id='word_1_798' title='bbox 2876 4606 3171 4668; x_wconf 89' lang='lat' dir='ltr'><strong>attulisset</strong></span> <span class='ocrx_word' id='word_1_799' title='bbox 3202 4618 3437 4679; x_wconf 81' lang='lat' dir='ltr'><strong>natura,</strong></span> <span class='ocrx_word' id='word_1_800' title='bbox 3475 4626 3570 4669; x_wconf 90' lang='lat' dir='ltr'><strong>me</strong></span> <span class='ocrx_word' id='word_1_801' title='bbox 3598 4627 3707 4672; x_wconf 89' lang='lat' dir='ltr'><strong>vo-</strong></span> 
     </span>
    </p>
   </div>
   <div class='ocr_carea' id='block_1_108' title="bbox 2067 4694 3705 4779">
    <p class='ocr_par' dir='ltr' id='par_1_108' title="bbox 2067 4694 3705 4779">
     <span class='ocr_line' id='line_1_109' title="bbox 2067 4694 3705 4779; baseline 0.003 -23"><span class='ocrx_word' id='word_1_802' title='bbox 2067 4694 2229 4757; x_wconf 91' lang='lat' dir='ltr'><strong>luisti</strong></span> <span class='ocrx_word' id='word_1_803' title='bbox 2288 4712 2493 4757; x_wconf 89' lang='lat' dir='ltr'><strong>emere</strong></span> <span class='ocrx_word' id='word_1_804' title='bbox 2546 4694 2837 4757; x_wconf 89' lang='lat' dir='ltr'><strong>honorem</strong></span> <span class='ocrx_word' id='word_1_805' title='bbox 2894 4695 3159 4778; x_wconf 79' lang='lat' dir='ltr'><strong>martyrii</strong></span> <span class='ocrx_word' id='word_1_806' title='bbox 3212 4698 3323 4779; x_wconf 90' lang='lat'><strong>(8).</strong></span> <span class='ocrx_word' id='word_1_807' title='bbox 3385 4696 3531 4760; x_wconf 85' lang='lat' dir='ltr'><strong>Cum</strong></span> <span class='ocrx_word' id='word_1_808' title='bbox 3578 4698 3705 4762; x_wconf 65' lang='lat' dir='ltr'><strong>haec</strong></span> 
     </span>
    </p>
   </div>
   <div class='ocr_carea' id='block_1_109' title="bbox 2066 4782 3707 4867">
    <p class='ocr_par' dir='ltr' id='par_1_109' title="bbox 2066 4782 3707 4867">
     <span class='ocr_line' id='line_1_110' title="bbox 2066 4782 3707 4867; baseline 0.002 -21"><span class='ocrx_word' id='word_1_809' title='bbox 2066 4782 2318 4847; x_wconf 83' lang='lat' dir='ltr'><strong>dixisset</strong></span> <span class='ocrx_word' id='word_1_810' title='bbox 2347 4792 2408 4847; x_wconf 92' lang='lat' dir='ltr'><strong>et</strong></span> <span class='ocrx_word' id='word_1_811' title='bbox 2436 4785 2565 4848; x_wconf 70' lang='lat' dir='ltr'><strong>haec</strong></span> <span class='ocrx_word' id='word_1_812' title='bbox 2596 4784 2807 4847; x_wconf 87' lang='lat' dir='ltr'><strong>ultima</strong></span> <span class='ocrx_word' id='word_1_813' title='bbox 2836 4786 3015 4848; x_wconf 89' lang='lat' dir='ltr'><strong>verba</strong></span> <span class='ocrx_word' id='word_1_814' title='bbox 3044 4788 3327 4867; x_wconf 68' lang='lat' dir='ltr'><strong>praeclare</strong></span> <span class='ocrx_word' id='word_1_815' title='bbox 3358 4796 3516 4849; x_wconf 88' lang='lat' dir='ltr'><strong>esset</strong></span> <span class='ocrx_word' id='word_1_816' title='bbox 3543 4788 3707 4851; x_wconf 83' lang='lat' dir='ltr'><strong>locu-</strong></span> 
     </span>
    </p>
   </div>
   <div class='ocr_carea' id='block_1_110' title="bbox 2071 4875 3661 4958">
    <p class='ocr_par' dir='ltr' id='par_1_110' title="bbox 2071 4875 3661 4958">
     <span class='ocr_line' id='line_1_111' title="bbox 2071 4875 3661 4958; baseline 0.004 -22"><span class='ocrx_word' id='word_1_817' title='bbox 2071 4884 2189 4947; x_wconf 92' lang='lat' dir='ltr'><strong>tus,</strong></span> <span class='ocrx_word' id='word_1_818' title='bbox 2221 4875 2431 4956; x_wconf 72' lang='lat' dir='ltr'><strong>aequali</strong></span> <span class='ocrx_word' id='word_1_819' title='bbox 2466 4883 2655 4937; x_wconf 88' lang='lat' dir='ltr'><strong>morte</strong></span> <span class='ocrx_word' id='word_1_820' title='bbox 2687 4875 2773 4938; x_wconf 89' lang='lat' dir='ltr'><strong>sic</strong></span> <span class='ocrx_word' id='word_1_821' title='bbox 2803 4894 3039 4958; x_wconf 92' lang='lat' dir='ltr'><strong>quoque</strong></span> <span class='ocrx_word' id='word_1_822' title='bbox 3069 4887 3163 4940; x_wconf 86' lang='lat' dir='ltr'><strong>est</strong></span> <span class='ocrx_word' id='word_1_823' title='bbox 3193 4886 3661 4943; x_wconf 90' lang='lat' dir='ltr'><strong>consummatus.</strong></span> 
     </span>
    </p>
   </div>
   <div class='ocr_carea' id='block_1_111' title="bbox 2145 4962 3706 5049">
    <p class='ocr_par' dir='ltr' id='par_1_111' title="bbox 2145 4962 3706 5049">
     <span class='ocr_line' id='line_1_112' title="bbox 2145 4962 3706 5049; baseline 0.003 -24"><span class='ocrx_word' id='word_1_824' title='bbox 2145 4962 2349 5027; x_wconf 82' lang='lat' dir='ltr'><strong>XXVI.</strong></span> <span class='ocrx_word' id='word_1_825' title='bbox 2377 4964 2700 5028; x_wconf 82' lang='lat' dir='ltr'><strong>Carnifices</strong></span> <span class='ocrx_word' id='word_1_826' title='bbox 2712 4973 2933 5041; x_wconf 92' lang='lat' dir='ltr'><strong>autem,</strong></span> <span class='ocrx_word' id='word_1_827' title='bbox 2955 4985 3090 5028; x_wconf 92' lang='lat' dir='ltr'><strong>cum</strong></span> <span class='ocrx_word' id='word_1_828' title='bbox 3107 4985 3342 5029; x_wconf 80' lang='lat' dir='ltr'><strong>sacrum</strong></span> <span class='ocrx_word' id='word_1_829' title='bbox 3360 4966 3504 5030; x_wconf 92' lang='lat' dir='ltr'><strong>illud</strong></span> <span class='ocrx_word' id='word_1_830' title='bbox 3526 4977 3706 5049; x_wconf 82' lang='lat' dir='ltr'><strong>caput</strong></span> 
     </span>
    </p>
   </div>
   <div class='ocr_carea' id='block_1_112' title="bbox 2066 5056 3705 5136">
    <p class='ocr_par' dir='ltr' id='par_1_112' title="bbox 2066 5056 3705 5136">
     <span class='ocr_line' id='line_1_113' title="bbox 2066 5056 3705 5136; baseline 0.002 -20"><span class='ocrx_word' id='word_1_831' title='bbox 2066 5064 2566 5135; x_wconf 87' lang='lat' dir='ltr'><strong>amputassent,ut</strong></span> <span class='ocrx_word' id='word_1_832' title='bbox 2588 5073 2723 5117; x_wconf 92' lang='lat' dir='ltr'><strong>eum</strong></span> <span class='ocrx_word' id='word_1_833' title='bbox 2747 5073 2879 5117; x_wconf 91' lang='lat' dir='ltr'><strong>esse</strong></span> <span class='ocrx_word' id='word_1_834' title='bbox 2896 5056 3271 5119; x_wconf 85' lang='lat' dir='ltr'><strong>interfectum</strong></span> <span class='ocrx_word' id='word_1_835' title='bbox 3290 5058 3705 5136; x_wconf 89' lang='lat' dir='ltr'><strong>ostenderent,</strong></span> 
     </span>
    </p>
   </div>
   <div class='ocr_carea' id='block_1_113' title="bbox 2064 5144 3709 5229">
    <p class='ocr_par' dir='ltr' id='par_1_113' title="bbox 2064 5144 3709 5229">
     <span class='ocr_line' id='line_1_114' title="bbox 2064 5144 3709 5229; baseline 0.003 -23"><span class='ocrx_word' id='word_1_836' title='bbox 2064 5145 2137 5207; x_wconf 82' lang='lat' dir='ltr'><strong>ad</strong></span> <span class='ocrx_word' id='word_1_837' title='bbox 2186 5162 2389 5223; x_wconf 88' lang='lat' dir='ltr'><strong>regem</strong></span> <span class='ocrx_word' id='word_1_838' title='bbox 2424 5144 2725 5208; x_wconf 90' lang='lat' dir='ltr'><strong>deferunt.</strong></span> <span class='ocrx_word' id='word_1_839' title='bbox 2770 5144 3086 5209; x_wconf 90' lang='lat' dir='ltr'><strong>Sellarium</strong></span> <span class='ocrx_word' id='word_1_840' title='bbox 3121 5163 3288 5225; x_wconf 90' lang='lat' dir='ltr'><strong>vero,</strong></span> <span class='ocrx_word' id='word_1_841' title='bbox 3322 5148 3425 5229; x_wconf 89' lang='lat' dir='ltr'><strong>qui</strong></span> <span class='ocrx_word' id='word_1_842' title='bbox 3459 5159 3709 5228; x_wconf 56' lang='lat' dir='ltr'><strong>praeerat</strong></span> 
     </span>
    </p>
   </div>
   <div class='ocr_carea' id='block_1_114' title="bbox 2064 5233 3710 5315">
    <p class='ocr_par' dir='ltr' id='par_1_114' title="bbox 2064 5233 3710 5315">
     <span class='ocr_line' id='line_1_115' title="bbox 2064 5233 3710 5315; baseline 0.002 -18"><span class='ocrx_word' id='word_1_843' title='bbox 2064 5233 2352 5297; x_wconf 62' lang='lat' dir='ltr'><strong>custodia;</strong></span> <span class='ocrx_word' id='word_1_844' title='bbox 2380 5235 2659 5312; x_wconf 83' lang='lat' dir='ltr'><strong>carceris,</strong></span> <span class='ocrx_word' id='word_1_845' title='bbox 2686 5253 2821 5299; x_wconf 90' lang='lat' dir='ltr'><strong>cum</strong></span> <span class='ocrx_word' id='word_1_846' title='bbox 2847 5242 3005 5298; x_wconf 91' lang='lat' dir='ltr'><strong>esset</strong></span> <span class='ocrx_word' id='word_1_847' title='bbox 3028 5234 3420 5315; x_wconf 85' lang='lat' dir='ltr'><strong>Christianus,</strong></span> <span class='ocrx_word' id='word_1_848' title='bbox 3446 5246 3507 5301; x_wconf 89' lang='lat' dir='ltr'><strong>et</strong></span> <span class='ocrx_word' id='word_1_849' title='bbox 3526 5238 3710 5301; x_wconf 89' lang='lat' dir='ltr'><strong>sciret</strong></span> 
     </span>
    </p>
   </div>
   <div class='ocr_carea' id='block_1_115' title="bbox 2070 5325 3709 5407">
    <p class='ocr_par' dir='ltr' id='par_1_115' title="bbox 2070 5325 3709 5407">
     <span class='ocr_line' id='line_1_116' title="bbox 2070 5325 3709 5407; baseline 0.003 -21"><span class='ocrx_word' id='word_1_850' title='bbox 2070 5330 2398 5405; x_wconf 87' lang='lat' dir='ltr'><strong>martyrum</strong></span> <span class='ocrx_word' id='word_1_851' title='bbox 2439 5325 2736 5389; x_wconf 87' lang='lat' dir='ltr'><strong>honorare</strong></span> <span class='ocrx_word' id='word_1_852' title='bbox 2764 5343 3038 5407; x_wconf 83' lang='lat' dir='ltr'><strong>corpora,</strong></span> <span class='ocrx_word' id='word_1_853' title='bbox 3075 5326 3250 5389; x_wconf 87' lang='lat' dir='ltr'><strong>vellet</strong></span> <span class='ocrx_word' id='word_1_854' title='bbox 3279 5337 3473 5390; x_wconf 85' lang='lat' dir='ltr'><strong>autem</strong></span> <span class='ocrx_word' id='word_1_855' title='bbox 3517 5330 3709 5393; x_wconf 89' lang='lat' dir='ltr'><strong>sancti</strong></span> 
     </span>
    </p>
   </div>
   <div class='ocr_carea' id='block_1_116' title="bbox 2077 5460 3707 5536">
    <p class='ocr_par' dir='ltr' id='par_1_116' title="bbox 2077 5460 3707 5536">
     <span class='ocr_line' id='line_1_117' title="bbox 2077 5460 3707 5536; baseline 0.006 -23"><span class='ocrx_word' id='word_1_856' title='bbox 2077 5481 2099 5513; x_wconf 81' lang='grc' dir='ltr'><strong>ε</strong></span> <span class='ocrx_word' id='word_1_857' title='bbox 2130 5460 2319 5532; x_wconf 84' lang='lat' dir='ltr'><strong>ipsius</strong></span> <span class='ocrx_word' id='word_1_858' title='bbox 2352 5462 2503 5520; x_wconf 92' lang='lat' dir='ltr'><strong>collo</strong></span> <span class='ocrx_word' id='word_1_859' title='bbox 2529 5461 2845 5536; x_wconf 13' lang='lat' dir='ltr'><strong>itagtaqueo</strong></span> <span class='ocrx_word' id='word_1_860' title='bbox 2875 5462 3131 5525; x_wconf 87' lang='lat' dir='ltr'><strong>astricto,</strong></span> <span class='ocrx_word' id='word_1_861' title='bbox 3167 5471 3231 5520; x_wconf 92' lang='lat' dir='ltr'><strong>ut</strong></span> <span class='ocrx_word' id='word_1_862' title='bbox 3258 5464 3583 5536; x_wconf 84' lang='lat' dir='ltr'><strong>respirandi</strong></span> <span class='ocrx_word' id='word_1_863' title='bbox 3617 5466 3707 5523; x_wconf 80' lang='lat' dir='ltr'><strong>fa-</strong></span> 
     </span>
    </p>
   </div>
   <div class='ocr_carea' id='block_1_117' title="bbox 2070 5533 3705 5612">
    <p class='ocr_par' dir='ltr' id='par_1_117' title="bbox 2070 5533 3705 5612">
     <span class='ocr_line' id='line_1_118' title="bbox 2070 5533 3705 5612; baseline 0.003 -22"><span class='ocrx_word' id='word_1_864' title='bbox 2070 5535 2343 5612; x_wconf 78' lang='lat' dir='ltr'><strong>cultatem</strong></span> <span class='ocrx_word' id='word_1_865' title='bbox 2376 5547 2496 5612; x_wconf 59' lang='grc' dir='ltr'><strong>που</strong></span> <span class='ocrx_word' id='word_1_866' title='bbox 2531 5533 2787 5612; x_wconf 64' lang='lat' dir='ltr'><strong>habere},</strong></span> <span class='ocrx_word' id='word_1_867' title='bbox 2821 5543 3113 5612; x_wconf 78' lang='lat' dir='ltr'><strong>postremo</strong></span> <span class='ocrx_word' id='word_1_868' title='bbox 3143 5536 3335 5593; x_wconf 88' lang='lat' dir='ltr'><strong>securi</strong></span> <span class='ocrx_word' id='word_1_869' title='bbox 3356 5533 3705 5612; x_wconf 81' lang='lat' dir='ltr'><strong>percutitur,</strong></span> 
     </span>
    </p>
   </div>
   <div class='ocr_carea' id='block_1_118' title="bbox 2073 5603 3163 5678">
    <p class='ocr_par' dir='ltr' id='par_1_118' title="bbox 2073 5603 3163 5678">
     <span class='ocr_line' id='line_1_119' title="bbox 2073 5603 3163 5678; baseline -0.002 -16"><span class='ocrx_word' id='word_1_870' title='bbox 2073 5605 2261 5678; x_wconf 79' lang='lat' dir='ltr'><strong>capite</strong></span> <span class='ocrx_word' id='word_1_871' title='bbox 2291 5617 2398 5677; x_wconf 88' lang='lat' dir='ltr'><strong>pro</strong></span> <span class='ocrx_word' id='word_1_872' title='bbox 2428 5604 2639 5663; x_wconf 85' lang='lat' dir='ltr'><strong>Christi</strong></span> <span class='ocrx_word' id='word_1_873' title='bbox 2674 5603 2791 5661; x_wconf 84' lang='lat' dir='ltr'><strong>fide</strong></span> <span class='ocrx_word' id='word_1_874' title='bbox 2824 5603 3105 5664; x_wconf 76' lang='lat' dir='ltr'><strong>abscisso.</strong></span> <span class='ocrx_word' id='word_1_875' title='bbox 3140 5627 3163 5660; x_wconf 78' lang='grc' dir='ltr'>ι</span> 
     </span>
    </p>
   </div>
  </div>
