4006 6138
405 191 521 258 807

1706 189 1989 257 MENSIS
2027 187 2484 258 JANUARIUS.

3634 201 3726 271 808

404 321 617 388 tollere
648 325 953 406 reliquias,
987 334 1044 389 et
1078 343 1180 388 eas
1211 338 1488 400 separare
1517 323 1590 385 ab
1616 323 1770 397 aliis,
1807 345 1880 388 ne
1911 340 2038 390 tan-

2128 353 2216 386 νον
2261 331 2592 406 βουληθέντα
2638 335 2724 388 καὶ
2753 332 2856 406 ἶδῖᾳ
2884 338 3060 391 θεῖναι
3090 337 3198 391 τῶν
3245 335 3440 416 ἄλλων,
3485 336 3618 400 ὅπως
3668 343 3731 412 μὴ

402 424 527 479 111111
559 415 773 479 lateret
804 416 1049 488 bonum,
1091 422 1441 496 permisuin
1476 433 1610 474 cuin
1643 422 1877 478 caetvris
1907 437 2038 480 cor-

2129 428 2380 479 τοσοῦτον
2440 423 2639 500 ἀγαθὸν
2689 422 2826 500 λάθῃ
2858 437 2977 486 τοτς
3008 423 3226 488 λοιποῖς
3274 415 3525 504 ἀναμιγὲν
3567 428 3732 503 σώμα-

399 506 666 587 poribus,
702 506 1063 587 prohibuere
1093 504 1430 566 carniﬁces.
1497 504 1640 566 Cum
1678 505 1814 564 ﬁliis
1845 519 2038 570 autem

2129 532 2235 583 σιν,
2271 510 2451 588 εἶρξαν
2508 514 2558 569 οἱ
2613 514 2821 586 δήμιοι,
2880 514 3211 581 Μηνυθείσηι.
3245 513 3299 571 δὲ
3330 529 3445 577 τοῖς
3489 524 3576 574 τοῦ
3611 518 3732 576 ἰτσ-

394 595 597 659 Iesdin
649 597 994 657 annuntiata
1044 595 1242 655 fuisse=
1291 594 1399 652 Vll‘l
1455 599 1915 675 consummatio,
1971 600 2041 660 ad

399 706 573 768 quam
609 698 845 748 euntem
885 695 1203 764 martyrem
1241 683 1478 744 illorum
1515 686 1683 762 pueri
1717 704 2052 769 conseque-

398 777 636 849 bantur,
670 785 730 836 et
764 775 845 835 illi
877 776 1247 847 serviebant,
1283 774 1318 832 ii
1357 777 1611 854 pecunia
1663 793 2038 853 Currumpunl

2134 779 2232 834 καὶ
2283 781 2700 856 ὁπηρετούμενοι
2737 797 2750 810 ⁶

2128 596 2204 654 δὶν
2234 604 2373 664 υἱοῖς
2405 607 2503 667 τῆς
2533 609 2626 658 τοῦ
2658 601 2842 680 ἀνδρὸς
2903 603 3261 678 τελειώσεως,
3298 605 3426 680 πρὸς
3457 604 3522 673 ἢν
3551 605 3733 667 ἀπιόντι

2137 689 2212 762 τῷ
2244 692 2465 767 μάρτυρι
2499 690 2687 756 πατόες
2731 693 2948 749 ἐκείνων
2995 696 3132 761 ἦσαν
3176 691 3577 758 ἀκολουθοῦντες
3616 699 3734 771 αὒτῷ

2845 784 3124 861 χρήμασιν
3178 784 3568 861 ὑποφθείρουσιν
3616 795 3735 844 οὗτοι

399 866 743 931 carniﬁcum
799 864 1189 943 diligentiam,
1226 871 1286 923 et
1315 875 1378 924 ut
1414 883 1633 943 corpus
1679 866 1793 925 sibi
1846 867 2038 928 licerei

2133 869 2232 934 τὴν
2282 875 2386 924 τῶν
2445 868 2650 944 δημίων
2706 869 2974 948 ακρίὸειαν
3028 872 3125 928 καί
3173 876 3273 940 τὴν
3315 880 3408 928 τοῦ
3437 874 3664 947 σώματος
3693 876 3735 932 ἑν

400 957 528 1018 loco
561 964 835 1032 separato
866 957 1194 1031 deponere,
1233 971 1351 1013 nun
1389 956 1596 1031 paucis
1627 965 1837 1014 eiiiiint
1874 975 2038 1034 pecii-

2130 955 2381 1028 ἰδιάζοντι
2469 960 2618 1031 τόπῳ
2701 962 3008 1032 κατάθεσιν,

395 1045 531 1106 niis.
567 1042 791 1104 Deinde
823 1061 871 1101 is
903 1061 1142 1121 qunque
1189 1042 1539 1114 monachus,
1576 1045 1677 1123 qui
1708 1065 1842 1104 cuin
1881 1063 2038 1105 inar-

393 1142 525 1195 ture
556 1141 898 1194 excesserat
927 1152 958 1193 e
1003 1132 1299 1206 C'esarea,
1333 1141 1390 1190 et
1421 1151 1555 1192 cuin
1589 1137 1937 1194 decertante
1967 1134 2040 1194 ad

391 1223 570 1285 linem
600 1242 790 1303 usque
825 1234 1144 1295 manserat,
1177 1223 1348 1299 cujus
1381 1221 1564 1281 etiam
1598 1239 1755 1300 saepe
1786 1222 2040 1284 fecimus

393 1316 787 1386 mentionem,
848 1331 981 1373 cum
1042 1323 1100 1372 et
1157 1330 1373 1391 pueros
1435 1313 1688 1371 lilioriiin
1727 1312 1944 1385 lesdin,
1982 1323 2040 1374 et

393 1405 684 1484 quosdam
712 1405 902 1474 exiis,
923 1396 1022 1482 qui
1048 1402 1167 1462 illic
1190 1412 1379 1472 erant,
1401 1403 1705 1462 monachis
1727 1403 1783 1461 in
1806 1412 2039 1462 noctein

393 1503 740 1572 sequentem
763 1499 1205 1571 assuiiinSiSSel,
1233 1504 1289 1550 et
1316 1501 1376 1550 ut
1406 1493 1677 1570 martyris
1701 1508 1920 1572 corpus
1947 1492 2040 1572 pie

393 1592 451 1644 et
479 1593 684 1642 sancte
717 1589 1128 1657 componeret,
1192 1594 1450 1642 venis-et
1505 1588 1569 1656 to
1629 1581 1955 1661 quomodo,
2004 1602 2038 1642 ο

3088 961 3349 1039 ἀργυρίων
3409 967 3502 1020 οὒκ
3569 963 3748 1040 ὀλίγων.

2129 1047 2409 1106 ὠιιουνται.
2475 1048 2611 1106 Εἶτα
2656 1049 2684 1103 ὃ
2724 1051 2812 1105 καὶ
2843 1047 3301 1122 συναποδημήσας
3335 1049 3395 1106 ἐκ
3455 1053 3737 1128 Καισαρείας

2123 1143 2200 1209 τῷ
2257 1137 2478 1213 μάρτυρι
2552 1141 2824 1218 μοναχὸς,
2883 1141 2976 1195 καὶ
3044 1139 3288 1196 ἀθλοῦντι
3361 1139 3524 1219 μέχρι
3582 1142 3738 1206 τέλους

2123 1229 2586 1303 συμπαραμείνας,
2648 1229 2709 1283 οὗ
2763 1231 2852 1283 καὶ
2941 1230 3128 1302 μνείαν
3205 1228 3470 1292 πολλάκις
3524 1232 3552 1286 ὁ
3605 1231 3740 1310 λόγος

2124 1315 2290 1394 ἔθετο,
2325 1319 2445 1379 τούς
2491 1339 2547 1373 τε
2581 1317 2775 1381 παῖδας
2807 1321 2913 1373 τ·ὗν
2965 1326 3057 1374 τοῦ
3101 1316 3293 1375 Ἰεσδίν
3324 1322 3474 1389 υἱῶν,
3506 1321 3589 1375 καί
3613 1342 3738 1385 τινας

2121 1411 2226 1460 τῶν
2271 1406 2388 1461 ἐκεῖ
2431 1411 2688 1485 μονιχιίιν
2749 1408 2820 1469 εἰς
2884 1409 2980 1475 τὴν
3039 1407 3294 1464 ἐπιοῦσαν
3335 1409 3494 1464 νύκτα
3535 1410 3745 1488 τ.αραλα-

2122 1491 2253 1573 ϐὼν,
2305 1497 2388 1550 καὶ
2420 1495 2559 1552 ὥστε
2616 1499 2677 1551 τὸ
2721 1506 2816 1554 τοῦ
2860 1497 3122 1570 μάρτυρος
3165 1498 3324 1570 σῶμα
3383 1498 3537 1574 ἱερὼς
3573 1519 3626 1553 τε
3672 1500 3745 1555 καὶ

2123 1585 2280 1644 ὁσίως
2340 1584 2675 1660 περιστεῖλαι
2736 1583 3058 1642 γαταλαϐὼν
3121 1585 3190 1666 (ὣ
3231 1593 3347 1648 πῶς
3407 1587 3623 1651 ἀναξίως
3675 1590 3747 1644 αἷ-

397 1672 652 1740 Christe,
679 1672 932 1731 laudabo
966 1670 1213 1730 lllll'at'lll
1257 1689 1389 1730 runi
1417 1685 1474 1729 tu
1503 1688 1652 1730 iruin
1685 1671 2004 1746 inagnitudi

2128 1674 2264 1729 νέσω
2298 1696 2411 1748 σου,
2448 1675 2661 1750 Χριστέ,
2699 1683 2803 1731 τῶν
2853 1678 3139 1750 θαυμάτων
3168 1679 3231 1733 τὸ
3265 1676 3493 1752 μέγεθος
3530 1680 3596 1754 ;),
3629 1679 3750 1756 εὓρί-

403 1761 607 1840 nem?)
645 1763 865 1822 invenit
895 1780 1073 1820 canes
1105 1759 1220 1820 alia
1249 1760 1490 1838 quidem
1513 1779 1767 1835 corpora
1790 1770 1912 1820 toto
1939 1779 2038 1821 ore

2127 1785 2242 1818 σκει
2314 1768 2432 1828 τοὺς
2484 1767 2641 1826 κύνας
2701 1768 2765 1822 τα
2823 1765 2920 1838 μὲν
2993 1764 3130 1820 ἄλλα
3189 1771 3296 1820 τῶν
3348 1768 3609 1840 σωμάτων
3659 1765 3752 1823 δλω

392 1852 739 1920 exedentes,
779 1852 851 1910 ab
887 1851 998 1910 hoc
1035 1866 1230 1909 autem
1265 1850 1391 1909 solo
1442 1868 1507 1910 se
1554 1849 1947 1920 abstinentes,
1983 1862 2038 1910 ut

2126 1853 2350 1925 στόματι
2395 1857 2795 1928 κατεσθίοντας,
2844 1856 3032 1912 τούτου
3085 1853 3140 1909 δε
3173 1855 3337 1928 μόνον
3367 1858 3456 1911 καὶ
3498 1855 3610 1911 λίαν
3661 1876 3748 1912 πε-

394 1942 550 2020 qnod
588 1959 702 2000 non
735 1942 1137 2018 subjici-retur
1192 1940 1452 2013 amplius
1484 1940 1716 2016 legibus
1745 1959 1963 2018 corpi-r
1985 1959 2034 2000 s.

2123 1945 2474 2021 φδλκγμέοως
2503 1943 2731 2022 ἔχοντας
2766 1947 2852 2000 xiii
2895 1947 3299 2023 ἀπεχομένους,
3335 1945 3432 2001 υἷα
3470 1943 3603 2019 μηδὲ
3653 1947 3748 2001 σώ-

386 2033 517 2092 Jam
568 2031 729 2092 enim
782 2039 908 2090 erat
942 2029 1405 2106 puli-liiiiudiiiis
1447 2047 1730 2088 ioronain
1766 2032 1822 2089 in
1859 2049 2038 2090 manu

2123 2053 2292 2103 μιτος
2325 2031 2405 2087 ἔτι
2437 2055 2622 2105 νομοις
2663 2035 3036 2106 ὑποκειμένου.
3077 2032 3220 2101 ’Ἦόη
3251 2035 3353 2110 γὰρ
3405 2033 3471 2101 ἦν
3514 2035 3747 2112 στέφανος

395 2119 502 2181 Dei
533 2119 792 2199 (divinus
817 2121 964 2179 dixit
990 2118 1556 2194 Isaias)etdiadeiii:i
1586 2120 1750 2197 regni
1777 2121 1833 2179 in
1863 2140 2038 2180 manu

2125 2121 2352 2182 κάλλους
2385 2122 2438 2176 ὲν
2483 2125 2624 2200 χειρὶ
2660 2125 2868 2200 Κυρίοι,
2916 2127 2942 2178 ὁ
2974 2127 3120 2186 (iam;
3169 2126 3233 2178 ἂν
3292 2127 3450 2179 εἶπεν
3505 2126 3738 2200 Ἡσαΐας,

402 2209 510 2270 Dei
536 2208 683 2287 ejus.
711 2207 855 2270 Cum
884 2210 1175 2267 sustuliss-
1200 2220 1219 2268 t
1244 2225 1386 2286 ergo
1414 2227 1634 2288 corpus
1662 2211 1954 2289 martyris,
1983 2220 2038 2269 et

2123 2214 2208 2267 καὶ
2265 2209 2500 2286 διάδημα
2553 2213 2823 2288 βασιλείας
2904 2216 2958 2268 ἓν
3045 2213 3197 2291 χειρὶ
3257 2214 3395 2268 Θεοῦ
3448 2216 3622 2275 αἶιτοῦ.
3684 2215 3742 2271 Τὸ

397 2299 640 2358 mundis
671 2298 748 2357 liii
782 2301 890 2367 eis,
919 2317 1047 2376 quin
1067 2298 1290 2358 dedere
1318 2299 1416 2356 11111
1456 2297 1647 2358 Ιυμι1111
1685 2318 1787 2374 pro
1813 2299 2038 2361 ultimis

2123 2307 2276 2370 σῶμα
2308 2304 2478 2357 τοίν.ν
2509 2309 2601 2357 τοὺ
2649 2303 2911 2379 μάρτυρος
2964 2301 3313 2380 ἀνελόμενος,
3350 2301 3447 2357 καί
3507 2307 3740 2379 καθαραῖς

391 2388 665 2467 corporis
717 2405 1039 2466 exsequiis,
1105 2389 1358 2446 inundas
1389 2387 1520 2446 i.l:is
1549 2401 1606 2448 et
1645 2401 1883 2448 sanctas
1939 2391 2034 2447 iii-

2122 2393 2348 2463 ὀθόναις,
2385 2391 2442 2451 ἃς
2476 2393 2523 2446 οἱ
2554 2400 2644 2447 τοῦ
2676 2389 2856 2447 ἰεσδὶν
2887 2395 2988 2447 υἱοὶ
3038 2391 3359 2449 τελευταῖον
3413 2393 3491 2466 τῷ
3547 2387 3741 2471 μάρτυρι

391 2477 672 2539 volwsse‘i
707 2485 1010 2555 reliquias,
1051 2496 1105 2536 ιη
1137 2478 1326 2553 Sergii
1363 2478 1448 2556 (9)
1507 2488 1777 2556 martyris
1829 2497 2035 2538 mona-

2122 2481 2394 2558 nzpa'sf'ov
2453 2480 2722 2559 ἐντάφιον,
2785 2484 2845 2537 τὸ
2917 2481 3145 2558 καθαρὸν
3209 2481 3397 2538 ἐκεῖνο
3471 2484 3559 2538 καὶ
3613 2482 3743 2560 ἅγιον

393 2568 607 2639 sterio,
661 2569 816 2646 quod
867 2569 938 2627 ad
979 2586 1158 2626 unum
1195 2567 1454 2639 Ιειμι1ιιιιι
1499 2567 1554 2625 di
1598 2568 1756 2626 tabat
1803 2586 1836 2627 a
1883 2570 2031 2640 vicii,

2122 2570 2424 2648 ἐνειλήσας,
2461 2571 2534 2633 εἷς
2594 2581 2691 2635 την
2735 2579 2827 2626 του
2865 2593 3126 2648 μαρτυρος
3182 2572 3412 2648 Σεργίου
3459 2573 3626 2645 μονὴν
3675 2573 3742 2628 ἑνὶ

393 2657 635 2736 deponit
660 2661 893 2716 ilecnno
917 2676 1022 2735 sep
1057 2659 1268 2730 imi-ili
1299 2659 1320 2730 )
1345 2658 1587 2733 quidem
1615 2675 1771 2715 anno
1800 2658 2032 2735 imperii

2122 2661 2328 2732 σημεῖῳ
2386 2665 2484 2726 τῆς
2542 2661 2734 2732 κώμης
2786 2659 3068 2740 διέχουσαν
3095 2663 3468 2740 κατατίθεται,
3505 2663 3745 2718 ἑπτακαι-

394 2748 476 2826 pii
511 2743 788 2812 Heraclii.
823 2749 1109 2828 VlL'eSllllO
1142 2754 1339 2804 autem
1377 2745 1643 2804 secundo
1677 2764 1902 2806 mensis
1931 2746 2032 2807 Ja-

2122 2747 2321 2822 Bsxitip
2352 2751 2451 2822 μὲν
2496 2749 2601 2804 ἔτει
2647 2755 2742 2816 τῆς
2784 2750 3101 2825 Ἡρακλείου
3146 2757 3237 2806 τοῦ
3298 2747 3546 2812 εὐσεϐοὗς
3601 2753 3739 2826 βασι-

394 2833 615 2898 nuarii.
653 2834 706 2896 Is
734 2840 894 2896 enim
931 2836 1042 2895 fuit
1071 2833 1220 2908 dies,
1247 2834 1348 2912 qui
1382 2835 1858 2894 Viditdecessizin
1886 2854 2025 2896 mar-

2122 2836 2284 2914 λείας,
2319 2839 2400 2894 six
2415 2836 2486 2894 αδι
2515 2837 2569 2893 δὲ
2598 2841 2685 2894 καὶ
2716 2837 2932 2916 δευτέρᾳ
2983 2841 3152 2913 μηνὸς
3207 2838 3560 2914 Ἰανουαρίου,
3618 2839 3741 2904 Αὕτη

394 2927 559 3006 tyris.
2116 2929 2217 3005 γὰρ
2246 2928 2310 2995 ἦν
2341 2931 2375 2994 ἡ
2401 2930 2488 2984 καὶ
2511 2929 2612 2995 τὴν
2640 2930 2892 2995 τελευτὴν
2923 2927 3102 2987 ἰδοῦσα
3137 2931 3228 2984 to";
3263 2929 3535 3006 μάρτυρος
3563 2929 3729 3005 ἡμέρα.

465 3013 698 3078 XXVII.
720 3013 1006 3092 Sequenti
1025 3022 1222 3074 autem
1243 3013 1278 3074 d
1309 3030 1343 3073 e
1363 3022 1515 3073 duos
1537 3030 1605 3073 ex
1626 3013 1718 3082 iis,
1739 3016 1840 3092 qui
1869 3025 2034 3078 erant

2205 3016 2335 3078 KZ'.
2375 3018 2457 3082 Εἰς
2513 3015 2568 3072 δὲ
2629 3021 2728 3084 τὴν
2785 3019 3034 3074 ἐπιοῦσαν
3074 3016 3167 3073 δύο
3196 3023 3306 3072 τῶν
3339 3018 3429 3073 ἐπὶ
3461 3024 3558 3083 τῆς
3585 3017 3726 3096 φυλα-

384 3106 448 3168 111
479 3106 749 3169 custodia
780 3079 948 3164 licuit
974 3103 1184 3164 audire
1219 3106 1341 3164 haec
1375 3102 1533 3163 inser
1582 3121 1648 3164 se
1699 3079 2030 3170 nari-antes.

2122 3108 2219 3172 κῆς
2277 3129 2458 3180 τινων,
2516 3118 2734 3167 τοιαῦτα
2772 3111 2904 3186 πρὸς
2963 3106 3235 3175 ἀλλήλους
3288 3107 3506 3164 ἀκούειν
3565 3079 3739 3183 ὑπῆρξε

384 3198 634 3260 Dicebat
661 3195 823 3256 enini
850 3213 1002 3255 unus
1029 3195 1200 3256 atteri
1234 3211 1248 3256 :
1288 3194 1499 3253 Vidisti
1525 3195 2032 3274 quemadmodum

2122 3195 2511 3273 διηγουμένων,
2569 3189 2626 3254 Ὀ
2677 3198 2774 3271 μὲν
2832 3199 2934 3275 γὰρ
2995 3197 3145 3274 ’έλεγε
3199 3203 3275 3270 τῷ
3336 3198 3506 3274 ἑτέρῳ
3543 3215 3557 3228 ⁸
3611 3195 3741 3260 Εἶδες

387 3301 590 3359 canes,
616 3286 716 3366 qui
739 3286 869 3346 heri
895 3295 1206 3357 venerunt,
1222 3286 1476 3364 reliquis
1499 3286 1742 3363 quidem
1770 3287 2036 3366 ciirpori-

2122 3285 2264 3350 ὅπως
2319 3287 2449 3366 χθὲς
2481 3286 2721 3349 ἐλθόντες
2757 3289 2804 3341 οἱ
2850 3288 2999 3351 κύνες
3026 3292 3135 3342 τῶν
3167 3287 3266 3360 μὲν
3297 3285 3508 3344 λοιπῶν
3564 3283 3738 3366 χανδὸν

385 3377 496 3439 bus
528 3395 593 3438 se
625 3395 739 3456 cup
767 3378 840 3437 de
867 3377 1292 3455 impleverunt,
1328 3377 1749 3435 abstinuerunt
1773 3390 1968 3436 autem
2003 3395 2037 3437 a

2122 3375 2512 3450 ἐνεπίμπλαντο
2566 3375 2852 3449 σωμάτων,
2913 3376 3077 3442 μόνον
3107 3373 3164 3431 δε
3207 3383 3303 3432 τοῦ
3333 3378 3583 3456 μονα,χού
3611 3374 3737 3432 ἐκεί-

386 3468 512 3529 solo
565 3485 814 3546 corpore
867 3467 1028 3526 illius
1063 3466 1339 3526 monachi
1375 3482 1388 3526 :
1442 3473 1500 3523 et
1531 3465 2034 3543 quemadmodum

2122 3488 2210 3522 νου
2266 3466 2584 3545 ἀπείχοντο,
2631 3467 2718 3520 καὶ
2749 3464 2892 3530 ὅπως
2927 3465 3144 3543 ἐπείπερ
3183 3466 3382 3529 ἱκανῶς
3426 3468 3529 3522 τῶν
3584 3465 3742 3520 ἄλλων

389 3566 698 3637 postquam
726 3575 790 3616 se
817 3557 948 3616 aliis
962 3558 1570 3634 exsatiassent,pr0pe
1592 3557 1736 3615 illud
1762 3557 2038 3616 sedentes

2122 3555 2573 3634 ἐμφορηθείησαν,
2632 3554 2862 3622 πλησίον
2919 3555 3118 3611 ἐκείνου
3176 3557 3468 3630 καθήμενοι
3527 3554 3736 3635 φύλακες

387 3646 495 3707 visi
521 3661 658 3706 sunt
686 3647 881 3724 potius
903 3664 1037 3707 esse
1060 3650 1368 3719 custodes,
1397 3646 1448 3705 hi
1478 3664 1562 3704 ris
1585 3648 1874 3724 deiiicrps
1896 3649 2038 3706 dua-

2123 3645 2305 3723 ὥσπερ
2341 3645 2484 3702 εἶναι
2534 3643 2736 3720 μᾶλλον
2781 3644 3042 3718 ἐῴκεσαν,
3085 3647 3238 3721 ὡρῶν
3298 3644 3424 3711 ἑξῆς
3479 3645 3583 3701 δύω
3623 3645 3745 3719 μήτε

390 3735 504 3795 bus
539 3753 732 3812 neque
759 3737 1136 3808 recedentes,
1173 3753 1366 3815 neque
1411 3753 1629 3812 corpus
1683 3742 2038 3809 tangentes?

2126 3734 2538 3813 ἀποχωρουντες
2572 3735 2710 3809 μήτε
2760 3741 2851 3791 τοῦ
2899 3734 3150 3810 σώματος
3181 3735 3440 3810 θήγοντες
3473 3755 3490 3811 ;
3540 3734 3745 3810 “Ατερος

389 3824 557 3886 Alter
576 3836 774 3884 autem
796 3843 1001 3884 rursus
1020 3843 1324 3905 excipiens
1346 3824 1715 3886 orationem:
1741 3824 1856 3904 Ego
1881 3844 2038 3904 vero,

2128 3821 2181 3879 δὲ
2211 3823 2374 3880 πάλιν
2402 3826 2495 3879 τὸν
2524 3823 2684 3901 λόγον
2699 3819 3007 3897 ὑπολαϐὼν,
3033 3820 3179 3902 Ἐγὼ
3209 3822 3286 3897 δὲ,
3323 3828 3505 3902 φησὶν,
3538 3824 3746 3900 ἑσπέρας

388 3915 604 3993 inquit,
633 3933 765 3974 cum
793 3932 1038 3994 vespere
1065 3933 1134 3974 ex
1159 3914 1399 3993 specula
1420 3915 1478 3972 in
1509 3915 1748 3974 domum
1778 3933 1868 3975 τοι
1888 3927 2038 3977 erte-

2125 3914 2186 3969 ἐκ
2237 3918 2335 3979 τῆς
2383 3918 2732 3979 κατασκοπῆς
2794 3915 2866 3978 εἰς
2909 3914 3006 3981 τὴν
3069 3915 3236 3970 οὶκίαν
3271 3912 3528 3989 ἐπανιὼν,
3557 3911 3749 3969 ὲδόκουν

386 4022 508 4079 rer,
540 4004 790 4066 videbar
815 4005 962 4065 mihi
991 4000 1196 4064 videre
1224 4005 1454 4064 stellam
1481 4007 1794 4081 quamdam
1823 4016 2038 4066 terram

2124 4003 2318 4080 ἀστέρα
2375 4006 2491 4059 τινὰ
2523 4013 2637 4074 τῆς
2696 4008 2796 4081 γῆς
2842 4004 3077 4076 ψαύοντα
3119 4003 3364 4079 βλέπειν,
3423 4002 3519 4070 ἡδύ
3573 4025 3619 4059 τι
3666 4001 3749 4056 καὶ

385 4105 751 4175 tangentem,
803 4095 1140 4174 jucundum
1194 4094 1516 4173 quemdam
1569 4101 1626 4154 et
1657 4096 2038 4174 perspicuum

2125 4091 2367 4172 διαφανὲς
2412 4093 2885 4171 ἀπαστράπτοντα⁶
2921 4097 3006 4149 καὶ
3057 4100 3116 4148 τὸ
3148 4095 3332 4148 καινὸν
3376 4094 3544 4149 τοίνυν
3598 4111 3748 4148 κατα-

387 4189 772 4267 splendorein
795 4183 1544 4263 einitteiitein.Spectaculi
1571 4185 1766 4264 itaque
1789 4187 2038 4244 novitate

2127 4187 2348 4261 πλαγεὶς
2407 4191 2500 4239 τοῦ
2537 4184 2800 4256 θεάματος
2859 4181 3004 4244 ὅπως
3061 4185 3123 4239 οὒ
3181 4182 3314 4238 κατά
3375 4183 3497 4245 τοὺς
3550 4180 3743 4242 λοιποὺς

387 4277 861 4355 obstupefactus,
916 4276 1076 4350 quod
1127 4284 1362 4335 scmcet
1417 4292 1533 4334 non
1567 4275 1722 4334 sicut
1753 4274 1906 4348 aliae,
1939 4277 2038 4334 sed

2127 4272 2191 4339 ἦν
2249 4273 2491 4352 ἀστέρας,
2554 4271 2688 4328 ἀλλά
2741 4275 2996 4349 χθαμαλα
3057 4273 3145 4327 καὶ
3202 4271 3462 4350 πρόσγεια
3516 4269 3737 4346 λάμπων,

390 4365 682 4428 humilius
715 4376 772 4427 et
800 4374 980 4428 terra;
1011 4365 1263 4426 vicinius
1293 4363 1729 4444 resplenileret,
1782 4371 1930 4425 vado
1983 4374 2038 4424 ul

2129 4364 2420 4441 πορεύομαι
2472 4384 2523 4418 τι
2573 4359 2691 4418 ποτ’
2752 4360 2812 4418 ἂν
2843 4359 2936 4427 εἴη
2984 4363 3046 4417 τὸ
3089 4361 3262 4440 φανὴν
3320 4361 3497 4418 ἐκεῖνο
3548 4363 3732 4433 μαθεῖν.

383 4455 648 4530 videam,
685 4458 971 4536 quidnam
1010 4458 1087 4516 sit
1118 4441 1464 4534 illud,quod
1494 4464 1872 4534 apparuerat.
1899 4452 2038 4515 Cum

2134 4443 2225 4514 ἀις
2285 4452 2338 4507 δὲ
2368 4451 2470 4518 ἤδη
2518 4450 2746 4518 πλησίον
2777 4451 3033 4529 ἐγενόκην
3088 4458 3181 4507 τοῦ
3208 4450 3400 4530 τόπου,
3433 4450 3612 4527 ἀστέρα
3647 4443 3733 4519 μὲν

387 4554 591 4606 autem
617 4544 698 4605 lui
721 4563 907 4625 prope
933 4545 1098 4604 illum
1123 4544 1522 4618 locum,illam
1545 4544 1790 4618 quidem
1815 4544 2038 4603 stellam

2129 4542 2335 4598 ἐκεῖνον
2394 4543 2488 4598 οὐκ
2530 4541 2695 4621 εἶχον
2755 4544 2902 4618 ὁρᾷν,
2939 4541 3100 4615 μόνον
3154 4539 3208 4595 δὲ
3273 4541 3324 4596 τὸ
3376 4550 3470 4600 τοῦ
3523 4553 3726 4614 μοναχου

387 4634 589 4696 videre
625 4655 741 4696 non
781 4646 1074 4714 poteram,
1107 4633 1213 4695 sed
1247 4634 1441 4694 solum
1475 4651 1694 4712 corpus
1741 4633 2039 4708 monachi,

2125 4631 2284 4706 σῶμα
2332 4632 2569 4706 ιείμενον
2600 4631 2683 4687 ἐπ’
2746 4628 2991 4708 ἐδάφους.
3038 4635 3212 4687 Ταῦτα
3267 4636 3374 4687 τῶν
3433 4625 3726 4708 στρατιωτῶν

389 4727 545 4809 quod
571 4710 816 4806 jacebat
839 4743 1026 4806 super
1049 4735 1292 4786 terram.
1319 4722 1458 4785 Haec
1489 4710 1621 4782 cum
1653 4732 1963 4783 narrarent
1984 4732 2038 4784 et

2122 4721 2174 4777 ἐν
2231 4719 2479 4799 διηγήσει
2537 4723 2626 4776 καὶ
2679 4720 2909 4795 θαύματι
2953 4719 3312 4794 ποιουμένων,
3361 4721 3504 4784 τινὲς
3545 4722 3638 4775 τῶν
3685 4710 3730 4766 ἓν

388 4817 756 4878 mirarentur
781 4814 1279 4892 inilites,quidam
1306 4833 1374 4875 ex
1391 4815 1745 4874 Christianis
1760 4813 2032 4891 captivis,

387 4906 489 4986 qui
516 4906 826 4968 exercitati
856 4916 1025 4966 erant
1052 4907 1112 4965 in
1137 4905 1338 4982 lingua
1357 4903 1618 4982 PerSica,
1643 4920 1760 4981 qua
1785 4913 1924 4962 tunc
1949 4900 2033 4961 illi

386 4996 548 5059 inter
575 5016 638 5058 se
658 4999 1007 5072 utebantur,
1039 4995 1461 5056 intellexerunt
1483 5012 1577 5066 ea,
1601 5011 1733 5072 quae
1756 4993 2034 5053 diceban-

385 5096 505 5148 tur.
530 5087 611 5148 Ex
639 5087 863 5166 quibus
881 5089 1000 5146 duo
1025 5088 1265 5166 quidam
1292 5083 1537 5144 relaxati
1559 5101 1591 5142 a
1611 5083 1878 5143 custodia
1902 5091 2036 5163 post

385 5174 814 5257 interemptum
835 5194 1034 5254 regem
1051 5175 1504 5245 Cliosroenmna
1525 5192 1658 5232 cum
1683 5174 1882 5234 multis
1901 5174 2033 5234 aliis

2119 4814 2188 4887 τῇ
2261 4810 2468 4887 γυλακῇ
2523 4812 2849 4887 Χριστιανῶν
2928 4807 3315 4888 αἰχμαλώτων,
3387 4811 3484 4877 τὴν
3553 4800 3733 4878 Περσῶν

2119 4899 2419 4973 ἠσκημένοι
2475 4898 2747 4978 γλῶσσαν,
2810 4897 2846 4972 ᾗ
2906 4896 3025 4954 τότε
3087 4897 3329 4954 κάκεῖνοι
3388 4901 3513 4978 πρὸς
3583 4891 3732 4958 ἀλλή-

2117 4989 2239 5053 λους
2331 4988 2584 5067 ἐκρῶντο,
2643 4995 2747 5045 τῶν
2810 4987 3119 5066 λεγομένων
3203 4989 3467 5060 συνίεσαν,
3535 4988 3605 5040 ὧν
3663 4979 3736 5036 καὶ

2116 5078 2203 5136 δύο
2258 5079 2396 5140 τινὲς
2428 5077 2521 5146 τῆς
2579 5077 2819 5158 φυλακῆς
2883 5078 3151 5140 ἀνεθέντες
3210 5079 3346 5148 μετά
3387 5078 3482 5146 τήν
3535 5069 3735 5149 Χοσράου

2116 5177 2206 5227 του
2256 5167 2522 5231 Βασιλέως
2555 5169 2844 5247 ἀναίρεσιν,
2878 5171 2969 5222 σὺν
3030 5164 3141 5240 ἅμα
3187 5166 3405 5230 πολλοῖς
3438 5168 3522 5221 καὶ
3572 5160 3730 5220 ἄλλοις

387 5249 677 5328 venerunt
727 5267 786 5326 in
837 5249 1104 5326 sanctam
1161 5264 1480 5336 civitatein,
1526 5264 1742 5341 quibus
1787 5262 2028 5342 quidem

2122 5261 2210 5329 τὰν
2264 5257 2418 5337 ἄγίαν
2447 5257 2606 5315 πόλιν
2665 5255 2982 5314 κατέλαϐον·
3043 5257 3132 5320 οἷς
3162 5254 3332 5326 δήπου
3381 5258 3466 5312 καὶ
3497 5253 3650 5309 συνὼν
3699 5249 3722 5302 6

393 5365 630 5434 martyr,
665 5376 798 5417 cum
833 5375 950 5417 una
971 5374 1106 5418 cum
1139 5355 1229 5415 eis
1257 5362 1415 5415 esset
1438 5353 1493 5413 in
1524 5369 1794 5427 carcere,
1817 5357 1893 5412 de
1920 5371 2029 5414 sua

2122 5354 2305 5428 ιάρτυς
2344 5349 2400 5404 ἐν
2458 5356 2532 5424 τῷ
2575 5347 2944 5426 δεσμωτηρίω,
2995 5347 3112 5420 περί
3157 5366 3214 5401 τε
3269 5347 3363 5412 τῆς
3418 5346 3591 5401 ἑαυτοῦ
3639 5357 3723 5394 τε·

471 5512 845 5590 (9)Sergium
871 5515 930 5574 in
952 5514 1333 5576 veneratione
1350 5532 1386 5574 a
1407 5517 1624 5577 Cosroe
1644 5513 1912 5575 habitum
1935 5533 2088 5576 mem
2100 5520 2226 5576 orat
2248 5510 2538 5576 Baronius
2554 5508 2627 5572 ob
2653 5507 2912 5590 plurima
2927 5506 2988 5568 in
3009 5507 3208 5588 ipsum
3223 5495 3726 5569 collatabeneﬁcia.

468 5601 607 5678 (10)
634 5601 894 5660 Heraclii
926 5603 996 5661 l'l
1033 5603 1275 5681 imperii
1299 5621 1492 5662 annus
1523 5604 1633 5663 fuit
1662 5603 1885 5664 Christi
1912 5604 2053 5683 6‘27,
2095 5612 2253 5667 teste
2283 5599 2545 5665 Baronio
2572 5607 2616 5660 t.
2648 5597 2780 5661 Vlll
2809 5597 3036 5663 Annal.
