4006 6138
159 298 271 367 809
1311 298 1497 368 VITA
1545 301 1604 366 S.
1653 296 2066 366 ANASTASII
2113 301 2396 366 PERSE.
3432 305 3554 372 810

155 437 425 501 λειώσεως
473 439 571 496 καὶ
627 442 725 506 τῆς
782 461 1037 520 σφετερας
1099 437 1415 518 ἐλευθερίας,
1472 445 1571 508 τῆς
1616 461 1675 496 τε
1722 447 1816 497 τοῦ

1907 437 2414 500 consummatione
2435 445 2494 500 et
2511 436 2587 500 de
2610 454 2817 499 eorum
2849 433 3209 501 liberatione
3234 445 3295 502 et
3316 438 3392 502 de
3419 439 3558 502 saevi

155 534 344 604 πικροῦ
404 526 664 602 διώκτου,
741 531 827 586 καὶ
897 530 1146 608 τυράννου
1190 528 1398 603 μᾶλλον
1460 529 1496 597 ἢ
1540 527 1802 606 βασιλέως

1907 527 2307 597 )ersecutoris
2340 536 2397 588 et
2421 525 2655 607 tyranni
2687 528 2883 608 potius
2906 547 3082 610 quam
3114 529 3273 610 regis
3304 528 3555 592 interfe-

155 617 512 692 ἀναιρέσεως,
593 617 954 695 ἀψευδέστατα
1004 620 1308 696 προειρήκει
1374 617 1656 696 διαρῤήδην
1710 618 1803 674 οὐ-

1907 616 2114 688 :tione,
2149 616 2462 678 verissime
2493 615 2872 697 praedixerat,
2907 619 2994 681 sic
3031 627 3240 700 aperte
3286 618 3498 682 dicens
3537 637 3552 682 ε

152 726 255 769 τως
312 708 487 763 εἰπών
525 724 540 738 ⁸
606 709 928 788 Γινώσκετε,
971 706 1185 787 ἀδελφοί
1233 731 1356 782 μου,
1394 707 1475 764 ὅτι
1529 715 1660 765 Θεοῦ
1717 715 1810 764 τοῦ

1907 702 2353 778 Sciatis,fratres
2380 706 2626 780 mei,me
2647 703 2788 768 boni
2818 706 3060 788 quidem
3081 707 3188 770 Dei
3215 709 3405 786 gratia
3426 726 3560 771 cras

156 797 354 873 ἀγαθοῦ
406 797 631 876 χάριτι,
665 796 774 875 ἐγὼ
804 798 902 872 μὶν
933 796 1109 875 αῦριον
1153 796 1460 872 τελειοῦμαι
1497 817 1510 831 ·
1559 800 1714 870 sum
1758 794 1812 851 δὲ

1907 812 2030 856 esse
2053 795 2591 856 consummandum
2621 812 2636 857 :
2661 813 2764 856 vos
2785 803 2984 857 autem
3014 797 3222 878 paucis
3255 807 3389 878 post
3418 797 3556 861 die-

157 886 289 957 μετά
325 907 484 950 τινας
541 885 724 964 ὀλίγας
779 885 985 965 ἡμέρας
1037 883 1434 956 ἀπολυθήσεσθε
1467 904 1484 924 ο
1516 886 1604 942 ὅτε
1637 885 1814 952 ἄδικος

157 974 242 1030 καὶ
297 975 683 1055 πονηρότατος
744 974 990 1052 Ιἰδιασιλεύς
1035 975 1466 1054 ἀναιρεθήσεται,
1529 974 1651 1033 ἀλλ’
1683 977 1814 1052 ὑμῖν

161 1068 288 1118 Θεοῦ
344 1061 403 1118 δὲ
456 1066 678 1124 πάντως
737 1061 1045 1141 κυϐερνήσει
1118 1064 1214 1121 καί
1267 1063 1457 1143 ὸδηγίᾳ
1515 1067 1644 1144 πρὸς
1719 1067 1814 1133 τὴν

158 1151 307 1230 ἁγίαν
340 1151 506 1209 πόλιν
533 1153 808 1210 ἐπανιοῦσι
852 1153 1080 1228 μελήσει
1125 1156 1213 1211 καὶ
1260 1161 1326 1232 τῇ
1373 1160 1512 1232 μονῇ
1541 1163 1634 1213 τοῦ
1675 1152 1813 1211 ἀϐϐἆ

159 1238 519 1300 Ἀναστασίου
581 1239 938 1322 παραϐαλεῖν,
989 1245 1077 1300 καὶ
1129 1243 1254 1321 παρ’
1307 1245 1465 1318 ἡμῶν
1493 1258 1812 1321 προσειπεῖν

159 1330 251 1385 καί
294 1331 479 1388 πάντα
513 1339 594 1406 τῷ
629 1354 683 1388 τε
715 1333 872 1403 πατρί
904 1353 1008 1408 μου
1055 1333 1144 1390 καὶ
1191 1346 1308 1396 τοῖς
1340 1332 1593 1412 ἀδελφοῖς
1628 1335 1810 1410 ἀπαγ-

162 1425 362 1497 γεῖλαι.
409 1423 622 1485 Ταύτας
657 1424 717 1478 οὐ
746 1423 911 1495 μόνον
942 1422 1140 1479 ἐκεῖνοι
1170 1424 1265 1486 τὰς
1297 1421 1614 1502 προρῤήσεις
1644 1423 1811 1480 ἀκού·

163 1531 370 1583 σαντες,
444 1509 594 1568 ἀλλά
653 1514 738 1568 καὶ
797 1513 870 1574 είς
930 1511 1084 1590 ἔργον
1137 1511 1232 1574 τάς
1290 1509 1532 1577 ἐκϐάσεις
1589 1511 1812 1589 ἰδόντες,

166 1601 256 1662 τάς
313 1601 636 1665 τελευταίας
686 1609 779 1659 τοῦ
823 1601 1082 1680 μάρτυρος
1136 1599 1353 1664 ἐντολάς
1396 1601 1492 1658 οὐκ
1522 1604 1810 1683 ἠτίμασαν,

164 1687 298 1746 ἀλλά
356 1691 580 1764 θέμενοι
639 1692 738 1759 τὴν
782 1693 912 1768 πρὸς
970 1693 1068 1758 την
1112 1691 1285 1764 μονὴν
1336 1691 1454 1747 ὃδὸν
1502 1696 1589 1749 καὶ
1649 1693 1815 1760 αὐτῆς

1897 881 2012 944 bus
2041 883 2412 958 liberandos,
2442 883 2679 966 quando
2705 903 2806 946 rex
2831 885 3250 963 iniquissimus
3274 895 3336 948 et
3359 889 3555 951 scele-

1897 973 2228 1034 ratissimus
2246 972 2423 1036 fuerit
2441 973 3162 1054 interemptus.Ca3terum
3180 999 3200 1030 ι
3215 977 3368 1053 obis,
3387 997 3550 1054 cum,

1897 1061 2020 1124 Deo
2040 1063 2284 1124 omnino
2305 1071 2550 1143 regente
2575 1071 2635 1124 et
2651 1064 3006 1139 ducente,in
3026 1075 3290 1127 sanctam
3315 1065 3555 1129 fueritis

1893 1152 2119 1214 reversi
2174 1152 2494 1227 civitatem,
2531 1171 2688 1215 cura;
2717 1155 2832 1215 erit
2861 1153 2933 1216 ad
2964 1153 3198 1217 abbatis
3241 1154 3551 1219 Anastasii

1895 1258 1997 1302 vos
2027 1243 2298 1303 conferre
2334 1243 2759 1304 monasterium
2795 1251 2854 1304 et
2884 1262 2988 1305 eos
3045 1255 3250 1306 nostro
3309 1252 3554 1308 nomine

1895 1330 2155 1392 salutare
2175 1333 2448 1393 etomnia
2465 1333 2824 1394 annuntiare
2843 1333 2992 1414 patri
3015 1351 3148 1395 meo
3171 1343 3230 1396 et
3245 1332 3550 1397 fratribus.

1898 1421 2015 1480 Has
2047 1421 2469 1499 praedictiones
2499 1439 2634 1482 cum
2667 1420 2750 1482 illi
2784 1440 2902 1483 non
2936 1423 3129 1484 solum
3161 1421 3549 1500 audivissent,

1896 1509 2002 1569 sed
2052 1509 2330 1572 effectum
2378 1511 2555 1570 etiam
2589 1510 2881 1572 vidissent
2934 1521 3314 1586 consecutas,
3353 1512 3562 1574 ultima

1900 1597 2178 1660 mandata
2198 1597 2472 1679 martyris
2491 1617 2608 1660 non
2635 1600 2986 1679 neglexere:
3008 1603 3110 1662 sed
3129 1598 3334 1662 venire
3351 1601 3423 1662 ad
3440 1620 3561 1664 mo-

1901 1687 2457 1768 nasterium,pluris
2475 1707 2650 1769 quam
2679 1689 2873 1769 ipsum
2896 1689 3190 1752 facientes
3209 1689 3561 1766 reditum,et

167 1777 422 1838 ἐπανόδου
452 1781 850 1859 προτιμοτέραν
889 1795 902 1810 ⁸
945 1780 976 1848 ἢ
1005 1783 1093 1837 καὶ
1123 1779 1300 1858 ῥᾳδίας
1333 1779 1538 1856 μᾶλλον
1567 1779 1622 1838 δὲ
1651 1782 1818 1851 αὐτὴν

1907 1775 1984 1837 ita
2010 1786 2073 1838 ut
2094 1789 2264 1840 erant
2286 1776 2427 1839 fessi
2456 1796 2527 1839 ex
2551 1778 2932 1852 itinere,cum
2959 1798 3068 1841 suo
3081 1781 3293 1841 viatico
3319 1779 3560 1842 venien-

166 1870 250 1924 καὶ
307 1868 531 1944 ὁμαλῆς
585 1869 846 1950 τυχόντες
898 1876 998 1937 τῆς
1059 1868 1338 1942 ἐπανόδου,
1403 1872 1490 1927 καὶ
1550 1877 1615 1947 τῇ
1675 1877 1817 1950 μονῇ

1902 1877 2061 1938 tesin
2079 1867 2601 1932 monasterium.ex
2611 1878 2949 1948 posuerunt
2962 1872 3164 1931 omnia
3177 1869 3560 1936 fraternitati.

169 1959 237 2021 ὡς
268 1960 435 2038 εἶχον
467 1959 620 2034 αὐτῷ
647 1961 876 2035 καμάτῳ
904 1963 1000 2027 τῆς
1029 1958 1330 2039 ὄδοιπορίας
1360 1961 1542 2024 αὐτοῖς
1575 1959 1807 2040 ἐφοδίοις
1850 1960 2276 2044 παραϐαλόντες,
2311 1961 2486 2014 πάντα
2517 1958 2584 2032 τῇ
2614 1955 2936 2037 ἀδελφότητι
2969 1959 3327 2038 ἐξηγήσαντο.

247 2055 365 2110 ΚΗ.
414 2040 476 2107 ’0
540 2051 734 2124 μέντοι
813 2048 1077 2114 πολλάκις
1152 2051 1537 2125 μνημονευθεὶς
1593 2049 1818 2132 ἀδελφός

173 2135 284 2216 (ἔπ’
327 2139 489 2198 αὐτὸν
519 2141 626 2218 γὰρ
654 2139 772 2219 ἄγει
821 2139 909 2195 καὶ
967 2137 1130 2196 πάλιν
1169 2139 1234 2196 τά
1263 2141 1362 2204 τῆς
1393 2138 1702 2206 ἀκολουθίας
1733 2143 1826 2198 τὸν

169 2226 355 2306 λόγον)
389 2231 453 2285 τὸ
498 2238 598 2288 τοῦ
639 2229 899 2308 μάρτυρος
933 2227 1090 2301 σῶμα
1122 2229 1215 2284 oin
1274 2225 1518 2298 εὐλαϐείᾳ
1559 2230 1648 2286 καὶ
1678 2232 1823 2309 μάρ-

174 2337 281 2372 τυσι
317 2318 652 2394 πρεπούσαις
695 2330 910 2391 τιμαῖς,
972 2318 1046 2380 εἰς
1102 2317 1200 2385 τὴν
1259 2325 1352 2374 τοῦ
1400 2316 1638 2396 μεγάλου
1682 2326 1822 2396 Σερ-

173 2405 283 2482 γίου
317 2407 492 2482 μονὴν
562 2405 944 2482 καταθέμενος,
1007 2407 1203 2486 χρόνςν
1232 2407 1332 2483 μέν
1360 2429 1479 2464 τινα
1521 2410 1610 2464 καὶ
1663 2411 1820 2474 αὐτὸς

175 2493 283 2551 εκεῖ
337 2493 634 2575 διατρίϐων
662 2498 732 2563 ἦν
771 2515 784 2529 ·
819 2497 907 2552 καὶ
939 2493 1084 2561 ὅπως
1114 2497 1414 2563 ἀνασωθείη
1467 2497 1597 2574 πρός
1643 2519 1698 2554 τε
1729 2501 1818 2556 τὸν

176 2583 456 2659 πέμψαντα
485 2588 584 2642 καὶ
616 2586 738 2649 τοὺς
761 2583 1020 2664 ἀδελφοὺς
1062 2583 1314 2642 κινδύνων
1356 2588 1550 2665 χωρὶς,
1582 2589 1817 2645 σκοπού-

180 2693 353 2746 μενος,
408 2677 630 2749 Δεκάτῃ
718 2673 774 2730 δὲ
831 2675 970 2748 μετά
1046 2677 1145 2742 τὴν
1201 2673 1456 2750 λειψάνου
1540 2677 1820 2735 κατάθεσιν

179 2761 369 2839 ἡμέρᾳ,
442 2760 844 2838 καταλαμϐάνει
921 2764 1057 2838 μετά
1113 2765 1212 2830 τῆς
1270 2770 1518 2842 στρατιᾶς
1574 2766 1820 2842 βασιλεὺς

180 2849 378 2928 ἕτερος,
408 2857 520 2932 Οὐχ
589 2854 711 2918 οἶος
763 2855 789 2908 ὁ
844 2852 1227 2930 προειρημένος
1283 2850 1514 2921 διώκτης
1565 2855 1660 2912 καί
1691 2856 1822 2914 ἀπο-

185 2940 375 3008 στάτης
420 2943 514 2999 καί
551 2943 652 3010 τὴν
685 2943 876 3000 κακίαν
907 2944 1153 3016 περιττὸς
1193 2943 1286 3000 καί
1318 2944 1636 3012 ἀνήκεστοςο
1683 2945 1821 3003 ἀλλά

185 3030 265 3085 καὶ
310 3029 422 3086 λίαν
478 3031 731 3101 ἐπιεικής
778 3053 835 3088 τε
880 3033 966 3090 καὶ
1031 3031 1230 3112 ἥμερος
1279 3037 1367 3088 καὶ
1410 3033 1508 3101 τὴν
1551 3033 1821 3092 εὐσέϐειαν

186 3118 358 3191 ἱκείνῳ
384 3119 596 3194 μᾶλλον
628 3122 715 3178 καὶ
764 3121 862 3189 τὴν
907 3118 1302 3186 φιλανθρωπίαν
1344 3121 1610 3187 ἀντίθετος
1647 3143 1663 3161 ο
1729 3122 1821 3187 οὕς

190 3203 301 3262 ἰδὼν
337 3209 420 3265 ἰπὶ
472 3209 634 3278 ξένης
691 3209 860 3278 ἡδέως
919 3213 946 3267 ὁ
1004 3210 1246 3290 μοναχὸς
1297 3211 1530 3289 καθάπερ
1560 3213 1708 3276 τινάς
1766 3212 1822 3269 ἂν

198 3294 356 3382 σκότῳ
381 3297 671 3376 λαμπάδας
703 3302 812 3374 καὶ,
845 3300 954 3358 τῶν
995 3300 1114 3377 περὶ
1167 3298 1267 3367 τὴν
1313 3296 1570 3356 ἐπάνοδον
1600 3303 1818 3382 φροντί-

201 3379 292 3441 δων
340 3390 470 3455 εὐθὺς
528 3391 620 3446 καὶ
679 3395 772 3446 τοῦ
814 3393 913 3457 τῆς
964 3389 1183 3464 ἀθυμίας
1229 3388 1560 3454 ἀναπνεύσας
1593 3379 1815 3470 ἔχθους,

208 3473 285 3529 καὶ
309 3475 398 3542 τὴν
427 3479 609 3558 ψυχήν
639 3479 798 3536 οἱονεὶ
827 3479 1148 3559 κουφισθεὶς,
1186 3478 1286 3536 οἶα
1330 3479 1420 3534 καὶ
1459 3478 1625 3546 αὐτὴν
1656 3476 1818 3536 ἀδελ-

203 3561 390 3640 φότητα
415 3571 492 3626 καὶ
525 3569 703 3644 μονὴν
735 3567 830 3625 οὐκ
873 3569 945 3630 εἰς
999 3568 1209 3645 μακρὰν
1259 3567 1479 3642 ὄψεσθαι
1508 3565 1813 3645 προσδοκή-

196 3671 305 3727 σας,
336 3660 398 3731 τῇ
440 3648 721 3728 Ἐλλήνων
754 3657 940 3720 αὐτοὺς
985 3656 1207 3734 γλώσσῃ
1272 3659 1670 3736 προσαγορεύει,
1730 3659 1821 3715 τὸν

191 3737 583 3825 ἄναγνωρισμὸν
626 3759 746 3810 τοῖς
797 3744 1012 3824 ἀνδράσι
1065 3743 1419 3826 διαφωτίζων.
1469 3749 1530 3803 Οἱ
1571 3743 1627 3802 δὲ
1683 3753 1819 3825 Χρι-

191 3834 386 3890 στιανὸν
447 3838 614 3894 αὐτὸν
670 3837 816 3893 εἶναι
890 3835 1131 3916 γνόντες,
1185 3840 1405 3914 πρᾶγμα
1451 3834 1700 3915 ἐσχάτως
1763 3836 1819 3893 ἐν

189 3922 381 3999 Περσίδι
441 3929 698 3998 σπανίζον
757 3927 942 4006 (τοῦτο
997 3927 1098 4004 γάρ
1156 3927 1243 3982 καὶ
1287 3928 1348 3981 τὸ
1403 3932 1509 3982 τῶν
1560 3933 1820 4006 μοναχῶν

181 4007 359 4088 ἶνδυμα
387 4018 473 4074 καὶ
505 4019 537 4074 ὁ
582 4014 742 4096 λόγος
795 4015 1076 4094 ἐμήνυον),
1126 4014 1321 4095 ἤροντο
1351 4015 1506 4073 αὐτὸν
1537 4013 1566 4072 ὅ
1596 4037 1646 4072 τι
1682 4017 1816 4074 ποτὶ

182 4097 266 4167 εἴη
307 4099 588 4186 διατρίϐων
629 4104 872 4168 ἐνταῦθα.
938 4115 1042 4165 Τοῦ
1089 4103 1145 4161 δὲ
1176 4105 1313 4163 κατά
1343 4105 1506 4182 μέρος
1534 4104 1721 4170 αὐτοῖς
1753 4105 1820 4162 τά

185 4191 311 4248 κατά
368 4196 457 4251 τὰν
519 4196 784 4276 μακάριον
838 4193 1294 4274 ἀπαγγείλαντος,
1353 4201 1510 4252 τοῦτο
1569 4194 1691 4270 μὲν,
1743 4195 1817 4259 εἰς

187 4278 338 4337 πόθον
389 4286 594 4343 ὶκεῖνοι
651 4284 745 4341 τοῦ
787 4285 1082 4365 μάρτυρος,
1135 4291 1290 4341 τοῦτο
1344 4281 1400 4338 δὲ
1443 4284 1530 4342 καὶ
1559 4284 1634 4348 εἰς
1679 4305 1818 4359 συμ-

188 4368 396 4429 πάθειαν
449 4382 544 4434 τοῦ
601 4381 847 4456 μοναχοῦ
901 4375 998 4438 τάς
1052 4375 1236 4454 ψυχάς
1291 4374 1619 4448 κινηθέντες,
1654 4371 1737 4435 εἵς
1765 4394 1823 4430 τε

189 4455 274 4522 τὰς
316 4462 512 4529 οἰκείας
543 4466 746 4533 σκηνὰς
780 4467 874 4521 τὸν
905 4461 1065 4542 ἄνδρα
1125 4460 1408 4542 λαϐόντες,
1467 4463 1722 4519 κοινωνόν
1765 4483 1823 4520 τε

1983 2047 2242 2112 XXVIII.
2290 2045 2498 2108 Frater
2543 2055 2771 2122 autem,
2827 2047 3002 2126 cujus
3057 2065 3217 2127 saepe
3271 2045 3423 2112 facta
3472 2061 3563 2113 est

1908 2143 2136 2203 mentio
2173 2137 2272 2218 (ad
2305 2153 2441 2197 eum
2477 2133 2638 2195 enim
2666 2153 2734 2196 ex
2759 2137 3194 2218 consequentia
3216 2158 3335 2201 non
3357 2157 3565 2204 rursus

1905 2229 2147 2293 reducit
2180 2224 2421 2305 oratio),
2474 2241 2609 2285 cum
2642 2242 2861 2304 corpus
2895 2227 3170 2307 martyris
3205 2229 3304 2309 pie
3333 2240 3394 2294 et
3421 2246 3559 2292 cum

1905 2337 2002 2393 eo,
2036 2336 2156 2396 quo
2211 2332 2318 2394 par
2349 2321 2462 2386 est,
2498 2312 2730 2374 honore
2773 2323 2836 2374 et
2863 2316 3204 2378 reverentia
3235 2318 3559 2399 deposuis-

1905 2420 1998 2472 set
2024 2407 2089 2469 in
2124 2403 2320 2483 magni
2355 2401 2548 2482 Sergii
2581 2404 2970 2472 monasterio.
3004 2403 3134 2485 ipse
3165 2407 3406 2487 quidem
3439 2408 3556 2470 ali-

1903 2506 2191 2578 quantum
2241 2493 2530 2572 temporis
2562 2491 2642 2552 iLi
2675 2500 2765 2553 est
2813 2502 3098 2563 moratus,
3152 2499 3552 2576 quemadmo-

1903 2586 2045 2648 dum
2069 2584 2140 2647 ad
2167 2601 2327 2656 eum,
2347 2580 2450 2662 qui
2475 2581 2660 2656 misit,
2685 2591 2744 2642 et
2761 2582 2976 2646 fratres
2996 2583 3192 2647 salvus
3216 2593 3276 2649 et
3296 2586 3428 2650 sine
3452 2604 3555 2668 pe—

1904 2674 2094 2737 riculo
2121 2670 2486 2754 perveniret,
2505 2669 2919 2735 considerans.
2942 2674 3187 2736 Decimo
3207 2684 3406 2738 autem
3431 2677 3554 2752 die,

1908 2773 2222 2844 postquam
2247 2758 2535 2839 depositas
2556 2757 2799 2820 fuerunt
2822 2760 3114 2843 reliquiae,
3139 2781 3210 2825 eo
3235 2765 3399 2825 venit
3421 2782 3558 2826 cum

1911 2852 2179 2917 exercitu
2209 2867 2311 2911 rex
2344 2847 2524 2921 alius,
2559 2866 2678 2908 non
2706 2848 2898 2928 qualis
2927 2850 2978 2912 is
3007 2851 3109 2930 qui
3141 2852 3312 2932 prius
3349 2852 3560 2916 dictus

1909 2951 2024 3017 est,
2064 2947 2423 3018 persecutor
2453 2947 2510 2998 et
2542 2936 2823 3016 religioni
2851 2939 3107 3002 infestus
3137 2953 3197 3002 et
3227 2941 3288 3004 in
3323 2943 3562 3004 scelere

1909 3032 2166 3093 eximius
2198 3038 2256 3092 et
2309 3028 2486 3108 plane
2517 3027 2887 3107 proﬂigatus,
2923 3029 3030 3092 sed
3060 3030 3232 3093 valde
3264 3049 3468 3113 aequus
3499 3043 3562 3094 et

1907 3132 2281 3192 mansuetus,
2335 3117 2679 3198 pietateque
2725 3126 2784 3178 et
2829 3117 3200 3182 humanitate
3251 3121 3335 3182 illi
3385 3121 3560 3202 plane

1906 3207 2266 3272 contrarius.
2299 3203 2462 3278 Quos
2491 3222 2625 3265 cum
2658 3203 2941 3267 lubenter
2960 3207 3206 3270 vidisset
3231 3211 3560 3272 monachus

1903 3298 1965 3360 in
1997 3309 2246 3360 externa
2273 3295 2550 3371 regione,
2578 3302 2858 3374 tanquam
2887 3297 3171 3373 quasdam
3202 3297 3476 3360 lucernas
3497 3299 3560 3360 in

1905 3384 2251 3461 tenebris,a
2275 3401 2421 3446 cura
2438 3382 2514 3444 de
2535 3381 2730 3444 reditu
2756 3384 3202 3462 etaagritudinis
3223 3404 3407 3449 onere
3427 3405 3562 3449 mox

1902 3479 2212 3556 respirana
2239 3483 2300 3536 et
2331 3471 2519 3534 veluti
2549 3471 2734 3532 animi
2767 3472 3038 3551 pondere
3070 3473 3321 3550 levatus,
3371 3483 3433 3535 ut
3461 3475 3564 3555 qui

1903 3565 2346 3628 fraternitatem
2379 3571 2439 3624 et
2475 3562 2917 3622 monasterium
2953 3579 3018 3622 se
3049 3579 3182 3623 esse
3214 3562 3562 3643 propediem

1904 3655 2171 3716 visurum
2206 3659 2501 3732 speraret,
2527 3650 2730 3730 lingua
2760 3669 2864 3712 eos
2887 3653 3094 3715 Graeca
3115 3651 3468 3733 alloquitur,
3492 3671 3564 3716 ea

1902 3747 2138 3808 ratione
2169 3743 2262 3804 sui
2291 3741 2569 3803 notitiam
2598 3739 2903 3821 aperiens.
2938 3741 3025 3803 llli
3057 3751 3253 3803 autem
3279 3759 3413 3802 cum
3449 3761 3564 3803 no-

1902 3836 2126 3897 vissent
2148 3851 2286 3896 eum
2312 3849 2446 3894 esse
2467 3829 3065 3912 Christianum,quod
3091 3831 3340 3909 quidem
3360 3849 3562 3894 rarum

1902 3932 1994 3988 est
2022 3923 2177 4005 apud
2213 3924 2430 3985 Persas
2464 3921 2598 3991 (hoc
2633 3921 2794 3983 enim
2826 3929 2886 3982 et
2917 3921 3353 3984 monachorum
3382 3922 3568 4002 signi-

1901 4013 2118 4076 ficabat
2142 4013 2562 4074 indumentum
2587 4017 2648 4071 et
2677 4015 2908 4088 sermo)
2927 4019 3216 4089 rogarunt
3238 4010 3436 4085 illum,
3457 4029 3570 4073 cur

1900 4102 2026 4165 illic
2059 4111 2425 4164 moraretur.
2463 4098 2610 4162 Cum
2665 4099 2760 4161 his
2789 4117 2933 4160 vero
2967 4101 3057 4161 eis
3107 4099 3459 4178 singulatim
3491 4103 3569 4163 de

1901 4191 2075 4256 beato
2129 4189 2509 4273 exposuisset
2556 4188 2899 4262 Anastasio,
2937 4187 3028 4250 illi
3061 4190 3280 4269 partim
3318 4188 3568 4267 quidem

1906 4281 2215 4344 desiderio
2249 4277 2554 4359 martyris,
2589 4278 2800 4358 partim
2837 4286 3035 4340 autem
3087 4276 3376 4338 monachi
3423 4277 3566 4340 moti

1909 4368 2346 4445 misericordia,
2369 4386 2503 4430 cum
2529 4367 2722 4429 virum
2750 4367 2812 4428 in
2835 4385 2942 4429 sua
2967 4367 3348 4448 accepissent
3372 4364 3568 4428 taber-

1907 4461 2140 4535 nacula,
2177 4460 2446 4539 tectique
2477 4466 2534 4518 et
2569 4473 2794 4519 mensae
2826 4457 3056 4519 socium
3103 4475 3238 4519 eum
3274 4455 3569 4537 deinceps

194 4549 336 4607 αὐτὸν
366 4554 452 4611 καὶ
483 4553 680 4634 στέγης
731 4553 783 4620 ἐξ
841 4553 1041 4611 ἐκείνου
1085 4553 1171 4610 καὶ
1222 4552 1487 4630 τραπέζης
1551 4553 1820 4628 ποιούμε-

1909 4551 2204 4623 fecissint,
2261 4557 2322 4610 et
2372 4556 2435 4610 ut
2477 4545 2651 4607 decet
2702 4543 3072 4608 Christianos
3134 4557 3195 4609 et
3245 4555 3565 4625 martyrum

193 4655 287 4718 νοι,
320 4641 411 4697 καί
444 4618 606 4708 ὅπως.
651 4641 752 4700 ἔδει
814 4642 1164 4723 Χριστιανούς
1195 4618 1266 4700 τε.
1282 4643 1376 4699 καὶ
1429 4640 1820 4722 φιλομάρτυρας

1907 4618 2200 4712 amantes,
2235 4639 2296 4699 in
2328 4654 2468 4700 eum
2499 4634 2697 4697 affecti
2733 4645 2962 4709 essent,
2996 4637 3336 4697 eduxerunt
3369 4618 3567 4714 ipsum

194 4728 315 4812 πρὸς
370 4735 552 4791 τοῦτον
602 4731 950 4812 διατεθέντες,
1028 4729 1112 4790 διά
1171 4736 1270 4800 τῆς
1321 4731 1611 4810 Ἀρμενίων
1668 4733 1824 4792 αὐτὸν

199 4811 472 4899 ἒξήγαγον.
505 4820 606 4887 "Oc
636 4811 955 4882 καταλαϐὼν
1010 4819 1076 4879 δι’
1138 4819 1286 4884 ἔτους
1331 4823 1392 4878 τὸ
1437 4823 1819 4898 μοναστήριον,

200 4911 272 4978 τῷ
323 4929 380 4965 τε
433 4913 730 4990 προεστῶτι
789 4914 878 4970 καὶ
935 4926 1055 4978 τοῖς
1114 4909 1369 4991 ἀδελφοῖς
1427 4907 1650 4980 ἡδίστην
1705 4913 1824 4970 τινὰ

201 4997 392 5082 ῖρυφὴν
446 5004 533 5060 καὶ
575 5001 863 5082 φιλότιμον
907 5002 1142 5082 εὐωχίαν
1202 5002 1301 5070 τὴν
1359 5001 1495 5059 κατά
1544 5003 1635 5059 τὸν
1693 5003 1831 5081 ἱερὸν

205 5077 541 5148 ’Δναστάσιον
589 5077 600 5082 ”
629 5091 883 5174 διήγησιν
969 5077 1290 5169 ἕποιήσατο,
1367 5090 1698 5166 ἀνακομίσας
1741 5077 1830 5150 ’ἔτι

207 5172 289 5230 καὶ
344 5177 403 5232 τὸ
458 5172 756 5260 μοναγικὸν
800 5181 1001 5240 ἑκείνου
1057 5179 1328 5259 κολόόιον,
1361 5181 1388 5236 ὃ
1421 5181 1506 5237 καὶ
1539 5182 1668 5260 πρὸς
1700 5186 1834 5260 αὐτῇ

324 5265 566 5328 ἀναλόσει
625 5269 886 5346 ἐνδέδυτο,
951 5271 1039 5328 καὶ
1095 5271 1424 5343 ἀνακομίσας
1469 5273 1574 5352 οὐχ
1620 5271 1831 5352 ἁπλῶς,

213 5347 513 5442 ᾇλλάῃμετά
553 5364 856 5436 θαυμαστοῦ
901 5382 962 5440 γε
991 5369 1087 5419 τοῦ
1115 5359 1475 5438 διηγήματος.
1509 5347 1705 5439 εἜλεγε
1735 5347 1835 5442 γὰρ

213 5437 286 5530 ξδς
318 5441 408 5511 εἴη
449 5468 531 5514 τις
575 5445 799 5530 ἀδελφὸς
843 5437 1005 5527 ἕν’τῇ
1035 5453 1176 5526 μονῇ
1202 5437 1321 5504 καθ’
1363 5447 1429 5514 ἣν
1459 5437 1835 5517 ἀποτεθείηντδ

215 5521 470 5612 λείψανον,
514 5546 632 5603 νεος
679 5521 773 5606 την
815 5521 1055 5616 ἡλικίαν,
1107 5521 1331 5617 πονηρῷ
1378 5537 1637 5612 πνεύματι
1695 5561 1832 5600 κατ-

441 5670 702 5737 Ρεεεοι..
751 5673 866 5737 Gn.
911 5669 1096 5738 CXIV

1904 4749 2012 4812 per
2040 4726 2417 4792 Armeniam.
2456 4723 2570 4798 Qui
2597 4742 2733 4786 cum
2771 4733 2912 4806 post
2938 4741 3162 4786 annum
3199 4724 3572 4812 pervenisset

1903 4811 1976 4883 ad
2009 4814 2470 4889 monasterium,
2498 4813 2780 4893 praefecto
2802 4819 2862 4874 et
2892 4812 3178 4875 fratribus
3189 4811 3570 4893 jucundissi-

1904 4927 2068 4972 mum
2102 4906 2458 4984 lautumque
2489 4910 2548 4963 et
2579 4901 2964 4981 magnificum
3010 4903 3245 4964 exiliuit
3295 4900 3569 4982 epulum,

1918 5016 2137 5079 nempe
2188 4996 2264 5058 de
2293 5000 2503 5056 sancto
2531 4990 2856 5054 Anastasio
2886 4992 3326 5067 narrationem,
3379 4999 3443 5052 ut
3470 4991 3574 5072 qui

1917 5097 2098 5152 etiam
2128 5083 2398 5150 attulerit
2450 5080 2849 5142 monasticum
2895 5080 3060 5144 illius
3089 5081 3421 5156 colobium,
3452 5099 3573 5162 quo

1917 5178 2166 5242 indutus
2195 5184 2329 5238 erat
2360 5172 2424 5234 in
2454 5171 2584 5253 ipsa
2609 5169 3007 5248 resolutione,
3027 5189 3141 5234 nec
3160 5171 3438 5236 attulerit
3469 5190 3572 5234 so-

1917 5270 2069 5342 lum,
2101 5265 2208 5330 sed
2240 5261 2418 5326 simul
2465 5259 2644 5323 etiam
2682 5258 2836 5322 mira
2885 5261 3158 5340 quaedam
3214 5262 3572 5324 narraverit.

1917 5356 2170 5422 Dicebat
2201 5358 2387 5429 enim,
2421 5351 2608 5412 fuisse
2637 5347 2964 5430 quemdam
3000 5349 3246 5412 fratrem
3279 5351 3341 5413 in
3375 5370 3579 5414 mona-

1916 5445 2128 5521 sterio,
2166 5443 2230 5506 in
2260 5459 2378 5524 quo
2413 5441 2621 5520 posita:
2653 5446 2825 5500 erant
2855 5436 3150 5520 reliquiae,
3182 5447 3356 5502 (etate
3396 5440 3579 5520 juve-

1919 5554 2059 5600 nem
2083 5535 2241 5616 quia
2265 5529 2529 5610 maligno
2550 5527 2765 5611 spiritu
2781 5527 3189 5591 detinebatur.
3212 5527 3358 5593 Cum
3377 5537 3578 5594 autem

3176 5662 3252 5727 26
