4006 6138
207 263 340 334 813

1327 262 1515 333 VITA
1560 267 1622 332 S.
1669 266 2104 338 CLEMENTIS
2148 264 2569 332 ANCYRANI.

3513 258 3632 333 914

208 424 406 488 cyrm,
448 406 658 470 Lucio
690 407 964 489 praside,
1003 423 1211 484 passus
1243 417 1394 466 est.»
1431 406 1553 466 lmo
1583 408 1621 468 5
1650 407 1875 468 Novem
1896 440 1905 446 -
1929 419 1962 462 Α
1989 405 2073 465 bit
2099 403 2283 464 multa
2318 401 2430 464 sibi
2452 402 2511 464 in
2538 400 2630 464 his
2656 400 2817 464 Actis
2840 399 3205 481 displicere:
3234 400 3340 462 sed
3359 419 3631 483 quasnam

208 496 348 557 bris
389 516 656 577 passus.
693 495 1014 576 Utriusque
1044 503 1258 558 caetera
1293 494 1701 556 meminerunt
1731 496 1898 558 Grae-

206 604 444 646 corum
483 588 858 666 Monologia,
911 583 1236 664 Horologia
1293 597 1438 654 etc.,
1471 603 1604 664 quae
1632 583 1904 664 sequitur

210 675 524 736 Nolanus
583 677 645 736 in
669 676 855 738 addit.
889 675 962 736 ad
994 673 1329 738 Usuardum
1369 695 1382 735 :
1429 699 1446 728 ι
1492 673 1594 737 Die
1621 672 1903 735 vicesima

211 763 436 838 tertia,
495 765 703 826 sancti
751 764 1203 842 hieromartyris
1251 762 1582 825 Clementis
1627 765 1897 842 Ancyrae.

213 863 276 914 et
307 855 532 916 sancti
574 854 847 934 martyris
879 853 1287 932 Agatbangeli.
1326 877 1349 910 ι)
1386 855 1718 916 Romanum
1752 869 1905 931 quo-

212 961 344 1023 que
382 943 898 1024 Martyrologium
935 962 949 1006 :
988 969 1008 999 α
1049 946 1300 1024 Ancyra)
1333 942 1393 1002 in
1418 941 1644 1004 Galatia
1673 940 1712 1002 S
1771 941 1906 1002 Cle-

217 1033 471 1096 mentis
507 1033 811 1115 episcopi,
873 1033 975 1113 qui
1033 1034 1250 1113 saepius
1308 1031 1634 1103 cruciatus,
1667 1029 1906 1091 tandem

215 1119 340 1182 sub
376 1120 782 1184 Diocletiano
812 1121 1157 1202 martyrium
1189 1119 1643 1182 consummavit.
1678 1119 1908 1180 Ibidem

220 1209 284 1274 S.
327 1212 786 1292 Agathangeli,
820 1211 922 1292 qui
953 1209 1165 1272 eodem
1195 1209 1293 1272 die
1327 1209 1436 1271 sub
1483 1210 1665 1271 Lucio
1700 1208 1908 1289 praesi-

220 1301 305 1362 de
368 1320 612 1382 passus
671 1310 780 1364 est.
823 1325 845 1358 ι
908 1303 994 1364 De
1052 1301 1363 1364 Clemente
1419 1299 1497 1360 ita
1527 1297 1907 1361 Galcsinins:

229 1415 250 1446 ι
296 1391 588 1472 Ancyrae
618 1390 676 1454 S.
714 1391 1043 1452 Clementis
1075 1388 1339 1471 episcopi
1387 1398 1445 1450 et
1479 1387 1775 1468 martyris,
1810 1387 1911 1465 qui

224 1479 650 1542 Diocletiano
673 1479 1343 1560 imperatoreinauditis
1376 1477 1746 1540 excruciatus
1777 1495 1912 1556 sup-

225 1569 475 1650 pliciis,
517 1571 723 1651 iisque
759 1569 958 1630 multis
989 1588 1058 1630 ac
1093 1569 1296 1642 variis,
1329 1569 1569 1629 demum
1605 1586 1740 1627 cum
1775 1585 1914 1628 con-

227 1670 488 1722 stanter
523 1660 591 1720 in
625 1660 742 1721 ﬁde
767 1659 1137 1740 persisteret,
1183 1658 1430 1740 praeciso
1459 1655 1653 1738 capite
1686 1669 1909 1736 marty-

226 1751 312 1812 rii
345 1769 664 1812 coronam
700 1750 951 1829 accepit.
991 1773 1015 1808 ι»

322 1841 388 1905 6.
424 1839 500 1901 In
527 1837 972 1915 Notationibus,
1006 1838 1504 1918 Christopborum
1551 1847 1607 1899 et
1637 1837 1912 1900 Cbarito-

1986 493 2088 554 illa
2118 497 2258 568 sint,
2295 511 2414 553 non
2465 492 2770 572 exprimit.
2824 490 3222 572 Hyperbolica
3272 492 3634 573 quandoque

1985 583 2360 643 cruciatuum
2412 584 2650 643 auxesis
2703 581 2892 642 videri
2927 581 3136 660 possit,
3175 580 3292 641 nisi
3325 588 3384 643 et
3413 581 3639 645 diaboli

1986 672 2237 752 ejusque
2260 672 2585 734 satellitum
2610 671 2900 745 furorem,
2931 679 2989 732 et
3020 669 3153 742 Dei,
3181 688 3319 732 suos
3351 679 3640 754 martyres

1987 761 2706 835 conﬁrmantis,virtutem
2732 757 3304 838 cogitemus.Neque
3326 761 3637 826 existima—

1989 867 2055 910 re
2079 850 2533 928 oportetomnia
2575 868 2708 929 qua;
2739 857 3082 922 narrantur,
3120 849 3509 912 continenter
3537 851 3640 912 in-

1991 939 2151 1000 ﬂicta
2180 940 2402 1000 sanctis
2435 957 2568 1000 esse
2597 938 2930 1018 supplicia;
2957 937 3064 1000 sed
3099 945 3221 999 toto
3239 957 3538 1002 annorum
3563 942 3639 1003 18

1993 1027 2206 1107 Spatio,
2260 1029 2493 1090 indulta
2541 1027 2811 1090 fortassis
2856 1028 3114 1109 plurium
3150 1046 3308 1108 sepe
3340 1030 3640 1092 mensium

1993 1119 2213 1199 quiete,
2250 1118 2390 1179 dum
2425 1118 2558 1180 aliis
2588 1117 2758 1198 Reip.
2789 1118 3043 1197 negotiis
3073 1119 3361 1198 praasides
3392 1119 3640 1182 distine-

1994 1206 2260 1281 bantur;
2295 1227 2634 1288 quanquam
2668 1207 2728 1268 id
2763 1207 2968 1287 negari
2988 1208 3228 1270 videtur
3257 1208 3318 1269 in
3349 1210 3644 1275 Antholo-

1995 1301 2090 1375 gio
2128 1307 2184 1355 et
2216 1299 2484 1360 Menaeis.
2521 1296 2589 1359 Et
2644 1298 2693 1358 si
2745 1297 2983 1376 singula
3025 1297 3486 1362 considerantur
3510 1309 3642 1363 tor-

1999 1396 2218 1460 menta,
2248 1386 2479 1448 nullum
2512 1387 2639 1448 fere
2684 1405 2805 1447 non
2840 1386 3113 1466 pluribus
3149 1389 3505 1467 martyribus
3531 1391 3642 1454 sub

1997 1475 2208 1538 iisdem
2242 1475 2610 1538 Diocletiano
2644 1483 2702 1537 et
2733 1475 3114 1550 Maximiano,
3152 1477 3210 1536 in
3243 1477 3456 1540 iisdem
3481 1479 3643 1542 Asia;

1997 1564 2272 1637 urbibus,
2307 1566 2635 1644 irrogatum
2672 1584 2686 1626 :
2719 1584 2786 1626 ac
2827 1564 3149 1627 vincuntur
3202 1565 3491 1645 pleraque
3514 1587 3646 1630 mo-

1998 1655 2186 1716 derna
2216 1657 2506 1736 .laponum
2540 1655 2831 1718 adversus
2853 1655 3227 1718 Christianos
3249 1655 3642 1723 immanitate.

1999 1743 2224 1806 Praeter
2254 1746 2428 1806 citata
2460 1744 3015 1825 Martyrologiurum
3068 1745 3432 1822 testimonia,
3459 1755 3649 1810 exstat

2003 1835 2241 1912 egregia
2269 1836 2551 1895 Actorum
2591 1840 2854 1912 epitome
2904 1834 2966 1896 in
3006 1833 3370 1914 Anthologio
3400 1835 3648 1901 Graeco-

233 1948 414 2005 nem,
453 1930 810 1992 Clementis.
831 1929 890 1992 in
919 1929 1201 2009 martyrio
1233 1928 1512 1992 obeundo
1543 1927 1758 1998 socios,
1799 1943 1921 1988 me.
2000 1942 2133 1984 rum
2165 1941 2195 1985 a
2217 1923 2529 1988 Clemente
2560 1923 2691 1986 VIII
2723 1924 3082 2005 approbato,
3115 1924 3353 1988 Menaeis
3381 1945 3644 2008 quoque,

239 2029 450 2081 morat
511 2019 885 2082 Galesinius.
944 2020 1192 2090 Menam,
1231 2017 1630 2095 Menologium
1663 2014 1913 2086 Casinii,

237 2119 299 2170 et
332 2109 706 2189 Cytheraeus
735 2108 1004 2170 referunt
1033 2107 1071 2168 9
1102 2105 1480 2186 Septembris
1519 2129 1540 2162 ι
1571 2103 1914 2167 S.Charito-

243 2217 392 2259 nem
417 2197 634 2277 gladio
665 2197 956 2259 occisum.
998 2217 1024 2256 )
1059 2195 1176 2258 Sed
1208 2195 1364 2276 quod
1424 2213 1540 2255 non
1594 2194 1646 2254 ei
1679 2193 1916 2254 additus

241 2306 470 2349 comes
503 2287 1000 2366 Cbristopborus,
1026 2293 1085 2347 et
1120 2285 1181 2346 bi
1215 2283 1391 2346 ambo
1421 2283 1499 2345 23
1521 2282 1788 2346 Januarii
1823 2301 1917 2344 oc-

246 2377 618 2449 cubuerint,
653 2376 832 2436 alium
872 2394 1101 2437 remur.
1135 2373 1411 2454 Eucarpii
1443 2389 1684 2454 quoque
1719 2373 1917 2450 plures

242 2469 450 2530 fuere.
491 2470 576 2529 At
633 2465 783 2527 nulli
837 2464 1118 2542 Pbengnn
1178 2463 1472 2543 jungitur,
1525 2480 1634 2522 nec
1687 2461 1825 2522 ullis
1857 2463 1914 2521 in

252 2557 706 2638 Martyrulogiis
736 2573 940 2617 eorum
973 2553 1316 2635 reperimus
1345 2553 1418 2614 ad
1456 2554 1485 2613 'l
1517 2549 1911 2630 Septembris,

251 2665 378 2722 quo
444 2646 746 2727 perempti
805 2643 996 2719 fuere,
1052 2644 1334 2724 inscripta
1386 2642 1646 2703 nomina.
1695 2638 1910 2700 Eorum

257 2735 628 2809 certamina,
675 2733 1051 2814 aliorumque
1101 2741 1216 2794 tam
1251 2738 1700 2811 Ancyranorum
1737 2747 1910 2807 quam

256 2828 710 2903 Romanorum,
769 2827 830 2888 in
889 2826 1050 2888 Actis
1103 2828 1164 2886 S.
1250 2823 1598 2903 Clementis,
1659 2822 1760 2902 qui
1815 2839 1916 2882 eos

268 2914 506 2979 Christo
562 2923 875 2996 genuerat,
908 2914 1315 2986 continentur,
1353 2912 1855 2991 celebranturque
1886 2930 1917 2970 a

269 3005 550 3085 plurimis
582 3008 692 3068 hoc
715 3005 815 3067 die
845 3023 1092 3080 omnes;
1128 3013 1184 3066 et
1217 3004 1499 3086 pleraque
1536 3001 1778 3064 nomina
1812 3007 1918 3064 Ac-

268 3095 346 3157 tis
377 3097 638 3177 praeﬁgit
658 3094 918 3158 Joannes
941 3095 1197 3157 Basilius
1225 3092 1594 3156 Sanctorius.

470 3230 607 3308 §Il.
654 3232 799 3293 Acta
828 3229 893 3292 S.
932 3230 1267 3292 Clementis
1298 3236 1357 3292 et
1386 3229 1711 3290 sociorum.

353 3367 415 3424 7.
445 3365 577 3430 Res
606 3381 640 3424 a
671 3360 978 3423 Clemente
1011 3368 1068 3422 et
1091 3359 1503 3440 Agatbangelo
1535 3359 1818 3440 praeclare
1851 3377 1920 3419 ac

281 3451 514 3514 fortiter
534 3451 928 3530 gestas,solita
953 3449 1229 3512 facundia
1246 3448 1580 3527 composuit
1595 3448 1921 3527 Metaphra-

289 3549 428 3616 stes,
455 3561 522 3604 ex
547 3541 806 3622 antiquis
828 3541 1070 3602 haustas
1096 3538 1526 3601 monumentis.
1553 3535 1701 3600 Eum
1732 3537 1919 3600 Meta-

284 3631 542 3710 phrasta;
564 3626 1696 3703 commentarium,aGentianoHerveto
1721 3627 1922 3687 Latine

279 3738 542 3798 versum,
571 3721 934 3801 Lipomanus
965 3727 1024 3780 et
1044 3717 1258 3781 Surius
1283 3717 1626 3795 vulgarunt;
1658 3725 1838 3796 atque
1863 3716 1922 3778 in

276 3809 586 3890 epitomen
611 3805 1729 3890 redactum,Lippelous,Ribadeneira,
1767 3804 1920 3867 San-

276 3901 528 3975 ctorius,
555 3897 791 3961 Gabriel
809 3899 1099 3972 Flamma,
1130 3895 1920 3976 Machantius,Rosweydus,

275 3988 528 4072 aliique.
554 3988 844 4052 Baronius
867 3987 928 4050 in
960 3986 1131 4050 Notat
1160 3985 1233 4047 ad
1272 3987 1748 4065 Martyrologium
1773 3986 1925 4047 scri-

1999 2022 2058 2074 et
2087 2013 2327 2076 Maximi
2361 2013 2650 2094 Cytheraai
2679 2013 2857 2076 Vitis.

2079 2109 2138 2166 8.
2165 2103 2546 2182 Nicephorus
2570 2102 2851 2166 Callistus
2882 2123 3122 2185 quoque
3145 2106 3260 2168 hoc
3289 2123 3392 2168 eos
3422 2104 3636 2167 illustri

2001 2191 2275 2254 encomio
2303 2193 2630 2254 celebravit
2661 2192 2766 2254 lib.
2803 2211 2856 2255 Vl
2889 2193 3052 2256 Hist.
3089 2195 3318 2257 Eccles.
3351 2213 3484 2275 cap.
3520 2194 3636 2256 14ε

2003 2304 2031 2342 ‹
2066 2280 2189 2344 Hoc
2223 2283 2355 2362 ipso
2385 2300 2543 2344 anno
2576 2282 2858 2345 Clemens
2909 2282 3262 2363 Ancyranus
3295 2285 3636 2364 episcopus,

2001 2390 2139 2432 cum
2194 2371 2604 2450 Agathangelo
2663 2371 3112 2434 nobilissimum
3175 2376 3522 2454 martyrium
3554 2381 3646 2434 est

2001 2479 2274 2522 exorsus.
2317 2460 2550 2538 Viginti
2585 2469 2720 2522 octo
2769 2479 3027 2540 namque
3056 2462 3232 2522 annis
3263 2480 3370 2542 pro
3401 2461 3642 2525 Christo

2000 2550 2554 2630 splendidissimum
2589 2550 2845 2612 absolvit
2878 2568 3148 2614 cursum.
3170 2551 3478 2631 Siquidem
3511 2557 3646 2631 post

2002 2640 2289 2701 mundum
2318 2639 2625 2701 conditum
2657 2640 3003 2720 quicunque
3038 2659 3142 2720 pro
3175 2641 3411 2702 Christo
3445 2649 3643 2702 certa-

2001 2748 2138 2789 men
2173 2729 2330 2804 igue,
2367 2729 2548 2804 ferro,
2587 2729 2906 2810 lapidibus,
2939 2729 3114 2808 lignis
3145 2729 3447 2805 obierunt,
3468 2730 3644 2811 quive

1999 2837 2130 2880 cum
2166 2817 2373 2880 bestiis
2402 2819 2846 2899 depugnarunt,
2876 2819 3253 2882 otdiuturnis
3283 2820 3535 2882 vinculis
3564 2819 3648 2882 af-

2000 2908 2141 2969 ﬂictl
2172 2917 2351 2984 sunt;
2387 2919 2676 2989 praeterea
2709 2907 2808 2989 qui
2840 2908 3097 2970 diversis
3143 2910 3334 2972 modis
3366 2911 3428 2971 in
3459 2917 3642 2985 terra,

2002 2997 2061 3059 in
2095 3017 2260 3078 aere,
2289 2999 2348 3060 in
2391 3000 2584 3080 aquis,
2620 3018 2754 3060 cum
2790 2999 3102 3079 suppliciis
3134 3011 3274 3060 sunt
3300 3000 3644 3075 colluctati;

2009 3097 2130 3150 tum
2163 3097 2361 3150 autem
2395 3089 2494 3167 qui
2527 3089 2614 3150 vel
2646 3089 2886 3168 frigore,
2925 3089 3015 3150 vel
3067 3089 3266 3151 calore
3297 3090 3483 3152 nimio
3513 3099 3650 3152 sunt

2010 3179 2370 3259 consumpti,
2400 3187 2503 3241 aut
2556 3178 2657 3259 qui
2705 3179 2836 3240 aliis
2869 3178 3334 3260 quibuscunque
3358 3182 3556 3262 pomis
3586 3189 3650 3243 et

2003 3270 2316 3330 tormentis
2349 3269 2520 3328 vitam
2554 3269 2888 3330 amiserunt
2924 3287 2938 3330 :
2973 3287 3077 3330 eos
3107 3287 3489 3344 omnes,meo
3518 3272 3650 3351 qui-

2002 3359 2138 3419 dem
2181 3358 2438 3436 judicio,
2473 3366 2714 3419 sanctus
2768 3357 2870 3420 ille
2923 3357 3224 3433 Clemens,
3262 3369 3318 3420 et
3349 3379 3485 3420 cum
3519 3360 3649 3440 ipso

2003 3447 2467 3526 Agathangelus,
2505 3447 2682 3526 longe
2713 3447 3018 3525 superavit
3053 3465 3065 3509 :
3105 3447 3366 3528 primum
3400 3448 3643 3530 quidem

2006 3536 2230 3610 Romae,
2264 3536 2480 3598 deinde
2514 3535 2921 3610 Nicomediae;
2955 3555 3090 3598 cum
3155 3538 3392 3600 feritate
3424 3548 3482 3601 et
3511 3556 3656 3600 cru-

2007 3627 2250 3689 delitate
2275 3626 2407 3688 aliis
2440 3635 2788 3706 priestantes
2820 3634 3098 3700 tortores,
3122 3628 3209 3689 eis
3231 3627 3650 3692 excruciandis

2006 3722 2166 3778 vices
2221 3735 2326 3797 per
2379 3715 2826 3778 successionem
2876 3725 3197 3795 mutantes,
3229 3717 3303 3780 ab
3335 3719 3499 3781 omni
3521 3718 3648 3798 jam

2008 3817 2438 3868 tormentorum
2471 3807 2674 3886 specie
2735 3805 3248 3868 destituerentur:
3301 3807 3374 3870 ad
3409 3817 3650 3889 postre-

2009 3914 2167 3956 mum
2201 3905 2394 3956 autem
2431 3895 2628 3970 gladio
2659 3894 2931 3974 percussi
2981 3895 3157 3957 vitam
3207 3898 3364 3961 hanc
3399 3901 3649 3960 immor-

2012 3986 2107 4047 tali
2141 3985 2241 4047 illa
2266 3993 2731 4046 commutarunt.
2770 4010 2796 4040 »
