4006 6138
433 277 549 342 815

1729 276 1896 345 ΜΕΝ
1899 277 2012 343 SIS
2051 279 2507 346 JANUABIUS.

3667 290 3769 358 816

451 444 3767 475 *Μ

1265 599 1674 728 ΒΙΟΣ
1781 599 2086 729 ΚΑΙ
2190 601 2968 738 ΑΘΛΗΣΙΣ

1913 845 2041 895 ΤΟΥ
2110 845 2307 896 ΑΓΙΟΥ

380 1020 1759 1158 ΙΕΡΟΜΑΡΤΥΡΟΣ
1854 1020 2958 1160 ΚΛΗΜΕΝΤΟΣ
3037 1027 3811 1163 ΑΓΚΥΡΑΣ

1546 1475 1809 1561 VITA
1877 1475 2013 1559 ET
2083 1473 2682 1566 CERTAMEN

539 1709 650 1816 S.
801 1702 1590 1816 CLEMENTIS
1715 1703 2437 1814 ANCYRANI
2581 1707 2754 1818 ET
2893 1711 3663 1825 SOCIORUM.

782 1928 1022 1999 (Graecus
1051 1935 1227 1984 textus
1254 1942 1392 1984 nunc
1420 1928 1641 2000 primum
1670 1925 1834 1999 prodit
1863 1942 1927 1982 ex
1956 1925 2069 1984 cod.
2100 1927 2230 2000 Reg.
2263 1927 2432 1987 Paris.
2464 1945 2521 1988 n.
2547 1929 2707 2000 M56,
2730 1947 2848 1989 sae.
2882 1943 2962 1990 χι.
2985 1932 3141 1991 ινιτ.
3170 1934 3448 2006 Pana.)

1935 2257 2182 2324 CAPUT
2225 2259 2274 2324 Ι.

1254 2425 1317 2488 8.
1357 2420 1692 2484 Clementis
1717 2426 1892 2483 ortus
1918 2429 1971 2482 et
2004 2419 2317 2489 educatio.
2357 2423 2570 2488 Obitus
2596 2434 2944 2506 parentum.

495 2586 542 2649 Ι.
582 2587 718 2648 νοει
749 2584 1226 2646 ducentesimum
1261 2594 1319 2646 et
1350 2583 1917 2664 quinquagesimum
1953 2599 2049 2640 an-

2229 2585 2314 2644 A'.
2362 2587 2508 2642 Μετὰ
2556 2584 2923 2645 διακοσιοστὸν
2976 2591 3064 2646 καὶ
3104 2593 3477 2658 πεντηκοστὸν
3534 2592 3648 2656 ἔτος
3695 2596 3777 2660 τῆς

419 2695 561 2737 num
589 2673 822 2737 Domini
856 2674 1045 2736 nostri
1071 2674 1210 2737 Jesu
1245 2673 1487 2745 Christi,
1514 2691 1670 2734 anno
1703 2669 2056 2732 duodecimo

417 2764 725 2826 Valeriani
758 2764 1160 2840 imperatoris,
1197 2762 1548 2825 consulibus
1577 2761 1708 2841 ipso
1740 2757 2056 2822 Valeriano

419 2864 476 2918 et
511 2855 788 2925 Luciano,
827 2854 930 2915 ille
961 2871 1104 2915 vere
1149 2870 1397 2932 magnus
1430 2863 1489 2913 et
1521 2847 1896 2912 admirabilis
1927 2847 2046 2910 Cle-

415 2963 609 3020 mens,
648 2949 914 3023 Ancyrze,
953 2944 1267 3024 metropoli
1305 2941 1513 3023 prima:
1543 2938 1877 3001 Galatarum
1913 2955 2054 3018 pro-

414 3035 646 3106 vincia),
688 3043 963 3112 tanquam
1000 3032 1274 3110 egregius
1306 3032 1523 3111 aliquis
1574 3027 1823 3110 palmes,
1856 3026 2057 3088 multis

412 3123 555 3184 boni
582 3123 839 3203 Spiritus
863 3122 1050 3183 bolris
1081 3130 1207 3182 erat
1238 3121 1399 3182 omni
1432 3137 1505 3180 ex
1539 3127 1703 3199 patre
1734 3115 2058 3196 plenus.Ea

413 3213 574 3274 enim
630 3233 766 3273 cum
827 3211 1022 3291 ipsum
1077 3211 1334 3284 tulisset,
1384 3217 1444 3271 et
1477 3207 1679 3270 multis
1708 3205 1887 3270 etiam
1921 3206 2056 3267 aliis

411 3303 754 3366 civitatibus
792 3303 1054 3362 misisset
1084 3301 1435 3382 praeclarum
1471 3299 1784 3378 exemplar
1831 3306 2051 3378 marty-

408 3393 506 3469 rii,
543 3395 668 3474 ipsa
721 3412 962 3473 quoque
1024 3391 1264 3470 collegit
1315 3389 1597 3471 pulchros
1647 3388 1873 3450 fructus
1903 3405 2050 3450 con-

409 3484 851 3546 summationis.

490 3575 561 3636 II.
589 3573 728 3635 Erat
752 3583 947 3635 autem
977 3590 1199 3651 genere
1222 3570 1576 3648 insignis,ex
1601 3567 1786 3631 nobili
1810 3566 2049 3650 quidem

409 3671 469 3726 et
497 3665 616 3725 alto
650 3664 940 3723 deductus
992 3663 1304 3740 sanguine.
1346 3659 1486 3721 Erat
1517 3659 1676 3720 enim
1711 3658 1766 3720 ei
1799 3665 1966 3740 pater
1995 3666 2052 3719 et

410 3764 622 3824 mater,
659 3755 784 3813 haec
823 3753 1063 3832 quidem
1095 3771 1164 3813 ex
1189 3750 1483 3812 ambobus
1513 3749 1857 3830 parentibus
1873 3748 2053 3811 claris

410 3852 470 3904 et
498 3843 814 3922 ﬁdelibus;
851 3842 950 3902 ille
982 3852 1178 3904 autem
1215 3841 1274 3901 in
1308 3841 1600 3920 religione
1632 3859 1665 3900 a
1702 3838 1928 3922 Sophia
1959 3840 2047 3921 (1)

2142 2683 2232 2730 τοῦ
2320 2677 2504 2753 Κυρίου
2588 2679 2739 2748 ἡμῶν
2800 2677 2975 2745 Ἰησοῦ
3033 2686 3257 2754 Χριστοῦ
3327 2683 3471 2753 πρὸς
3550 2683 3775 2759 οὐρανοὺς

2141 2763 2490 2840 ἀναλήψεως,
2538 2765 2592 2821 ἓν
2636 2766 2743 2823 ἔτει
2787 2765 3068 2844 δωδεκάτῳ
3111 2775 3213 2838 τῆς
3256 2771 3541 2848 βασιλείας
3586 2771 3771 2830 Οὐαλε-

2142 2861 2342 2931 ριανοῦ,
2387 2855 2472 2911 ἐπὶ
2532 2860 2627 2923 τῆς
2671 2857 2895 2920 ὑπατίας
2955 2859 3112 2916 αὐτοῦ
3181 2880 3236 2916 τε
3299 2860 3658 2939 Οὐαλεριανοῦ
3696 2861 3768 2918 καὶ

2141 2950 2452 3019 Λουκιανοῦ,
2487 2946 2514 3000 ὁ
2559 2944 2726 3024 μέγας
2773 2944 2938 3010 ὅντως
2969 2950 3056 3003 καὶ
3099 2951 3406 3025 θαυμαστὸς
3467 2952 3679 3026 Κλήμης
3715 2949 3762 3005 ἕν

2141 3034 2369 3111 Ἀγιιύρᾳ
2426 3039 2524 3100 τῆς
2587 3032 2837 3092 Γαλατῶν
2906 3037 3198 3120 ἐπαρχίας,
3265 3040 3510 3118 καθάπερ
3579 3039 3755 3116 εὐγενές

2139 3147 2188 3181 τι
2232 3123 2419 3199 βλῆμα
2461 3121 2687 3190 πολλοῖς
2731 3126 2987 3185 πάντοθεν
3048 3129 3219 3204 ἐκόμα
3267 3143 3384 3196 τοϊς
3437 3139 3534 3186 τοῦ
3592 3130 3761 3207 ἀγαθοῦ

2138 3213 2444 3288 Πνεόματος
2495 3211 2761 3292 βότρυσιν.
2797 3216 2939 3284 Αὕτη
2971 3218 3071 3296 γὰρ
3119 3221 3276 3278 αὐτὸν
3335 3219 3648 3299 ἐνεγκοῦσα,
3689 3218 3764 3274 καὶ

2136 3302 2370 3366 πολλαῖς
2415 3301 2604 3360 πόλεσι
2634 3305 2721 3360 καὶ
2752 3304 2939 3372 ἀλλαις
2967 3306 3130 3365 καλὸν
3174 3306 3476 3388 ὑπόδειγμα
3521 3309 3763 3384 πέμψασα

2137 3393 2447 3470 μαρτυρίας,
2493 3391 2687 3457 καλοὺς
2720 3392 2936 3470 ὕστερον
2967 3395 3126 3454 αὐτοῦ
3171 3398 3257 3454 καὶ
3299 3403 3400 3465 τῆς
3448 3396 3761 3458 τελειώσεως

2136 3482 2392 3560 ἐτρύγησε
2423 3483 2542 3546 τοὺς
2577 3481 2803 3560 καρπούς
2817 3531 2830 3546 ,

2217 3563 2294 3632 Β’.
2347 3573 2418 3630 Τὸ
2473 3571 2528 3628 δὲ
2584 3573 2734 3649 γένος
2767 3572 3029 3649 ἐπίσημος
3060 3577 3148 3647 ἦν,
3199 3574 3250 3641 ἐξ
3294 3577 3540 3655 εὐγενοῦς
3583 3575 3761 3632 ἄνωθεν

2134 3660 2502 3737 καταγόμενος
2549 3661 2782 3737 αἵματος
2818 3679 2832 3693 ⁸
2887 3662 3111 3739 πατέρες
3156 3666 3257 3743 γὰρ
3288 3665 3460 3742 αὖτῷ,
3494 3667 3529 3734 ἦ
3559 3665 3654 3742 μὲν
3707 3661 3759 3717 ἐι

2136 3752 2380 3830 πατέρων
2422 3749 2583 3832 ἄμφω
2639 3755 2938 3832 περιφανῶν
2992 3754 3079 3810 mi.
3121 3753 3348 3828 πιστῶν,
3383 3757 3413 3812 ὁ
3470 3754 3525 3812 δὲ
3577 3749 3759 3833 σφόδρα

2133 3842 2251 3921 περὶ
2293 3842 2354 3897 τὸ
2399 3838 2555 3905 σέϐας
2607 3847 2673 3917 τῇ
2720 3847 2886 3918 πιστῇ
2938 3843 3104 3922 Σοφίᾳ
3159 3840 3538 3923 διαφερόμενος
3592 3846 3756 3920 (τοῦτο

405 3924 575 3992 ﬁdeli
603 3931 770 3992 valde
802 3931 1122 4004 dissidens,
1159 3939 1216 3991 et
1245 3931 1454 4010 gentili
1496 3929 1729 3990 deditus
1761 3929 2045 3991 stultitiae.

2137 3932 2232 4011 γάρ
2275 3930 2340 3998 ἧν
2372 3929 2539 4006 ὄνομα
2571 3932 2638 4007 τῇ
2681 3929 2934 4012 συζόγῳ),
2995 3933 3091 3990 καὶ
3133 3938 3202 4009 τῇ
3251 3925 3545 4002 Ἐλληνικῆ
3601 3929 3756 4008 μωρίᾳ

411 4018 557 4081 Nam
594 4040 726 4082 cum
761 4040 887 4082 eam
922 4020 1174 4081 haberet
1203 4025 1334 4082 vitae
1368 4019 1590 4080 sociam
1641 4027 1700 4082 et
1730 4017 2046 4080 habitatio-

409 4111 529 4184 nis,
569 4110 754 4172 multa
811 4128 1052 4189 semper
1101 4110 1304 4171 dicens
1351 4117 1410 4171 et
1439 4108 1686 4182 faciens,
1723 4107 2052 4170 conabatur

410 4220 541 4263 eam
572 4200 771 4263 facere
803 4201 1026 4261 sociam
1062 4199 1395 4278 religionis.
1429 4198 1510 4260 Ea
1539 4206 1734 4260 autem
1767 4215 1901 4259 cum
1927 4199 2050 4259 ani-

417 4293 497 4352 mi
532 4292 935 4370 magnitudine
970 4291 1247 4352 maritum
1282 4296 1617 4370 superaret,
1671 4288 1785 4350 hoc
1836 4288 2048 4368 majori

412 4381 610 4440 studio
646 4379 1069 4453 contendebat,
1105 4379 1239 4441 utsi
1260 4399 1376 4460 qua
1405 4385 1636 4441 ratione
1658 4378 1790 4441 ﬁeri
1823 4385 2044 4456 posset,

2134 4023 2536 4096 προσκείμενος.
2590 4022 2851 4079 Κοινωνὸν
2895 4022 2995 4101 γὰρ
3055 4023 3219 4081 αὒτίν
3263 4024 3378 4100 βίου
3412 4027 3502 4082 καὶ
3531 4023 3752 4079 σύνοικον

2133 4111 2302 4191 ἒχων,
2352 4108 2524 4168 πολλά
2569 4111 2656 4167 καὶ
2697 4109 2868 4188 λέγων
2912 4112 2994 4168 ἀεὶ
3043 4113 3128 4169 καὶ
3172 4120 3362 4186 ποιῶν,
3410 4110 3628 4172 ἔσπευδε
3656 4129 3752 4164 διοι-

2133 4199 2299 4257 νωνὸν
2359 4197 2524 4267 αὐτὴν
2582 4203 2805 4266 ποιῆσαι
2847 4200 2936 4255 καὶ
2979 4197 3073 4266 τῆς
3115 4202 3423 4279 θρησκείας.
3464 4201 3529 4258 Ἠ
3584 4197 3633 4254 δὲ
3661 4194 3747 4273 ἄρα

2131 4289 2220 4346 καὶ
2291 4290 2382 4345 τὸν
2453 4285 2613 4367 ἄνδρα
2683 4288 2866 4365 ψυγῆς
2943 4287 3342 4365 ὑπερϐάλλουσα
3405 4290 3741 4370 γενναιότητι,

2129 4385 2284 4435 τοῦτο
2313 4375 2518 4454 μᾶλλον
2551 4377 2678 4456 εἶχε
2723 4375 2808 4433 διὰ
2851 4375 3080 4446 σπουδῆς
3126 4379 3282 4453 εἴπερ
3306 4380 3432 4437 οἶόν
3465 4401 3520 4438 τε
3548 4378 3629 4435 καὶ
3653 4371 3737 4428 αὖ·

411 4487 545 4528 eum
577 4467 905 4529 deduceret
935 4469 1008 4529 ad
1041 4487 1238 4529 veram
1291 4469 1593 4549 pietatem.
1630 4467 1746 4530 Sed
1780 4467 1879 4529 ille
1912 4467 2048 4547 qui-

2137 4470 2218 4524 τὸν
2273 4465 2636 4547 ἐπαγαγέσθαι
2696 4469 2828 4546 πρὸς
2872 4467 2972 4534 τὴν
3031 4465 3324 4529 εὐσέϐειαν.
3377 4467 3732 4528 Ἀλλ’ὶιιετνος

293 4587 300 4596 ·
411 4559 548 4620 dem
582 4559 885 4620 dormiens
916 4559 977 4620 in
1011 4558 1321 4640 profundis
1353 4558 1575 4620 erroris
1608 4557 1901 4634 tenebris,
1922 4567 2049 4620 erat

408 4667 514 4710 sua
545 4659 758 4729 sponte
792 4649 1002 4718 malus,
1039 4659 1096 4710 et
1125 4649 1440 4710 recusabat
1471 4647 1740 4728 aspicere
1772 4666 2045 4727 magnam

406 4739 604 4800 lucem
637 4740 921 4800 veritatis.
978 4738 1276 4810 Quocirca
1324 4738 1413 4800 sic
1446 4756 1685 4818 quoque
1719 4738 1902 4799 miser
1931 4739 2045 4800 du-

409 4829 548 4907 plici
609 4837 801 4890 morte
862 4829 1136 4901 moritur,
1175 4847 1390 4909 nempe
1447 4827 1646 4889 carnis
1695 4837 1751 4889 et
1810 4832 2041 4890 animae.

407 4916 586 4980 Solus
616 4927 811 4978 autem
845 4918 1016 4978 uxori
1049 4918 1208 4979 ﬁlius
1239 4917 1337 4979 hic
1396 4915 1670 4979 Clemens
1727 4916 2044 4978 admirabi-

405 5008 480 5070 lis
517 5027 590 5070 ex
647 5009 777 5089 ipso
835 5009 1220 5090 relinquitur,
1273 5009 1470 5071 adhuc
1519 5008 1740 5083 infans,
1775 5019 1836 5070 et
1866 5027 2042 5088 quem

409 5106 598 5160 mater
629 5099 750 5162 suis
782 5098 1023 5164 tenebat
1072 5099 1252 5178 ulnis,
1307 5106 1364 5160 et
1409 5099 1542 5180 ejus
1571 5097 1842 5161 alebatur
1899 5097 2045 5160 ube—

404 5206 493 5249 re.

2131 4557 2226 4634 μὲν
2282 4558 2384 4614 ὑπὸ
2441 4557 2596 4633 βαθεῖ
2665 4563 2743 4631 τῷ
2817 4557 2912 4625 τῆς
2985 4557 3198 4626 ἀπάτης
3257 4560 3438 4633 σκότῳ
3481 4549 3719 4620 καθεύδων,

2129 4645 2458 4703 ἑθελοκακῶν
2503 4646 2593 4718 ἦν,
2653 4647 2740 4702 κάὶ
2808 4646 3124 4722 ἀπηνήνατο
3182 4649 3312 4726 πρὸς
3356 4651 3418 4706 τὸ
3476 4646 3598 4726 μέγα
3633 4644 3724 4719 φῶς

2130 4732 2428 4811 ἀναϐλέψαι
2474 4735 2572 4802 τῆς
2605 4733 2878 4802 ἀληθείας.
2929 4737 3022 4794 Διὸ
3055 4740 3140 4793 οιαὶ
3174 4737 3338 4802 οὕτως
3383 4738 3568 4800 ἀθλίως
3619 4728 3728 4796 θνῆ·

2129 4848 2245 4882 σκει
2279 4826 2369 4880 τὸν
2412 4822 2652 4898 διπλοῦν,
2716 4823 2769 4880 οῗ
2830 4823 2962 4900 μοιὲ
3011 4826 3202 4903 σαρκός
3235 4848 3292 4883 τε
3335 4829 3431 4886 καί
3463 4823 3630 4905 ψυχῆς
3658 4815 3731 4872 θά-

2131 4937 2311 4976 νατον,
2348 4914 2521 4970 Μόνον
2564 4911 2619 4969 δὲ
2653 4919 2720 4988 τῇ
2771 4915 2975 4992 γυναικὶ
3032 4927 3189 4990 παῖς,
3224 4917 3252 4973 ὁ
3282 4917 3576 4990 Θαυμαστὸς
3605 4907 3726 4992 οὗτος

2133 5004 2386 5080 Κλήμης,
2445 5003 2497 5067 ἐξ
2548 5002 2709 5059 αὐτού
2776 4990 3182 5084 παταλείπεται,
3240 5018 3375 5069 παῖς
3436 5005 3512 5062 ἔτι
3565 4990 3729 5073 κομιδῇ

2131 5097 2323 5166 νήπιος
2365 5094 2464 5175 ὢν»
2521 5105 2817 5171 μητρυιαῖς
2845 5113 2902 5149 τι
2934 5095 3135 5173 χαίρων
3169 5093 3458 5175 ἀγκάλαις,
3490 5093 3570 5151 καὶ
3606 5086 3730 5164 μαζῷ

2130 5184 2480 5266 τρεφόμενος.

487 5276 740 5341 Ill.Cum
765 5277 853 5340 sic
876 5298 1016 5359 ergo
1038 5286 1194 5342 esset
1213 5288 1402 5340 mater
1425 5278 1633 5340 marito
1657 5278 1850 5355 vidua,
1875 5278 2041 5340 laba-

2213 5265 2270 5330 F'
2285 5323 2298 5339 ,
2336 5266 2400 5333 Ἠ
2430 5280 2563 5366 γοῦν
2588 5273 2770 5351 μήτηρ
2805 5271 3021 5366 ἕρημος.
3059 5271 3226 5336 οὕτως
3258 5271 3442 5350 ἀνδρὸς
3473 5265 3723 5366 γενομξνη,

409 5373 619 5444 retque
638 5369 833 5429 adhuc
855 5355 993 5447 Spes
1017 5372 1148 5448 ejus
1170 5369 1248 5430 de
1287 5386 1495 5448 puero,
1529 5367 1584 5428 ei
1615 5375 1836 5429 tantum
1871 5369 2047 5432 dabat

2137 5369 2215 5425 ul
2269 5367 2363 5432 τὰς
2419 5360 2633 5426 ἐλπίδας
2677 5364 2763 5418 km
2794 5367 2869 5436 τῷ
2899 5359 3043 5418 παιδὶ
3074 5364 3223 5438 μόνῳ
3277 5362 3582 5433 σαλεύουσα,
3608 5355 3725 5448 olim

415 5463 753 5529 operam,et
775 5456 830 5517 ei
851 5465 965 5518 tam
991 5458 1308 5537 diligenter
1329 5455 1694 5534 attendebat,
1717 5467 1782 5522 ut
1803 5457 1858 5521 ei
1885 5467 2043 5526 esset

492 5609 568 5688 (1)
602 5609 990 5692 Euphrosyne
1017 5615 1356 5697 appellatur
1391 5620 1449 5680 in
1480 5618 1780 5702 prioribus
1807 5620 1992 5692 Actis.

2125 5460 2190 5531 δή
2251 5479 2300 5514 τι
2349 5453 2440 5511 καί
2501 5454 2811 5531 προσέκειτο
2871 5449 3202 5535 φιλοπόνως,
3233 5450 3370 5509 ὥστε
3401 5452 3567 5510 πάντα
3603 5445 3722 5505 εἶναι
