4006 6138
181 326 299 396 817

1269 330 1456 393 VITA
1511 329 1570 392 S.
1617 329 2055 394 CLEMENTIS
2117 326 2540 394 ANCYRANI.

3478 320 3597 387 818

178 469 356 542 αὐτῷ,
394 469 498 526 καὶ
557 469 747 541 πατὴρ
775 470 863 528 καὶ
912 465 1256 546 παιδαγωγὸς
1291 466 1378 522 καὶ
1407 466 1615 544 μήτηρ.
1677 468 1859 542 Πρῶτοι

1953 463 2177 540 omnia,
2207 473 2263 525 et
2285 469 2474 543 pater,
2499 469 2556 522 et
2579 459 2959 540 paedagogus,
2984 465 3043 522 et
3067 464 3279 521 mater.
3306 453 3456 519 Nam
3469 457 3598 546 pri-

175 557 280 631 μὲν
328 558 445 636 γὰρ
505 556 793 635 ἐπιμελῶς
854 557 1063 640 ἔτρεφε,
1091 557 1178 614 καὶ
1211 557 1274 612 τὰ
1319 555 1568 633 μητέρων
1598 553 1685 612 ἐπ’
1727 553 1870 627 αότῷ

173 645 382 704 ἒποίειο
456 645 582 716 ἤδη
618 649 670 705 δὲ
726 649 814 705 καὶ
845 648 1059 716 ἡλικίας
1115 646 1417 722 ἁψάμενον,
1455 644 1515 713 ἢν
1575 647 1624 702 οἱ
1681 641 1869 706 παῖδες

171 737 555 812 μαθημάτων
615 737 802 820 ἔχουσι
861 735 1136 809 δεκτικὴν,
1169 737 1261 792 τὸν
1303 735 1455 814 ὖρθὸν
1510 733 1654 807 αὒτῷ
1712 731 1870 810 λόγον

171 830 276 893 τῆς
337 825 632 894 ἀληθείας
681 829 1004 907 εὖφρονοῦσα
1049 825 1315 900 ὑπέτεινε,
1354 823 1642 898 Κλήμεντα
1687 821 1870 885 καλῶς

172 917 557 993 ὀνομάσασα,
619 915 826 993 μᾶλλον
881 914 935 972 δὲ
984 919 1333 995 προφητικῶς
1389 911 1484 969 καί
1537 920 1630 970 τοῦ
1688 909 1871 976 τέλους

172 1002 382 1071 ἀξίωςο
437 1005 576 1084 ᾔδει
610 1007 711 1087 γὰρ
762 1007 920 1065 αὐτὸν
973 1005 1134 1062 οἷονεί
1172 1024 1224 1060 τι
1274 1002 1464 1078 κλῆμα
1495 1001 1723 1081 Χριστοῦ
1768 1005 1867 1069 τῆς

170 1094 458 1164 ἀληθινῆς
531 1095 786 1172 ἀμπέλου
828 1095 1106 1174 ἰσόμενον,
1140 1093 1228 1150 καὶ
1278 1089 1485 1156 πολλὰς
1529 1092 1673 1166 αὗτῷ
1727 1089 1864 1166 μέλ-

169 1182 349 1242 λοντα
419 1189 857 1267 καρποφορῆσαι
901 1183 1112 1264 ψυχάς,
1145 1181 1310 1239 εἶκαὶ
1352 1179 1542 1238 πολλοὶ
1591 1177 1864 1257 βασιλεῖς,

171 1278 434 1353 καθαπερ
503 1275 660 1339 τινες
719 1276 815 1333 οὐκ
863 1273 1050 1352 ἀγαθοὶ
1111 1271 1366 1352 γεωργοὶ,
1418 1267 1652 1333 πολλαῖς
1711 1269 1866 1327 αὐτὸν

171 1365 264 1421 καὶ
343 1361 644 1430 πολλάκις
697 1377 820 1430 ταῖς
892 1363 1173 1443 τιμωρίαις
1231 1359 1568 1440 κατέκειραν,
1613 1360 1687 1425 ὡς
1743 1355 1866 1424 ἰξῆς

174 1455 397 1531 προϊὼν
447 1457 481 1512 ὁ
518 1454 686 1534 λόγος
715 1452 974 1523 δηλώσει.

260 1631 353 1696 A'.
422 1632 532 1692 Ἐν
580 1633 788 1694 τούτοις
845 1631 998 1696 ὄντος
1045 1639 1140 1690 τοῦ
1185 1627 1520 1708 Κλήμεντος,
1554 1629 1643 1685 καὶ
1698 1626 1863 1692 οὕτως

1957 572 2118 616 mum
2151 553 2396 634 quidem
2430 570 2564 613 eum
2591 551 2859 613 studiose
2891 548 3104 622 alebat,
3133 557 3188 610 et
3211 567 3281 609 ea
3313 544 3592 627 faciebat,

1955 662 2087 724 quae
2121 661 2226 723 par
2255 651 2346 703 est
2373 652 2621 704 matrem
2646 640 2793 704 ﬁlio.
2819 639 2966 702 Cum
2997 647 3190 700 autem
3217 641 3343 716 jam
3368 635 3440 698 ad
3461 655 3590 698 eam

1957 732 2324 812 pervenisset
2370 740 2628 805 aetatem,
2683 729 2744 790 in
2795 748 2910 810 qua
2957 738 3094 789 sunt
3142 727 3310 807 pueri
3343 745 3594 808 capaces

1955 821 2442 901 disciplinarum.
2479 821 2534 881 ei
2566 827 2789 881 rectam
2818 817 3055 899 pietatis
3097 817 3393 878 rationem
3427 826 3594 879 recte

1952 913 2190 992 sapiens
2218 910 2532 990 suggessit,
2573 918 2636 972 ut
2661 928 2795 989 quae
2824 927 2958 970 eum
3003 915 3168 968 recte
3219 906 3592 969 Clementem

1952 999 2369 1075 nominaverit,
2418 999 2509 1060 vel
2561 998 2755 1078 potius
2804 997 3176 1078 praphetice,
3235 1004 3292 1054 et
3351 996 3434 1056 uti
3487 995 3593 1057 ﬁni

1950 1089 2361 1152 conveniebat.
2409 1088 2650 1152 Sciebat
2698 1088 2859 1149 enim
2906 1105 3040 1148 eum
3099 1087 3358 1146 futurum
3409 1084 3590 1146 veluti

1950 1179 2268 1260 quemdam
2302 1177 2606 1260 palmitem
2633 1179 2707 1253 (2)
2737 1195 2892 1238 νει-ιθ
2935 1176 3155 1239 Christi
3187 1176 3394 1248 vinem,
3441 1183 3500 1234 et
3531 1174 3588 1235 ei

1949 1268 2378 1350 producturum
2412 1286 2544 1331 esse
2578 1267 2834 1328 fructum
2865 1267 3182 1327 multarum
3218 1267 3582 1339 animarum;

1948 1357 2188 1420 etiamsi
2213 1357 2378 1420 multi
2405 1375 2600 1436 reges,
2627 1357 2810 1418 veluti
2841 1355 3080 1436 quidam
3115 1374 3229 1415 non
3256 1353 3396 1415 boni
3423 1354 3586 1433 agri-

1948 1448 2119 1522 colae,
2152 1465 2292 1510 eum
2325 1464 2488 1528 saepe
2513 1446 2716 1508 multis
2750 1445 3119 1507 totonderint
3149 1444 3485 1525 suppliciis,
3519 1452 3587 1507 ut

1943 1538 2232 1618 deinceps
2261 1535 2597 1619 procedens
2623 1535 2950 1597 declarabit
2979 1533 3190 1596 oratio.

2025 1629 2123 1692 IV.
2157 1627 2304 1690 Cum
2337 1627 2417 1689 ita
2446 1645 2511 1689 se
2542 1626 2790 1688 haberet
2831 1624 3135 1698 Clemens,
3193 1631 3254 1685 et
3302 1643 3336 1685 a
3397 1631 3587 1686 matre

175 1723 285 1779 ὑπὸ
351 1725 544 1803 μητρὶ
605 1721 944 1803 φιλοστόργῳ
984 1719 1308 1802 τρεφομένου
1372 1718 1552 1782 καλῶς
1609 1717 1705 1775 καῖ
1762 1719 1859 1772 ἂν-

1949 1716 2238 1779 benevola
2262 1725 2380 1779 tam
2405 1715 2656 1797 pulchre
2689 1716 2954 1777 aleretur
2983 1723 3161 1796 atque
3196 1713 3583 1796 educaretur,

173 1813 497 1891 αγομένου,
562 1813 874 1892 ἰγγίζουσαν
932 1811 1110 1877 ἐκείνη
1154 1807 1554 1887 προαισθομένη
1612 1809 1712 1875 τὴν
1768 1827 1852 1862 τεο

1949 1807 2350 1889 propinquum
2383 1806 2484 1868 illa
2506 1805 2772 1868 sentiens
2803 1805 3142 1879 decessum,
3184 1821 3436 1883 puerum
3471 1803 3582 1864 be-

177 1900 414 1977 λευτὴν,
485 1904 588 1959 τὸν
632 1899 803 1959 παῖδα
858 1905 1146 1980 προσηιῶς
1196 1897 1286 1956 καί
1338 1899 1571 1972 γνησίως
1635 1894 1859 1976 περιϐα-

1949 1897 2126 1976 nigne
2183 1908 2244 1957 et
2293 1905 2568 1957 amanter
2613 1894 2946 1971 complexa,
2999 1894 3100 1974 qui
3156 1892 3577 1954 duodecimum

179 1991 384 2073 λοῦσα,
454 1991 607 2051 οὕτω
675 1989 974 2048 δωδέκατον
1029 1989 1295 2046 ἀνύσαντα
1351 1985 1492 2062 ἔτος,
1543 1989 1603 2046 οὒ
1655 1983 1858 2063 μᾶλλον

1949 1985 2208 2048 nondum
2242 1985 2684 2066 compleverat,
2736 2003 2857 2045 non
2906 1985 3097 2060 magis
3146 2002 3280 2045 eum
3337 2001 3578 2043 suarum

179 2071 458 2162 διάδοχον
530 2088 626 2140 τοῦ
667 2081 834 2138 ίκείου
876 2078 1132 2153 πλούτου,
1193 2075 1319 2135 ὅσον
1388 2075 1456 2144 δὴ
1523 2075 1859 2156 κληρονόμον

1949 2075 2310 2152 facultatum,
2345 2093 2521 2156 quam
2556 2075 2822 2136 thesauri
2852 2073 2954 2155 qui
2988 2081 3078 2135 est
3105 2073 3164 2133 in
3213 2071 3402 2142 cretis,
3451 2073 3578 2162 hae:

181 2161 381 2229 2'51:va
424 2177 544 2228 τῶν
614 2171 668 2228 ἒν
728 2171 973 2242 οὗρανοῖς
1032 2170 1312 2244 θησαυρῶν
1375 2164 1593 2224 ἔσπευδε
1651 2178 1852 2239 ποιεῖν,

1949 2165 2144 2228 redem
2178 2164 2503 2227 conabatur
2534 2164 2754 2238 facere,
2804 2165 2930 2226 haec
2962 2183 3096 2225 cum
3129 2162 3494 2223 suavissimis
3525 2161 3581 2223 ei

181 2269 416 2320 τοιαῦτα
484 2262 627 2338 μετὰ
676 2258 1020 2338 γλυκυτάτων
1076 2257 1376 2334 ἀσπασμῶν
1420 2257 1562 2330 αὖτῷ
1621 2255 1856 2324 ἐπισκή-

1949 2255 2231 2316 mandans
2260 2251 2681 2336 amplexibus:
2743 2252 2852 2315 Fili
2905 2253 3006 2328 mi,
3061 2251 3142 2312 ﬁli
3197 2252 3573 2324 charissime,

187 2371 431 2409 πτουσαο
503 2351 704 2411 Τέκνον
757 2349 910 2424 ιμὸν,
945 2345 1129 2405 τέκνον
1171 2345 1450 2427 φίλτατον,
1493 2344 1680 2402 τέκνον
1737 2345 1857 2422 πρὶν

1949 2345 2050 2419 ﬁli,
2085 2343 2184 2426 qui
2217 2343 2381 2425 prius
2411 2362 2589 2423 quam
2626 2351 2791 2404 tuum
2823 2342 3056 2402 videres
3090 2349 3344 2421 patrem,
3378 2340 3578 2401 vidisti

184 2443 286 2517 μὲν
343 2441 495 2498 ἰδεῖν
556 2441 650 2498 τὸν
706 2440 801 2496 σὺν
855 2437 1058 2516 πατέρα
1127 2437 1378 2516 ὀρφανίαν
1433 2434 1566 2509 ίδδν,
1628 2434 1758 2490 Θιδν
1803 2431 1857 2488 δὲ

1949 2433 2284 2507 orbitatem,
2312 2432 2418 2495 Dei
2442 2441 2638 2494 autem
2675 2432 2867 2495 Patris
2895 2432 3108 2512 opibus
3151 2448 3214 2490 es
3244 2429 3577 2508 locupleta-

187 2531 408 2610 Πατέρα
461 2528 780 2596 πλουτῆσαν
813 2529 900 2584 καὶ
945 2526 1018 2589 εἰς
1052 2526 1301 2606 εὒτυχίαν
1347 2528 1416 2600 τῇ
1446 2523 1666 2603 ὀρφανίὺ
1704 2543 1851 2602 χρη-

1949 2532 2056 2597 tus,
2091 2531 2150 2585 et
2178 2523 2433 2584 orbitate
2479 2539 2620 2584 usus
2665 2539 2727 2583 es
2756 2522 2828 2582 ad
2874 2520 3266 2610 felicitatem;
3298 2537 3404 2596 ego
3436 2521 3576 2601 qui-

191 2609 461 2694 σάμενον’
529 2617 640 2696 Ξγὼ
707 2617 806 2692 μέν
863 2637 923 2672 σε
979 2615 1294 2694 προήγαγον
1350 2611 1584 2692 σώματι,
1631 2611 1856 2690 Χριστὸς

1949 2612 2074 2674 dem
2125 2623 2185 2674 te
2237 2611 2490 2693 produxi
2549 2629 2825 2691 corpore,
2859 2609 3126 2672 Christus
3172 2617 3369 2670 autem
3406 2627 3579 2688 rege-

194 2707 250 2765 δὶ
307 2708 399 2766 διὰ
445 2708 764 2783 Πνεύματος
815 2703 1171 2782 ἂπεγέινηστ,
1234 2705 1402 2758 Γνῶθι
1452 2703 1544 2757 τὸν
1600 2723 1693 2760 σου
1747 2723 1858 2757 πα-

1949 2702 2169 2764 neravit
2217 2720 2323 2783 per
2379 2699 2691 2780 Spiritum.
2743 2704 3047 2780 Cognosce
3101 2709 3264 2759 tuum
3317 2709 3574 2779 patrem,

194 2799 352 2875 τέρα.
414 2799 500 2874 μὴ
533 2797 708 2873 ψεύσῃ
737 2795 798 2851 τὸ
850 2804 944 2854 τοῦ
975 2795 1088 2850 uici:
1138 2793 1328 2867 ὄνομα·
1383 2795 1594 2870 Χριστῷ
1636 2789 1854 2869 λάτρτυτ

1949 2791 2072 2854 vide
2102 2809 2178 2852 ne
2206 2791 2336 2872 ejus
2367 2791 2472 2852 ﬁlii
2503 2789 2914 2852 denominatio
2946 2788 3021 2848 sit
3061 2788 3167 2849 tibi
3200 2789 3344 2849 falso
3376 2791 3576 2869 impo-

200 2888 380 2964 μύνῳ,
414 2893 628 2968 Χριστῷ
684 2885 955 2948 πεποιθὼς
995 2882 1106 2940 ἔσο⁹
1168 2883 1322 2945 οὗτος
1380 2880 1595 2949 ἀληθῶς
1624 2883 1658 2951 ἡ
1716 2879 1851 2937 ἀθα-

1949 2883 2068 2944 sita.
2105 2883 2270 2946 Servi
2304 2880 2415 2944 soli
2448 2881 2710 2953 Christo,
2736 2880 2798 2940 in
2822 2879 3124 2942 Christum
3160 2886 3317 2940 tuam
3349 2878 3580 2968 colloca

201 2978 381 3053 νασία,
416 2967 572 3038 οὗτος
603 2979 640 3048 ἦ
685 2973 947 3054 σωτηρία,
983 2973 1138 3036 οὗτος
1195 2974 1222 3028 ὁ
1273 2969 1342 3028 δι’
1403 2973 1549 3046 ἡμᾶς
1595 2970 1646 3037 ἐξ
1691 2971 1852 3049 οὖρα-

1949 2971 2241 3034 fiduciam.
2303 2972 2359 3034 Is
2415 2988 2555 3032 vere
2611 2978 2701 3032 est
2750 2969 3187 3044 immortalitas,
3227 2968 3275 3029 is
3309 2967 3492 3044 salus,
3526 2972 3579 3030 is

199 3073 290 3124 νοῦ
354 3066 634 3124 κατελθὼν
692 3065 781 3120 καὶ
851 3062 1234 3138 συνανυψώσας
1291 3061 1464 3136 ἑαυτῷ
1532 3061 1620 3117 καὶ
1682 3061 1850 3136 ἡμᾶς,

1949 3063 2036 3142 qui
2068 3061 2146 3123 de
2173 3061 2323 3123 ccelo
2357 3059 2671 3124 descendit
2721 3068 2967 3140 prapter
3013 3077 3143 3134 nos,
3179 3066 3237 3118 et
3269 3076 3380 3120 nos
3421 3077 3578 3138 quo—

205 3157 293 3211 καὶ
348 3157 496 3218 υἱοὺς
529 3156 688 3212 αὑτοῦ
727 3153 816 3208 καὶ
865 3151 1014 3216 θεοὺς
1047 3149 1430 3230 ἐργασάμενος.
1474 3148 1545 3206 ’Ὀ
1576 3169 1636 3228 γε
1683 3149 1852 3206 τοίνυν

1949 3170 2054 3233 que
2083 3169 2205 3213 una
2257 3169 2463 3214 secum
2517 3151 2579 3214 in
2629 3150 2812 3211 altum
2864 3147 3124 3224 extullit,
3165 3157 3221 3208 et
3253 3149 3406 3210 ﬁlios
3437 3165 3578 3210 suos

206 3244 309 3300 ὑπὸ
379 3247 556 3318 τούτῳ
617 3241 867 3317 Δεσπότης,
911 3240 1260 3315 ταττόμενος,
1309 3238 1525 3294 πάντων
1581 3237 1854 3317 περιέσται

1949 3242 2160 3315 eﬁ'ecit,
2195 3248 2256 3303 et
2285 3241 2453 3302 deos.
2487 3239 2598 3312 Qui
2628 3257 2765 3317 ergo
2797 3237 2940 3299 huic
2971 3246 3138 3316 paret
3166 3235 3443 3312 Domino,
3469 3256 3577 3298 su-

211 3333 314 3389 τῶν
373 3333 664 3414 χαλεπῶν,
697 3333 758 3389 οὔ
813 3332 935 3396 τοὺς
980 3328 1182 3386 εἴδωλα
1237 3329 1399 3404 μόνον
1430 3333 1701 3399 τιμῶντας
1759 3350 1858 3385 τυ-

1949 3329 2172 3412 perabit
2212 3346 2588 3409 quaecunque
2640 3336 2780 3388 sunt
2827 3326 3116 3399 difﬁcilia,
3179 3344 3297 3386 non
3355 3325 3572 3414 solum,

216 3413 429 3497 ρᾶννους
490 3425 580 3480 καὶ
629 3419 878 3499 βασιλεῖς
923 3417 1301 3491 καταϐάλλων,
1349 3415 1486 3473 ἀλλὰ
1527 3419 1615 3474 καὶ
1668 3417 1856 3481 αὖτοὺς

1949 3420 2041 3497 qui
2068 3419 2391 3481 simulacra
2421 3417 2738 3490 honorant,
2773 3425 3052 3498 tyrannos
3082 3425 3144 3476 et
3174 3432 3349 3492 reges
3381 3413 3580 3494 depri-

221 3509 338 3573 τοὺς
411 3509 498 3567 ὑπ’
567 3515 743 3571 αὐτῶν
820 3507 1151 3584 τιμωμένους
1221 3505 1474 3582 δαὶμονας
1547 3506 1854 3586 καταισχύ-

1949 3527 2111 3572 mens
2159 3516 2218 3571 et
2262 3507 2580 3588 dejiciens,
2638 3507 2744 3569 sed
2798 3524 2903 3568 eos
2956 3504 3136 3566 etiam
3183 3503 3284 3583 qui
3326 3502 3398 3564 ab
3433 3503 3578 3583 ipsis

220 3618 345 3671 HW,
379 3601 463 3657 καὶ
519 3601 606 3657 τὸν
668 3599 916 3679 ἀρχηγὸν
964 3596 1138 3654 αὐτῶν
1185 3597 1274 3654 καὶ
1305 3595 1608 3676 προστάτην
1663 3593 1851 3652 διάϐο-

1949 3602 2328 3670 honorantur,
2349 3596 2652 3658 daemones
2675 3595 2908 3676 pudore
2931 3593 3219 3668 afﬁciens,
3241 3609 3576 3673 eorumque

214 3685 325 3748 λον.
1935 3689 2152 3751 ducem
2189 3695 2247 3750 et
2281 3683 2600 3767 praesidem
2632 3683 2966 3746 diabolum.

292 3777 377 3841 E'.
416 3783 551 3837 Εἶτα
581 3777 778 3854 μεταξὺ
809 3785 911 3834 τῶν
956 3777 1132 3854 λόγων
1162 3774 1576 3842 ὕποπλησθεϊοα
1617 3773 1852 3854 δακρύων

2012 3775 2332 3840 V.Deinde
2349 3777 2507 3837 inter
2524 3775 2892 3856 loquendum
2918 3773 3123 3836 oculos
3142 3773 3367 3834 suffusa
3391 3772 3584 3853 lacry-

213 3863 330 3930 τοὺς
388 3866 698 3946 ὀφθαλμοὺς
732 3867 818 3922 κᾶὶ
875 3865 1094 3942 θεωρίας
1126 3864 1267 3926 θείας
1328 3865 1427 3918 ὕπὸ
1476 3861 1570 3930 τῆς
1627 3863 1850 3942 χάριτος

1949 3865 2074 3941 ruis,
2109 3873 2168 3928 et
2187 3865 2387 3927 divina
2410 3863 2914 3944 contemplatione
2937 3862 3185 3942 impleta
3207 3881 3237 3922 a
3269 3861 3480 3940 gratia,
3507 3880 3579 3924 ea

209 3953 583 4034 πληρωθεῖσα,
623 3957 708 4012 καὶ
737 3957 800 4012 τὰ
845 3953 1116 4030 μέλλοντα
1170 3949 1432 4027 συμϐἧνοι
1465 3959 1538 4027 τῷ
1586 3951 1856 4025 Κλήμεντι

1949 3956 2124 4019 etiam
2157 3973 2288 4036 quae
2320 3961 2488 4016 erant
2518 3963 2802 4015 eventura
2827 3951 3147 4027 Clementi,
3175 3952 3576 4033 persequitur,

211 4047 670 4126 τροφτ,τικώτατα
739 4043 958 4122 διεξῄει,
1033 4043 1146 4116 καὶ,
1225 4041 1424 4114 Δέομαί
1490 4063 1610 4114 σου,
1680 4039 1856 4118 ἔλεγε,

1949 4045 2033 4107 vel
2060 4044 2318 4106 maxime
2351 4042 2743 4124 prophetico;
2779 4052 2857 4116 et,
2895 4043 3063 4118 Rogo
3089 4055 3171 4116 te,
3207 4040 3465 4121 dicebat,
3495 4040 3581 4104 ﬁli

210 4135 430 4212 φίλτατε
489 4149 619 4206 παῖ,
677 4135 855 4210 δέομοί
910 4157 1002 4190 σου
1060 4133 1184 4208 μίαν
1241 4131 1354 4188 ἀντὶ
1411 4131 1624 4186 πάντων
1684 4127 1859 4187 δοῦναί

1949 4133 2320 4206 cbarissime,
2344 4151 2488 4212 rogo
2507 4140 2587 4207 te,
2613 4139 2676 4192 ut
2700 4131 2843 4193 mihi
2877 4131 2983 4192 des
3005 4149 3178 4191 unam
3202 4130 3452 4209 gratiam
3469 4149 3577 4210 pro

213 4245 302 4296 μοι
361 4226 550 4304 χάριν*
609 4225 724 4280 ἐπεὶ
753 4225 854 4301 γὰρ
913 4223 1098 4298 καιρὸς
1157 4219 1418 4301 ἐφέστηκε
1476 4219 1743 4299 χαλεπὸς,
1771 4222 1859 4276 καὶ

1949 4221 2243 4286 omnibus.
2271 4221 2561 4295 Quoniam
2587 4222 2745 4283 enim
2769 4221 2948 4282 instat
2969 4229 3204 4299 tempus
3222 4220 3490 4296 difﬁcile,
3519 4229 3580 4284 et

210 4309 378 4371 δεινὸν
438 4317 466 4371 ὃ
495 4319 590 4380 τῆς
641 4311 884 4378 ἀσεϐείας
930 4324 1058 4368 πνεῖ
1105 4309 1364 4388 διωγμὸς,
1401 4308 1614 4383 μέλλεις
1660 4310 1714 4364 δὲ
1771 4311 1858 4366 καὶ

1949 4313 2326 4374 vehementer
2346 4311 2531 4392 spirat
2553 4309 2878 4391 impietatis
2905 4309 3265 4390 persecutio;
3290 4327 3354 4370 es
3375 4318 3576 4373 autem

214 4403 394 4482 αὒτὸς,
428 4405 603 4465 καθὼς
659 4406 686 4460 ὀ
716 4404 975 4479 ἡμέτερος
1032 4399 1310 4466 Δεσπότης
1342 4420 1524 4479 φησιν,
1571 4397 1663 4455 ἐπὶ
1693 4400 1856 4476 βασι-

1949 4403 2072 4482 ipse
2101 4419 2363 4482 quoque,
2414 4409 2476 4461 ut
2517 4409 2720 4461 noster
2761 4399 2907 4461 dicit
2951 4398 3265 4470 Dominus,
3300 4399 3373 4460 ad
3406 4418 3581 4480 reges

216 4451 394 4484 """)
431 4451 602 4465 """"‘
662 4451 684 4460 '
721 4451 975 4479 'I"""r"
1032 4451 1308 4466 —"""'"
1348 4451 1524 4479 r-‘s'r
1574 4451 1659 4455 ’τυ
1693 4451 1815 4476 r""

211 4488 326 4559 λετς
391 4492 458 4548 δι’
516 4494 677 4548 αὐτὸν
734 4493 823 4547 καὶ
882 4491 1154 4568 ἡγεμόνας
1213 4488 1474 4568 ἀχθῆναι,
1533 4487 1752 4562 ταύτην,
1809 4491 1854 4544 ὦ

1949 4451 1954 4463 .
2004 4451 2072 4464 ..ν
2147 4451 2216 4462 _-
2269 4451 2363 4474 η,
2416 4451 2475 4461 ...
2517 4451 2707 4461 --η-ν.
2762 4451 2907 4461 μη.-
2951 4451 3265 4470 --...-.-_-,
3300 4451 3373 4460 η
3407 4451 3467 4461 --
3517 4451 3581 4463 ν..

1949 4451 2182 4572 μιτορίίπ
2209 4451 2406 4569 ipsum
2443 4490 2849 4570 praasidesque
2878 4489 3214 4568 ducendus,
3248 4487 3405 4550 hunc
3432 4451 3583 4552 ηδὴί

211 4579 417 4655 τέκνον,
455 4581 574 4656 ἐμοὶ
624 4579 712 4645 δὸς
747 4581 844 4648 τὴν
888 4583 1080 4656 τιμὴν,
1113 4577 1252 4634 ὥστε
1283 4578 1540 4654 γενναίως
1586 4577 1715 4653 ὑπὲρ
1761 4581 1853 4636 αὒ-

212 4677 299 4727 τηῦ
355 4675 572 4745 στῆναι,
606 4672 692 4726 καὶ
723 4670 940 4750 ἀσφαλῆ
984 4668 1068 4725 διὰ
1097 4667 1284 4731 τέλους
1329 4665 1561 4743 τηρῆσαί
1604 4689 1696 4742 μοι
1755 4668 1852 4735 τὴν

214 4760 525 4839 ὁμολογίαν·
591 4764 675 4816 καὶ
705 4758 932 4816 πέποιθα
990 4757 1075 4814 ἐπὶ
1120 4759 1196 4830 τῷ
1248 4755 1363 4831 ἐμῷ
1407 4761 1641 4834 Χριστῷ,
1689 4757 1852 4832 μέλος

214 4846 338 4923 ἐμὸν
394 4849 646 4922 πέποιθα,
682 4847 764 4905 ὅτι
793 4847 891 4905 καὶ
922 4854 991 4924 τῇ
1024 4853 1092 4924 σῇ
1147 4850 1356 4924 κεγαλῇ
1387 4844 1605 4925 ταχέως
1637 4848 1664 4903 ὁ
1714 4870 1854 4925 μαρ-

214 4940 417 5017 τυρικὸς
463 4937 749 5008 ἔπανθήσει
804 4937 1090 5018 στέφανος.
1133 4936 1416 5008 Ἐτοίμαζε
1474 4935 1561 4991 οὖν
1606 4939 1851 5011 σεαυτὸν,

214 5029 294 5084 καὶ
342 5029 472 5106 πρὸς
515 5025 753 5103 ἀνδρείαν
786 5026 979 5106 ἐρέθιζε
1010 5028 1108 5093 τὴν
1165 5025 1373 5103 ψυχὴν,
1407 5023 1555 5089 ὅπως
1599 5025 1676 5099 μὴ
1705 5027 1852 5084 ἀπα-

215 5117 466 5192 ράσκευος
510 5119 640 5194 πρὸς
694 5119 814 5178 τοὺς
867 5115 1080 5193 ἀγῶνας
1147 5113 1385 5193 ληφθῇς.
1433 5113 1505 5170 Οὔ
1564 5114 1664 5193 γὰρ
1721 5118 1853 5192 πρὸς

215 5206 330 5271 τοός
387 5207 674 5286 τυχόντας,
722 5204 839 5262 οὐδὲ
896 5204 1024 5282 ὅπερ
1079 5210 1185 5260 τῶν
1241 5203 1522 5281 τυχόντων
1581 5205 1614 5272 ἡ
1676 5206 1848 5282 πάλη,

216 5293 348 5352 ἀλλᾶ
380 5299 511 5374 πρὸς
561 5297 661 5370 μὲν
705 5295 1103 5371 ἀνταγωνιστὰς
1163 5293 1254 5348 τὸν
1286 5293 1521 5370 πονηρὸν
1552 5293 1708 5351 αὒτὸν
1766 5299 1855 5355 καὶ

217 5385 329 5447 τοὺς
387 5385 726 5447 ὑπασπιστὰς
759 5381 958 5439 ἐκείνου
1008 5384 1091 5438 κει³
1142 5377 1435 5457 ὑπηρέτας·
1472 5380 1603 5461 ὑπὲρ
1644 5385 1855 5443 αἰωνίου

291 5602 368 5676 (2)
409 5600 634 5675 Κλῆμα,
671 5595 975 5677 palmitem
1009 5594 1326 5676 signiﬁcat,
1357 5602 1422 5659 ut
1445 5603 1587 5661 ante
1617 5602 1928 5690 scriptum.

1937 4581 2224 4642 honorem
2258 4578 2663 4654 concede,ﬁ|i,
2683 4586 2745 4640 ut
2763 4597 2868 4660 pro
2891 4579 3022 4658 ipso
3045 4593 3167 4640 Stes
3185 4577 3349 4641 fortis
3366 4588 3583 4643 etstre-

1937 4688 2111 4742 nuus,
2137 4677 2194 4730 et
2219 4668 2366 4729 mihi
2409 4669 2638 4731 ﬁrmam
2665 4687 2734 4730 ac
2767 4668 3050 4731 stabilem
3079 4687 3407 4733 conserves
3431 4690 3579 4733 con-

1938 4757 2294 4820 fessionem:
2322 4757 2627 4819 etconﬁdo
2656 4758 2716 4818 in
2741 4757 2977 4820 Christo
3004 4776 3210 4834 meo,o
3239 4759 3578 4821 membrum

1941 4866 2160 4922 meum,
2183 4847 2444 4922 conﬁdo,
2468 4847 2626 4928 quod
2652 4847 2770 4909 cito
2800 4849 2857 4909 in
2883 4860 2981 4910 tuo
3004 4867 3239 4930 quoque
3260 4849 3455 4929 capite
3477 4850 3582 4912 ﬂo-

1937 4936 2096 4998 rebit
2135 4955 2360 4998 corona
2407 4937 2694 5018 martyrii.
2742 4939 2890 4999 Para
2925 4956 3064 5016 ergo
3101 4939 3383 5018 teipsum,
3415 4947 3475 5002 et
3503 4939 3577 5001 ad

1941 5024 2140 5105 magni
2172 5025 2356 5086 animi
2385 5033 2666 5088 virtutem
2701 5035 2859 5088 tuam
2896 5027 3080 5089 incita
3109 5034 3393 5105 animam,
3428 5036 3580 5090 nete

1940 5117 2297 5198 imparatum
2328 5117 3001 5181 oﬁ‘endantcertamina.
3027 5121 3161 5182 Non
3186 5119 3349 5180 enim
3369 5119 3582 5182 adver-

1937 5228 2039 5271 sus
2069 5211 2273 5272 hostes
2305 5212 2804 5288 contemnendos,
2830 5231 3028 5294 neque
3050 5211 3126 5274 de
3143 5211 3324 5274 rebus
3346 5212 3582 5276 levibus

1939 5311 2030 5362 est
2061 5298 2556 5365 decertatio.Sed
2590 5309 2736 5365 sunt
2782 5301 3110 5365 adversarii
3159 5301 3402 5384 quidem
3451 5305 3580 5384 ipse

1939 5386 2257 5467 malignus,
2292 5389 2578 5472 illiusque
2609 5390 2869 5456 ministri
2903 5400 2963 5458 et
2989 5392 3275 5456 satellites
3317 5409 3332 5456 :
3385 5394 3583 5474 agitur
