4006 6138
407 339 528 413 819

1699 349 1983 414 MENSIS
2028 320 2479 415 nummus.

3651 343 3757 410 820

415 480 619 542 autem
643 475 719 541 de
745 478 863 543 vita
884 487 1110 545 aeterna
1133 490 1192 543 et
1212 481 1464 556 honore,
1489 488 1592 542 aut
1613 499 1819 543 rursus
1849 481 1925 542 de
1957 481 2028 544 de
2047 517 2061 528 -

2159 481 2199 538 te
2230 487 2376 554 ζωῆς
2403 484 2491 541 καὶ
2533 487 2723 558 τιμῆς,
2757 481 2792 550 ἢ
2823 481 3084 560 αἰσχύνης
3149 477 3310 536 πάλιν
3343 478 3433 535 καὶ
3490 475 3762 548 ἀτελευτή-

410 566 659 650 decore,
675 569 833 650 quod
849 589 1152 652 nunquam
1168 571 1524 634 terminatur
1537 581 1595 632 et
1608 569 1928 652 supplicio.
1945 571 2062 635 Aut

414 676 558 739 ergo
592 666 649 721 te
679 658 835 722 bona
865 660 1287 736 adhortentur,
1319 670 1416 722 aut
1445 661 1646 738 gravia
1688 661 2058 723 deterreant.

411 747 614 830 Turpe
645 757 758 824 est,
791 769 826 811 o
858 751 964 825 ﬁli,
1001 751 1219 814 milites
1251 751 1493 831 quidem
1543 770 1650 832 pro
1681 769 1971 815 conservo
2005 762 2063 812 et

415 839 658 900 mortali
681 858 824 918 rege
853 841 1135 904 lubenter
1159 849 1414 903 mortem
1446 849 1759 921 oppetere,
1791 860 1900 902 nos
1923 859 2059 902 vero

415 945 536 990 non
555 928 668 990 hoc
689 930 844 992 velle
865 931 1146 992 similiter
1169 929 1374 993 subire
1398 950 1502 1010 pro
1526 933 1692 1008 Rege
1715 929 2058 992 immortali.

420 1017 796 1098 Quamquam
830 1018 944 1101 ipsi
985 1021 1228 1101 quidem
1278 1019 1352 1082 ab
1413 1040 1482 1082 eo
1541 1020 1680 1081 nihil
1737 1019 2060 1098 accipiunt,

415 1105 574 1187 quod
588 1109 952 1189 respondeat
974 1111 1203 1172 meritis
1227 1118 1403 1171 tantm
1423 1109 1874 1172 benevolentiae.
1896 1109 2062 1181 Quod

415 1195 578 1258 enim
611 1195 834 1260 donum
872 1200 1019 1262 tanti
1052 1208 1143 1262 est
1177 1200 1490 1269 momenti,
1526 1198 1733 1276 quanti
1765 1197 1934 1258 vita?
1966 1208 2068 1259 aut

412 1285 688 1366 quisnam
719 1297 854 1367 post
887 1297 1140 1351 mortem
1175 1299 1262 1349 est
1281 1307 1494 1351 sensus
1519 1307 1756 1359 eorum,
1793 1306 1925 1368 quae
1956 1287 2030 1347 do

416 1375 687 1439 nantur?
718 1376 833 1440 Sed
868 1379 916 1440 si
951 1390 1219 1440 mortuus
1264 1379 1451 1439 fueris
1485 1397 1589 1460 pro
1621 1376 1861 1438 Christo
1895 1395 2060 1438 com-

415 1467 586 1527 muni
616 1468 882 1528 omnium
909 1469 1186 1542 Domino,
1223 1487 1330 1548 pro
1361 1469 1478 1528 vita
1515 1485 1645 1548 qua:
1677 1475 1765 1528 est
1795 1466 1867 1528 ad
1905 1476 2056 1526 tem-

418 1571 553 1636 pus,
601 1554 846 1618 habebis
886 1557 1286 1619 immortalem
1323 1579 1338 1633 ;
1383 1575 1487 1636 pro
1521 1556 1756 1618 deliciis
1789 1565 1845 1617 et
1876 1554 2061 1635 gloria

419 1651 478 1706 et
505 1663 639 1724 quae
667 1663 909 1726 semper
931 1647 1122 1708 ﬂuunt
1151 1648 1398 1722 divitiis,
1424 1653 1647 1707 aaterna
1670 1647 1884 1706 frueris
1914 1643 2059 1705 bea—

419 1733 703 1796 titudine.
738 1736 890 1808 Quid
923 1737 1110 1800 vero?
1162 1738 1275 1800 etsi
1327 1755 1482 1797 nunc
1537 1754 1657 1797 non
1712 1734 2060 1806 moriamur,

419 1842 540 1885 non
573 1824 749 1903 paulo
795 1834 925 1905 post
979 1827 1222 1886 omnino
1275 1829 1623 1894 moriemur,
1682 1832 1738 1885 et
1787 1823 2299 1900 omnibusnpav;

425 1931 744 1975 commune
792 1915 1119 1976 reddemus
1167 1914 1489 1976 debitum?
1547 1913 1614 1974 Et
1662 1913 1884 1992 alioqui
1935 1933 2067 1992 qua)

427 2012 675 2084 propter
705 2005 1003 2066 Christum
1041 2024 1200 2066 mors
1234 2005 1582 2086 suscipitur,
1619 2022 1692 2064 ne
1737 2021 1898 2064 mors
1931 2003 2064 2082 qui-

427 2091 562 2152 dem
614 2096 754 2170 jure
813 2094 1273 2156 existimahitur.
1307 2097 1558 2175 Semper
1605 2094 1767 2154 enim
1821 2093 2070 2154 meliore

428 2199 536 2262 spe
565 2183 926 2258 futurorum,
963 2187 1090 2265 ejus
1113 2204 1326 2246 sensus
1360 2184 1671 2247 adimitur.

505 2273 606 2335 Vl.
640 2274 795 2336 Ante
826 2277 1024 2338 omnia
1046 2283 1268 2349 autem,
1297 2293 1329 2335 ο
1354 2275 1460 2342 ﬁli,
1500 2275 1596 2335 illa
1628 2285 1763 2336 sunt
1796 2273 2069 2336 conside-

427 2361 639 2437 randa,
699 2364 1204 2443 quemadmodum
1262 2365 1390 2445 ipse
1454 2363 1714 2426 Effector
1778 2364 2072 2426 universas

429 2458 647 2514 creata
688 2462 934 2527 naturae,
979 2467 1034 2517 et
1065 2455 1251 2516 nostri
1277 2454 1518 2532 generis
1559 2453 1780 2534 opifex,
1825 2463 2072 2534 propter

430 2558 544 2602 nos
573 2541 750 2603 homo
784 2544 970 2605 factus
1001 2553 1090 2606 est
1123 2565 1136 2605 :
1174 2557 1234 2607 et
1265 2563 1397 2606 cum
1433 2543 1491 2604 in
1530 2553 1748 2606 terram
1783 2545 2066 2617 venisset,

430 2641 818 2693 conversatus
846 2641 936 2694 est
967 2653 1101 2695 cum
1137 2633 1506 2696 hominibus.
1543 2631 1659 2695 Cur
1681 2651 1800 2694 non
1831 2634 2068 2710 dicoid,

430 2721 588 2802 quod
628 2730 719 2783 est
755 2726 1099 2796 maximum,
1133 2723 1288 2803 quod
1323 2741 1428 2802 pro
1474 2721 1646 2784 nobis
1689 2741 1925 2803 quoque
1974 2724 2070 2784 in-

434 2810 615 2890 gratis
642 2811 876 2872 famulis
910 2813 1199 2874 Dominus
1244 2821 1435 2873 morte
1487 2821 1575 2874 est
1616 2813 2069 2888 condemnatus,

432 2909 788 2978 consputus,
821 2901 1091 2980 colaphis
1137 2902 1400 2982 pulsatus
1451 2910 1507 2962 et
1551 2909 1853 2981 postremo
1908 2922 2072 2964 mor-

434 2995 615 3050 tuus?
644 2989 717 3050 Et
747 2989 871 3050 haec.
915 2991 1114 3051 omnia
1155 2991 1282 3071 ipse
1324 3009 1529 3071 passus
1570 3000 1657 3051 est
1691 3000 1935 3072 propter
1968 3011 2075 3054 nos

437 3084 496 3139 et
513 3086 774 3140 nostram
793 3079 1073 3157 salutem,
1093 3092 1160 3143 ut
1185 3088 1404 3161 peccati
1428 3081 1763 3142 solveretur
1783 3084 2070 3161 tyrannis,

438 3173 508 3228 ut
554 3166 718 3246 prior
769 3169 1080 3232 tolleretur
1129 3169 1582 3245 condemnatio,
1628 3177 1689 3232 ut
1727 3170 1859 3232 coeli
1894 3179 2131 3252 portae...

434 3253 612 3317 nobis
661 3275 869 3319 rursus
935 3261 1336 3336 aperirentur.
1389 3261 1698 3333 Quomodo
1752 3247 1909 3338 ergo
1956 3247 2134 3320 non"

439 3345 664 3408 erimus
693 3347 865 3410 venia
897 3349 1152 3430 indigni,
1188 3371 1221 3411 o
1255 3350 1358 3424 tili,
1411 3350 1461 3411 si
1507 3351 1636 3430 ipse
1685 3349 1930 3430 quidem
1967 3367 2073 3429 pro

436 3432 632 3513 nobis,
665 3439 766 3517 qui
796 3440 1146 3518 gravissima
1183 3438 1679 3520 perpetravimus,
1727 3439 1893 3518 isque
1938 3457 2072 3500 cum

439 3523 518 3586 sit
545 3524 854 3601 Dominus,
882 3528 1020 3592 talia
1044 3547 1254 3609 passus
1283 3529 1360 3592 sit
1386 3548 1401 3606 ;
1438 3547 1544 3590 nos
1567 3536 1764 3590 autem
1791 3547 1866 3590 ne
1890 3547 2075 3608 pauca

435 3614 677 3696 quidem
703 3627 945 3697 prOpter
977 3619 1142 3681 illum
1177 3619 1617 3680 susstineamus
1639 3625 1666 3680 ?
1696 3617 1860 3690 Haec,
1896 3637 1929 3678 o
1965 3618 2072 3691 ﬁli,

434 3703 774 3780 considera,
809 3716 866 3769 et
896 3709 1047 3770 nihil
1079 3717 1136 3770 te
1167 3717 1404 3789 separet
1433 3726 1466 3768 a
1501 3709 1796 3770 charitate
1828 3707 2072 3778 Christi,

434 3807 557 3852 non
583 3793 762 3854 mina}
793 3798 1138 3875 praesidum,
1180 3816 1296 3858 non
1328 3805 1626 3858 tormenta
1657 3815 1725 3856 ac
1758 3797 2071 3875 supplicia,

433 3897 554 3942 non
571 3889 764 3943 metus
789 3902 1019 3962 regum,
1038 3887 1136 3966 qui
1160 3887 1391 3948 suntad
1417 3895 1670 3965 tempus,
1705 3903 1962 3963 quorum
1987 3885 2075 3947 ira

438 3967 556 4031 cito
570 3968 941 4035 deciditcum
963 3975 1318 4054 supercilio,
1336 3985 1393 4036 et
1411 3974 1567 4053 ignis
1589 3975 2078 4050 exatinguitur,et

435 4059 601 4122 ensis
620 4059 898 4140 rubigine
921 4063 1263 4126 obducitur:
1291 4064 1397 4126 sed
1416 4064 1677 4144 potiuste
1696 4064 2080 4125 consolentur

435 4147 616 4232 bona,
649 4170 783 4230 qua:
812 4163 952 4214 sunt
983 4162 1184 4233 parata
1216 4153 1598 4235 martyribus,
1640 4163 1698 4215 et
1729 4153 1943 4215 malum
1979 4154 2074 4233 ip-

435 4257 594 4314 sum,
628 4241 786 4320 quod
815 4243 1029 4303 esttibi
1056 4243 1424 4324 propositum
1453 4243 1762 4323 prmmium
1789 4243 2074 4324 martyrii.

516 4327 642 4391 VII.
675 4328 814 4392 Haec
844 4332 1111 4413 quotidie
1141 4342 1334 4395 mater
1357 4333 1411 4393 ei
1443 4331 1820 4412 suggerebat,
1856 4341 1920 4392 ut
1948 4351 2081 4413 quas

437 4418 591 4496 ejus,
625 4419 726 4498 qui
748 4438 888 4482 vere
920 4430 1009 4482 est
1035 4423 1349 4504 sapientia,
1384 4423 1668 4503 Spiritum
1704 4423 1952 4484 haberet
1975 4440 2082 4502 per

433 4508 888 4588 seloquentem,
915 4533 1048 4574 cum
1076 4516 1355 4595 puerjam
1382 4522 1540 4576 esset
1561 4531 1742 4576 canus
1763 4513 2081 4594 prudentia

2143 580 2234 630 τοῦ
2292 571 2566 637 κολάσεως
2615 572 2642 628 ὁ
2671 569 2842 649 ἀγών,
2889 569 2974 627 ’Ἣ
3016 569 3191 626 τοίνυν
3230 570 3298 624 τά
3341 569 3600 647 χρήματα
3646 590 3764 646 προ-

2147 662 2404 741 τρεπὲτω,
2441 662 2474 730 l‘,
2530 661 2762 718 πτοείτω
2819 682 2877 716 σε
2919 661 2987 717 τά
3043 657 3213 717 δεινά.
3275 658 3534 736 Αίσχρὸν,
3566 657 3609 714 ὦ
3659 671 3764 736 παι,

2146 753 2474 822 στρατιώτας
2547 751 2645 825 μὲν
2699 750 2829 827 ὑπὲρ
2875 748 3169 825 ὁμοδούλου
3237 749 3331 804 καὶ
3387 751 3582 813 θνητοῦ
3633 748 3768 823 βασι-

2147 842 2283 907 λέως
2341 840 2619 906 ἐθέλοντας
2652 839 3032 918 ἀποθνήσκειν,
3067 841 3213 914 ἡμᾶς
3272 836 3332 894 δὲ
3363 836 3442 912 μή
3474 839 3566 893 τοῦ
3615 858 3767 913 παρα·

2149 929 2392 996 πλησίως
2450 928 2644 994 εθὲξειν
2704 930 2835 1008 ὑπὲρ
2905 929 3165 988 ἀθανάτου
3233 925 3517 987 Βασιλέως
3578 927 3769 1001 59in:-

2150 1024 2292 1082 σθαι,
2359 1021 2540 1076 Καίτοι
2584 1019 2729 1075 αὖτοὶ
2773 1020 2871 1092 μὲν
2902 1016 3048 1074 οὐδὲν
3104 1016 3229 1094 παρ’
3280 1016 3488 1072 ἐκείνου
3544 1016 3770 1079 τοιαύτης

2151 1111 2353 1172 almo-71¢
2399 1106 2882 1178 ἀντιλαμϐάνουσιν
2935 1106 3102 1171 ἄξιον·
3157 1106 3234 1166 τίς
3289 1106 3396 1183 γὰρ
3446 1108 3588 1175 ζωῆς
3630 1101 3775 1180 ἀντιβ-

2147 1200 2309 1276 ῥοπος
2341 1197 2541 1276 δωρεάς
2579 1214 2594 1271 ;
2645 1198 2681 1266 ἢ
2735 1199 2860 1254 ποία
2905 1202 3011 1252 τῶν
3052 1193 3352 1270 διδομένων
3398 1195 3536 1268 μετά
3581 1193 3776 1254 θάνατον

2151 1290 2447 1363 αἴσθησιςς
2497 1287 2598 1344 ’Ἀν
2629 1285 2682 1342 δὲ
2727 1287 2858 1360 ὑπὲρ
2900 1289 2993 1343 τοῦ
3035 1292 3217 1341 κοινοῦ
3263 1284 3547 1341 Δεσπότου
3593 1284 3778 1338 πάντων

2147 1378 2418 1453 ἀποθάνῃς
2469 1385 2722 1455 Χριστοῦ,
2775 1377 2885 1432 εἷιντί
2945 1376 3269 1454 προσκαίρου
3328 1375 3500 1446 ζωῆς,
3552 1372 3778 1428 ἀθάνατον

2148 1467 2301 1532 ἔξεις⁸
2353 1469 2476 1523 ἀντὶ
2515 1473 2740 1546 τρυφῇς,
2791 1468 2877 1522 καὶ
2925 1464 3105 1538 δόξης,
3137 1467 3226 1520 καὶ
3279 1467 3522 1521 πλούτου
3567 1461 3774 1539 ῥέοντος,

2147 1558 2360 1614 αίωνίου
2417 1560 2843 1635 κατατρυφῆσεις
2878 1555 3297 1632 μακαριότητος,
3354 1554 3412 1610 Τί
3457 1551 3562 1625 δὲ;
3620 1553 3660 1608 εἰ
3709 1546 3780 1607 καί

2147 1649 2224 1721 μὴ
2285 1655 2372 1703 νῦν
2429 1646 2806 1721 ἀποθάνωμεν,
2855 1649 2915 1704 οὗ
2972 1643 3092 1718 μετ’
3152 1644 3336 1720 ὀλίγον
3389 1645 3602 1706 παντως
3658 1642 3778 1696 ἀπο-

2147 1737 2470 1811 θανούμεθα,
2522 1736 2618 1792 καί
2680 1737 2777 1803 τὴν
2837 1735 3022 1801 κοινὴν
3085 1740 3240 1796 πᾶσις
3299 1730 3498 1812 seem,
3552 1732 3780 1786 ἀποτίσο-

2359 1825 2574 1888 ’Ἃλλως
2632 1847 2689 1880 τε
2755 1823 2831 1899 δὲ,
2883 1826 2972 1880 καὶ
3029 1825 3063 1891 ἡ
3134 1822 3218 1879 διὰ
3279 1823 3510 1900 Χριστὸν
3557 1819 3779 1891 τελευτὴ,

2330 1915 2554 1977 θάνατος
2605 1915 2666 1971 ἂν
2735 1913 2953 1976 εἰκότως
3003 1912 3293 1987 νομίζοιτο.
3342 1917 3412 1986 τῇ
3472 1911 3785 1989 χρηστοτέρᾳ

2153 2009 2251 2084 γὰρ
2298 2007 2376 2061 ἀεὶ
2421 2012 2525 2061 τῶν
2559 2003 2869 2079 μέλλόντων
2916 2001 3107 2082 ἐλπίδι,
3141 2003 3522 2078 κλεπτομένην
3553 1999 3666 2079 ἔχει
3701 2002 3784 2065 τὴν

2154 2098 2427 2162 αἴσθησιν.

2233 2277 2335 2351 ς’,
2404 2279 2509 2354 Πρὸ
2539 2274 2592 2332 δὲ
2651 2279 2888 2347 πάντων,
2925 2275 2969 2330 ὦ
3012 2272 3220 2344 τέκνον,
3256 2272 3447 2328 ἐκεῖνα
3502 2271 3782 2348 λογίσαοθνι

2153 2370 2288 2446 χρὴ,
2325 2367 2472 2429 ὅπως
2523 2367 2677 2431 αὒτὸς
2711 2366 2738 2422 ὁ
2793 2365 2970 2431 πάσης
3005 2365 3100 2432 τῆς
3133 2363 3362 2424 κτίσεως
3426 2360 3658 2427 Ποιητὴς
3710 2359 3782 2413 καὶ

2155 2467 2244 2515 τοῦ
2304 2457 2563 2532 ἡμετέρου
2620 2457 2802 2532 γένους
2861 2453 3209 2532 δημιουργὸς,
3267 2450 3548 2527 ἅνθρωπος
3601 2449 3783 2526 ἐγένετ’»

2154 2546 2219 2602 δι’
2279 2549 2448 2622 ἡμᾶς,
2483 2545 2581 2602 καί
2632 2546 2716 2601 ἐπὶ
2747 2545 2846 2622 γῆς
2905 2543 3069 2600 ἐλθὼν
3114 2556 3230 2605 τοϊς
3278 2541 3578 2619 ἀνθρώποις
3620 2561 3781 2594 συναν-

2155 2635 2456 2714 εστρέφετο.
2494 2638 2552 2694 Τί
2595 2636 2672 2710 μὴ
2703 2634 2845 2711 λέγω
2875 2634 2934 2690 τὸ
2985 2640 3199 2708 μεῖζον,
3233 2631 3314 2687 ὅτι
3360 2630 3452 2686 καί
3480 2630 3608 2708 ὑπὲρ
3649 2630 3780 2702 ἡμῶν

2154 2733 2260 2782 τῶν
2318 2725 2648 2804 ἀγνωμόνων
2705 2725 2922 2780 οἰκετῶν
2956 2726 2982 2779 ὁ
3044 2723 3330 2788 Δεσπότης
3390 2720 3612 2778 θάνατον
3664 2739 3774 2773 κετ-

2159 2818 2416 2894 εκρίνετο,
2467 2816 2563 2872 καί
2621 2815 2905 2871 ἐνεπτύετο
2965 2815 3054 2870 καὶ
3109 2812 3440 2891 ἒῤῥαπίζετο,
3496 2811 3582 2866 καὶ
3621 2808 3771 2884 τέλος,

2159 2909 2378 2972 ἕθνησκε
2415 2928 2432 2981 ;
2491 2908 2579 2962 καὶ
2612 2913 2772 2962 ταῦτα
2812 2905 3008 2984 πάντα,
3041 2901 3110 2959 δι’
3139 2906 3286 2978 ἡμᾶς
3347 2903 3438 2958 καὶ
3466 2900 3564 2966 τὴν
3616 2921 3770 2962 σωτη-

2157 2998 2270 3072 ρίαν
2315 2997 2414 3062 τὴν
2483 2995 2746 3073 ἡμετέραν
2805 2996 2960 3057 αὐτὸς
3028 2993 3263 3072 ἔπασχε,
3313 2990 3464 3054 ὅπως
3531 2989 3642 3062 λυθῇ
3682 2991 3763 3050 τῆς

2159 3086 2419 3163 ἁμαρτίας
2489 3087 2523 3152 ἡ
2600 3085 2861 3162 ὲυραννὶς,
2934 3082 3078 3147 ὅπως
3137 3085 3171 3150 ἡ
3245 3083 3480 3161 προτέρα
3549 3073 3764 3138 καταδίκη

2157 3175 2428 3252 ἀναιρεθῇ,
2489 3173 2634 3238 ὅπως
2693 3174 2985 3252 ἀνοιγῶσιν
3044 3175 3180 3248 ἡμῖν
3235 3173 3325 3230 καὶ
3385 3169 3546 3227 πάλιν
3587 3167 3774 3244 οὖρανου

2159 3265 2342 3326 πύλαι.
2399 3265 2517 3327 Πῶς
2574 3264 2660 3320 οὖν
2723 3265 2817 3321 οὑκ
2867 3263 3259 3340 ἀσύγγνωστοι,
3292 3262 3339 3318 ὦ
3389 3262 3594 3331 τέκνον,
3643 3256 3772 3349 uiti)»:

2159 3356 2257 3431 μὲν
2316 3354 2446 3431 ὑπὲρ
2495 3355 2650 3427 ἡμῶν
2691 3357 2795 3408 τῶν
2839 3353 2903 3407 τὰ
2937 3353 3204 3421 ἀνήκεστα
3246 3351 3678 3425 τετολμηκότων,
3705 3355 3776 3397 και

2155 3454 2321 3503 ταῦτα
2359 3443 2638 3509 Δεσπότην
2689 3441 2838 3521 ὄντα,
2873 3441 3088 3499 τοιαῦτα
3137 3444 3356 3513 παθεῖν,
3391 3443 3534 3515 ἡμᾶς
3563 3436 3613 3492 δὲ
3660 3429 3772 3506 μηδὲ

2157 3533 2311 3610 ὀλίγα
2340 3532 2409 3588 δι’
2439 3531 2647 3588 ἐκεῖνον
2677 3534 2994 3608 ὅπενεγκεῒν
3029 3551 3046 3602 ;
3093 3537 3280 3605 ταῦτα,
3313 3532 3360 3586 ὦ
3408 3541 3533 3606 παῖ,
3566 3525 3772 3601 λογίζου,

2158 3625 2244 3678 καὶ
2305 3619 2469 3688 μηδὲν
2507 3644 2564 3677 σε
2617 3627 2716 3688 τῆς
2748 3622 2967 3698 ἀγάπης
3023 3621 3238 3699 χωρίσῃ
3268 3625 3368 3686 τῆς
3401 3628 3492 3677 τοῦ
3550 3619 3768 3691 Χριστοῦ,

2160 3715 2236 3786 μὴ
2296 3711 2516 3768 ἀπεελαὶ
2574 3713 2881 3788 ἡγεμόνιον,
2922 3712 3000 3784 μὴ
3057 3711 3320 3784 αἶκισμοὶ,
3369 3709 3449 3784 μὴ
3490 3703 3634 3785 φόϐοι
3685 3705 3772 3755 τῶν

2159 3803 2495 3880 προσκαίρων
2545 3804 2748 3857 τούτων
2780 3797 3068 3875 βασιλέων,
3115 3802 3189 3854 ὧν
3244 3800 3271 3855 ὀ
3328 3801 3493 3872 θυμὸς
3527 3794 3652 3870 μετά
3692 3788 3769 3854 τῆϐ

2160 3893 2348 3972 ὸςρρύος
2382 3891 2656 3969 ταχύτατα
2685 3891 2890 3968 πίπτει,
2923 3889 3011 3945 καὶ
3042 3890 3102 3945 τὸ
3151 3888 3250 3960 πῦρ
3283 3887 3574 3964 σϐέννυται,
3605 3882 3684 3938 καὶ
3722 3879 3770 3932 τὸ

2159 3981 2300 4060 Ξίφος
2351 3982 2542 4037 ίοῦται·
2577 3977 2716 4034 ἄλλα
2769 4000 2828 4034 σε
2860 3981 2924 4034 τά
2980 3977 3353 4052 ἡτοιμασμένα
3407 3990 3522 4039 τοῖς
3577 3972 3769 4047 μάρτυσι

2161 4057 2366 4146 μᾶλλον
2417 4067 2788 4148 παρακαλείτω
2830 4067 2992 4147 καλὰ,
3025 4069 3114 4125 καὶ
3162 4069 3382 4147 οὐρανὸς
3439 4067 3604 4134 αὐτὸς,
3634 4057 3767 4115 ἆθλόν

2162 4184 2244 4218 σοι
2275 4162 2361 4216 καὶ
2407 4162 2556 4220 οὗτος
2591 4159 2688 4226 τῆς
2723 4159 3008 4236 μαρτυρίας
3040 4179 3416 4236 προκειμενος,

2242 4338 2324 4396 Ζ’.
2375 4337 2551 4395 Ταῦτα
2580 4333 2664 4391 διὰ
2711 4338 2887 4402 πάσης
2925 4337 3077 4392 αὒτὸν
3121 4337 3156 4403 ἡ
3188 4337 3375 4414 μήτηρ
3406 4332 3643 4407 ὑπτίλειφε
3680 4327 3761 4382 τῆς

2159 4429 2384 4504 ἡμέρας,
2422 4428 2480 4482 τὸ
2511 4426 2606 4492 τῆς
2639 4425 2806 4490 ὅντως
2866 4425 3051 4504 σοφίας
3087 4431 3299 4500 Πνεῦμα
3348 4423 3417 4482 δι’
3447 4425 3592 4485 αὑτῆς
3619 4417 3754 4504 φθειρ-

2164 4519 2389 4593 γόμενον
2449 4513 2672 4593 ἔχουσα,
2707 4512 2810 4579 ἥδη
2842 4513 2939 4569 καί
2989 4519 3078 4568 τοῦ
3108 4512 3295 4578 παιδὸς
3341 4513 3524 4572 πολιού
3552 4509 3628 4564 καὶ
3668 4499 3748 4574 πρὸ

437 4571 616 4659 etiam
650 4607 787 4661 ante
821 4571 1171 4678 aalalemfet
1215 4571 1606 4685 profundiore
1638 4571 1786 4683 opus
1831 4603 2069 4665 habere!

2177 4571 2186 4594 Ι
2233 4571 2253 4590 Γ
2476 4571 2514 4593 Α
2658 4571 2672 4588 ⁷
2730 4571 2740 4579 '
2799 4571 2810 4579 ’
3281 4571 3293 4578 ’
3397 4571 3404 4572 7
3645 4589 3664 4606 ἢ
3699 4571 3706 4574 ⁷

2163 4613 2259 4673 τῆς
2310 4603 2519 4672 ἡλικίας
2567 4603 2718 4666 ὄντος
2774 4603 2874 4669 τὴν
2920 4604 3155 4678 σύνεσιν,
3204 4604 3292 4659 καί
3337 4600 3598 4680 βαθυτέρας
3642 4608 3740 4685 0W"

433 4685 865 4754 admonitione.
901 4694 965 4754 In
997 4694 1116 4754 (ine
1147 4704 1344 4755 autem
1379 4695 1504 4754 haec
1536 4711 1774 4774 quoque
1819 4691 2025 4772 adjicit
2063 4715 2076 4755 :

433 4774 573 4838 Haec
602 4776 751 4839 mihi
785 4787 900 4842 tua:
933 4783 1108 4844 matri
1141 4784 1355 4859 redde,
1393 4803 1427 4844 o
1461 4782 1564 4854 ﬁli,
1602 4800 1704 4863 pro
1752 4782 1834 4843 tui
1886 4782 2076 4842 nutri-

437 4865 630 4927 tione:
652 4867 870 4931 haicsit
896 4871 1039 4934 mihi
1071 4891 1320 4948 merces,
1337 4889 1604 4934 meorum
1631 4872 1688 4932 in
1715 4881 1769 4932 te
1793 4870 2079 4952 pariendo

439 4953 732 5033 dolorum,
751 4959 788 5020 'o
813 4959 893 5020 ﬁli
911 4962 1376 5042 jucundissime,
1394 4973 1456 5023 ut
1480 4981 1587 5040 ego
1607 4979 1842 5041 quoque
1867 4971 2077 5042 mater,

437 5063 508 5107 ex
532 5047 702 5109 Pauli
727 5051 1027 5112 sententia
1053 5052 1097 5128 ¹,
1128 5054 1286 5114 salva
1309 5053 1441 5114 (iam
1465 5069 1571 5132 per
1593 5049 1920 5111 liberorum
1948 5068 2080 5128 pro-

439 5135 828 5218 creationem,
879 5149 938 5201 et
993 5142 1051 5202 in
1096 5141 1388 5203 membris
1432 5140 1537 5202 ﬁlii
1579 5138 1898 5218 gloriﬁcer.
1926 5137 2080 5200 Ecce

437 5224 624 5302 enim,
661 5245 727 5290 se
759 5248 792 5288 ο
824 5229 930 5305 fili,
967 5250 1074 5310 ego
1106 5231 1345 5312 quidem
1374 5231 1498 5310 jam
1533 5229 1752 5291 recedo
1785 5229 2079 5308 (senserat

436 5313 595 5375 enim
612 5333 678 5378 se
693 5317 1074 5396 morientem,
1107 5321 1320 5384 virtute
1335 5321 1558 5399 gratiae)
1587 5327 1643 5379 et
1667 5319 1793 5378 haec
1817 5317 1913 5378 lux
1937 5336 2080 5379 sen-

435 5399 626 5464 sibilis
660 5406 801 5468 mihi
839 5428 1014 5471 mane
1048 5429 1162 5472 non
1196 5412 1527 5474 illucescet.
1562 5406 1653 5469 Tn
1689 5425 1828 5468 vero
1860 5425 1988 5468 mea
2020 5407 2078 5467 in

434 5485 668 5556 Christo
692 5494 792 5558 lux
815 5507 875 5559 et
909 5498 1040 5572 vita,
1071 5511 1153 5575 et,
1179 5509 1233 5562 te
1255 5518 1424 5578 rogo,
1461 5515 1592 5560 mea
1625 5496 1880 5570 viscera,
1915 5514 1990 5557 ne
2013 5516 2081 5562 ea

558 5665 714 5734 Tim.
748 5671 926 5748 ",15.

2161 4697 2321 4772 μένου
2361 4699 2457 4760 τῆς
2513 4693 2895 4771 πκραινέσεως.
2935 4692 3056 4750 Ἐπί
3111 4692 3250 4749 τέλει
3284 4691 3338 4749 δὲ
3381 4688 3641 4772 προσετίθει
3675 4673 3748 4732 καί

2160 4796 2347 4844 ταῦτα’
2382 4790 2599 4840 τοιαῦτά
2651 4805 2742 4858 μοι
2772 4789 2840 4859 τῇ
2889 4788 2957 4859 σῇ
2987 4783 3149 4861 μητρί
3207 4783 3273 4838 τὰ
3304 4794 3540 4862 τροφεῖα,
3581 4771 3744 4832 τέκνον,

2164 4874 2382 4938 ἀπόδος·
2441 4872 2592 4934 οὗτός
2652 4895 2745 4946 μοι
2805 4879 2909 4927 τῶν
2969 4872 3055 4928 ἐπί
3099 4872 3182 4929 σόί
3239 4870 3458 4943 ὠδίνων,
3508 4862 3745 4946 γλυκύῖπτε

2165 4979 2287 5033 παι,
2321 4964 2554 5042 γενέσθω
2584 4964 2792 5040 μισθὸς,
2823 4961 2916 5016 ’ἕνα
2961 4961 3049 5018 καί
3090 4963 3123 5030 ἡ
3156 4960 3363 5040 μήτηρ,
3409 4959 3529 5016 κατὰ
3559 4945 3743 5047 Π²ὖλῗξ”

2164 5058 2318 5111 σωθῶ
2375 5051 2459 5108 διὰ
2500 5057 2600 5118 τῆς
2642 5051 3001 5128 τεκνογονίας,
3058 5049 3148 5107 καί
3196 5049 3249 5105 ὶν
3312 5051 3429 5113 τοῖς
3485 5051 3565 5100 τοῦ
3604 5049 3750 5134 παιοος

2161 5143 2396 5209 δοξασθῶ
2457 5140 2694 5217 μέλεσιν.
2771 5139 2904 5197 Ἰδοὺ
2965 5141 3088 5219 γὰρ,
3154 5141 3200 5197 ὦ
3268 5139 3480 5210 τέκνον,
3533 5129 3626 5207 ἐγὼ
3671 5139 3748 5195 μεν

3577 5217 3597 5235 ἢ

2167 5234 2353 5306 ἄπειμι
2399 5229 2502 5298 ἤδη
2539 5230 2753 5308 (ᾔσθετο
2811 5231 2914 5308 γὴρ
2962 5229 3158 5297 ἐαλτής
3217 5229 3532 5296 θνησκούσης
3572 5227 3750 5322 δυναμει

2169 5324 2437 5404 χάριτος),
2472 5323 2560 5378 καί
2617 5323 2677 5376 τὸ
2725 5322 2973 5386 αἰσθητὸν
3019 5327 3172 5376 τοῦτο
3225 5325 3336 5400 φῶς
3393 5320 3478 5376 οὑκ
3517 5314 3748 5408 ἐπιφαύσει

2167 5435 2256 5488 μοι
2307 5413 2367 5468 τὸ
2398 5413 2564 5490 πρωί.
2603 5411 2676 5466 Σὺ
2706 5407 2759 5465 δέ
2791 5432 2881 5485 μοι
2913 5415 3026 5491 φῶς
3072 5409 3127 5464 ἐν
3161 5410 3373 5486 Χριστῷ
3411 5405 3492 5464 καί
3536 5407 3652 5491 ζωη,
3677 5405 3748 5490 καί

2165 5482 2452 5558 τοσούτων.
2489 5500 2631 5577 ἐμῶν
2676 5482 2860 5575 δέομαι
2913 5482 3268 5580 σπλάγχνων,
3306 5482 3382 5575 μὴ
3428 5494 3524 5551 τῶν
3560 5482 3635 5542 ἐπί
3681 5482 3744 5533 σοί
