4006 6138
191 297 313 365 821
1316 309 1503 374 VITA
1555 309 1621 372 S.
1674 307 2120 372 CLEMENTIS
2164 307 2591 374 ANCYRANI.
3521 305 3638 374 822

195 442 535 526 ψευσθείην
591 444 843 505 ἐλπίδων.
903 446 1010 502 Μιᾶ
1083 445 1216 526 γυνὴ
1276 443 1496 525 Ἐϐραία
1571 446 1701 504 ποτὲ
1771 445 1910 511 υἱοὺς

2008 460 2104 524 ipe
2135 442 2330 518 fallar,
2367 460 2544 524 quam
2592 439 2670 502 de
2703 447 2760 500 te
2793 438 3067 520 concepi.
3099 435 3230 501 Una
3275 440 3491 503 mulier
3520 441 3644 504 He-

193 521 346 612 ἐπτᾷ
385 527 744 606 προσήγαγε
802 521 1107 607 μᾶρτυρσς,
1128 528 1214 584 καὶ
1270 526 1325 584 ἒν
1355 521 1490 585 ἔπτὰ
1526 541 1644 591 τοῖς
1700 527 1915 583 ἐκείνων

2008 521 2158 594 brma
2206 521 2530 612 aliquando
2579 537 2810 611 septem
2860 528 3141 610 produxit
3190 537 3477 611 martyres
3505 531 3554 606 9,
3591 538 3650 594 et

190 612 228 680 ἡ
283 610 444 682 αὖτή
483 615 754 692 σώμασιν
787 615 1114 695 ἠγωνίσατο·
1175 617 1237 674 σὺ
1265 616 1318 675 δέ
1358 640 1447 694 μοι
1480 620 1565 674 καί
1622 616 1784 693 μόνος
1814 618 1911 674 αὖ·

2008 621 2130 703 ipsa
2159 621 2219 683 in
2253 610 2492 684 illorum
2527 610 2758 700 septem
2793 618 3118 681 decertavit
3145 610 3524 700 corporibus.
3563 623 3651 682 Tu

189 702 294 765 τὸς
360 702 653 780 ἀρκέσεις
711 707 843 786 πρὸς
910 704 1086 781 δόξαν,
1119 708 1204 764 καὶ
1263 709 1498 786 μακαρία
1549 705 1602 763 ἓν
1656 705 1918 784 μητράσιν

2008 702 2200 773 autem
2232 711 2322 773 vel
2353 709 2516 772 solus
2548 708 2694 770 mihi
2726 708 2990 770 sufﬁcias
3013 708 3085 768 ad
3102 707 3378 787 gloriam,
3406 708 3653 772 etbeata

193 789 346 872 ἐγὼ,
387 790 619 872 ὅτιπερ
679 791 762 851 διὰ
808 800 900 851 σοῦ
960 793 1195 862 ἐπίδοξος
1253 795 1465 871 ἔσομαι,
1531 793 1660 852 ’ἰδοὺ
1709 815 1919 874 προπο-

2008 818 2114 878 ego
2145 800 2305 862 inter
2341 807 2582 869 n‘atres,
2621 797 2779 878 quod
2814 815 2921 878 per
2957 805 3012 858 te
3043 815 3146 858 ero
3181 796 3456 874 insignis.
3498 797 3654 862 Ecce

193 881 496 958 ρεύσομαί
570 906 692 954 σευ,
741 885 786 940 ὦ
841 897 961 959 πατ,
1011 887 1098 942 καὶ
1158 886 1294 944 κατὰ
1349 891 1506 961 σῶμα
1551 883 1766 958 λοιπὸν,
1814 881 1916 951 ἤδη

2008 889 2150 950 vado
2181 896 2319 950 ante
2365 897 2445 961 te,
2483 907 2516 948 o
2551 887 2656 962 ﬁli,
2693 896 2750 949 et
2782 887 3070 966 deinceps
3118 885 3364 966 quidem
3400 906 3654 968 corpore

196 992 302 1028 σου
366 971 497 1030 τῶν
539 977 812 1031 ποθεινῶν
858 976 1119 1049 ὀμμάτων
1168 977 1469 1058 χωρίζομαι
1523 976 1784 1052 σήμερον,
1819 973 1918 1040 τὴν

2008 996 2251 1059 separor
2285 977 2462 1039 hodie
2494 995 2526 1038 a
2558 978 2676 1037 tuis
2719 975 3093 1037 suavissimis
3126 975 3358 1049 oculis;
3390 977 3652 1039 animam

195 1060 254 1117 δὲ
306 1059 489 1137 ἒμσὶμ
529 1066 728 1144 ψυχὴν
789 1063 1002 1122 ἐπειδὰν
1046 1067 1352 1137 τελευτήσω
1395 1070 1493 1132 τῆς
1540 1069 1640 1132 σῆς
1685 1064 1766 1120 ἀεὶ
1809 1068 1915 1139 ψυ-

2008 1077 2200 1130 autem
2250 1085 2468 1141 meam,
2522 1079 2835 1148 postquam
2889 1066 3232 1135 decessero,
3270 1065 3565 1141 existima,
3617 1086 3651 1128 o

195 1155 352 1231 χῆς,
426 1154 483 1207 ὦ
574 1154 784 1231 τέκνον,
847 1153 1204 1233 ἐκκρέμασθαι
1286 1155 1490 1232 νόμιζε.
1561 1154 1677 1231 μεθ’
1729 1152 1795 1222 ἧς
1863 1156 1917 1208 ἓν

2008 1157 2108 1234 ﬁli,
2143 1176 2176 1218 a
2228 1165 2324 1219 tua
2361 1175 2602 1237 semper
2636 1155 2924 1236 pendere,
2959 1175 3091 1218 cum
3125 1173 3241 1236 qua
3276 1155 3652 1218 conﬁdenter

196 1239 512 1320 παῤῥησίᾳ
577 1245 939 1320 προσκυνήσω
981 1251 1058 1320 τῷ
1100 1245 1305 1322 βήματι
1353 1251 1443 1300 τοῦ
1505 1249 1753 1324 Χριστοῦ,
1798 1255 1914 1306 τοῖς

2008 1246 2217 1310 Christi
2249 1245 2508 1308 adorabo
2543 1244 2826 1317 tribunal,
2865 1245 2977 1306 tuis
3023 1245 3286 1324 glorians
3317 1244 3646 1321 laboribus,

198 1342 333 1395 σοτς
407 1333 632 1394 πόνοις
697 1333 1119 1414 ἐγκαυχωμὲνη,
1194 1347 1311 1397 τοϊς
1372 1345 1492 1398 σοῖς
1563 1333 1694 1410 ὓπερ
1760 1333 1919 1389 αὐτοῦ

2008 1335 2078 1398 de
2100 1337 2214 1398 tuis
2242 1344 2483 1418 propter
2502 1335 2697 1415 ipsum
2721 1335 2876 1396 notis
2905 1353 2974 1396 ac
2993 1333 3370 1413 stigmatibus
3402 1354 3498 1397 me
3531 1354 3652 1398 ma-

202 1421 541 1497 στίγμασιν
595 1425 961 1500 ὡραῖζομέτη,
1025 1426 1108 1481 καὶ
1159 1424 1413 1488 κοινωνός
1462 1446 1544 1480 σοι
1591 1427 1698 1480 τῶν
1747 1421 1919 1478 πολυ-

2008 1425 2219 1504 gniﬁce
2266 1423 2784 1504 circumspiciens,
2819 1431 2877 1485 et
2908 1425 3360 1503 magniﬁcorum
3409 1425 3647 1488 illorum

201 1507 402 1567 τελῶν
505 1510 733 1570 ἐκείνων
804 1511 974 1570 ἄθλων
1047 1515 1302 1594 γινομένη
1373 1516 1459 1570 καὶ
1525 1535 1623 1580 της
1695 1510 1918 1592 φαιδρό-

2008 1513 2388 1596 praemiorum
2427 1521 2485 1575 et
2515 1512 2734 1575 laetitiae
2764 1513 2959 1576 futura
2986 1512 3308 1594 particeps.

204 1622 420 1668 τητος.

298 1691 413 1750 H'.
493 1698 683 1750 Ταῦτα
744 1693 874 1768 πρδν
933 1694 1021 1749 τὸν
1078 1691 1250 1751 παῖδα
1311 1696 1344 1763 ἡ
1378 1694 1562 1771 μήτηρ
1622 1691 1797 1772 ἔλεγε,
1831 1693 1917 1758 καὶ

2054 1690 2344 1756 VIIIHeec
2373 1699 2564 1753 mater
2577 1690 2813 1754 dicebat
2835 1691 3049 1768 ﬁli0,et
3070 1690 3250 1753 simul
3267 1691 3469 1753 omnia
3490 1689 3655 1754 illius

209 1782 364 1854 ὁμοῦ
447 1782 645 1838 πάντα
705 1781 904 1840 ἐκείνου
963 1783 1234 1862 κατεφίλει
1292 1784 1358 1841 τὰ
1417 1782 1583 1859 μέληο
1675 1783 1917 1860 Μακαρία

2008 1781 2272 1844 membra
2313 1781 2743 1844 deosculantur
2775 1801 2787 1843 :
2821 1780 2985 1844 Felix
3021 1800 3149 1860 ego,
3183 1799 3391 1842 rursus
3417 1781 3651 1855 dicens,

211 1868 401 1926 πάλιν
471 1869 621 1948 ἐγὼ,
668 1869 918 1952 λέγουσα,
953 1871 1033 1928 ὅτι
1089 1872 1353 1952 μάρτυρος
1405 1871 1546 1948 μέλη
1579 1872 1740 1953 φιλῶ,
1777 1869 1916 1947 μέλη

2008 1870 2158 1953 quod
2205 1870 2476 1932 membra
2509 1871 2787 1950 martyris
2817 1869 3158 1942 deosculor,
3188 1869 3460 1932 membro
3503 1872 3657 1932 offe-

220 1963 472 2037 Χριστῷ
526 1963 709 2018 θυσίαν
771 1962 1284 2041 προσαχθησόμενα,
1358 1962 1538 2026 Οὕτως
1601 1965 1690 2018 οὖν
1763 1962 1918 2018 αὐτὸν

219 2050 764 2131 περιπτυσσομένη,
816 2051 909 2108 καί
981 2053 1054 2116 ὡς
1132 2050 1320 2122 ἣδιστα
1391 2051 1778 2131 διαλεγομενη,
1823 2051 1921 2119 τὴν

228 2141 537 2215 μακαρίαν
585 2139 750 2206 ὅντως
822 2141 1117 2200 ἀνάπαυσιν
1188 2143 1542 2199 ἀνεπαύσατο*
1591 2143 1653 2198 τὸ
1714 2150 1922 2217 πνεῦμα

227 2238 340 2304 μὲν
371 2234 464 2302 τῷ
533 2237 675 2309 Θεῷ,
707 2230 766 2286 τὸ
799 2230 852 2285 δὲ
884 2231 1040 2298 σῶμα
1073 2235 1197 2296 ταῖς
1250 2229 1600 2310 γλυκυτάταις
1632 2232 1788 2310 χερσὶ
1833 2237 1924 2288 τοῦ

236 2317 448 2384 παιδὸς
534 2318 712 2386 ἐκείνη
774 2320 1139 2398 παραθεμένη,
1212 2315 1270 2380 Ὀ
1329 2320 1383 2377 δὲ
1441 2319 1538 2377 ὅσα
1609 2320 1926 2400 φιλομήτωρ

230 2421 380 2472 παῖς
444 2408 542 2465 ἐπὶ
596 2409 765 2486 μητρὶ
818 2408 1155 2490 φιλοστόργῳ
1211 2409 1541 2484 διατελέσας,
1590 2410 1767 2466 ἐκεῖνο
1827 2411 1926 2484 μὲν

241 2497 392 2577 ἄγαν
444 2506 718 2578 Λαμπρῶς
762 2501 948 2556 Θάπτει
1004 2503 1092 2557 καὶ
1150 2500 1462 2580 φιλοτίμως*
1510 2499 1666 2561 αὐτὸς
1721 2498 1776 2554 δὲ
1831 2499 1922 2555 τὸν

240 2591 481 2668 μονήρη
515 2591 630 2666 βίον
671 2591 1066 2669 ἒπαναιρεϊται,
1111 2591 1282 2666 τούτῳ
1325 2590 1468 2656 εὐθὺς
1525 2589 1720 2668 πρώτῳ
1762 2590 1922 2669 μητρὶ

242 2682 664 2759 χαριζόμενος,
717 2680 777 2736 τὸ
835 2680 1133 2747 ἀποστῆναι
1189 2681 1393 2755 κόσμου
1451 2677 1532 2735 διὰ
1591 2681 1839 2758 Χριστὸν,
1893 2681 1920 2735 ὁ

250 2769 403 2844 μετὰ
435 2775 610 2826 ταῦτα
639 2767 706 2827 δι’
736 2772 944 2827 έκεῖνο-ι
975 2768 1190 2847 μέλλων
1213 2771 1296 2828 καὶ
1327 2770 1422 2837 τῆς
1456 2772 1622 2840 ζωῆς.

2001 1961 2190 2028 renda
2205 1961 2437 2024 Christo
2457 1960 2940 2022 sacrificium.Sic
2955 1978 3096 2040 ergo
3109 1979 3243 2022 eum
3260 1961 3654 2040 amplectens,

2005 2059 2064 2112 et
2087 2069 2261 2131 quam
2285 2049 2636 2112 suavissime
2659 2049 3131 2125 disserens,vere
3148 2049 3316 2112 beata
3335 2051 3534 2128 quiete
3553 2067 3654 2112 re-

2006 2140 2254 2222 quievit,
2290 2159 2422 2202 cum
2451 2139 2724 2218 spiritum
2760 2140 3001 2220 quidem
3031 2139 3177 2217 Deo,
3214 2158 3435 2222 corpus
3461 2149 3655 2201 autem

2009 2229 2379 2293 dulcissimis
2412 2229 2518 2290 ﬁlii
2545 2227 2817 2289 manibus
2851 2230 3353 2291 commendasset.
3406 2228 3512 2292 Ille
3545 2247 3655 2289 au-

2011 2327 2156 2395 tem,
2193 2321 2372 2398 utqui
2408 2318 2467 2378 in
2507 2317 2855 2379 benevolam
2895 2327 3142 2380 matrem
3181 2319 3390 2381 fuisset
3419 2335 3659 2396 semper

2011 2408 2143 2488 pius
2172 2407 2508 2477 ﬁlius,illud
2535 2406 2778 2488 quidem
2804 2407 3020 2488 sepelit
3050 2407 3368 2489 splendide
3399 2415 3456 2468 et
3489 2425 3655 2486 mag-

2011 2498 2217 2560 niﬁce.
2253 2496 2387 2578 Ipse
2419 2497 2741 2560 verovitam
2769 2498 3016 2577 suscipit
3045 2497 3393 2573 solitariam,
3419 2497 3656 2558 hocsta-

2007 2587 2109 2650 tim
2138 2587 2400 2668 primum
2425 2585 2630 2648 matris
2657 2587 2997 2648 concedens
3024 2587 3458 2663 mandatis,uta
3490 2605 3658 2647 mun-

2003 2677 2080 2739 do
2105 2684 2347 2759 propter
2364 2676 2670 2738 Christum
2700 2675 3168 2757 discederet,qui
3188 2684 3392 2756 postea
3413 2683 3658 2757 propter

2003 2766 2168 2829 illum
2200 2785 2234 2828 a
2260 2767 2376 2829 vita
2408 2782 2654 2847 quoque
2681 2773 2807 2829 erat
2836 2764 3235 2830 discessurus.

1773 2942 2020 3011 CAPUT
2062 2943 2139 3010 ΙΙ.

1260 3110 1330 3175 S.
1383 3109 1704 3174 Clementis
1734 3107 2175 3172 adolescentia.
2217 3109 2641 3189 EpiscOpatus.

347 3260 438 3336 0'.
487 3271 734 3352 Ὀρφανῷ
764 3271 861 3347 μὲν
891 3274 977 3328 οὖν
1031 3271 1199 3336 οὕτως
1253 3271 1356 3329 ἀπὸ
1399 3274 1604 3350 μητρὸς
1633 3279 1711 3345 τῷ
1763 3269 1975 3336 Κλη-Ο

273 3381 428 3433 μεντι
473 3360 742 3438 γενομένῳ
770 3362 998 3439 (πατέρα
1029 3362 1128 3439 γὰρ
1157 3361 1286 3441 εἶχε
1339 3360 1521 3441 Θεὸν),
1554 3362 1739 3441 ἑτέραν
1782 3359 1924 3433 αὒτῷ

277 3447 438 3505 πάλιν
475 3455 686 3516 ὶκετνος
752 3450 1024 3529 ἐπεισάγει
1068 3450 1301 3530 μητέρα,
1346 3450 1514 3526 μηδὲν
1569 3457 1669 3517 τῆς
1725 3449 1921 3526 προτέ-

283 3558 401 3615 ρας,
450 3542 583 3614 μήτε
635 3540 734 3606 τὴν
783 3539 998 3610 κλῆσιν,
1035 3543 1174 3615 μήτε
1231 3542 1352 3602 τοὺς
1404 3543 1630 3619 τρόπους
1684 3537 1923 3612 ἀπᾴδου-

279 3643 401 3684 σαν·
448 3629 586 3706 γένει
643 3629 742 3703 μὲν
805 3631 904 3706 γὰρ
976 3633 1062 3686 καὶ
1135 3629 1266 3697 αὕτη
1340 3637 1446 3686 τῶν
1517 3630 1787 3708 ἐπιφανῶν
1837 3623 1924 3683 γαί

269 3716 564 3790 πλουσίων,
597 3719 761 3797 ἀρετῇ
821 3717 874 3774 δὲ
905 3726 1012 3775 τῶν
1073 3718 1377 3794 ἐπισήμων,
1416 3721 1582 3798 Σοφία
1613 3741 1669 3774 τε
1725 3717 1921 3791 ὁμοίως

265 3808 399 3876 αὗτὴ
468 3808 804 3883 καλουμένη,
868 3811 955 3865 καὶ
1027 3821 1363 3889 προσευχαῖς
1435 3811 1594 3866 νύκτα
1651 3809 1739 3864 καὶ
1804 3805 1921 3882 μεθ’

264 3894 478 3974 ἡμέραν
536 3898 619 3954 ἀεὶ
680 3897 1048 3979 σχολάζουσα,
1113 3898 1436 3960 Φιλότεκνος
1494 3898 1572 3972 δὲ,
1622 3897 1775 3974 ε’ἰπερ
1816 3916 1918 3976 τις,

265 3989 396 4044 οὖσα
455 3989 519 4043 τὸ
572 3990 825 4064 παράπαν
884 3988 1102 4053 ἄτεκνος
1145 3988 1232 4054 ἦν·
1271 3990 1300 4055 ἡ
1347 3987 1401 4043 δὲ
1451 3989 1675 4066 Πρόνοια
1721 3985 1917 4041 ἄνωθεν

265 4077 618 4150 οἱκονομοῦσα
676 4077 741 4132 τὰ
796 4076 917 4132 κατ’
973 4081 1158 4141 αιότοῖς
1218 4079 1308 4133 καί
1337 4080 1478 4151 μήτε
1536 4079 1598 4132 τὸ
1652 4075 1767 4132 νέον
1827 4083 1920 4132 τοῦ

268 4163 582 4240 Κλήμεντος
641 4167 844 4243 μητρὸς
891 4167 1091 4244 ἔρημον
1123 4168 1266 4222 εἶναι
1323 4166 1656 4246 ἀνεχομένη,
1692 4168 1778 4221 καὶ
1821 4168 1918 4232 τῆς

265 4256 464 4334 Σοφὶας
512 4253 672 4310 πάλιν
729 4255 1020 4332 πληρῶμαι
1071 4256 1369 4333 βουλομένη
1415 4259 1515 4322 τὴν
1575 4255 1780 4336 ἔτρεσεν,
1829 4256 1920 4310 τὸν

269 4345 558 4418 Κλήμεντα
617 4351 792 4423 σοφῶς
867 4349 1002 4420 αὐτῇ
1058 4346 1284 4424 φέρουσα
1347 4347 1592 4406 εἰσποίει.
1659 4345 1810 4424 Σοφή
1869 4341 1922 4398 δὲ

263 4432 401 4490 οᾶσα
459 4435 530 4497 ὡς
590 4432 808 4500 ὴληθῶς
868 4437 901 4504 ἡ
937 4440 1103 4515 Σοφία
1149 4437 1279 4514 πρὸς
1311 4436 1408 4500 τὴν
1467 4435 1604 4490 κατὰ
1662 4436 1792 4490 Θεὸν
1836 4437 1920 4489 καὶ

265 4520 406 4589 αᾶτὴ
454 4523 544 4578 τόν
603 4520 772 4580 παῖδα
833 4524 1020 4603 σοφίαν
1077 4523 1464 4602 ἐπαιδαγώγει,
1495 4524 1582 4578 καὶ
1639 4523 1818 4601 ὥσπερ
1862 4521 1922 4577 ἐκ

2079 3269 2183 3332 ΙΧ.
2238 3268 2431 3351 Atque
2463 3270 2760 3333 Clementi
2791 3271 3034 3350 quidem
3093 3271 3180 3334 sic
3210 3276 3401 3331 matre
3449 3269 3656 3332 orbato

2011 3356 2225 3438 (Deum
2251 3361 2410 3419 enim
2443 3358 2702 3420 habebat
2735 3369 2988 3438 patrem)
3016 3361 3116 3422 ille
3147 3360 3199 3422 ei
3238 3377 3448 3419 rursus
3477 3359 3654 3420 aliam

2005 3446 2240 3510 inducit
2286 3456 2567 3527 matrem,
2602 3466 2734 3528 qua
2787 3467 2900 3510 nec
2937 3451 3182 3511 nomine
3217 3465 3330 3508 nec
3389 3448 3658 3509 moribus

2008 3535 2326 3616 quidquam
2353 3535 2674 3597 differebat
2696 3556 2728 3597 a
2751 3537 2952 3617 priore
2981 3559 2994 3600 :
3029 3538 3158 3617 ipsa
3182 3535 3423 3618 quidem
3456 3544 3512 3599 et
3545 3555 3654 3616 ge-

2007 3642 2153 3687 nere
2183 3625 2432 3700 insignis
2463 3633 2522 3686 et
2561 3625 2748 3700 dives,
2785 3645 2917 3706 qum
2953 3627 3082 3708 ipsa
3110 3644 3347 3708 quoque
3377 3626 3658 3689 similiter

2005 3714 2327 3777 vocabatur
2348 3714 2665 3795 Sophia,et
2688 3725 2868 3777 noctu
2899 3724 2958 3777 et
2981 3716 3240 3778 interdiu
3265 3733 3507 3794 semper
3523 3732 3655 3777 ver-

2007 3805 2254 3866 sabatur
2285 3805 2342 3865 in
2374 3803 2768 3866 orationibus.
2806 3805 2948 3867 Cum
3003 3814 3165 3868 esset
3197 3814 3420 3887 autem,
3452 3807 3503 3868 si
3535 3805 3656 3868 ulla

2007 3893 2144 3968 alia,
2179 3894 2438 3956 ﬁliorum
2472 3893 2901 3969 amantissima,
2939 3896 3181 3956 carebat
3207 3897 3452 3958 omnino
3485 3895 3650 3959 ﬁliis.

2007 3983 2215 4046 Divina
2239 4002 2381 4045 vero
2412 3984 2953 4064 providentia,quae
2974 4003 3072 4046 res
3089 4003 3296 4046 eorum
3316 4004 3388 4047 ex
3409 3986 3526 4047 alto
3550 3986 3655 4047 ad-

2003 4072 2397 4142 ministrabat,
2419 4093 2530 4135 nec
2553 4073 2753 4135 ferens
2777 4081 3044 4135 teneram
3066 4073 3392 4136 Clementis
3421 4083 3652 4136 aetatem

2005 4181 2138 4224 esse
2155 4181 2187 4223 a
2213 4170 2400 4224 matre
2428 4163 2818 4236 desertam,et
2837 4181 3048 4226 rursus
3067 4165 3267 4226 volens
3291 4166 3533 4244 explere
3550 4167 3654 4228 So-

2009 4253 2164 4333 phiae
2182 4252 2582 4327 desiderium,
2616 4253 2986 4315 Clementem
3028 4254 3330 4332 sapienter
3358 4253 3430 4314 ad
3463 4253 3652 4333 ipsam

2007 4341 2412 4414 adducens,ut
2435 4342 2681 4420 adoptet
2702 4340 3059 4404 efﬁcit.Cum
3095 4360 3302 4403 revera
3325 4351 3521 4404 autem
3552 4361 3655 4403 es-

2005 4441 2096 4492 set
2126 4431 2368 4506 sapiens
2389 4431 2634 4510 Sophia,
2657 4433 2712 4491 in
2750 4449 2819 4493 ea
2840 4451 2973 4510 qua;
3003 4441 3092 4493 est
3118 4451 3186 4493 ex
3210 4434 3335 4496 Deo
3366 4431 3659 4512 sapientia

2005 4520 2134 4599 ipsa
2155 4539 2293 4582 eum
2325 4519 2764 4596 instituebat,et
2793 4522 3045 4602 perinde
3060 4540 3129 4583 ac
3162 4521 3295 4602 ipsa
3315 4540 3450 4583 eum
3482 4541 3662 4602 pepe-

265 4612 370 4665 τῶν
435 4610 598 4676 αὗνῆς
659 4609 861 4667 ὼδινων
919 4611 1226 4689 προελθόντι
1291 4617 1369 4684 τῷ
1435 4610 1728 4690 Κλήμεντι,
1784 4611 1921 4668 οὕτω

2008 4608 2274 4686 risset,in
2297 4609 2665 4671 Clementem
2686 4618 2814 4671 erat
2833 4610 3432 4683 aﬁ‘ecta,etsummam
3457 4629 3657 4673 curam

265 4697 642 4776 κηδεμονικῶς
702 4700 959 4776 έπάὗτῷ
1016 4701 1132 4757 λίαν
1172 4703 1258 4758 καὶ
1313 4707 1588 4780 μητρικιῖις
1635 4703 1708 4765 εἱς
1760 4699 1920 4777 ἄκρον

266 4785 512 4846 διέκειτο.
579 4789 652 4846 Οὔ
699 4790 806 4860 μήν
865 4791 981 4850 οὒὀέ
1042 4793 1269 4864 Κλήμης
1313 4791 1535 4848 ἔλαττον
1590 4790 1624 4858 ἢ
1682 4790 1918 4869 προσῆκε

266 4881 425 4958 μητρὶ
469 4880 529 4935 τὸ
590 4882 707 4955 περὶ
781 4880 943 4948 αὒτὴν
1015 4880 1292 4937 ἐπεδείκντ
1362 4883 1423 4936 τὸ
1482 4879 1718 4960 φίλτρον·
1794 4878 1916 4935 ἀλλ’

266 4969 511 5047 ἀκέραιον
569 4970 668 5042 μὲν
721 4972 852 5042 αὐτῇ
904 4971 990 5026 καὶ
1041 4971 1139 5036 τὴν
1170 4967 1298 5026 atini
1352 4973 1439 5025 καὶ
1491 4972 1580 5026 τὸν
1635 4971 1795 5026 πόθυν
1831 4966 1912 5024 δι-

2006 4698 2137 4778 ejus
2160 4697 2642 4779 gerebat.Neque
2665 4717 2805 4760 vero
2829 4698 3108 4762 Clemens
3128 4701 3328 4761 minus
3351 4719 3529 4776 quam
3555 4718 3660 4779 par

2003 4796 2131 4849 erat
2179 4789 2239 4849 in
2269 4798 2543 4862 matrem,
2579 4807 2845 4850 amorem
2871 4789 2930 4850 in
2965 4808 3093 4850 eam
3122 4789 3516 4852 ostendebat:
3550 4789 3657 4850 sed

2005 4896 2213 4957 puram
2265 4877 2507 4958 quidem
2539 4895 2606 4939 ac
2645 4879 2945 4940 sinceram
2980 4880 3040 4940 in
3075 4898 3204 4940 eam
3256 4878 3652 4940 reverentiam

2001 4966 2273 5028 servabat
2305 4976 2364 5028 et
2387 4966 3270 5048 desiderium.Pra3ceptoribus
3294 4977 3495 5030 autem
3531 4967 3660 5046 plu-

266 5053 448 5127 έσωζε·
510 5056 678 5113 πολὺν
709 5054 762 5111 δὲ
809 5059 895 5113 καὶ
951 5059 1050 5125 τῆς
1108 5056 1447 5121 διδασκαλίας
1492 5059 1547 5114 ἐν
1601 5057 1769 5136 ὀλίγῳ
1825 5059 1916 5113 τὸν

2008 5057 2216 5117 rimum
2271 5075 2511 5138 quoque
2543 5057 2769 5119 fructus
2803 5077 2935 5119 mox
2986 5057 3275 5132 reddidit,
3310 5057 3466 5118 sicut
3495 5056 3656 5120 bona

268 5147 470 5223 καρπὸν
531 5143 797 5214 ἀπεδίδου,
848 5148 1086 5225 καθάπερ
1117 5168 1202 5208 τες
1237 5147 1410 5226 ἀγαθὴ
1454 5153 1525 5226 γῆ
1573 5149 1662 5206 καὶ
1719 5147 1920 5225 λιπαρὴ

267 5235 351 5290 καὶ
407 5235 713 5312 βαθύγειος,
747 5237 806 5291 οὐ
856 5235 1093 5292 λυποῦσα
1149 5236 1215 5303 τῆ
1273 5238 1469 5294 σπάνει
1520 5239 1612 5294 τὸν
1656 5239 1916 5314 γεωργὸν,

267 5321 401 5378 ἀλλὰ
443 5331 518 5398 τῷ
549 5325 743 5394 πλήθει
805 5327 911 5381 τῶν
962 5325 1240 5402 φυομένων
1271 5327 1654 5405 παρακαλοῦσα
1713 5325 1919 5402 μᾶλλον

265 5413 394 5490 πρὸς
452 5415 776 5491 σπερμάτων
807 5412 1105 5484 καταϐλήνο
1167 5414 1317 5473 λοινὰ
1377 5417 1472 5492 μὲν
1529 5417 1595 5473 τὰ
1624 5417 1751 5474 ὂντα
1796 5429 1917 5480 τοῖς

342 5620 373 5673 3
403 5618 455 5690 ll
483 5621 679 5688 Mach.
719 5637 836 5688 vu.

2003 5145 2274 5226 quasdam
2298 5155 2454 5208 terra
2478 5155 2536 5208 et
2568 5146 2828 5227 pinguis,
2854 5166 2986 5228 quae
3009 5165 3383 5228 nequaquam
3415 5149 3652 5227 agrico-

2002 5235 2117 5295 lam
2161 5244 2410 5316 propter
2439 5235 2797 5317 paucitatem
2833 5238 3108 5300 molestia
3139 5237 3322 5300 afﬁcit
3353 5254 3368 5310 ;
3405 5237 3512 5300 sed
3544 5255 3654 5314 per

2001 5342 2377 5406 eurum,quaa
2408 5325 3216 5406 nascuntur,multitudinem
3251 5335 3534 5407 provocat
3550 5345 3654 5407 po-

2002 5413 2118 5476 tius
2145 5414 2218 5476 ad
2264 5415 2381 5477 alia
2415 5413 2753 5494 dejicienda
2782 5415 3014 5480 semina
3047 5435 3062 5484 :
3097 5435 3168 5482 ea
3222 5416 3490 5507 quidem,
3524 5435 3655 5504 quae
