4006 6138
334 230 451 298 823
1634 229 1915 294 MENSIS
1953 229 1984 291 J
1991 229 2093 293 AN
2103 229 2411 293 UARIUS.
3568 220 3756 288 -824

335 365 984 440 habebat,communia
1007 383 1352 447 proponens
1382 365 1457 426 iis
1488 366 1584 446 qui
1626 362 1880 444 egebant
1911 380 2014 423 exi

2106 364 2334 438 εομένοις
2379 365 2484 421 τὼν
2513 362 2793 433 ἡλικιωτῶν
2851 365 3136 440 προτιθεὶς,
3171 367 3240 439 τῇ
3279 359 3335 418 δὲ
3366 366 3465 428 τῆς
3525 359 3754 438 γλώτ-

335 455 824 540 aaqualibussuaa
845 465 1042 517 autem
1067 455 1282 534 linguae
1299 473 1401 516 eos
1420 454 1737 515 instituens
1757 451 1998 534 sapien-

2109 476 2174 520 ης
2232 455 2392 510 αὐτοῦ
2421 453 2575 532 σοφίᾳ
2619 451 2974 531 παιδαγωγῶν
3023 454 3105 509 καὶ
3151 455 3225 516 εἷς
3275 451 3565 530 ἐπίγνωσιν
3628 453 3759 509 αὒ-

337 547 443 627 ῑίο,
478 557 539 611 et
563 566 667 610 eos
696 545 768 607 ad
803 545 1168 625 agnitionem
1202 543 1509 606 deducens
1541 543 1827 605 veritatis.

2108 543 2198 627 οὺς
2229 542 2431 620 ἐνάγων
2463 547 2562 609 τῆς
2593 541 2889 610 ἀληθείαις.

417 620 490 702 Χ.
512 636 656 701 Cum
682 620 882 716 itaque
913 633 1234 715 aliquando
1265 633 1456 695 fames
1486 633 1795 696 invasisset
1817 631 1992 695 Gala-

2155 620 2218 690 l'.
2253 632 2388 688 Ποτὲ
2436 634 2523 689 οὖν
2554 631 2714 707 λιμοῦ
2760 635 2860 700 τὴν
2911 632 3162 690 Γαλατῶν
3193 635 3570 713 κατασχόντος
3633 631 3757 692 καί

339 735 504 806 tiam,
528 735 584 790 et
607 725 890 787 omnibus
920 723 1200 785 similiter
1225 721 1572 786 hominibus
1593 731 1650 784 et
1670 722 1992 800 pecoribus

2107 720 2460 789 υμαινοιιένου
2525 728 2680 778 πᾶσιν
2751 723 2946 798 ὁμοίως
3003 722 3299 802 ἀνθρώποις
3354 744 3413 779 τε
3475 725 3565 780 καὶ
3630 725 3760 799 βοε-

339 802 583 881 aﬁ'erret
631 815 904 888 exitium,
932 813 1064 894 ipse
1107 812 1324 875 tollens
1363 813 1622 874 infantes
1651 811 1985 892 gentilium,

2111 811 2372 888 κύμασιν,
2430 811 2583 873 αῦτός
2655 811 3036 890 ἀναιρούμενος
3106 813 3173 868 τὰ
3263 817 3370 868 τῶν
3445 802 3759 882 Ἑλλήνων

341 908 684 989 quicunque
705 901 902 966 relicti
923 902 980 964 fu
992 910 1161 965 erant
1183 901 1374 964 orbati
1397 903 1847 983 parentibus,et
1866 901 1996 983 qui-

2110 897 2268 989 ρὲφη,
2307 898 2412 989 ,ὅσα
2482 921 2540 956 τε
2583 900 2827 989 πατέρων
2888 901 3092 982 ὸρφανά
3158 899 3574 975 καταλέλειπτο,
3645 901 3760 956 καὶ

343 985 821 1078 cunque‘rursus
850 1000 1095 1073 propter
1126 999 1534 1073 paupertatem
1568 995 1624 1054 in
1665 995 1814 1054 viam
1849 1010 1991 1073 pro-

2110 1009 2176 1044 σα
2247 986 2332 1044 διὰ
2391 991 2575 1046 πενίαν
2638 988 2799 1046 πάλιν
2870 990 2992 1048 κατ’
3064 989 3231 1058 αὐτὴν
3294 989 3414 1048 ὁδὸν
3482 991 3751 1070 Eppium,

335 1075 497 1167 jecti
517 1084 776 1158 fuerant,
810 1091 870 1144 et
890 1081 1109 1144 amictu
1134 1100 1250 1162 quo
1274 1100 1491 1163 corpus
1513 1090 1779 1161 tegerent
1806 1091 1865 1144 et
1889 1079 1995 1144 ali-

2106 1075 2369 1154 ιεριϐολῆς
2426 1100 2484 1134 τε
2533 1083 2634 1146 τῆς
2689 1081 2750 1136 τὸ
2796 1086 2952 1156 σῷμα
3011 1081 3338 1156 σκεπούσης,
3370 1083 3460 1138 καὶ
3518 1085 3752 1161 τροφῆς

342 1164 544 1238 mento
577 1191 695 1254 quo
732 1170 990 1252 egebant
1027 1172 1390 1246 necessario,
1426 1171 1644 1245 alebat,
1682 1169 1992 1246 vestiebat,

2106 1175 2372 1244 εποροῦντα
2426 1170 2524 1234 τῆς
2567 1168 2882 1250 ἀναγκαίας,
2937 1168 3174 1250 ἔτρεφεν,
3231 1169 3476 1244 ἔσκεπεν,
3531 1167 3754 1228 ἐπαιδ-

342 1262 783 1336 instituehat,et
812 1259 969 1342 quod
997 1259 1090 1321 his
1106 1269 1234 1323 erat
1256 1260 1432 1340 longe
1466 1262 1679 1340 majus,
1706 1261 1776 1321 ad
1806 1261 1992 1322 Deum

2106 1254 2302 1334 ιγώγει,
2337 1258 2423 1313 καὶ
2480 1256 2507 1312 ὅ
2556 1278 2616 1335 γε
2671 1256 2856 1333 πολλῷ
2911 1267 3098 1334 μεῖζον
3147 1264 3239 1339 ἦν,
3285 1260 3522 1340 προςῆγε
3583 1262 3751 1332 Θεῷ.

345 1353 780 1417 adducebatzea
798 1349 1063 1431 quidem,
1087 1368 1220 1430 qua1
1249 1349 1320 1411 ad
1344 1368 1561 1430 corpus
1596 1351 1995 1431 pertinebant,

2106 1344 2145 1400 τὰ
2189 1345 2288 1419 μὲν
2344 1353 2438 1403 τοῦ
2493 1347 2742 1422 σώματος
2797 1350 2902 1405 ἀπὸ
2958 1354 3066 1404 τῶν
3122 1353 3219 1416 τῆς
3272 1350 3467 1418 πιστῆς
3525 1349 3753 1430 Σοφίας

347 1463 416 1507 ex
438 1443 636 1506 ﬁdelis
659 1441 898 1521 Sophim
927 1441 1204 1517 pecuniis
1231 1439 1400 1501 laetus
1428 1440 1837 1520 suppeditans;
1868 1457 2000 1520 qute

2106 1437 2380 1514 ερημάτων
2437 1435 2620 1502 αὐτοῖς
2649 1436 2766 1509 μεθ’
2810 1435 3004 1506 ἡδονῆς
3051 1439 3322 1516 ἒπαρκῶν,
3355 1438 3453 1495 ὅσα
3483 1437 3538 1495 δὲ
3593 1441 3751 1516 πρὸς

348 1542 546 1594 autem
579 1531 650 1593 ad
673 1530 1004 1592 doctrinam
1029 1527 1288 1608 pietatis,
1311 1535 1372 1590 et
1404 1548 1633 1591 morum
1667 1546 1997 1590 ornamen-

2106 1527 2312 1591 ιαθησιν
2380 1524 2669 1601 εὐσεϐείας,
2731 1527 2820 1584 καὶ
2880 1525 3038 1594 ἤθους
3102 1528 3323 1602 κόσμον,
3383 1530 3472 1584 καὶ
3536 1529 3749 1607 ψυχῆς

352 1630 499 1698 tum,
535 1629 594 1683 et
623 1622 837 1682 animae
868 1619 1208 1690 utilitatem.
1244 1637 1277 1682 a
1306 1619 1483 1680 domo
1528 1618 1658 1699 ipse
1690 1619 1999 1700 proferens

2106 1611 2369 1692 ὸφὲλειαν,
2419 1613 2630 1700 οἴκοθεν
2676 1617 2833 1680 αὐτὸς
2883 1615 2943 1672 ἐκ
2984 1618 3080 1684 τῆς
3125 1624 3217 1674 τοῦ
3261 1619 3567 1693 Πνεύματος
3634 1639 3750 1673 σο-

353 1730 421 1773 ex
453 1689 746 1791 sapientia
763 1708 1205 1791 Spiritus.Quos
1225 1708 1468 1789 quidem
1491 1689 1624 1769 cum
1652 1689 1708 1769 et
1736 1706 1890 1790 apud
1911 1707 2002 1788 ip-

2106 1689 2203 1765 ›ίας
2261 1689 2538 1791 είσςρέρων.
2590 1689 2654 1762 Ἃ
2724 1705 2790 1774 δὴ
2833 1707 2920 1762 καὶ
2982 1706 3108 1784 παρ’
3164 1707 3306 1782 αύτῷ
3375 1689 3744 1782 διαιτώμενα,

352 1820 481 1862 sum
518 1787 895 1870 viverent,vet
918 1798 988 1860 ab
1016 1799 1143 1878 ipso
1175 1787 1336 1859 recte
1371 1787 1902 1878 componeren'tnr,
1937 1787 1996 1860 et

2106 1793 2170 1848 :ati
2222 1787 2310 1848 ὕπ’
2359 1796 2516 1851 αὐτοῦ
2559 1792 2737 1858 καλῶς
2780 1796 3157 1877 ῥυθμιζόμενα,
3189 1799 3281 1854 καί
3329 1798 3525 1874 στέγης
3581 1802 3747 1870 αὒτῷ

353 1909 488 1953 cum
535 1909 606 1952 eo
639 1892 774 1951 tecti
827 1897 885 1949 et
915 1888 1058 1950 salis
1087 1897 1146 1949 et
1195 1887 1420 1948 assidui
1453 1896 1655 1950 essent
1701 1887 1996 1950 sermonis

2106 1882 2167 1938 ιαὶ
2197 1881 2338 1937 ἀλῶν
2395 1883 2478 1938 καὶ
2524 1883 2734 1956 ὁμιλίας
2767 1884 3010 1952 διηνεκοῦ
3039 1895 3415 1960 κοινωνοῦντα,
3448 1891 3546 1943 καὶ
3600 1900 3743 1948 ταῖς

357 1979 699 2061 participes,
735 1987 792 2040 et
821 1977 984 2039 illius
1017 1978 1287 2039 doctrina
1313 1978 1372 2037 in
1418 1976 1548 2037 dies
1581 1977 1995 2056 irrigarentur,

2117 1971 2281 2028 ιείνου
2337 1968 2695 2038 διδασκαλίαις
2727 1973 2997 2052 διηνεκοῦς
3049 1979 3420 2046 κοινωνοῦντα,
3457 1978 3544 2032 καὶ
3603 1991 3744 2041 ταῖς

355 2058 634 2150 paulatim
659 2068 855 2130 virtuti
889 2067 1233 2140 assuefecit,
1256 2075 1312 2128 et
1343 2065 1706 2148 procedente
1728 2075 1999 2144 tempore

2106 2061 2285 2117 κείνου
2342 2058 2699 2129 διδασκαλίαις
2748 2063 2863 2120 καθ’
2917 2065 3148 2131 ἑκάστην
3204 2063 3490 2144 ἀρδόμενα,
3525 2068 3742 2136 συνήθη

355 2158 644 2221 excitatus
676 2167 767 2221 est
797 2176 1004 2220 eorum
1039 2162 1296 2231 animus,
1332 2165 1396 2218 ut
1419 2175 1552 2218 cum
1581 2157 1705 2236 ipso
1737 2156 2002 2218 admira-

2106 2151 2223 2205 ιατὰ
2281 2159 2468 2227 μικρὸν
2525 2157 2593 2226 τῇ
2636 2153 2796 2229 ἀρετῇ
2859 2155 3164 2229 καθίστατο,
3223 2157 3310 2211 καὶ
3369 2167 3612 2231 προῒοντι
3665 2158 3752 2229 τῷ

357 2247 462 2308 bili
511 2246 818 2310 Clemente
867 2249 1266 2308 decertarent.
1319 2244 1612 2318 Quocirca
1643 2264 1760 2306 non
1808 2245 2000 2306 solum

2106 2240 2269 2318 (ρόνῳ
2337 2241 2409 2300 εἰς
2481 2240 2681 2315 ἅμιλλα
2755 2242 2940 2306 αὐτοῖς
2991 2245 3024 2310 ἡ
3088 2246 3243 2323 ψυχὴ
3287 2247 3378 2301 τοῦ
3431 2243 3751 2318 θαυμαστοῦ

355 2337 580 2399 multos
612 2337 869 2400 habebat
900 2337 1078 2418 ﬁlios,
1105 2335 1211 2398 sed
1245 2353 1350 2397 eos
1377 2334 1570 2396 bonos
1601 2343 1656 2396 et
1689 2334 1842 2396 bene
1865 2335 2006 2397 edu-

359 2433 544 2499 catos,
601 2425 847 2503 SOphia,
901 2445 1034 2507 qua;
1087 2426 1250 2506 prius
1306 2423 1551 2486 carebat
1604 2423 1764 2500 ﬁliis,
1825 2422 2010 2485 veluti

358 2517 674 2597 quamdam
705 2514 1002 2578 civitatem
1037 2533 1108 2577 ex
1142 2514 1235 2576 his
1264 2523 1622 2575 construens
1651 2513 2010 2574 adolescen-

362 2603 545 2680 tibus,
579 2607 702 2668 Deo
735 2606 1001 2686 undique
1033 2603 1490 2679 circumdatam,
1529 2602 1629 2682 qui
1660 2611 1749 2663 est
1809 2618 2012 2663 murus

360 2687 539 2772 longe
571 2695 930 2756 tutissimus.

440 2783 540 2847 ΧΙ.
571 2784 867 2846 Clementi
885 2791 1086 2846 autem
1110 2799 1246 2844 cum
1273 2780 1406 2843 aliis
1431 2780 2011 2856 virtutislahoribus,

363 2875 668 2950 legumina
697 2891 939 2952 quoque
961 2872 1152 2933 solum
1189 2880 1356 2932 erant
1387 2870 1858 2932 alimentum.Ab
1880 2869 2012 2932 ani-

365 2962 538 3023 matis
596 2963 752 3022 enim
809 2962 1055 3023 omnino
1112 2959 1474 3034 abstinebat,
1533 2959 1773 3021 illorum
1837 2960 2014 3021 trium

366 3069 608 3130 semper
638 3068 869 3112 memor
898 3068 1249 3131 puerorum,
1283 3068 1536 3130 quorum
1597 3066 1848 3129 corpora
1878 3067 2012 3110 cum

2093 2328 2403 2404 Κλήμεντος
2451 2327 2773 2390 διανίστατο.
2813 2333 2978 2389 "Qut:
3027 2333 3090 2401 ἦν
3133 2337 3194 2390 οὗ
3239 2333 3502 2400 πολύπαις
3547 2332 3746 2408 μόνον,

2091 2416 2228 2473 ἀλλὰ
2285 2419 2372 2474 καὶ
2418 2417 2534 2475 λίαν
2579 2418 2763 2484 εἴπαις
2808 2423 2838 2490 ἡ
2889 2423 3006 2500 πρὶν
3053 2421 3214 2488 ἅπαις
3273 2423 3461 2501 Σοφία,
3505 2423 3751 2497 καθάπερ

2091 2508 2214 2563 τινὰ
2275 2506 2430 2564 πύλιν
2482 2507 2541 2565 lx
2588 2515 2695 2566 τῶν
2753 2511 3042 2588 μειρακίων
3085 2513 3448 2586 συνοικίζουσα
3504 2516 3742 2586 τούτων,

2095 2597 2226 2654 Θεὸν
2299 2597 2555 2654 πάντοθεν
2631 2600 2692 2654 τὸ
2775 2599 3014 2680 ἀσφαλὲς
3084 2599 3550 2680 περιϐεϐλημένην
3621 2616 3747 2657 τεξ-

2096 2709 2220 2765 γος.

2181 2767 2294 2840 1Α’.
2353 2776 2624 2852 Κλήμεντι
2662 2776 2717 2834 δί
2749 2779 2886 2854 μετά
2935 2787 3040 2839 τῶν
3072 2778 3249 2838 ἄλλων
3279 2786 3373 2848 τῆς
3406 2781 3601 2854 ἀρετῆς
3632 2805 3744 2839 πο-

2097 2889 2222 2940 νων,
2256 2868 2344 2922 καὶ
2399 2867 2592 2946 ὄσπρια
2652 2867 2816 2942 μόνον
2858 2894 2930 2943 ῳν
2973 2871 3008 2940 ἡ
3066 2872 3258 2951 τροφή·
3320 2870 3585 2952 ἐμψύχων
3637 2874 3742 2950 γὰρ

2097 2956 2156 3011 τὸ
2215 2956 2463 3035 παράπαν
2521 2957 2802 3037 ἀπείχετο,
2865 2965 2971 3015 τῶν
3011 2964 3173 3040 τριῶν
3224 2961 3442 3018 ἐκείνων
3498 2961 3572 3017 ἀεὶ
3625 2983 3732 3035 με·

2099 3044 2371 3119 μνημένος
2430 3044 2653 3125 παίδων,
2687 3049 2762 3102 ὧν
2814 3048 2879 3103 τὰ
2920 3048 3146 3124 σώματα
3173 3051 3389 3117 νηστεία
3445 3050 3737 3124 στομώσας

363 3138 620 3202 acuisset
642 3139 927 3220 jejunim,
953 3140 1148 3202 effecit
1179 3147 1242 3200 ut
1271 3138 1594 3220 expugnari
1624 3139 1865 3219 quidem
1896 3155 2012 3199 non

2106 3155 2189 3213 σα,
2221 3133 2467 3191 ἀνάλωτα
2512 3135 2610 3211 μὲν
2659 3143 2736 3210 τῷ
2782 3138 2902 3217 πυρὶ
2957 3141 3076 3194 τῶνε
3123 3143 3326 3219 παθῶν,
3360 3139 3644 3219 ἀχώιευτα
3687 3138 3746 3198 δὲ

367 3237 612 3309 possent
670 3229 746 3290 ab
795 3227 933 3308 igne
989 3228 1291 3304 vitiorum,
1324 3246 1520 3310 neque
1571 3227 1735 3290 fundi
1776 3228 2015 3289 ﬂamma

367 3319 628 3380 fornacis
657 3318 920 3382 sensilis.

446 3407 573 3472 ΧΙΙ.
596 3407 713 3472 Sed
746 3408 907 3470 enim
933 3408 1247 3490 oportebat
1271 3408 1582 3471 lucernam
1615 3405 1844 3485 imponi
1865 3425 2010 3468 can-

368 3499 637 3576 delabro,
671 3507 731 3562 et
757 3499 947 3562 videri
978 3500 1276 3563 civitatem
1309 3518 1448 3580 quae
1479 3505 1568 3562 est
1600 3497 1795 3576 posita
1837 3513 2016 3576 supra

371 3601 660 3664 montem,
693 3599 753 3652 et
808 3588 1204 3670 Clementem,
1238 3589 1339 3669 qui
1391 3585 1816 3669 resplendebat
1858 3594 2016 3648 tanta

367 3680 500 3742 luce
524 3678 782 3750 virtutis,
815 3679 1081 3742 nancisci
1111 3678 1542 3749 sacerdotium,
1578 3684 1640 3737 ut
1671 3676 1754 3736 sic
1780 3693 2017 3756 quoque

371 3766 644 3848 pluribus
677 3767 846 3828 fieret
882 3768 970 3830 via
993 3768 1221 3829 salutis.
1259 3769 1584 3846 Propterea
1621 3772 1680 3826 et
1707 3763 1813 3828 Dei
1844 3783 1877 3826 e
1906 3782 2015 3826 su-

371 3855 533 3935 peris
559 3855 932 3933 sutfragio,et
956 3855 1262 3917 communi
1293 3856 1584 3918 sententia
1616 3852 2019 3934 omnium,qui

372 3953 539 4006 erant
563 3945 621 4004 in
647 3942 1160 4024 Galatia,primum
1185 3943 1429 4024 quidem
1452 3960 1624 4004 sacer
1644 3959 1839 4021 praeco
1861 3940 2020 4003 sacri

370 4033 529 4107 atrii,
558 4033 777 4094 deinde
799 4033 974 4095 etiam
1010 4032 1186 4115 paulo
1210 4041 1348 4113 post
1373 4032 1658 4096 diaconus
1679 4038 1935 4104 creatur,
1960 4039 2020 4092 et

371 4122 858 4204 presbyter.Cum
879 4122 995 4184 duo
1027 4132 1220 4185 autem
1263 4121 1484 4184 deinde
1513 4120 1652 4183 anni
1687 4119 2016 4200 praeteriis-

370 4220 530 4288 sent,
564 4213 636 4275 ad
673 4212 1074 4294 episcopalem
1135 4230 1374 4292 quoque
1405 4210 1609 4273 sedem
1647 4208 2013 4289 provehitur,

372 4303 524 4364 alius
553 4303 712 4363 inter
735 4301 1084 4364 sacerdotes
1113 4301 1210 4363 hic
1243 4319 1478 4382 quoque
1505 4307 1746 4361 exortus
1778 4297 2009 4374 Daniel,

374 4391 554 4472 utqui
577 4391 808 4452 etiamsi
841 4399 1003 4452 esset
1026 4392 1287 4471 juvenis,
1314 4408 1551 4453 omnem
1580 4396 1776 4450 tamen
1807 4405 2012 4450 sacer-

2094 3229 2162 3299 τῇ
2192 3223 2346 3303 φλογὶ
2376 3230 2473 3292 τῆς
2503 3227 2727 3302 καμίνου
2770 3228 3072 3306 εἰργάσατο.

2178 3404 2284 3466 lB'.
2350 3402 2516 3462 Ἀλλὰ
2546 3405 2646 3484 γὰρ
2679 3403 2781 3462 ἔδει
2831 3408 2924 3464 τὸν
2976 3406 3173 3488 λύχνον
3231 3410 3315 3466 ἐπὶ
3366 3413 3466 3478 τὴν
3516 3410 3746 3490 λυχνίαν

2097 3496 2334 3568 τεθῆναι,
2370 3495 2454 3549 καὶ
2513 3493 2609 3562 τὴν
2641 3493 2794 3552 πόλιν
2828 3493 3010 3553 ἐπάνω
3062 3499 3313 3572 κειμένην
3355 3500 3509 3578 ὄρους
3567 3501 3743 3580 ὀφθῆ-

2099 3604 2213 3656 ναε,
2249 3585 2333 3639 καὶ
2390 3584 2480 3638 τὸν
2516 3581 2804 3657 Κλήμεντα
2846 3585 2984 3642 οὕτω
3042 3585 3225 3660 πολλῷ
3279 3590 3358 3661 τῷ
3387 3589 3484 3656 τῆς
3546 3590 3739 3668 ἀρετῆς

2099 3673 2234 3748 φωτὶ
2309 3670 2674 3746 διαλάμποντα
2761 3678 2862 3740 τῆς
2931 3676 3216 3751 ἱερωσύνης
3293 3676 3606 3748 ἀξιωθῆναι,
3665 3677 3738 3735 ἶν’

2101 3759 2238 3818 οὕτω
2294 3761 2382 3818 καὶ
2453 3759 2660 3818 πλείοσι
2717 3760 2924 3837 μᾶλλον
2983 3761 3100 3826 ὁδὸς
3160 3765 3380 3842 γένηται
3451 3770 3736 3845 σωτηρίας.

2107 3850 2204 3906 Διὰ
2252 3853 2406 3906 τοῦτο
2439 3849 2602 3929 ψήφῳ
2643 3871 2703 3906 σε
2736 3859 2868 3908 Θεοῦ
2924 3850 3144 3930 ἄνωθεν,
3179 3858 3267 3910 καὶ
3293 3863 3476 3932 κοινῇν
3527 3858 3736 3914 πάντων

2101 3942 2235 4014 ὁμοῦ
2269 3945 2374 3996 τῶν
2431 3939 2486 3995 ἐν
2511 3969 2516 3973 -
2544 3938 2776 4014 Γαλατίᾳ
2832 3941 3049 4019 γνώμῃ,
3084 3950 3267 4021 πρῶτα
3319 3946 3418 4020 μὲν
3469 3947 3736 4024 ίεροκήρυξ

2099 4034 2197 4096 τῆς
2251 4029 2402 4107 ἁγίας
2449 4027 2634 4098 αὐλῆς,
2670 4030 2798 4086 εἶτα
2853 4028 3118 4111 διάκονος,
3153 4036 3246 4090 οῦκ
3275 4033 3438 4112 ὀλίγῳ
3492 4034 3549 4091 δὲ
3583 4036 3735 4093 ὕστε-

2100 4141 2190 4198 ρον
2238 4118 2324 4175 καὶ
2353 4119 2700 4195 πρεσϐύτερος
2759 4117 3145 4183 ἀναδείκνυται.
3198 4123 3301 4179 Δύο
3330 4121 3386 4180 δὲ
3445 4124 3732 4200 παρελθόν-

2098 4229 2204 4264 των
2257 4206 2376 4275 ἑξῆς
2429 4206 2706 4280 ἐνιαυτῶν,
2739 4209 2828 4264 καὶ
2873 4211 2947 4270 εἷς
2990 4211 3082 4265 τὸν
3131 4215 3228 4277 τῆς
3287 4210 3586 4279 ἐπισκοπῆς
3641 4214 3730 4269 ἀν-

2097 4299 2282 4375 άγεται
2347 4297 2554 4374 θρόνον,
2600 4294 2762 4361 ἄλλος
2806 4296 2860 4352 ἂν
2918 4299 3111 4375 ἱερεῦσι
3179 4300 3381 4367 Δανιὴλ
3443 4303 3532 4358 καὶ
3590 4306 3728 4368 οὗτος

2096 4387 2402 4465 ἀναφανεὶς,
2433 4387 2476 4441 εἰ
2525 4387 2610 4441 καὶ
2665 4385 2802 4459 νέος,
2835 4386 2958 4442 ἀλλ’
3013 4390 3102 4445 οὖν
3153 4389 3295 4446 ἅπαν
3343 4391 3528 4466 ἱερέως
3575 4398 3725 4468 γῆρας

371 4471 528 4544 dotis
548 4488 921 4540 senectutem
949 4479 1164 4542 virtute
1197 4487 1630 4559 superasset,et
1659 4476 2014 4543 ostendisset

2106 4474 2221 4532 κατ’
2277 4474 2470 4552 ἀρετὴν
2499 4471 2898 4551 δπερόεϐηκὼς,
2931 4477 3018 4532 καὶ
3060 4475 3231 4540 δείκας
3264 4478 3344 4535 ὅτι
3376 4481 3455 4554 μὴ
3512 4479 3718 4536 καθόλου

371 4575 742 4632 senectutem
792 4587 913 4630 non
946 4586 1080 4632 esse
1109 4567 1445 4649 hujumodi,
1479 4576 1544 4629 ut
1592 4585 1792 4629 rerum
1827 4565 2017 4629 bona-

372 4676 502 4721 rum
536 4656 782 4720 omnino
810 4668 1008 4722 certos
1039 4659 1255 4720 efﬁciat
1285 4674 1700 4738 possessores:
1735 4655 1841 4717 sed
1872 4675 2020 4720 non-

371 4766 677 4830 nunquam
710 4746 888 4809 etiam
921 4759 1084 4810 recte
1114 4748 1443 4810 institutam
1470 4747 1843 4826 juventutem
1883 4765 2019 4809 esse

369 4839 609 4901 virtutis
659 4856 779 4900 non
815 4839 1318 4902 contemnendam
1377 4835 1682 4898 custodem
1717 4855 1732 4911 ;
1766 4853 1900 4896 nam
1931 4838 2016 4896 vi-

369 4929 658 4992 cesimum
692 4927 932 5009 quidem
966 4945 1186 4990 annum
1213 4927 1337 5008 jam
1368 4927 1662 5004 attigerat.

437 5017 596 5081 XIII.
629 5016 773 5080 Cum
797 5025 991 5079 autem
1017 5017 1072 5079 ei
1099 5025 1259 5080 esset
1289 5016 1597 5078 mandatus
1617 5011 2012 5092 magistratus,

370 5111 663 5188 majorem
698 5125 900 5171 curam
926 5107 1174 5186 gerebat
1197 5106 1738 5187 orphanorum,eos
1756 5107 2014 5182 primum

369 5215 571 5260 sacras
602 5195 826 5259 docens
858 5197 1215 5277 Scripturas,
1251 5205 1309 5257 et
1341 5193 1562 5256 deinde
1592 5191 1767 5254 etiam
1814 5190 2014 5253 divino

369 5305 474 5349 eos
530 5285 785 5366 dignans
815 5285 1134 5367 baptismo,
1163 5294 1222 5347 et
1251 5284 1322 5346 ad
1367 5301 1493 5357 eos,
1528 5299 1681 5360 quos
1712 5299 1822 5360 par
1864 5289 2014 5354 erat,

370 5377 610 5453 gradus,
631 5394 750 5437 non
783 5375 1142 5447 omnes.sed
1175 5374 1385 5453 dignos
1414 5373 1708 5435 referens.
1743 5368 1895 5432 Hinc
1927 5369 2016 5430 fa-

372 5469 532 5523 ctum
587 5472 700 5542 est,
732 5471 797 5525 ut
826 5482 895 5525 ex
925 5463 1076 5526 locis
1123 5462 1333 5525 vicinis
1362 5480 1572 5524 omnes
1622 5460 2015 5533 conﬂuerent,

2100 4566 2160 4621 τὸ
2215 4569 2384 4642 γῆρας
2429 4565 2557 4640 πρὸς
2616 4565 2715 4632 τὴν
2772 4569 2877 4620 τῶν
2934 4564 3114 4622 καλῶν
3197 4569 3389 4634 κτῆσιν
3459 4569 3717 4647 ἒχέ-γίυον·

2101 4653 2223 4712 ἀλλ’
2265 4653 2408 4710 ἔστιν
2466 4651 2549 4710 ὅτε
2601 4654 2692 4710 καὶ
2753 4654 2941 4720 νεότης
2984 4653 3517 4734 εὸπαιδαγωγηθεῐσα
3570 4656 3722 4738 φυλά-

2102 4743 2181 4810 ξαι
2216 4745 2310 4804 τὴν
2367 4743 2557 4820 ἀρετὴν
2610 4741 2705 4800 οὒκ
2735 4741 3012 4818 ἀδόκιμον
3059 4747 3297 4802 εἰκοστοῦ
3343 4747 3443 4821 μὲν
3496 4748 3594 4826 γὰρ
3636 4745 3723 4814 ἤδη

2101 4840 2198 4901 τῆς
2229 4832 2438 4900 ἡλικίας
2475 4831 2670 4898 ἥπτετο
2703 4831 2875 4894 ἔτους,

2181 5011 2291 5072 1Γ¹,
2338 5009 2724 5091 Ἐγχειρισθεὶς
2754 5009 2810 5067 δὲ
2840 5012 2928 5068 καὶ
2953 5011 3068 5090 ςτὴν
3100 5012 3300 5093 ἀρχὴν,
3336 5011 3555 5072 πλείονα
3599 5014 3724 5089 μᾶλα-

2099 5104 2192 5158 λον
2228 5101 2469 5158 ἐποιεῖτο
2513 5101 2631 5177 περὶ
2661 5100 2782 5163 τοὺς
2841 5101 3094 5181 ὀργανοὺς
3123 5103 3220 5169 τὴν
3272 5101 3614 5178 κηδεμονίαν,
3643 5105 3724 5168 τὰς

2098 5193 2194 5256 τὰς
2277 5190 2416 5261 ἱερὰς
2491 5190 2747 5268 πρότερον
2831 5191 3020 5254 αὐτοὺς
3093 5191 3300 5272 Γραφᾶς
3382 5192 3719 5268 ἓκπκιδεύων,

2102 5294 2220 5338 εἶτα
2274 5278 2492 5338 καὶτοῦ
2547 5280 2685 5337 θείου
2727 5279 3095 5356 βαπτίσματος
3153 5280 3313 5346 ἀξιῶν
3362 5283 3452 5339 καί
3512 5285 3721 5360 βαθμοῖς

2101 5373 2160 5428 οὖ
2244 5372 2468 5452 πάντας,
2541 5368 2678 5427 ἀλλὰ
2766 5373 2882 5434 τοὺς
2966 5367 3163 5448 ἀξίους,
3250 5386 3366 5437 τοῖς
3451 5375 3719 5444 καθήκουσι

2100 5459 2436 5540 καταλέγων.
2511 5458 2780 5521 Ἐντεῦθεν
2837 5461 2884 5516 οἱ
2953 5458 3014 5516 ἐκ
3058 5462 3310 5542 γειτόνων
3354 5463 3550 5526 πάντες
3612 5485 3716 5523 συν-
