4006 6138
244 288 399 358 825
1349 291 1538 356 VITA
1582 290 1644 353 S.
1688 287 2127 354 CLEMENTIS
2167 290 2592 355 ANCYRANI.
3536 282 3655 350 826

245 420 488 501 έῤῥιον,
566 423 631 480 τὰ
713 423 889 480 οἰκεῖα
974 422 1136 480 τέκνα
1206 424 1337 498 πρὸς
1399 422 1557 479 αὐτὸν
1611 421 1722 496 ὅλῳ
1778 426 1921 497 θυμῷ

2010 437 2154 483 suos
2203 420 2362 483 ﬁlios
2395 420 2468 484 ad
2516 422 2715 501 ipsum
2748 438 2818 483 ex
2853 427 2975 483 toto
3023 418 3223 483 animo
3252 416 3652 487 adducentes.

244 513 672 591 προςάγοντες.
707 510 780 571 ’Ἃ
823 510 889 580 δὴ
944 513 1033 570 καὶ
1089 515 1161 578 ὡς
1218 512 1466 591 γνησίους
1511 513 1699 570 ἑαυτοῦ
1730 510 1921 575 παῖδας

2011 508 2176 583 Quos
2206 511 2449 591 quidem
2488 520 2770 593 tanquam
2802 527 3127 589 germanos
3157 527 3299 570 suos
3342 508 3495 570 filios
3521 524 3653 568 sus-

241 601 394 677 μεθ’
463 601 660 671 ἡδονῆς
695 600 1157 683 προσδεχόμενος,
1190 604 1288 669 τῆς
1321 602 1510 675 ὁμοίας
1539 600 1688 673 ἠξίου
1719 599 1921 670 δήπου-

2010 602 2266 679 cipiens,
2321 600 2603 662 similiter
2684 599 2983 662 educabat
3041 608 3220 679 atque
3275 595 3653 660 instituebat.

242 694 351 748 θεν
407 691 637 772 ἀγωγῆς
696 693 785 749 καὶ
814 690 1163 754 παιδεύσεως.
1201 690 1357 748 Ἀλλ’
1388 691 1531 747 οὗτοι
1562 691 1662 766 μὲν
1694 692 1743 748 οἱ
1775 692 1921 770 πρῶ-

2011 688 2129 753 Sed
2160 700 2298 750 sunt
2330 690 2389 751 hi
2423 691 2675 766 quidem
2709 690 2889 769 primi
2923 707 3132 751 revera
3160 688 3393 749 fructus
3422 686 3652 751 virtutis

241 800 347 837 τοι
390 786 497 848 τῆς
529 781 729 858 ἀρετῆς
758 790 851 841 τοῦ
898 782 1098 859 ἀγαθοῦ
1145 779 1456 856 Κλήμεντος
1509 780 1674 844 ὄντως
1708 782 1921 858 καρποὶ.

2012 779 2153 842 boni
2185 778 2538 854 Clementis,
2572 790 2630 841 et
2662 780 2797 842 talia
2832 781 3076 861 praemia
3100 777 3449 840 sacerdotii.

248 871 358 930 καὶ
394 876 624 929 τοιαῦτα
652 872 717 928 τὰ
742 876 839 940 τῆς
867 871 1155 950 ἱερωσύνης
1184 870 1459 951 προοίμια.

1774 1081 2021 1148 CAPUT
2064 1082 2168 1148 III.

847 1318 911 1384 S.
950 1319 1277 1384 Clementia
1318 1320 1670 1400 captivitas,
1701 1316 1997 1380 adversus
2027 1314 2364 1379 blanditias
2393 1325 2447 1380 et
2490 1321 2689 1383 minas
2721 1323 3090 1385 constantia.

352 1535 479 1609 IA'.
548 1539 702 1619 Ἐξῆς
758 1550 813 1608 δὲ
869 1554 1033 1632 πέρας
1092 1554 1235 1628 αὐτῷ
1291 1551 1582 1630 λαμϐάνειν
1611 1551 1664 1609 αι
1694 1550 1790 1618 τῆς
1821 1572 1921 1625 μη-

2090 1546 2544 1629 XlVDeinceps
2557 1559 2753 1614 autem
2776 1553 2830 1615 ei
2851 1553 3029 1615 tinem
3054 1544 3357 1627 incipiunt
3376 1542 3656 1625 accipere

252 1635 403 1711 τρὺς
492 1638 814 1719 προρῤήσεις
878 1641 1164 1722 ἄρχονται,
1246 1646 1332 1701 καὶ
1413 1644 1441 1700 ὁ
1494 1648 1588 1699 τοῦ
1644 1638 1921 1717 μαρτυρίου

2014 1636 2219 1699 matris
2241 1640 2748 1718 praedictiones,et
2769 1641 3009 1705 contexi
3032 1640 3235 1700 divina
3256 1653 3479 1701 corona
3499 1649 3657 1694 mar-

250 1725 432 1790 θεῖος
483 1725 856 1789 διαπλέκεσθαι
915 1732 1175 1813 στέφανος
1212 1749 1225 1764 ·
1297 1734 1488 1810 μικρὸν
1559 1730 1613 1788 δὲ
1681 1729 1921 1801 ἀνωτέρω

2013 1727 2187 1806 ίῐτῖίε
2240 1738 2546 1792 estautem
2572 1750 2605 1793 a
2634 1731 2809 1794 nobis
2836 1732 3027 1795 oratio
3048 1729 3326 1792 ducenda
3354 1725 3528 1807 paulo
3548 1722 3655 1813 al-

252 1814 364 1870 τὸν
436 1814 603 1896 λόγον
637 1826 911 1899 προσῆκον
942 1812 1084 1897 ἡμᾶς
1114 1822 1361 1902 ἀγαγεῖν.
1398 1821 1553 1900 ’Ἄρτι
1598 1819 1921 1887 Διοκλητια·

2016 1816 2308 1880 tius.Cum
2344 1820 2756 1885 Diocletianus
2786 1825 3124 1887 Romanum
3158 1812 3652 1902 suscepissetim-

254 1910 362 1960 νοῦ
430 1907 531 1974 τὴν
606 1901 877 1986 Ῥωμαίων
962 1900 1172 1994 ἀρχὴν⁷
1219 1900 1621 1988 ἀνεδεξαμένου,
1708 1910 1921 1967 κάκεῖνο

2015 1908 2341 1986 perinm,et
2372 1910 2432 1970 in
2464 1928 2536 1972 eo
2563 1912 2820 1991 primum
2853 1930 3076 1975 annum
3110 1916 3496 1989 ageretmova
3518 1900 3654 1994 qui-

257 1995 506 2070 ⁴κριῗὶιτον
536 1997 657 2065 ἶτος
686 2000 773 2059 ἀπ’
804 2001 940 2078 αι’)τῇ
974 1991 1221 2081 ἄγοντος,
1256 2003 1413 2059 καινὰ
1470 2001 1567 2078 μὲν
1610 2001 1746 2058 κατὰ
1796 2007 1921 2075 Χρι-

2012 1996 2148 2058 dem
2178 2017 2403 2074 genera
2442 2009 2883 2066 tormentorum
2928 2001 3256 2082 excogitata
3286 1998 3521 2059 fuerant
3547 1991 3652 2056 ad-

258 2092 528 2143 στιανῶν
584 2087 706 2158 εἴδη
756 2092 1004 2168 βασάνων
1048 2092 1417 2168 ἐπινενόηντο,
1453 2092 1624 2149 καινοὶ
1652 2089 1707 2147 δὲ
1741 2096 1921 2168 τρόποι

2012 2104 2218 2151 versus
2242 2090 2613 2154 Christianos
2648 2112 2661 2156 :
2699 2112 2987 2155 novorum
3020 2102 3217 2154 autem
3245 2092 3450 2150 mortis
3469 2101 3657 2165 gene-

264 2176 538 2234 θανάτων
594 2178 912 2256 ἠπείληντο,
972 2183 1059 2241 καὶ
1115 2183 1405 2259 γράμματα
1435 2182 1570 2238 κατά
1607 2186 1781 2238 πᾶσαν
1832 2180 1921 2247 τὴν

2012 2194 2145 2239 rum
2176 2179 2355 2242 minae
2373 2180 2608 2243 fuerant
2634 2182 2945 2246 intentata:
2973 2200 2987 2245 :
3013 2191 3071 2244 et
3094 2174 3655 2243 mittebanturlitte-

264 2264 532 2334 ὑποτελῆ
577 2260 858 2344 ’Ῥωμαίοις
889 2270 1184 2346 ἰπὲμπετο,
1216 2272 1445 2350 ἅργουσί
1472 2292 1529 2327 τε
1558 2270 1646 2327 καὶ
1674 2268 1928 2347 ἡγεμόσι,

2014 2284 2097 2328 rae
2118 2285 2226 2347 per
2256 2287 2494 2332 omnem
2528 2279 2917 2353 terram,qua3
2942 2271 3185 2353 parebat
3205 2264 3657 2344 Romanis,qum

265 2354 556 2434 βιιαρίοις
607 2360 715 2416 τισί
790 2381 848 2417 τε
933 2363 1020 2418 καὶ
1078 2361 1422 2439 ἀνθυπάτοις,
1484 2360 1738 2434 τιμωρίας
1796 2358 1921 2414 κατᾶ

2020 2358 2457 2435 πιδείειτδιῑιιυε
2479 2370 2537 2422 et
2564 2361 3307 2439 praesidibusyicariisque
3321 2365 3379 2418 et
3402 2370 3658 2435 procon-

264 2450 401 2501 τῶν
459 2445 693 2505 εὐσεϐῶν
748 2451 839 2506 καὶ
888 2450 1092 2531 σφαγὰς
1140 2448 1347 2514 ἀδίκους
1372 2449 1796 2527 ἆπο-ραινόμενα,
1842 2448 1928 2504 καὶ

269 2531 600 2607 ἀμελήσασι
632 2537 731 2612 μὲν
775 2539 901 2618 περί
944 2540 1107 2597 ταῦτα
1149 2541 1240 2596 τὸν
1281 2539 1405 2595 ’ἴσον
1436 2540 1524 2595 καὶ
1554 2538 1735 2603 αὖτοϊς
1766 2538 1929 2594 ἀπει-

271 2620 487 2684 λοῦντα
544 2624 806 2703 κίνδυνον,
870 2628 1200 2688 σπουδάσασι
1249 2626 1305 2686 δὲ
1346 2629 1573 2687 πλοῦτον
1627 2628 1928 2709 ὑπισχνού-

274 2736 451 2789 μινα,
497 2714 717 2795 δωρεάς,
752 2718 850 2776 καὶ
878 2720 940 2776 τὸ
971 2719 1025 2776 ἐν
1056 2720 1284 2798 πρώτοις
1315 2726 1421 2777 τῶν
1480 2717 1777 2796 βασιλικῶν
1835 2718 1928 2774 εἶ-

277 2825 376 2861 ναι
432 2803 622 2887 φίλων,
682 2808 772 2864 καὶ
830 2811 903 2873 ὡς
961 2809 1111 2874 οὗτός
1170 2808 1313 2866 ἐστιν
1370 2812 1397 2864 ὸ
1453 2813 1518 2885 τῇ
1565 2814 1698 2885 τιμῇ
1727 2807 1928 2873 πάντας

279 2892 578 2975 ὕπερέξων,
629 2894 778 2967 ὅστις
836 2895 902 2965 δὴ
967 2900 1056 2955 καὶ
1140 2903 1210 2975 τῇ
1269 2898 1392 2971 περί
1465 2905 1633 2954 ταῦτα
1695 2896 1928 2974 δπερὲξει

282 2980 520 3061 σπουδῃ,
583 2989 643 3044 Οἱ
702 2993 829 3064 γοῦν
893 2988 1030 3045 κατά
1100 2986 1286 3052 πόλεις
1348 2989 1434 3044 καὶ
1490 2988 1674 3068 χώρας
1714 2984 1927 3053 ἀσεϐεῖς

285 3073 583 3156 ἡγεμόνες,
643 3075 957 3152 ὑπέκκαυμα
1000 3075 1171 3148 δήπου
1219 3077 1315 3145 τῆς
1348 3078 1549 3134 ἑαυτῶν
1581 3077 1771 3153 μανίας
1831 3077 1928 3143 τὴν

2015 2446 2249 2507 sulibus
2278 2448 2565 2511 adversus
2598 2451 2723 2531 pios
2756 2451 3049 2532 supplicia
3084 2457 3143 2511 et
3173 2446 3370 2511 caedes
3401 2443 3654 2523 injustas

2014 2534 2521 2614 signiﬁcabant,et
2542 2538 2750 2622 iis,qui
2782 2541 2842 2602 in
2876 2540 2950 2601 iis
2978 2540 3231 2602 fuissent
3255 2534 3652 2622 negligentem

2014 2626 2246 2701 aequale
2279 2620 3053 2709 minabantur—periculum;
3084 2628 3161 2690 iis
3184 2636 3411 2700 autem,
3432 2621 3532 2701 qui
3558 2620 3653 2681 di-

2014 2711 2276 2791 ligenter
2304 2716 2557 2779 fuissent
2587 2720 3031 2800 exsecuti,opes
3071 2709 3654 2798 pollicebantur,do-

2016 2814 2177 2869 na.et
2196 2823 2329 2868 esse
2348 2806 2507 2868 inter
2524 2809 2751 2887 primos
2772 2810 3001 2871 amicos
3021 2806 3420 2889 imperatoris;
3436 2810 3497 2865 et
3511 2817 3647 2863 eum

2016 2893 2245 2955 honore
2275 2913 2486 2958 omnes
2506 2915 2640 2960 esse
2670 2897 3223 2979 superaturum,qui
3255 2895 3315 2957 in
3351 2893 3442 2954 his
3475 2889 3654 2951 rebus

2011 2980 2195 3046 fuerit
2226 2985 2427 3046 studio
2460 2989 2753 3069 superior.
2783 2988 2891 3061 Qui
2925 3007 3066 3068 ergo
3094 2988 3154 3049 in
3186 2984 3437 3047 urbibus
3463 2994 3523 3041 et
3552 2996 3654 3041 re-

2012 3072 2290 3150 gionibus
2331 3085 2505 3139 erant
2562 3078 2736 3155 impii
2796 3079 3106 3160 praecedes,
3156 3095 3225 3138 ex
3263 3069 3558 3150 obsequio
3591 3070 3653 3129 in

284 3170 381 3220 τοῦ
436 3173 754 3236 κρατοῦντος
797 3168 1107 3243 ποιούμενοι
1165 3167 1472 3247 θεραπείαν,
1547 3167 1672 3237 μίαν
1730 3167 1921 3234 ταύτην

2015 3161 2349 3243 principem
2382 3165 2671 3229 ducentes
2694 3187 2815 3229 sine
2844 3169 3110 3230 fomitem
3138 3163 3407 3235 insaniae,
3442 3162 3503 3222 in
3538 3160 3653 3222 hoc

288 3234 514 3332 γνώμην
571 3258 737 3337 εἶχον
802 3234 1015 3338 ὁμοίαν,
1071 3259 1196 3333 μίαν
1226 3234 1559 3335 ’ὁρμὴνίένν
1598 3254 1678 3314 διὰ
1730 3259 1921 3322 παντὸς

2013 3234 2575 3327 ξιοηεείιῐίθιιεηι,ιιι
2604 3259 2839 3340 eos.qui
2868 3259 2925 3319 in
2953 3258 3173 3338 pietate
3202 3252 3651 3324 vivebant,con-

292 3343 636 3423 σπούδασμα,
671 3347 810 3405 ὥστε
866 3346 1351 3424 κατακόψαιττοὺς
1393 3346 1450 3402 ἐν
1500 3344 1737 3420 εὐσεϐείᾳ
1792 3353 1921 3418 ζῶν-

2013 3341 2454 3415 scinderent,et
2478 3344 2559 3406 ita
2586 3365 2795 3408 omnes
2822 3347 3095 3410 delerent
3127 3354 3184 3407 et
3205 3344 3281 3406 de
3307 3341 3505 3403 medio
3531 3339 3650 3401 tol-

299 3455 418 3506 τας,
448 3438 534 3492 καὶ
563 3435 733 3502 οὕτως
763 3438 1017 3515 ἰκτρϊψαι
1048 3438 1139 3495 καὶ
1195 3435 1411 3494 ἀνελεῖν
1465 3438 1729 3511 ἅπαντας,
1782 3436 1921 3502 ὅπως

2013 3428 2231 3497 lerent.
2262 3441 2327 3491 ut
2356 3450 2594 3507 eorum,
2628 3435 2729 3513 qui
2764 3434 3053 3496 timebant
3078 3434 3419 3504 Dominum,
3450 3425 3651 3515 nullus

306 3521 485 3592 μηδεὶς
541 3529 724 3593 αὐτοὺς
781 3513 1017 3585 διαλάθοι
1047 3532 1153 3585 τῶν
1185 3526 1528 3603 φοϐουμίνων
1569 3528 1661 3582 τὸν
1713 3527 1921 3604 Κύριον.

2013 3519 2314 3583 evaderet.
2345 3519 2550 3603 Itaque
2581 3523 2651 3583 ad
2691 3524 3088 3587 Domitianum
3122 3537 3390 3604 quoque,
3424 3515 3527 3597 qui
3556 3513 3651 3575 vi-

304 3610 512 3685 ’Λμίλει
555 3618 644 3674 καὶ
682 3623 993 3694 Δομετιανῷ
1021 3639 1127 3674 τινι
1175 3617 1275 3684 τὴν
1321 3622 1413 3673 τοῦ
1455 3617 1695 3691 βικαρίου
1748 3615 1921 3694 ἀρχὴν

2015 3609 2160 3671 carii
2191 3610 2438 3689 gerebat
2474 3613 2907 3690 magistratum,
2940 3624 3001 3678 et
3028 3611 3383 3675 versabatur
3412 3607 3472 3667 in
3506 3622 3648 3686 par-

294 3699 475 3784 ἔχοντι
519 3707 607 3764 καὶ
660 3719 778 3773 τοῖς
836 3706 1017 3786 μέρεσι
1048 3708 1147 3774 τῆς
1209 3705 1468 3768 Γαλατίας
1527 3702 1921 3784 ἐνδιατρίϐοντι,

2014 3698 2169 3760 tibus
2202 3700 2468 3777 Galatiae,
2501 3702 2767 3765 referunt
2789 3704 2865 3766 de
2897 3705 3009 3766 hoc
3043 3720 3253 3783 magno
3285 3706 3350 3762 et
3383 3696 3652 3759 admira-

287 3794 355 3850 τὰ
414 3797 549 3854 κατὰ
598 3798 691 3853 τὸν
752 3796 922 3876 μέγαν
976 3803 1160 3854 τοῦτον
1216 3798 1302 3853 κάὶ
1370 3796 1669 3870 θαυμαστὸν
1726 3794 1921 3872 ἀναφέ-

2010 3788 2118 3850 bili
2159 3789 2658 3869 Clemente,quod
2690 3813 2822 3856 cum
2852 3794 3163 3856 infantium
3198 3806 3470 3869 magnam
3502 3786 3653 3847 abe-

285 3904 435 3960 ρουσι
498 3884 813 3967 Κλήμεντα,
869 3889 942 3953 ὡς
997 3886 1097 3964 ἄρα
1126 3885 1261 3944 πολύ
1292 3908 1343 3943 τι
1374 3886 1579 3953 νηπίων
1607 3884 1921 3949 ἀποσπάσας

2012 3880 2287 3942 traxisset
2313 3883 2786 3961 multitudinem,
2821 3895 2895 3946 art
2928 3885 3228 3948 Christum
3266 3879 3369 3957 qui
3400 3878 3646 3949 dicitur.

280 3973 515 4055 πλῆθος,
575 3981 655 4049 τῷ
704 3976 982 4055 λεγομένῳ
1028 3976 1360 4053 προσαγάγοι
1410 3976 1641 4052 Χριστῷ,
1676 3974 1764 4031 καὶ
1820 3975 1919 4041 τὴν

2008 3968 2424 4046 adduceret,et
2446 3991 2797 4051 magnorum
2818 3974 3068 4036 deorum
3097 3972 3645 4055 cultum,quantum

278 4065 380 4139 μὲν
420 4053 705 4142 θρησκείαν
748 4053 854 4124 τῶν
911 4065 1163 4145 μεγάλων
1218 4068 1374 4144 θεῶν,
1424 4066 1497 4127 ὡς
1542 4064 1666 4121 οἶόν
1713 4084 1771 4119 τε
1800 4061 1921 4119 δια-

2010 4068 2235 4139 posset,
2272 4062 2645 4141 prohiberet,
2673 4064 3064 4144 persuaderet
3095 4069 3294 4124 autem
3328 4056 3531 4120 multis
3560 4053 3647 4116 illi

278 4152 501 4234 κωλύει,
563 4155 747 4229 ἐκείνῳ
801 4154 856 4213 δὲ
912 4154 1269 4236 προσανέχειν
1316 4155 1438 4217 τοὺς
1498 4151 1728 4216 πολλοὺς
1787 4153 1920 4209 ἀνα-

2007 4149 2274 4211 animum
2321 4151 2633 4231 adhibere,
2669 4162 2728 4217 et
2774 4156 2967 4217 vivum
3018 4154 3212 4216 solum
3262 4166 3397 4212 eum
3454 4146 3643 4209 Deum

276 4244 474 4324 πείθει,
504 4244 600 4302 καῖ
631 4249 802 4318 ζῶντα
833 4247 995 4321 μόνον
1026 4246 1183 4303 αὐτὸν
1214 4244 1458 4322 κηρύττει
1496 4243 1646 4305 Θεόν,

2010 4239 2360 4319 praedicare.

362 4331 480 4394 ιε’.
546 4341 722 4393 Ταῦτα
776 4338 914 4409 ὁμοῦ
970 4356 1028 4391 τε
1068 4335 1391 4410 Δομετιανὸς
1423 4331 1639 4404 ἤκουσε,
1676 4330 1765 4389 καὶ
1790 4332 1921 4406 ὁμοῦ

2086 4327 2208 4391 XV.
2242 4328 2379 4393 Haec
2410 4331 2588 4394 simul
2638 4352 2707 4395 ac
2755 4334 3043 4396 audiisset
3073 4330 3468 4395 Domitianus.
3502 4343 3642 4388 eum

282 4422 687 4503 κατασχεθῆναι
744 4427 929 4481 τοῦτον
971 4425 1067 4482 καὶ
1104 4426 1478 4503 προσαχθῆναι
1521 4419 1727 4479 κελεύει
1762 4437 1777 4453 ο
1815 4442 1921 4475 πα·-

2007 4418 2176 4498 Ῑυδθί
2204 4421 2444 4484 θάάυοὶ.
2475 4422 2586 4495 Οιιὶ
2630 4443 2763 4487 cum
2795 4424 2973 4506 paulo
3008 4436 3135 4504 post
3160 4430 3297 4484 ante
3328 4436 3464 4481 eum
3495 4434 3647 4479 con-

282 4513 537 4591 ραστάντι
593 4509 647 4569 δὲ
702 4511 823 4588 μετ’
882 4512 943 4568 οὗ
1000 4510 1136 4570 πολὺ
1167 4512 1450 4591 προσχὼν,
1497 4508 1737 4574 ὑπούλως
1769 4509 1921 4565 αὐτὸν

2010 4507 2281 4585 stitiSset,
2343 4530 2480 4573 eum
2510 4512 2746 4575 blandis
2804 4524 2863 4576 et
2914 4512 3220 4575 insidiosis
3248 4509 3445 4573 verbis
3476 4508 3548 4570 ad
3580 4524 3647 4569 se

281 4603 423 4679 ἄγαν
499 4601 588 4658 καὶ
663 4605 1049 4669 θεραπευτικῶς
1133 4599 1485 4659 ὑποκλέπτειν
1571 4600 1920 4675 ἀπεπειρᾶτο,

2010 4600 2310 4661 attrahere
2342 4602 2674 4665 conabatur
2713 4624 2726 4666 :
2757 4605 2901 4678 Quae
2930 4604 3225 4667 videntur.
3263 4601 3495 4667 dicens.
3531 4615 3646 4659 ne-

283 4690 635 4771 Ἀσύμφωνα,
669 4689 865 4769 λέγων,
897 4705 1021 4757 ταῖς
1062 4690 1412 4767 κατηγορίαις
1464 4688 1547 4745 ἐπὶ
1599 4693 1692 4745 σοῦ
1721 4689 1807 4743 καὶ
1863 4688 1921 4743 οὐ

2007 4708 2304 4769 quaquam
2339 4692 2700 4754 conveniunt
2727 4705 2786 4755 et
2811 4701 3149 4769 congruunt
3174 4692 3269 4760 iis.
3318 4709 3454 4767 quae
3482 4688 3557 4749 de
3593 4695 3649 4748 te

280 4778 491 4854 συνῳδα
553 4781 619 4837 τὰ
648 4781 893 4857 ὁρώμενα
926 4795 939 4811 ⁸
975 4780 1036 4837 τό
1066 4801 1123 4837 τε
1152 4782 1254 4859 γὰρ
1298 4784 1397 4845 τῆς
1450 4778 1653 4853 ὄψεως,
1709 4776 1803 4832 καί
1861 4778 1924 4832 τὸ

279 4876 375 4928 τοῦ
433 4871 860 4948 παραστήματος
919 4869 1155 4950 εὐγενὲς,
1214 4867 1353 4924 ἀλλὰ
1398 4866 1492 4923 καὶ
1533 4868 1593 4923 τὸ
1643 4866 1735 4922 τοῦ
1764 4864 1920 4933 ἤθους

279 4959 514 5021 ἐπιεικές
573 4981 631 5016 τε
682 4960 771 5017 καὶ
830 4959 1042 5037 μέτριον
1072 4962 1297 5025 συνετῆς
1358 4980 1448 5032 μοι
1492 4954 1703 5012 δοκοῦσι
1736 4958 1921 5034 ψυχῆς

276 5050 452 5107 πάντα
508 5050 597 5105 καὶ
669 5044 964 5126 ἕλευθὲρας.
1026 5048 1096 5105 "A
1153 5045 1210 5104 δὲ
1265 5046 1367 5104 ὑπό
1429 5068 1585 5102 τινων
1647 5045 1783 5101 κατὰ
1826 5052 1921 5102 σοῦ

275 5136 549 5209 λέλεκται,
585 5135 928 5197 ἀπαιδευσίας
963 5135 1167 5212 μᾶλλον
1226 5133 1605 5216 μειρακιῶδους
1652 5135 1740 5191 καὶ
1769 5134 1918 5211 γνώ-

274 5250 385 5302 μης
448 5226 783 5303 ἀνελευθέρου
833 5227 922 5283 καὶ
976 5226 1226 5303 ἀγεννοῦς
1260 5242 1275 5257 ⁸
1339 5225 1470 5284 αὒτά
1512 5222 1567 5280 δὲ
1623 5222 1771 5297 ὅμως
1803 5220 1913 5281 δεί-

273 5318 347 5383 Est
378 5316 444 5372 τά
475 5316 764 5394 πράγματα
800 5336 813 5351 '
849 5317 1097 5389 εἰσόμεθα
1128 5317 1227 5394 γὰρ
1272 5316 1333 5370 ἃν
1367 5315 1471 5371 ἀπὸ
1530 5320 1621 5370 σοῦ
1667 5314 1794 5391 ρᾆν
1851 5315 1913 5370 τὸ

272 5405 495 5486 ἀληθὲς,
554 5405 671 5483 εἴγε
721 5407 885 5484 μικρά
942 5427 1059 5462 τινα
1108 5406 1307 5484 χαρίσῃ
1352 5410 1450 5472 τῆς
1497 5404 1758 5467 συνέσεως
1814 5408 1914 5471 τῆς

274 5500 373 5563 σῆς
432 5497 571 5570 ἡμῖν
628 5495 865 5572 ῥήματα.
902 5496 1000 5553 Καὶ
1030 5496 1057 5551 ὁ
1087 5496 1286 5573 μάρτυς
1321 5510 1336 5524 ⁸
1373 5492 1441 5549 Ἠ
1499 5494 1776 5573 φρόνησις,
1823 5496 1912 5548 εἶ-

275 5607 397 5664 πεν,
442 5585 601 5658 ἡμῶν
658 5588 745 5641 καὶ
814 5586 848 5654 ἦ
911 5585 1115 5649 σύνεσις
1170 5584 1391 5661 Χριστός
1451 5582 1593 5641 ἔστιν
1656 5586 1687 5653 ἡ
1745 5583 1912 5649 ὄντως

2005 4779 2202 4841 allatae
2222 4782 3123 4855 sunt,accusationibnsNultus
3152 4782 3313 4844 enim
3340 4790 3398 4841 et
3418 4778 3648 4859 species

2005 4867 2294 4940 liberalis,
2356 4890 2708 4954 morumque
2768 4874 3165 4936 mansuetudo
3198 4882 3255 4933 et
3287 4867 3641 4938 moderatio,

2006 4957 2151 5021 mihi
2174 4960 2420 5021 omnino
2445 4960 2725 5023 videntur
2745 4964 3057 5042 prudentis
3081 4976 3139 5024 et
3161 4959 3405 5039 ingenui
3430 4956 3638 5021 animi.

2003 5052 2135 5121 Quae
2159 5063 2349 5110 autem
2371 5054 2440 5111 de
2464 5065 2519 5111 te
2542 5057 2688 5114 dicta
2715 5065 2851 5114 sunt
2872 5059 2945 5114 ab
2984 5056 3302 5127 aliquibus,
3336 5062 3473 5112 sunt
3502 5065 3648 5125 pne-

1998 5134 2129 5196 rilis
2162 5134 2356 5213 p0tius
2380 5135 2656 5211 inscitiae,
2686 5139 3004 5220 pusillique
3028 5140 3215 5202 animi
3236 5149 3293 5200 et
3328 5138 3501 5217 plane
3522 5137 3643 5200 illi-

2000 5224 2375 5289 beralis.Res
2399 5245 2539 5288 vero
2571 5227 2698 5308 ipsa
2729 5229 2787 5290 id
2814 5230 3223 5292 indicabit.Ex
3249 5238 3305 5291 te
3325 5228 3485 5290 enim
3506 5246 3645 5291 vera

2002 5314 2304 5377 discemus
2337 5317 2656 5399 facilius,si
2683 5338 2870 5400 pauca
2894 5321 3164 5397 quaedam
3198 5318 3437 5382 dederis
3462 5322 3644 5383 verba

2002 5412 2115 5467 tuae
2131 5407 2716 5489 prudentiaedtlartyr
2737 5418 2937 5471 autem
2965 5427 2978 5472 :
3007 5408 3241 5481 Nostra,
3271 5410 3641 5491 inquit,pru-

2000 5494 2201 5556 dentia
2232 5504 2290 5557 et
2311 5496 2710 5578 intelligentia
2736 5509 2827 5561 est
2857 5498 3151 5581 Christus,
3212 5500 3310 5582 qui
3361 5509 3452 5562 est
3502 5521 3643 5567 vere

1997 5585 2313 5669 sapientia,
2354 5587 2455 5670 qui
2506 5589 2614 5651 Dei
2672 5596 2763 5651 est
2819 5588 3011 5653 Patris
3041 5588 3229 5654 Filius
3260 5598 3319 5654 et
3347 5589 3637 5671 Verbum,
