4006 6138
221 312 352 381 829

1344 311 1532 382 VlTA
1582 312 1645 379 S.
1705 311 2143 378 CLEMENTIS
2198 310 2624 377 ANCYRANI.

3559 273 3682 378 83o

1786 531 2032 598 CAPUT
2085 529 2187 596 IV.

1370 742 1625 808 Atracia
1653 741 1928 820 Ancyra:
1973 737 2241 802 tolerata
2273 744 2602 803 tormenta.

307 953 439 1016 18'.
514 964 724 1016 Ταῦτα
772 965 867 1016 τοῦ
917 958 1177 1036 μάρτυρος
1238 952 1372 1030 μετᾶ
1415 950 1659 1013 πλείονος
1706 947 1947 1012 είπόντος

2113 943 2266 1009 XIX.
2315 944 2456 1007 Πεοο
2487 965 2620 1008 cum
2657 957 2880 1026 martyr
2909 966 3042 1009 cum
3081 967 3294 1028 magna
3324 949 3582 1013 dixisset
3603 953 3677 1014 fl-

217 1049 332 1111 τῆς
394 1045 771 1124 παρῤησίας,
815 1048 969 1125 ῥίψας
1027 1048 1090 1104 τὸ
1143 1056 1489 1125 προσωπεῖον
1545 1043 1572 1096 6
1618 1039 1826 1118 ἄρχων,
1886 1037 1950 1104 ἢν

223 1132 405 1191 ὦδινε
461 1136 608 1193 κατ’
694 1139 856 1195 αὐτοῦ
914 1136 1087 1194 παλαι
1148 1133 1342 1210 μανίαν
1400 1132 1600 1196 ταύτην
1656 1130 1730 1192 εἰς
1788 1127 1952 1204 μέσον

224 1222 528 1304 ἒξήγαγεο
607 1231 705 1288 καὶ
766 1229 1187 1304 μετεωρίσαντες
1241 1227 1288 1281 οἱ
1356 1226 1696 1300 παρεστῶτες
1762 1217 1950 1278 εὐθέως

228 1313 328 1372 ἰπὶ
391 1314 585 1382 ξύλου
619 1319 716 1376 τὸν
763 1317 1030 1390 ἀθλητὴν,
1062 1315 1228 1378 οὕτως
1258 1312 1350 1370 ὑπ’
1397 1315 1555 1370 αὑτοῦ
1586 1312 1950 1388 προσταχοεν,

228 1404 540 1472 διέξαινὸν
596 1431 662 1466 τε
708 1408 868 1466 αύτοῦ
921 1408 1016 1471 τὰς
1067 1405 1319 1484 πλευρὰς,
1355 1404 1448 1460 καί
1504 1408 1610 1458 τῶν
1661 1398 1952 1476 βασιλικῶν

229 1499 735 1576 προσταγμάτων
807 1498 886 1573 μὴ
943 1495 1344 1577 καταφλυαρεῖν
1401 1499 1620 1550 τοιαῦτα
1670 1489 1949 1567 ἐπέλεγον.

233 1589 499 1644 Βαθεῖαι
577 1589 685 1663 μὲν
718 1590 806 1645 οὖν
850 1588 986 1644 κατὰ
1016 1593 1124 1644 τῶν
1179 1587 1383 1643 ἑκείνου
1412 1588 1623 1662 σαρκῶν
1669 1580 1953 1655 ὲτέμνοντο

233 1673 542 1751 αὔλακας,
609 1679 701 1735 καὶ
758 1678 825 1736 τὰ
881 1677 1116 1733 πλεῖστα
1177 1676 1381 1732 τούτων
1439 1674 1724 1753 ἀφῃρεῖτο,
1768 1671 1855 1726 καὶ
1911 1670 1946 1736 ἡ

232 1762 407 1823 ἔνδον
473 1773 914 1846 παρεγυμνοῦτο
986 1764 1318 1838 διάπλασις,
1379 1765 1452 1826 ὡς
1523 1760 1659 1838 μηδὲ
1727 1759 1949 1816 ἀνεκτὸν

228 1855 578 1935 ἀνθρώπων
624 1844 928 1936 ὀφθαλμοῖς
989 1857 1134 1912 εἶναι
1195 1853 1393 1930 θέαμα.
1449 1844 1506 1910 Ὀ
1559 1850 1603 1907 δ’
1636 1853 1730 1908 οὐκ
1788 1848 1947 1905 ἔπαθε

227 1947 342 2014 τὴν
413 1948 663 2028 ψυχὴν,
697 1952 792 2006 οὐκ
837 1945 1105 2014 ἠλλοίωσε
1152 1947 1248 2012 τὴν
1302 1944 1536 2024 μορφὴν,
1571 1943 1631 1999 οὐ
1687 1937 1946 2016 μετέϐαλε

232 2037 347 2105 τὴν
415 2039 662 2119 φωνὴν,
696 2041 755 2097 οὗ
807 2038 957 2114 ῥῆμα
1011 2034 1246 2092 ἐλεεινὸν
1307 2033 1479 2110 οὐδὲν,
1535 2034 1595 2088 οὐ
1651 2030 1950 2106 στεναγμὸν

239 2127 478 2209 ἆφῆκεν
541 2127 908 2203 ὀδυνωμένου.
966 2123 1118 2182 Ἀλλ’
1173 2124 1352 2200 ὥσπερ
1397 2120 1462 2190 δὴ
1507 2127 1612 2177 τῶν
1669 2141 1947 2198 παρεστη-

245 2217 450 2275 κότων
517 2219 624 2275 καὶ
676 2216 960 2292 θεωμένων
1029 2213 1277 2278 πλείονος
1335 2211 1542 2287 μᾶλλον
1587 2211 1744 2273 αὐτὸς
1809 2210 1947 2265 ἀπο-

2037 1037 2234 1111 ducia,
2290 1036 2526 1116 abjecta
2567 1057 2821 1118 persona
2872 1057 3118 1119 praeses,
3178 1059 3354 1121 quam
3417 1041 3559 1102 olim
3614 1042 3676 1102 in

2036 1129 2230 1208 ipsum
2289 1128 2660 1209 parturiebat
2710 1129 3032 1208 insaniam,
3095 1147 3225 1190 eam
3289 1131 3567 1207 produxit
3614 1133 3676 1192 in

2037 1218 2299 1279 medium
2339 1235 2351 1280 :
2389 1227 2446 1279 et
2476 1237 2612 1280 cum
2646 1219 2969 1281 sublimem
3005 1238 3189 1298 super
3217 1219 3443 1298 lignum
3476 1222 3674 1282 statim

2034 1309 2315 1370 athletam
2369 1308 2756 1369 sustulissent
2804 1310 2904 1386 qui
2954 1307 3224 1383 aderant,
3277 1311 3433 1388 quod
3493 1313 3539 1372 is
3598 1311 3679 1372 ita

2026 1398 2334 1478 jussisset,
2371 1397 2501 1477 ejus
2535 1398 2727 1460 latera
2758 1396 3086 1471 laniabant,
3137 1407 3196 1458 et
3238 1399 3673 1474 acclamabant,

2033 1491 2293 1567 nejussa
2312 1496 2730 1550 contemneret
2748 1488 3154 1566 imperatoris.
3175 1489 3463 1550 Profundi
3480 1489 3679 1570 itaque

2034 1577 2186 1640 sulci
2248 1578 2614 1640 secabantur
2673 1579 2733 1639 in
2794 1579 2958 1640 illius
3006 1577 3314 1651 carnibus,
3367 1589 3424 1639 et
3472 1597 3677 1641 earum

2034 1687 2246 1747 magna
2297 1687 2434 1749 pars
2483 1669 2895 1743 auferebatur,
2945 1678 3004 1730 et
3055 1669 3252 1729 forma
3302 1669 3675 1731 internorum

2030 1758 2416 1837 aperiebatur
2465 1759 2788 1831 viscerum,
2847 1767 3015 1820 utne
3066 1757 3374 1819 hominum
3431 1759 3674 1840 quidem

2031 1849 2226 1912 oculis
2256 1857 2415 1911 esset
2447 1848 2824 1911 tolerandum
2857 1848 3288 1930 spectaculum.
3339 1847 3447 1910 Ille
3477 1859 3674 1911 autem

2032 1957 2152 2000 non
2180 1947 2272 2000 est
2301 1938 2503 2002 animo
2539 1947 2897 2012 commotus,
2935 1957 3054 1999 non
3103 1939 3348 2000 mutavit
3395 1940 3672 2013 formam,

2032 2047 2152 2090 non
2199 2047 2435 2102 vocem,
2485 2048 2603 2090 non
2635 2027 2878 2090 verbum
2914 2029 3119 2091 emisit
3149 2028 3518 2104 miserabile,
3558 2047 3678 2091 non

2029 2119 2315 2198 gemitum
2352 2119 2486 2196 ejus
2516 2119 2620 2199 qui
2653 2119 2868 2181 dolore
2897 2119 3204 2180 cruciatur
3237 2139 3250 2179 :
3286 2119 3390 2182 sed
3425 2118 3679 2200 perinde

2027 2227 2096 2270 ac
2115 2208 2164 2270 si
2189 2216 2345 2270 esset
2377 2207 2653 2268 securior
2682 2209 2775 2282 iis,
2803 2209 2905 2288 qui
2939 2209 3188 2270 aderant
3216 2217 3274 2270 et
3305 2209 3677 2288 contempla-

248 2307 453 2366 λαύων
518 2306 702 2382 ἀδίας,
750 2307 840 2363 καὶ
887 2312 993 2362 τῶν
1050 2301 1334 2369 ξαινόντων
1379 2305 1550 2360 αὐτῶν
1597 2299 1949 2376 ἁπαθὲστερον

2037 2297 2273 2384 bantur,
2303 2307 2360 2359 et
2383 2296 2584 2359 minus
2607 2298 2860 2360 sentiret
2882 2316 3059 2378 quam
3086 2298 3316 2379 ipsiqui
3341 2297 3672 2373 caedebant,

256 2395 662 2475 διακείμενος,
713 2401 940 2474 εὐγενῶς
990 2392 1226 2470 μάλιστα
1275 2394 1363 2449 καὶ
1410 2391 1814 2470 μεγαλοψύχως
1874 2395 1949 2462 τῷ

261 2488 613 2566 ἂγωνοθέτῃ
647 2491 764 2562 Θεῴ
794 2485 1137 2566 ηὖχαρίστει.

357 2579 469 2643 Κ¹.
535 2569 633 2642 Ὠς
664 2577 721 2634 δὲ
751 2577 948 2657 χρόνος
982 2573 1214 2652 ἐτρίϐετο
1265 2580 1331 2651 τῇ
1362 2573 1588 2651 τιμωρίᾳ
1638 2570 1828 2649 πολὺς,
1862 2571 1949 2627 καὶ

271 2681 566 2748 παρεῖντο
609 2667 710 2742 μὲν
750 2679 869 2728 τοῖς
925 2663 1136 2740 δημίοις
1196 2667 1247 2720 αἱ
1298 2676 1508 2743 χεῖρες,
1556 2664 1584 2718 6
1640 2661 1836 2738 μάρτυς
1893 2657 1948 2715 δὲ

274 2759 391 2826 τὴν
441 2759 618 2824 αὐτὴν
664 2753 998 2813 ἐπεδείκνυτο
1051 2753 1426 2830 γενναιότητα,
1476 2750 1819 2831 ὑποχαλάσαι
1861 2751 1953 2807 τὸν

281 2852 456 2906 τόνον
508 2848 664 2905 αὐτου
692 2848 792 2913 τῆς
855 2843 1091 2922 ἂνδρείας
1133 2843 1452 2920 βουλόμενος
1509 2843 1536 2898 6
1601 2841 1806 2918 ἅρκων.
1863 2841 1952 2907 Μὴ

284 2939 518 3016 νόμιζε,
555 2937 736 3008 εἶπεν,
770 2934 816 2991 ὦ
868 2933 1045 3007 οὗτος,
1097 2934 1186 2990 καὶ
1232 2933 1391 2989 αὐτὸν
1437 2933 1533 3006 εμὲ
1580 2937 1648 3008 τῇ
1707 2932 1953 3010 καρτερίᾳ

277 3026 566 3105 ὑπερϐαλε
582 3039 654 3083 tv’
702 3023 821 3081 ἀλλ’
867 3025 912 3079 εἰ
942 3023 1038 3080 xui
1087 3024 1149 3079 τὸ
1186 3024 1318 3079 πολὺ
1365 3023 1463 3089 τῆς
1495 3021 1640 3099 ὥρασ
1671 3022 1860 3100 μικρόν
1902 3043 1952 3077 τι

285 3119 387 3182 τὰς
451 3115 635 3182 δεξιὰς
667 3113 870 3190 καμεῖν
915 3113 1035 3177 τοὺς
1070 3111 1340 3178 ξαίνοντας
1383 3112 1800 3191 παρεσκεύασεν,
1832 3109 1952 3166 ἀλλ’

284 3208 401 3287 ἒγὼ
465 3205 632 3266 πάλιν
687 3204 898 3282 ἑτέρους
952 3201 1399 3269 ἆντικαταστῆσω
1465 3225 1548 3259 σοι
1605 3203 1844 3279 νεαροὺς,
1899 3202 1950 3257 οἳ

323 3303 340 3321 ν
735 3295 749 3314 θ
793 3295 826 3349 ,ὦ
1418 3292 1427 3306 ‘
1543 3297 1553 3310 ι
1796 3292 1808 3312 Ι

289 3321 352 3358 ου
413 3317 680 3376 προτερον
727 3317 792 3351 αν
819 3315 988 3363 ,σουσι
1047 3291 1296 3366 ξαίνοντι,
1334 3315 1460 3371 πριν
1521 3293 1584 3347 ἂν
1640 3313 1813 3369 γυμνα
1870 3313 1952 3348 σοι

293 3394 510 3466 σαρκῶν
579 3385 647 3442 τὰ
703 3386 838 3442 ὀστᾶ
911 3381 1274 3441 καταλίπωσι.
1353 3381 1449 3440 Καὶ
1520 3380 1706 3436 αὖτίκα
1763 3379 1950 3455 δήμιοι

307 3476 473 3534 πάλιν
531 3476 592 3532 Ex
655 3473 918 3554 διαδοχῆς
989 3473 1081 3528 τὸν
1153 3471 1390 3548 μάρτυρα
1461 3469 1826 3548 περιστάντες,
1889 3470 1953 3524 τὰ

309 3565 474 3642 ὅμοια
530 3566 714 3622 τοῦτον
743 3565 832 3621 καὶ
864 3565 1050 3626 αὐτοῖς
1109 3574 1224 3624 τοῖς
1256 3559 1534 3638 προτέροις
1585 3559 1818 3638 ἰποίουν,
1850 3557 1950 3622 ἕως

2035 2406 2250 2467 magno
2281 2386 2480 2450 animo
2517 2386 2730 2466 agebat
2761 2387 2979 2464 gratias
3009 2387 3131 2450 Deo
3164 2387 3566 2467 agonothetaz.

2110 2565 2233 2627 XX.
2262 2565 2409 2628 Cum
2440 2585 2578 2628 vero
2607 2566 2666 2627 in
2697 2568 2825 2646 ejus
2847 2566 3142 2648 supplicio
3170 2567 3420 2629 multum
3449 2573 3678 2648 tempo-

2036 2657 2676 2732 risconsumeretur,et
2697 2657 2965 2719 remissa:
2982 2658 3226 2739 quidem
3248 2665 3452 2719 essent
3468 2675 3678 2719 manus

2037 2745 2380 2820 lictoribus,
2416 2754 2638 2828 martyr
2667 2756 2866 2809 autem
2913 2749 3192 2810 eumdem
3231 2748 3447 2809 fortem
3481 2755 3538 2809 et
3571 2766 3677 2826 ge-

2038 2855 2323 2898 nerosum
2356 2837 2704 2898 ostenderet
2733 2837 3027 2914 animum,
3060 2837 3266 2900 volens
3299 2856 3518 2918 praeses
3547 2837 3676 2900 dis-

2036 2926 2274 2988 solvere
2306 2925 2480 2987 fortis
2510 2927 2641 3006 ejus
2672 2928 2860 2990 auimi
2905 2927 3114 3003 robur,
3159 2927 3318 3003 Noli,
3369 2927 3587 3008 inquit,
3645 2947 3678 2989 ο

2041 3024 2122 3093 ιιι,
2159 3016 2504 3078 existimare
2529 3017 2680 3092 fore,
2705 3028 2769 3078 ut
2800 3027 2859 3080 tu
2885 3037 2978 3079 me
3004 3035 3254 3098 superes
3285 3017 3675 3080 fortitudine:

2036 3106 2138 3168 sed
2190 3105 2298 3167 etsi
2330 3105 2574 3185 longum
2609 3115 2844 3188 tempus
2877 3108 3169 3184 effecerit,
3204 3115 3264 3169 ut
3294 3125 3527 3182 eorum,
3577 3107 3679 3190 qui

2035 3195 2296 3271 caedunt,
2316 3195 2579 3258 dexterae
2601 3197 2718 3257 sint
2737 3216 2948 3278 parum
2966 3198 3239 3270 defessae,
3258 3208 3316 3257 at
3341 3215 3450 3275 ego
3471 3215 3679 3260 rursus

2037 3305 2247 3348 eorum
2283 3284 2413 3347 loco
2444 3287 2594 3346 alios
2627 3305 2844 3365 ponam
2876 3295 3174 3361 recentes,
3212 3288 3316 3367 qui
3361 3305 3479 3346 non
3513 3287 3680 3366 prius

2037 3384 2092 3438 te
2125 3375 2449 3437 cessabunt
2479 3376 2733 3449 caedere,
2769 3395 2948 3457 quam
3005 3375 3166 3438 nuda
3214 3376 3498 3438 carnibus
3540 3393 3680 3438 ossa

2037 3473 2135 3526 tua
2167 3464 2550 3545 reliquerint.
2576 3465 2910 3547 Statimque
2934 3465 3176 3527 lictores
3200 3485 3269 3527 ex
3292 3466 3680 3528 successione

2034 3573 2248 3615 rursus
2282 3563 2600 3632 martyrem
2635 3555 3171 3630 circumsistentes,
3221 3554 3276 3616 ei
3308 3573 3546 3635 quoque
3591 3555 3678 3616 si-

305 3658 393 3714 καὶ
425 3659 611 3718 αὐτοῖς
671 3653 868 3730 ὁμοίως
906 3650 1084 3708 ἅτονοί
1142 3671 1200 3706 τε
1242 3652 1328 3707 καὶ
1384 3649 1624 3714 ἀσθενεῖς
1654 3651 1706 3704 αἱ
1764 3661 1950 3726 χεῖρες

2039 3646 2203 3707 milia
2235 3642 2533 3706 faciebant
2563 3644 2890 3722 prioribus,
2922 3645 3117 3707 donec
3141 3645 3230 3705 eis
3259 3663 3495 3725 quoque
3518 3644 3680 3706 simi-

301 3747 680 3812 κατέστησαν.
723 3747 784 3802 '0
815 3744 990 3800 τοίνυν
1042 3741 1268 3808 ἀνόητος
1318 3737 1489 3819 ἄρχον
1535 3739 1765 3818 ἐκεῖνος,
1799 3744 1950 3794 τοῦτο

2038 3736 2175 3797 liter
2198 3753 2410 3796 manus
2432 3733 2751 3796 imbecillas
2778 3734 3095 3796 fueruntet
3115 3733 3512 3796 defessae.Ille
3536 3753 3678 3812 ergo

301 3859 404 3912 μεν
455 3843 550 3894 τοῦ
603 3835 866 3913 μάρτυρος
918 3833 1016 3900 τὴν
1049 3832 1325 3910 καρτερίαν
1373 3827 1768 3906 καταπλαγεὶς,
1803 3837 1950 3886 τοῦτο

2037 3825 2253 3888 stultus
2272 3843 2522 3904 przeses,
2541 3824 2753 3905 partim
2781 3825 3022 3899 quidem
3047 3825 3382 3887 admiratur
3405 3825 3680 3904 martyris

295 3925 355 3985 δὲ
411 3926 482 4003 τῇ
513 3925 698 3997 ἀτονία
745 3931 853 3981 τῶν
883 3922 1089 3998 δημίων
1140 3921 1533 4003 ξπαισχυνθεὶς,
1568 3923 1952 3994 κατενεψθῆνοι

292 4002 464 4074 αὺτὸν
503 4013 712 4072 κελεύει
760 4020 852 4070 τοῦ
911 4011 1087 4077 ξύλου.
1151 4002 1208 4069 Ὀ
1266 4009 1321 4067 δὲ
1352 4010 1418 4078 ἦν
1468 4009 1568 4086 ἄρα
1617 4011 1736 4065 οἷον
1795 4007 1950 4065 οὕτε-

289 4104 509 4182 δημίων
553 4102 689 4162 ἰδεῖν
746 4102 1044 4181 ὀφθαλμοῖ,
1079 4100 1196 4158 οὔτε
1245 4114 1435 4180 χεῖρες
1491 4099 1758 4171 ὑπέμενον
1800 4098 1950 4174 ἄψα-

290 4201 450 4254 σθαι⁶
515 4193 832 4272 γεγύμνωτο
902 4193 1001 4267 μὲν
1059 4193 1161 4269 γὰρ
1217 4197 1324 4246 τῶν
1397 4189 1607 4262 σαρκῶν
1665 4186 1814 4262 ὅλος,
1864 4191 1951 4245 καὶ

287 4285 492 4348 ταύτας
553 4285 791 4360 καθάπερ
819 4283 1034 4356 ἱμάτιον
1087 4278 1403 4354 ἀποδέδυτο,
1437 4284 1586 4354 μόνῳ
1629 4276 1684 4333 δὲ
1744 4277 1946 4357 ἅνθρω-

291 4398 401 4440 πος
450 4379 592 4431 εἰναι
624 4376 702 4448 τῷ
730 4372 980 4448 πήγματι
1037 4371 1144 4426 τῶν
1177 4370 1348 4427 ὀστῶν
1390 4369 1568 4443 ἐῴκει,
1603 4368 1691 4424 καὶ
1744 4369 1948 4433 τούτοις

293 4465 496 4542 αἵματι
544 4461 952 4543 κεχρωσμένοις
1011 4459 1321 4538 παράλογόν
1362 4481 1412 4515 τι
1461 4457 1656 4536 θέαμα,
1707 4457 1800 4512 καί
1851 4460 1949 4526 τὴν

293 4554 423 4632 ὄψιν
455 4553 672 4612 αὐτόθεν
715 4551 923 4630 ἰλίγγου
953 4549 1190 4629 πληροῦν
1221 4548 1531 4624 δυνάμενον.

388 4821 529 4883 KA'.
564 4817 684 4900 Ἐφ’
744 4824 828 4884 οἷς
859 4820 920 4876 τὸ
972 4817 1243 4896 βιάζεσθαι
1303 4818 1391 4874 καὶ
1443 4814 1688 4887 κολάζειν
1744 4815 1949 4882 ἐκεῖνος

305 4911 704 4990 ἀπαγορεύσας,
738 4913 813 4975 ὡς
865 4908 1014 4967 οὐδὲν
1061 4909 1201 4982 αὐτῷ
1255 4906 1416 4986 φανὲν
1441 4907 1739 4986 χρήσιμον,
1773 4910 1951 4962 πειθοῖ

305 5003 441 5078 πρὸς
500 5003 660 5060 αὐτὸν
709 4999 860 5065 αὖθις
921 4999 1123 5080 ἐχρῆτο
1180 4996 1274 5053 καί
1335 4996 1650 5072 προσηνείᾳ·
1693 4999 1812 5069 καὶ,
1850 4996 1950 5051 Δύο

305 5113 422 5164 σοι,
459 5090 665 5170 ἔλεγεν,
699 5090 744 5146 ὦ
776 5089 999 5168 Κλήμη,
1033 5095 1138 5145 τὼν
1188 5087 1498 5154 ἀνηκέστων
1529 5087 1730 5144 τούτων
1771 5085 1951 5142 κακῶν

303 5181 592 5262 γεγόνασιν
625 5179 802 5257 αἴτια,
847 5181 1037 5259 φθόνος
1083 5179 1169 5235 καὶ
1201 5177 1329 5254 ἔρις·
1385 5174 1506 5233 ἀλλ’
1551 5176 1705 5250 ὃμὲν
1761 5175 1951 5254 φθόνος

305 5294 392 5329 σοι
450 5271 594 5350 παρὰ
642 5274 743 5336 τῆς
802 5272 980 5350 τύχης
1037 5269 1377 5346 ἀπήντησεν,
1434 5267 1547 5330 ἥτις
1593 5265 1680 5322 καὶ
1720 5265 1950 5342 βασκαί-

306 5361 472 5421 νουσά
529 5381 614 5416 σοι
663 5360 880 5423 πάντως
913 5361 1008 5416 οὒκ
1048 5359 1110 5435 Ei.
1151 5359 1288 5414 κατὰ
1340 5364 1458 5414 νοῦν
1516 5369 1722 5436 χωρεῖν
1755 5378 1836 5411 σοι
1885 5356 1952 5412 τὰ

305 5451 620 5531 πράγματα.
677 5447 774 5506 Ἐκ
815 5449 870 5505 δὲ
929 5451 1134 5529 φύσεως
1188 5448 1250 5504 τὸ
1299 5446 1624 5512 φιλόνεικον·
1679 5442 1809 5511 αὕτη
1849 5446 1950 5523 γὰρ

309 5541 384 5604 εἷς
446 5537 666 5614 ἄκαιρόν
713 5560 771 5594 σε
838 5537 998 5596 πάλιν
1065 5537 1405 5616 ὕποθήγουσα
1475 5535 1606 5613 ἔριν,
1670 5534 1950 5602 πεισθῆναι

301 5631 438 5710 ἡμῖν
482 5626 749 5708 ἀπείργει,
794 5630 882 5688 καὶ
931 5628 1016 5688 διὰ
1070 5634 1226 5688 τοῦτο
1286 5639 1478 5692 κακοῖς
1535 5625 1631 5702 μέν
1675 5646 1734 5682 σε
1794 5646 1950 5706 περι-

2033 3915 2451 3986 constantiam,
2471 3915 2683 3994 partim
2699 3923 2895 3975 autem
2919 3915 3148 3995 pudore
3163 3916 3410 3977 affectus
3433 3923 3678 3995 propter

2035 4006 2310 4067 lictorum
2366 4001 2870 4078 imbecillitatem,
2917 4004 3101 4084 jussit
3149 4023 3286 4066 eum
3333 4004 3554 4083 deponi
3603 4005 3678 4066 de

2035 4093 2340 4174 ligno.llle
2371 4111 2510 4154 vero
2547 4093 2680 4155 talis
2713 4102 2861 4170 erat,
2898 4095 3138 4176 qualem
3171 4114 3282 4156 nec
3313 4094 3471 4155 oculi
3503 4094 3678 4156 licto-

2035 4203 2167 4246 rum
2201 4183 2498 4264 aspicere,
2535 4201 2732 4262 neque
2763 4202 2975 4244 manus
3005 4183 3385 4245 sustinebant
3409 4192 3675 4261 tangere,

2037 4282 2164 4335 erat
2199 4272 2360 4334 enim
2397 4272 2646 4334 omnino
2681 4273 2942 4335 nudatus
2975 4272 3282 4346 carnibus,
3319 4273 3525 4353 eisque
3556 4283 3680 4334 tan-

2035 4381 2212 4439 quam
2237 4369 2401 4424 veste
2434 4371 2560 4423 erat
2591 4371 2805 4424 exutus
2833 4384 2845 4426 :
2881 4362 3072 4425 solum
3099 4371 3298 4423 autem
3333 4372 3677 4442 propterea,

2034 4452 2191 4533 quod
2223 4459 2429 4512 essent
2451 4469 2588 4514 ossa
2613 4453 2749 4524 fixa,
2787 4452 2966 4512 homo
3001 4470 3136 4514 esse
3166 4450 3513 4523 videbatur;
3548 4471 3682 4532 qua:

2034 4544 2161 4622 ipsa
2188 4559 2428 4622 quoque
2444 4550 2616 4602 erant
2638 4541 2788 4602 illita
2811 4541 3431 4622 sanguine,quoddam
3460 4561 3678 4604 novum

2036 4642 2093 4695 et
2123 4631 2389 4693 alienum
2424 4631 2862 4711 spectaculum,
2889 4642 2947 4692 et
2977 4632 3138 4712 quod
3169 4631 3262 4693 vel
3301 4651 3369 4693 ex
3398 4650 3464 4694 se
3495 4637 3683 4712 possit

2037 4721 2276 4783 efficere
2308 4730 2370 4781 ut
2403 4721 2664 4800 caligeut
2697 4721 2885 4785 oculi.

2115 4811 2266 4873 XXI.
2303 4812 2597 4884 Quocirca
2627 4830 2763 4872 cum
2799 4810 2901 4872 ille
2921 4811 3306 4892 desperasset
3332 4830 3398 4874 se
3421 4831 3599 4892 posse
3625 4813 3681 4875 ei

2038 4901 2151 4962 vim
2175 4901 2390 4962 afferre
2413 4909 2470 4960 et
2490 4901 3024 4981 castig.»re,utpote
3049 4901 3205 4980 quod
3233 4906 3282 4961 ei
3309 4901 3496 4961 visum
3520 4911 3684 4964 esset

1976 4990 2274 5078 Dinutile,
2301 4990 2692 5070 persuasione
2723 5009 2930 5052 rursus
2961 4991 3115 5071 apud
3151 5010 3286 5052 eum
3321 4989 3601 5052 utebatur
3621 5001 3682 5054 et

2035 5081 2306 5154 lenitate,
2360 5090 2420 5142 et
2457 5101 2468 5138 :
2506 5079 2649 5142 Duae
2679 5079 2811 5155 tibi,
2845 5080 3072 5156 aiebat,
3106 5100 3138 5142 o
3171 5081 3474 5148 Clemens.
3511 5081 3679 5144 fuere

2034 5189 2230 5234 causa:
2262 5179 2564 5233 tantorum
2601 5171 2919 5246 malorum,
2975 5172 3198 5233 invidia
3230 5181 3288 5235 et
3318 5175 3626 5235 contentio
3661 5193 3676 5236 :

2033 5262 2138 5323 sed
2171 5260 2244 5323 ad
2281 5269 2336 5323 te
2369 5260 2614 5341 quidem
2639 5279 2672 5321 a
2704 5261 2940 5324 fortuna
2970 5263 3242 5342 pervenit
3273 5261 3515 5334 invidia,
3545 5282 3680 5344 quae

2035 5350 2142 5413 tibi
2171 5350 2417 5412 omnino
2449 5350 2752 5426 invidens,
2780 5371 2899 5412 non
2924 5352 3066 5414 sinit
3088 5370 3186 5413 res
3209 5351 3313 5414 tibi
3344 5353 3678 5418 succedere

2036 5462 2103 5504 ex
2125 5443 2446 5504 sententia.
2475 5447 2519 5501 A
2546 5449 2756 5502 natura
2775 5451 2978 5504 autem
3003 5451 3092 5503 est
3109 5441 3216 5504 tibi
3239 5446 3581 5506 contentio:
3606 5465 3678 5509 ea

2017 5532 2194 5612 .enim
2229 5540 2285 5592 te
2315 5531 2389 5593 ad
2422 5531 2900 5611 intempestivam
2932 5548 3144 5593 rursus
3190 5531 3357 5595 litem
3389 5532 3673 5609 incitans,

2000 5617 2010 5646 ί
2033 5618 2320 5704 prohibet
2346 5620 2673 5702 quominus
2689 5619 2869 5685 nobis
2896 5639 3143 5704 pareas;
3178 5632 3238 5688 et
3262 5622 3401 5688 ideo
3432 5623 3494 5686 in
3517 5623 3676 5687 mala
