4006 6138
196 323 322 396 833
1281 323 1465 392 VITA
1523 329 1582 391 S.
1630 321 2075 394 CLEMENTIS
2130 321 2554 392 ANCYRANI.
3483 331 3604 398 834

284 457 436 531 KA'.
515 469 844 544 Δομετιανὸς
891 467 944 524 δὲ
1002 480 1119 540 τοῖς
1175 465 1324 532 ὅλοις
1370 465 1766 547 ἀπαγορεύσας,
1811 472 1878 544 τῇ

2038 460 2248 525 XXIV.
2275 459 2656 523 Domitianus
2677 466 2878 522 autem
2905 477 3037 522 cum
3063 455 3310 524 omnino
3330 459 3598 531 animum

194 555 431 636 φυλακῇ
490 558 635 623 τέως
695 557 855 616 αὐτὸν
913 556 1290 637 παραπέμπει,
1351 555 1596 630 οἰόμενος
1655 554 1710 612 δὲ
1775 554 1875 620 ἄρα

1975 552 2404 634 lespondisset,
2428 570 2564 614 eum
2588 569 2799 614 rursus
2815 549 3063 612 mittitin
3077 552 3434 614 custodiam.
3455 555 3598 620 Cum

193 648 273 712 ὡς
336 651 448 708 οὒκ
482 647 557 705 ἂν
611 647 822 705 δύναιτο
864 660 983 711 τοῖς
1029 668 1089 725 γε
1142 647 1266 703 ποσὶ
1323 646 1559 726 χρῆσθαι
1589 645 1723 724 πρὸς
1777 646 1878 712 τὴν

1975 662 2101 706 vero
2124 649 2364 723 putaret
2384 660 2521 704 eum
2548 660 2666 703 non
2690 659 2864 721 posse
2882 639 3141 721 amplius
3157 641 3243 704 uti
3262 642 3601 724 pedibusad

192 739 478 816 πορείαν,
517 741 614 794 οἷα
668 736 1043 812 τοῦσώματος
1099 739 1242 809 αὖτῷ
1301 748 1424 797 ταῖς
1480 731 1878 811 προλαϐούσαις

1975 731 2451 812 ingrediendum,
2476 730 2634 812 quod
2655 728 2956 810 prioribus
2972 729 3285 809 suppliciis
3297 743 3457 796 esset
3476 755 3605 800 cor-

193 829 513 907 τιμωρίαις
585 827 983 902 πεπονηκότος,
1059 824 1385 904 ἑκατέρωθεν
1453 823 1610 880 αὐτὸν
1677 822 1881 880 κελεύει

1975 841 2078 903 pus
2109 820 2471 894 confectum,
2510 819 2688 900 jubet
2735 837 2870 882 eum
2927 819 3208 901 utrinque
3241 824 3465 900 portari
3496 827 3605 889 sed

195 914 702 990 διαϐασνάζεσθαιο
778 915 901 974 ἀλλ’
988 917 1016 973 6
1083 913 1454 994 ὑποστηρίζων
1530 913 1728 979 πάντας
1799 914 1886 971 καὶ

1975 911 2066 992 qui
2097 927 2309 972 omnes
2327 908 2429 990 qui
2445 907 2771 970 concidunt
2801 907 3140 983 conﬁrmat,
3162 909 3532 996 aﬂlictosque
3548 926 3608 978 et

196 1003 460 1086 ἆνορθῶν
530 1007 652 1069 τοὺς
725 1004 1183 1086 κατεῤῥαγμένους
1213 1052 1232 1081 ,
1305 1004 1400 1061 οὒκ
1469 1001 1622 1059 εἴασε
1698 1005 1886 1083 χειρὸς

1975 999 2284 1080 depressos
2301 997 2496 1078 erigit,
2517 1017 2638 1060 non
2660 998 2802 1060 sinit
2819 1015 2957 1061 eum
2981 1015 3131 1078 Opus
3151 997 3376 1062 habere
3399 1021 3601 1082 manu,

1967 1107 2099 1170 qua;
2145 1089 2277 1169 ejus
2325 1105 2598 1165 gressum
2651 1087 2909 1157 fulciret,
2964 1087 3069 1149 sed
3125 1107 3228 1151 eos
3275 1094 3602 1174 repellens,

1969 1178 2073 1260 qui
2102 1176 2471 1241 accedebant
2497 1197 2566 1240 ex
2594 1175 2948 1258 gentilibus,
2982 1187 3042 1240 et
3071 1177 3219 1240 illud
3244 1185 3467 1244 sensim
3500 1204 3604 1248 ac-

1968 1269 2238 1331 clamans
2261 1265 2577 1331 :—Oleum
2603 1277 2988 1350 peccatorum
3014 1287 3132 1329 non
3158 1268 3492 1351 impinguet
3511 1294 3608 1338 ca-

196 1095 376 1152 αὐτὸν
473 1093 740 1164 δεηθῆναι
823 1093 1186 1174 θεραπευόσης
1255 1093 1316 1150 τὰ
1399 1091 1679 1170 βάδισμα,
1752 1091 1886 1150 ἄλλα

195 1184 332 1250 τοῖδς
421 1185 760 1266 προσιόντας
807 1183 1186 1262 ἀπωθούμενος
1257 1188 1366 1240 τῶν
1432 1181 1710 1250 Ἐλλήνων
1754 1183 1886 1261 ἠρὲο

197 1297 280 1350 μα
335 1273 400 1333 δὲ
434 1276 674 1334 κάκεῖνο
735 1274 1060 1358 ὑποφωνῶν.
1111 1307 1189 1320 -
1245 1271 1503 1331 ’Έλλαιοδ
1556 1269 1886 1348 Ξιμαρτωλῶν

196 1363 276 1432 κὴ
333 1363 644 1423 λιπανάτω
670 1365 768 1434 τὴν
811 1362 1052 1444 κεφαλήν
1101 1386 1229 1439 μου,
1259 1396 1336 1407 —
1395 1363 1580 1424 αὺτοῖς
1633 1362 1757 1418 ποσῖ
1787 1362 1886 1428 τὴν

1975 1367 2073 1440 put
2105 1358 2564 1439 meum,——ipsis
2609 1357 2864 1438 pedibus
2893 1358 3022 1439 ipse
3055 1357 3218 1420 illam
3244 1361 3392 1422 viam
3427 1382 3606 1444 pere-

198 1447 330 1512 ὃδὸν
380 1454 616 1522 ἐκείνην
687 1455 841 1517 αὐτὸς
897 1453 1077 1521 ἤνυεν.
1138 1447 1202 1532 ’ῼ
1267 1449 1334 1519 δὴ
1390 1449 1487 1508 καῖ
1532 1449 1701 1512 οὕτως
1745 1450 1886 1507 ἀπι-

1975 1447 2072 1527 git.
2107 1450 2298 1520 Quem
2334 1465 2472 1509 cum
2504 1454 2588 1509 sic
2619 1446 2939 1508 abeuntem
2973 1447 3492 1514 animadvertisset
3521 1453 3605 1514 vi-

198 1543 340 1601 όντα
406 1543 690 1624 προσχὼν
760 1545 787 1599 ὀ
855 1542 1098 1622 βικάριος
1164 1541 1511 1619 ὑπερηγάσθη
1580 1543 1680 1608 τῆς
1754 1561 1882 1618 καρ·

1975 1535 2190 1608 carius,
2216 1535 2626 1598 fortitudinem
2675 1536 2842 1598 valde
2879 1544 2970 1598 est
3002 1535 3604 1620 admiratus,etcon-

199 1636 428 1714 τερὶας,
504 1635 595 1690 καὶ
679 1634 812 1713 πρὸς
883 1633 1004 1694 τοὺς
1087 1634 1436 1710 παρεστῶτας
1522 1627 1882 1708 ἐπιστραφεὶς,

1975 1643 2178 1688 versus
2209 1627 2279 1688 ad
2312 1645 2440 1700 eos,
2475 1627 2576 1706 qui
2607 1624 3124 1690 circumstabant:
3162 1628 3360 1710 Papae,
3393 1629 3607 1713 inquit,

200 1719 388 1780 Βαϐαὶ
448 1729 560 1792 τῆς
617 1725 921 1800 ὒπομονῆς,
969 1719 1098 1802 ἔφη·
1156 1719 1416 1777 ταιούτων
1473 1717 1572 1797 ἄρα
1619 1741 1885 1796 στρατιω-

1975 1733 2242 1795 magnam
2296 1715 2724 1778 tolerantiam!
2787 1715 3028 1779 Talibus
3079 1717 3281 1798 utique
3321 1719 3611 1785 militibus

203 1813 318 1870 τῶν
382 1810 506 1870 ἔδει
565 1825 684 1877 τοῖς
746 1811 1185 1890 αύτοκράτορσιν,
1230 1809 1304 1872 ὡς
1362 1807 1508 1864 εἷται
1554 1805 1789 1865 ιιινδύνου
1826 1827 1884 1863 τε

1975 1825 2120 1887 opus
2145 1814 2306 1868 esset
2335 1804 2826 1902 imperatoribus,
2863 1813 2929 1866 ut
2957 1816 3162 1868 essent
3203 1811 3414 1888 quovis
3447 1813 3608 1891 peri-

202 1903 428 1965 παντὸς
495 1901 821 1983 ἂνωτὲρους,
880 1898 978 1957 καὶ
1035 1898 1354 1966 τηλικοῦτον
1412 1900 1470 1953 ἒν
1513 1911 1629 1959 τοῖς
1686 1895 1884 1958 δεινοῖς

1975 1896 2104 1957 culo
2155 1895 2525 1976 superiores,
2578 1903 2638 1958 et
2670 1903 2787 1956 tam
2818 1899 3198 1959 constantem
3241 1898 3511 1962 animum
3552 1911 3612 1964 et

205 2014 484 2074 φρονημα
519 1989 900 2064 διασώζοντας.
947 1987 1098 2057 Πλτὶν
1130 1987 1267 2044 ἀλλὰ
1311 1986 1435 2068 ούχὶ
1477 1988 1566 2044 καὶ
1605 1989 1667 2044 τὸ
1699 1985 1885 2044 λοιπδν

1975 1993 2090 2048 tam
2129 2004 2375 2074 magnos
2404 1985 2648 2066 spiritus
2701 1996 3126 2048 conservarent
3166 1986 3228 2047 in
3281 1988 3464 2051 rebus
3508 2009 3610 2054 as-

206 2084 374 2146 οὗτος
441 2086 531 2155 τῷ
588 2081 703 2155 ius]:
746 2079 1148 2158 παραστήσεται
1193 2078 1422 2154 βήματι·
1490 2077 1623 2156 πρὸς
1667 2073 1890 2152 βασιλέα

1975 2073 2456 2155 peris.Caeterum
2491 2075 2589 2136 hic
2613 2093 2732 2135 non
2763 2075 3009 2138 sistetur
3036 2075 3298 2156 amplius
3317 2078 3390 2140 ad
3411 2097 3607 2142 meum

209 2169 267 2227 δὶ
338 2172 520 2230 αὸτδν
574 2166 858 2227 ἀποστελῶ
932 2166 1342 2241 Διοκλητιανὸν,
1389 2165 1598 2230 ἐκεῖνος
1667 2167 1768 2244 γὰρ
1827 2163 1889 2220 ἂν

208 2259 384 2318 αὺτοῦ
418 2259 762 2340 περιγένοιτο
793 2257 982 2336 μόνος.

301 2350 451 2412 κε’.
520 2350 661 2408 Eine
690 2351 779 2408 καὶ
839 2348 1150 2428 γράμμασιν
1210 2345 1402 2411 εὐθέως
1460 2344 1685 2428 τεᾼκατ’
1729 2347 1889 2406 αὐτὸν

214 2439 372 2506 ὅπως
437 2445 575 2522 εἶχε
609 2425 970 2518 διασημάνας,
1003 2436 1220 2518 ἄγεσθαι
1249 2436 1349 2502 τὴν
1393 2435 1484 2492 ἐπὶ
1539 2425 1756 2508 Ῥώμην
1813 2436 1888 2498 ὡς

216 2532 399 2612 τάχος
463 2529 704 2590 ἐκέλευε.
737 2528 1035 2604 Γενόμενος
1085 2526 1256 2584 τοίνυν
1298 2524 1398 2590 ἔξω
1445 2529 1542 2592 τῆς
1594 2524 1804 2586 πόλεως
1862 2525 1889 2580 6

222 2622 461 2701 μάρτυς,
500 2621 596 2685 τὰς
642 2632 836 2701 χεῖρας
893 2617 1030 2693 μετᾶ
1077 2616 1174 2684 τῆς
1235 2613 1448 2694 καρδίας
1505 2615 1579 2678 εἰς
1637 2613 1888 2692 οὗρανοὺς

226 2709 527 2791 ἂνασχὼν,
562 2710 718 2789 Κύριε
778 2711 806 2766 6
840 2712 998 2784 Θεὸς,
1031 2705 1240 2786 ἔλεγεν,
1272 2704 1304 2762 6'
1359 2704 1528 2761 ποιῶν
1572 2703 1746 2762 πάντα
1803 2705 1890 2760 καὶ

227 2799 754 2879 πραγματευόμενος
824 2796 955 2876 ὑπὲρ
1025 2797 1224 2860 παντὸς
1280 2801 1373 2852 τοῦ
1422 2791 1530 2849 τῶν
1599 2792 1889 2872 ἀνθρώπων

233 2889 457 2967 γένους.
492 2889 577 2945 καὶ
618 2887 826 2952 πολλὰς
857 2889 997 2963 ἡμῖν
1026 2885 1235 2961 τέμνων
1279 2887 1380 2954 τῆς
1411 2881 1677 2960 σωτήριας
1708 2879 1883 2963 ὀδοὺς,

239 2976 402 3042 αὖτὸς
461 2979 547 3036 καὶ
588 2979 690 3046 τὴν
756 2975 908 3034 πόλιν
966 2997 1062 3033 σου
1104 2975 1331 3053 ταύτην,
1363 2974 1451 3030 καὶ
1521 2973 1616 3038 τὰς
1671 2977 1780 3028 τῶν
1832 2973 1890 3028 ἐν

234 3068 372 3146 αὐτῇ
435 3068 836 3128 πιστευσάντων
877 3067 1060 3146 ψυχὰς
1117 3064 1448 3146 ἀχειρώτους
1505 3068 1573 3137 τῇ
1614 3070 1708 3119 τοῦ
1772 3061 1888 3118 δια-

231 3155 399 3232 βόλου
484 3155 663 3236 παγῐδι
713 3158 802 3214 καὶ
885 3168 1009 3218 ταῖς
1079 3160 1186 3213 τῶν
1259 3154 1524 3232 τυράννων
1580 3149 1892 3216 ἐπιϐουλαῖς

230 3242 575 3327 διατήρησιν
654 3246 742 3303 καὶ
807 3248 952 3322 ἡμᾶς
1025 3243 1080 3303 δὶ
1154 3245 1232 3320 μὴ
1298 3243 1466 3323 μέχρι
1538 3241 1722 3305 τέλους
1791 3247 1891 3308 τῆς

233 3333 605 3416 ἱνεγχαμένης
658 3334 1058 3416 ἀλλοτριώσῃς,
1089 3332 1212 3394 ἄλλ’
1257 3335 1285 3392 6
1313 3330 1640 3412 επιστρέψας
1697 3329 1894 3390 Ἰακὼϐ

236 3424 308 3488 εἷς
382 3424 544 3484 οἷκον
608 3425 808 3504 πατρὸς
878 3425 1061 3500 αὑτοῦ,
1107 3424 1196 3481 καὶ
1255 3422 1546 3501 ῥυσάμενος
1617 3419 1775 3477 αὐτὸν
1831 3417 1892 3476 lx

245 3515 425 3594 γειρδς
483 3505 677 3595 Ἠσαῦ,
710 3515 738 3572 6
804 3515 896 3572 καὶ
953 3514 1018 3572 τὰ
1076 3514 1207 3585 ὁστᾷ
1264 3509 1466 3592 Ἰωσὴφ
1513 3510 1568 3576 EE
1627 3510 1891 3588 Αἰγύπτου

244 3606 666 3677 συνανακομίσας
697 3609 776 3679 τῷ
828 3609 907 3678 σῷ
948 3603 1064 3678 λαῷ
1107 3604 1194 3660 καὶ
1251 3614 1369 3666 τοῖς
1426 3601 1694 3679 πατρῴοις
1753 3599 1887 3655 ἀνα-

236 3692 546 3771 σωσάμενος
590 3693 805 3774 τάφοις,
853 3691 1161 3772 ὲπανάγαγε
1217 3690 1356 3767 κάμὲ
1413 3697 1482 3769 τῇ
1527 3695 1598 3767 σῇ
1657 3687 1885 3766 εὐδοκία,

231 3783 320 3839 καὶ
387 3789 462 3861 τῇ
518 3782 896 3862 γεννησαμένη
965 3783 1054 3840 καὶ
1114 3781 1426 3859 θρεψαμένῃ
1488 3801 1574 3835 και
1647 3779 1719 3844 εἰς
1770 3777 1890 3836 τόδε

231 3872 445 3940 ἡλικίας
515 3873 903 3952 προαγαγούσῃ
977 3869 1212 3952 πατρίδι,
1285 3871 1520 3949 καθάπερ
1605 3891 1656 3925 τι
1727 3869 1888 3925 πάλιν

229 3959 429 4030 ἀπόδος
483 3961 728 4042 ὄφλημα.
766 3971 941 4022 Ταῦτα
999 3958 1423 4044 προσευξὰμενος
1476 3963 1554 4031 τῷ
1603 3958 1720 4034 Θεῷ
1787 3958 1888 4026 τὴν

230 4049 350 4110 ὁδὸν
381 4050 641 4130 εὒψύχως
671 4050 911 4124 δεήνυεν.

1975 2162 2234 2224 tribunal
2270 2181 2284 2225 :
2323 2163 2515 2243 ipsum
2548 2171 2746 2224 autem
2791 2164 2864 2224 ad
2919 2165 3347 2245 imperatorem
3383 2169 3611 2230 mittam

1970 2250 2432 2314 Diocletianum.
2465 2249 2570 2313 llle
2603 2251 2763 2313 enim
2797 2250 2960 2314 solus
2990 2271 3128 2314 eum
3175 2258 3570 2335 superaverit.

2048 2339 2231 2405 XXV.
2268 2342 2449 2416 Dixit,
2474 2351 2688 2402 etcum
2722 2343 2919 2402 statim
2953 2341 3350 2420 signiﬁcasset
3375 2346 3609 2424 litteris,

1971 2430 2230 2512 qomodo
2280 2449 2348 2492 se
2401 2449 2502 2493 res
2535 2429 2852 2505 baberent,
2881 2431 3060 2510 jussit
3112 2450 3248 2493 eum
3299 2437 3614 2517 quampri-

1974 2540 2134 2582 mum
2171 2520 2308 2582 duci
2340 2519 2766 2583 Romam.Cum
2791 2521 3004 2583 l'uisset
3033 2539 3174 2600 ergo
3201 2535 3422 2604 martyr
3450 2536 3617 2589 extra

1973 2611 2295 2686 civitatem,
2329 2630 2444 2672 una
2474 2629 2609 2672 cum
2643 2610 2825 2671 corde
2858 2611 3136 2673 manibus
3165 2613 3226 2674 in
3257 2615 3475 2676 coelum
3508 2634 3612 2678 su-

1972 2701 2152 2762 blatis
2183 2722 2194 2759 :
2251 2700 2507 2762 Domine
2538 2703 2720 2780 Deus,
2757 2699 2974 2781 inquit,
3009 2702 3108 2783 qui
3139 2705 3341 2765 omnia
3386 2705 3534 2768 lacis
3560 2715 3618 2769 et

1971 2808 2260 2872 procuras
2295 2809 2399 2871 pro
2448 2791 2723 2852 universo
2755 2808 2978 2869 genere
3003 2792 3335 2869 hominum,
3371 2804 3430 2856 et
3459 2797 3613 2857 mul-

1973 2889 2060 2942 tas
2089 2879 2266 2942 nobis
2298 2880 2495 2942 ninnis
2522 2880 2648 2941 vias
2679 2879 3069 2955 salutis,l1auc
3102 2892 3256 2944 tuam
3287 2883 3612 2962 civitatem,

1973 2977 2032 3033 et
2062 2971 2294 3032 animas
2344 2989 2578 3044 eorum,
2613 2970 2714 3050 qui
2747 2970 2808 3031 in
2862 2970 2992 3051 ipsa
3021 2971 3434 3050 crediderunt,
3480 2994 3620 3038 con-

1973 3078 2173 3140 serva,
2195 3078 2272 3121 ne
2302 3059 2690 3140 implicentur
2719 3057 2932 3140 laqueo
2963 3060 3211 3138 diaboli,
3248 3072 3306 3125 et
3337 3073 3618 3143 tyranno-

1973 3165 2107 3212 rum
2157 3151 2472 3230 capiantur
2501 3149 2765 3211 insidiis.
2803 3149 2989 3212 Porro
3045 3160 3242 3213 autem
3273 3171 3350 3214 ne
3381 3173 3621 3236 quoque

1909 3214 1952 3266 δ
1977 3214 2266 3320 perpetuo
2298 3256 2431 3301 esse
2459 3239 2622 3300 sinas
2647 3238 2877 3300 alienos
2903 3239 2977 3300 ab
3012 3258 3102 3311 ea,
3139 3259 3268 3321 quae
3298 3214 3417 3304 nos

1973 3329 2077 3391 sed
2109 3329 2210 3410 qui
2238 3327 2425 3392 Jacob
2457 3328 2802 3390 convertisti
2834 3329 2894 3389 in
2925 3329 3170 3390 domum
3206 3332 3390 3409 patris
3419 3333 3536 3414 sui,
3560 3343 3620 3396 et

1973 3435 2112 3479 eum
2144 3437 2179 3480 ε
2229 3436 2405 3480 manu
2438 3415 2590 3479 Esau
2621 3417 2891 3478 liberasti
2927 3439 2942 3476 :
3001 3417 3106 3494 qui
3135 3419 3312 3480 etiam
3346 3440 3484 3484 ossa
3509 3422 3618 3487 Jo-

1973 3507 2124 3588 seph
2175 3524 2295 3569 una
2325 3525 2460 3568 cum
2495 3505 2714 3586 populo
2747 3523 2816 3567 ex
2847 3507 3104 3586 IEgypto
3145 3507 3428 3580 extulisti.
3461 3521 3520 3572 et
3550 3529 3621 3574 ea

1973 3597 2182 3680 patriis
2231 3597 2550 3660 restituisti
2581 3595 2876 3678 sepulcris
2910 3613 2928 3672 ;
2974 3606 3088 3658 tua;
3119 3617 3360 3680 quoque
3389 3600 3622 3681 placeat

1970 3686 2264 3749 voluntati
2298 3706 2392 3748 me
2422 3687 2811 3766 reducere,et
2839 3703 2975 3766 quae
2999 3703 3093 3746 me
3122 3689 3329 3766 genuit
3363 3699 3424 3752 et
3444 3691 3614 3768 aluit,

1972 3788 2031 3842 et
2067 3777 2136 3839 ad
2195 3777 2350 3839 hanc
2385 3795 2574 3857 usque
2623 3783 2855 3837 aetatem
2891 3775 3170 3856 produxit
3225 3779 3448 3858 patriae,
3483 3790 3617 3843 tan-

1970 3887 2152 3946 quam
2183 3866 2425 3948 aliquod
2460 3884 2670 3929 rursus
2696 3865 2952 3927 reddere
2984 3865 3276 3931 debitum.
3311 3867 3451 3932 Haec
3479 3890 3617 3934 cum

1969 3976 2002 4020 a
2032 3957 2154 4019 Deo
2187 3955 2482 4038 precibus
2529 3955 2965 4032 contendisset,
3000 3964 3150 4018 viam
3181 3959 3445 4023 confecit
3488 3960 3616 4025 ala-

1968 4047 2177 4112 criter.

1737 4278 1986 4346 CAPUT
2029 4280 2106 4349 ν.

1424 4488 1651 4569 Spreta
1685 4486 2058 4550 Diocletiani
2085 4493 2417 4569 promissa.

317 4722 461 4782 ΣΚ’.
502 4720 650 4780 Ἐπεὶ
708 4720 764 4779 δέ
791 4723 880 4780 καὶ
929 4728 998 4798 τῇ
1030 4713 1212 4799 Ῥώμῃ
1262 4722 1590 4802 προσέϐαλον
1621 4722 1744 4778 ἔνθα
1803 4721 1888 4776 ιιαὶ

2054 4718 2266 4784 XXVI.
2319 4719 2642 4802 Postquam
2675 4729 2873 4784 autem
2926 4719 3174 4785 Romam
3217 4735 3623 4805 pervenerunt

239 4809 633 4878 Διοκλητιανὸς
689 4813 752 4870 τὸ
779 4809 1358 4888 τηνικαῦτα-διέτριϐε,
1406 4814 1474 4870 τά
1498 4833 1557 4870 τε
1599 4813 1890 4890 γραίμματα

236 4901 282 4957 οἱ
345 4899 678 4981 πεμφθέντες
736 4902 909 4974 αὐτῷ’
941 4900 1325 4980 ἐγχειρίζουσι,
1381 4905 1469 4960 καὶ
1528 4903 1620 4959 τὸν
1679 4903 1886 4975 θαυμα-

235 4991 368 5048 στὸν
457 4989 772 5069 Κλήμεντα,
856 4988 1204 5054 κελεύσαντος
1289 4991 1490 5049 ἰκείνου
1573 4993 1646 5049 εἷς
1729 4993 1890 5065 μέσον

238 5076 454 5156 ἄγουσι.
519 5081 892 5157 Παραστάντος
945 5077 1023 5152 δὲ,
1060 5080 1448 5148 Διοκλητισνὸς
1491 5081 1554 5137 τό
1585 5101 1644 5137 τε
1703 5081 1890 5160 χάριεν

238 5165 442 5225 ἆπιδὼν
497 5171 598 5237 τῆς
645 5167 738 5226 τοῦ
767 5167 953 5247 ἀνδρὸς
1009 5167 1212 5244 ὅψεως,
1243 5173 1420 5227 καὶτὸ
1450 5169 1666 5249 φαιδρὸν
1715 5170 1893 5226 ἐκεῖνο

240 5257 332 5315 καὶ
390 5257 621 5336 εΰγενὶς,
657 5262 846 5335 πρῶτα
903 5258 1002 5334 μέν
1051 5260 1298 5338 κρύπτων
1361 5260 1414 5314 ἐν
1455 5266 1534 5333 τῷ
1575 5259 1770 5338 ἀφανεῖ
1797 5258 1895 5327 τὴν

241 5343 505 5420 διάνοιαν,
565 5344 687 5404 καθ’
748 5348 937 5403 ἑαυτὸν
989 5348 1205 5428 ὑπῆρχε
1247 5349 1550 5423 θαυμάζων,
1611 5349 1657 5404 εἰ
1713 5347 1896 5405 ἐκεῖνά

236 5455 308 5514 γε
353 5435 532 5494 πάντα
587 5437 1018 5512 ὑπομεμενηκὼς
1081 5437 1200 5508 εἴη,
1259 5437 1466 5516 ὅσαπερ
1506 5438 1650 5512 αὑτῷ
1702 5439 1895 5508 μηνύοι

242 5525 310 5582 τὰ
383 5525 694 5604 γράμματα·
768 5525 892 5582 εἶτα
949 5528 1037 5582 καὶ
1104 5526 1442 5604 ἂιτενέστέρον
1512 5528 1654 5601 αὑτῷ
1714 5525 1897 5583 ἐνιδὼν

244 5614 330 5672 καὶ
390 5613 517 5672 ὅλον
587 5614 995 5694 ἁνασκοπήσας,
1054 5616 1125 5670 Σὺ
1183 5615 1237 5671 εἶ
1305 5616 1333 5670 6
1405 5611 1708 5690 διαϐόητος,
1768 5615 1894 5697 ἔφη,

1972 4808 2076 4871 ubi
2127 4819 2266 4871 tunc
2300 4829 2540 4891 quoque
2571 4811 2924 4874 versabatur
2970 4810 3396 4891 Diocletianus,
3429 4827 3488 4878 et
3516 4816 3622 4893 qui

1973 4899 2142 4962 missi
2174 4900 2434 4974 fuerant,
2467 4903 2520 4964 ei
2553 4901 2820 4964 reddunt
2879 4903 3132 4971 litteras.
3164 4913 3220 4966 et
3251 4904 3621 4968 Clementem

1972 4988 2415 5066 admirabilem,
2449 5010 2586 5053 cum
2618 4991 2722 5052 ille
2744 4992 3048 5071 jussisset,
3080 4992 3387 5055 adducunt
3421 4998 3477 5056 in
3505 5013 3628 5057 me-

1973 5078 2160 5140 dium.
2197 5083 2346 5143 (lum
2398 5099 2541 5142 vero
2590 5079 2904 5159 astitisset,
2937 5093 3081 5144 tnnc
3126 5081 3338 5144 videns
3385 5083 3627 5148 Diocle-

1977 5169 2170 5230 tianus
2194 5168 2532 5248 jucundum
2568 5175 2699 5249 ejus
2744 5171 3133 5251 alacremque
3163 5181 3221 5234 et
3266 5192 3624 5252 generosum

1974 5270 2304 5338 aspectum,
2343 5263 2602 5343 primum
2636 5264 2881 5344 quidem
2918 5263 3145 5344 celans,
3169 5267 3311 5346 quid
3337 5267 3396 5328 in
3425 5268 3626 5330 animo

1977 5349 2412 5430 baberet.apud
2444 5371 2510 5414 se
2539 5353 2816 5415 admirab
2856 5366 3058 5424 tur,an
3093 5355 3194 5416 illa
3217 5358 3419 5418 omnia
3437 5357 3625 5420 susti-

1980 5441 2233 5511 nuisset,
2256 5459 2390 5520 qum
2420 5443 2475 5502 ei
2509 5441 2926 5518 signiﬁcabant
2954 5443 3190 5506 litterte.
3227 5443 3461 5508 Deinde
3487 5464 3624 5508 eum

1983 5528 2160 5590 etiam
2195 5529 2327 5591 lixis
2358 5531 2602 5594 intuens
2631 5533 2846 5604 oculis,
2881 5541 2942 5594 et
2969 5539 3160 5594 totum
3211 5535 3624 5600 considerans:

1981 5617 2066 5682 Tu
2092 5617 2677 5698 es,inquit,celebris
2706 5620 2810 5683 ille
2830 5619 3134 5697 Clemens,
3155 5622 3330 5704 cujus
3350 5640 3627 5705 magnum
