4006 6138
369 265 488 337 835

1675 269 1960 341 MENSIS
2000 273 2464 343 JANUARIUS.

3643 269 3769 340 836

373 412 462 466 est
494 425 714 469 nomen
741 415 984 491 propter
1013 407 1225 470 fortem
1253 415 1311 470 et
1332 427 1696 488 generosum
1725 409 2018 470 animum?

2115 411 2366 487 Κλήμης,
2403 415 2463 472 οὗ
2523 413 2664 490 μέγα
2712 413 2770 468 τὸ
2832 409 2919 468 επὶ
2976 411 3224 490 καρτερίᾳ
3281 413 3370 468 καὶ
3433 410 3771 489 γεννοιότητι

373 496 490 557 Sed
541 509 852 578 oporteret
883 501 1126 560 omnino
1187 500 1343 558 hunc
1379 508 1542 560 tuum
1579 519 1935 578 generosum
1970 508 2029 560 et

376 604 660 663 magnum
695 589 1218 660 animum,habere
1252 589 1507 670 aliquam
1538 591 1692 668 piam
1729 589 2022 668 etjustam

374 679 756 757 causam,sed
795 698 917 740 non
955 681 1107 741 hanc
1139 678 1383 757 impiam
1417 688 1474 739 et
1499 679 1790 759 iniquam,
1826 688 1883 740 et
1915 678 2026 740 hoc

371 764 566 844 ipsum
603 768 982 829 manifestum
1009 769 1225 830 anima:
1251 787 1304 839 e1
1341 769 1539 830 carnis
1566 770 1836 830 exilium.
1871 767 2024 829 Num

373 857 530 916 enim
557 875 674 935 quo
707 867 797 919 est
823 859 1030 937 major.
1059 878 1129 919 eo
1162 869 1252 920 est
1280 859 1570 938 deterior,
1608 869 1664 921 et
1695 879 1801 919 uos
1838 857 2026 935 magis

375 946 449 1006 ad
479 946 628 1006 iram
667 959 973 1027 provocat,
1010 949 1158 1010 deos
1188 951 1395 1011 incitat
1423 949 1493 1010 ad
1529 950 1874 1011 vindictam.
1902 947 2024 1010 Ve-

367 1051 498 1094 rum
535 1035 845 1098 enimvero
880 1045 938 1097 tu
967 1039 1164 1098 animo
1187 1039 1258 1098 ad
1285 1039 1583 1101 contraria
1609 1039 2024 1118 mutato,hunc

369 1123 605 1185 ﬁrmum
629 1134 687 1186 et
709 1136 1084 1189 constantem
1112 1128 1375 1188 animum
1402 1129 1653 1190 ostende
1672 1147 1778 1208 pro
1807 1129 2024 1208 pietate

366 1213 426 1274 in
448 1213 617 1287 deos,
653 1225 719 1275 ut
748 1217 836 1277 sic
869 1235 1112 1296 quoque
1149 1217 1346 1295 potius
1390 1219 1603 1297 dignas
1635 1218 2024 1296 consequaris

366 1306 919 1368 remunerationes.
934 1305 1022 1367 Illi
1058 1308 1314 1380 enim,ut
1335 1309 1642 1389 arbitriur,
1667 1313 1746 1368 tui
1782 1316 2025 1388 propter

369 1393 529 1453 hunc
563 1395 774 1455 fortem
808 1405 867 1455 et
918 1397 1217 1457 excelsum
1253 1398 1517 1458 animum
1554 1397 1781 1458 miserti
1835 1414 2019 1476 prop-

368 1489 532 1542 terea
565 1483 994 1558 etfecerunt,ut
1028 1495 1110 1544 tot
1139 1495 1196 1546 et
1229 1487 1406 1547 tantis
1444 1489 1761 1547 resisteres
1791 1486 2022 1565 suppli-

369 1570 501 1641 ciis,
532 1589 644 1632 nec
671 1574 1176 1651 permiserunt,ut
1212 1583 1270 1634 tu
1291 1577 1412 1654 jam
1447 1575 1548 1636 diu
1583 1575 1736 1636 male
1770 1574 2019 1654 perires,

369 1668 427 1720 et
445 1662 1246 1741 prazripereris,agnilionem
1270 1675 1330 1726 et
1354 1665 1742 1726 mutationem
1777 1665 2022 1725 omnino

2111 499 2324 583 ὄνομας
2382 502 2532 559 Ἀλλ’
2594 501 2698 558 ἕδτι
2756 501 2970 567 πάντως
3033 504 3092 558 τὸ
3162 503 3416 580 γενναῖόν
3474 521 3568 556 σου
3611 506 3772 558 τοῦτο

2109 594 2197 647 καὶ
2269 591 2659 673 μεγαλοψυχον
2716 589 2906 658 εὐσεϐῆ
2977 614 3096 647 τινα
3166 593 3254 648 καὶ
3343 589 3553 646 δικαίαν
3617 587 3771 668 ἔχειν

2109 681 2209 747 τὴν
2287 685 2568 762 πρόφασιν,
2605 680 2742 737 ἀλλὰ
2802 683 2879 756 μή
2935 680 3152 738 ἀνοσίαν
3212 679 3351 737 οὕτὼ
3411 681 3500 736 καὶ
3559 677 3770 754 ἄδικον,

2110 773 2197 824 καὶ
2254 772 2379 829 αὐτό
2439 795 2498 848 γε
2558 778 2714 827 τοῦτο
2773 771 2999 848 φανερὸν
3063 775 3250 851 ψδχῆς
3308 796 3364 830 τε
3419 774 3510 830 καὶ
3568 772 3773 851 σαρκὸς

2108 859 2347 938 ὄλεθρον,
2412 869 2515 918 Νῦν
2548 862 2644 938 γὰρ
2705 860 2813 934 ὅσῳ
2859 867 3046 935 μεῒζυλ
3103 861 3344 937 τοσούσῳ
3373 866 3572 942 χεῖρόν
3629 861 3768 934 ἐστι,

2108 952 2194 1006 καὶ
2224 953 2365 1023 ἡμᾶς
2407 951 2492 1007 ἐπὶ
2523 949 2684 1007 πλέον
2745 951 2818 1011 εἰς
2879 951 3044 1027 ὀργὴν
3100 965 3264 1030 κινεῖ,
3300 954 3388 1009 καὶ
3432 953 3558 1015 τοῦς
3613 953 3769 1015 θεοὺς

2107 1039 2382 1117 παροξύνει
2443 1042 2572 1119 πρὸς
2633 1038 2860 1112 ἄμυναν,
2926 1039 2999 1093 Σῦ
3057 1036 3111 1094 δὲ
3184 1039 3306 1096 ἀλλ’
3365 1041 3453 1097 ἐπὶ
3517 1041 3768 1101 τάναντία

2107 1131 2206 1196 τὴν
2249 1131 2473 1206 γνώμην
2535 1127 2875 1206 μεταϐαλὼν,
2923 1130 2983 1184 τὸ
3016 1131 3266 1206 σταθερόν
3330 1139 3488 1188 τοῦτο
3529 1131 3620 1187 καὶ
3676 1129 3764 1187 ξῦ-

2108 1223 2286 1297 ψδχον
2339 1220 2467 1296 ὑπὲρ
2528 1225 2626 1286 τῆς
2682 1218 2788 1274 τῶν
2857 1222 2990 1274 θεῶν
3063 1216 3396 1276 ἓπιδείδινυτο
3469 1216 3768 1298 εῦσεὸείας,

2105 1307 2182 1382 ἵν,
2245 1307 2384 1364 οὕτω
2454 1307 2657 1383 μᾶλλον
2717 1309 2806 1363 καὶ
2848 1307 3006 1373 ἀξίων
3073 1307 3384 1386 ἀπολαύσῃς
3444 1316 3552 1368 τῶν
3610 1309 3771 1384 ἀμοι-

2105 1395 2233 1458 ϐὦν,
2286 1399 2519 1455 Ἐκεῖνοι
2550 1398 2651 1475 γάρ
2711 1419 2768 1452 σε
2818 1399 2906 1453 καὶ
2963 1397 3057 1464 τῆς
3118 1396 3358 1470 ἀνδρείας
3419 1399 3618 1466 ταύτης
3677 1390 3773 1454 καὶ

2107 1487 2204 1552 τῆς
2267 1487 2664 1564 νενναιότητος,
2701 1491 2882 1561 οἶμαι,
2917 1486 3344 1556 κατελεήσαντες
3389 1487 3475 1544 διὰ
3503 1488 3663 1545 τοῦτό
3706 1509 3772 1543 σε

2107 1577 2193 1631 καὶ
2252 1578 2381 1654 πρὸς
2442 1577 2699 1640 τοσαύτας
2775 1575 3020 1639 κολάσεις
3081 1577 3364 1657 ἀντισχεῖν
3421 1577 3772 1655 παρεσκεύα-

2107 1687 2226 1740 σαν,
2257 1667 2344 1720 καὶ
2406 1666 2464 1722 οῦ
2515 1666 2688 1722 πάλαε
2731 1671 2911 1730 κακῶς
2970 1664 3283 1741 ἀπολέσθαι,
3319 1665 3438 1726 οὐδὲ
3487 1685 3773 1744 προαναρ-

371 1760 805 1830 exspectantes.
840 1751 983 1814 Haec
1017 1753 1200 1828 dixit;
1235 1765 1294 1815 et
1325 1775 1431 1834 pro
1463 1756 1650 1816 oculis
1683 1755 1872 1816 sancti
1899 1763 2018 1815 stas

2109 1758 2376 1822 πασθῆναι
2435 1757 2694 1831 μεθῆκαν,
2743 1757 2840 1823 τὴν
2891 1755 3178 1834 ἐπίγνωσιν
3251 1755 3468 1819 πάντως
3525 1758 3615 1812 καὶ
3667 1756 3774 1822 τὴν

367 1842 472 1900 tim
528 1841 834 1920 preponit,
869 1840 1037 1902 illinc
1087 1845 1328 1923 quidem
1363 1864 1573 1905 aurum
1623 1855 1678 1906 et
1713 1853 2020 1923 argentum

365 1937 423 1989 et
455 1929 683 1990 litteras
711 1929 1153 2009 imperatorias,
1190 1952 1320 2013 quae
1353 1934 1747 2014 patriciorum
1781 1934 1868 1994 illi
1910 1933 2022 1994 da-

366 2017 504 2080 bant
539 2020 827 2080 honorem
867 2043 881 2096 ;
917 2021 1143 2082 duinde
1201 2024 1380 2083 etiam
1415 2024 1671 2084 aliorum
1707 2022 2022 2102 magistra-

368 2117 531 2169 tuum
588 2119 644 2170 et
675 2109 1026 2188 dignitatum
1077 2112 1311 2191 insigna
1349 2131 1363 2187 ;
1399 2123 1457 2173 et
1503 2121 1796 2192 praeterea
1828 2123 2021 2174 vestes

371 2199 616 2260 ﬂoridas
647 2212 707 2260 et
750 2200 1116 2278 magniﬁcas,
1153 2212 1210 2262 et
1252 2203 1366 2263 alia
1401 2221 1772 2282 quaecunque
1817 2221 2020 2264 rerum

366 2289 720 2364 pulcharum
756 2290 1006 2371 cupidos
1041 2303 1291 2353 evocant
1323 2293 1529 2352 oculos
1565 2313 1578 2350 :
1629 2293 1794 2352 illinc
1823 2301 2019 2353 autem

361 2397 572 2439 rursus
605 2379 1009 2441 instrumenta
1045 2389 1505 2454 tormentorum,
1534 2401 1746 2444 manus
1769 2382 2015 2455 ferreas,

367 2467 668 2544 grabatos,
704 2479 762 2530 et
824 2469 986 2548 ipsos
1045 2490 1283 2551 quoque
1341 2472 1592 2546 ferreos,
1627 2480 1908 2552 rotasque
1966 2480 2024 2531 et

361 2559 652 2637 pectines,
676 2559 1016 2634 craticulas,
1057 2559 1284 2635 ebetes,
1312 2559 1635 2636 obeliscos,
1665 2567 2019 2640 sartagines,

363 2655 422 2708 et
465 2667 672 2726 graves
710 2649 969 2721 calenas,
1009 2658 1066 2710 et
1105 2651 1280 2710 aliam
1317 2669 1589 2724 magnam
1645 2650 2020 2712 instrumen-

365 2746 560 2797 torum
599 2737 1069 2810 multitudinem,
1107 2740 1308 2816 specie
1335 2740 1578 2819 quidem
1613 2739 2012 2819 diversorum,

359 2827 707 2906 spectaculo
742 2845 878 2888 vero
914 2827 1310 2905 terribilium,
1344 2831 1782 2908 experientiam
1813 2841 2010 2890 autem

366 2915 721 2976 habentium
773 2917 901 2994 ipso
960 2936 1197 2996 quoque
1255 2919 1599 2998 spectaculo
1651 2919 2010 2996 graviorem.

362 3003 594 3066 Deinde
650 3013 966 3084 martyrem
1001 3008 1258 3069 suaviter
1311 3009 1574 3085 intuens,
1607 3018 1665 3069 et
1711 3027 1887 3070 manu
1920 3028 2016 3071 ex-

2108 1844 2419 1918 μετακολὴν
2479 1845 2861 1920 ἀναμένοντες,
2899 1845 3072 1901 Ταῦτα
3104 1858 3252 1919 εἷπε,
3289 1847 3377 1902 καὶ
3436 1845 3529 1902 ὑπ’
3559 1845 3774 1924 ὀφθαλ-

2105 1957 2236 2011 μοςις
2298 1936 2483 1991 αὒτίκα
2527 1935 2804 2012 προτίθησι
2861 1941 2936 2008 τῷ
2996 1935 3155 2011 ἁγίῳ,
3191 1934 3337 1992 ἔνθεν
3395 1935 3493 2010 μὶν
3558 1935 3772 2013 Χρυσόν

2104 2047 2159 2079 τε
2215 2026 2302 2080 καὶ
2361 2025 2610 2104 ἄργυρον,
2659 2027 2743 2081 καί
2803 2025 3126 2102 γραμμάτια
3179 2025 3432 2101 βασιλικᾶ
3491 2026 3593 2092 τὴν
3657 2025 3769 2082 τῶν

2108 2115 2399 2187 πατρικίών
2446 2115 2609 2188 τιμὴν
2639 2113 2966 2190 δωρούμενα,
2995 2118 3116 2170 εἶτα
3175 2117 3264 2170 καὶ
3312 2115 3376 2169 τὰ
3408 2121 3516 2172 τῶν
3579 2113 3766 2171 ἄλλων

2107 2203 2292 2282 ἀρχῶν
2350 2224 2406 2258 τε
2455 2207 2544 2259 καὶ
2601 2201 2918 2277 ἀξιωμάτων
2968 2202 3310 2281 παράσημαι,
3357 2205 3491 2281 πρὸς
3552 2204 3767 2266 τούτοις

2105 2292 2330 2360 ἐσθῆτας
2391 2292 2631 2355 εῦανθεϊς
2689 2295 2774 2349 καὶ
2845 2291 3188 2366 πολυτελεῖς,
3257 2295 3344 2348 καὶ
3415 2291 3591 2348 τᾶλλα
3665 2292 3768 2348 ὅσα

2106 2381 2428 2462 φιλοκάλους
2487 2380 2789 2460 ὀφθαλμοὺς
2824 2381 3163 2438 ἐκκαλεῖται’
3218 2381 3424 2438 ἐκεῖθεν
3481 2381 3539 2437 δὲ
3597 2381 3770 2439 πάλιν

2106 2474 2172 2527 τὰ
2227 2479 2333 2528 τῶν
2392 2469 2665 2527 κολάσεων
2710 2471 2930 2549 ὄργανα,
2992 2486 3186 2550 χεῖρας
3243 2469 3458 2549 σιδηρᾶ,
3512 2469 3767 2548 κραϐὄά-

2105 2585 2225 2627 τους
2277 2565 2362 2618 καὶ
2395 2563 2580 2624 αὐτοὺς
2640 2559 2902 2638 σιδηροῦς,
2938 2563 3168 2640 τροχούς
3225 2583 3281 2617 τε
3311 2561 3406 2617 καῖ
3469 2559 3762 2638 ξυστῆρας,

2105 2653 2366 2732 ἐσχάρας,
2427 2650 2684 2724 λέϐητας,
2736 2650 3064 2725 ὀϐελίσκους,
3126 2653 3358 2729 τήγανα,
3399 2653 3488 2708 καὶ
3542 2649 3763 2715 ἁλύσεις

2104 2743 2336 2820 έαρείας,
2373 2740 2469 2796 καί
2524 2739 2656 2794 ἄλλο
2692 2739 2829 2796 πολύ
2885 2763 2934 2796 τι
2996 2740 3201 2806 πλῆθος
3259 2741 3498 2817 ὀργάνων
3546 2740 3611 2796 τὸ
3662 2741 3765 2815 μὲν

2098 2833 2290 2911 σχῆμα
2349 2827 2593 2909 διάφορα,
2656 2832 2755 2896 τὴν
2815 2829 2938 2885 θέαν
3001 2828 3056 2884 δὲ
3102 2827 3470 2908 φοϐερώτατα,
3530 2830 3635 2896 τήν
3702 2827 3758 2884 δὲ

2097 2934 2290 2998 πεῖραν
2343 2919 2429 2974 καὶ
2461 2919 2622 2985 αὗτῆς
2655 2918 2752 2996 ἄρα
2785 2921 2878 2984 νῆς
2934 2919 3054 2981 Θέας
3089 2919 3477 2998 χαλεπωτέραν
3528 2917 3758 2997 ἔχοντα.

2102 3011 2238 3068 Εἶνα
2299 3014 2372 3081 τῷ
2403 3009 2624 3085 μάρτυρι
2685 3013 2853 3085 πρᾶον
2898 3006 3199 3083 ἐμϐλέψας,
3233 3010 3324 3064 καὶ
3379 3013 3445 3083 τῇ
3489 3009 3626 3086 χειρί
3686 3007 3758 3062 τὰ

364 3095 620 3158 tendens
654 3097 941 3176 pecunias
977 3114 989 3158 :
1029 3096 1131 3157 His
1158 3107 1236 3178 te,
1273 3099 1490 3178 inquit,
1521 3117 2010 3175 remuneramur,

2104 3101 2359 3180 χρήματα
2418 3095 2714 3172 ὑποδείξας,
2767 3097 2977 3159 Τούτοις
3042 3119 3123 3170 σε,
3185 3099 3367 3178 φησὶν,
3423 3093 3752 3171 ἀμειϐόμεθα

364 3187 414 3248 si
449 3186 580 3266 pius
608 3185 668 3246 in
701 3185 872 3261 deos,
902 3195 960 3246 et
991 3185 1050 3247 in
1089 3207 1196 3251 nos
1229 3197 1473 3250 sanctus
1505 3189 1794 3253 extiteris.

442 3365 682 3430 XXVII.
733 3365 841 3429 Ille
869 3376 1098 3448 autem,
1132 3387 1267 3430 cum
1301 3377 1542 3431 sanctus
1575 3369 1648 3431 ab
1694 3369 1781 3430 eis
1810 3369 2018 3432 oculos

356 3459 672 3520 avertisset
707 3467 760 3518 et
786 3476 855 3519 ea
882 3459 1060 3519 veluti
1083 3459 1536 3534 subsannasset,
1562 3468 1621 3520 et
1642 3466 1887 3540 propter
1917 3477 2007 3529 ea,

359 3568 494 3628 quae
523 3548 682 3608 dicta
703 3548 940 3609 fuerant
964 3549 1221 3627 graviter
1247 3549 1655 3628 ingenuisset:
1691 3547 1897 3624 Vobis,
1926 3551 2014 3610 in-

359 3638 603 3718 quiens,
637 3647 885 3716 pereant
908 3638 1017 3717 ipsi
1039 3638 1348 3700 vobiscum
1383 3639 1490 3712 dii;
1526 3647 1666 3701 tunc
1706 3639 1928 3700 acriter
1957 3647 2015 3699 et

356 3737 519 3787 torve
541 3727 754 3787 fortem
783 3728 1021 3788 intuens
1046 3729 1443 3802 Clementem,
1469 3740 1526 3789 et
1557 3729 1738 3790 simul
1759 3745 2012 3790 conver-

354 3824 489 3877 tens
513 3815 720 3876 oculos
743 3816 814 3876 ad
837 3835 1061 3893 genera
1086 3827 1543 3880 tormentorum:
1566 3819 1766 3895 Vides,
1795 3818 2011 3899 inquit;

361 3906 490 3967 haec
544 3913 684 3965 sunt
715 3923 948 3980 eorum,
984 3907 1086 3986 qui
1119 3927 1237 3968 non
1293 3917 1524 3987 parent,
1560 3918 1616 3970 et
1647 3917 1790 3969 sunt
1819 3909 2011 3990 impii.

360 3994 579 4074 Martyr
604 4004 826 4055 autem:
862 3995 924 4056 Si
957 4004 1186 4071 vestrae,
1215 3997 1432 4074 inquit,
1466 4017 1654 4078 poenae
1675 4007 1834 4074 sunt,
1861 4000 2018 4060 sicut

360 4088 689 4157 existimas,
727 4083 1055 4160 terribiles,
1084 4095 1144 4147 et
1173 4087 1245 4148 ad
1269 4088 1698 4168 experiendum
1723 4088 2015 4151 intolera-

358 4174 704 4251 biles,sicut
732 4193 945 4235 rursus
977 4175 1134 4237 dona
1165 4177 1486 4256 splendida
1518 4187 1577 4239 et
1602 4179 1936 4260 magniﬁca,
1961 4188 2020 4240 et

358 4265 539 4344 digna
555 4283 690 4345 quae
712 4263 884 4326 beata
895 4265 1542 4347 judicentur.qua3nam
1565 4286 1699 4330 esse
1716 4270 2018 4340 existimas

358 4373 592 4434 ea,quae
614 4354 879 4416 caalestis
905 4365 1040 4416 sunt
1057 4364 1114 4416 et
1136 4356 1324 4417 solius
1339 4357 1757 4438 Dei?quaanam
1778 4358 2020 4421 immor-

360 4441 502 4502 talia
517 4441 762 4521 quidem
785 4443 1084 4522 supplicia
1097 4455 1155 4506 et
1178 4444 2022 4520 doloresinexorabiles?Qua-

2100 3187 2292 3254 εὖσεϐἧ
2364 3189 2428 3243 τὰ
2485 3188 2614 3264 πρὸς
2677 3187 2796 3249 τοὺς
2856 3187 2971 3250 θεῦς
3030 3189 3116 3243 καὶ
3186 3187 3334 3244 ὅσιον
3404 3189 3530 3260 περὶ
3604 3183 3759 3261 ἡμᾶς

2100 3280 2402 3358 γινόμενον.

2185 3357 2306 3428 ΚΖ’,
2371 3365 2605 3423 Ἐκείνου
2636 3363 2688 3420 δὲ
2741 3366 2840 3432 τὴν
2873 3364 2995 3440 ὄψιν
3049 3364 3147 3421 ἀπ’
3177 3363 3348 3421 αὐτῶν
3399 3364 3760 3443 στρέψαντος,

2100 3459 2187 3515 καὶ
2240 3458 2394 3513 οἱοδεὶ
2443 3455 2891 3532 μυκτηρίσαντος,
2938 3453 3373 3520 ἑπιστενάξαντός
3429 3475 3491 3511 τε
3548 3455 3762 3531 βαθέως

2097 3561 2213 3613 τςῒς
2271 3547 2595 3622 εἰρημένοις,
2640 3548 2749 3618 καὶ,
2785 3547 2856 3610 ὡς
2917 3543 3237 3601 Ἀπόλοιντο
3291 3546 3444 3618 ὑμῖν,
3477 3547 3756 3620 εἰπόντος,

2100 3641 2185 3694 καὶ
2241 3639 2385 3693 αὐτοὶ
2443 3635 2532 3692 σὺν
2598 3636 2778 3697 αὐτοῖς
2836 3637 2883 3690 οἱ
2934 3636 3063 3709 θεοὶ,
3127 3636 3247 3690 τότε
3318 3631 3475 3712 δριμύ
3526 3656 3574 3690 τι
3637 3633 3757 3689 λίαν

2099 3730 2185 3785 καὶ
2231 3726 2492 3803 αὗστηρὸν
2557 3727 2648 3781 τὸν
2719 3737 2968 3803 γενναῖον
3027 3723 3315 3798 Κλήμεντα
3372 3721 3603 3798 ῦπιδὼν,
3665 3724 3758 3780 καὶ

2096 3819 2208 3892 ἅμα
2251 3818 2382 3894 πρὸς
2416 3823 2480 3873 τὰ
2525 3822 2629 3871 τῶν
2672 3813 2948 3871 κολάσεων
2980 3813 3102 3882 εἴδη
3151 3815 3248 3880 τὴν
3277 3815 3403 3890 ὄψιν
3452 3812 3753 3894 ἆπιϐαλὼν,

2101 3901 2280 3986 Ὀρᾷς,
2314 3906 2438 3986 ἔφη,
2472 3913 2578 3962 τῶν
2622 3905 2701 3980 μὴ
2761 3905 3087 3981 πειθομένων
3144 3907 3305 3962 ταῦτα
3349 3905 3438 3961 καὶ
3496 3901 3758 3961 ἀσεϐούν-

2099 4023 2228 4061 των.
2293 3999 2390 4056 Καὶ
2447 3998 2474 4052 ὁ
2525 3997 2746 4073 μάρτυς·
2812 3997 2869 4052 Εἰ
2913 3998 2963 4050 αἱ
3008 3993 3134 4074 παρ’
3186 3997 3360 4068 ὑμῶν,
3394 3993 3524 4074 ἔφη,
3572 3991 3756 4051 ποιναὶ

2099 4089 2236 4146 οὕτω
2291 4087 2524 4163 καθάπερ
2597 4085 2704 4142 οἴει
2775 4081 3015 4164 φοϐεραὶ,
3076 4086 3162 4140 καὶ
3233 4085 3332 4151 τὴν
3395 4095 3591 4163 πεῖραν
3653 4083 3754 4140 ἆν-

2099 4182 2366 4250 ύποιστοι,
2422 4174 2602 4253 ὥσπερ
2673 4176 2726 4231 αἱ
2795 4173 2985 4245 δωρεαὶ
3055 4173 3216 4230 πάλιν
3286 4172 3592 4254 φιλότιμοι,
3664 4176 3758 4232 καὶ

2099 4270 2359 4348 λαμπραὶ,
2434 4266 2522 4322 καὶ
2597 4271 2940 4341 μακαρισμοῦ
3010 4265 3210 4328 παντὸς
3280 4262 3442 4340 ἀξίαι,
3518 4264 3635 4321 τίνα
3692 4284 3755 4342 γε

2101 4361 2196 4437 ἄρα
2257 4359 2345 4415 ea.
2387 4358 2481 4412 τοῦ
2548 4355 2861 4433 ἐπουρανίου
2931 4354 3166 4430 νομίζεις
3243 4356 3382 4410 εἷναί
3441 4353 3528 4410 καὶ
3586 4353 3754 4429 μόνου

2103 4457 2284 4524 Θεοῦ,
2344 4447 2501 4508 ποίας
2576 4445 2672 4520 μὲν
2730 4445 3021 4508 ἀθανάτους
3092 4445 3350 4524 τιμωρίας
3415 4443 3502 4500 καὶ
3563 4441 3751 4507 ὀδύνας

366 4529 455 4590 les
473 4543 674 4592 autem
701 4531 855 4609 ignis
878 4533 1219 4616 ﬂuvios,qui
1248 4553 1323 4596 ne
1344 4537 1472 4598 solo
1492 4538 1731 4618 quidem
1758 4549 1895 4601 sunt
1914 4557 2012 4600 as—

2104 4538 2547 4618 Ξιπαραιτήτουςς
2607 4535 2788 4597 ⁴ιόίους
2835 4533 2889 4591 δὲ
2947 4535 3226 4610 παταμοὺς
3270 4533 3436 4613 πυρὸς
3475 4529 3589 4588 οὐδὲ
3643 4533 3749 4598 τὴν

367 4627 540 4700 pectu
567 4619 910 4684 tolerabiles
939 4623 962 4684 Υ
992 4623 1277 4696 Quaenam
1304 4643 1441 4687 vero
1465 4646 1673 4689 rursus
1695 4628 1851 4690 bona
1879 4639 2017 4692 sunt

361 4715 866 4785 consecuturi,qui
891 4731 1021 4772 cum
1045 4716 1390 4774 dilexerint?
1411 4720 1697 4791 Scriptum
1723 4732 1808 4780 est
1834 4725 2012 4788 enim,

362 4798 502 4860 talia
531 4808 724 4861 utnec
747 4810 947 4862 mente
967 4802 1203 4882 possint
1225 4805 1800 4885 comprehendi,nec
1826 4809 2017 4870 oculis

359 4888 574 4968 aspici,
607 4897 870 4979 antqua)
894 4909 964 4952 ex
995 4891 1087 4952 his
1119 4893 1446 4974 percipitur
1476 4896 1721 4959 omnino
1749 4897 2016 4979 voluptas

362 4979 582 5058 conjici
609 4977 816 5040 5.Nam
845 4999 980 5060 quae
1003 4991 1141 5043 sunt
1164 4982 1406 5059 quidem
1435 4988 1771 5064 praesentia,
1795 4977 1909 5050 hoc
1926 5005 2018 5050 ar-

360 5079 601 5146 gentum
627 5078 685 5130 et
705 5088 940 5145 aurum,
971 5081 1105 5134 sunt
1129 5074 1322 5135 solum
1345 5075 1534 5154 pulvis
1557 5084 1614 5137 et
1637 5077 1850 5154 lutum,
1885 5079 2018 5140 vilis

361 5167 420 5217 et
463 5157 812 5237 infrugifera
869 5162 1140 5234 materia,
1177 5182 1307 5243 qua;
1365 5165 1616 5244 turpiter
1647 5168 1890 5247 quidem
1944 5187 2012 5230 ex

361 5255 516 5308 terra
566 5249 852 5328 nascitur,
889 5253 1122 5330 turpius
1154 5263 1348 5313 autem
1391 5256 1448 5315 in
1483 5273 1636 5329 eam,
1670 5275 1801 5336 quae
1831 5257 2006 5321 vide-

2100 4631 2223 4706 ὄψιν
2278 4627 2541 4708 φορητοὺς
2573 4625 2744 4702 μόνην
2781 4646 2796 4702 ;
2830 4626 2958 4682 Τίνὰ
3013 4621 3068 4681 δὲ
3115 4623 3275 4681 πάλιν
3331 4625 3396 4679 τὰ
3423 4621 3540 4685 τοὺς
3593 4620 3744 4699 ἠγα-

2099 4720 2344 4788 πηκότας
2403 4719 2559 4776 αὐτὸν
2616 4714 2931 4792 ἐκδεξάμενα
2989 4714 3214 4793 ἀγαθαί;
3277 4711 3576 4793 Γέγραπτᾶι
3647 4712 3751 4791 γὰρ

2098 4821 2344 4881 τοιαῦτα,
2409 4807 2502 4864 οἷα
2559 4805 2696 4880 μήτε
2733 4813 2810 4880 τῷ
2862 4804 3046 4872 ληπτὰ
3098 4804 3266 4879 εἶναι,
3301 4804 3441 4880 μήτε
3489 4799 3752 4884 ὀφθαλμῷ

2099 4901 2282 4974 θεατὰ,
2318 4899 2354 4966 ἢ
2412 4898 2510 4964 τὴν
2570 4894 2767 4964 ἡδονὴν
2812 4893 2954 4960 ὅλως
2999 4895 3309 4962 εἰκασθῆναι
3351 4890 3638 4969 δυνάμενα.
3674 4893 3748 4950 Τὰ

2099 4991 2196 5068 μὲν
2242 4989 2342 5065 γὰρ
2373 4994 2630 5064 παρόντα,
2667 4991 2694 5042 ὁ
2738 4984 2959 5064 ἄργυρος
2989 4987 3142 5048 οὗτος
3173 4985 3258 5041 καὶ
3315 4985 3342 5040 ὁ
3372 4981 3572 5063 χρυσός
3615 4987 3749 5062 χοῦς

2098 5082 2260 5155 μόνον
2319 5076 2428 5131 ἐστὶ
2457 5077 2545 5132 καὶ
2602 5073 2775 5142 πηλὸς
2817 5074 2854 5141 ἢ
2899 5073 3120 5141 εὐτελὴς
3178 5071 3280 5140 ὕλη
3336 5073 3426 5128 καὶ
3481 5069 3748 5150 ἄκαρπος,

2098 5173 2133 5238 ἢ
2205 5167 2406 5242 ἀτίμως
2449 5164 2539 5220 κὲν
2596 5163 2704 5220 ἀπὸ
2774 5163 3088 5238 τικτομένη,
3158 5161 3478 5240 ἀτιμότερον
3547 5157 3602 5216 δὲ
3675 5160 3750 5222 εἷς

2097 5256 2241 5322 εἶδος
2288 5257 2348 5313 τὸ
2381 5252 2566 5310 δοκοῦν
2625 5252 2710 5308 διὰ
2743 5251 2960 5327 σιδήρου
2990 5253 3078 5308 καὶ
3110 5253 3274 5327 πυρὸς
3305 5249 3746 5331 μεταφερομὲνη,

364 5343 479 5413 tur,
511 5336 779 5425 speciem
808 5357 913 5417 per
935 5339 1162 5401 ferrum
1195 5352 1251 5402 et
1297 5343 1494 5420 ignem
1529 5345 2008 5421 transfertur,la-

2104 5352 2325 5425 λῃσταῖς
2385 5343 2713 5419 ὑποκειμένη
2751 5343 2838 5398 καὶ
2867 5339 3148 5407 κλέπταις·
3203 5343 3247 5397 εἰ
3278 5337 3332 5396 δὲ
3375 5341 3455 5417 μὴ
3505 5340 3742 5416 τούτοις,

363 5424 634 5487 trontbus
654 5426 925 5506 subjecta
948 5437 1006 5489 et
1027 5429 1281 5508 furibus,
1312 5443 1369 5492 et
1394 5433 1585 5495 sinon
1611 5434 1792 5506 his,at
1821 5435 2005 5499 dimi-

2104 5424 2230 5494 ἅλλα
2288 5434 2509 5510 μειώσει
2565 5434 2655 5490 καὶ
2703 5434 2767 5507 ίῷ
2822 5428 3181 5508 δαπανωμένη
3230 5432 3315 5489 καὶ
3355 5428 3745 5511 καταῤῥέουσα.

441 5596 474 5646 ὅ
500 5594 546 5659 Ι.
583 5599 719 5661 Cor.
753 5619 818 5678 ιι,
849 5607 912 5666 9.
