4006 6138
219 263 342 338 387

1301 268 1488 336 VITA
1542 271 1602 333 S.
1649 270 2094 334 CLEMENTIS
2157 267 2579 333 ANGYRANI.

3507 259 3626 327 838

216 405 564 481 Ἐσθήματα
639 403 692 461 δὲ
750 405 1117 485 περιπόρφυρα
1161 407 1250 462 καὶ
1294 404 1536 480 λαμπρὰ,
1587 404 1890 474 σκωλήκων

1997 403 2211 466 iutioni
2246 403 2459 465 saltem
2492 409 2551 463 et
2600 397 2867 479 rubigni,
2927 405 2996 461 ut
3045 413 3178 478 quae
3234 403 3628 459 consumatur

219 498 319 552 εἰσὶ
400 497 636 570 νάματα
725 497 812 552 καὶ
880 493 1129 574 βαϐἀρων
1206 496 1494 573 ἀνθρώπων
1573 495 1880 573 εὕρὲματα·

219 585 369 643 ὥστε
420 586 470 640 εἰ
521 587 739 646 τούτους
785 586 1090 661 τιμώμεθα,
1139 585 1425 651 σκώληκος
1480 584 1579 662 ἄρα
1609 583 1724 640 καθ’
1758 587 1890 657 ὅμᾶς

219 677 248 731 ὁ
295 674 602 753 ἄνθρωπος
634 676 952 754 ἀτιμότερος
987 694 1002 710 ·
1053 676 1096 730 εἰ
1141 673 1195 730 δέ
1245 698 1294 730 τι
1334 675 1446 753 χρὴ
1479 675 1569 730 καὶ
1599 674 1684 730 διὰ
1727 681 1891 730 ταῦτα

219 765 350 827 τοὺς
421 764 746 843 ἀνθρώπους
793 766 1103 839 θαυμάζειν,
1165 763 1300 820 πολὺ
1361 764 1564 838 μᾶλλον
1621 763 1892 838 ἐθαύμασα

221 854 289 908 ἃν
337 854 470 919 τοὺς
522 856 587 910 τὰ
633 862 850 911 τοιαῦτα
894 854 1246 931 δημιουργεῖν
1295 853 1522 926 εἰδότας,
1556 852 1592 921 ἢ
1622 855 1744 916 τοὺς
1776 854 1893 916 εἰκῆ

221 944 317 998 καὶ
381 943 580 1016 μάτην
624 943 709 1000 ἐπὶ
753 951 823 1021 τῇ
880 943 1144 1021 περιϐολῆ
1187 944 1390 1000 τούτων
1448 942 1890 1016 σεμνυνομένους.

224 1035 288 1090 Οἱ
350 1033 460 1108 μὲν
511 1035 620 1111 γὰρ
677 1035 883 1114 τέχνης
943 1032 1234 1112 δεινότητι,
1295 1036 1737 1111 μεταρυθμίζουσι
1799 1033 1898 1098 τὴν

223 1122 389 1197 φύσιν
443 1122 543 1180 ἐπὶ
614 1126 676 1180 τὸ
732 1123 970 1204 βέλτιον,
1044 1125 1132 1180 καὶ
1175 1125 1276 1191 την
1326 1123 1580 1189 αἴσθησιν
1625 1122 1894 1194 ἀπατῶσι,

222 1213 318 1269 καὶ
377 1213 707 1291 προτιθέασι
770 1215 1126 1294 φιλοκόσμοις
1173 1213 1473 1293 ὀφθαλμοῖς
1535 1210 1632 1279 ἡδὺ
1685 1209 1894 1288 δέλεαρο

225 1306 278 1360 οἱ
325 1302 386 1360 δὲ
455 1307 819 1382 σεμνύνονται
885 1301 1332 1382 περιϐαλλόμενοι
1402 1301 1714 1382 κουφότητα
1770 1301 1898 1358 δια-

226 1393 380 1460 νοίας
459 1395 670 1454 ἑαυτῶν
741 1401 1290 1473 καταμαρτυροῦντες,
1375 1394 1463 1449 καὶ
1532 1391 1648 1449 δὲον
1709 1393 1899 1455 αὐτοὺς

230 1485 603 1564 αἰσχύνεσθαι
647 1488 748 1554 τῆς
779 1484 993 1550 ἀπάτης
1037 1498 1050 1513 ⁸
1088 1484 1135 1539 οἱ
1168 1481 1223 1538 δὲ
1253 1484 1339 1538 καὶ
1370 1485 1636 1562 φυσῶνται
1669 1482 1900 1561 μᾶλλον,

231 1574 325 1631 καὶ
369 1575 476 1638 τὰς
529 1576 691 1654 ὀφρύς
720 1575 969 1653 α’ίρουσιν
999 1573 1192 1652 ἐτέρων
1256 1569 1431 1650 ἔργοις
1480 1573 1800 1651 τιμώμενοι,
1849 1571 1902 1627 εἴ

1974 494 2840 574 atquedeﬁuat.Vestesautem
2863 486 3623 567 purpureaeetsplendidaa,

1977 584 2073 644 ﬁla
2102 599 2242 644 sunt
2273 583 2592 654 vermium,
2628 590 2688 642 et
2717 581 2957 641 inventa
2994 579 3386 640 barbarorum
3421 575 3623 637 homi-

1977 692 2140 735 num.
2181 673 2581 745 Quamobrem
2618 673 2666 732 si
2707 690 2775 732 ea
2819 689 2928 730 nos
2978 667 3244 731 reddunt
3274 669 3621 744 honoratos,

1977 773 2170 823 vestra
2196 763 2436 842 quidem
2472 766 2769 822 sententia
2830 761 3007 820 homo
3064 767 3152 819 est
3185 775 3391 819 verme
3425 757 3625 820 vilior.

1979 851 2144 923 Quod
2165 853 2213 912 si
2233 861 2468 932 oportet
2485 851 2661 913 etiam
2682 848 2961 910 homines
2985 854 3231 927 propter
3255 848 3380 908 haec
3399 845 3629 908 habere

1979 943 2039 1001 in
2065 941 2483 1016 admiratione,
2522 943 2708 1002 multo
2757 939 2943 1013 magis
2995 937 3333 999 admirarer
3361 955 3494 1010 eos,
3523 935 3628 1014 qui

1985 1035 2077 1089 hic
2096 1033 2477 1092 fabricantur.
2508 1046 2677 1104 quam
2721 1046 2843 1097 eos,
2879 1031 2976 1102 qui
3004 1039 3238 1099 propter
3257 1042 3332 1085 ex
3363 1027 3455 1086 his
3481 1043 3626 1086 con-

1985 1118 2138 1180 fecta
2161 1119 2511 1180 indumenta
2526 1116 2948 1197 gloriantur,et
2965 1133 3031 1176 se
3049 1115 3361 1194 magniﬁce
3376 1114 3628 1175 circum-

1983 1213 2408 1283 spiciunt.Nam
2427 1213 2513 1268 illi
2534 1211 2764 1282 quidem
2787 1211 2926 1267 artis
2951 1207 3186 1266 solertia
3213 1208 3633 1266 transformant

1986 1306 2258 1360 naturam
2274 1298 2344 1359 ad
2362 1297 2417 1358 id
2437 1300 2594 1379 quod
2611 1306 2700 1358 est
2716 1296 3276 1368 melius,etsensum
3291 1293 3626 1374 decipiunt,

1983 1397 2337 1452 etornatum
2363 1387 2705 1450 amantibus
2737 1386 2930 1448 oculis
2961 1402 3173 1446 suaves
3203 1399 3372 1445 escas
3404 1402 3632 1464 propo-

1985 1487 2159 1556 nunt;
2189 1478 2246 1540 hi
2267 1487 2463 1540 autem
2485 1477 2679 1539 induti
2705 1476 2818 1537 sibi
2846 1477 3107 1555 placent,
3134 1483 3193 1534 et
3213 1492 3279 1534 se
3310 1473 3634 1552 magniﬁce

1986 1568 2588 1648 circumspiciunt,de
2612 1567 2704 1628 sui
2733 1565 2921 1628 animi
2953 1565 3198 1626 levitate
3230 1563 3496 1625 ferentes
3522 1570 3638 1625 tes-

234 1685 300 1740 γε
333 1666 434 1722 καὶ
484 1652 657 1740 τιμήν
700 1652 842 1727 ὅλως
874 1665 987 1744 χρὴ
1031 1664 1098 1718 τὰ
1140 1669 1360 1719 τοιαῦτα
1391 1660 1605 1724 καλεῖν,
1641 1661 1810 1717 Ἀλλὰ
1839 1662 1904 1716 τὰ

1997 1659 2311 1720 limonium
2337 1679 2351 1719 :
2381 1667 2596 1720 etcum
2619 1663 2935 1737 oporteret
2958 1673 3061 1716 eos
3085 1654 3313 1744 pudere
3336 1652 3431 1715 sui
3455 1669 3636 1716 erro—

237 1754 340 1828 μέν
401 1751 545 1834 παρ’
588 1755 740 1830 ὑμῶν
800 1740 1019 1813 τοιαῦτα
1067 1753 1154 1810 καὶ
1212 1750 1380 1812 οὕτως
1434 1749 1654 1831 ἔχοντα,
1729 1753 1795 1808 τὰ
1853 1749 1908 1806 δὲ

1997 1750 2099 1824 ris,
2133 1748 2220 1809 illi
2251 1749 2447 1829 potius
2478 1752 2913 1820 intumescunt,
2950 1753 3009 1805 et
3040 1743 3258 1805 tollunt
3287 1744 3633 1834 supercilia,

237 1846 389 1923 παρὰ
451 1851 558 1902 τοῦ
645 1845 846 1923 ἀγαθοῦ
921 1850 1054 1900 Θεοῦ
1138 1843 1294 1918 ἡμῶν
1363 1841 1535 1918 ἀγαθὰ
1604 1842 1908 1899 τοῦναντίον

239 1932 418 1994 ἅπαν.
481 1933 781 1992 Ἀθάνατον
844 1935 945 2012 γὰρ
989 1932 1109 2012 ἔχει
1153 1933 1252 2000 τὴν
1296 1929 1517 2004 ἡδονὴν,
1570 1929 1794 1998 διηνεκῆ
1853 1928 1907 1984 δὲ

238 2025 345 2091 τὴν
400 2023 776 2102 λαμπρότητα
812 2039 824 2053 ’
866 2020 983 2079 οὗδὲ
1027 2023 1128 2100 γὰρ
1172 2019 1376 2077 δέδοικε
1421 2022 1520 2087 τὴν
1553 2020 1612 2076 ἐκ
1655 2027 1746 2076 τοῦ
1780 2020 1910 2098 χρό-

239 2133 336 2167 νου
399 2111 745 2188 μεταϐολὴν,
806 2115 910 2191 οὔχ
990 2110 1278 2168 ὑποπτεύει
1333 2112 1560 2188 τροπὴν,
1637 2115 1734 2168 οὒκ
1785 2109 1906 2165 ἐπί-

244 2221 447 2257 σταται
500 2201 697 2280 γῆρας,
745 2199 882 2256 ἀλλᾶ
929 2199 1155 2275 ἀκμάζει
1201 2196 1462 2265 διηνεκῶς
1513 2199 1598 2256 ἐπὶ
1646 2204 1745 2265 τῆς
1777 2198 1907 2264 ἴσης

246 2291 492 2366 μένοντα
541 2291 910 2369 εὖπρεπρείας,
949 2289 1040 2347 καῖ
1097 2288 1383 2368 πεπηγότα
1433 2288 1561 2346 ὄντα
1622 2288 1906 2352 διαπαντὸς

247 2385 338 2437 καὶ
384 2381 622 2448 ἀκίνητα
633 2431 645 2444 ,
947 2394 950 2398 ’

1991 1838 2271 1899 honorati
2297 1838 2552 1900 aliorum
2579 1834 2950 1916 operibus,si
2975 1833 3151 1895 modo
3177 1851 3247 1894 ea
3269 1832 3515 1894 omnino
3535 1835 3634 1896 ho-

1991 1945 2201 1990 norem
2235 1945 2448 1989 vocare
2481 1931 2779 2007 oporteat.
2815 1924 2933 1989 Sed
2978 1933 3174 1986 vestra
3223 1922 3466 2004 quidem
3498 1931 3640 1988 sunt

1993 2017 2152 2092 talia,
2185 2027 2243 2078 et
2277 2035 2346 2078 eo
2381 2017 2558 2078 modo
2593 2037 2658 2079 se
2709 2017 2954 2078 habent.
3008 2015 3152 2088 Quae
3175 2021 3372 2075 autem
3405 2032 3442 2074 a
3469 2013 3630 2077 bono

1991 2107 2112 2168 Deo
2136 2116 2365 2181 nostro,
2402 2115 2544 2168 sunt
2567 2107 2962 2184 bona,contra
2993 2123 3058 2166 se
3089 2103 3630 2185 habent.Volupta-

1992 2205 2110 2256 tem
2145 2196 2305 2258 enim
2339 2197 2558 2258 habent
2601 2195 3027 2266 immortalem,
3078 2193 3467 2272 splendorem
3499 2212 3639 2256 vero

1994 2296 2373 2367 perpetuum.
2409 2288 2620 2362 Neque
2652 2286 2809 2346 enim
2847 2283 3061 2345 timent
3091 2302 3246 2358 eam,
3283 2302 3415 2364 qua:
3446 2291 3639 2346 estex

1994 2385 2110 2437 tem
2122 2383 2684 2457 pore,mutationem
2700 2378 2852 2438 .Non
2873 2383 3213 2455 suspectam
3240 2376 3465 2436 habent
3485 2392 3637 2436 cou-

251 2470 631 2546 versionem,
666 2471 902 2532 senium
939 2475 1234 2550 ignorant,
1270 2469 1375 2530 srd
1425 2485 1668 2550 semper
1695 2469 1928 2544 ﬂorent,
1965 2466 2022 2526 in
2057 2466 2268 2547 aequali
2299 2467 2518 2529 decore
2565 2465 2998 2547 permanentia,
3036 2461 3388 2544 stabiliaque
3419 2481 3640 2546 perpe-

258 2568 361 2623 tuo
393 2568 454 2622 et
483 2559 841 2625 immobilia.

348 2651 490 2713 [ΗΓ.
541 2655 680 2730 Πρὸς
711 2659 876 2710 ταῦτα
913 2651 1322 2732 Διοκλητιανδς,
1355 2661 1544 2714 Δοκεϊς
1577 2673 1695 2725 μοι,
1724 2652 1908 2732 φησὶν,

2075 2648 2442 2714 XXVlll.Ad
2469 2649 2596 2710 haec
2631 2647 3042 2710 Diocletianus
3070 2665 3084 2706 :
3110 2645 3250 2708 Mihi
3280 2645 3640 2720 videris,in-

263 2741 448 2805 καλῶς
494 2742 616 2822 μὲν,
658 2743 704 2795 ὠ
753 2740 974 2816 Κλήμη,
1039 2741 1239 2820 λέγειν,
1288 2754 1505 2821 φρονεῖν
1565 2739 1620 2797 δὲ
1664 2742 1753 2796 καὶ
1797 2739 1909 2796 λίαν

1997 2740 2410 2820 quit,pulchre
2442 2738 2689 2816 quidem
2723 2736 2912 2818 loqui,
2943 2756 2976 2798 ο
3009 2735 3310 2815 Clemens,
3345 2734 3451 2796 sed
3487 2735 3642 2797 male

269 2838 456 2895 κακῶς
494 2851 509 2866 °
551 2831 769 2910 γλώττῃ
813 2832 912 2906 μὲν
970 2832 1070 2910 γὰρ
1133 2831 1392 2912 προτιμᾷς
1435 2831 1533 2899 τὴν
1593 2831 1904 2903 ἀθανασίαν,

1997 2828 2319 2890 admodum
2344 2829 2570 2890 sentire
2603 2829 2752 2890 Nam
2771 2826 2972 2905 lingua
2994 2825 3240 2906 quidem
3266 2824 3512 2904 praefers
3533 2824 3643 2885 im-

275 2917 358 2978 ἐπὶ
401 2924 579 2995 θνητῷ
602 2920 658 2977 δὲ
691 2921 773 2978 ἀεὶ
827 2922 923 2986 τὰς
983 2920 1203 2986 ἓλπίδας
1269 2921 1418 3002 ἔχεις
1456 2938 1469 2951 ·
1518 2921 1609 2977 τόν
1655 2922 1912 2999 ὑμέτερον

1999 2918 2521 2988 mortalitatem,in
2548 2915 2782 2979 mortali
2800 2929 2997 2978 autem
3025 2932 3266 2996 semper
3285 2931 3454 2994 spem
3483 2922 3643 2975 tuam

271 3009 415 3090 λέγω
460 3012 710 3090 Χριστὸν,
744 3011 802 3067 ὃν
834 3010 992 3090 μυρία
1024 3013 1178 3090 φασὶν
1237 3011 1340 3068 ὑπὸ
1391 3009 1658 3068 Ἰουδαίων
1709 3031 1911 3068 πεπον-

1999 3008 2258 3071 collocas
2284 3031 2296 3068 :
2325 3018 2586 3070 vestrum
2621 3008 2865 3088 inquam
2896 3005 3406 3085 Christum,quem
3432 3003 3647 3090 dicunt

269 3102 412 3159 θέναι
457 3100 628 3175 δεινὰ,
661 3103 750 3158 καὶ
778 3100 932 3166 τέλος
990 3103 1083 3157 τὸν
1123 3099 1207 3157 διὰ
1251 3108 1478 3177 σταυροῦ
1506 3104 1728 3158 θάνατον
1772 3102 1910 3156 ὑπο-

1997 3116 2030 3159 a
2049 3097 2274 3160 Judaais
2299 3099 2454 3160 mala
2479 3116 2717 3179 passum
2745 3115 2878 3158 esse
2897 3093 3387 3170 innumerabilia,
3420 3101 3478 3156 et
3505 3088 3644 3156 tan-

273 3195 490 3258 στῆναι,
527 3192 588 3248 0i
619 3189 673 3246 δὲ
715 3191 835 3248 καθ’
875 3191 1018 3264 ἡμᾶς
1049 3190 1180 3264 θεοὶ,
1234 3191 1317 3245 ἀεί
1371 3211 1428 3246 τε
1483 3188 1733 3246 ἀθάνατοι
1785 3191 1910 3261 εἰσι,

275 3282 360 3335 καὶ
388 3279 639 3358 ἀλγεινὸν
683 3276 830 3335 οὐδὲν
873 3276 989 3335 οὑδὲ
1034 3275 1291 3358 δυσχερὲς
1324 3277 1668 3354 ὑπομένουσι.
1721 3277 1829 3336 Καῖ
1887 3280 1912 3334 ὁ

277 3369 473 3447 μάρτυς
529 3367 838 3449 ὑπολαϐὼν,
874 3370 998 3448 Περὶ
1028 3370 1126 3435 τῆς
1178 3369 1467 3433 ἀθανασίας
1513 3369 1708 3448 αὑτῶν,
1757 3370 1910 3448 φησὶ,

287 3462 367 3515 καὶ
407 3459 741 3540 ἀναλγησίας
777 3461 965 3539 μικρὸν
996 3464 1093 3515 καί
1124 3457 1300 3526 ἀληθῆ
1331 3457 1532 3535 λέγεις,
1568 3458 1614 3514 ὦ
1669 3457 1908 3534 βασιλεῦ.

295 3551 408 3612 Πῶς
451 3551 547 3626 γὰρ
590 3547 656 3616 δὴ
721 3551 810 3606 καὶ
858 3549 1245 3605 ἀποθανοῦνται
1298 3549 1346 3602 οἳ
1401 3546 1537 3618 μηδέ
1593 3548 1693 3614 τὴν
1737 3547 1917 3626 ἀρχὴν

287 3635 422 3705 ὅλως
477 3641 787 3719 ζήσαντεςς
833 3639 870 3706 ἣ
913 3646 1028 3702 πῶς
1073 3637 1136 3693 ἂν
1178 3637 1471 3716 ἀλγήσειάν
1517 3640 1564 3693 οἱ
1617 3638 1702 3693 καὶ
1755 3639 1918 3702 αὐτῆς

283 3729 573 3797 αἰσθήσεως
617 3731 862 3810 ἀτεχνῶς
909 3728 1100 3806 ἔρημοι
1135 3747 1150 3807 ς
1201 3726 1343 3794 πλὴν
1386 3728 1432 3783 εἰ
1461 3729 1550 3784 καὶ
1577 3732 1683 3783 τῶν
1726 3726 1918 3804 ἀλγει-

277 3824 378 3875 νῶν
425 3820 505 3895 μὴ
549 3821 908 3899 αἰσθάνονται,
967 3817 1107 3875 ἀλλὰ
1165 3818 1374 3897 μυρίαις
1443 3823 1570 3896 γοῦν
1613 3818 1919 3873 ὑπόκεινται

279 3908 526 3988 πληγαῖς
584 3931 642 3966 τε
699 3911 786 3966 καὶ
840 3905 1071 3988 ὕϐρεσιν,
1143 3907 1300 3966 "ant
1347 3910 1443 3982 μὲν
1490 3909 1590 3987 γὰρ
1647 3906 1708 3964 ὲκ
1764 3908 1919 3963 λίθων

279 3999 561 4078 γεγόνασι,
613 4000 700 4055 καὶ
730 3997 946 4078 πληγὰς
987 3999 1091 4055 ὑπὸ
1133 3999 1322 4078 χειρὸς
1356 3996 1747 4078 διαγλυιρούσης
1806 3995 1921 4053 ἐδέ-

280 4086 458 4162 ξαντο,
524 4085 722 4166 σιδήρῳ
776 4110 832 4145 τε
878 4085 1247 4161 διεξέσθησαν,
1282 4091 1370 4144 καὶ
1400 4089 1540 4145 οὕτω
1587 4089 1722 4164 μετὰ
1781 4087 1921 4145 πολ-

1998 3187 2136 3250 dem
2170 3198 2426 3250 mortem
2463 3194 2522 3247 in
2555 3205 2737 3248 cruce
2769 3182 3369 3246 sustinuisse.Nostri
3396 3201 3535 3245 vero
3563 3183 3647 3245 dii

1999 3285 2058 3339 et
2087 3296 2328 3359 semper
2359 3277 2728 3338 immortales
2752 3283 2979 3348 sunt,et
3004 3274 3152 3334 nihil
3176 3290 3353 3350 grave
3373 3290 3486 3334 nec
3519 3291 3645 3333 mo-

1996 3365 2216 3426 lestum
2249 3364 2986 3444 sustinent.Respondens
3017 3370 3213 3424 autem
3247 3369 3468 3442 martyr
3502 3380 3518 3420 :
3551 3362 3638 3424 De

2002 3454 2522 3535 ipsorum,inquit,
2548 3453 3000 3515 immortalitate
3021 3463 3078 3514 et
3099 3450 3331 3512 doloris
3354 3449 3644 3512 vacuitate

2003 3545 2438 3626 propemodum
2490 3563 2632 3606 vera
2664 3543 2839 3618 dicis,
2871 3561 2903 3604 o
2935 3544 3287 3622 imperator.
3323 3540 3640 3615 Quomodo

2003 3635 2160 3696 enim
2196 3634 2665 3714 morientur,qui
2691 3651 2765 3695 ne
2785 3631 3029 3694 omnino
3053 3632 3293 3712 quidem
3320 3629 3650 3692 vixerunt?

2003 3735 2104 3786 aut
2133 3725 2434 3805 quomodo
2465 3726 2740 3788 dolorem
2773 3721 3215 3803 senserint,qui
3247 3723 3374 3802 ipso
3407 3739 3648 3803 quoque

2005 3833 2186 3876 Sensu
2208 3813 2380 3894 plane
2401 3814 2637 3875 carent?
2655 3811 2770 3876 Sed
2786 3812 2896 3874 etsi
2916 3812 3182 3873 dolorem
3207 3831 3328 3873 non
3351 3812 3644 3888 sentiunt,

2006 3915 2138 3967 sunt
2163 3913 2362 3966 tamen
2381 3903 2638 3985 subjecti
2663 3902 3207 3965 innumerabilibus
3232 3901 3417 3982 plagis
3435 3911 3492 3964 et
3509 3921 3652 3964 cou-

2010 3995 2453 4058 tumeliis.Nam
2484 3995 2585 4076 qui
2614 3993 2748 4055 facti
2781 3992 3021 4074 quidem
3056 4002 3194 4054 sunt
3216 4008 3291 4054 ex
3316 3991 3642 4072 lapidibus,

2008 4097 2067 4150 et
2088 4107 2122 4149 a
2144 4103 2482 4167 manu,quaa
2503 4084 2961 4166 sculpit,plagas
2983 4090 3368 4163 acceperunt,
3401 4090 3460 4144 et
3489 4081 3653 4146 ferro

282 4175 387 4245 λῆς
447 4177 582 4246 ὅσης
639 4183 739 4246 τῆς
785 4177 1177 4252 ματαιοπονίας
1227 4175 1425 4234 εἴδωλα
1474 4184 1686 4258 μορφῆς
1717 4177 1916 4257 ἂνθρω-

2012 4186 2150 4240 sunt
2180 4177 2434 4256 laevigati
2483 4195 2552 4238 ac
2603 4174 2796 4257 politi,
2855 4180 2913 4236 et
2960 4173 3049 4236 sic
3079 4192 3215 4234 cum
3249 4190 3490 4252 magno,
3544 4172 3653 4234 scd

284 4273 447 4334 πίνης
499 4269 589 4324 καὶ
618 4266 927 4346 ἂνδριάντες
983 4269 1263 4347 γεγόνασιν
1299 4287 1314 4308 ο
1362 4272 1449 4333 οἷς
1518 4266 1570 4323 δὲ
1633 4270 1833 4349 χρυσὸς
1890 4268 1916 4332 ἦ

2012 4267 2198 4338 inani,
2228 4266 2454 4341 labore,
2481 4265 2691 4326 formai
2715 4264 2990 4325 humana:
3009 4262 3326 4324 simulacra
3357 4269 3418 4322 et
3446 4268 3656 4323 statuae

283 4356 388 4422 ὕλη
450 4356 632 4430 πάλιν,
699 4357 812 4415 εἴτε
870 4357 1106 4438 χαλκὸς,
1167 4356 1280 4415 εἴτε
1327 4357 1577 4438 ἄργυρος,
1632 4359 1720 4414 καὶ
1783 4360 1916 4432 οὗτοι

2013 4356 2151 4418 facti
2183 4364 2345 4416 sunt.
2380 4353 2608 4426 Quibus
2635 4361 2831 4414 autem
2857 4371 3071 4414 rursus
3094 4368 3308 4414 aurum
3336 4357 3428 4412 est
3456 4358 3654 4414 mate-

287 4444 357 4514 δή
415 4444 728 4526 λαϐροτάτῳ
788 4451 916 4524 πυρὶ
1005 4447 1390 4528 χωνευθέντες,
1452 4449 1516 4504 τὰ
1576 4449 1916 4527 παραπλήσια

2012 4445 2255 4518 ria,sive
2283 4445 2519 4525 aes,sive
2541 4452 2876 4522 argentum,
2901 4443 2943 4504 ii
2967 4460 3208 4523 quoque
3233 4441 3354 4504 lusi
3374 4441 3515 4520 igne
3546 4458 3658 4503 ve-

287 4536 378 4592 καὶ
435 4536 592 4596 αὐτοὶ
634 4549 754 4602 τοῖς
813 4537 996 4601 ἄλλοις
1056 4537 1391 4606 ἀναισθήτως
1449 4538 1780 4618 ὑπέστησαν,
1812 4559 1916 4594 τοσ·

2016 4533 2784 4604 hementissimo,similiter
2811 4540 2990 4614 atque
3019 4531 3122 4592 alii
3155 4537 3492 4594 consistunt
3521 4549 3658 4593 om-

289 4628 445 4683 ούτου
503 4625 713 4691 δέοντες
764 4628 985 4703 βοηθεῖν
1030 4627 1248 4706 ἑτέροις,
1295 4627 1404 4702 ὅσῳ
1453 4630 1540 4684 καὶ
1585 4628 1797 4692 ἑαυτοῖς
1839 4627 1916 4683 τοί

2015 4626 2161 4688 nino
2184 4643 2400 4689 sensus
2423 4633 2734 4705 expertes:
2772 4623 2874 4704 qui
2906 4631 3131 4684 tantum
3167 4623 3359 4699 abest,
3383 4633 3451 4685 ut
3480 4639 3654 4703 opem

293 4718 373 4792 μὴ
430 4720 652 4775 τοιαῦτα
711 4719 966 4799 πάσχειν,
1028 4720 1090 4774 τὸ
1160 4719 1409 4794 παράπαν
1485 4719 1612 4774 εἰσὶν
1662 4717 1905 4775 ἀδύνατοι

2016 4717 2208 4778 ferant
2229 4715 2385 4790 aliis,
2408 4724 2471 4777 ut
2501 4733 2578 4777 ne
2598 4713 2711 4796 ipsi
2733 4713 2980 4792 quidem
3007 4714 3237 4794 possint
3267 4712 3660 4788 facere,quo-

295 4808 595 4877 Θνήσκουσι
627 4807 725 4883 μὲν
757 4807 845 4864 οὖν
890 4807 1159 4883 οὐδαμῶς,
1191 4807 1305 4864 ἐπεὶ
1328 4807 1464 4880 μηδὲ
1497 4807 1595 4876 τὴν
1629 4808 1827 4888 ἀρχὴν,
1861 4810 1916 4864 ὡς

2021 4813 2214 4868 minus
2241 4810 2358 4866 haec
2385 4808 2624 4867 omnino
2651 4807 3346 4879 patiantur.Nequaquam
3371 4819 3508 4875 ergo
3530 4817 3662 4860 mo-

295 4897 462 4977 ἒφθην
506 4897 696 4977 εἰπὼν,
744 4896 880 4961 ὅλως
939 4897 1136 4969 ἔζησαν
1171 4913 1184 4927 ³
1235 4895 1526 4976 διαῤῥὲουσι
1559 4895 1612 4953 δὲ
1658 4900 1742 4954 καὶ
1805 4921 1916 4954 συν·

2018 4896 2570 4976 riuntur,quoniam
2595 4912 2704 4956 nec
2725 4894 2973 4956 omnino
2993 4893 3322 4974 quidem.ut
3338 4889 3502 4973 prius
3515 4888 3662 4965 dixi,

296 4984 586 5065 τρίϐονται,
649 4988 884 5064 καθάπερ
941 5008 1124 5067 χρονῳ
1164 4989 1223 5044 τὸ
1270 4988 1416 5044 εἶναι
1474 4987 1613 5044 οὕτω
1642 4987 1706 5056 δη
1740 4991 1828 5044 καὶ
1877 4991 1916 5044 τί

2023 4988 2315 5049 vixerunt:
2341 4985 2832 5047 diﬁluuntaulem
2858 4978 3663 5062 etconteruntur,quomodo

299 5078 377 5153 μὴ
433 5077 576 5134 εἶναι
609 5075 996 5154 λαμϐάνοντες,
1031 5076 1228 5134 Οὔκουν
1259 5085 1478 5134 τοιαῦτα
1534 5079 1632 5134 καί
1675 5080 1740 5134 τὰ
1796 5078 1916 5153 ἡμέ‹

2023 5077 2185 5154 quod
2208 5076 2392 5152 sint,a
2415 5073 2800 5156 tempore,ita
2829 5073 3032 5149 etiam,
3058 5072 3216 5154 quod
3243 5091 3362 5135 non
3385 5071 3526 5146 sint,
3559 5087 3666 5133 ac-

298 5187 424 5244 τερα
455 5182 470 5197 ⁸
508 5165 627 5224 ἀλλ’
670 5169 826 5228 αὐτὸς
861 5169 888 5224 ὁ
918 5167 1123 5234 ἀληθὴς
1161 5169 1437 5234 Δεσπότης
1483 5169 1570 5224 καὶ
1605 5169 1912 5247 Δημιουργὸ

2026 5173 2327 5241 cipiemes.
2355 5170 2478 5228 Non
2503 5184 2644 5241 ergo
2672 5176 2864 5226 nostra
2890 5182 3124 5240 quoque
3143 5175 3281 5224 sunt
3304 5164 3664 5238 huiusmodi,

301 5253 553 5312 ἁπάντων
610 5257 638 5312 ὁ
683 5256 810 5332 ἐμὸς
863 5258 992 5317 Θεὸς
1043 5255 1272 5336 ἄχρονός
1316 5278 1373 5312 τε
1417 5256 1491 5314 ὢν
1543 5259 1627 5314 οιαὶ
1657 5259 1937 5331 ἀθάνατος,

302 5347 391 5402 καὶ
435 5345 706 5425 ἅνθρωπος
751 5347 970 5424 ὕστερον
1014 5347 1214 5425 γίνεται
1246 5344 1312 5402 δι’
1369 5347 1490 5423 ἐμὲ,
1542 5348 1617 5402 ’ἔν’
1677 5351 1786 5427 ἐγὼ
1843 5349 1940 5426 γέ-

302 5436 480 5512 νωμαί
524 5431 596 5491 δι’

302 5527 587 5595 θάπτεται,
621 5525 714 5582 καῖ
771 5529 1059 5605 τριήμερος
1119 5526 1420 5601 ἆνίστατῃι,
1467 5531 1556 5584 καὶ
1588 5529 1658 5590 εἰς
1693 5530 1943 5606 οὐρανοὺς

653 5437 856 5493 ἐκείνου
916 5438 1073 5510 Θεὸς,
1120 5440 1208 5492 καὶ
1276 5444 1586 5514 σταδροῦται
1645 5438 1812 5494 θέλων
1857 5441 1944 5495 καὶ

2027 5257 2129 5318 sed
2179 5255 2309 5334 ipse
2361 5271 2542 5316 verus
2601 5253 2894 5315 Dominus
2947 5249 3142 5330 opifex
3176 5250 3471 5324 omnium,
3509 5247 3667 5311 Deus

2031 5363 2220 5420 meus,
2260 5344 2360 5424 qui
2394 5353 2490 5406 est
2521 5351 2580 5405 et
2610 5360 2826 5424 expers
2859 5340 3166 5422 temporis.
3192 5348 3253 5402 et
3281 5338 3665 5414 immortalis,

2029 5444 2270 5517 propter
2305 5452 2400 5495 me
2427 5451 2668 5514 quoque
2698 5433 2762 5493 ﬁt
2791 5433 2972 5494 homo
3027 5439 3256 5509 postea,
3292 5440 3357 5492 ut
3389 5447 3501 5510 ego
3532 5429 3671 5491 ﬁam

2030 5544 2136 5607 per
2166 5524 2332 5586 illum
2365 5523 2566 5600 Deus;
2597 5523 2924 5603 volensque
2954 5527 3118 5583 cruci
3171 5521 3436 5602 afﬁgitur
3479 5529 3539 5583 et
3566 5537 3667 5581 se-

307 5615 477 5671 ἄνεισι
523 5614 685 5671 πάλιν
734 5615 852 5672 ὅθεν
895 5613 962 5682 δὴ
1017 5615 1273 5696 κατῆλθε,
1325 5617 1726 5684 σανα-βαστάσας
1777 5619 1916 5674 ἑαυτι

2037 5615 2350 5696 pelitur,et
2378 5614 2552 5675 tertio
2583 5612 2686 5673 die
2716 5611 2999 5692 resurgit,
3034 5617 3094 5673 et
3124 5629 3333 5675 rursus
3365 5610 3427 5674 in
3451 5609 3666 5674 ccelum
