4006 6138
363 297 481 369 839
1665 297 1950 366 MENSIS
1988 295 2444 368 IANUARIUS.
3621 307 3738 380 διο

364 440 655 513 ascendit,
685 440 852 502 unde
881 438 1440 508 descenderat.cum
1476 455 1585 499 nos
1608 455 1729 499 una
1763 455 1978 518 quoqm

2090 438 2178 495 καὶ
2210 439 2379 513 ἡμᾶς,
2413 439 2500 495 καὶ
2530 441 2604 505 εἰς
2636 440 2732 509 τὴν
2767 441 3025 520 προτέραν
3055 441 3232 523 ἀρχὴν
3255 442 3644 524 ἐπαναγαγὼν,
3672 447 3739 515 ἦν

363 534 604 597 fecisset
623 549 970 610 resurgere,
1001 537 1060 591 et
1081 528 1150 590 ad
1178 527 1437 607 priorem
1461 526 1799 590 reduxisset
1836 528 1978 606 prin

2087 527 2173 584 διὰ
2200 530 2300 596 τὴν
2329 531 2612 606 παρακοὴν
2645 537 2822 595 κακῶς
2857 529 3301 607 ἐκπεπτώκαμεν.

365 623 651 706 cipatum,
685 639 719 682 a
749 639 867 702 quo
920 619 1075 681 male
1108 617 1444 682 excidimus
1505 627 1756 698 propter
1784 616 1999 679 inobe—

363 714 676 777 dienttam.

1842 891 2089 959 CAPUT
2142 895 2242 958 Vl.

881 1098 1047 1162 Varii
1074 1099 1328 1162 tolerati
1351 1095 1563 1162 Romae
1592 1097 1926 1160 cruciatus.
1963 1090 2145 1155 Multi
2172 1097 2444 1158 conversi
2479 1103 2540 1159 cl
2569 1099 2879 1178 martyrio
2911 1099 3218 1163 coronati.

434 1307 926 1386 XXIXJ’r-optwr
946 1306 1074 1368 haec
1102 1305 1433 1384 imperator
1463 1304 1537 1366 ad
1571 1307 1718 1366 iram
1742 1301 1976 1364 concita

2163 1289 2292 1360 K8,.
2344 1299 2462 1359 Ἐπὶ
2492 1303 2702 1367 τούτοις
2733 1303 2868 1383 ὀργὴ
2907 1301 3167 1370 λαμϐάνει
3225 1305 3319 1360 τὸν
3378 1301 3610 1380 βασιλέα
3639 1305 3732 1361 καὶ

353 1409 493 1472 tur;
523 1407 583 1460 et
630 1395 832 1458 verbis
876 1396 1067 1456 victus
1121 1392 1494 1456 convertitur
1546 1394 1619 1455 ad
1678 1389 1971 1472 supplicia

2079 1389 2208 1466 πρὸς
2287 1390 2409 1454 τοὺς
2498 1389 2688 1470 λόγους
2768 1393 3108 1469 ἡττώμενος,
3161 1392 3247 1449 ἐπὶ
3302 1394 3401 1457 τὰς
3460 1393 3727 1469 τιμωρίας

351 1488 637 1550 nesciens
657 1487 969 1556 stultus,se
993 1501 1099 1564 per
1120 1482 1223 1545 illa
1243 1481 1429 1559 magis
1444 1499 1585 1544 esse
1606 1479 1978 1544 vincendum;

2078 1477 2301 1558 ἐχώρει,
2351 1481 2447 1537 οῦκ
2489 1478 2638 1546 εἰδὼς
2666 1483 2918 1556 ἀνόητος,
2956 1483 3039 1540 ὅτι
3071 1479 3209 1539 πολὺ
3241 1480 3450 1557 μᾶλλον
3475 1479 3546 1537 δι’
3579 1479 3727 1537 ἐκεί-

352 1575 655 1659 siquidem
686 1585 958 1656 apertum
981 1583 1074 1634 est
1097 1571 1645 1645 indicium,victum
1670 1588 1806 1632 esse
1829 1587 1978 1659 eum,

2078 1588 2204 1659 νων,
2241 1567 2462 1643 ἔμελλεν
2513 1572 2928 1643 ἡττηθήσεσθαι,
2991 1571 3149 1649 εἴπερ
3199 1571 3345 1659 ,ἧττα
3394 1573 3572 1659 σαφὴς
3631 1578 3728 1628 τοῦ

351 1656 456 1748 qui
490 1663 851 1746 punit,quod
877 1663 1057 1743 is,qui
1090 1661 1514 1742 punitur,nihil
1543 1661 1788 1722 omnino
1821 1658 1978 1721 cedat

2074 1656 2396 1748 κολάζοντος
2445 1664 2504 1716 τὸ
2554 1661 2643 1716 τὸν
2688 1660 3047 1735 κολαζόμενον
3107 1658 3278 1736 μηδὲν
3311 1657 3451 1725 ὅλως
3481 1658 3726 1717 ἐνδοῦναι

353 1734 680 1836 δυριῖΙὶοἰὶέ
711 1734 909 1816 ’.Ιιώει
933 1734 1257 1832 οἷιεοῖὀιω
1291 1750 1518 1829 alligari
1553 1760 1894 1831 martyrem,
1929 1758 1978 1811 et

2078 1746 2174 1815 τῆς
2224 1750 2509 1836 τιμωρίας.
2589 1748 2801 1808 Κελεύτι
2875 1751 3005 1830 γοῦν
3077 1734 3266 1830 τροχῷ
3325 1750 3425 1836 τὸν,
3477 1748 3723 1828 μάρτυρα

348 1854 538 1908 rotam
571 1843 817 1924 quidem
851 1842 1004 1904 verti
1037 1859 1250 1920 magno
1282 1840 1865 1920 impetu,martyrem
1892 1857 1992 1900 au-

347 1941 468 1996 tem
493 1932 673 2009 virgis
695 1928 1817 2010 verberaricrudelissimis.Statimque
1839 1945 1996 1988 mar-

347 2033 442 2104 tyr
461 2023 654 2084 fuerat
673 2021 976 2102 alligatus,
1003 2030 1136 2082 rota
1155 2037 1294 2081 vero
1317 2018 1655 2082 vertebatur
1677 2020 1986 2081 celeriter.

346 2111 568 2193 Martyr
587 2119 811 2186 autem,
833 2109 1074 2192 quando
1105 2119 1235 2171 erat
1265 2109 1514 2188 quidem
1543 2108 1606 2170 in
1637 2119 1768 2171 rota
1797 2107 1992 2170 subli-

349 2200 457 2276 mi,
490 2197 844 2263 tradebatur
868 2199 944 2259 iis
973 2200 1072 2279 qui
1115 2196 1514 2260 verberabant
1542 2215 1558 2273 ;
1589 2197 1828 2278 quando
1852 2215 1990 2259 vero

345 2297 475 2351 rota
503 2306 640 2350 eum
670 2287 782 2349 sub
811 2305 878 2348 se
909 2285 1390 2366 ferebat,corpus
1413 2287 1547 2366 ejus
1564 2288 1788 2350 acerbe
1809 2304 1990 2348 cons-

345 2376 791 2450 cindebatur,et
821 2394 955 2438 ossa
985 2375 1754 2457 conterebantur.Cnmque
1784 2376 1874 2437 sic
1905 2375 1988 2438 la-

339 2466 942 2543 ceraretur,Dumine
975 2468 1054 2527 mi
1083 2464 1228 2529 Jesu
1261 2464 1520 2539 Christe,
1547 2465 1812 2536 dicebat,
1848 2467 1983 2528 veni

339 2557 419 2619 ad
449 2577 626 2639 opem
664 2555 810 2618 mihi
843 2555 1182 2630 ferendam,
1203 2567 1261 2618 et
1293 2555 1423 2616 leva
1448 2575 1541 2617 me
1573 2558 1686 2618 hoc
1719 2557 1985 2636 pondere

339 2647 661 2727 supplicii:
704 2646 986 2726 quoniam
1029 2644 1563 2708 circumdederunt
1615 2664 1711 2706 me
1742 2645 1984 2708 dolores

337 2736 574 2809 mortis,
609 2735 873 2816 pericula
905 2734 1122 2796 inferni
1165 2738 1526 2795 invenerunt
1574 2752 1672 2796 me
1729 2732 1983 2814 Respice

336 2829 413 2888 ad
446 2844 566 2898 me,
598 2833 656 2887 et
682 2825 973 2887 miserere
996 2828 1204 2895 mei,et
1235 2843 1307 2886 ex
1333 2823 1802 2886 necessitatibus
1831 2823 1982 2885 meis

337 2931 491 2980 erue
521 2931 638 2978 me.
672 2914 849 2977 Adsis
881 2913 1050 2988 mihi,
1084 2921 1147 2974 nt
1174 2913 1498 2994 aliquando
1530 2913 1707 2976 etiam
1745 2915 1978 2994 paraly-

337 3005 455 3068 tico
493 3004 607 3085 (3),
640 3004 712 3066 ad
765 3003 1017 3082 gloriam
1079 3012 1270 3079 tuam,
1303 3004 1378 3065 ad
1415 3002 1861 3065 confessionem
1897 3002 1981 3064 tui

2080 1834 2452 1914 προσδεθῆναι,
2486 1840 2573 1896 καὶ
2613 1841 2705 1896 τὸν
2751 1841 2852 1914 μὶν
2910 1841 3112 1921 τροχὸν
3144 1840 3281 1914 μετὰ
3309 1835 3519 1905 πολλῆς
3556 1839 3722 1914 στρέ-

2078 1928 2262 2004 ιρεσθαι
2293 1931 2389 1988 τῆς
2423 1928 2618 2006 ὁρμῆς,
2647 1930 2738 1984 τὸν
2770 1928 3010 2008 μάρτυρα
3060 1925 3113 1984 δὲ
3168 1924 3379 2006 ῥάϐδοις
3418 1927 3725 2002 ὠμοτάτως

2077 2015 2384 2080 τύπτεσθαι.
2436 2018 2534 2075 Καὶ
2590 2018 2778 2077 αὐτίκα
2835 2019 2864 2074 6
2922 2019 3023 2093 μὶν
3053 2015 3291 2084 ἀθλητὴς
3321 2014 3528 2074 ἐδέδετο
3556 2035 3570 2050 °
3606 2015 3638 2072 6
3667 2013 3725 2072 δί

2075 2107 2275 2185 τροχὸς
2323 2104 2484 2171 ὀξέως
2547 2106 2784 2185 ἐφέρετο.
2847 2097 2906 2166 ’0
2965 2105 3020 2163 δὲ
3079 2107 3282 2182 μάρτυς
3341 2103 3430 2162 ὅτε
3475 2104 3576 2179 μὲν
3636 2105 3725 2162 ἐπὶ

2075 2203 2350 2272 μετεώρου
2400 2202 2494 2252 τοῦ
2550 2203 2752 2276 τροχοῦ
2809 2197 2878 2265 ἦν
2935 2210 3056 2259 τοῖς
3116 2196 3402 2252 τύπτουσιν
3431 2191 3722 2268 ἐξεδίδοτο,

2078 2285 2230 2351 ἡνίκα
2276 2283 2330 2341 δὲ
2388 2284 2546 2342 πάλιν
2591 2287 2750 2343 αὐτὸν
2789 2284 2874 2365 ὑφ’
2923 2287 3108 2343 ἑαυτὸν
3152 2281 3451 2360 ἐλάμϐανεν
3503 2286 3533 2340 6
3588 2304 3723 2360 τρο-

2074 2374 2176 2453 χὸς
2235 2373 2596 2450 κατετέμνετο
2676 2379 2877 2455 πικρῶς
2941 2374 3002 2433 τὰ
3054 2381 3236 2453 σῶμα,
3310 2377 3400 2430 καὶ
3457 2373 3526 2430 τὰ
3587 2373 3723 2430 ὀστᾶ

2074 2461 2425 2540 συνετρίϐετο,
2464 2465 2561 2522 Καὶ
2591 2462 2758 2530 οὕτως
2810 2465 2900 2522 ἐπὶ
2928 2462 3165 2528 πολλαῖς
3212 2475 3336 2525 ταῖς
3394 2461 3560 2540 ὥραις
3621 2485 3720 2519 κο-

2071 2553 2364 2625 πτόμενος,
2414 2552 2568 2632 Κύριε
2613 2550 2794 2620 ἰησοῦ
2831 2553 3046 2632 Χριστέ,
3082 2550 3289 2630 ἔλεγεν,
3345 2550 3463 2608 ἐλθέ
3522 2552 3596 2610 εἰς
3659 2555 3722 2608 τὸ

2068 2641 2334 2716 βοηθῆσαί
2392 2664 2508 2717 μοι,
2567 2641 2664 2698 καί
2736 2645 2800 2700 τὸ
2857 2643 2987 2720 βαρὺ
3063 2640 3222 2698 τοῦτο
3276 2641 3373 2708 τῆς
3434 2640 3718 2704 κολάσεως

2067 2731 2437 2812 ἐπικούφισον,
2469 2731 2552 2788 ὅτι
2584 2731 2874 2812 περιέσχον
2917 2753 2986 2804 με
3036 2729 3227 2797 ὠδῖνες
3277 2730 3528 2804 θανάτου,
3591 2731 3715 2788 κίν-

2065 2817 2203 2877 δδνοι
2261 2819 2387 2894 ᾅδου
2458 2821 2677 2900 εὕροσάν
2750 2843 2841 2898 με,
2913 2818 3240 2897 Ἐπίϐλεψον
3313 2819 3404 2876 ἐπ’
3457 2819 3559 2894 ἐμὲ
3617 2820 3711 2877 καὶ

2064 2908 2286 2976 ἐλέησον
2329 2930 2422 2986 με,
2455 2912 2544 2968 καὶ
2572 2911 2636 2968 ἐκ
2684 2917 2788 2968 τῶν
2841 2911 3090 2989 ἀναγκῶν
3143 2932 3249 2985 μου
3304 2908 3532 2988 ἐξάγαγὲ
3586 2931 3659 2986 με
3696 2925 3708 2938 ⁸

2065 3000 2365 3078 παράστηθι
2424 3003 2498 3064 ὡς
2562 3007 2640 3076 τῷ
2699 3011 3042 3079 παραλυτικῳ
3101 3021 3259 3079 ποτε,
3308 3000 3398 3057 καὶ
3455 2999 3571 3074 ἐμοὶ
3626 3003 3705 3061 εἱς

341 3095 632 3171 nominis,
656 3093 731 3156 ad
763 3093 1033 3156 dedecus
1063 3101 1122 3156 et
1144 3093 1533 3173 ignominiam
1569 3093 1978 3168 inimicorum,

2069 3087 2221 3154 δόξαν
2278 3090 2402 3166 σὴν,
2464 3091 2536 3152 εἰς
2601 3090 2895 3168 ὁμολογίαν
2973 3097 3066 3146 τοῦ
3141 3091 3238 3146 σοῦ
3285 3089 3576 3164 ὀνόματος,
3626 3089 3701 3151 εἰς

335 3182 414 3248 ad
458 3185 754 3264 majorum
812 3193 1056 3264 propter
1113 3191 1170 3246 te
1231 3184 1685 3264 perpessionem
1717 3183 1983 3246 toleran-

337 3272 479 3336 tiam
495 3319 510 3334 .

418 3362 612 3428 XXX.
645 3361 786 3426 Haec
818 3381 954 3426 cum
985 3361 1520 3438 dixissetsanctus,
1547 3363 1746 3426 statim
1782 3370 1986 3426 etrota

336 3471 375 3516 a
405 3463 598 3526 motu,
636 3463 696 3515 et
726 3453 826 3535 qui
859 3451 1280 3527 verberabant,
1315 3462 1703 3516 cessaverunt
1729 3471 1764 3514 a
1799 3453 1984 3533 plagis

331 3543 664 3608 aﬂ'erendis
692 3565 706 3603 :
731 3551 1034 3624 etmartyr
1067 3543 1313 3624 quidem
1356 3543 1536 3606 simul
1566 3541 1642 3605 ab
1671 3541 1979 3620 omnibus,

330 3643 394 3700 et
411 3653 444 3698 a
465 3643 619 3709 rota,
655 3641 715 3695 et
732 3652 765 3696 a
786 3633 1047 3695 vinculis
1073 3633 1194 3696 illis
1219 3652 1328 3696 sua
1351 3643 1568 3714 sponte
1586 3633 1815 3694 solutus
1845 3633 1979 3695 fue-

330 3731 447 3800 rat,
478 3733 538 3787 et
566 3722 886 3788 restitutus
938 3723 997 3784 in
1032 3723 1298 3803 priorem
1332 3722 1650 3786 sanitatem
1688 3741 1702 3787 :
1737 3722 1980 3785 lictores

327 3827 527 3875 autem
565 3811 753 3874 subiit
777 3811 1189 3874 membrorum
1223 3813 1564 3876 dissolutio.
1599 3811 1670 3874 Et
1699 3812 1870 3874 multi
1903 3832 1974 3875 ex

326 3899 642 3975 Romanis,
676 3901 778 3982 qui
809 3902 881 3963 ad
912 3901 1030 3964 tale
1056 3903 1462 3983 spectaculum
1512 3912 1969 3978 concurrerant,

327 3994 494 4054 sanis
513 3999 832 4054 evaserunt
860 3990 1447 4072 animis,et,Magnus
1479 4002 1567 4054 est
1601 3991 1759 4055 Deus
1791 3992 1972 4057 Chri-

324 4080 682 4158 stianorum,
715 4097 927 4161 magna
975 4098 1120 4144 voce
1173 4081 1688 4147 exclamaverunt.
1723 4085 1973 4163 Magnus

321 4188 469 4234 vero
501 4169 802 4246 Clemens,
834 4169 936 4251 qui
966 4181 1092 4234 erat
1131 4189 1266 4234 vere
1299 4169 1514 4235 Christi
1552 4172 1803 4253 palmes,
1833 4190 1970 4234 cum

2071 3180 2334 3260 αἰσχύνην
2390 3182 2475 3237 καὶ
2540 3180 2804 3255 ἐντροπὴν
2862 3188 2970 3236 τῶν
3036 3178 3270 3258 ἐχθρῶν,
3327 3178 3403 3242 εἰς
3444 3176 3711 3234 πλειόνων

2068 3269 2197 3347 ὑπὲρ
2227 3276 2320 3326 σοῦ
2349 3269 2680 3344 παθημάτων
2707 3269 3011 3346 ὑπομονήν,

2147 3347 2234 3418 Λ’.
2268 3364 2440 3417 Ταῦτα
2486 3367 2577 3416 τοῦ
2623 3360 2778 3438 ἁγίου
2821 3361 3088 3433 εἰπόντος,
3127 3358 3319 3422 εὐθέως
3348 3356 3377 3413 ὅ
3407 3379 3464 3414 τε
3508 3360 3711 3438 τροχὸς

2064 3452 2163 3515 τῆς
2208 3455 2397 3528 φορᾶς,
2456 3449 2546 3505 καὶ
2589 3451 2638 3507 οἱ
2690 3450 2979 3513 τύπτοντες
3035 3452 3144 3505 τῶν
3173 3446 3403 3526 πληγῶν
3447 3447 3708 3514 ἔστησαν,

2068 3539 2166 3596 Καὶ
2196 3539 2224 3594 ὁ
2255 3538 2454 3617 μάρτυς
2485 3536 2586 3612 μὲν
2617 3538 2831 3594 πάντων
2889 3541 3023 3613 ὁμοῦ
3079 3537 3167 3593 καὶ
3214 3545 3308 3594 τοῦ
3348 3545 3571 3614 τροχοῦ,
3621 3536 3714 3592 καί

2061 3631 2168 3683 τῶν
2199 3623 2406 3702 δεσμῶν
2456 3628 2674 3684 ἐκείνων
2725 3627 3045 3702 αὐτομάτως
3079 3624 3324 3705 ἐλέλυτο,
3357 3626 3444 3682 καί
3503 3626 3579 3688 εἰς
3608 3624 3713 3692 τὴν

2061 3716 2321 3796 προτέραν
2371 3717 2550 3795 ὑγείαν
2628 3716 3026 3775 ἀποκαθίστατο
3061 3736 3076 3752 ο
3163 3716 3285 3779 τοὺς
3342 3713 3567 3791 δημίους
3650 3711 3707 3769 δὲ

2057 3807 2276 3885 πάρεσις
2320 3807 2490 3883 εἰσῄει
2535 3805 2738 3885 μελῶν,
2784 3806 2873 3864 καί
2932 3804 3126 3863 πολλοί
3173 3812 3281 3862 τῶν
3327 3804 3416 3862 ἐπί
3471 3804 3698 3881 τοιαύτῃ

2056 3894 2461 3974 συνδραμόντων
2501 3896 2595 3969 θέᾳ
2639 3897 2920 3971 Ῥωμαίων
2962 3897 3056 3959 τὰς
3115 3895 3302 3976 ψυχὰς
3333 3893 3698 3972 ὑγιάσθησαν,

2054 3988 2164 4056 καί,
2201 3986 2380 4063 Μέγας
2404 3986 2430 4042 6
2461 3986 2592 4049 Θεὸς
2621 3984 2729 4042 τῶν
2755 3990 3107 4063 Χριστιανῶν,
3153 3981 3366 4062 μεγάλῃ
3393 3984 3470 4048 ὠς
3530 3982 3700 4062 εἶχον

2055 4073 2285 4143 ἐϐόησαν
2344 4082 2414 4153 τῇ
2470 4079 2643 4156 φωνῇ.
2699 4065 2756 4133 Ὀ
2801 4075 2984 4151 μέντοι
3028 4087 3278 4153 γενναῖος
3313 4073 3572 4149 Κλήμης,
3635 4075 3698 4129 τὸ

2056 4166 2262 4244 εὐγενὲς
2322 4167 2397 4230 ὡς
2454 4165 2666 4232 ἀληθῶς
2721 4171 2816 4222 τοῦ
2887 4170 3116 4238 Χριστοῦ
3175 4162 3388 4241 κλῆμα,
3455 4161 3698 4236 καθάπερ

324 4259 510 4324 veluti
534 4259 816 4341 pulchros
838 4258 1126 4340 quosdam
1150 4261 1377 4323 fructus
1409 4279 1518 4323 sua
1542 4251 1810 4324 membra
1841 4259 1966 4323 Deo

2066 4254 2200 4317 τινας
2246 4254 2469 4333 ὡραίους
2539 4254 2771 4332 καρποὺς
2825 4255 2891 4311 τὰ
2933 4255 3123 4311 ἑαυτοῦ
3169 4251 3311 4328 μέλη
3341 4251 3702 4341 καρποτορή-

327 4340 833 4429 obtnlissetzAgo
856 4349 961 4412 tibi
983 4349 1228 4428 gratias,
1265 4348 1571 4426 dicebat,o
1593 4350 1775 4426 Dens,
1810 4351 1968 4432 quod

2066 4367 2151 4410 τας
2184 4349 2301 4418 Θεῷ
2332 4362 2346 4380 °
2383 4342 2707 4425 Εόχαριστῶ
2755 4365 2866 4418 σοι,
2920 4343 3128 4422 ἔλεγεν,
3161 4345 3190 4400 6
3223 4343 3378 4432 Θεὸς,
3418 4340 3507 4432 δτι
3562 4362 3700 4398 κατ-

319 4439 587 4502 volueris
610 4457 704 4502 me
725 4439 784 4500 in
817 4439 928 4501 hac
947 4439 1206 4502 maxima
1228 4450 1285 4502 et
1303 4439 1802 4517 frequentissima
1821 4429 1973 4503 civi-

2066 4434 2292 4504 ηξίωσάς
2323 4455 2390 4510 με
2441 4434 2540 4490 κᾶν
2603 4439 2672 4510 τῇ
2713 4433 2946 4512 μεγίστῃ
3000 4434 3169 4515 ταύτῃ
3225 4431 3317 4488 καί
3344 4429 3697 4508 πολυανθρω-

323 4537 446 4591 tate
481 4528 600 4609 pati
632 4547 739 4608 pro
767 4527 921 4591 Filio
950 4537 1050 4592 tuo
1095 4529 1540 4610 unigenito,qui
1578 4530 1708 4610 ipse
1737 4549 1978 4612 quoque

2066 4525 2271 4601 ποτάτῃ
2325 4531 2431 4581 τῶν
2470 4525 2682 4582 πόλεων
2736 4525 2867 4603 ὑπὲρ
2910 4530 3002 4581 τοῦ
3045 4528 3368 4600 μονογενοῦς
3427 4522 3544 4577 Υἲοῦ
3595 4541 3691 4578 σου

324 4608 543 4703 passus
561 4619 670 4680 fuit
693 4638 800 4699 pro
816 4619 1082 4686 nobis.et
1098 4608 1352 4700 pretium
1379 4608 1976 4700 nostrte‘captivitatis

2066 4618 2276 4678 παθεῖν.
2333 4636 2428 4673 του
2483 4616 2570 4671 διαί
2609 4614 2767 4672 αὑτοῦ
2839 4613 3098 4703 παθόντος
3183 4611 3316 4703 ὑπὲρ
3371 4612 3546 4703 ἡμῶν,
3585 4608 3693 4703 Δδιαί

323 4717 386 4772 et
407 4709 712 4772 servitutis
743 4727 915 4770 suum
944 4709 1153 4770 eﬂ‘udit
1172 4709 1799 4788 sanguinem.Deinde
1825 4710 1974 4773 sub-

315 4801 522 4880 junxit
552 4799 728 4861 etiam
753 4799 974 4861 seriem
1003 4799 1482 4879 sanctorum,qui
1516 4798 1722 4863 Romae
1753 4809 1924 4862 erant
1954 4822 1966 4859 :

320 4887 508 4962 Quem
539 4886 775 4963 Petrus,
835 4885 1052 4966 inquit,
1107 4886 1314 4948 docuit
1369 4887 1601 4958 colere.
1657 4897 1717 4950 et
1749 4889 1967 4950 Paulus

318 4977 691 5059 pradicavit,
723 4977 906 5056 etqni
935 4985 1067 5038 erat
1088 4975 1569 5056 ejusdem,cujus
1599 4996 1734 5058 ego,
1769 4979 1968 5042 nomi-

317 5070 417 5130 nis
433 5067 710 5131 Clemeus
729 5065 832 5128 ille
851 5064 1497 5146 sapiens,adorandum
1521 5085 1656 5130 esse
1677 5070 1968 5146 decrevit;

318 5173 376 5220 et
397 5163 634 5219 divinus
655 5159 932 5230 deinceps
949 5157 1262 5216 Onesimus
1287 5172 1373 5216 est
1394 5163 1546 5218 conti
1567 5164 1968 5236 ssus.Propter

316 5266 500 5326 quem
523 5245 640 5328 ipsi
659 5264 899 5328 quoque
925 5245 1318 5325 passi,libere
1349 5247 1638 5324 loquendi
1672 5259 1967 5330 potestate

315 5338 473 5417 apud
493 5355 598 5400 eos
620 5337 816 5397 valent
833 5335 1592 5416 plurimum,etadorantur
1609 5358 1640 5399 a
1660 5338 1963 5415 ﬁdelibus,

315 5424 478 5488 haud
527 5431 608 5488 ita
637 5423 825 5487 multo
881 5433 1013 5505 post
1042 5434 1240 5488 autem
1273 5427 1692 5491 adorabuntur
1719 5429 1900 5492 etiam
1932 5447 1965 5492 a

397 5630 494 5712 (3)
525 5633 671 5693 Acta
704 5631 926 5709 priora,
963 5632 1180 5696 Paulo.

2058 4706 2243 4784 λύτρον
2295 4710 2394 4772 τῆς
2457 4705 2723 4781 ἡμετέρας
2783 4701 3160 4784 αἰχμαλωσίας
3212 4702 3302 4758 καί
3344 4706 3446 4769 τῆς
3493 4697 3698 4756 δουλώ-

2056 4817 2216 4865 σεως,
2246 4797 2308 4853 τὸ
2341 4797 2544 4853 οἰκεῖον
2573 4795 2716 4869 αἷμα
2752 4794 3070 4875 ἐκχέαντος.
3106 4792 3246 4851 Εἶτα
3275 4793 3364 4875 καί
3392 4792 3485 4847 τὸν
3521 4792 3698 4868 ὁρμα-

2054 4887 2143 4942 θῗλν
2187 4863 2294 4943 τῶν
2351 4885 2406 4941 ἐν
2455 4890 2526 4961 τῇ
2570 4863 2753 4960 Ῥωμῃ
2814 4863 2981 4961 ῖγίων
3028 4884 3230 4960 ἐπῆγεν
3262 4900 3280 4919 ⁶
3326 4863 3405 4940 ’ὸν
3468 4863 3693 4953 Πέτρος,

2057 4976 2242 5054 φησίν,
2302 4971 2499 5040 ἐδίδαξε
2554 4971 2750 5047 σέϐειν,
2801 4974 2888 5030 καί
2964 4972 3171 5038 Παῦλος
3243 4969 3465 5048 ἐκήρυξε
3523 4972 3613 5026 καί
3669 4972 3698 5026 6

2057 5066 2364 5140 συνώνυμος
2422 5064 2544 5139 ἐμοί
2605 5062 2834 5138 Κλήμης
2891 5064 2920 5119 6
2976 5064 3140 5142 σοφὸς
3211 5058 3554 5140 ἐδογμάτισε,
3611 5061 3701 5117 καί

2059 5154 2350 5230 Ὀνήσιμος
2396 5156 2425 5211 6
2455 5157 2604 5219 θεῐος
2637 5152 2757 5221 ἑξῆς
2797 5151 3156 5231 ὡμολόγησεν
3189 5168 3204 5182 ·
3237 5149 3305 5207 δι’
3335 5150 3398 5205 ὃν
3428 5149 3520 5205 καί
3552 5150 3704 5207 αύτοί

2054 5245 2313 5308 παθόντες
2343 5242 2554 5313 πολλήν
2611 5263 2666 5300 τε
2726 5243 2852 5320 πρὸς
2906 5241 3063 5298 αότὸν
3109 5241 3296 5322 ἔχουσι
3339 5239 3438 5305 τὴν
3482 5236 3700 5316 παῤῥη-

2051 5335 2192 5408 σίαν,
2246 5334 2336 5390 καί
2392 5332 2494 5388 ὑπό
2556 5332 2771 5388 πάντων
2827 5333 3030 5388 πιστῶν
3086 5334 3525 5408 προσκυνοῦνται,
3573 5323 3698 5400 μετ’

2051 5429 2113 5484 οῦ
2161 5423 2296 5482 πολὺ
2338 5421 2394 5479 δέ
2439 5422 2528 5478 καί
2568 5421 2670 5478 6110'
2725 5418 2954 5478 εὒσεὸῶν
3003 5419 3266 5498 βασιλέων
3309 5414 3694 5499 προσαυνηθή-
