4006 6138
180 264 294 327 841

1279 269 1464 333 VITA
1511 269 1572 331 S.
1619 265 2062 332 CLEMENTIS
2105 259 2521 332 ANCYRANI.

3474 263 3592 330 842

178 425 401 468 σονται.
437 415 621 468 Τοῦτο
649 406 700 466 δὲ
734 409 861 467 εἷπε
915 409 1318 487 προαναφωνῶν
1347 405 1446 474 τὴν
1487 409 1590 473 τῆς
1621 402 1847 462 ἀσεϐείας

1952 401 2230 465 ﬁdelibus
2254 396 2746 480 imperatoribus.
2775 399 2903 462 Hoc
2936 405 3134 461 autem
3166 398 3340 476 dixit,
3376 399 3590 480 praedi-

177 497 536 574 καθαίρεσιν,

262 611 414 676 ΛΑ’.
456 621 646 672 Ταῦτα
702 616 918 690 μείζονα
975 613 1346 689 Διοκλητιανῷ
1387 619 1480 670 τοῦ
1532 616 1698 687 θυμοῦ
1755 613 1854 679 τὴν

175 698 360 778 φλόγα
393 702 618 779 ἐποίει,
652 705 740 761 καί
783 703 992 767 στύλοις
1022 703 1233 760 ἐκέλευε
1287 702 1532 781 σιδηροῖς
1590 704 1652 758 τὸ
1708 723 1850 780 μαρ-

173 792 402 860 τυρικον
467 793 656 850 ἐκεῖνο
719 793 890 869 στόμα
946 792 1353 851 συνθλάττισθαι
1389 809 1402 823 ⁸
1475 792 1592 849 ὅθεν
1642 796 1690 848 οἱ
1751 795 1849 868 μὲν

175 877 423 960 ὀδόντες
469 881 630 944 εὒθὺς
688 882 1048 959 ἐξεκρούοντο,
1111 885 1163 938 αἱ
1198 883 1445 959 σιαγόνες
1486 878 1541 936 δὲ
1607 888 1847 960 συνετρί-

175 965 368 1040 ϐοντο,
412 959 484 1026 Ἠ
546 969 600 1027 δὲ
644 971 798 1050 φωνὴ
858 974 953 1029 οὐκ
983 970 1256 1050 ἐπείχετο.
1293 969 1410 1026 οὐδέ
1439 992 1520 1033 τις
1550 970 1639 1026 καί
1683 959 1848 1053 μιαρὰ

175 1056 368 1137 ὕφεσις
398 1064 514 1126 τῆς
550 1068 757 1138 μακρᾶς
789 1061 1000 1128 ἐκείνης
1051 1059 1346 1140 παρῤησίας
1399 1059 1602 1138 ἐγίνετο
1637 1079 1651 1092 ’
1709 1062 1848 1120 ἀλλᾶ

178 1149 270 1203 καί
330 1156 451 1205 τῶν
505 1148 722 1226 δημίων
778 1159 885 1208 τῶν
950 1151 1164 1217 σιωπὴν
1209 1153 1351 1223 αὖτῷ
1394 1148 1849 1231 ἐγκελέυομένων,

179 1239 345 1302 αὖτὸς
380 1239 412 1295 ὃ
451 1241 618 1301 αὐτὸς
648 1240 737 1314 ἦν,
793 1240 880 1297 διαί
923 1238 1040 1297 οὒδὲ
1085 1241 1278 1318 μικρὸν
1333 1239 1493 1316 ὑφίει,
1545 1241 1852 1298 τούναντίον

178 1326 282 1402 μὲν
341 1327 442 1383 οὖν
474 1330 574 1385 καί
604 1329 801 1403 μείζονι
835 1328 1103 1410 ἐκέχρητο
1137 1335 1205 1405 τῇ
1252 1333 1425 1408 φωνῇ,
1477 1330 1715 1410 καθάπερ
1771 1353 1851 1395 τις

183 1415 440 1495 χαλκοῦς
504 1417 724 1496 ἀνδριὰς
756 1424 824 1495 τῇ
856 1417 1176 1495 σφοδροτέρα
1206 1415 1397 1495 πληγῇ
1439 1419 1651 1493 μείζονα
1705 1419 1850 1493 μᾶλ-

177 1504 274 1561 λον
307 1509 408 1564 τὸν
440 1511 599 1588 ἦχον
631 1507 936 1567 ἀποτελῶν.
971 1505 1090 1588 Ἐφ’
1125 1511 1210 1573 οἷς
1242 1510 1330 1564 καί
1359 1509 1514 1571 αὒτὸς
1547 1508 1849 1587 ἀπαγορεύο

182 1617 281 1661 σας
316 1598 346 1652 ὁ
385 1596 682 1677 βασιλεὺς,
715 1597 888 1670 δεσμὰ
914 1600 1005 1654 καί
1034 1597 1134 1665 τὴν
1164 1596 1273 1654 ἀπὸ
1319 1603 1428 1653 τῶν
1479 1595 1688 1671 δεσμῶν
1746 1620 1849 1654 τα-

179 1685 502 1764 λάιπωρίαν
571 1686 684 1762 ὅλῳ
760 1694 835 1762 τῷ
898 1687 1120 1766 μάρτυρι
1194 1687 1447 1768 περιθείς,
1509 1692 1576 1763 τῇ
1640 1687 1850 1768 φυλακῇ

181 1773 532 1852 παραδίδωσι
544 1822 561 1839 ,

264 1882 403 1956 ΛΒ’,
443 1895 523 1951 Τὸ
584 1894 771 1970 μέντοι
801 1901 905 1950 τῶν
953 1895 1348 1953 πιστευσάντων
1379 1892 1580 1962 πλῆθος
1614 1901 1690 1969 τῷ
1720 1895 1854 1952 κατὰ

183 1981 278 2038 τὸν
340 1983 560 2063 τροχὸν
606 1984 858 2058 θαύματι,
915 1980 1095 2060 ἄνδρες
1135 2005 1191 2039 τε
1222 1984 1312 2039 καί
1360 1982 1482 2040 ὅσον
1542 1982 1742 2064 ἔμφρον
1799 1983 1854 2040 ἐν

183 2069 433 2147 γυναιξιν
498 2072 597 2148 ἦν,
631 2072 732 2139 τὴν
760 2077 863 2152 γῆν
895 2071 998 2140 ἤδη
1033 2079 1125 2130 τοῦ
1165 2071 1317 2140 ἡλίου
1349 2070 1712 2137 ἀπολιπόντος
1744 2072 1850 2129 ἆλ-

187 2159 384 2229 λήλοις
418 2162 764 2242 συνθέμενοι,
796 2164 858 2218 τὸ
907 2161 1273 2240 δεσμωτήριον
1322 2163 1459 2237 μετὰ
1514 2162 1622 2219 τῶν
1653 2162 1852 2220 παίδων

191 2250 452 2326 εἰσῄεσαν
491 2269 510 2288 ⁸
545 2252 672 2310 εἶτα
700 2254 805 2309 τῶν
835 2251 1036 2312 ἐκείνου
1096 2251 1274 2309 ποδῶν
1317 2252 1609 2327 ἁπτόμενοι
1641 2251 1849 2310 ἐδέοντο

192 2338 343 2414 μάλα
397 2344 618 2420 θερμῶς
679 2341 820 2399 ὥστε
874 2349 967 2398 τοῦ
1022 2343 1162 2402 θείου
1217 2341 1607 2409 καταξιωθῆναι
1651 2344 1849 2420 βαπτί-

191 2451 429 2503 σματος.
498 2434 637 2509 Πρὸς
695 2431 784 2488 οὖν
839 2430 1024 2499 δέησιν
1081 2430 1220 2487 οὕτω
1292 2433 1492 2510 θερμὴν
1543 2435 1846 2511 θερμότατα

193 2519 282 2574 καί
314 2523 477 2587 αὐτὸς
520 2523 832 2601 ἐπινεύσας,
894 2522 1040 2585 εὐθὺς
1090 2521 1314 2578 ἐπετίθει
1371 2523 1432 2576 τὸ
1473 2521 1644 2602 ἔργον.
1700 2524 1846 2581 Κατᾶ

191 2618 317 2686 γοῦν
352 2610 454 2677 τὴν
509 2611 756 2689 φυλακὴν
789 2610 1036 2690 ἂφθονίας
1064 2609 1268 2666 ὑδάτων
1317 2608 1502 2682 οὔσης,
1549 2612 1644 2673 τὰς
1707 2616 1842 2669 καθ-

195 2701 435 2766 ηκούσας
488 2721 550 2756 τε
609 2702 765 2760 αὐτὸς
824 2699 988 2780 εὐχάς
1043 2699 1307 2779 ἐπιλέγει,
1379 2702 1466 2756 καί
1523 2702 1616 2757 σὺν
1660 2703 1844 2760 αὐτοῖς

197 2790 355 2844 παιοί
414 2789 619 2855 πάντας
673 2799 768 2849 τοῦ
813 2791 954 2868 ἱεροῦ
1009 2791 1376 2866 βαπτισματος
1436 2789 1599 2856 ἀξιοῖ.
1656 2792 1844 2850 Μέσων

203 2873 260 2931 δέ
318 2887 524 2936 νυκτῶν
572 2902 662 2936 και
720 2881 830 2937 θεία
862 2903 942 2944 τις
976 2880 1158 2944 αὒτοῖς
1203 2879 1480 2959 ἐφίσταται
1533 2878 1684 2962 ὄψις,
1735 2887 1845 2962 φῶς

207 2966 329 3023 οἷον
385 2965 616 3046 ἇῤῥητον
674 2970 760 3026 καὶ
790 2967 1010 3025 ἀθέατον
1041 2966 1166 3024 ὅλον
1200 2970 1334 3042 ὁμου
1362 2969 1422 3023 τὸ
1480 2966 1846 3046 δεσμωτήριον

203 3071 640 3137 καταστραπτον.
692 3055 781 3115 Ἐν
829 3057 979 3134 μέσῳ
1028 3055 1080 3112 δὲ
1133 3063 1208 3131 τῷ
1239 3079 1374 3137 ιρωτι
1425 3079 1515 3114 και
1571 3057 1704 3134 ἀνὴρ
1747 3059 1848 3126 τὴν

1939 510 2084 554 cens
2114 510 2250 554 mox
2279 489 2604 553 delendam
2636 488 3038 570 impietatem.

1977 606 2332 672 XXXI.Haec
2358 603 2721 670 Diocletiani
2741 605 3010 666 animum
3035 610 3234 668 acrlus
3255 604 3592 670 inﬂamma-

1936 707 2146 760 verunt
2170 715 2182 756 :
2201 695 2386 777 jussit
2406 702 2605 757 autem
2631 693 2798 775 stylis
2818 693 3037 758 ferreis
3061 694 3208 757 illud
3230 694 3583 776 praeclarum

1935 787 2211 868 martyris
2243 805 2309 848 os
2331 784 2617 849 confundi
2640 803 2708 846 ac
2729 783 3189 865 confringi.Quo
3215 784 3437 848 factum
3460 793 3574 863 est,

1935 885 1995 938 ut
2019 875 2227 938 dentes
2277 873 2520 956 quidem
2583 892 2720 936 mox
2749 874 3286 950 labefactarentur,
3322 875 3579 939 maxilla

1931 983 2073 1028 vero
2093 962 2715 1028 contererentur.Vox
2739 973 2944 1027 tamen
2965 983 3087 1026 non
3113 964 3580 1044 reprimebatur,

1929 1073 2125 1136 neque
2156 1055 2243 1116 illi
2278 1054 2530 1135 prolixae
2560 1053 2851 1135 loquendi
2880 1054 3141 1116 libertati
3196 1054 3290 1117 vel
3334 1055 3586 1117 minima

1931 1144 2185 1207 dabatur
2213 1144 2497 1206 remissio
2531 1162 2546 1205 :
2584 1144 2694 1206 sed
2725 1144 2906 1206 etiam
2942 1143 3255 1206 lictoribus
3287 1153 3353 1206 ut
3381 1145 3589 1208 sileret

1927 1233 2303 1315 jubentibus,
2337 1234 2470 1314 ipse
2501 1233 2666 1296 idem
2704 1242 2855 1308 erat,
2891 1243 2955 1298 et
2985 1253 3060 1296 ne
3102 1252 3306 1316 parum
3339 1234 3582 1316 quidem

1933 1323 2303 1385 remittebat:
2321 1323 2427 1385 sed
2450 1330 2662 1385 contra
2679 1323 2861 1385 etiam
2879 1342 3023 1386 voce
3036 1322 3318 1386 utebatur
3332 1325 3580 1402 majore,

1937 1431 2052 1475 non
2079 1431 2252 1476 secus
2270 1431 2337 1475 ac
2362 1422 2560 1475 statua
2581 1413 2851 1494 quaedam
2877 1432 3064 1487 aenea,
3098 1432 3231 1495 quae
3249 1414 3367 1476 icta
3394 1415 3584 1477 vebe-

1937 1503 2524 1584 mentius,majorem
2547 1503 2675 1564 edit
2695 1503 2984 1565 sonitum.
3017 1501 3424 1576 Quamobrem
3450 1521 3585 1566 cum

1933 1591 2066 1672 ipse
2085 1609 2326 1673 quoque
2351 1594 2681 1673 imperator
2721 1601 2885 1655 esset
2909 1592 3298 1672 defatigatus,
3332 1592 3586 1654 vinculis

1933 1689 1994 1743 et
2022 1700 2154 1762 quae
2174 1699 2244 1744 ex
2266 1682 2354 1743 eis
2375 1682 2566 1744 oritur
2593 1681 2915 1745 afﬂictione
2943 1691 3002 1745 et
3027 1682 3274 1745 miseria
3293 1681 3400 1746 toti
3433 1701 3587 1745 mar-

1873 1773 1915 1825 B
1939 1771 2050 1851 tyri
2083 1773 2381 1853 imposita,
2418 1772 2601 1834 tradit
2630 1790 2769 1836 eum
2801 1772 2865 1835 in
2889 1773 3249 1836 custodiam.

1979 1882 2537 1949 XXXILMultitudo
2560 1893 2760 1948 autem
2788 1886 3134 1969 eorum,qui
3163 1893 3311 1949 rotae
3331 1886 3586 1949 miracu-

1937 1972 1996 2036 lo
2019 1973 2573 2052 crediderant,viri,
2599 1982 2659 2038 et
2679 1995 3056 2060 quaecunque
3076 1984 3246 2039 erant
3266 1976 3583 2058 prudentia

1938 2065 2203 2145 praeditas
2240 2065 2550 2140 mulieres,
2588 2064 2912 2128 initainler
2929 2084 2993 2129 se
3013 2067 3582 2142 conventione,car-

1936 2170 2136 2216 cerem
2159 2172 2293 2215 cum
2320 2153 2525 2235 pueris
2550 2155 2810 2234 ingressi
2830 2165 2990 2219 sunt.
3021 2156 3585 2235 Deindetangentes

1934 2241 2094 2304 illius
2117 2243 2504 2323 pedes,valde
2524 2245 2747 2307 acriter
2759 2254 3139 2324 rogarunt,ut
3154 2245 3418 2307 divinum
3439 2245 3582 2326 bap-

1935 2331 2173 2393 tismum
2197 2333 2905 2414 consequerentur.Cum
2932 2335 3134 2417 itaque
3159 2336 3440 2416 precibus
3458 2347 3576 2396 tam

1932 2421 2391 2486 vehementibus
2414 2422 2545 2504 ipse
2568 2441 2811 2505 quoque
2851 2425 3207 2487 alacerrime
3237 2417 3572 2506 annuisset,

1929 2529 2058 2572 rem
2075 2511 2271 2573 statim
2287 2520 2378 2574 est
2399 2513 2902 2592 aggressus.Dum
2927 2515 3125 2596 itaque
3141 2515 3202 2576 in
3221 2531 3466 2577 carcere
3486 2531 3575 2576 es-

1929 2610 2020 2663 set
2038 2620 2208 2682 aquae
2229 2603 2493 2684 copia,et
2515 2603 2644 2685 ipse
2662 2623 2807 2685 quas
2833 2612 3071 2685 oportet
3093 2622 3301 2685 preces
3321 2605 3568 2684 profert,

1930 2702 2146 2754 etcum
2171 2692 2317 2772 ipsis
2362 2693 2568 2773 pueris
2591 2711 2804 2756 omnes
2828 2713 3000 2757 sacro
3039 2695 3314 2775 dignatur
3339 2694 3573 2776 baptis-

1932 2780 2310 2844 mate.Media
2329 2792 2528 2844 autem
2554 2791 2729 2845 nocte
2753 2784 2842 2846 eis
2865 2784 3068 2846 divina
3089 2784 3360 2866 quaedam
3385 2801 3570 2864 appa-

1928 2883 2020 2932 ret
2040 2870 2442 2953 visio,nempe
2464 2873 2560 2934 lux
2577 2873 3236 2956 qnmdam,quse{neque
3254 2873 3456 2935 verbis
3477 2891 3573 2935 ex-

1933 2961 2110 3040 primi
2136 2971 2418 3040 potest,et
2439 2982 2616 3045 quam
2643 2965 2940 3027 humanus
2967 2985 3082 3026 non
3105 2964 3363 3026 admittit
3384 2982 3568 3045 aspe-

1932 3067 2083 3126 ctus,
2120 3059 2304 3114 totum
2330 3055 2508 3115 simul
2555 3061 2835 3134 tanquam
2860 3054 3060 3132 fulgur
3080 3054 3338 3116 illustrat
3357 3071 3567 3115 carce-

206 3141 324 3220 ὄψιν
373 3145 508 3224 άγαν
555 3145 792 3228 φαιδρὸς,
858 3149 958 3213 τήν
1028 3145 1226 3213 ἐσθῆτα
1283 3144 1552 3226 λαμπρὸς,
1601 3148 1711 3226 φῶς
1759 3149 1847 3205 καί

1934 3142 2153 3204 remln
2181 3143 2377 3204 media
2400 3161 2539 3205 vero
2596 3143 2729 3206 luce
2781 3153 2908 3207 erat
2937 3145 3024 3206 vir
3053 3145 3295 3226 quidam
3325 3151 3569 3224 aspectu

207 3234 358 3301 αὗτὸς
385 3236 512 3302 ὅλος
548 3237 645 3312 ὢν,
695 3236 906 3316 πτέρυξι
949 3238 1265 3314 βαθυτάταις
1316 3243 1500 3311 κομῶν
1533 3252 1548 3268 ⁸
1596 3237 1744 3300 οὗτος
1773 3245 1850 3312 τῷ

207 3328 480 3401 θαυμασίῳ
563 3327 833 3402 Κλήμεντι
921 3325 1251 3404 προσελθὼν,
1325 3323 1481 3403 ἄρτον
1565 3326 1707 3402 αὒτῷ
1763 3328 1850 3384 καὶ

213 3417 456 3495 ποτήριον
514 3415 835 3497 ἐγχειρίζει.
897 3415 1126 3474 ’Ἔπειτα
1177 3419 1203 3472 ὁ
1235 3415 1332 3493 μὲν
1362 3416 1566 3494 ἀφανὴς
1595 3417 1684 3489 ἧν,
1731 3424 1849 3482 τοὺς

218 3500 271 3558 δέ
310 3507 394 3562 καὶ
434 3509 468 3576 ἡ
529 3513 682 3586 φωνὴ
749 3508 884 3566 αὐτὴ
957 3505 1218 3564 ἐπιλείπει
1277 3508 1356 3580 τῷ
1407 3505 1686 3584 παραδοξῳ
1749 3512 1848 3572 τῆς

214 3593 330 3658 θέας
383 3596 848 3676 καταπλαγέντας,
889 3595 958 3654 "0
1008 3618 1069 3673 γε
1120 3595 1216 3670 μὲν
1279 3595 1564 3674 ἱερώτατος
1620 3595 1848 3671 Κλήμης

208 3682 486 3759 συμϐαλὼν
521 3690 666 3750 εὐθὺς
729 3688 804 3750 ὡς
864 3685 956 3753 εἴη
992 3683 1092 3762 ἄρα
1125 3682 1365 3760 σύμϐολα
1395 3692 1558 3742 ταῦτα
1588 3707 1681 3741 του
1741 3694 1848 3741 Δε-

203 3786 451 3835 οποτικοῦ
515 3777 765 3855 σώματός
820 3797 878 3832 τε
909 3777 998 3833 καὶ
1029 3773 1287 3850 αἵματος,
1317 3773 1600 3839 ὑπεδέξατό
1630 3796 1688 3832 τε
1731 3773 1848 3831 λίαν

203 3865 330 3926 αὐτὰ
373 3865 644 3944 εὐλαϐῶς,
693 3868 782 3924 καὶ
839 3867 934 3932 τὰς
966 3868 1207 3937 συνήθεις
1239 3865 1404 3946 εὐχὰς
1436 3865 1671 3923 ἐπειπὼν
1723 3886 1841 3923 κοι-

202 3971 358 4016 νωνεῖ
387 3963 565 4020 αὐτῶν
594 3972 711 4024 τοῖς
743 3955 848 4026 ἤδη
880 3957 1316 4034 βαπτισαμένοις.

283 4259 416 4322 ΛΓ¹.
453 4258 726 4318 Πλειόνων
753 4258 926 4316 τοίνυν
969 4255 1219 4313 ἐκάστοτε
1264 4255 1392 4333 πρὸς
1436 4252 1591 4310 αὐτόν
1634 4251 1845 4330 ἰόντων,

200 4352 288 4409 καὶ
334 4354 396 4409 τὸ
458 4349 825 4428 δεσμωτήριον
882 4345 1172 4414 ἐκκλησίαν
1229 4341 1619 4424 ἐργαζομένων,
1675 4363 1846 4422 προσ-

1932 3231 2104 3293 valde
2133 3231 2354 3305 alacer,
2387 3234 2702 3314 Splendida
2731 3243 2928 3296 autem
2976 3242 3139 3296 veste
3170 3234 3432 3308 indutus,
3467 3233 3570 3313 qui

1931 3321 2058 3400 ipse
2080 3340 2318 3402 quoque
2337 3333 2461 3384 erat
2480 3325 2581 3385 lux
2605 3331 2769 3385 totus
2791 3323 3294 3403 quantus,pennis
3314 3323 3568 3401 insignis

1933 3411 2400 3474 densissimis.Is
2421 3432 2555 3474 cum
2583 3413 2656 3474 ad
2682 3414 3053 3476 Clementem
3081 3413 3434 3474 accessisset
3467 3411 3568 3473 ad-

1933 3498 2296 3577 mirabilem,
2335 3503 2388 3562 ei
2415 3503 2473 3562 in
2499 3502 3146 3582 manustraditpanem
3195 3511 3254 3563 et
3283 3501 3558 3564 calicem.

1933 3589 2165 3652 Deinde
2189 3589 2287 3650 ille
2307 3590 2551 3672 quidem
2570 3590 2950 3666 ovanuit,eos
2974 3599 3170 3653 autem
3192 3591 3567 3671 ipsaquoque

1931 3696 2039 3740 vox
2090 3679 2318 3755 deﬁcit,
2353 3689 2417 3740 ut
2465 3681 2564 3762 qui
2618 3680 2963 3762 spectaculo
2994 3679 3334 3743 admirabili
3363 3688 3568 3742 essent

1933 3767 2353 3850 obstupefacti.
2383 3771 2810 3834 Sanctissimus
2837 3777 3036 3834 autem
3095 3771 3374 3834 Clemens
3425 3787 3563 3832 cum

1930 3861 2130 3920 statim
2164 3860 2526 3940 conjecisset
2547 3879 2616 3924 ea
2645 3880 2777 3924 esse
2807 3861 2975 3942 signa
3020 3860 3318 3924 Dominici
3351 3877 3562 3940 corpo-

1928 3948 2015 4009 ris
2045 3956 2105 4010 et
2135 3950 2465 4030 sanguinis,
2500 3969 2570 4013 ea
2600 3959 2658 4012 et
2688 3951 2856 4014 valde
2897 3951 2990 4032 pie
3020 3949 3307 4032 suscepit,
3335 3958 3394 4012 et
3423 3968 3560 4012 cum

1929 4056 2143 4119 preces
2168 4038 2420 4102 dixisset
2450 4049 2793 4118 consuetas,
2829 4060 2896 4103 ea
2930 4040 3331 4104 communicat
3360 4039 3569 4121 iis,qui

1924 4129 2046 4210 jam
2082 4139 2254 4192 erant
2283 4129 2583 4212 baptizati.

1972 4245 2385 4311 XXXIII.Cum
2412 4266 2553 4328 ergo
2575 4247 2918 4330 complures
2941 4249 3014 4311 ad
3035 4266 3170 4311 eum
3186 4248 3454 4331 undique
3474 4268 3570 4311 ac-

1931 4337 2308 4415 cederent,et
2325 4356 2630 4401 carcerem
2655 4340 2921 4401 facerent
2944 4338 3355 4415 ecclesiam,et
3378 4339 3574 4402 multi-

203 4442 344 4511 θήκη
400 4463 462 4499 τε
523 4425 601 4516 si?)
641 4425 834 4508 πλήθει
892 4443 999 4494 τῶν
1057 4441 1387 4514 Χριστιανῶν
1433 4434 1755 4512 γινομένων,
1801 4435 1847 4488 οἱ

1934 4425 2625 4491 tudiniCbristianorum
2651 4429 2822 4492 ﬁeret
2841 4429 3424 4505 accessio,custodes
3446 4449 3573 4493 car-

203 4509 604 4613 δεσμοφύλακες
663 4526 1064 4608 ἀπαγγέλλουσι
1107 4509 1273 4582 ταῦτα
1325 4524 1402 4598 τῷ
1449 4509 1698 4600 βασιλεῖ.
1739 4509 1847 4613 -Καὶ

1934 4517 2088 4578 ceris
2111 4518 2238 4579 haec
2258 4518 2610 4580 renuntiant
2630 4517 3004 4599 imperatori.
3036 4518 3142 4582 Ille
3157 4526 3352 4581 autem
3381 4528 3442 4582 et
3468 4538 3572 4583 eos

205 4620 261 4686 ὃς
303 4611 674 4700 συλληφθῆναι
717 4640 774 4677 τε
811 4617 1004 4681 αὐτοὺς
1059 4614 1262 4672 κελεύει
1307 4614 1516 4693 νυκτὸς,
1562 4613 1651 4670 καὶ
1694 4611 1846 4688 εἰμὴ

207 4711 304 4779 τὴν
359 4709 630 4773 εὖσέϐιιαν
712 4706 914 4788 ’ἔξαρνοι
989 4708 1246 4784 γίνονται,
1320 4701 1560 4771 ἀνηλεῶς
1648 4700 1848 4767 πάντας

131 4805 134 4808 ’
209 4801 570 4876 ἀναιρεθῆναι,
634 4803 694 4858 Οἱ
767 4797 823 4856 δὲ
898 4799 973 4862 ὡς
1039 4802 1134 4853 τοῦ
1204 4792 1468 4870 βασιλέως
1527 4792 1847 4870 πρόσταγμα

209 4891 593 4974 συλληφθέντες
649 4893 747 4948 οὐκ
801 4889 1031 4966 ἀμαθεῖς
1093 4884 1378 4963 εὑρέθησαν
1429 4891 1523 4974 τοῦ
1580 4883 1641 4938 τὸ
1684 4881 1846 4974 καλὸν

212 4970 517 5048 ἒκλέξασθαι
573 4983 662 5039 καὶ
721 4978 1014 5059 συμφέρον,
1078 4974 1216 5032 ἀλλὰ
1280 4973 1580 5040 ἀποστῆναι
1640 4970 1847 5044 μᾶλλον

208 5075 306 5139 τῆς
355 5073 676 5152 προσκαίρου
731 5074 898 5144 ζωῆς,
945 5067 982 5136 ἣ
1027 5069 1252 5144 Χριστοῦ
1309 5072 1401 5120 τοῦ
1455 5060 1760 5152 πλάσαντός
1790 5079 1847 5117 τε

211 5163 296 5220 καί
341 5150 719 5244 ἀγαπήσαντος
749 5162 839 5219 καὶ
867 5158 1222 5220 ἀποθανόντος
1249 5154 1380 5228 ὑπὲρ
1409 5155 1565 5244 ἡμῶν
1587 5150 1844 5244 εἵλοντο.

217 5253 308 5308 Διὸ
347 5241 436 5311 καὶ
491 5254 593 5334 πρὸ
654 5256 753 5319 τῆς
797 5247 1034 5322 πόλεως,
1093 5246 1330 5322 καθάπερ
1358 5243 1475 5299 τινὰ
1501 5241 1621 5334 ἱερὰ.
1643 5241 1848 5316 θύματα

215 5340 424 5410 ἑαυτούς
495 5331 554 5402 τε
622 5343 712 5400 καὶ
764 5337 963 5404 παῖδας
1026 5343 1105 5411 τῷ
1161 5333 1410 5403 Δεσπότῃ
1453 5331 1843 5412 προσάγουσιν,

215 5429 417 5503 οὐδενὸς
471 5433 593 5493 τότε
637 5433 763 5513 γοῦν
822 5427 1203 5508 ὑπολειφθῆναι
1261 5421 1656 5502 ἀνασχομένου,
1705 5420 1848 5490 πλήν

534 5599 796 5658 Parnm.
825 5595 938 5656 Gn.
976 5589 1183 5654 CXIV.

1923 4606 2103 4686 jubet
2122 4615 2300 4669 noctu
2320 4608 2848 4688 comprehendi,et
2869 4608 2983 4670 nisi
3007 4608 3285 4690 pietatem
3310 4609 3571 4690 abnega-

1931 4701 2366 4772 verint,omnes
2387 4698 2539 4760 citra
2561 4697 2743 4759 ullam
2768 4697 3040 4759 interimi
3065 4699 3571 4764 misericordiam.

1931 4789 2020 4851 Illi
2059 4805 2198 4850 vero
2218 4787 2644 4869 comprehensi
2671 4787 2845 4868 jussu
2892 4787 3298 4869 imperatoris,
3348 4790 3575 4852 inventi

1931 4885 2072 4940 sunt
2102 4896 2221 4938 non
2251 4875 2446 4954 ignari
2495 4879 2649 4954 ejus,
2713 4877 2871 4958 quod
2904 4887 3031 4939 erat
3055 4877 3278 4941 bonum
3311 4888 3370 4942 et
3402 4880 3570 4962 utile,

1929 4966 2218 5046 eligendi;
2240 4967 2348 5029 sed
2379 4967 2452 5030 ab
2483 4967 2617 5042 hac,
2639 4985 2775 5048 qua:
2798 4975 2888 5029 est
2908 4967 2982 5029 ad
3011 4975 3270 5050 tempus,
3305 4969 3428 5032 vita
3451 4988 3578 5031 ma-

1932 5055 2691 5135 lueruntrecedere,quam
2718 5075 2753 5118 a
2775 5058 3014 5120 Christo
3049 5058 3443 5141 deﬁcere,qui
3467 5079 3576 5122 nos

1931 5147 2297 5222 formavit,et
2326 5146 2626 5221 dilexit,et
2649 5155 2922 5210 mortuus
2945 5156 3035 5210 est
3057 5167 3166 5230 pro
3195 5147 3567 5222 nobis.Qua-

1931 5236 2200 5300 mobrem
2223 5244 2361 5299 ante
2381 5237 2705 5310 civitatem,
2735 5245 3017 5319 tanquam
3044 5257 3246 5302 sacras
3279 5240 3570 5321 quasdam

1929 5326 2178 5401 hostias,
2212 5326 2444 5408 soipsos
2499 5333 2559 5388 et
2611 5325 2772 5390 ﬁlios
2825 5327 3090 5391 offerunt
3121 5327 3399 5406 Domino,
3432 5349 3570 5392 cum

1932 5417 2133 5484 nullus
2165 5423 2305 5480 tunc
2329 5433 2648 5481 remanere
2674 5416 3058 5482 sustinuisset
3087 5427 3308 5500 praeter
3344 5438 3531 5484 unum
3558 5441 3574 5503 ;

3225 5583 3299 5647 27
