4006 6138
397 259 515 328 843
1515 266 1518 268 ’
1686 265 1844 326 ΜΕΝ
1852 261 1964 327 SIS

2199 262 2482 328 JABIUS.
3650 263 3781 331 844

396 395 569 476 cujus
598 394 841 476 quidem
895 401 1023 458 erat
1066 392 1300 456 animus
1329 392 1630 472 aliquanto
1657 393 1978 471 juvenilia:

2204 419 2225 452 ιι
2281 399 2420 474 ἑνὸς,
2480 403 2570 458 καὶ
2625 401 2810 458 τούτου
2845 401 3223 481 νεανικώτερόν
3268 425 3318 458 τι
3365 399 3572 476 μᾶλλον
3602 400 3786 458 διατε-

401 504 521 547 non
553 485 716 547 enim
746 493 1117 548 remanserat
1148 493 1214 545 ut
1257 491 1560 545 certamen
1593 483 1906 561 eﬂ‘ugeret,
1941 502 1983 544 se

2204 511 2329 550 ιτος.
2398 493 2470 548 Οὒ
2531 493 2632 570 γὰρ
2695 491 2831 547 ὥστε
2874 493 2965 548 τὸν
3009 491 3188 569 ἀγῶνα
3233 489 3513 573 διαφυγεῖν
3556 491 3786 548 ὕπελείο

398 585 464 636 ut
492 594 628 638 cum
665 575 995 656 majoribus
1028 573 1224 654 potius
1257 572 1431 635 malis
1462 573 1915 649 colluctaretur,
1953 591 1980 635 e

2204 602 2257 651 η,
2295 577 2413 635 ἀλλ’
2447 581 2583 637 ὥστε
2617 581 2819 652 μείζοσι
2875 579 3078 655 μᾶλλον
3110 580 3515 660 προσπαλαῖσαι
3549 594 3781 648 κακοῖς.

397 685 514 748 que
571 665 628 727 ei
685 674 887 727 essent
943 681 1301 726 coronarum
1365 663 1661 742 majorum
1697 662 1955 726 occasio.

2202 691 2220 722 ν
2281 667 2345 736 δὴ
2399 671 2486 726 καὶ
2545 670 2802 745 μειζόνων
2865 669 3018 728 λάϐοι
3076 670 3347 750 στεφάνων
3408 669 3652 727 ὑπόθεσιν
3680 691 3696 704 ·
3754 673 3784 726 6

398 764 525 818 erat
573 754 954 816 admirabilis
1010 752 1483 832 Agathangelus,
1547 753 1622 814 de
1693 771 1810 833 quo
1864 753 1980 815 etia

2203 757 2419 832 δμάσιος
2459 758 2856 837 Ἀγαθάγγελος
2888 759 3039 824 οὗτος
3095 760 3183 832 ἦν,
3243 763 3361 838 περὶ
3406 763 3467 816 οὗ
3517 762 3605 816 καὶ
3666 781 3785 816 σα·-

401 846 685 925 deinceps
717 844 954 906 dicetur
983 843 1272 925 apertius.

2127 845 2379 924 φέστερον
2414 846 2533 914 ἑξῆς
2558 845 2951 918 δηλωθήσεται.

437 933 1111 996 XXXIV.Diocletianus
1133 944 1335 996 autem
1360 953 1498 996 cum
1533 934 1709 1015 paulo
1733 942 1865 1015 post
1886 952 2019 996 esse

2207 935 2344 995 AA'.
2413 937 2802 1003 Διοκλητιανὸς
2874 937 2927 993 δὲ
2989 945 3077 995 τοῦ
3121 936 3358 1015 μεγάλου
3413 937 3548 1012 μετὰ
3579 939 3783 1015 μικρὸν

396 1023 594 1102 magni
619 1023 947 1087 Clementis
964 1025 1492 1098 recordatus,eum
1509 1041 1720 1085 rursus
1741 1023 1978 1105 produci

2194 1029 2492 1100 αμνησοε“ις
2550 1024 2886 1102 Κλήμεντος,
2940 1027 3227 1105 παρίστησι
3259 1025 3418 1083 πάλιν
3466 1028 3643 1102 αὒτὸν,
3679 1029 3774 1082 καὶ

394 1121 454 1175 et
477 1113 735 1193 primum
757 1114 1322 1194 quidem,tanquam
1347 1112 1642 1175 abductus
1667 1114 1976 1194 paenitenti

2229 1116 2327 1190 μὲν
2353 1121 2562 1194 πρῶτον
2605 1116 2784 1194 ὥσπερ
2816 1117 2876 1173 ἐκ
2940 1115 3295 1192 μεταμελείας
3344 1116 3445 1183 τὴν
3507 1119 3771 1193 προτέραν

393 1203 655 1284 priorem
684 1204 847 1265 illam
873 1204 1197 1285 abjecisset
1223 1203 1740 1282 insaniam,ipsum
1764 1210 1823 1265 et
1844 1202 1975 1264 laud

2195 1205 2316 1260 :r'av
2347 1203 2657 1278 ἀποϐαλὼν,
2692 1205 2927 1269 ἐπαίνοις
2971 1227 3028 1262 τε
3059 1206 3215 1265 αὐτὸν
3262 1206 3445 1281 ὑπῄει,
3479 1206 3563 1262 καὶ
3598 1206 3777 1280 ταύτης,

393 1293 503 1354 bus
524 1294 748 1354 sensim
772 1294 1261 1374 aggrediebatur,
1287 1301 1346 1354 et
1368 1311 1439 1354 ea
1465 1293 1696 1354 ratione
1714 1292 1975 1355 conabat‘

2194 1292 2454 1372 ριέσεσθαι
2520 1294 2721 1369 μᾶλλον
2767 1300 2865 1360 τῆς
2940 1293 3174 1374 ἀνδρείας
3235 1296 3437 1354 ἑκείνου
3487 1295 3572 1351 καὶ
3626 1315 3776 1372 γεν·

396 1385 590 1464 potius
613 1403 899 1465 superare
922 1401 1281 1463 generosum
1308 1383 1476 1443 illum
1501 1391 1561 1444 et
1581 1383 1881 1444 excelsum
1905 1402 1977 1444 an

2199 1385 2400 1448 ιότητος
2476 1383 2746 1460 ἐπειρᾶτο.
2803 1383 3028 1441 ’Ἔπειτα
3087 1387 3160 1449 ὡς
3237 1381 3350 1440 εϊδε
3396 1393 3511 1442 νοῦν
3574 1382 3781 1463 ἔχοντι

394 1491 583 1536 mum.
617 1474 850 1536 Deinde
873 1493 1010 1535 cum
1033 1474 1282 1535 vidisset
1311 1492 1438 1534 rem
1473 1472 1588 1533 sibi
1621 1491 1755 1534 esse
1776 1491 1910 1534 cum
1938 1473 1973 1533 h

2201 1470 2463 1547 οσϐαλὼν,
2523 1475 2612 1530 καὶ
2654 1473 2758 1546 οἵῳ
2801 1473 2911 1529 όντι
2942 1477 3000 1531 οὗ
3057 1472 3262 1545 μᾶλλον
3315 1471 3519 1552 ἀνδρείᾳ
3576 1478 3783 1529 κακῶν

396 1565 560 1626 mine
591 1567 859 1639 cordato,
895 1573 952 1625 et
985 1564 1086 1645 qui
1121 1583 1241 1625 non
1278 1563 1465 1643 magis
1499 1572 1700 1642 posset
1720 1562 1903 1624 animi
1925 1563 1978 1624 l'o

2201 1563 2379 1641 ιφορὰν
2430 1561 2696 1640 ἐνεγκεῖν,
2744 1563 2780 1631 ἢ
2811 1562 3061 1637 φρονήσει
3096 1567 3224 1642 πρὸς
3257 1566 3536 1620 κολακείαν
3581 1562 3783 1641 λόγων

393 1653 650 1715 titudine
687 1653 978 1715 malorum
1011 1653 1173 1716 ferre
1204 1655 1483 1734 impetus,
1519 1671 1692 1732 quam
1726 1651 1975 1730 prudent

2201 1654 2210 1706 ἱ
2272 1649 2535 1718 δεινότητι
2592 1654 2670 1727 μὴ
2729 1654 3082 1728 καταπεσεῖν,
3145 1657 3205 1710 τὸ
3235 1667 3577 1731 προσωπεῖον
3608 1654 3783 1716 εὐθὺς

395 1742 631 1805 blandis
666 1742 860 1806 verbis
891 1753 952 1804 et
1011 1742 1252 1805 disertis
1303 1761 1420 1803 non
1464 1742 1902 1812 succumbere;
1933 1742 1977 1803 al

2199 1741 2306 1798 εῖνο
2379 1745 2464 1798 καὶ
2550 1744 2644 1810 τὴν
2741 1741 3126 1819 πεπλασμένην
3216 1744 3492 1822 πραότητα
3575 1742 3781 1821 ῥίψας,

387 1833 550 1912 jecta
577 1833 774 1894 statim
836 1850 1093 1913 persona
1149 1841 1206 1892 et
1255 1831 1391 1892 ficta
1423 1830 1522 1892 illa
1555 1831 1969 1892 mansuetudin

2204 1831 2312 1887 io'ov
2342 1833 2470 1911 ὅπερ
2498 1832 2564 1900 ἦν
2607 1832 2863 1913 ἀνεφάνη,
2921 1834 3006 1889 καὶ
3049 1836 3270 1889 κόλασιν
3305 1834 3442 1895 αὖθίς
3471 1855 3589 1888 τινα
3630 1854 3786 1888 και-

390 1929 641 2003 repente
672 1923 948 2004 apparuit
977 1921 1033 1982 id
1071 1922 1226 2002 quod
1262 1929 1386 1982 erat
1425 1942 1437 1983 :
1467 1931 1524 1982 et
1553 1939 1764 1982 rursus
1793 1921 1972 1998 aliqui

2206 1921 2334 1999 ,ἐραν
2391 1919 2674 1996 διενοεῖτο,
2741 1920 3024 2000 Ἀμφίονος
3059 1921 3299 1996 μάλιστά
3348 1943 3490 1987 τινος
3546 1923 3788 1998 πρώτου

391 2031 619 2074 nouum
652 2011 1420 2092 excogitavitsupplicium,
1453 2009 1708 2092 quodam
1744 2011 1973 2092 Amphit

2206 2033 2226 2064 ν
2283 2009 2372 2067 ὑπ’
2420 2013 2575 2070 αὒτὸν
2636 2014 2706 2074 εἷς
2752 2019 2906 2068 τοῦτο
2936 2010 3329 2089 διερεθῖζοντος.
3367 2013 3432 2067 Ἥ
3489 2010 3542 2066 δὲ
3589 2010 3788 2067 κόλα-

392 2121 493 2177 ne,
528 2103 632 2183 qui
663 2102 822 2164 inter
864 2120 1005 2164 suos
1058 2102 1317 2181 primum
1371 2100 1565 2161 locum
1599 2101 1934 2176 obtinebat,
1966 2123 1974 2163 ε

2246 2099 2310 2167 ἧν
2343 2102 2474 2168 αὕτη
2509 2118 2522 2130 ⁵
2572 2100 2888 2168 διαταθῆναι
2934 2103 3032 2176 μὲν
3065 2101 3223 2171 οὕτω,
3258 2102 3345 2156 καὶ
3375 2102 3476 2156 ὑπὸ
3507 2102 3789 2160 τοσούτου

392 2191 507 2254 hoc
539 2193 796 2254 maxime
855 2192 1164 2255 incitante.
1227 2190 1370 2252 Erat
1430 2199 1629 2253 autem
1663 2191 1775 2254 hoc
1808 2194 1974 2272 suppl

2205 2193 2356 2261 ἤθους
2416 2193 2506 2248 τόν
2551 2193 2809 2271 μάρτυρα,
2857 2191 2994 2248 ὥστε
3025 2191 3122 2247 καί
3149 2196 3251 2247 τῶν
3287 2190 3465 2265 μελῶν
3499 2194 3644 2264 αὖτῴ
3672 2194 3787 2254 τὰς

391 2280 577 2356 cium,
610 2281 793 2343 utsic
849 2300 880 2342 a
940 2289 1103 2342 tanta
1157 2279 1542 2342 multitudine
1596 2279 1968 2344 distenderet

2205 2290 2374 2344 ιονίας
2446 2279 2772 2352 διαλυθῆναι,
2840 2279 3057 2356 δημίους
3121 2279 3175 2335 δὲ
3233 2278 3590 2356 περιστὶντας
3653 2279 3787 2336 ἃπ-

394 2379 635 2452 martyr,
657 2381 721 2432 ut
750 2371 898 2452 ipsa;
927 2389 1166 2452 quoque
1198 2369 1610 2432 membrorum
1645 2371 1970 2434 dissolvere

2203 2378 2265 2436 ὤς
2308 2373 2464 2428 αὐτὸν
2510 2370 2637 2450 ἄχρι
2680 2370 2882 2428 πολλοῦ
2942 2370 3126 2439 ξηροῖς
3171 2371 3470 2447 βουνεύροις
3541 2369 3785 2426 τύπτειν

393 2470 492 2522 tur
521 2480 862 2542 compages,
895 2462 1138 2523 lictores
1169 2469 1365 2523 autem
1400 2469 1657 2542 quatuor
1686 2461 1975 2524 circumsi:

959 2470 1138 2523 :tores
1169 2469 1365 2523 autem
1400 2469 1657 2542 quatuor
1686 2461 2032 2524 circumsis-
2124 2459 2208 2516 δια
2251 2461 2541 2535 τεσσάρων.

393 2558 610 2626 tentes,
644 2552 963 2614 exsiccatis
1001 2551 1180 2614 boum
1235 2550 1436 2613 nervis
1465 2570 1602 2612 cum
1633 2551 1732 2612 diu
1768 2553 2035 2616 crudeli—

391 2649 484 2703 ter
509 2643 921 2705 verberarent.

468 2730 1033 2812 XXXV.Postquam
1061 2750 1203 2794 vero
1237 2731 1338 2792 ille
1365 2750 1609 2812 quoque
1642 2731 1875 2795 fortiter
1897 2733 2035 2795 huic

2201 2722 2328 2788 AE'.
2392 2726 2539 2787 Ἐπεὶ
2581 2728 2634 2786 δὲ
2681 2731 2765 2787 καὶ
2812 2733 2940 2810 πρὸς
2992 2729 3189 2796 ταύτην
3237 2729 3445 2794 ἐκεῖνος
3479 2729 3610 2797 ’ἑστη
3641 2750 3770 2806 γεν-

387 2820 606 2882 restitit
639 2821 1027 2900 supplicio,et
1048 2821 1304 2902 perinde
1335 2839 1403 2882 ac
1435 2822 1483 2880 si
1516 2821 1669 2881 alius
1703 2830 1969 2900 pateretu

2187 2822 2272 2886 ἕως
2322 2826 2418 2886 τὴν
2478 2821 2755 2899 τιμωρίαν,
2816 2821 2903 2876 καὶ
2960 2819 3140 2894 ὥσπερ
3213 2818 3391 2895 ἐτέρου
3451 2818 3769 2897 πάσχοντος

389 2910 520 2990 ipse
549 2908 900 2988 impatibilis
931 2911 1150 2972 mansit
1175 2909 1580 2972 elimmobilis
1610 2927 1623 2972 :
1655 2910 1816 2987 Scio,
1841 2912 1971 2993 inqt

2183 2931 2282 2970 τως
2337 2909 2550 2970 ἀπαθῶς
2623 2910 2778 2973 αὐτὸς
2854 2909 2942 2965 καὶ
2995 2907 3270 2985 ἀτρέπτως
3328 2907 3575 2986 διέκειτο,
3636 2905 3765 2964 Οἶδ⁶

389 2999 862 3076 Diocletianus,o
893 2998 1262 3074 Clemens,te
1286 3018 1421 3061 esse
1445 3000 1649 3061 animo
1680 3001 1851 3063 valde
1882 3021 1971 3064 θοι

2186 3022 2221 3074 ι,
2268 3000 2425 3077 φησὶν
2473 3001 2498 3053 6
2531 2998 2943 3070 Διοκλητιανὸς,
2983 2995 3170 3077 ψυχὴν
3200 2996 3298 3072 μὲν
3325 2994 3496 3075 ἔχεις,
3526 2999 3570 3050 ὦ
3603 2994 3768 3065 K115-

391 3089 674 3165 tentioso,
707 3107 925 3170 corpus
955 3097 1150 3152 autem
1184 3089 1270 3150 illi
1304 3109 1480 3169 posse
1541 3089 1856 3153 inservire.
1913 3091 1973 3154 St

2166 3112 2216 3158 η,
2295 3086 2650 3167 διαφερόντως
2709 3086 3035 3167 φιλόνεικον,
3109 3092 3267 3159 σῶμα
3339 3083 3395 3141 δὲ
3459 3085 3748 3161 ὑπηρετεῖν

391 3179 519 3260 ipse
541 3197 617 3241 ne
639 3181 723 3241 sic
747 3180 990 3260 quidem
1013 3198 1222 3240 rursus
1244 3179 1590 3254 cedam,sed
1611 3180 1792 3242 etiam
1818 3182 1973 3246 ferre

2182 3179 2292 3254 είνῃ
2350 3174 2661 3251 δυνάμενον.
2719 3175 2872 3233 Ἀλλ’
2947 3173 3061 3233 οὒδέ
3125 3176 3277 3240 αὒτὸς
3323 3175 3514 3254 insciam
3569 3171 3759 3244 πάλιν,

391 3277 449 3330 te
477 3268 789 3348 aggrediar
817 3269 1059 3347 ungulis
1093 3290 1105 3330 :
1139 3288 1202 3330 es
1253 3269 1414 3330 enim
1449 3279 1511 3329 tu
1538 3270 1691 3331 forte
1714 3271 1946 3334 ferreus

2187 3267 2254 3325 λὰ
2291 3267 2378 3323 καὶ
2423 3265 2663 3344 σιδηροτς
2708 3267 3032 3343 πειράσομαι
3074 3262 3210 3330 ὄνυξι
3249 3279 3262 3293 ·
3305 3264 3446 3342 τάχα
3477 3264 3577 3341 γὰρ
3607 3260 3766 3330 σιδη-

389 3359 684 3439 torpidus,
724 3367 780 3420 et
802 3359 966 3419 nullo
995 3359 1123 3419 fere
1147 3378 1324 3421 sensu
1352 3359 1636 3438 praeditus
1662 3382 1677 3437 ;
1709 3372 1771 3423 ut
1801 3364 1970 3425 videa

2186 3367 2231 3425 ὃς
2289 3382 2370 3424 τις
2426 3361 2496 3422 εἴ,
2535 3360 2623 3414 καὶ
2681 3357 2956 3436 ναρκώδης
3015 3356 3075 3412 σῖ)
3139 3355 3229 3412 καὶ
3282 3353 3658 3432 δυσαίσθητος,
3707 3353 3768 3410 εἴ

386 3466 462 3509 an
487 3458 542 3509 te
568 3449 719 3509 forte
738 3449 832 3510 his
857 3447 1448 3528 excitaverim,quem
1476 3467 1722 3512 somnus
1747 3461 1860 3513 tam
1888 3472 1968 3533 pri

2185 3471 2230 3513 >ς
2286 3449 2349 3504 ἄν
2394 3470 2451 3505 σε
2510 3448 2719 3510 τούτοις
2780 3446 3080 3526 ἀφυπνίσω,
3128 3445 3288 3521 βαθὺν
3341 3442 3506 3500 ὕπνον
3564 3444 3767 3501 οὑτωσὶ

385 3537 606 3599 fundus
629 3538 1094 3618 invasit.Martyr
1123 3547 1326 3599 autem
1365 3555 1379 3599 :
1413 3537 1597 3600 Recte
1620 3541 1886 3619 quidem,
1924 3545 1967 3606 ai

2186 3537 2454 3600 θεύδοντα.
2492 3537 2589 3596 Καὶ
2635 3539 2662 3592 6
2700 3537 2923 3615 μάρτυς,
2987 3538 3056 3594 Εὖ
3116 3555 3198 3613 γε,
3245 3535 3428 3621 φησὶν,
3465 3536 3656 3607 εἶπας,
3718 3535 3765 3587 ὦ

384 3627 652 3703 dixisti,o
677 3629 1026 3709 imperator.
1055 3627 1296 3689 Dormio
1320 3629 1479 3689 enim
1505 3629 1688 3691 veluti
1711 3633 1966 3712 quemda

2185 3626 2366 3684 σιλεῦ·
2440 3625 2674 3683 καθεύδω
2744 3626 2843 3704 γὰρ
2899 3623 3056 3680 οἰοιεί
3109 3643 3226 3680 τινα
3294 3620 3494 3700 γλυκὺν
3566 3621 3761 3704 ὕπνον,

384 3715 620 3776 dulcem
645 3736 1044 3785 somnum.me
1072 3736 1203 3778 meo
1219 3717 1454 3780 Christo
1479 3719 1550 3781 ad
1576 3711 1814 3783 labores
1836 3741 1966 3802 proe

2177 3741 2250 3774 τω
2307 3739 2373 3793 με
2429 3723 2521 3772 τοῦ
2579 3716 2710 3791 ἐμοῦ
2780 3714 3004 3792 Χριστοῦ
3063 3713 3192 3790 πρὸς
3237 3713 3358 3774 τοὺς
3417 3711 3549 3788 ὑπὲρ
3594 3713 3759 3769 αὑτοῦ

385 3805 801 3884 suscipiendos
834 3808 1167 3867 futurorum
1196 3827 1301 3888 spe
1330 3809 1630 3889 sopiente:
1659 3801 1868 3874 rursus
1889 3831 1967 3874 νο]

2173 3809 2306 3871 ίνους
2351 3821 2472 3870 ταῖς
2501 3809 2607 3862 τῶν
2651 3803 2958 3880 μελλόντων
2987 3801 3161 3859 ἐλπίσι
3195 3801 3528 3876 κομίζοντος·
3563 3803 3755 3881 νήφειν

385 3893 703 3968 efﬁciente,
743 3903 804 3955 ut
835 3895 946 3955 sim
977 3895 1213 3957 sobrius
1245 3907 1302 3958 et
1336 3899 1605 3976 vigilans,
1627 3901 1864 3980 quando
1891 3921 1962 3964 eu

2196 3899 2355 3956 πάλιν
2383 3899 2471 3954 καὶ
2525 3896 2869 3976 ἐγρηγορέναι
2929 3892 3445 3970 παρασκεδάζοντος,
3497 3891 3632 3949 ὅπου
3688 3913 3749 3948 τε

385 3983 712 4064 praedicare
737 3994 1060 4064 oportet,et
1089 3985 1279 4048 libere
1312 3987 1476 4068 loqui
1501 4008 1606 4068 pro
1632 3991 1759 4070 ejus
1783 3992 1967 4054 confe:

2170 3990 2267 4046 ιτὸν
2321 3986 2535 4064 κηρύξαι
2595 3987 2730 4066 χρὴ,
2785 3984 2881 4042 καὶ
2932 3984 3063 4063 ὑπὲρ
3105 3987 3204 4050 τῆς
3241 3981 3402 4038 αὐτοὺ
3457 3981 3752 4059 ὁμολογίας

385 4073 720 4135 sione.Hzec
752 4075 852 4134 ille
885 4074 1036 4135 dixit
1069 4093 1080 4132 :
1118 4084 1175 4135 et
1209 4077 1540 4155 imperator
1566 4079 1806 4158 quidem
1830 4083 1959 4142 stati

2171 4078 2588 4155 ιρῥησιάσασθαι.
2648 4075 2822 4134 Ταῦτα
2870 4078 2958 4131 οὖν
3002 4073 3208 4139 ἐκεῖνος
3250 4071 3403 4143 εἶπε,
3436 4073 3525 4128 καὶ
3571 4076 3598 4130 6
3643 4073 3753 4148 βα·-

377 4163 551 4244 jubet
576 4163 823 4226 lictores
885 4163 1182 4226 desistere
1213 4185 1245 4226 a
1279 4166 1665 4242 verberibus;
1705 4168 1959 4232 sublime

2175 4168 2285 4230 λεὺς
2339 4172 2443 4222 τῶν
2506 4166 2602 4240 μὲν
2658 4164 2884 4242 πληγῶν
2942 4163 3089 4227 εύθός
3148 4163 3450 4228 ἀποστῆναι
3492 4162 3617 4228 τοὺς
3648 4160 3757 4229 δη-

381 4263 578 4316 autem
611 4273 744 4315 eum
779 4254 837 4313 in
874 4254 1099 4332 lignum
1131 4255 1438 4329 tollere,et
1473 4276 1607 4318 eum
1643 4257 1857 4320 ferreis
1888 4279 1963 4322 ca‘

2175 4280 2258 4321 ους
2316 4254 2542 4334 κελεὺει,
2603 4255 2920 4332 μετεωρίσαι
2976 4251 3031 4309 δὲ
3077 4254 3236 4312 αὐτὸν
3284 4251 3372 4309 ἐπὶ
3415 4250 3592 4334 ξύλου,
3663 4253 3757 4309 καὶ

380 4361 526 4424 pere
558 4343 1028 4422 ungulis,dunec
1057 4344 1112 4404 ei
1137 4363 1345 4406 carnes
1375 4347 1620 4408 omnino
1654 4361 1962 4430 consumpl

2171 4371 2243 4404 τοι
2303 4345 2586 4407 καταξᾶναι
2633 4342 2870 4422 σιδηροῖς
2927 4341 3121 4417 ὄνυξιν,
3159 4342 3263 4407 ἕως
3297 4342 3360 4398 ἂν
3390 4342 3450 4400 αἵ
3495 4364 3552 4399 τε
3613 4343 3753 4420 σάρ-

381 4433 856 4512 essent,sanguis
871 4441 1066 4494 autem
1087 4435 1516 4512 exinanitus,et
1540 4438 1666 4498 sola
1690 4457 1824 4500 ossa
1843 4439 1963 4501 reli‘

2174 4461 2197 4500 ς
2245 4438 2382 4508 οὖτῷ
2423 4433 2662 4498 καθάπαξ
2719 4430 3068 4507 ἀναλωθεϊεν,
3117 4432 3390 4510 ἐκκενωθῇ
3431 4430 3487 4488 δὲ
3531 4431 3632 4490 καῖ
3687 4434 3754 4490 τὸ

377 4492 884 4601 ουθτοηιυτῗϐυηι
903 4524 1099 4602 itaque
1113 4542 1319 4586 rursus
1334 4492 1655 4588 lictbresad
1673 4528 1730 4589 id
1749 4547 1959 4608 magna

2183 4492 2195 4500 .
2287 4492 2296 4493 κ
2355 4492 2365 4508 ,
2649 4492 2662 4498 -
3052 4492 3068 4507 ,
3365 4492 3390 4510 ,.

2166 4530 2246 4603 μα
2305 4527 2392 4582 καὶ
2423 4524 2559 4600 μὸνα
2590 4525 2713 4600 γοῦν
2743 4523 2807 4578 τὰ
2838 4523 2970 4578 ὀστᾶ
2999 4521 3353 4590 ὕπολίπηται.
3386 4529 3497 4582 Τῶν
3529 4519 3748 4598 δημίων

378 4611 736 4674 adhiberent
777 4613 1178 4692 diligentiam,
1215 4623 1278 4675 ut
1333 4618 1430 4695 qui
1470 4617 1647 4677 etiam
1681 4617 1752 4678 ab
1785 4621 1954 4681 occul

2159 4620 2273 4675 .ivuv
2315 4613 2522 4680 πολλὴν
2566 4611 2910 4690 εἰσφερόντων
2974 4612 3062 4667 καὶ
3092 4615 3237 4677 αὖθις
3270 4612 3366 4680 τὴν
3398 4610 3741 4687 ἐπιμέλειαν,

377 4706 589 4769 lictore
603 4720 779 4789 atque
793 4708 940 4770 adeo
956 4709 1238 4770 carnifice
1253 4709 1324 4770 ad
1343 4728 1411 4770 ea
1437 4710 1959 4789 incitarentur;ma

2162 4730 2194 4763 re
2251 4707 2338 4762 καὶ
2395 4706 2496 4760 ὑπὸ
2545 4709 2638 4759 τοῦ
2689 4710 2919 4779 κρυπτοῦ
2977 4698 3170 4775 δημίου
3233 4705 3365 4779 πρὸς
3407 4702 3474 4760 τὰ
3516 4707 3744 4760 τοιαῦτα

375 4811 464 4872 tyr
484 4801 718 4872 quidem
743 4804 992 4872 primum
1009 4804 1267 4872 seipsum
1291 4803 1830 4874 attendens,deinde
1848 4809 1956 4864 etia

2155 4795 2536 4876 κροξυνόμενοι,
2597 4793 2624 4848 6
2681 4791 2878 4870 μάρτυς
2951 4794 3138 4869 πρῶτα
3215 4791 3312 4867 μὲν
3359 4792 3532 4865 ἑαυτῷ
3570 4813 3737 4871 προσ-

372 4886 443 4947 ad
479 4895 792 4967 tyrannum
825 4886 1128 4966 aspiciens
1166 4911 1178 4944 :
1232 4886 1362 4950 Non
1413 4898 1524 4964 est,
1562 4890 1775 4971 inquit,
1814 4909 1948 4954 meu

2161 4910 2268 4970 ων,
2325 4885 2449 4942 εἶτα
2504 4883 2588 4939 καὶ
2649 4883 2778 4960 πρὸς
2837 4881 2928 4937 τὸν
2996 4881 3246 4959 τύραννον
3307 4879 3512 4938 ἀπιδών
3543 4901 3559 4918 ·
3637 4881 3743 4939 Οὔκ

373 4995 590 5056 corpus
614 4976 673 5038 id
689 4977 849 5058 quod
867 4977 1183 5059 adest,quo
1203 4996 1312 5058 ego
1333 4979 1577 5060 quidem
1594 4999 1728 5041 sum
1745 4981 1955 5044 indutu

2155 4984 2227 5040 ιὸν
2269 4980 2331 5036 τὸ
2385 4983 2561 5052 σῶμα,
2597 4975 2748 5051 φησὶ,
2794 4985 2856 5031 τὸ
2904 4976 3099 5053 παρὸν,
3153 4974 3283 5053 ὅπερ
3315 4974 3552 5053 ἐγὼμὲν
3585 4975 3737 5052 περί-

374 5075 433 5127 ιιι
461 5075 655 5128 autem
718 5068 776 5127 id
832 5087 1015 5142 nunc,
1067 5089 1099 5128 o
1134 5069 1482 5148 imperator,
1518 5071 1767 5134 laceras.
1809 5070 1956 5152 Neqi

2164 5093 2305 5148 ιμαι,
2352 5067 2541 5134 ξαίνεις
2585 5065 2641 5121 δὲ
2685 5071 2773 5121 νῦν
2817 5065 2996 5145 αὐτός,
3049 5065 3094 5120 ὦ
3143 5064 3366 5141 βασιλεῦ
3402 5081 3421 5101 ⁸
3467 5062 3586 5124 οὐδὲ
3644 5066 3741 5143 γὰρ

371 5156 530 5216 enim
557 5155 802 5218 omnino
826 5157 1036 5219 dolore
1059 5157 1626 5236 alﬁcior,quomodo
1654 5181 1750 5224 me
1781 5151 1953 5244 oport

2160 5167 2248 5241 ,γῶ
2299 5159 2512 5220 πάντως
2569 5153 2692 5211 ὅσον
2722 5153 2912 5244 ἀλγεῖν
2954 5175 3024 5230 με
3055 5152 3170 5213 δέον
3204 5151 3517 5231 ξαινόμενος
3547 5171 3570 5244 ξ·
3621 5153 3742 5244 ᾂλλ⁹

370 5251 480 5316 ret,
523 5245 662 5306 dum
689 5246 924 5307 laceror
958 5267 971 5306 :
1004 5247 1109 5308 sed
1145 5249 1302 5329 quod
1354 5249 1500 5312 mihi
1531 5251 1781 5325 quidem
1811 5241 1950 5314 datu

2171 5252 2272 5327 μὲν
2301 5245 2507 5306 δέδοταί
2547 5267 2639 5322 μοι
2671 5243 2815 5321 παρᾶ
2856 5248 2958 5310 τῆς
3017 5245 3225 5324 φύσεως
3283 5257 3407 5309 ταῖς
3438 5241 3745 5324 προλαϐώ-

374 5330 561 5394 fuerat
585 5354 617 5395 a
638 5346 850 5396 natura
879 5337 1158 5416 paulatim
1187 5339 1668 5418 praecedentibus
1695 5343 1857 5420 prius
1877 5362 1956 5405 cm

2170 5364 2216 5406 ις
2302 5335 2614 5418 καταϐραχὺ
2698 5332 3054 5414 προαναλώθη
3114 5333 3396 5410 κολάσεσι,
3461 5337 3552 5394 καὶ
3626 5332 3746 5394 οὐδὲ

373 5431 684 5512 sumptum
717 5435 810 5484 est
842 5426 1153 5505 suppliciis
1173 5436 1228 5488 et
1271 5448 1382 5491 nec
1412 5447 1588 5508 parva
1611 5429 1850 5510 quidem
1883 5433 1955 5511 ejt

2165 5453 2254 5512 ρος
2315 5427 2368 5494 ἐξ
2427 5432 2587 5487 αὐτοῦ
2642 5426 2830 5504 μικρὸν
2877 5423 3170 5505 ὑπελείφθη
3223 5447 3314 5500 μοι
3350 5440 3364 5455 ·
3417 5429 3518 5494 τὴν
3565 5423 3622 5481 δὲ
3658 5431 3747 5483 νῦν

374 5524 510 5585 pars
543 5511 692 5572 mihi
718 5521 810 5574 est
843 5512 1052 5576 relicta
1083 5536 1098 5575 :
1137 5535 1318 5579 carne
1342 5527 1569 5596 autem,
1598 5538 1729 5600 quae
1759 5539 1956 5586 nunc:

2171 5511 2500 5601 οτρέχουσαν
2557 5527 2675 5580 τοῖς
2726 5513 2930 5578 ὀστέοις
2961 5534 3060 5592 μου
3091 5515 3260 5594 σάρκα
3289 5517 3378 5574 καὶ
3419 5516 3528 5574 τῶν
3560 5513 3747 5593 μελῶν
