4006 6138
196 289 324 353 845
1298 293 1482 356 νιΤΑ
1530 293 1586 354 S.
1633 293 1924 356 CLEMED

2009 294 2073 354 IS
2122 295 2160 355 Α
2174 292 2489 356 NCYBAN
2498 292 2543 353 Ι.
3495 295 3614 362 846

193 428 298 495 τὴν
359 429 633 508 ἁρμονίαν
692 429 1046 511 συνάχουσαν,
1102 429 1285 502 ὥσπερ
1327 431 1448 486 τινὰ
1505 426 1791 506 περίϐολὴν
1852 431 1924 486 ὁΑ

2009 445 2100 490 ssa
2133 445 2263 490 mea
2292 425 2576 501 accurrit,
2600 432 2658 488 et
2693 424 3098 488 membrorum
3133 427 3399 492 continet
3440 447 3612 493 com-

193 516 338 592 ἐμὸς
411 519 630 577 ἐνέδυσέ
667 541 734 595 με
791 522 1040 600 Χριστὸς,
1090 518 1156 576 δι’
1216 520 1276 576 ὃν
1331 522 1416 577 καὶ
1461 521 1560 587 τὴν
1623 519 1882 598 προτέραν

2009 536 2200 597 agem,
2231 516 2413 579 veluti
2445 515 2703 596 quodam
2737 515 3092 579 indumento
3125 535 3294 580 meus
3321 537 3418 582 me
3438 519 3616 582 Cbri-

193 604 598 685 ἀπεδυσάμεν.
631 606 723 672 Ἠς
782 610 954 680 δήπου
1006 611 1094 667 καὶ
1148 617 1235 666 νῦν
1292 608 1687 684 ἆποξεσθείσης,
1720 611 1874 666 ἐπενο

2009 620 2091 668 Lus
2139 607 2359 678 induit,
2397 613 2642 686 propter
2687 624 2864 686 quem
2892 607 3076 685 priori
3107 626 3204 668 me
3235 609 3394 684 exui,
3431 628 3619 692 eaque

194 693 358 752 δύσει
436 698 602 755 πάλιν
659 700 866 776 ἑτέραν
916 697 1031 756 οὐδὲ
1093 701 1191 778 γὰρ
1248 698 1309 756 ἂν
1365 703 1392 755 δ
1436 699 1610 766 πηλὸς
1647 698 1880 755 ἐπιλίποι

2012 715 2125 757 unc
2145 713 2440 769 erasa,me
2457 711 2662 757 rursus
2678 695 2886 757 induet
2899 695 3082 758 alia.N
3087 716 3239 778 eque
3256 699 3414 762 enim
3431 701 3620 766 lutum

194 788 300 840 τὸν
350 789 606 866 κεραμέα
695 779 752 846 Ὀ
808 790 905 864 μὲν
955 789 1043 846 οὖν
1097 796 1262 846 ταῦτα
1316 789 1479 844 εἰπὼν
1520 789 1608 844 καὶ
1666 787 1882 845 πλείονα

2009 786 2224 848 efuerit
2257 785 2462 863 ﬁgulo.
2497 785 2643 847 Cum
2677 784 2728 845 is
2760 803 2900 864 ergo
2933 786 3057 848 haec
3090 798 3148 848 et
3193 788 3288 850 bis
3323 789 3492 870 plura
3521 791 3620 855 di-

204 880 433 933 τούτων
499 877 790 934 ἑπαύσατοο
853 877 1235 945 Διοκλητιανὸς
1293 876 1348 933 δὲ
1406 881 1548 952 αὐτῷ
1604 876 1886 951 λαμπάδας

2011 875 2178 949 isset,
2213 873 2485 936 cessavit.
2510 873 2916 936 Diocletianus
2946 887 3146 938 autem
3171 877 3353 957 jussit
3383 883 3437 943 ei
3466 883 3626 964 ignis

203 967 394 1044 πυρὸς
451 965 656 1024 κελεύει
709 969 1116 1048 προσφέρεσθαι,
1157 974 1230 1024 τῶ
1288 964 1341 1022 δὲ
1395 967 1621 1022 κάκεῖνα
1651 967 1717 1034 ἦν
1759 965 1891 1034 ἠδο-

2009 983 2132 1027 aces
2162 963 2459 1027 adhiberi.
2494 962 2564 1024 Ei
2589 975 2781 1025 autem
2817 965 2918 1026 illa
2947 985 3186 1046 quoque
3215 979 3382 1031 erant
3411 962 3624 1056 volup-

202 1055 301 1130 νὴ,
341 1061 475 1134 φῶς
503 1057 650 1135 οἷον,
681 1055 802 1113 ἀλλ’
836 1059 958 1136 οὒχὶ
989 1057 1076 1114 καὶ
1120 1057 1282 1134 πυρὸς
1315 1055 1448 1134 ἕχον
1478 1054 1718 1131 δύναμιν.

2009 1054 2098 1130 uti,
2134 1063 2211 1143 ut
2247 1072 2380 1134 quae
2412 1062 2614 1117 essent
2654 1063 2932 1134 tanquam
2985 1056 3104 1132 lux,
3139 1074 3270 1137 qua;
3303 1059 3416 1122 vim
3467 1054 3624 1143 ignis

1975 1163 2091 1206 non
2124 1142 2394 1207 haberet.

1715 1367 1963 1433 CAPUT
2023 1368 2148 1432 VII.

992 1560 1066 1623 In
1114 1561 1339 1622 itinere
1381 1557 1855 1632 Nicomediensi,
1929 1576 1999 1618 ac
2042 1563 2383 1635 pra’sertim
2428 1558 2646 1633 Rhodi,
2695 1565 2891 1637 gesta.

297 1755 476 1830 Ag".
515 1755 814 1824 ’Έκπληξις
866 1759 1116 1838 εἷχε-τον
1149 1758 1373 1836 βασιλέα
1405 1757 1614 1829 λοιπὸν,
1653 1758 1740 1812 καὶ
1767 1759 1896 1832 πρὸς

2063 1755 2324 1820 XXXVI.
2355 1755 2674 1836 Obstupuit
2696 1755 2771 1818 de
2794 1764 3010 1818 caetero
3036 1754 3451 1837 imperator,et
3478 1778 3629 1824 con-

214 1846 353 1910 τοὺς
428 1850 791 1922 περιεστῶτας
845 1835 1209 1928 ἐπιστραφεὶς,
1273 1848 1418 1925 Ἐγὼ
1477 1845 1705 1908 πολλοὺς
1776 1853 1898 1924 μὲν,

2009 1863 2188 1907 'ersus
2210 1844 2281 1906 ad
2308 1835 3235 1926 eos,quiicircumsistebant,Ego
3271 1848 3487 1911 multos
3508 1849 3633 1932 qui-

217 1935 398 2013 εῖπε,
476 1941 582 1990 τῶν
653 1932 974 2014 δυσωνύμων
1046 1939 1376 2016 Χριστιανῶν
1448 1935 1900 2014 ὶτιμωρησάμην,

2009 1933 2117 1996 lem
2150 1935 2561 2015 punii,inquit,
2588 1953 2657 1995 ex
2689 1934 2923 1997 miseris
2947 1935 3392 2012 Christianis,et
3418 1939 3636 2001 multos

219 2022 482 2089 πολλοὺς
542 2022 595 2079 δὲ
655 2026 740 2081 καὶ
797 2027 1007 2100 θανάτῳ
1076 2027 1422 2106 παρέπεμψεν
1491 2025 1633 2094 πλήν
1699 2023 1902 2084 οὐδέπω

2009 2025 2160 2084 etiam
2196 2034 2388 2085 morte
2431 2024 2600 2085 aﬂ‘eci
2630 2045 2646 2100 ;
2679 2023 2782 2085 sed
2844 2024 3112 2086 nondum
3144 2025 3253 2086 viri
3294 2028 3482 2089 virum
3517 2038 3635 2092 tam

222 2115 503 2179 τοιαύτης
550 2112 710 2192 ἄνδρα
771 2121 956 2195 ψυχῆς
1019 2138 1075 2172 τε
1143 2117 1233 2173 καὶ
1288 2115 1510 2192 γνώμης
1573 2114 1898 2189 ἐθεασάμην,

2009 2131 2201 2191 nagno
2225 2122 2284 2175 et
2305 2113 2540 2174 excelso
2562 2113 2763 2174 animo
2789 2113 3241 2192 praeditum,sed
3259 2134 3454 2196 neque
3475 2118 3640 2198 cuju-

223 2202 360 2260 ἀλλ’
429 2202 548 2260 οὐδὲ
619 2211 776 2280 σῶμα
835 2205 1049 2285 στεῤῥὸν
1109 2205 1249 2262 οὕτω
1306 2208 1398 2261 καί
1463 2207 1766 2282 καρτερικὸν
1817 2202 1904 2259 καὶ

2009 2221 2194 2282 nquam
2247 2220 2466 2281 corpus
2496 2201 2646 2262 adeo
2698 2202 2956 2264 validum
2993 2211 3051 2264 et
3079 2207 3417 2282 robustum,
3450 2215 3508 2268 et
3538 2207 3640 2269 cui

223 2293 590 2352 δυσθάνατον*
661 2295 1006 2371 παραπέμψω
1063 2302 1187 2374 γοῦν
1245 2296 1400 2352 αὐτὸν
1461 2296 1534 2358 εἰς
1595 2294 1690 2362 τὴν
1738 2302 1904 2350 Νικο-

2009 2299 2242 2351 nortem
2277 2290 2491 2351 afferre
2535 2298 2693 2352 esset
2724 2289 3049 2354 difﬁcilius.
3082 2291 3231 2354 Eum
3263 2312 3404 2373 ergo
3439 2303 3636 2358 trans-

229 2381 479 2458 μήδους,
541 2383 717 2461 τέρας,
752 2386 824 2448 ὡς
885 2387 1048 2459 εἰκὸς,
1112 2383 1426 2458 Μαξιμιανῷ
1483 2383 1722 2442 ἄπιστον.
1777 2381 1905 2440 Οὐδὲ

2009 2386 2216 2440 nittam
2241 2379 2679 2454 Nicomediam,
2702 2379 3156 2454 Maximiano,ut
3176 2391 3267 2444 est
3283 2383 3635 2462 verisimile,

230 2474 344 2552 γὰρ
402 2475 463 2528 ἂν
509 2471 625 2529 οὐδὲ
681 2474 840 2530 αὐτὸν
898 2473 1040 2551 ἀνδρὶ
1101 2495 1226 2532 ποτε
1269 2477 1424 2545 οἶμαι
1475 2473 1698 2546 τοιούτῳ
1747 2493 1899 2550 περι-

2009 2468 2324 2548 irodigium
2349 2468 2616 2530 futurum
2647 2467 3243 2552 incredibile.Neque
3273 2473 3433 2534 enim
3467 2475 3627 2537 exis-

233 2550 440 2642 τυχεϊν
492 2550 796 2638 αὖθεκᾶστῳ
840 2550 1025 2628 δεινῶς
1067 2566 1158 2620 καὶ
1206 2562 1664 2641 ἰσχυρογνώμονι.
1728 2568 1900 2618 Ταῦτα

2009 2559 2131 2620 imo
2183 2577 2316 2619 eum
2352 2577 2608 2638 unquam
2634 2557 3002 2621 incidissein
3025 2550 3214 2622 virum
3251 2571 3367 2623 tam
3396 2563 3635 2628 ﬁrmiot

237 2653 298 2708 ἓν
358 2653 586 2726 θαύματι
659 2655 793 2730 πρὸς
870 2655 992 2716 τοὺς
1051 2655 1316 2729 παρόντας
1377 2653 1565 2730 εἰπὼν,
1613 2653 1899 2730 ψηφίζεται

2009 2667 2102 2710 am
2135 2647 2471 2709 constantis
2501 2646 2855 2710 animi.Hazc
2876 2667 3010 2710 cum
3037 2649 3433 2714 mirabundus
3455 2653 3638 2716 dixis-

246 2739 543 2814 Κλήμεντα
599 2741 810 2798 δεθέντα
869 2744 942 2807 εἷς
988 2743 1224 2808 ἐξέτασιν
1285 2739 1598 2816 Μαξιμιανῷ
1643 2743 1744 2818 πρὸ
1801 2741 1900 2807 τὴν

2009 2747 2079 2798 :et
2102 2737 2200 2817 qui
2223 2735 2493 2810 aderant,
2521 2736 2791 2797 decernit
2814 2747 2876 2797 ut
2907 2737 3186 2801 Clemens
3219 2741 3448 2803 vinctus
3474 2750 3638 2806 trans

252 2829 594 2904 Νικομήδους
635 2829 942 2889 διαπόντιον
995 2831 1238 2910 ἄγεσθαι,
1272 2833 1478 2909 γράψας
1535 2829 1627 2887 καί
1661 2831 1727 2886 τὰ
1785 2827 1902 2886 κατ’

2009 2845 2155 2887 nare
2189 2825 2530 2887 mitteretur
2558 2824 2994 2902 Nicomediam,
3022 2829 3457 2893 examinandus
3477 2831 3641 2895 abia-

259 2919 420 2976 αδτὸν
463 2921 654 3001 πάντα,
720 2920 819 2978 ὅσα
890 2943 947 2978 τε
1019 2922 1161 3000 παρὰ
1235 2926 1560 2996 Δομετιανοῦ
1628 2921 1902 2998 πρότερον,

2009 2916 2363 2990 ιίηιὶεηο,(1θ
2383 2935 2456 2978 eo
2478 2915 2778 2996 scribens,
2806 2925 3011 2997 etquae
3029 2919 3194 2998 prius
3213 2938 3247 2980 ε
3280 2919 3639 2996 Domitiano,

258 3011 346 3065 καὶ
401 3007 499 3065 ὅσα
525 3010 686 3066 πάλιν
741 3009 830 3068 ὑπ’
885 3015 1042 3070 αὐτου
1095 3011 1236 3080 παρὰ
1279 3008 1430 3075 δόξαν
1478 3012 1564 3066 καὶ
1614 3009 1765 3090 φύσιν
1807 3009 1905 3064 ἀν-

2009 3014 2051 3065 at
2082 3024 2216 3085 quae
2266 3023 2301 3066 a
2333 3023 2398 3067 se
2424 3023 2632 3066 rursus
2662 3025 2873 3086 passus
2902 3007 2993 3075 sit.
3032 3027 3164 3089 quae
3206 3013 3550 3090 Opinionem
3584 3020 3646 3076 et

249 3098 522 3174 θρωπίνην
573 3099 852 3180 ὑπενέγκοι
903 3107 1099 3158 πᾶσαν·
1162 3099 1239 3157 ἔτι
1291 3101 1377 3156 καὶ
1426 3108 1580 3158 τοῦτο
1639 3099 1902 3174 σημάνας,

2009 3112 2311 3156 iumanam
2347 3112 2587 3156 omnem
2622 3103 2891 3157 naturam
2924 3108 3230 3177 superant:
3258 3109 3318 3162 et
3349 3101 3463 3164 hoc
3487 3120 3645 3184 prae-

253 3188 329 3252 ὠς
387 3188 563 3264 εἰμὲν
624 3188 769 3246 ὲλεῖν
825 3191 1009 3262 αὐτὸν,
1043 3188 1172 3268 ὅπερ
1224 3189 1566 3264 ἀνέλπιστον,
1601 3190 1695 3244 καί
1737 3209 1908 3263 μετα-

2009 3200 2156 3244 ,erea
2189 3183 2557 3262 signiﬁcans,
2591 3186 2749 3263 quod
2785 3186 2831 3247 si
2889 3205 3022 3248 eum
3059 3189 3322 3268 quidem,
3359 3183 3517 3270 quod
3547 3201 3644 3254 est

258 3290 440 3335 πεῖσαι
517 3276 820 3357 δυνήσεναι,
893 3281 1036 3345 αὖθις
1107 3278 1424 3354 ἀναπέμψαι
1505 3278 1636 3352 πρὸς
1724 3279 1904 3355 αὐτὸν,

2009 3272 2177 3351 olone
2212 3273 2680 3352 desperandum,
2718 3275 2962 3336 vincere
3003 3278 3143 3336 etin
3176 3278 3349 3340 aliam
3385 3281 3647 3361 potuerit

260 3372 480 3444 πρᾶγμα
552 3369 947 3448 κεχαρισμένον
1031 3366 1298 3433 ἀπόδειξιν
1372 3367 1574 3425 ἐκείνου
1649 3367 1908 3445 μεγίστης

2009 3362 2312 3424 .raducere
2355 3363 2741 3437 sententiam,
2783 3382 2916 3424 eum
2949 3383 3157 3427 rursus
3188 3369 3474 3445 remittat,
3510 3387 3643 3432 rem

260 3458 441 3534 φρενὸς
491 3457 580 3514 καὶ
629 3459 895 3530 περινοίας
955 3458 1230 3534 ἐσόμενον·
1285 3460 1329 3514 εἰ
1359 3455 1402 3512 δ’
1470 3461 1564 3516 οὒκ
1608 3455 1746 3514 ἀλλὰ
1804 3459 1908 3522 θη-

2018 3451 2080 3512 lli
2103 3466 2328 3529 gratam
2355 3451 2711 3527 luturam,ut
2735 3464 3150 3531 argumentum
3177 3456 3343 3518 illius
3374 3457 3646 3522 maxima

266 3547 392 3620 ρίοις
439 3548 587 3605 αότὸν
621 3545 884 3627 ἐκδοῦναι,
919 3547 955 3617 ἢ
984 3550 1073 3605 καὶ
1129 3546 1316 3612 ἄλλαις
1347 3547 1627 3624 τιμωρίαις
1689 3557 1912 3623 πικραῖς

2009 3542 2334 3619 prudentiae
2357 3550 2414 3601 et
2435 3540 2660 3618 ingenii
2686 3541 2964 3603 solertiae:
2995 3543 3044 3604 si
3067 3543 3430 3620 minus,eum
3455 3547 3649 3610 tradat

261 3641 356 3692 τοῦ
410 3641 502 3712 ζῇν
559 3634 942 3716 ὑπεξαγαγεῖν,
987 3637 1102 3695 Ἵνα
1161 3638 1240 3713 μὴ
1312 3637 1509 3712 περιὼν
1565 3635 1670 3711 ἔτι,
1726 3637 1910 3715 φησὶν,

2009 3629 2234 3702 bestiis,
2273 3628 2360 3690 vel
2392 3629 2570 3690 etiam
2603 3630 2840 3692 acerbis
2870 3631 3002 3693 aliis
3037 3633 3354 3713 suppliciis
3385 3636 3441 3697 ei
3469 3638 3645 3699 vitam

259 3727 345 3781 καὶ
405 3727 753 3804 Χριστιανοὺς
816 3727 1026 3805 μεγάλα
1059 3726 1288 3804 βλάπτοι
1345 3723 1756 3801 καὶθΕλληνας,
1793 3725 1914 3788 τοὺς

2009 3719 2344 3793 adimat,Ne
2369 3718 2419 3780 si
2449 3718 3042 3802 amplius,inquit,sit
3063 3731 3461 3807 superstes,et
3484 3726 3651 3792 Chri-

257 3816 358 3890 μὲν
411 3816 736 3896 ὁποφθείρων
790 3818 881 3873 καὶ
928 3822 1243 3896 παρασπῶν,
1279 3815 1627 3894 Χριστιανοὺς
1675 3812 1729 3871 δὲ
1788 3812 1912 3870 δυσ-

2009 3808 2193 3870 tianos
2225 3817 2282 3870 et
2305 3807 2545 3872 Graecos
2577 3811 2808 3886 magnis
2836 3811 3054 3874 alliciat
3084 3814 3503 3889 incommodis,
3534 3816 3650 3880 hoc

253 3904 577 3981 μεταθέτους
607 3905 810 3982 μᾶλλον
842 3912 1010 3963 ποιῶο
1039 3906 1133 3962 καί
1165 3903 1616 3986 ἀσφαλιζόμενος.

2009 3897 2244 3978 quidem
2272 3916 2666 3979 corrumpens
2690 3911 2745 3961 et
2769 3902 3100 3976 attrahens,
3139 3901 3507 3968 Christianos
3536 3925 3650 3968 au-

2000 3997 2120 4049 tem
2148 3987 2423 4078 efﬁciens
2448 3989 2724 4051 difﬁciles
2753 3990 2826 4052 ad
2851 3994 3404 4073 transmovendum,
3429 4014 3651 4078 eosque

2002 4077 2283 4139 muniens
2314 4087 2371 4139 et
2403 4079 2789 4146 conﬁrmans.

337 4176 472 4237 AZ’.
523 4175 781 4255 Ἐξήγετο
833 4175 1008 4233 τοίνυν
1067 4180 1166 4243 τῆς
1244 4165 1460 4250 Ῥώμης
1518 4174 1547 4231 ὀ
1603 4174 1753 4254 ἅγιος
1811 4174 1914 4229 ὑπὸ

2076 4165 2563 4232 XXXVIIJ’ioma
2590 4187 2730 4249 ergo
2759 4181 2999 4234 sanctus
3031 4182 3122 4236 est
3147 4174 3418 4251 eductus,
3445 4175 3652 4240 multis

253 4264 477 4324 πολλῶν
543 4265 640 4341 μὲν
709 4266 1187 4344 προπεμπόμενος,
1252 4263 1482 4327 πολλοῖς
1554 4262 1608 4319 δὲ
1679 4261 1916 4342 δακρύων

2009 4258 2243 4348 quidem
2295 4276 2434 4318 eum
2468 4258 2932 4338 deducentibus,
2968 4264 3173 4325 multis
3215 4273 3410 4328 autem
3455 4265 3652 4348 lacry-

257 4356 439 4418 αἴτιος
499 4355 901 4433 καθιστάμενος.
950 4355 1036 4418 οἷς
1069 4357 1130 4412 τὸ
1185 4355 1351 4417 πάθος
1384 4357 1772 4432 παρεμυθιιυντο
1827 4353 1919 4408 τοῦ

2009 4347 2114 4408 mis
2141 4365 2382 4427 quoque
2417 4352 3171 4434 prosequentibus,quibus
3188 4347 3654 4421 consolabantur

254 4445 566 4527 χωρισμοῦ.
631 4446 717 4509 Τίς
761 4447 848 4524 γὰρ
904 4446 966 4501 ἂν
997 4445 1248 4511 διεξέλθοι
1305 4445 1372 4499 τὰ
1401 4446 1505 4500 τῶν
1552 4449 1778 4518 πιστῶν,
1819 4442 1917 4498 ὅσα

2009 4455 2170 4498 suam
2235 4438 2308 4497 ab
2341 4455 2411 4499 eo
2471 4442 2942 4518 separationem.
2997 4442 3142 4516 Quis
3173 4446 3334 4507 enim
3383 4447 3654 4513 oratione

257 4536 361 4612 μὲν
433 4541 724 4602 τηνικαῦτα
797 4533 1003 4615 ἔλεγον,
1079 4533 1178 4590 ὅσα
1250 4531 1304 4588 δὲ
1372 4532 1533 4589 πάλιν
1619 4531 1704 4588 ἀπ’
1777 4535 1921 4604 αὖτῷ

2009 4528 2282 4618 persequi
2316 4530 2577 4606 potuerit
2624 4547 2714 4604 ea,
2752 4549 2882 4610 quae
2915 4542 3054 4595 tunc
3099 4533 3376 4598 dicebant
3408 4536 3653 4618 quidem

259 4625 522 4696 ἐποίουν;
585 4627 646 4681 Οἱ
704 4624 804 4700 μὲν
863 4626 964 4703 γὰρ
1036 4621 1214 4681 ποδῶν
1277 4621 1532 4699 ἥπτοντο,
1587 4623 1677 4678 καί
1727 4635 1922 4701 χεῖρας

2009 4615 2243 4690 ﬁdeles,
2281 4626 2337 4676 et
2382 4635 2516 4696 quae
2549 4636 2759 4681 rursus
2820 4633 3065 4702 propter
3095 4623 3292 4704 ipsum
3345 4615 3656 4692 fecerint?

261 4714 594 4783 ἠσπάζοντο’
673 4715 724 4770 οἱ
776 4713 830 4768 δὲ
889 4711 1168 4792 τράχηλον
1229 4710 1642 4791 περιϐάλλοντες
1703 4711 1922 4789 κατεφί-

262 4803 389 4861 λουν
435 4805 526 4860 καὶ
585 4812 679 4862 τοῦ
747 4803 1030 4882 χωρισμοῦ
1095 4803 1282 4882 πικρὸν
1351 4799 1436 4858 ἐπ’
1507 4801 1648 4876 αύτῳ
1704 4799 1924 4880 δάκρυον

262 4893 510 4965 ἔσταζον
565 4891 720 4950 ἄλλοι
776 4905 893 4958 τοῖς
952 4892 1146 4968 α’ίμασι
1193 4891 1565 4971 κατεχρίοντο,
1599 4903 1716 4956 τοῖς
1761 4893 1923 4970 τραύ-

266 5005 400 5060 μασι
451 4982 842 5063 προσεφύοντο,
878 4987 1008 5058 τῶν,
1055 4984 1280 5058 ἱματίων
1335 4983 1430 5039 οὒκ
1485 4982 1828 5055 ἀπεσπῶντο,
1865 4973 1923 5038 Ὀ

264 5073 516 5152 λαμπρὸς
567 5072 831 5149 ἀριστεὺς,
871 5074 896 5128 ὃ
950 5085 1196 5150 γενναῖος
1245 5071 1548 5150 ἀγωνιστὴς
1596 5074 1622 5127 ὅ
1684 5069 1921 5148 σιδάρου,

265 5163 553 5242 λέγοντες,
593 5163 957 5242 ἰσχυρότερος.
993 5164 1051 5219 Οἱ
1109 5168 1236 5240 γοῦν
1265 5160 1561 5238 ἀπάγοντες
1593 5162 1751 5219 αὐτὸν
1800 5161 1922 5217 ἐπι-ι

271 5251 590 5316 κλασθέντες
661 5265 780 5313 τοῖς
839 5249 1118 5330 ὀδυρμοῖς,
1163 5251 1252 5306 καὶ
1310 5250 1569 5315 παθόντες
1627 5249 1720 5306 καί
1782 5251 1926 5308 αὐτοὶ

264 5344 362 5408 τὰς
395 5341 606 5423 ψυχὰς,
657 5339 889 5408 ἕστησαν
941 5338 1071 5420 ἄχρι
1124 5338 1328 5399 πολλοῦ
1351 5347 1794 5419 παραχωροῦιτες
1853 5345 1930 5412 τῷ

269 5434 452 5512 πάθει,
487 5430 580 5488 καί
635 5437 715 5504 τῷ
757 5430 981 5503 ἐλεεινῷ
1023 5451 1115 5488 του
1170 5430 1461 5506 θεάματος.
1517 5429 1666 5486 Ἐπεὶ
1716 5427 1771 5484 δὲ
1826 5427 1930 5496 ἤδη

268 5524 359 5580 καὶ
387 5525 417 5579 ὁ
460 5521 646 5601 καιρὸς
678 5520 858 5577 ἐκάλει
902 5527 995 5576 τοῦ
1047 5517 1236 5578 πλοίου
1285 5517 1534 5586 ἐπιϐῆναι
1587 5521 1677 5577 τὸν
1727 5520 1931 5599 μοίρτο-

273 5636 360 5694 ρα,
395 5612 502 5668 τῶν
563 5610 972 5688 περισχομένων
1034 5610 1120 5684 βίᾳ
1176 5612 1262 5666 καὶ
1320 5607 1478 5685 μόλις
1535 5608 1928 5684 ἂπσποασθείς,

2008 4705 2152 4766 Nam
2189 4706 2288 4766 alii
2320 4708 2562 4786 quidem
2597 4709 2784 4788 pedes
2817 4712 3157 4794 tangebant,
3191 4723 3250 4778 et
3283 4734 3491 4779 manus
3519 4735 3656 4779 am-

2013 4795 2561 4877 plectebantur;alii
2581 4815 2722 4860 vero
2750 4800 2970 4862 collum
2997 4804 3464 4884 complectentes
3486 4808 3661 4869 deos-

2010 4885 2389 4961 culabantur,
2432 4896 2492 4948 et
2543 4896 2786 4969 propter
2815 4894 3258 4970 separationem
3304 4913 3534 4957 amaras
3565 4894 3658 4958 ef-

2007 4975 2340 5065 fundebant
2370 4976 2795 5057 lacrymaszalii
2823 4999 2888 5041 se
2920 4983 3052 5060 ejus
3077 4984 3370 5063 sanguine
3396 4985 3657 5065 inunge-

2009 5063 2223 5156 bant,a
2249 5065 2514 5126 vestibus
2536 5068 2712 5128 avelli
2739 5087 2858 5130 non
2893 5072 3307 5153 poterant,Vir
3335 5063 3660 5156 praeclarus

2007 5163 2068 5215 et
2091 5153 2285 5230 fortis,
2319 5164 2602 5218 strenuus
2626 5157 2990 5234 decertator,
3025 5162 3127 5242 qui
3146 5153 3656 5241 ferrofdicentes,

2011 5251 2102 5304 est
2131 5243 2382 5305 validor.
2418 5244 2529 5317 Qui
2581 5247 2774 5328 ipsum
2813 5258 3010 5312 autem
3056 5251 3456 5330 abducebant,
3487 5254 3664 5318 fracti

2011 5332 2272 5411 ﬂetibus,
2309 5344 2368 5396 et
2397 5335 2506 5416 ipsi
2558 5356 2795 5420 quoque
2852 5341 3046 5402 affecti
3097 5342 3341 5421 animis,
3374 5346 3660 5409 constite-

2009 5431 2152 5484 runt
2179 5423 2606 5519 diu,cedent_es_
2621 5429 2961 5519 animorum
2984 5431 3421 5511 perturbationi
3451 5444 3664 5519 etspo-

2015 5512 2247 5574 ctaculo
2302 5515 2655 5581 miserabili.
2690 5517 2834 5581 Cum
2867 5537 3008 5582 vero
3033 5522 3158 5601 jam
3218 5529 3454 5607 tempus
3483 5512 3662 5588 voca-

2016 5609 2204 5680 ret,ut
2235 5612 2453 5689 martyr
2484 5623 2692 5669 navem
2725 5610 3102 5690 ascenderet,
3137 5612 3188 5675 vi
3221 5623 3278 5677 et
3307 5633 3381 5676 ex
3417 5615 3659 5680 tandem
