4006 6138
366 291 485 357 847

1682 282 1963 347 MENSIS
1985 280 2441 347 JANUARIUS.

3620 275 3747 343 848

365 423 610 490 avulsus
640 422 716 487 ab
745 422 821 487 iis
863 422 965 505 qui
993 421 1189 504 ipsum
1228 417 1600 493 continebat,
1634 424 1695 480 et
1721 425 2002 500 tanquam

2094 421 2174 477 καὶ
2228 423 2407 500 ὥσπερ
2437 421 2599 497 μέλος
2656 423 2836 479 κοινὸν
2894 420 3142 477 ἁπάντων
3185 418 3539 497 ἂποῤῥαγεὶς,
3570 424 3637 493 τῇ
3688 438 3752 473 τε

368 516 709 580 membrum
741 530 1061 578 commune
1089 511 1380 591 abruptus
1406 508 1481 573 ab
1525 507 1829 582 omnibus,
1862 506 2013 570 civi-

366 607 473 670 tati
529 625 600 669 ea
649 624 783 688 quae
832 621 938 686 par
985 610 1137 682 erat,
1185 608 1244 662 et
1282 598 1399 661 sibi
1453 606 1750 688 precatus,
1801 615 2011 659 navem

363 687 676 773 ascendit,
696 702 756 758 et
785 694 966 775 erepit
998 691 1296 771 navigare.
1327 689 1447 753 Sed
1474 687 1619 770 quid
1644 688 1884 767 sapiens
1910 706 2014 765 gn-

363 786 649 851 bernator
677 784 1092 848 universorum
1124 780 1287 844 Deus
1311 779 1374 843 in
1423 795 1571 842 nave
1599 796 1706 841 suo
1738 778 2015 858 providet

361 876 614 940 consilio
645 874 670 938 ?

442 963 765 1030 XXXVIII.
793 965 850 1026 ls
871 963 970 1044 qui
994 960 1162 1043 prius
1186 959 1350 1023 solus
1371 965 1695 1039 martyrum
1719 958 2012 1034 eﬂugerat

360 1075 434 1121 ex
483 1057 559 1119 iis
589 1054 691 1137 qui
721 1052 833 1116 sub
863 1053 1176 1117 Clemente
1233 1050 1619 1114 crediderant
1647 1049 1707 1110 in
1738 1064 2006 1127 carcere,

357 1146 436 1210 de
465 1164 583 1228 quo
608 1136 792 1227 paulo
824 1151 963 1205 ante
992 1159 1198 1204 sumus
1228 1160 1339 1202 nos
1367 1156 1501 1203 esse
1534 1138 1798 1200 dicturos
1829 1136 2011 1228 polli-

362 1227 633 1311 citi,cum
667 1242 828 1297 esset
847 1233 1155 1295 Romanus
1185 1230 1431 1311 quidem
1456 1227 2012 1308 genere,Agatban-

359 1327 530 1408 gelus
558 1334 756 1388 autem
790 1322 1056 1399 nomine,
1090 1321 1192 1383 hic
1217 1338 1337 1382 una
1392 1320 1628 1397 navigat
1659 1336 1792 1378 cum
1845 1335 2009 1378 mar-

360 1407 667 1497 tyre.Cum
700 1410 861 1473 enim
896 1410 1268 1492 pervenisset
1294 1408 1369 1471 ad
1401 1426 1611 1470 navem
1643 1407 1704 1467 in
1736 1424 1855 1485 qua
1884 1413 2011 1467 erat

360 1505 554 1569 Roma
603 1502 1046 1582 enavigaturus,
1081 1516 1143 1565 et
1179 1518 1315 1563 cum
1370 1501 1566 1560 nautis
1617 1515 1800 1579 pauca
1851 1504 2013 1559 esset

357 1592 714 1675 locutus,eis
743 1592 917 1654 facile
939 1589 1550 1672 persuadet,cumque
1580 1586 1805 1649 sensim
1837 1605 2011 1649 cons-

358 1674 690 1758 cendisset,
722 1683 786 1744 in
814 1682 1017 1763 aliqua
1047 1680 1178 1759 ejus
1208 1688 1377 1761 parte
1402 1676 1814 1739 delitescebat.
1850 1674 2010 1737 Deus

2095 509 2249 569 πόλει
2310 512 2377 570 τὰ
2435 513 2614 569 εἰκότα
2671 511 2769 567 καί
2820 510 2989 582 ἑαυτῷ
3048 508 3429 585 ἐπευξάμενος,
3463 507 3600 564 οὕτω
3640 509 3748 572 τῆς

2097 604 2227 665 νεὼς
2281 601 2449 670 ἐπέϐη
2505 604 2597 659 καὶ
2635 624 2731 659 του
2770 599 2904 657 πλοῦ
2944 596 3161 677 ἤρξατο.
3207 597 3375 655 Ἀλλὰ
3406 599 3455 654 τί
3481 598 3570 653 καὶ
3628 596 3752 671 περὶ

2095 691 2194 759 τὴν
2279 700 2404 751 ναῦν
2489 695 2516 749 6
2625 692 2784 769 σοφὸς
2868 692 2974 745 τιῦν
3056 689 3386 768 κυϐερνήτης
3472 689 3754 761 οἰκονομεῖ

2096 783 2225 846 Θεός
2269 803 2285 855 ;

2174 961 2319 1023 ΑΠ’.
2367 962 2461 1019 Καὶ
2491 962 2520 1017 6
2573 961 2825 1036 πρότερον
2855 961 2918 1015 τὸ
2965 958 3248 1036 μαρτύριον
3303 957 3464 1032 μόνος
3494 960 3600 1011 τῶν
3640 955 3747 1010 δπὺ

2095 1055 2405 1127 Κλήμεντος
2463 1051 2517 1105 ἐν
2573 1052 2641 1127 τῇ
2709 1048 2920 1128 φυλακῇ
2986 1047 3381 1104 πιστευσάντων
3449 1043 3747 1123 διαφυγὼν,’

2094 1145 2212 1222 περὶ
2271 1142 2331 1198 οὗ
2380 1141 2584 1219 φθάσας
2642 1141 2817 1216 μικρῷ
2870 1140 3092 1214 πρόσθεν
3154 1139 3182 1192 6
3241 1134 3401 1214 λόγος
3445 1133 3734 1222 δπὲσλετο,

2097 1220 2366 1306 Ῥιυμαῖος
2428 1231 2527 1303 μὲν
2598 1228 2672 1285 ὢν
2730 1230 2790 1283 τὸ
2849 1228 3026 1305 γένος,
3087 1223 3485 1303 Ἀγαθαγγελος
3541 1220 3743 1287 δὲτὴν

2092 1321 2250 1390 λῆσιν
2285 1365 2301 1395 ,
2391 1317 2665 1395 σύμπλους
2754 1317 2976 1373 ἐνταῦθα
3058 1321 3127 1383 τῆ
3212 1315 3432 1395 μάρτυρι
3514 1313 3739 1389 γίνεται.

2096 1408 2424 1470 Καταλαϐὼν
2486 1410 2586 1487 γὰρ
2632 1410 2693 1463 τὸ
2723 1418 2917 1464 πλοῖον
2974 1404 3039 1460 δι’
3081 1404 3141 1460 οὗ
3194 1403 3290 1471 τῖλς
3325 1394 3537 1474 Ῥώμης
3588 1401 3749 1467 αὐτὸς

2094 1498 2322 1556 ἐκωλεῖν
2376 1496 2594 1573 ἔμελλε,
2626 1497 2714 1551 καὶ
2764 1493 2916 1572 ὀλίγα
2971 1492 3311 1561 συλλαλήσας
3340 1500 3457 1553 τοϊς
3505 1489 3749 1561 ναύταις,

2092 1591 2255 1646 πείθει
2310 1585 2520 1665 ῥᾳδίως,
2555 1583 2721 1661 ἐμϐάς
2771 1605 2828 1639 τε
2885 1582 3059 1660 ἠρέμα
3102 1582 3239 1638 κατά
3281 1602 3331 1634 τι
3375 1578 3529 1654 πέρος
3587 1581 3755 1634 αὐτοῦ

2093 1679 2365 1738 λανθάνων
2397 1677 2708 1752 ἐκρύπτετο,
2744 1675 2873 1734 Θεὸς
2927 1672 2979 1727 δὲ
3008 1672 3075 1739 ἦν
3114 1669 3212 1748 ἄρα
3244 1671 3271 1725 6
3329 1669 3504 1723 καὶτὸ
3550 1664 3755 1722 πλοῖον

358 1784 556 1839 autem
586 1756 715 1852 fuit,
752 1774 852 1855 qui
886 1756 945 1835 et
972 1756 1187 1832 navem
1208 1756 1485 1831 ostendit
1513 1767 2007 1847 Agathangelo,el

2098 1767 2372 1833 ὑποδείξας
2433 1761 2835 1843 ’Λγαθαγγελιμ
2897 1762 2992 1818 καί
3048 1760 3167 1822 τοὺς
3230 1756 3515 1834 πλωτῆρας
3559 1758 3752 1814 εὐπει-

357 1866 557 1930 effecit
577 1874 644 1927 ut
673 1870 878 1927 essent
905 1861 961 1924 ei
991 1868 1189 1922 nautae
1214 1859 1513 1933 faciles,et
1542 1859 1661 1918 cito
1686 1856 1913 1918 fuerint
1933 1855 2007 1918 ab

361 1975 433 2021 eo
459 1953 758 2038 persuasi.
792 1952 1110 2032 Postquam
1144 1959 1342 2011 autem
1364 1949 1489 2029 jam
1524 1954 1745 2038 martyr
1773 1964 2008 2038 quoque

356 2035 548 2109 adfuit
568 2046 698 2125 ipse
729 2061 864 2106 cum
894 2039 1209 2114 militibus,
1229 2046 1290 2100 et
1315 2055 1524 2099 navem
1557 2045 1696 2099 sunt
1725 2035 2003 2115 ingressi,

356 2136 661 2201 distabant
692 2153 725 2196 a
753 2140 918 2197 terra
938 2131 1100 2195 circa
1124 2130 1383 2192 ducenta
1398 2125 1825 2203 stadia,videns
1848 2126 2003 2203 Aga-

357 2224 677 2303 thangelus
705 2222 929 2286 milites
959 2220 1208 2302 quidem
1240 2227 1299 2282 et
1327 2217 1489 2281 inter
1517 2235 1582 2280 se
1604 2224 1664 2279 et
1690 2219 1854 2279 circa
1893 2234 2003 2278 na-

353 2333 489 2380 vem
520 2335 657 2378 esse
687 2319 1037 2394 occupatos,
1060 2310 1253 2372 solum
1284 2326 1426 2371 vero
1458 2325 1695 2370 sacrum
1720 2305 2003 2369 Clemen-

356 2414 477 2469 tem
535 2423 808 2469 seorsum
857 2404 1049 2466 Deum
1100 2416 1297 2477 orare,
1329 2418 1364 2460 a
1412 2398 1657 2459 nemine
1684 2397 1845 2458 visus
1895 2414 2005 2457 nec

358 2497 809 2561 animadversus
854 2511 1043 2575 prope
1075 2510 1213 2555 eum
1263 2488 1533 2552 accedit:
1569 2505 1830 2564 cumque
1879 2486 2011 2566 ejus

362 2588 549 2670 pedes
582 2584 1092 2667 prehendisset,et
1122 2583 1184 2642 in
1211 2580 1563 2670 memoriam
1597 2577 2009 2670 revocatejus,

362 2665 499 2761 quae
518 2665 881 2739 incustodia
899 2674 1059 2734 facta
1081 2666 1599 2748 est,confessionis
1629 2675 1699 2761 et_
1720 2666 1840 2728 dati
1861 2665 2007 2747 bap-

362 2755 645 2831 tismatis.
695 2763 932 2827 Deinde
964 2762 1141 2823 etiam
1173 2766 1404 2833 narrat,
1437 2756 1744 2836 quomodo
1775 2773 1812 2818 e
1845 2755 2007 2817 caede

367 2856 667 2936 effugerit,
700 2862 759 2916 et
789 2850 1299 2933 quemadmodum
1352 2847 1517 2930 prius
1546 2846 1789 2907 sciverit
1839 2844 2006 2905 navi-

361 2946 550 3025 gium,
585 2951 648 3006 et
692 2939 1202 3024 quemadmodum
1235 2944 1355 3000 sint
1407 2938 1735 3017 ingressus,
1771 2942 1830 2997 et
1855 2952 2007 3015 que-

359 3032 745 3097 madmodum
778 3032 842 3093 in
872 3050 943 3094 eo
975 3029 1303 3091 delituerit.

2090 1859 2208 1924 θεῖς
2243 1861 2387 1929 αὐτῷ
2431 1841 2522 1911 καὶ*
2568 1841 2865 1931 προσηνεῖς
2896 1851 3280 1929 ἐργασάμενος.
3335 1843 3496 1902 Ἐπεί
3527 1841 3584 1899 δὲ
3640 1842 3751 1913 ἤδη

2090 1950 2178 2005 καὶ
2234 1949 2262 2003 ὁ
2314 1946 2512 2024 μάρτυς
2556 1943 2713 2005 αὖτὸς
2770 1942 2907 2017 μετὰ
2965 1944 3071 1996 τῶν
3122 1941 3464 2009 στρατιωτῶν
3520 1932 3749 2005 ἐπέστη,

2089 2039 2177 2094 καὶ
2238 2041 2337 2103 τ’ἦς
2393 2036 2523 2097 νεὼς
2557 2032 2692 2089 εἴσω
2750 2032 3061 2109 γεγόνασιν,
3096 2027 3338 2103 ἆπέσγον
3394 2044 3452 2079 τε
3486 2027 3586 2089 τῆς
3644 2021 3750 2099 γῆς

2090 2126 2211 2184 ὅσον
2272 2124 2506 2186 σταδίους
2566 2121 2883 2193 διακοσίους,
2940 2123 2968 2175 6
3024 2114 3419 2195 Ἀγαθάγγελος
3462 2113 3585 2178 τοὺς
3641 2113 3748 2186 μὲν

2088 2217 2416 2295 στρατιώτας
2474 2213 2595 2291 περί
2646 2233 2704 2269 τε
2748 2217 2882 2292 σφᾶς
2936 2209 3122 2268 αὐτοὺς
3169 2209 3255 2262 καὶ
3311 2205 3413 2271 τὴν
3454 2210 3578 2260 ναῦν
3629 2202 3746 2257 ἀπ-

2087 2292 2500 2388 ησνχολημένους
2556 2301 2702 2381 ἰδὼν,
2772 2300 2937 2376 μόνον
2991 2297 3045 2352 δὲ
3107 2298 3200 2352 τὸν
3269 2296 3408 2372 ἱερὸν
3456 2292 3749 2367 Κλήμεντα

2087 2400 2522 2476 προσευχόμενον
2606 2391 2913 2465 καταμόνας
3002 2394 3153 2465 Θεῷ⁷
3241 2390 3417 2440 πᾶσαν
3500 2381 3749 2461 ὀφθαλῶν

2089 2468 2340 2554 αίσθησιν
2395 2484 2597 2559 κλέψας
2644 2480 2871 2547 πλησίον
2925 2478 3127 2534 ἐκείνου
3171 2475 3392 2554 γίνεται,
3443 2474 3530 2528 καὶ
3574 2468 3748 2526 λαϐό-

2092 2602 2253 2655 μειιος
2314 2580 2471 2634 αὐτοῦ
2511 2580 2617 2629 τῶν
2691 2568 2892 2648 ποδῶν,
2950 2573 3049 2634 τῆς
3121 2568 3147 2621 ἒ
3203 2570 3272 2641 τῇ
3327 2567 3539 2643 φυλακῇ
3590 2561 3752 2617 αὐτὸν

2095 2650 2382 2746 δμολογίας
2442 2661 2837 2737 ἀναμιμνήσκει
2889 2658 2978 2715 καὶ
3021 2663 3114 2713 τοῦ
3158 2653 3553 2732 βαπτίσματος²
3621 2650 3753 2705 εἶτα

2093 2737 2181 2813 καὶ
2244 2737 2338 2821 την
2394 2753 2455 2809 ἔοι
2511 2753 2610 2816 τῆς
2657 2753 2868 2826 σφα-(ἧς
2931 2744 3104 2825 φυγὴν
3154 2742 3451 2820 διηγεῖται,
3498 2737 3645 2798 ὅπως
3687 2749 3748 2793 τε

2092 2846 2349 2926 προγνοίη
2412 2844 2473 2899 τὸ
2546 2840 2762 2914 πλοῖον,
2824 2840 2968 2902 ὅπως
3010 2856 3069 2893 τε
3141 2832 3305 2907 ἔλθοι,
3352 2832 3441 2887 καὶ
3495 2829 3640 2892 ὅπως
3686 2827 3745 2883 ἓν

2094 2939 2234 3011 αὐτῷ
2263 2937 2540 3014 κρὸπτοιο.

440 3123 712 3187 XXXIX.
745 3121 963 3202 Martyr
992 3125 1190 3182 autem
1218 3116 1545 3198 (quomodo
1573 3113 1735 3177 enim
1787 3132 1893 3195 par
1922 3119 2007 3176 est

2168 3118 2304 3179 ΛΘ¹.
2343 3119 2404 3174 Ὀ
2438 3114 2634 3192 μάρτυς
2687 3110 2858 3168 τοίνυν
2919 3106 3034 3188 (καὶ
3089 3105 3139 3164 τί
3193 3101 3405 3202 γᾶρὶᾶν
3461 3098 3608 3202 αὺτὸν
3635 3098 3738 3156 οὒκ

360 3233 497 3278 eum
526 3213 713 3276 fuisse
734 3187 1036 3284 affect'um,
1061 3226 1198 3271 cum
1226 3187 1466 3287 agnovit
1493 3187 1963 3285 Agathanéelum
1989 3202 2007 3263 ‘l

2096 3213 2238 3274 εἰκὸς
2297 3187 2488 3263 παθεῒν
2517 3187 2822 3278 ῦέπιγνόντα
2871 3187 2963 3254 τὸν
3005 3189 3405 3274 Ἀγαθάγγελον
3442 3210 3458 3271 ς
3518 3188 3603 3287 ἧν.
3637 3187 3740 3287 γὰρ

358 3303 499 3369 Erat
528 3307 692 3367 enim
742 3308 968 3380 primus
998 3319 1067 3363 ex
1099 3300 1175 3361 iis
1203 3298 1306 3379 qui
1335 3302 1478 3358 tunc
1510 3295 1583 3357 ab
1612 3313 1682 3356 eo
1713 3294 1881 3357 fuere
1910 3293 2012 3355 ba-

358 3396 580 3477 ptiznti)
642 3392 957 3469 salutabat,
1010 3389 1510 3471 amplectebatur,
1564 3385 1829 3477 benigne
1873 3402 2008 3446 eum

356 3474 800 3565 alloquebatur,
832 3490 1038 3564 aperte
1094 3498 1214 3562 prae
1261 3497 1325 3541 se
1374 3478 1625 3551 ferebat,
1661 3493 1726 3538 se
1782 3474 2010 3538 viscera

359 3576 587 3639 habere
619 3585 871 3655 paterno
901 3571 1128 3635 refecta
1152 3569 1395 3649 gaudio.
1428 3567 1661 3631 Deinde
1690 3566 1867 3628 etiam
1890 3583 2005 3655 cce-

364 3666 449 3747 pit
498 3654 730 3747 preCari
777 3660 1214 3736 vehementius,
1245 3658 1461 3747 partim
1494 3656 1737 3737 quidem
1789 3654 2009 3747 gratias

359 3743 544 3835 agens
577 3772 687 3833 pro
719 3750 1153 3831 Agathangelo,
1188 3757 1245 3812 et
1263 3745 1449 3810 verba
1479 3765 1613 3827 qua}
1637 3743 2006 3835 animi_laati-

360 3832 502 3905 tiam
532 3841 951 3922 signiﬁcabant
1001 3840 1298 3913 offerens;
1344 3837 1556 3916 partim
1589 3842 1784 3898 autem
1818 3832 2007 3895 Deum

358 3949 600 4014 quoque
646 3932 955 4005 invocans,
991 3936 1055 3990 ut
1085 3929 1167 3989 illi
1215 3926 1400 3987 ferret
1446 3924 1757 4003 auxilium,
1796 3930 1855 3983 et
1902 3940 2007 3983 ro-

359 4009 532 4102 gans,
563 4029 631 4083 ut
661 4021 712 4082 is
746 4026 907 4081 esset
933 4017 1049 4079 sibi
1081 4015 1280 4078 socius
1310 4012 1722 4076 confessionis:
1753 4012 1874 4102 Ago
1896 4009 2007 4102 tibi

359 4100 863 4195 gratias,Domine
895 4111 1039 4170 Jesu
1068 4107 1325 4179 Christe,
1361 4104 1591 4195 dicens,
1628 4102 1727 4183 qui
1762 4100 1910 4195 mihi
1939 4118 2006 4162 es

359 4191 485 4267 sola
538 4211 597 4266 et
625 4200 803 4263 unica
850 4196 1178 4261 consolatio
1230 4202 1287 4256 et
1344 4191 1659 4266 auxilium,
1696 4191 1855 4272 quod
1911 4208 2007 4251 me

358 4311 556 4375 neque
606 4293 665 4353 in
699 4299 880 4363 terra,
917 4305 1117 4365 neque
1173 4286 1236 4347 in
1287 4283 1436 4347 mari
1466 4283 1771 4363 relinquas
1822 4301 1857 4341 a
1905 4288 2004 4342 tuo

360 4371 673 4446 desertum
707 4379 952 4453 auxilio,
989 4377 1094 4439 sed
1129 4395 1227 4438 me
1258 4393 1366 4456 per
1396 4382 1575 4436 totam
1605 4374 1758 4434 viam
1790 4371 2003 4433 defen-

2093 3303 2182 3361 καὶ
2237 3304 2447 3374 πρῶτος
2475 3294 2580 3348 τῶν
2623 3288 2710 3345 ὑπ’
2768 3286 2926 3344 αὒτοῦ
2953 3293 3245 3353 τηνικαῦτα
3301 3276 3744 3357 βαπτισαμὲνων)

2091 3390 2386 3467 ἠσπάζετο,
2462 3379 2900 3454 περιεπτόσσετο,
2975 3379 3255 3453 προσηνῶς
3340 3370 3510 3426 αὐτῶν
3580 3389 3743 3446 περι-

2093 3458 2302 3552 έϐαλλε,
2366 3458 2529 3541 δῆλος
2601 3474 2669 3538 ἦν
2723 3466 2919 3536 ἡδονῆς
2990 3461 3076 3522 ἐπ’
3148 3464 3290 3535 αὒτῷ
3351 3466 3614 3539 πατρικῆς
3673 3458 3744 3513 τὰ

2090 3550 2381 3648 σπλάγχνα
2424 3561 2820 3640 πληρούμενος,
2855 3555 3084 3613 Ἔπειτα
3114 3551 3213 3610 καί
3261 3555 3361 3618 τῆς
3390 3550 3578 3648 εὓχτῆς⁸
3616 3550 3745 3626 θερ-

2092 3636 2319 3737 μότερον
2376 3654 2592 3734 ε’ίχετο,
2647 3658 2803 3707 τοῦτο
2849 3645 2944 3721 μὲν
3002 3646 3331 3723 εὐχαριστῶν
3388 3640 3520 3715 ὑπὲρ
3561 3636 3745 3715 Ἀγα-

2089 3728 2348 3828 θαγγὲλου
2383 3728 2477 3800 καί
2530 3743 2714 3820 ψυχῆς
2773 3736 3096 3828 εὖθυμούσης
3149 3731 3435 3828 προσσίγων
3485 3728 3737 3828 ρῖςματαζ

2091 3816 2245 3896 τουτο
2295 3835 2468 3893 δὲκαὶ
2522 3816 2650 3887 Θεδν
2696 3829 2771 3893 εἶς
2830 3825 3142 3905 συμμαχίαν
3197 3820 3384 3893 ἐκείνῳ
3411 3817 3617 3899 καλῶν³
3652 3816 3746 3874 καὶ

2089 3931 2181 3986 τὸν
2245 3924 2403 4004 ἄνδρα
2464 3919 2715 3979 κοινωνὸν
2766 3918 2940 3992 ἑαυτῷ
2976 3913 3216 4004 γενέσθαι
3270 3912 3374 4004 τῆς
3433 3906 3738 4004 ὁμολογίας

2090 3997 2409 4098 εὐχόμενος,
2488 4007 2804 4090 Εὒχαριστῷ
2865 4028 2971 4080 σοι,
3046 4003 3198 4081 Κύριε
3269 4000 3448 4067 Ἰησοῦ
3519 3997 3739 4076 Χριστὲ,

2088 4086 2285 4186 legio»),
2322 4106 2355 4172 ἡ
2394 4086 2693 4180 μόνη-’καὶ
2750 4096 2845 4173 μία
2899 4091 3235 4186 παράκλησις
3280 4089 3399 4186 ἐμοί
3457 4086 3555 4186 καί
3596 4087 3739 4163 βοή·-

2086 4174 2225 4272 θεια,
2281 4193 2363 4251 ὅτι
2423 4213 2490 4269 με
2549 4189 2686 4266 μήτε
2744 4186 2881 4243 κατὰ
2937 4183 3036 4261 γῆν
3082 4183 3219 4255 μήτε
3274 4179 3413 4235 κατὰ
3466 4174 3737 4234 θάλασσαν

2087 4264 2288 4367 ἔρημον
2341 4264 2437 4350 τῆν
2466 4264 2566 4345 σῆς
2598 4276 2857 4367 βοηθείας
2914 4270 3349 4367 καταλιμπάνῃς,
3384 4265 3503 4367 ἀλλ’
3533 4265 3589 4322 ἐν
3633 4264 3738 4340 ὁδῷ

2086 4358 2235 4453 πάσῃ
2289 4366 2673 4432 συναντελάϐου
2704 4367 2792 4423 καὶ
2840 4362 3141 4442 προηγήσω
3198 4382 3314 4439 μοι³
3346 4358 3435 4414 καὶ
3484 4377 3733 4421 πεπονη-

360 4445 528 4536 deris
580 4480 641 4534 et
698 4445 1046 4545 deduxeris,
1083 4475 1142 4530 et
1197 4445 1395 4527 meum
1430 4464 1647 4561 labore
1694 4463 2000 4524 defessum

2094 4445 2245 4523 κυτοίν
2315 4485 2417 4541 μου
2467 4462 2567 4526 τὴν
2626 4456 2810 4537 ψυχὴν
2855 4452 3162 4521 ἀνεκτώσω,
3225 4448 3530 4528 παρήγορος
3599 4445 3734 4520 αὐτῇ

2166 4556 2176 4561 -
2308 4552 2331 4561 ..
2451 4551 2465 4561 ι
2512 4550 2523 4561 ι
2652 4545 2706 4561 ..λ
2903 4544 2915 4561 ι
3138 4538 3210 4561 9.9
3244 4540 3258 4556 ἱ
3361 4539 3412 4561 χ,
3445 4534 3541 4561 -__'_‘
3570 4555 3649 4561 _._.
3667 4540 3729 4561 ἔξ-.

358 4562 623 4626 animum
656 4560 1024 4623 recreaveris
1057 4577 1128 4621 eo
1146 4576 1326 4639 quem
1359 4555 1477 4617 scis
1507 4554 1682 4615 modo
1713 4554 1843 4634 ejus
1862 4570 2003 4613 con-

2094 4556 2280 4637 τρόπον
2308 4534 2370 4610 ’δν
2412 4550 2568 4614 αὐτὸς
2618 4534 2768 4610 οἶδας
2799 4544 3103 4621 γινόμενος.
3138 4538 3272 4597 Ἰδοὺ
3320 4539 3418 4618 γὰρ
3443 4534 3541 4593 καί
3568 4540 3729 4590 τανῦν

358 4652 582 4715 solator
606 4651 872 4714 effectus.
905 4650 1058 4711 Ecce
1088 4648 1249 4711 enim
1301 4664 1463 4708 nunc
1491 4661 1731 4725 quoque
1760 4643 1821 4704 in
1853 4640 2002 4704 mari

358 4744 419 4806 in
444 4739 857 4822 Agathangelo
889 4742 1049 4801 bono
1072 4757 1205 4801 meo
1227 4736 1409 4798 fratre
1442 4733 1587 4796 mihi
1619 4751 1683 4794 es
1705 4732 1998 4812 cognitus,

356 4832 460 4915 qui
487 4831 579 4894 vel
614 4830 762 4893 mihi
788 4849 859 4893 ex
888 4830 1017 4910 ipso
1049 4826 1294 4890 nomine
1324 4834 1487 4887 tuum
1543 4823 1800 4904 spondet
1828 4823 2003 4884 auxi-

353 4911 529 4997 lium,
561 4929 630 4983 ut
660 4920 763 5001 qui
792 4918 1263 5001 Agathangelus,
1296 4916 1356 4976 id
1389 4922 1500 4986 est,
1533 4911 1827 4975 bonorum
1854 4930 2006 4973 nun-

357 5013 496 5090 tius,
533 5022 596 5073 et
646 5011 724 5075 sit
753 5018 809 5072 et
841 5008 1095 5071 dicatur.
1131 5006 1249 5070 Sed
1281 5004 1335 5067 ei
1375 5022 1612 5085 quoque
1643 5002 1937 5081 concede,
1968 5021 2003 5065 ο

354 5122 462 5166 rex
508 5101 767 5179 Christe,
803 5099 969 5163 ut'ad
1007 5101 1188 5162 finem
1222 5105 1382 5159 tuam
1438 5094 1696 5157 deducat
1723 5093 2004 5156 volunta-

357 5201 506 5265 tem,
558 5200 622 5255 et
665 5191 929 5271 gloriﬁca
985 5189 1183 5271 ipsum
1235 5196 1337 5247 tua
1384 5183 1788 5260 confessione,
1841 5193 1907 5246 ut
1943 5190 2004 5246 tu

356 5300 599 5367 quoque
631 5299 836 5342 rursus
867 5280 928 5340 in
962 5278 1092 5360 ipso
1137 5276 1517 5357 glorificeris.

432 5369 667 5433 XL.Ille
687 5387 824 5449 ergo
850 5387 983 5431 cum
1018 5366 1426 5447 Agathangelo
1454 5365 1542 5427 sic
1571 5363 1672 5426 diu
1704 5372 2005 5445 noctuque

355 5458 738 5541 precabatur,
764 5458 964 5520 cibum
997 5457 1239 5539 quidem
1284 5474 1405 5517 non
1434 5472 1703 5528 sumens,
1737 5472 1876 5516 nam
1927 5472 2003 5516 ne

357 5547 658 5613 niminum
681 5547 928 5629 quidem
959 5543 1047 5609 eis
1065 5544 1188 5608 cibi
1211 5563 1460 5627 usquam
1482 5544 1711 5625 aderat,
1735 5549 1801 5606 ut
1827 5544 2001 5625 cujus

2084 4624 2136 4705 ἑὸ
2166 4643 2407 4720 θαλάσσῃ
2466 4640 2519 4697 ἐν
2595 4632 2973 4716 Ἀγαθαγγὲλῳ
3029 4636 3108 4704 τῷ
3162 4629 3339 4704 πιστῷ
3395 4624 3564 4720 τοθτῳ
3622 4644 3723 4720 μοι

2056 4735 2295 4815 ’ἀδελγῷ
2352 4712 2698 4809 ἐννωρὶσθηςτ,
2731 4726 2789 4788 ὃς
2819 4712 2905 4781 καὶ
2956 4719 3245 4815 ἀπ’ᾼαδτῆς
3303 4740 3395 4815 μοι
3440 4718 3539 4784 τῆς
3588 4712 3732 4815 κέή-

2085 4803 2349 4892 damst-iw
2390 4803 2532 4899 παρὰ
2576 4825 2669 4876 σοῦ
2723 4820 3000 4873 πιστοῦται
3051 4811 3323 4888 βοήθειαν⁹
3358 4807 3573 4886 ἀγαθῶν
3629 4803 3731 4882 ἅγ-

2086 4914 2245 4995 γελος
2278 4916 2374 4969 καὶ
2433 4894 2720 4988 γενόμενος
2776 4905 2863 4995 καὶ
2916 4901 3261 4995 καλούμενος.
3325 4896 3501 4954 Ἀλλᾶ
3555 4894 3733 4995 παρά-

2089 4983 2227 5086 σχου
2274 5002 2362 5059 καὶ
2400 4999 2565 5078 αὐτῷ³
2622 4994 2814 5073 Χριστὲ
2864 4990 3108 5070 βασιλεῦ,
3155 4991 3215 5046 τὸ
3287 4988 3380 5045 σὸν
3438 4987 3514 5051 εἷς
3577 4983 3733 5056 πέρας

2089 5074 2314 5174 ﬁgat-rer
2373 5074 2606 5169 θέλημα,
2641 5087 2730 5143 καὶ
2759 5081 2976 5174 δόξασον
3019 5081 3175 5141 αὐτὸν
3207 5084 3275 5156 τῇ
3330 5074 3596 5155 ὁμολογίᾳ
3624 5082 3737 5153 σοῦ,

2084 5170 2177 5243 ’ἱνα
2206 5170 2293 5242 iuri
2322 5182 2386 5238 σὸ
2418 5177 2578 5237 πᾶλιν
2602 5177 2656 5234 ἐν
2689 5177 2832 5249 αὖτῷ
2863 5170 3145 5238 δοξασθῆς.

2167 5361 2240 5419 Μ’
2253 5409 2268 5424 .
2325 5349 2384 5418 Ὀ
2414 5360 2513 5436 μὲν
2567 5358 2654 5415 οὖν
2686 5352 2825 5412 οὕτω
2856 5352 2948 5409 σὺν
2992 5344 3377 5430 Ἀγαθαγγέλῳ
3407 5345 3597 5409 νυκτὸς
3642 5346 3742 5400 καὶ

2082 5454 2282 5534 ἡμέρας
2341 5433 2641 5531 εὐχόμενος
2703 5445 2791 5520 ἦν,
2851 5441 3056 5534 τροφὴν
3113 5439 3213 5516 μὲν
3264 5438 3323 5494 οὒ
3379 5433 3740 5534 πρσσιξμενος

2087 5522 2203 5628 (sui.
2249 5542 2351 5623 γὰρ
2382 5522 2498 5601 66δὲ
2555 5538 2795 5619 βραχεῖα
2822 5522 2902 5601 τις
2959 5522 3144 5596 αὐτοῖς
3185 5531 3427 5609 παροῦσα
3472 5522 3743 5605 ἐτύγχανὲ
