4006 6138
159 319 277 381 849

156 460 343 534 ποθεν,

162 544 491 624 Κλήμεντι)
533 542 698 605 ’τὸν
758 547 931 618 ζῶντα
974 546 1028 603 δὲ
1072 546 1226 624 ἄρτον
1256 548 1311 603 ἐν
1354 553 1422 624 τῇ
1451 545 1636 626 καρδίᾳ
1663 545 1756 602 καί
1794 544 1856 599 τὸ

158 633 302 712 ὕδωρ
365 634 580 695 ἐκεῖνο
647 640 709 694 τὸ
765 643 870 707 ζῶν
936 635 1178 716 ἔχοντες,
1233 638 1321 694 καὶ
1380 638 1592 700 τούτοις
1644 636 1856 714 ἀφανῶς

154 724 503 805 τρεφόμενοί
569 749 643 784 τε
700 729 787 784 καὶ
830 728 1197 801 ποτιζόμενοι.
1258 725 1693 796 Κατελεήσαντες
1736 746 1856 780 τοι-

156 823 362 892 γαροῦν
430 816 655 880 αὖτοὺς
703 822 803 883 τῆς
856 814 1299 882 πολλῆςέκείνης
1330 817 1407 891 τῷ
1438 813 1618 872 δοκεῖν
1650 814 1855 874 ἀσιτίας

154 907 203 959 οἱ
254 911 654 980 στρατιῶται,
707 905 930 968 καὶτὰς
975 906 1159 985 ψυχὰς
1216 909 1506 971 συμπαθῶς
1564 927 1622 962 τε
1670 909 1855 966 αὐτοῖς

158 996 249 1050 καὶ
309 992 745 1075 φιλανθρώπως
808 993 1154 1068 διατεθέντες,
1189 993 1505 1070 μεταδοῦναι
1558 996 1856 1075 βρωμάτων

155 1083 352 1147 αότοϊς
424 1083 769 1164 ἐπειρῶντο.
837 1088 897 1144 Οἱ
947 1083 1002 1140 δὲ
1046 1086 1169 1150 τοὺς
1208 1085 1535 1162 στρατιώτας
1598 1085 1696 1158 μὲν
1756 1089 1854 1151 τῆς

155 1173 567 1253 προαιρέσεως
635 1174 988 1255 ἀπεδέχοντο,
1020 1174 1119 1242 τῆν
1148 1177 1349 1254 τροφὴν
1390 1174 1444 1231 δὲ
1476 1175 1573 1232 οὒκ
1602 1173 1858 1254 ἐδέχοντο

155 1263 367 1345 ᾅνωθεν
420 1266 595 1343 παρὰ
656 1273 750 1322 τοῦ
808 1271 940 1322 Θεοῦ
996 1265 1162 1332 αυτὴν
1221 1263 1537 1345 ἐκδέχεσθαι
1579 1263 1854 1342 λέγοντες,

152 1339 330 1430 "One?
398 1357 456 1411 οἱ
510 1339 622 1429 μὲν
684 1354 891 1434 ἔλεγον,
927 1356 1058 1418 Θεὸς
1108 1352 1164 1410 δὲ
1208 1357 1283 1419 εἷς
1326 1339 1477 1432 ἔργον
1527 1339 1707 1430 ἐξῆγε,
1768 1354 1860 1411 καὶ

155 1447 281 1521 περὶ
313 1443 432 1510 τὴν
469 1445 711 1523 πρώτην
745 1443 987 1521 φυλακὴν
1028 1444 1128 1511 τῆς
1172 1445 1384 1517 νυκτὸς,
1443 1443 1656 1521 οὐρανία
1685 1443 1856 1522 τροφὴ

155 1546 280 1599 τοῖς
317 1531 581 1598 δικαίοις
619 1533 722 1590 ὑπό
753 1555 898 1597 τινος
958 1531 1156 1591 ἄνωθεν
1198 1534 1524 1613 ἐχορηγεῖτο
1554 1531 1853 1611 δυνάμεως,

155 1624 249 1680 καὶ
280 1621 568 1700 ἀγγέλων
602 1623 745 1701 ἄρτῳ
772 1623 1055 1702 ετρέφοντο
1087 1622 1381 1700 ἅνθρωποι,

244 1713 401 1772 MA'.
455 1716 680 1795 Συχναὶ
712 1720 834 1790 γοῦν
863 1710 1148 1787 ἓτρίϐησαν
1180 1717 1365 1777 αὐτοῖς
1392 1712 1532 1771 κατὰ
1564 1715 1654 1770 τὸν
1690 1710 1856 1769 πλοῦν

1272 321 1457 383 VITA
1502 321 1561 383 S.
1614 316 2052 384 CLEMENTIS
2091 318 2516 382 ANCYRANI.

395 456 473 525 ἧς
541 456 677 515 οὒδέ
737 458 877 531 παρὰ
919 456 1222 537 τὴνάρχὴν
1255 456 1522 532 ἐμέλησεν
1580 457 1720 520 ὅλως
1777 459 1838 526 τᾷ

1938 450 2217 514 Clemens
2252 450 2480 514 nullam
2505 466 2706 511 curam
2741 448 3029 529 gessisset
3060 448 3348 512 omnino:
3382 449 3578 513 vivum

3466 314 3586 382 850

1940 549 2137 602 autem
2174 559 2387 622 panem
2419 539 2484 602 in
2513 539 2698 602 corde
2728 546 2787 600 et
2816 538 3000 600 vivam
3028 538 3191 602 illam
3223 557 3438 620 aquam
3463 541 3578 603 ha-

1941 628 2173 702 bentes,
2212 629 2430 711 quibus
2479 630 2736 691 obscure
2766 628 3081 691 alebantur
3106 637 3164 691 et
3193 627 3577 709 putabantur.

1940 718 2244 781 Diuturnzn
2275 738 2414 799 ergo
2446 720 2709 797 illorum,
2743 725 2808 780 ut
2838 717 3178 794 videbatur,
3212 717 3434 782 inediae
3455 719 3575 782 mi-

1940 809 2085 870 serti
2121 808 2341 871 milites
2372 811 2635 888 motique
2691 807 2919 884 animo,
2954 806 3338 887 benigneque
3366 818 3425 871 et
3459 809 3578 873 hu-

1938 915 2113 959 mane
2143 898 2206 960 in
2238 917 2341 960 eos
2369 899 2583 979 affecti,
2638 916 2743 959 eos
2765 897 2911 959 cibis
2943 897 3222 960 volebant
3249 899 3569 979 impertiri.

1937 986 2032 1050 Illi
2062 996 2261 1050 autem
2295 988 2616 1050 laudabant
2646 987 2887 1067 quidem
2920 987 3142 1051 bonum
3161 988 3419 1050 militum
3449 991 3579 1051 ani-

1940 1097 2123 1149 mum,
2158 1078 2360 1141 cibum
2421 1096 2559 1141 vero
2612 1096 2732 1140 non
2762 1078 3164 1159 accipiebant,
3201 1078 3477 1141 dicentes
3509 1097 3577 1141 se

1941 1188 2077 1231 eum
2110 1168 2374 1249 desuper
2402 1187 2437 1230 a
2471 1170 2594 1231 Deo
2626 1168 2926 1247 accipere.
2959 1167 3128 1242 Quod
3156 1175 3350 1233 autem
3375 1169 3464 1233 illi
3486 1169 3577 1232 dio

1941 1258 2178 1332 cebant,
2212 1257 2369 1321 Deus
2398 1257 2679 1320 effectum
2715 1255 3000 1332 reddidit,
3036 1264 3094 1319 et
3125 1257 3286 1320 circa
3320 1258 3572 1339 primam

1940 1347 2133 1410 noctis
2160 1346 2516 1423 custodiam,
2548 1348 2792 1411 caeleste
2841 1348 3191 1411 alimentum
3214 1348 3394 1428 justis
3423 1367 3573 1431 sup-

1942 1437 2339 1520 peditabatur,
2405 1446 2463 1498 et
2529 1456 2681 1518 pane
2738 1440 3084 1516 angelorum
3153 1437 3575 1502 nutriebantur

1938 1528 2236 1593 homines.

2016 1705 2163 1769 XLI.
2198 1706 2361 1768 Multi
2400 1723 2539 1769 vero
2582 1706 2714 1769 dies
2746 1707 3086 1788 consumpti
3116 1716 3261 1769 sunt
3289 1706 3363 1771 ab
3392 1708 3478 1771 eis
3509 1709 3571 1773 in

158 1804 402 1881 ἡμέραι,
442 1807 545 1860 καὶ
582 1794 667 1868 εἷς
702 1807 797 1870 τὴν
844 1794 1023 1860 Ῥόδον
1052 1803 1446 1882 κατασχόντες,
1492 1804 1539 1858 οἱ
1573 1803 1670 1874 μὲν
1701 1801 1833 1859 ἄλλο

1940 1797 2269 1875 navigando
2299 1815 2312 1857 :
2348 1803 2406 1859 et
2437 1815 2569 1859 cum
2601 1795 2879 1859 Rhodum
2903 1798 3298 1879 appulissent,
3323 1797 3423 1859 alii
3447 1798 3573 1880 qui-

159 1893 373 1955 πάντες
443 1894 858 1951 ἐπισιτίσασθαι
926 1891 1277 1968 βουληθέντες
1340 1895 1434 1948 τοῦ
1494 1891 1684 1951 πλοίου
1740 1892 1852 1949 ἁπ-

162 1980 409 2057 έϐησαν,
463 1994 595 2044 τοῖς
649 1981 700 2039 δέ
750 2004 812 2059 γε
857 1983 1102 2062 φυλακῆς
1147 1982 1308 2061 χάριν
1345 1987 1449 2038 τῶν
1508 1981 1674 2060 ἁγίων
1716 1984 1853 2037 ὑπο-

162 2071 453 2152 λειφθεῖσι
513 2072 866 2152 προσέκειντο
914 2071 1264 2150 λιπαροῦντες
1309 2071 1455 2129 αὖτοὶ
1511 2072 1598 2128 καὶ
1657 2068 1852 2146 δεόμε-

166 2183 274 2231 νοι,
324 2161 553 2227 ἐξεῖναί
590 2183 649 2218 τε
694 2165 882 2226 αὐτοῖς
929 2167 993 2236 τῇ
1037 2160 1145 2217 τῶν
1206 2160 1534 2236 Χριστιανῶν
1591 2158 1854 2233 ἰκκλησίᾳ

165 2250 565 2328 παραϐαλεῖν,
624 2252 714 2308 καὶ
772 2255 875 2308 τῶν
949 2250 1235 2331 ἀλράιιτων
1285 2264 1589 2330 μετασχεῖν
1635 2272 1849 2325 μυστη-

169 2342 328 2417 ρίων.
368 2341 626 2417 Κυριακὴ
663 2341 763 2415 μὲν
816 2344 907 2397 οὖν
949 2347 1240 2408 τηνικαῦτα
1284 2339 1458 2417 ἡμέρα
1515 2339 1702 2417 ἤγετο,
1762 2339 1851 2395 καὶ

173 2431 385 2493 πάντες
444 2429 571 2488 ὅσοι
628 2433 766 2487 κατὰ
820 2429 918 2498 ττὶν
977 2435 1142 2497 νῆσον
1188 2431 1492 2509 Χριστιανοὶ
1545 2428 1739 2508 (ὸλίγοι
1793 2425 1849 2483 δὲ

177 2519 355 2601 οὗτοι)
424 2523 568 2597 πρὸς
630 2523 721 2577 τὸν
782 2522 906 2576 ναὸν
965 2519 1308 2600 συνέτρεχον.
1372 2519 1584 2576 Τούτων
1655 2517 1711 2574 δέ
1767 2539 1849 2581 τις

176 2609 425 2685 ἀκριϐῶς
486 2609 631 2671 ὅπως
661 2610 791 2689 εἶχε
826 2610 893 2667 τὰ
923 2611 1060 2666 κατὰ
1099 2609 1223 2674 τοὺς
1267 2609 1447 2687 ἁγίους
1479 2609 1682 2682 μαθὼν,
1732 2630 1846 2683 μη-

183 2699 302 2754 νύει
369 2701 554 2756 πάντα
610 2706 687 2772 τῷ
745 2705 844 2767 τῆς
906 2691 1086 2758 Ῥόδου
1139 2696 1397 2778 προεδρῳ,
1453 2699 1721 2762 Φωτεινὸς
1772 2703 1849 2765 τῷ

186 2787 486 2861 ἑπισκόπῳ
540 2788 728 2861 ὄνομα.
780 2789 1040 2851 Κάκεῖνος
1106 2788 1254 2845 οὐδὲν
1315 2788 1392 2843 ἔτι
1451 2785 1843 2866 διαμελλήσας,

196 2875 532 2953 παραλαϐὼν
618 2878 807 2933 αὐτίκα
896 2876 1045 2951 μα’λα
1122 2877 1350 2955 συχνοὺς
1410 2883 1514 2933 τῶν
1568 2875 1845 2951 παρόντων

202 2972 562 3042 Χριστιαιῶν,
597 2969 671 3031 εἰς
709 2968 799 3022 τὸν
843 2965 1087 3043 αἰγιαλὸν
1117 2966 1449 3045 ἀφικνεῖται,
1479 2970 1526 3038 ᾧ
1554 2988 1614 3043 γε
1657 2966 1694 3035 ἠ
1722 2965 1843 3029 τοὺς

194 3054 377 3131 ἁγίους
410 3054 616 3137 ἔχουσα
647 3065 770 3120 ναῦς
822 3057 1246 3132 προσωρμίζετο,
1291 3056 1378 3111 καὶ
1421 3054 1585 3119 πολὺς
1629 3059 1697 3123 ἦν
1740 3061 1845 3110 τῶν

1935 1884 2072 1948 dem
2096 1905 2306 1948 omnes
2356 1905 2389 1948 e
2439 1886 2573 1948 navi
2624 1887 3158 1950 descenderuntad
3182 1887 3573 1968 quaerendum

1935 1986 2355 2056 commeatum;
2388 1975 2479 2037 eis
2538 1985 2763 2050 autem,
2812 1977 2913 2057 qui
2966 1977 3161 2038 relicti
3196 1977 3435 2040 fuerant
3467 1994 3575 2057 pro

1936 2064 2209 2127 custodia
2230 2065 2911 2141 sanctorum,instabant
2937 2066 3056 2146 ipsi
3073 2068 3462 2129 vehementer
3483 2084 3584 2128 ro-

1936 2164 2143 2234 gantes
2169 2164 2226 2217 ot
2259 2162 2594 2234 orantes,ut
2615 2156 2825 2217 liceret
2848 2153 2936 2218 eis
2959 2156 3249 2218 accedere
3269 2155 3346 2219 ad
3371 2155 3575 2220 eccle-

1934 2243 2082 2305 siam
2119 2243 2688 2320 Christianorum,et
2715 2262 2851 2307 esse
2870 2245 3362 2308 intemeratorum
3396 2248 3575 2326 parti-

1933 2333 2098 2413 cipes
2129 2340 2663 2398 sacramentorum.
2722 2334 2916 2413 Atque
2972 2341 3114 2397 tunc
3166 2334 3409 2415 quidem
3440 2334 3572 2397 dies

1933 2422 2353 2484 celebrabatur
2404 2424 2776 2498 Dominicus,
2832 2432 2891 2485 et
2929 2425 3270 2504 quicunque
3298 2430 3469 2485 erant
3506 2423 3572 2485 in

1931 2511 2126 2573 insula
2158 2510 2503 2587 Christiani,
2531 2511 2703 2591 pauci
2726 2519 2924 2574 autem
2952 2521 3145 2586 erant,
3169 2511 3243 2574 ad
3277 2511 3566 2593 templum

1931 2599 2395 2666 concurrebant.
2427 2599 2512 2661 Ex
2547 2600 2641 2662 his
2673 2618 2811 2662 vero
2845 2619 2981 2663 cum
3011 2601 3258 2682 quidam
3291 2608 3567 2665 accurate

1929 2689 2260 2762 didicisset,
2298 2690 2596 2770 quomodo
2626 2708 2691 2752 se
2738 2690 3030 2754 haberent
3055 2710 3155 2753 res
3196 2697 3562 2773 sanctorum,

1927 2781 2166 2842 antistiti
2202 2778 2395 2841 Rhodi
2426 2780 2627 2842 omnia
2650 2780 2944 2859 signiﬁcat
2976 2799 2991 2842 :
3027 2782 3311 2862 episcopo
3346 2799 3567 2845 nomen

1929 2877 2055 2931 erat
2092 2869 2523 2933 letinulele
2549 2878 2746 2932 autem
2774 2870 2926 2931 nihil
2956 2870 3212 2951 amplius
3234 2877 3564 2948 cunctatus,

1927 2978 2063 3022 cum
2095 2960 2292 3020 statim
2324 2959 2655 3040 accepisset
2686 2960 2903 3022 multos
2931 2978 3003 3021 ex
3036 2960 3110 3022 iis
3162 2960 3265 3040 qui
3319 2959 3571 3024 aderant

1926 3049 2471 3122 Christianis,venit
2492 3050 2562 3111 ad
2585 3049 2848 3124 littus,ad
2874 3050 3034 3130 quod
3052 3050 3561 3131 appuleratnavis,

197 3143 452 3223 φυλάκων
492 3143 770 3219 δεόμενος,
830 3145 969 3202 ὥστε
1019 3145 1240 3214 λυθῆναι
1273 3147 1392 3208 τοὺς
1427 3144 1694 3221 μάρτυρας
1736 3150 1838 3201 τῶν

1934 3138 1988 3199 in
2013 3158 2126 3219 qua
2150 3147 2318 3200 erant
2341 3138 2621 3214 sancti,et
2637 3139 2919 3202 custodes
2940 3139 3328 3202 vehementer
3349 3141 3562 3216 oravit,

196 3233 435 3310 δεσμῶν,
478 3237 569 3291 καὶ
628 3236 726 3302 τὴν
780 3234 866 3292 ἐπὶ
912 3241 1011 3302 τῆς
1044 3234 1332 3303 ἐκκλησίας
1379 3236 1562 3297 αὺτοῖς
1593 3236 1843 3301 ἀνεθῆναι

200 3324 454 3401 πάροδον,

280 3414 417 3477 MB'.
463 3414 716 3473 Ἐκείνων
774 3415 947 3471 τοίνυν
1004 3415 1103 3481 τὴν
1148 3418 1372 3470 ἱκετείαν
1419 3411 1842 3480 δυσωπηθέντων

206 3502 307 3559 ὐπὸ
359 3504 581 3570 πολλοῖς
626 3517 746 3569 τοϊς
777 3503 1211 3584 εὔχαριστηρίοις
1245 3502 1430 3579 ὕμνοις
1485 3505 1532 3558 οἱ
1583 3503 1839 3581 μάρτυρες

203 3591 288 3649 ἐπὶ
331 3595 427 3662 τήν
466 3594 754 3659 ἐκκλησίαν
802 3593 1239 3672 προπέμπονται,
1285 3593 1375 3647 καὶ
1408 3589 1709 3654 ἀκολούθως
1739 3593 1840 3657 τῆς

199 3684 339 3759 ἱερᾶς
396 3685 741 3762 προτεθείσης
796 3681 979 3759 βίϐλου
1037 3683 1220 3738 ἐκεῖνα
1275 3679 1580 3759 παραδόξως
1645 3683 1679 3749 ἡ
1734 3687 1841 3737 τῶν

198 3772 535 3851 Εὖαγγελίων
589 3772 781 3842 ἐδήλου
835 3773 1011 3851 φωνὴ,
1072 3770 1104 3827 ἂ
1153 3771 1246 3827 καί
1306 3777 1382 3845 τῷ
1440 3778 1609 3850 καιρῷ
1664 3792 1839 3849 προσ-

203 3858 397 3927 ιὶκοντα
455 3864 544 3919 καὶ
584 3875 702 3926 τοῖς
735 3862 905 3938 ἁγίοις
956 3861 1257 3935 ἁρμοζοντα
1303 3860 1392 3928 ἧν,
1440 3860 1565 3918 Τίνα
1623 3858 1680 3916 δὲ
1741 3859 1842 3937 ἄρα

195 3956 356 4008 ταῦτα
390 3971 407 4031 ;
449 3953 535 4018 Μὴ
566 3949 818 4032 φοϐεῖσθε
851 3950 957 4006 ἀπὸ
996 3956 1096 4005 τῶν
1127 3949 1530 4006 ἁποκτενόντων
1561 3951 1622 4007 τὸ
1652 3956 1833 4027 σῶμα,

194 4042 290 4109 τήν
318 4040 377 4098 δὲ
410 4047 598 4122 ψυχτ,ν
628 4044 946 4097 ἆποκτετναι
981 4041 1058 4111 μὴ
1108 4037 1435 4111 δυναμένων.
1468 4040 1633 4098 Τοῦτο
1680 4040 1839 4097 οἱονεί

190 4151 305 4187 τινα
353 4133 664 4209 γλυκύτητα
694 4131 835 4188 θείαν
870 4126 1112 4193 ἐνέσταξε
1170 4142 1293 4192 ταῖς
1338 4135 1443 4185 τῶν
1501 4129 1670 4207 ἁγίων
1728 4134 1837 4207 ψυ-

193 4235 359 4298 χαῖς,
407 4224 495 4279 καὶ
539 4220 850 4299 ὀρθαλμοὺς
883 4219 1018 4293 ὁμοῦ
1054 4221 1139 4276 »ταὶ
1170 4232 1365 4299 χεῖρας
1397 4220 1542 4281 εὐθὺς
1575 4222 1649 4284 εἱς
1676 4219 1836 4298 οὖρα-

190 4310 307 4373 νοὺς
344 4308 703 4391 ἀνασχόντες,
737 4310 796 4366 ἐκ
846 4310 1189 4388 περιχαρείας
1243 4307 1617 4385 δεδακρυμένοι
1663 4332 1837 4382 προσ-

194 4399 457 4480 ηύχοντο.
505 4397 865 4474 Οἱκοδόμησις
923 4408 1012 4457 οῦν
1072 4398 1124 4455 ἐν
1183 4397 1252 4474 τῇ
1312 4399 1487 4455 πίστει
1525 4401 1586 4455 τὸ
1617 4405 1840 4477 πρᾶγμα

1926 3237 1989 3289 ιιι
2016 3236 2302 3307 martyres
2331 3228 2708 3291 solverentur
2738 3246 2771 3291 a
2796 3228 3075 3305 vinculis,
3104 3236 3165 3292 et
3192 3228 3281 3291 eis
3305 3229 3563 3310 permit-

1925 3326 2157 3379 teretur
2185 3317 2390 3378 venire
2420 3318 2480 3378 in
2506 3317 2848 3379 ecclesiam.

2005 3405 2177 3469 XLII.
2215 3407 2363 3469 Cum
2396 3406 2477 3468 illi
2524 3416 2720 3469 autem
2754 3405 3077 3469 cessissent
3100 3406 3559 3486 precibus,cum

1927 3494 2128 3556 multis
2155 3494 2638 3575 hymnis,qu?bus
2670 3497 2793 3559 Deo
2813 3504 3068 3575 aguntur
3097 3498 3325 3575 gratiae,
3359 3497 3422 3559 in
3454 3515 3559 3559 ec-

1924 3585 2162 3646 clesiam
2210 3584 2587 3646 deducuntur
2635 3596 2963 3666 martyres;
3026 3595 3083 3647 et
3115 3593 3562 3665 consequenter

1923 3692 2093 3735 sacro
2142 3672 2297 3734 libro
2349 3674 2678 3755 proposito,
2734 3673 3172 3737 admirabiliter
3229 3684 3288 3737 et
3345 3682 3563 3756 praeter

1924 3764 2267 3845 opinionem
2292 3762 2615 3826 declaravit
2646 3783 2754 3827 vox
2776 3764 3234 3844 Evangeliorum
3269 3766 3392 3841 illa,
3426 3784 3561 3847 qua;

1929 3862 1987 3916 et
2044 3862 2279 3934 tempus
2332 3853 2646 3929 decebant,
2700 3862 2758 3916 et
2818 3856 3044 3917 sanctis
3094 3856 3555 3920 conveniebant.

1925 3942 2209 4016 Quaenam
2240 3952 2435 4005 autem
2473 3961 2542 4006 ea
2573 3951 2759 4008 sunt?
2811 3944 3007 4007 Nolite
3059 3947 3274 4010 timere
3296 3965 3422 4019 eos,
3457 3947 3560 4026 qui

1925 4050 2145 4114 corpus
2176 4032 2481 4109 occidunt,
2516 4036 2774 4095 animam
2799 4043 2997 4097 autem
3029 4054 3147 4096 non
3173 4043 3423 4117 possunt
3453 4053 3560 4098 oc-

1924 4122 2123 4183 cidere
2153 4122 2204 4183 4.
2238 4121 2363 4183 Hoc
2394 4121 2576 4185 veluti
2619 4124 2936 4204 quamdam
2968 4123 3226 4185 divinam
3278 4124 3562 4186 dulcedi-

1922 4231 2060 4274 nem
2088 4220 2424 4274 sanctorum
2461 4213 2767 4275 instillavit
2825 4214 3068 4295 animis,
3105 4215 3429 4295 oculosque
3468 4215 3559 4277 si-

1925 4302 2045 4364 mul
2080 4311 2136 4363 et
2197 4320 2406 4364 manus
2461 4303 2659 4366 statim
2718 4302 2790 4365 ad
2845 4304 3040 4367 caelos
3100 4306 3403 4380 tollentes,
3439 4323 3562 4385 prae

1922 4391 2137 4473 gaudio
2187 4392 2434 4455 orabant
2486 4395 2901 4475 lacrymantes.
2960 4394 3298 4457 IEditicatio
3354 4404 3558 4457 autem

192 4502 308 4554 τοῖς
367 4496 625 4567 παροῦσιν
679 4489 921 4568 εγενετο,
967 4490 1057 4544 καὶ
1100 4488 1294 4551 πάντες
1338 4489 1412 4549 εἰς
1445 4489 1632 4553 αὖτοὺς
1664 4491 1836 4566 ὁρῶν·-

1934 4485 1984 4543 in
2015 4482 2132 4543 fide
2163 4483 2273 4544 fuit
2300 4502 2399 4544 res
2431 4500 2502 4545 ea
2531 4483 2604 4544 iis
2644 4484 2745 4565 qui
2797 4483 3070 4559 aderant,
3106 4482 3435 4566 omnesque
3457 4502 3562 4547 eos

195 4597 277 4642 τες
323 4579 396 4640 εἷς
441 4578 642 4657 φανερὰ
671 4579 757 4634 καὶ
787 4579 941 4634 αυτοὶ
971 4578 1274 4655 κατήγοντο
1325 4574 1548 4655 δάκρυα,
1600 4578 1689 4634 καὶ
1730 4583 1836 4635 τῶν

195 4668 528 4743 σκαμμάτων
558 4672 888 4735 κοινωνῆσαι
920 4669 1009 4725 καὶ
1057 4673 1164 4723 τῶν
1207 4665 1489 4746 βραϐείων,
1530 4679 1649 4730 τοῖς
1691 4667 1837 4746 μάρ-

196 4775 341 4813 τυσιν
372 4755 640 4836 ηὔχοντο.
1013 4765 1016 4768 ’

277 4837 411 4908 Ml".
489 4846 626 4904 Εἶτα
712 4848 740 4902 ὁ
820 4846 1075 4926 θεοφιλὴς
1134 4845 1339 4910 ἐκεῖνος
1411 4845 1701 4909 ἐπίσκοπος
1772 4845 1839 4904 τὰ

195 4934 288 5001 τῆς
376 4935 532 5011 ἁγίας
610 4934 882 5015 ἀναφορᾶς
993 4934 1296 4992 ἐπιτελέσαι
1398 4936 1666 5011 μυστήρια
1745 4937 1838 4991 τὸν

196 5022 481 5100 ἱερώτατον
536 5025 824 5100 Κλάμεντα
875 5024 1021 5092 ἠξίου
1056 5045 1069 5062 ο
1133 5026 1208 5083 ὧν
1252 5025 1317 5091 δὴ
1363 5025 1499 5082 κατὰ
1548 5026 1615 5083 τὸ,
1654 5026 1834 5086 εἰωθὸς

200 5112 286 5168 ὕπ’
349 5115 507 5170 αὐτοῦ
589 5115 949 5192 τελουμένων,
1031 5117 1116 5172 καὶ
1188 5115 1400 5172 πάντων
1470 5114 1525 5170 ἐν
1588 5112 1839 5192 συντριϐῇ

199 5201 408 5277 καρδίας
485 5202 722 5279 miliae?
799 5209 980 5281 γυμνῇ
1069 5210 1135 5280 τῇ
1212 5209 1370 5281 ψυχῇ
1427 5203 1831 5284 προσεχόντων,

201 5293 357 5369 ὁρῶσι
403 5291 590 5349 πολλοὶ
636 5299 740 5348 τῶν
798 5294 1097 5371 παρόντων,
1133 5293 1247 5349 ὅσοι
1296 5293 1360 5361 δὴ
1402 5296 1490 5349 καὶ
1521 5294 1586 5349 τὰ
1616 5299 1834 5349 τοιαῦτα

202 5383 318 5454 ὂρᾷν
350 5379 516 5460 ἄξιοι,
551 5379 798 5461 φοϐερὸν,
831 5384 877 5436 ὦ
910 5381 1171 5463 Δέσποτα⁶
1214 5382 1387 5457 θέαμα
1443 5385 1529 5439 καὶ
1564 5384 1778 5463 φρικτόν
1813 5399 1828 5415 ⁶

202 5467 425 5548 ἄνθρακα
482 5470 581 5545 μὲν
654 5472 826 5551 φωτὸς
888 5471 1224 5549 ὑπερμεγέθη
1271 5476 1371 5538 τῆς
1416 5471 1686 5551 ἄχραντον)
1746 5474 1830 5529 καὶ

274 5630 304 5680 4
331 5628 538 5695 Matth.
568 5645 630 5706 κ,
662 5629 762 5692 28.

1920 4572 2249 4646 intuentes,
2284 4572 2401 4653 ipsi
2451 4591 2695 4652 quoque
2743 4583 2951 4652 aperte
2983 4572 3337 4637 emittebant
3365 4574 3561 4655 lacry-

1924 4680 2072 4738 mas,
2112 4673 2558 4743 martyr-umque
2590 4664 2918 4725 certamina
2938 4671 2997 4726 et
3021 4681 3275 4726 coronas
3311 4664 3561 4744 partici-

1921 4768 2064 4833 pare
2095 4751 2437 4833 cupiebant.

1999 4840 2198 4904 XLlll.
2229 4840 2457 4903 Deinde
2488 4839 2618 4919 pius
2650 4841 2751 4903 ille
2787 4853 2845 4904 et
2882 4841 2990 4905 Dei
3011 4860 3218 4905 amans
3241 4842 3563 4924 episcopus

1919 4931 2164 5009 rogabat
2188 4931 2558 4994 Clementem
2585 4930 3122 5005 sanctissimum,ut
3143 4942 3367 4994 sanctae
3389 4931 3561 4994 obla-

1922 5022 2101 5083 tionis
2133 5028 2444 5102 perageret
2477 5028 2772 5102 mysteria.
2805 5021 2951 5094 Qum
3011 5021 3254 5103 quidem
3312 5039 3453 5083 cum
3487 5019 3563 5081 de

1923 5130 2092 5175 more
2117 5111 2190 5172 ab
2220 5130 2288 5172 eo
2325 5119 2845 5191 peragerentur,et
2874 5126 3085 5174 omnes
3116 5111 3178 5172 in
3201 5109 3563 5172 contritione

1922 5201 2138 5275 cordis,
2171 5202 2344 5262 veluti
2374 5200 2529 5260 nuda
2581 5215 2639 5259 ct
2670 5207 2873 5279 aperta
2903 5199 3130 5275 anima,
3158 5201 3248 5262 eis
3277 5198 3560 5262 attende-

1918 5299 2074 5365 rent,
2107 5291 2307 5353 vident
2354 5289 2520 5351 multi
2549 5308 2618 5351 ex
2648 5290 2724 5354 iis
2754 5290 2858 5371 qui
2887 5289 3158 5364 aderant,
3194 5289 3561 5371 quicumque

1916 5381 2147 5443 scilicet
2178 5388 2350 5441 erant
2377 5377 2541 5455 digni
2571 5379 2707 5441 talia
2739 5379 3418 5460 intueri,stupendum,o
3448 5380 3565 5441 Do-

1917 5470 2098 5547 mine,
2129 5480 2190 5534 et
2224 5467 2497 5532 mirabile
2523 5469 2954 5549 spectaculum;
2989 5470 3139 5533 lucis
3163 5469 3410 5551 quidem
3435 5486 3561 5532 car-
