  <div class='ocr_page' id='page_1' title='image "/cluster/home/n/w/nwhite01/storage/ocr_20150623/114/mdp.39015028574344/432.png"; bbox 0 0 4006 6138; ppageno 0'>
   <div class='ocr_carea' id='block_1_1' title="bbox 182 276 311 349">
    <p class='ocr_par' dir='ltr' id='par_1_1' title="bbox 182 276 311 349">
     <span class='ocr_line' id='line_1_1' title="bbox 182 276 311 349; baseline 0 0"><span class='ocrx_word' id='word_1_1' title='bbox 182 276 311 349; x_wconf 68' lang='lat'><strong>853</strong></span> 
     </span>
    </p>
   </div>
   <div class='ocr_carea' id='block_1_2' title="bbox 1322 281 2576 350">
    <p class='ocr_par' dir='ltr' id='par_1_2' title="bbox 1322 281 2576 350">
     <span class='ocr_line' id='line_1_2' title="bbox 1322 281 2576 350; baseline -0.007 0"><span class='ocrx_word' id='word_1_2' title='bbox 1322 286 1511 350; x_wconf 88' lang='lat' dir='ltr'><strong>VITA</strong></span> <span class='ocrx_word' id='word_1_3' title='bbox 1564 285 1624 346; x_wconf 88' lang='lat' dir='ltr'><strong>S.</strong></span> <span class='ocrx_word' id='word_1_4' title='bbox 1670 282 2112 347; x_wconf 87' lang='lat' dir='ltr'><strong>CLEMENTIS</strong></span> <span class='ocrx_word' id='word_1_5' title='bbox 2152 281 2576 347; x_wconf 81' lang='lat' dir='ltr'><strong>ANCYRANI.</strong></span> 
     </span>
    </p>
   </div>
   <div class='ocr_carea' id='block_1_3' title="bbox 3519 278 3635 345">
    <p class='ocr_par' dir='ltr' id='par_1_3' title="bbox 3519 278 3635 345">
     <span class='ocr_line' id='line_1_3' title="bbox 3519 278 3635 345; baseline -0.009 0"><span class='ocrx_word' id='word_1_6' title='bbox 3519 278 3635 345; x_wconf 84' lang='grc'><strong>854</strong></span> 
     </span>
    </p>
   </div>
   <div class='ocr_carea' id='block_1_4' title="bbox 174 415 1925 501">
    <p class='ocr_par' dir='ltr' id='par_1_4' title="bbox 174 419 1925 501">
     <span class='ocr_line' id='line_1_4' title="bbox 174 419 1925 501; baseline -0.001 -22"><span class='ocrx_word' id='word_1_7' title='bbox 174 421 433 491; x_wconf 74' lang='grc' dir='ltr'>ἀπειλῆς</span> <span class='ocrx_word' id='word_1_8' title='bbox 517 427 702 482; x_wconf 72' lang='grc' dir='ltr'>οὖσαν</span> <span class='ocrx_word' id='word_1_9' title='bbox 746 426 985 500; x_wconf 81' lang='grc' dir='ltr'>μείζονα,</span> <span class='ocrx_word' id='word_1_10' title='bbox 1039 425 1170 501; x_wconf 80' lang='grc' dir='ltr'>πρὸς</span> <span class='ocrx_word' id='word_1_11' title='bbox 1229 421 1285 478; x_wconf 79' lang='grc' dir='ltr'>δὲ</span> <span class='ocrx_word' id='word_1_12' title='bbox 1341 422 1433 479; x_wconf 79' lang='grc' dir='ltr'><strong>τὸν</strong></span> <span class='ocrx_word' id='word_1_13' title='bbox 1491 419 1925 500; x_wconf 65' lang='grc' dir='ltr'>Ἀγαθάγγελονλ</span> 
     </span>
    </p>
   </div>
   <div class='ocr_carea' id='block_1_5' title="bbox 2007 415 3633 501">
    <p class='ocr_par' dir='ltr' id='par_1_5' title="bbox 2007 415 3633 498">
     <span class='ocr_line' id='line_1_5' title="bbox 2007 415 3633 498; baseline -0.002 -17"><span class='ocrx_word' id='word_1_14' title='bbox 2007 436 2153 497; x_wconf 71' lang='lat' dir='ltr'><strong>[nam</strong></span> <span class='ocrx_word' id='word_1_15' title='bbox 2179 424 2243 480; x_wconf 91' lang='lat' dir='ltr'><strong>ut</strong></span> <span class='ocrx_word' id='word_1_16' title='bbox 2270 417 2450 479; x_wconf 84' lang='lat' dir='ltr'><strong>minis</strong></span> <span class='ocrx_word' id='word_1_17' title='bbox 2481 435 2612 480; x_wconf 88' lang='lat' dir='ltr'><strong>eam</strong></span> <span class='ocrx_word' id='word_1_18' title='bbox 2647 416 3137 497; x_wconf 83' lang='lat' dir='ltr'><strong>signiﬁcaret.Ad</strong></span> <span class='ocrx_word' id='word_1_19' title='bbox 3160 415 3633 498; x_wconf 73' lang='lat' dir='ltr'><strong>Agatbangelum</strong></span> 
     </span>
    </p>
   </div>
   <div class='ocr_carea' id='block_1_6' title="bbox 177 504 1925 593">
    <p class='ocr_par' dir='ltr' id='par_1_6' title="bbox 177 509 1890 593">
     <span class='ocr_line' id='line_1_6' title="bbox 177 509 1890 593; baseline -0.002 -24"><span class='ocrx_word' id='word_1_20' title='bbox 177 509 434 588; x_wconf 77' lang='grc' dir='ltr'>ἀπιδὼν,</span> <span class='ocrx_word' id='word_1_21' title='bbox 478 513 571 570; x_wconf 76' lang='grc' dir='ltr'><strong>Σὺ</strong></span> <span class='ocrx_word' id='word_1_22' title='bbox 623 513 679 571; x_wconf 75' lang='grc' dir='ltr'>δὲ</span> <span class='ocrx_word' id='word_1_23' title='bbox 709 513 788 578; x_wconf 88' lang='grc' dir='ltr'><strong>τίς</strong></span> <span class='ocrx_word' id='word_1_24' title='bbox 849 526 954 590; x_wconf 70' lang='lat' dir='ltr'><strong>et;</strong></span> <span class='ocrx_word' id='word_1_25' title='bbox 1014 512 1141 593; x_wconf 77' lang='grc' dir='ltr'>ἔφη,</span> <span class='ocrx_word' id='word_1_26' title='bbox 1175 509 1295 571; x_wconf 72' lang='grc' dir='ltr'>οὐδὲ</span> <span class='ocrx_word' id='word_1_27' title='bbox 1343 511 1445 590; x_wconf 83' lang='grc' dir='ltr'><strong>γὰρ</strong></span> <span class='ocrx_word' id='word_1_28' title='bbox 1474 510 1712 589; x_wconf 81' lang='grc' dir='ltr'>’ἐγκεισαι</span> <span class='ocrx_word' id='word_1_29' title='bbox 1770 523 1890 573; x_wconf 81' lang='grc' dir='ltr'>τοϊς</span> 
     </span>
    </p>
   </div>
   <div class='ocr_carea' id='block_1_7' title="bbox 2007 504 3637 593">
    <p class='ocr_par' dir='ltr' id='par_1_7' title="bbox 2008 504 3637 589">
     <span class='ocr_line' id='line_1_7' title="bbox 2008 504 3637 589; baseline -0.002 -19"><span class='ocrx_word' id='word_1_30' title='bbox 2008 514 2171 570; x_wconf 92' lang='lat' dir='ltr'><strong>utem</strong></span> <span class='ocrx_word' id='word_1_31' title='bbox 2203 507 2547 589; x_wconf 85' lang='lat' dir='ltr'><strong>aspiciens:</strong></span> <span class='ocrx_word' id='word_1_32' title='bbox 2584 506 2676 569; x_wconf 94' lang='lat' dir='ltr'><strong>Tu</strong></span> <span class='ocrx_word' id='word_1_33' title='bbox 2708 526 2850 569; x_wconf 91' lang='lat' dir='ltr'><strong>vero</strong></span> <span class='ocrx_word' id='word_1_34' title='bbox 2884 508 3017 588; x_wconf 85' lang='lat' dir='ltr'><strong>quis</strong></span> <span class='ocrx_word' id='word_1_35' title='bbox 3049 514 3146 570; x_wconf 85' lang='lat' dir='ltr'><strong>es?</strong></span> <span class='ocrx_word' id='word_1_36' title='bbox 3176 507 3393 588; x_wconf 89' lang='lat' dir='ltr'><strong>inquit.</strong></span> <span class='ocrx_word' id='word_1_37' title='bbox 3430 504 3637 587; x_wconf 87' lang='lat' dir='ltr'><strong>Neque</strong></span> 
     </span>
    </p>
   </div>
   <div class='ocr_carea' id='block_1_8' title="bbox 180 595 1925 683">
    <p class='ocr_par' dir='ltr' id='par_1_8' title="bbox 180 599 1890 683">
     <span class='ocr_line' id='line_1_8' title="bbox 180 599 1890 683; baseline -0.001 -25"><span class='ocrx_word' id='word_1_38' title='bbox 180 600 646 670; x_wconf 66' lang='grc' dir='ltr'>Διοκλητιανοῦ</span> <span class='ocrx_word' id='word_1_39' title='bbox 692 600 996 683; x_wconf 73' lang='grc' dir='ltr'>γράμμασι.</span> <span class='ocrx_word' id='word_1_40' title='bbox 1047 600 1311 665; x_wconf 72' lang='grc' dir='ltr'>Κάκεῖνος</span> <span class='ocrx_word' id='word_1_41' title='bbox 1354 600 1457 669; x_wconf 77' lang='grc' dir='ltr'>τὴν</span> <span class='ocrx_word' id='word_1_42' title='bbox 1500 599 1682 680; x_wconf 80' lang='grc' dir='ltr'>ὅρασιν</span> <span class='ocrx_word' id='word_1_43' title='bbox 1732 621 1890 678; x_wconf 80' lang='grc' dir='ltr'>μερι-</span> 
     </span>
    </p>
   </div>
   <div class='ocr_carea' id='block_1_9' title="bbox 2007 595 3635 683">
    <p class='ocr_par' dir='ltr' id='par_1_9' title="bbox 2007 595 3635 660">
     <span class='ocr_line' id='line_1_9' title="bbox 2007 595 3635 660; baseline -0.001 -2"><span class='ocrx_word' id='word_1_44' title='bbox 2007 598 2142 658; x_wconf 61' lang='grc' dir='ltr'><strong>ιηὶῐῐι</strong></span> <span class='ocrx_word' id='word_1_45' title='bbox 2174 597 2502 659; x_wconf 90' lang='lat' dir='ltr'><strong>contineris</strong></span> <span class='ocrx_word' id='word_1_46' title='bbox 2531 596 2593 657; x_wconf 90' lang='lat' dir='ltr'><strong>in</strong></span> <span class='ocrx_word' id='word_1_47' title='bbox 2626 596 2845 659; x_wconf 78' lang='lat' dir='ltr'><strong>litteris</strong></span> <span class='ocrx_word' id='word_1_48' title='bbox 2878 596 3260 660; x_wconf 75' lang='lat' dir='ltr'><strong>Diocletiani.</strong></span> <span class='ocrx_word' id='word_1_49' title='bbox 3293 595 3401 659; x_wconf 86' lang='lat' dir='ltr'><strong>Ille</strong></span> <span class='ocrx_word' id='word_1_50' title='bbox 3433 605 3635 658; x_wconf 91' lang='lat' dir='ltr'><strong>autem</strong></span> 
     </span>
    </p>
   </div>
   <div class='ocr_carea' id='block_1_10' title="bbox 179 685 1925 772">
    <p class='ocr_par' dir='ltr' id='par_1_10' title="bbox 179 687 1893 772">
     <span class='ocr_line' id='line_1_10' title="bbox 179 687 1893 772; baseline -0.002 -23"><span class='ocrx_word' id='word_1_51' title='bbox 179 693 363 765; x_wconf 72' lang='grc' dir='ltr'>σθεὶς,</span> <span class='ocrx_word' id='word_1_52' title='bbox 400 693 510 749; x_wconf 77' lang='grc' dir='ltr'><strong>καὶ</strong></span> <span class='ocrx_word' id='word_1_53' title='bbox 571 693 714 772; x_wconf 82' lang='grc' dir='ltr'>πρὸς</span> <span class='ocrx_word' id='word_1_54' title='bbox 764 693 857 749; x_wconf 81' lang='grc' dir='ltr'>τὸν</span> <span class='ocrx_word' id='word_1_55' title='bbox 906 692 1124 770; x_wconf 78' lang='grc' dir='ltr'>οὐρανὸν</span> <span class='ocrx_word' id='word_1_56' title='bbox 1165 688 1295 768; x_wconf 74' lang='grc' dir='ltr'>ἄρας</span> <span class='ocrx_word' id='word_1_57' title='bbox 1339 692 1476 767; x_wconf 82' lang='grc' dir='ltr'>ὁμοῦ</span> <span class='ocrx_word' id='word_1_58' title='bbox 1524 690 1647 753; x_wconf 80' lang='grc' dir='ltr'>τοὺς</span> <span class='ocrx_word' id='word_1_59' title='bbox 1690 687 1893 769; x_wconf 75' lang='grc' dir='ltr'>ὅφθαλ-</span> 
     </span>
    </p>
   </div>
   <div class='ocr_carea' id='block_1_11' title="bbox 2007 685 3638 772">
    <p class='ocr_par' dir='ltr' id='par_1_11' title="bbox 2007 685 3638 765">
     <span class='ocr_line' id='line_1_11' title="bbox 2007 685 3638 765; baseline 0.001 -20"><span class='ocrx_word' id='word_1_60' title='bbox 2007 705 2116 747; x_wconf 86' lang='lat' dir='ltr'><strong>:um</strong></span> <span class='ocrx_word' id='word_1_61' title='bbox 2149 686 2337 748; x_wconf 91' lang='lat' dir='ltr'><strong>visum</strong></span> <span class='ocrx_word' id='word_1_62' title='bbox 2370 705 2542 748; x_wconf 91' lang='lat' dir='ltr'><strong>suum</strong></span> <span class='ocrx_word' id='word_1_63' title='bbox 2576 685 2903 765; x_wconf 81' lang='lat' dir='ltr'><strong>divisisset,</strong></span> <span class='ocrx_word' id='word_1_64' title='bbox 2941 694 3000 749; x_wconf 92' lang='lat' dir='ltr'><strong>et</strong></span> <span class='ocrx_word' id='word_1_65' title='bbox 3028 686 3206 749; x_wconf 90' lang='lat' dir='ltr'><strong>simul</strong></span> <span class='ocrx_word' id='word_1_66' title='bbox 3237 687 3296 748; x_wconf 91' lang='lat' dir='ltr'><strong>in</strong></span> <span class='ocrx_word' id='word_1_67' title='bbox 3330 685 3546 748; x_wconf 79' lang='lat' dir='ltr'><strong>ccelum</strong></span> <span class='ocrx_word' id='word_1_68' title='bbox 3578 692 3638 747; x_wconf 89' lang='lat' dir='ltr'><strong>et</strong></span> 
     </span>
    </p>
   </div>
   <div class='ocr_carea' id='block_1_12' title="bbox 177 773 1925 862">
    <p class='ocr_par' dir='ltr' id='par_1_12' title="bbox 177 778 1898 862">
     <span class='ocr_line' id='line_1_12' title="bbox 177 778 1898 862; baseline -0.002 -23"><span class='ocrx_word' id='word_1_69' title='bbox 177 784 324 858; x_wconf 73' lang='grc' dir='ltr'>μοῦς</span> <span class='ocrx_word' id='word_1_70' title='bbox 359 783 473 839; x_wconf 77' lang='grc' dir='ltr'>καὶ</span> <span class='ocrx_word' id='word_1_71' title='bbox 532 784 643 840; x_wconf 80' lang='grc' dir='ltr'>τὸν</span> <span class='ocrx_word' id='word_1_72' title='bbox 697 780 988 858; x_wconf 80' lang='grc' dir='ltr'>Κλήμεντα</span> <span class='ocrx_word' id='word_1_73' title='bbox 1022 779 1376 862; x_wconf 77' lang='grc' dir='ltr'>(ἑκατέρωθεν</span> <span class='ocrx_word' id='word_1_74' title='bbox 1419 781 1519 861; x_wconf 82' lang='grc' dir='ltr'>γὰρ</span> <span class='ocrx_word' id='word_1_75' title='bbox 1578 778 1715 846; x_wconf 77' lang='grc' dir='ltr'>ἕξειν</span> <span class='ocrx_word' id='word_1_76' title='bbox 1754 783 1898 852; x_wconf 78' lang='grc' dir='ltr'><strong>αὖτῷ</strong></span> 
     </span>
    </p>
   </div>
   <div class='ocr_carea' id='block_1_13' title="bbox 2007 773 3637 862">
    <p class='ocr_par' dir='ltr' id='par_1_13' title="bbox 2007 773 3637 858">
     <span class='ocr_line' id='line_1_13' title="bbox 2007 773 3637 858; baseline 0.001 -23"><span class='ocrx_word' id='word_1_77' title='bbox 2007 775 2056 836; x_wconf 74' lang='grc' dir='ltr'>ιιι</span> <span class='ocrx_word' id='word_1_78' title='bbox 2099 774 2470 839; x_wconf 75' lang='lat' dir='ltr'><strong>Clementem</strong></span> <span class='ocrx_word' id='word_1_79' title='bbox 2505 775 2850 838; x_wconf 77' lang='lat' dir='ltr'><strong>sustulisset</strong></span> <span class='ocrx_word' id='word_1_80' title='bbox 2900 775 3107 838; x_wconf 89' lang='lat' dir='ltr'><strong>oculos</strong></span> <span class='ocrx_word' id='word_1_81' title='bbox 3135 777 3444 858; x_wconf 85' lang='lat' dir='ltr'><strong>(utrinque</strong></span> <span class='ocrx_word' id='word_1_82' title='bbox 3473 773 3637 837; x_wconf 89' lang='lat' dir='ltr'><strong>enim</strong></span> 
     </span>
    </p>
   </div>
   <div class='ocr_carea' id='block_1_14' title="bbox 177 864 1925 952">
    <p class='ocr_par' dir='ltr' id='par_1_14' title="bbox 177 867 1899 952">
     <span class='ocr_line' id='line_1_14' title="bbox 177 867 1899 952; baseline -0.002 -23"><span class='ocrx_word' id='word_1_83' title='bbox 177 873 289 930; x_wconf 64' lang='grc' dir='ltr'><strong>τὴν</strong></span> <span class='ocrx_word' id='word_1_84' title='bbox 368 872 666 948; x_wconf 78' lang='grc' dir='ltr'>βοήθειαν</span> <span class='ocrx_word' id='word_1_85' title='bbox 736 869 1086 952; x_wconf 76' lang='grc' dir='ltr'><strong>προσεδόκα),</strong></span> <span class='ocrx_word' id='word_1_86' title='bbox 1154 870 1314 949; x_wconf 83' lang='grc' dir='ltr'>Κάγὼ</span> <span class='ocrx_word' id='word_1_87' title='bbox 1385 867 1700 949; x_wconf 82' lang='grc' dir='ltr'>Χριστιανός</span> <span class='ocrx_word' id='word_1_88' title='bbox 1764 871 1899 942; x_wconf 57' lang='lat' dir='ltr'><strong>sint,</strong></span> 
     </span>
    </p>
   </div>
   <div class='ocr_carea' id='block_1_15' title="bbox 2007 864 3635 952">
    <p class='ocr_par' dir='ltr' id='par_1_15' title="bbox 2007 864 3635 947">
     <span class='ocr_line' id='line_1_15' title="bbox 2007 864 3635 947; baseline 0.002 -22"><span class='ocrx_word' id='word_1_89' title='bbox 2007 864 2056 926; x_wconf 79' lang='lat' dir='ltr'><strong>id</strong></span> <span class='ocrx_word' id='word_1_90' title='bbox 2078 883 2143 927; x_wconf 92' lang='lat' dir='ltr'><strong>se</strong></span> <span class='ocrx_word' id='word_1_91' title='bbox 2187 874 2505 928; x_wconf 88' lang='lat' dir='ltr'><strong>venturum</strong></span> <span class='ocrx_word' id='word_1_92' title='bbox 2538 866 2817 947; x_wconf 83' lang='lat' dir='ltr'><strong>sperabat</strong></span> <span class='ocrx_word' id='word_1_93' title='bbox 2845 866 3182 947; x_wconf 87' lang='lat' dir='ltr'><strong>auxilium):</strong></span> <span class='ocrx_word' id='word_1_94' title='bbox 3214 865 3334 942; x_wconf 68' lang='lat' dir='ltr'><strong>Ego</strong></span> <span class='ocrx_word' id='word_1_95' title='bbox 3369 883 3635 947; x_wconf 90' lang='lat' dir='ltr'><strong>quoque,</strong></span> 
     </span>
    </p>
   </div>
   <div class='ocr_carea' id='block_1_16' title="bbox 181 954 1925 1043">
    <p class='ocr_par' dir='ltr' id='par_1_16' title="bbox 181 958 1902 1043">
     <span class='ocr_line' id='line_1_16' title="bbox 181 958 1902 1043; baseline -0.002 -24"><span class='ocrx_word' id='word_1_96' title='bbox 181 962 323 1043; x_wconf 70' lang='grc' dir='ltr'>ἔφη,</span> <span class='ocrx_word' id='word_1_97' title='bbox 395 958 502 1018; x_wconf 71' lang='grc' dir='ltr'><strong>διὰ</strong></span> <span class='ocrx_word' id='word_1_98' title='bbox 570 971 672 1021; x_wconf 80' lang='grc' dir='ltr'>τοῦ</span> <span class='ocrx_word' id='word_1_99' title='bbox 722 959 915 1020; x_wconf 82' lang='grc' dir='ltr'>δούλου</span> <span class='ocrx_word' id='word_1_100' title='bbox 970 967 1064 1017; x_wconf 83' lang='grc' dir='ltr'>τοῦ</span> <span class='ocrx_word' id='word_1_101' title='bbox 1129 967 1357 1039; x_wconf 72' lang='grc' dir='ltr'>Χριστοῦ</span> <span class='ocrx_word' id='word_1_102' title='bbox 1416 959 1755 1038; x_wconf 73' lang='grc' dir='ltr'><strong>Κλήμεντος,</strong></span> <span class='ocrx_word' id='word_1_103' title='bbox 1802 959 1902 1027; x_wconf 75' lang='grc' dir='ltr'><strong>τῆς</strong></span> 
     </span>
    </p>
   </div>
   <div class='ocr_carea' id='block_1_17' title="bbox 2007 954 3641 1043">
    <p class='ocr_par' dir='ltr' id='par_1_17' title="bbox 2011 955 3641 1037">
     <span class='ocr_line' id='line_1_17' title="bbox 2011 955 3641 1037; baseline 0.001 -20"><span class='ocrx_word' id='word_1_104' title='bbox 2011 956 2207 1033; x_wconf 91' lang='lat' dir='ltr'><strong>nquit,</strong></span> <span class='ocrx_word' id='word_1_105' title='bbox 2235 974 2362 1017; x_wconf 85' lang='lat' dir='ltr'><strong>sum</strong></span> <span class='ocrx_word' id='word_1_106' title='bbox 2395 955 2800 1032; x_wconf 88' lang='lat' dir='ltr'><strong>Christianus,</strong></span> <span class='ocrx_word' id='word_1_107' title='bbox 2832 974 2942 1037; x_wconf 72' lang='lat' dir='ltr'><strong>per</strong></span> <span class='ocrx_word' id='word_1_108' title='bbox 2971 975 3208 1019; x_wconf 91' lang='lat' dir='ltr'><strong>servum</strong></span> <span class='ocrx_word' id='word_1_109' title='bbox 3250 956 3468 1020; x_wconf 80' lang='lat' dir='ltr'><strong>Christi</strong></span> <span class='ocrx_word' id='word_1_110' title='bbox 3500 955 3641 1019; x_wconf 90' lang='lat' dir='ltr'><strong>Cle-</strong></span> 
     </span>
    </p>
   </div>
   <div class='ocr_carea' id='block_1_18' title="bbox 182 1048 1900 1128">
    <p class='ocr_par' dir='ltr' id='par_1_18' title="bbox 182 1048 1900 1128">
     <span class='ocr_line' id='line_1_18' title="bbox 182 1048 1900 1128; baseline -0.001 -21"><span class='ocrx_word' id='word_1_111' title='bbox 182 1052 494 1128; x_wconf 76' lang='grc' dir='ltr'>μακαρίας</span> <span class='ocrx_word' id='word_1_112' title='bbox 580 1052 784 1119; x_wconf 88' lang='grc' dir='ltr'>ταύτης</span> <span class='ocrx_word' id='word_1_113' title='bbox 830 1049 1070 1115; x_wconf 69' lang='grc' dir='ltr'>ἀξιωθεὶς</span> <span class='ocrx_word' id='word_1_114' title='bbox 1138 1049 1415 1121; x_wconf 78' lang='grc' dir='ltr'>κλήσεως.</span> <span class='ocrx_word' id='word_1_115' title='bbox 1482 1049 1611 1107; x_wconf 83' lang='grc' dir='ltr'>Τότε</span> <span class='ocrx_word' id='word_1_116' title='bbox 1666 1048 1900 1128; x_wconf 85' lang='grc' dir='ltr'>Ἀγριπ-</span> 
     </span>
    </p>
   </div>
   <div class='ocr_carea' id='block_1_19' title="bbox 186 1138 1889 1219">
    <p class='ocr_par' dir='ltr' id='par_1_19' title="bbox 186 1138 1889 1219">
     <span class='ocr_line' id='line_1_19' title="bbox 186 1138 1889 1219; baseline -0.002 -20"><span class='ocrx_word' id='word_1_117' title='bbox 186 1142 353 1206; x_wconf 78' lang='grc' dir='ltr'>πίνος</span> <span class='ocrx_word' id='word_1_118' title='bbox 411 1140 655 1198; x_wconf 79' lang='grc' dir='ltr'><strong>κελεύει</strong></span> <span class='ocrx_word' id='word_1_119' title='bbox 717 1139 1005 1215; x_wconf 72' lang='grc' dir='ltr'>Κλήμεντα</span> <span class='ocrx_word' id='word_1_120' title='bbox 1062 1138 1161 1214; x_wconf 79' lang='grc' dir='ltr'>μὲν</span> <span class='ocrx_word' id='word_1_121' title='bbox 1219 1139 1641 1219; x_wconf 78' lang='grc' dir='ltr'><strong>μετεωρισθέντα</strong></span> <span class='ocrx_word' id='word_1_122' title='bbox 1696 1140 1889 1197; x_wconf 86' lang='grc' dir='ltr'>σπαθί-</span> 
     </span>
    </p>
   </div>
   <div class='ocr_carea' id='block_1_20' title="bbox 1987 1044 3641 1128">
    <p class='ocr_par' dir='ltr' id='par_1_20' title="bbox 1987 1044 3641 1128">
     <span class='ocr_line' id='line_1_20' title="bbox 1987 1044 3641 1128; baseline -0.001 -20"><span class='ocrx_word' id='word_1_123' title='bbox 1987 1053 2252 1108; x_wconf 89' lang='lat' dir='ltr'><strong>mentem</strong></span> <span class='ocrx_word' id='word_1_124' title='bbox 2288 1045 2443 1106; x_wconf 89' lang='lat' dir='ltr'><strong>hanc</strong></span> <span class='ocrx_word' id='word_1_125' title='bbox 2474 1044 2704 1107; x_wconf 88' lang='lat' dir='ltr'><strong>beatam</strong></span> <span class='ocrx_word' id='word_1_126' title='bbox 2737 1054 2947 1108; x_wconf 79' lang='lat' dir='ltr'><strong>nactus</strong></span> <span class='ocrx_word' id='word_1_127' title='bbox 2974 1044 3641 1128; x_wconf 89' lang='lat' dir='ltr'><strong>appellationem.Tunc</strong></span> 
     </span>
    </p>
   </div>
   <div class='ocr_carea' id='block_1_21' title="bbox 1986 1133 3636 1218">
    <p class='ocr_par' dir='ltr' id='par_1_21' title="bbox 1986 1133 3636 1218">
     <span class='ocr_line' id='line_1_21' title="bbox 1986 1133 3636 1218; baseline 0 -22"><span class='ocrx_word' id='word_1_128' title='bbox 1986 1134 2351 1215; x_wconf 83' lang='lat' dir='ltr'><strong>Agrippiuus</strong></span> <span class='ocrx_word' id='word_1_129' title='bbox 2397 1133 2574 1215; x_wconf 90' lang='lat' dir='ltr'><strong>jubet</strong></span> <span class='ocrx_word' id='word_1_130' title='bbox 2624 1135 2997 1198; x_wconf 89' lang='lat' dir='ltr'><strong>Clementem</strong></span> <span class='ocrx_word' id='word_1_131' title='bbox 3046 1135 3290 1218; x_wconf 89' lang='lat' dir='ltr'><strong>quidem</strong></span> <span class='ocrx_word' id='word_1_132' title='bbox 3341 1136 3402 1197; x_wconf 90' lang='lat' dir='ltr'><strong>in</strong></span> <span class='ocrx_word' id='word_1_133' title='bbox 3451 1134 3636 1197; x_wconf 86' lang='lat' dir='ltr'><strong>altum</strong></span> 
     </span>
    </p>
   </div>
   <div class='ocr_carea' id='block_1_22' title="bbox 187 1224 1925 1311">
    <p class='ocr_par' dir='ltr' id='par_1_22' title="bbox 187 1227 1894 1311">
     <span class='ocr_line' id='line_1_22' title="bbox 187 1227 1894 1311; baseline -0.002 -24"><span class='ocrx_word' id='word_1_134' title='bbox 187 1236 419 1306; x_wconf 75' lang='grc' dir='ltr'>ζεσθαι,</span> <span class='ocrx_word' id='word_1_135' title='bbox 502 1229 921 1311; x_wconf 76' lang='grc' dir='ltr'>Ἀγαθάγγελον</span> <span class='ocrx_word' id='word_1_136' title='bbox 1004 1227 1060 1285; x_wconf 79' lang='grc' dir='ltr'>δὲ</span> <span class='ocrx_word' id='word_1_137' title='bbox 1136 1229 1438 1307; x_wconf 82' lang='grc' dir='ltr'>βουνεύροις</span> <span class='ocrx_word' id='word_1_138' title='bbox 1512 1230 1615 1285; x_wconf 74' lang='grc' dir='ltr'><strong>ὑπὸ</strong></span> <span class='ocrx_word' id='word_1_139' title='bbox 1687 1228 1894 1304; x_wconf 81' lang='grc' dir='ltr'>δημίων</span> 
     </span>
    </p>
   </div>
   <div class='ocr_carea' id='block_1_23' title="bbox 2007 1224 3637 1311">
    <p class='ocr_par' dir='ltr' id='par_1_23' title="bbox 2009 1224 3637 1306">
     <span class='ocr_line' id='line_1_23' title="bbox 2009 1224 3637 1306; baseline 0.001 -21"><span class='ocrx_word' id='word_1_140' title='bbox 2009 1224 2282 1285; x_wconf 87' lang='lat' dir='ltr'><strong>ublatum</strong></span> <span class='ocrx_word' id='word_1_141' title='bbox 2317 1224 2565 1286; x_wconf 80' lang='lat' dir='ltr'><strong>caediac</strong></span> <span class='ocrx_word' id='word_1_142' title='bbox 2592 1225 2855 1286; x_wconf 89' lang='lat' dir='ltr'><strong>mutilari</strong></span> <span class='ocrx_word' id='word_1_143' title='bbox 2883 1246 2898 1302; x_wconf 89' lang='lat'><strong>;</strong></span> <span class='ocrx_word' id='word_1_144' title='bbox 2930 1225 3400 1306; x_wconf 76' lang='lat' dir='ltr'><strong>Agathangelum</strong></span> <span class='ocrx_word' id='word_1_145' title='bbox 3432 1232 3637 1287; x_wconf 88' lang='lat' dir='ltr'><strong>autem</strong></span> 
     </span>
    </p>
   </div>
   <div class='ocr_carea' id='block_1_24' title="bbox 191 1313 1925 1399">
    <p class='ocr_par' dir='ltr' id='par_1_24' title="bbox 191 1316 1891 1399">
     <span class='ocr_line' id='line_1_24' title="bbox 191 1316 1891 1399; baseline -0.002 -20"><span class='ocrx_word' id='word_1_146' title='bbox 191 1322 486 1399; x_wconf 59' lang='grc' dir='ltr'>ὠμότατοι</span> <span class='ocrx_word' id='word_1_147' title='bbox 559 1322 872 1381; x_wconf 85' lang='grc' dir='ltr'>τύπτεσθαι,</span> <span class='ocrx_word' id='word_1_148' title='bbox 913 1320 1063 1376; x_wconf 81' lang='grc' dir='ltr'>Ἐπεὶ</span> <span class='ocrx_word' id='word_1_149' title='bbox 1105 1316 1161 1374; x_wconf 76' lang='grc' dir='ltr'>δὲ</span> <span class='ocrx_word' id='word_1_150' title='bbox 1207 1319 1297 1375; x_wconf 82' lang='grc' dir='ltr'><strong>καὶ</strong></span> <span class='ocrx_word' id='word_1_151' title='bbox 1328 1319 1423 1386; x_wconf 78' lang='grc' dir='ltr'>τὴν</span> <span class='ocrx_word' id='word_1_152' title='bbox 1482 1319 1734 1386; x_wconf 74' lang='grc' dir='ltr'><strong>τοιαύτην</strong></span> <span class='ocrx_word' id='word_1_153' title='bbox 1789 1320 1891 1396; x_wconf 88' lang='grc' dir='ltr'>βα-</span> 
     </span>
    </p>
   </div>
   <div class='ocr_carea' id='block_1_25' title="bbox 2007 1313 3635 1399">
    <p class='ocr_par' dir='ltr' id='par_1_25' title="bbox 2007 1313 3635 1378">
     <span class='ocr_line' id='line_1_25' title="bbox 2007 1313 3635 1378; baseline 0 -2"><span class='ocrx_word' id='word_1_154' title='bbox 2007 1332 2156 1376; x_wconf 73' lang='grc' dir='ltr'>ιοιιιη</span> <span class='ocrx_word' id='word_1_155' title='bbox 2211 1313 2407 1375; x_wconf 86' lang='lat' dir='ltr'><strong>nervis</strong></span> <span class='ocrx_word' id='word_1_156' title='bbox 2438 1333 2472 1375; x_wconf 89' lang='lat' dir='ltr'><strong>a</strong></span> <span class='ocrx_word' id='word_1_157' title='bbox 2512 1313 2822 1377; x_wconf 87' lang='lat' dir='ltr'><strong>lictoribus</strong></span> <span class='ocrx_word' id='word_1_158' title='bbox 2853 1315 3269 1378; x_wconf 89' lang='lat' dir='ltr'><strong>crudelissime</strong></span> <span class='ocrx_word' id='word_1_159' title='bbox 3299 1314 3635 1378; x_wconf 83' lang='lat' dir='ltr'><strong>verberari.</strong></span> 
     </span>
    </p>
   </div>
   <div class='ocr_carea' id='block_1_26' title="bbox 191 1406 1893 1487">
    <p class='ocr_par' dir='ltr' id='par_1_26' title="bbox 191 1406 1893 1487">
     <span class='ocr_line' id='line_1_26' title="bbox 191 1406 1893 1487; baseline -0.003 -18"><span class='ocrx_word' id='word_1_160' title='bbox 191 1429 371 1469; x_wconf 82' lang='grc' dir='ltr'>σανον</span> <span class='ocrx_word' id='word_1_161' title='bbox 433 1413 467 1467; x_wconf 77' lang='grc' dir='ltr'>ὃ</span> <span class='ocrx_word' id='word_1_162' title='bbox 522 1410 704 1487; x_wconf 80' lang='grc' dir='ltr'>μέγας</span> <span class='ocrx_word' id='word_1_163' title='bbox 754 1408 983 1485; x_wconf 78' lang='grc' dir='ltr'>Κλήμης</span> <span class='ocrx_word' id='word_1_164' title='bbox 1043 1406 1182 1466; x_wconf 70' lang='grc' dir='ltr'>οὕτω</span> <span class='ocrx_word' id='word_1_165' title='bbox 1223 1430 1273 1464; x_wconf 82' lang='grc' dir='ltr'><strong>τι</strong></span> <span class='ocrx_word' id='word_1_166' title='bbox 1332 1408 1600 1487; x_wconf 72' lang='grc' dir='ltr'>γενναίως</span> <span class='ocrx_word' id='word_1_167' title='bbox 1642 1409 1893 1484; x_wconf 76' lang='grc' dir='ltr'>ὑπεμενε,</span> 
     </span>
    </p>
   </div>
   <div class='ocr_carea' id='block_1_27' title="bbox 192 1497 1907 1578">
    <p class='ocr_par' dir='ltr' id='par_1_27' title="bbox 192 1497 1907 1578">
     <span class='ocr_line' id='line_1_27' title="bbox 192 1497 1907 1578; baseline -0.003 -20"><span class='ocrx_word' id='word_1_168' title='bbox 192 1501 490 1559; x_wconf 76' lang='grc' dir='ltr'>τοσούτου</span> <span class='ocrx_word' id='word_1_169' title='bbox 562 1499 685 1558; x_wconf 82' lang='grc' dir='ltr'>δέον</span> <span class='ocrx_word' id='word_1_170' title='bbox 728 1499 784 1556; x_wconf 75' lang='grc' dir='ltr'>ἐν</span> <span class='ocrx_word' id='word_1_171' title='bbox 834 1497 985 1578; x_wconf 83' lang='grc' dir='ltr'>λόγῳ</span> <span class='ocrx_word' id='word_1_172' title='bbox 1024 1499 1125 1554; x_wconf 76' lang='grc' dir='ltr'>τινὶ</span> <span class='ocrx_word' id='word_1_173' title='bbox 1173 1498 1263 1555; x_wconf 80' lang='grc' dir='ltr'>καὶ</span> <span class='ocrx_word' id='word_1_174' title='bbox 1318 1499 1510 1576; x_wconf 77' lang='grc' dir='ltr'>μετρίῃ</span> <span class='ocrx_word' id='word_1_175' title='bbox 1540 1498 1635 1562; x_wconf 78' lang='grc' dir='ltr'><strong>τὰς</strong></span> <span class='ocrx_word' id='word_1_176' title='bbox 1691 1497 1907 1577; x_wconf 80' lang='grc' dir='ltr'>πληγὰς</span> 
     </span>
    </p>
   </div>
   <div class='ocr_carea' id='block_1_28' title="bbox 194 1587 1908 1669">
    <p class='ocr_par' dir='ltr' id='par_1_28' title="bbox 194 1587 1908 1669">
     <span class='ocr_line' id='line_1_28' title="bbox 194 1587 1908 1669; baseline -0.002 -22"><span class='ocrx_word' id='word_1_177' title='bbox 194 1592 494 1669; x_wconf 79' lang='grc' dir='ltr'>τίθεσθαι,</span> <span class='ocrx_word' id='word_1_178' title='bbox 533 1591 612 1651; x_wconf 85' lang='grc' dir='ltr'>ὡς</span> <span class='ocrx_word' id='word_1_179' title='bbox 671 1588 802 1660; x_wconf 74' lang='grc' dir='ltr'>ὑπὲρ</span> <span class='ocrx_word' id='word_1_180' title='bbox 846 1589 1036 1645; x_wconf 75' lang='grc' dir='ltr'>ἑαυτοῦ</span> <span class='ocrx_word' id='word_1_181' title='bbox 1087 1609 1145 1643; x_wconf 85' lang='grc' dir='ltr'><strong>τε</strong></span> <span class='ocrx_word' id='word_1_182' title='bbox 1198 1589 1281 1643; x_wconf 60' lang='grc' dir='ltr'><strong>καἶ</strong></span> <span class='ocrx_word' id='word_1_183' title='bbox 1319 1587 1715 1667; x_wconf 79' lang='grc' dir='ltr'>Ἀγαθαγγέλου</span> <span class='ocrx_word' id='word_1_184' title='bbox 1767 1587 1908 1645; x_wconf 82' lang='grc' dir='ltr'>ἀπε·</span> 
     </span>
    </p>
   </div>
   <div class='ocr_carea' id='block_1_29' title="bbox 199 1678 1910 1759">
    <p class='ocr_par' dir='ltr' id='par_1_29' title="bbox 199 1678 1910 1759">
     <span class='ocr_line' id='line_1_29' title="bbox 199 1678 1910 1759; baseline -0.002 -23"><span class='ocrx_word' id='word_1_185' title='bbox 199 1679 558 1757; x_wconf 78' lang='grc' dir='ltr'>ρισπάστως</span> <span class='ocrx_word' id='word_1_186' title='bbox 622 1679 902 1759; x_wconf 70' lang='grc' dir='ltr'>εὔχεσθαι,</span> <span class='ocrx_word' id='word_1_187' title='bbox 931 1679 959 1734; x_wconf 77' lang='grc' dir='ltr'><strong>ὁ</strong></span> <span class='ocrx_word' id='word_1_188' title='bbox 990 1680 1233 1758; x_wconf 68' lang='grc' dir='ltr'>ἔπαρχος</span> <span class='ocrx_word' id='word_1_189' title='bbox 1278 1678 1442 1756; x_wconf 76' lang='grc' dir='ltr'>μικρὰ</span> <span class='ocrx_word' id='word_1_190' title='bbox 1484 1684 1649 1735; x_wconf 83' lang='grc' dir='ltr'>ταῦτα</span> <span class='ocrx_word' id='word_1_191' title='bbox 1688 1678 1910 1752; x_wconf 77' lang='grc' dir='ltr'>νομίσας</span> 
     </span>
    </p>
   </div>
   <div class='ocr_carea' id='block_1_30' title="bbox 1989 1403 3639 1485">
    <p class='ocr_par' dir='ltr' id='par_1_30' title="bbox 1989 1403 3639 1485">
     <span class='ocr_line' id='line_1_30' title="bbox 1989 1403 3639 1485; baseline 0 -21"><span class='ocrx_word' id='word_1_192' title='bbox 1989 1403 2274 1476; x_wconf 88' lang='lat' dir='ltr'><strong>Quoniam</strong></span> <span class='ocrx_word' id='word_1_193' title='bbox 2311 1422 2449 1465; x_wconf 83' lang='lat' dir='ltr'><strong>vero</strong></span> <span class='ocrx_word' id='word_1_194' title='bbox 2477 1421 2727 1483; x_wconf 80' lang='lat' dir='ltr'><strong>magnus</strong></span> <span class='ocrx_word' id='word_1_195' title='bbox 2756 1404 3035 1467; x_wconf 82' lang='lat' dir='ltr'><strong>Clemens</strong></span> <span class='ocrx_word' id='word_1_196' title='bbox 3056 1404 3355 1485; x_wconf 87' lang='lat' dir='ltr'><strong>ejusmodi</strong></span> <span class='ocrx_word' id='word_1_197' title='bbox 3378 1414 3639 1466; x_wconf 72' lang='lat' dir='ltr'><strong>tormen-</strong></span> 
     </span>
    </p>
   </div>
   <div class='ocr_carea' id='block_1_31' title="bbox 1991 1493 3638 1573">
    <p class='ocr_par' dir='ltr' id='par_1_31' title="bbox 1991 1493 3638 1573">
     <span class='ocr_line' id='line_1_31' title="bbox 1991 1493 3638 1573; baseline 0.001 -20"><span class='ocrx_word' id='word_1_198' title='bbox 1991 1500 2114 1555; x_wconf 87' lang='lat' dir='ltr'><strong>tum</strong></span> <span class='ocrx_word' id='word_1_199' title='bbox 2150 1501 2266 1554; x_wconf 90' lang='lat' dir='ltr'><strong>tam</strong></span> <span class='ocrx_word' id='word_1_200' title='bbox 2302 1511 2513 1571; x_wconf 80' lang='lat' dir='ltr'><strong>magno</strong></span> <span class='ocrx_word' id='word_1_201' title='bbox 2547 1502 2605 1554; x_wconf 92' lang='lat' dir='ltr'><strong>et</strong></span> <span class='ocrx_word' id='word_1_202' title='bbox 2635 1493 2874 1556; x_wconf 84' lang='lat' dir='ltr'><strong>excelso</strong></span> <span class='ocrx_word' id='word_1_203' title='bbox 2905 1493 3107 1556; x_wconf 88' lang='lat' dir='ltr'><strong>animo</strong></span> <span class='ocrx_word' id='word_1_204' title='bbox 3133 1493 3387 1573; x_wconf 80' lang='lat' dir='ltr'><strong>ferebat,</strong></span> <span class='ocrx_word' id='word_1_205' title='bbox 3418 1500 3479 1556; x_wconf 86' lang='lat' dir='ltr'><strong>et</strong></span> <span class='ocrx_word' id='word_1_206' title='bbox 3510 1502 3638 1554; x_wconf 89' lang='lat' dir='ltr'><strong>tan-</strong></span> 
     </span>
    </p>
   </div>
   <div class='ocr_carea' id='block_1_32' title="bbox 1993 1580 3640 1664">
    <p class='ocr_par' dir='ltr' id='par_1_32' title="bbox 1993 1580 3640 1664">
     <span class='ocr_line' id='line_1_32' title="bbox 1993 1580 3640 1664; baseline 0.001 -23"><span class='ocrx_word' id='word_1_207' title='bbox 1993 1590 2117 1643; x_wconf 91' lang='lat' dir='ltr'><strong>tum</strong></span> <span class='ocrx_word' id='word_1_208' title='bbox 2149 1580 2378 1657; x_wconf 84' lang='lat' dir='ltr'><strong>aberat,</strong></span> <span class='ocrx_word' id='word_1_209' title='bbox 2413 1593 2478 1646; x_wconf 87' lang='lat' dir='ltr'><strong>ut</strong></span> <span class='ocrx_word' id='word_1_210' title='bbox 2510 1583 2814 1664; x_wconf 77' lang='lat' dir='ltr'><strong>plagarum</strong></span> <span class='ocrx_word' id='word_1_211' title='bbox 2844 1583 2937 1646; x_wconf 87' lang='lat' dir='ltr'><strong>vel</strong></span> <span class='ocrx_word' id='word_1_212' title='bbox 2981 1583 3279 1646; x_wconf 88' lang='lat' dir='ltr'><strong>modicam</strong></span> <span class='ocrx_word' id='word_1_213' title='bbox 3308 1582 3493 1645; x_wconf 91' lang='lat' dir='ltr'><strong>ullam</strong></span> <span class='ocrx_word' id='word_1_214' title='bbox 3523 1581 3640 1644; x_wconf 89' lang='lat' dir='ltr'><strong>du-</strong></span> 
     </span>
    </p>
   </div>
   <div class='ocr_carea' id='block_1_33' title="bbox 1993 1671 3640 1755">
    <p class='ocr_par' dir='ltr' id='par_1_33' title="bbox 1993 1671 3640 1755">
     <span class='ocr_line' id='line_1_33' title="bbox 1993 1671 3640 1755; baseline 0 -20"><span class='ocrx_word' id='word_1_215' title='bbox 1993 1680 2158 1735; x_wconf 90' lang='lat' dir='ltr'><strong>ceret</strong></span> <span class='ocrx_word' id='word_1_216' title='bbox 2204 1671 2527 1747; x_wconf 85' lang='lat' dir='ltr'><strong>rationem,</strong></span> <span class='ocrx_word' id='word_1_217' title='bbox 2578 1680 2642 1734; x_wconf 92' lang='lat' dir='ltr'><strong>ut</strong></span> <span class='ocrx_word' id='word_1_218' title='bbox 2693 1691 2800 1754; x_wconf 91' lang='lat' dir='ltr'><strong>pro</strong></span> <span class='ocrx_word' id='word_1_219' title='bbox 2852 1692 2919 1735; x_wconf 91' lang='lat' dir='ltr'><strong>se</strong></span> <span class='ocrx_word' id='word_1_220' title='bbox 2969 1683 3023 1736; x_wconf 90' lang='lat' dir='ltr'><strong>et</strong></span> <span class='ocrx_word' id='word_1_221' title='bbox 3073 1692 3179 1755; x_wconf 91' lang='lat' dir='ltr'><strong>pro</strong></span> <span class='ocrx_word' id='word_1_222' title='bbox 3235 1671 3640 1753; x_wconf 83' lang='lat' dir='ltr'><strong>Agathangelo</strong></span> 
     </span>
    </p>
   </div>
   <div class='ocr_carea' id='block_1_34' title="bbox 201 1761 1925 1848">
    <p class='ocr_par' dir='ltr' id='par_1_34' title="bbox 201 1766 1910 1848">
     <span class='ocr_line' id='line_1_34' title="bbox 201 1766 1910 1848; baseline -0.001 -23"><span class='ocrx_word' id='word_1_223' title='bbox 201 1771 307 1827; x_wconf 80' lang='grc' dir='ltr'><strong>καὶ</strong></span> <span class='ocrx_word' id='word_1_224' title='bbox 367 1770 462 1845; x_wconf 80' lang='grc' dir='ltr'>μὴ</span> <span class='ocrx_word' id='word_1_225' title='bbox 501 1766 777 1844; x_wconf 79' lang='grc' dir='ltr'>δυνάμενα</span> <span class='ocrx_word' id='word_1_226' title='bbox 820 1767 1127 1825; x_wconf 80' lang='grc' dir='ltr'><strong>καθικέσθαι</strong></span> <span class='ocrx_word' id='word_1_227' title='bbox 1180 1766 1365 1848; x_wconf 75' lang='grc' dir='ltr'>ψυχῆς</span> <span class='ocrx_word' id='word_1_228' title='bbox 1423 1766 1563 1825; x_wconf 63' lang='grc' dir='ltr'>οὕτω</span> <span class='ocrx_word' id='word_1_229' title='bbox 1620 1768 1815 1846; x_wconf 79' lang='grc' dir='ltr'>πάγιον</span> <span class='ocrx_word' id='word_1_230' title='bbox 1854 1767 1910 1824; x_wconf 74' lang='grc' dir='ltr'>ἐν</span> 
     </span>
    </p>
   </div>
   <div class='ocr_carea' id='block_1_35' title="bbox 2007 1761 3639 1848">
    <p class='ocr_par' dir='ltr' id='par_1_35' title="bbox 2007 1761 3639 1844">
     <span class='ocr_line' id='line_1_35' title="bbox 2007 1761 3639 1844; baseline 0 -20"><span class='ocrx_word' id='word_1_231' title='bbox 2007 1761 2232 1824; x_wconf 75' lang='grc' dir='ltr'>ιεείάιιο</span> <span class='ocrx_word' id='word_1_232' title='bbox 2283 1770 2480 1825; x_wconf 90' lang='lat' dir='ltr'><strong>oraret</strong></span> <span class='ocrx_word' id='word_1_233' title='bbox 2516 1781 2528 1827; x_wconf 90' lang='lat'><strong>:</strong></span> <span class='ocrx_word' id='word_1_234' title='bbox 2564 1763 2878 1844; x_wconf 70' lang='lat' dir='ltr'><strong>praefectus</strong></span> <span class='ocrx_word' id='word_1_235' title='bbox 2908 1763 3034 1825; x_wconf 82' lang='lat' dir='ltr'><strong>haec</strong></span> <span class='ocrx_word' id='word_1_236' title='bbox 3087 1781 3268 1844; x_wconf 78' lang='lat' dir='ltr'><strong>parva</strong></span> <span class='ocrx_word' id='word_1_237' title='bbox 3300 1781 3431 1825; x_wconf 87' lang='lat' dir='ltr'><strong>esse</strong></span> <span class='ocrx_word' id='word_1_238' title='bbox 3473 1761 3639 1824; x_wconf 87' lang='lat' dir='ltr'><strong>arbi-</strong></span> 
     </span>
    </p>
   </div>
   <div class='ocr_carea' id='block_1_36' title="bbox 205 1856 1910 1936">
    <p class='ocr_par' dir='ltr' id='par_1_36' title="bbox 205 1856 1910 1936">
     <span class='ocr_line' id='line_1_36' title="bbox 205 1856 1910 1936; baseline -0.002 -19"><span class='ocrx_word' id='word_1_239' title='bbox 205 1861 358 1936; x_wconf 74' lang='grc' dir='ltr'><strong>αὒτῇ</strong></span> <span class='ocrx_word' id='word_1_240' title='bbox 427 1858 680 1933; x_wconf 79' lang='grc' dir='ltr'>θεμένης</span> <span class='ocrx_word' id='word_1_241' title='bbox 742 1859 803 1913; x_wconf 82' lang='grc' dir='ltr'>τὸ</span> <span class='ocrx_word' id='word_1_242' title='bbox 864 1856 1289 1931; x_wconf 77' lang='grc' dir='ltr'>ἀπετάπιιστον,</span> <span class='ocrx_word' id='word_1_243' title='bbox 1323 1857 1520 1924; x_wconf 78' lang='grc' dir='ltr'>ἀνῆκεν</span> <span class='ocrx_word' id='word_1_244' title='bbox 1577 1858 1768 1923; x_wconf 73' lang='grc' dir='ltr'>αὐτοὺς</span> <span class='ocrx_word' id='word_1_245' title='bbox 1811 1862 1910 1924; x_wconf 79' lang='grc' dir='ltr'>τῆς</span> 
     </span>
    </p>
   </div>
   <div class='ocr_carea' id='block_1_37' title="bbox 206 1945 1911 2028">
    <p class='ocr_par' dir='ltr' id='par_1_37' title="bbox 206 1945 1911 2028">
     <span class='ocr_line' id='line_1_37' title="bbox 206 1945 1911 2028; baseline 0.002 -24"><span class='ocrx_word' id='word_1_246' title='bbox 206 1947 531 2011; x_wconf 79' lang='grc' dir='ltr'>κολάσεως</span> <span class='ocrx_word' id='word_1_247' title='bbox 579 1962 669 2005; x_wconf 75' lang='grc' dir='ltr'>καὶ</span> <span class='ocrx_word' id='word_1_248' title='bbox 700 1946 1028 2028; x_wconf 69' lang='grc' dir='ltr'>ἀμφοτέρους</span> <span class='ocrx_word' id='word_1_249' title='bbox 1070 1953 1139 2024; x_wconf 75' lang='grc' dir='ltr'><strong>τῇ</strong></span> <span class='ocrx_word' id='word_1_250' title='bbox 1187 1946 1401 2027; x_wconf 64' lang='grc' dir='ltr'>φυλακῇ</span> <span class='ocrx_word' id='word_1_251' title='bbox 1430 1945 1634 2005; x_wconf 86' lang='grc' dir='ltr'>δίδωσι·</span> <span class='ocrx_word' id='word_1_252' title='bbox 1695 1947 1911 2026; x_wconf 78' lang='grc' dir='ltr'>θέατρον</span> 
     </span>
    </p>
   </div>
   <div class='ocr_carea' id='block_1_38' title="bbox 208 2033 1908 2109">
    <p class='ocr_par' dir='ltr' id='par_1_38' title="bbox 208 2033 1908 2109">
     <span class='ocr_line' id='line_1_38' title="bbox 208 2033 1908 2109; baseline -0.002 -17"><span class='ocrx_word' id='word_1_253' title='bbox 208 2033 271 2092; x_wconf 75' lang='grc' dir='ltr'>δὲ</span> <span class='ocrx_word' id='word_1_254' title='bbox 320 2037 407 2100; x_wconf 80' lang='grc' dir='ltr'><strong>είς</strong></span> <span class='ocrx_word' id='word_1_255' title='bbox 469 2037 584 2105; x_wconf 71' lang='grc' dir='ltr'><strong>τὴν</strong></span> <span class='ocrx_word' id='word_1_256' title='bbox 627 2034 750 2101; x_wconf 70' lang='grc' dir='ltr'><strong>ἑξῆς</strong></span> <span class='ocrx_word' id='word_1_257' title='bbox 815 2038 958 2109; x_wconf 75' lang='grc' dir='ltr'>αὒτῷ</span> <span class='ocrx_word' id='word_1_258' title='bbox 1026 2035 1114 2090; x_wconf 76' lang='grc' dir='ltr'>καὶ</span> <span class='ocrx_word' id='word_1_259' title='bbox 1170 2034 1326 2108; x_wconf 78' lang='grc' dir='ltr'>θηρία</span> <span class='ocrx_word' id='word_1_260' title='bbox 1381 2033 1764 2109; x_wconf 78' lang='grc' dir='ltr'>ἐτοιμασθῆναι</span> <span class='ocrx_word' id='word_1_261' title='bbox 1808 2054 1908 2090; x_wconf 82' lang='grc' dir='ltr'>κε-</span> 
     </span>
    </p>
   </div>
   <div class='ocr_carea' id='block_1_39' title="bbox 217 2121 1908 2203">
    <p class='ocr_par' dir='ltr' id='par_1_39' title="bbox 217 2121 1908 2203">
     <span class='ocr_line' id='line_1_39' title="bbox 217 2121 1908 2203; baseline -0.003 -20"><span class='ocrx_word' id='word_1_262' title='bbox 217 2125 405 2199; x_wconf 86' lang='grc' dir='ltr'>λεύει,</span> <span class='ocrx_word' id='word_1_263' title='bbox 445 2127 550 2184; x_wconf 67' lang='grc' dir='ltr'>καὶ</span> <span class='ocrx_word' id='word_1_264' title='bbox 604 2127 664 2181; x_wconf 79' lang='grc' dir='ltr'><strong>τὸ</strong></span> <span class='ocrx_word' id='word_1_265' title='bbox 695 2123 903 2193; x_wconf 71' lang='grc' dir='ltr'>πλῆθος</span> <span class='ocrx_word' id='word_1_266' title='bbox 959 2121 1161 2200; x_wconf 84' lang='grc' dir='ltr'>πολλὰ,</span> <span class='ocrx_word' id='word_1_267' title='bbox 1195 2124 1283 2180; x_wconf 73' lang='grc' dir='ltr'><strong>καὶ</strong></span> <span class='ocrx_word' id='word_1_268' title='bbox 1338 2124 1402 2181; x_wconf 75' lang='grc' dir='ltr'><strong>τὸ</strong></span> <span class='ocrx_word' id='word_1_269' title='bbox 1452 2121 1606 2201; x_wconf 75' lang='grc' dir='ltr'>γένος</span> <span class='ocrx_word' id='word_1_270' title='bbox 1659 2121 1908 2203; x_wconf 65' lang='grc' dir='ltr'>διάφορα,</span> 
     </span>
    </p>
   </div>
   <div class='ocr_carea' id='block_1_40' title="bbox 216 2213 1068 2295">
    <p class='ocr_par' dir='ltr' id='par_1_40' title="bbox 216 2213 1068 2295">
     <span class='ocr_line' id='line_1_40' title="bbox 216 2213 1068 2295; baseline -0.006 -23"><span class='ocrx_word' id='word_1_271' title='bbox 216 2215 315 2272; x_wconf 81' lang='grc' dir='ltr'><strong>καὶ</strong></span> <span class='ocrx_word' id='word_1_272' title='bbox 345 2217 615 2295; x_wconf 58' lang='grc' dir='ltr'>ὑπερφυᾶ</span> <span class='ocrx_word' id='word_1_273' title='bbox 656 2214 754 2283; x_wconf 77' lang='grc' dir='ltr'>τὴν</span> <span class='ocrx_word' id='word_1_274' title='bbox 785 2213 1068 2289; x_wconf 80' lang='grc' dir='ltr'>ὠμότητα,</span> 
     </span>
    </p>
   </div>
   <div class='ocr_carea' id='block_1_41' title="bbox 321 2475 1910 2560">
    <p class='ocr_par' dir='ltr' id='par_1_41' title="bbox 321 2475 1910 2560">
     <span class='ocr_line' id='line_1_41' title="bbox 321 2475 1910 2560; baseline -0.005 -18"><span class='ocrx_word' id='word_1_275' title='bbox 321 2475 502 2559; x_wconf 69' lang='grc' dir='ltr'>Μς’.</span> <span class='ocrx_word' id='word_1_276' title='bbox 543 2483 729 2560; x_wconf 72' lang='grc' dir='ltr'>⁹Ἀγιοι</span> <span class='ocrx_word' id='word_1_277' title='bbox 761 2487 836 2555; x_wconf 84' lang='grc' dir='ltr'>τῷ</span> <span class='ocrx_word' id='word_1_278' title='bbox 885 2478 1240 2557; x_wconf 77' lang='grc' dir='ltr'>δεσμωτηρίῳ</span> <span class='ocrx_word' id='word_1_279' title='bbox 1288 2478 1748 2556; x_wconf 76' lang='grc' dir='ltr'>καταλειγθέντες,</span> <span class='ocrx_word' id='word_1_280' title='bbox 1784 2501 1910 2537; x_wconf 88' lang='grc' dir='ltr'>συν-</span> 
     </span>
    </p>
   </div>
   <div class='ocr_carea' id='block_1_42' title="bbox 234 2567 1910 2652">
    <p class='ocr_par' dir='ltr' id='par_1_42' title="bbox 234 2567 1910 2652">
     <span class='ocr_line' id='line_1_42' title="bbox 234 2567 1910 2652; baseline -0.005 -20"><span class='ocrx_word' id='word_1_281' title='bbox 234 2575 531 2652; x_wconf 72' lang='grc' dir='ltr'>τονωτέρᾳ</span> <span class='ocrx_word' id='word_1_282' title='bbox 583 2570 792 2647; x_wconf 84' lang='grc' dir='ltr'>μᾶλλον</span> <span class='ocrx_word' id='word_1_283' title='bbox 848 2568 1233 2649; x_wconf 68' lang='grc' dir='ltr'>επηγρύπνουν</span> <span class='ocrx_word' id='word_1_284' title='bbox 1276 2575 1346 2646; x_wconf 79' lang='grc' dir='ltr'><strong>τῇ</strong></span> <span class='ocrx_word' id='word_1_285' title='bbox 1405 2576 1707 2649; x_wconf 71' lang='grc' dir='ltr'>προσευχῇο</span> <span class='ocrx_word' id='word_1_286' title='bbox 1741 2567 1910 2648; x_wconf 79' lang='grc' dir='ltr'>ἄγγε-</span> 
     </span>
    </p>
   </div>
   <div class='ocr_carea' id='block_1_43' title="bbox 240 2658 1914 2738">
    <p class='ocr_par' dir='ltr' id='par_1_43' title="bbox 240 2658 1914 2738">
     <span class='ocr_line' id='line_1_43' title="bbox 240 2658 1914 2738; baseline -0.005 -17"><span class='ocrx_word' id='word_1_287' title='bbox 240 2664 334 2722; x_wconf 89' lang='grc' dir='ltr'><strong>λοι</strong></span> <span class='ocrx_word' id='word_1_288' title='bbox 397 2662 459 2719; x_wconf 69' lang='grc' dir='ltr'>δὲ</span> <span class='ocrx_word' id='word_1_289' title='bbox 494 2664 677 2725; x_wconf 70' lang='grc' dir='ltr'>αὐτοῖς</span> <span class='ocrx_word' id='word_1_290' title='bbox 728 2659 933 2738; x_wconf 76' lang='grc' dir='ltr'>ἄνωγεν</span> <span class='ocrx_word' id='word_1_291' title='bbox 990 2659 1301 2723; x_wconf 77' lang='grc' dir='ltr'>ἐπιστάντες</span> <span class='ocrx_word' id='word_1_292' title='bbox 1356 2659 1486 2738; x_wconf 77' lang='grc' dir='ltr'>πρὸς</span> <span class='ocrx_word' id='word_1_293' title='bbox 1521 2660 1580 2714; x_wconf 82' lang='grc' dir='ltr'>τὸ</span> <span class='ocrx_word' id='word_1_294' title='bbox 1628 2658 1914 2736; x_wconf 87' lang='grc' dir='ltr'>μαρτύριον</span> 
     </span>
    </p>
   </div>
   <div class='ocr_carea' id='block_1_44' title="bbox 242 2746 1910 2832">
    <p class='ocr_par' dir='ltr' id='par_1_44' title="bbox 242 2746 1910 2832">
     <span class='ocr_line' id='line_1_44' title="bbox 242 2746 1910 2832; baseline -0.005 -23"><span class='ocrx_word' id='word_1_295' title='bbox 242 2752 516 2832; x_wconf 65' lang='grc' dir='ltr'>ἤλειφον,</span> <span class='ocrx_word' id='word_1_296' title='bbox 561 2749 717 2808; x_wconf 82' lang='grc' dir='ltr'>’Ὅσοι</span> <span class='ocrx_word' id='word_1_297' title='bbox 761 2760 890 2828; x_wconf 77' lang='grc' dir='ltr'>γοῦν</span> <span class='ocrx_word' id='word_1_298' title='bbox 922 2750 1006 2805; x_wconf 76' lang='grc' dir='ltr'><strong>καὶ</strong></span> <span class='ocrx_word' id='word_1_299' title='bbox 1064 2746 1216 2805; x_wconf 70' lang='grc' dir='ltr'>ἄλλοι</span> <span class='ocrx_word' id='word_1_300' title='bbox 1260 2748 1401 2805; x_wconf 80' lang='grc' dir='ltr'>κατσί</span> <span class='ocrx_word' id='word_1_301' title='bbox 1443 2769 1591 2812; x_wconf 88' lang='grc' dir='ltr'>τινας</span> <span class='ocrx_word' id='word_1_302' title='bbox 1623 2748 1710 2804; x_wconf 83' lang='grc' dir='ltr'><strong>καὶ</strong></span> <span class='ocrx_word' id='word_1_303' title='bbox 1757 2746 1910 2806; x_wconf 71' lang='grc' dir='ltr'>αὗτοῗ</span> 
     </span>
    </p>
   </div>
   <div class='ocr_carea' id='block_1_45' title="bbox 252 2834 1913 2917">
    <p class='ocr_par' dir='ltr' id='par_1_45' title="bbox 252 2834 1913 2917">
     <span class='ocr_line' id='line_1_45' title="bbox 252 2834 1913 2917; baseline -0.004 -18"><span class='ocrx_word' id='word_1_304' title='bbox 252 2844 432 2907; x_wconf 66' lang='grc' dir='ltr'>αἰτίας</span> <span class='ocrx_word' id='word_1_305' title='bbox 476 2840 644 2916; x_wconf 74' lang='grc' dir='ltr'>ᾤκουν</span> <span class='ocrx_word' id='word_1_306' title='bbox 686 2844 749 2896; x_wconf 80' lang='grc' dir='ltr'><strong>τὸ</strong></span> <span class='ocrx_word' id='word_1_307' title='bbox 800 2837 1192 2917; x_wconf 74' lang='grc' dir='ltr'>δεσμωτήριον,</span> <span class='ocrx_word' id='word_1_308' title='bbox 1228 2836 1349 2894; x_wconf 86' lang='grc' dir='ltr'>τότε</span> <span class='ocrx_word' id='word_1_309' title='bbox 1398 2842 1496 2904; x_wconf 55' lang='lat' dir='ltr'><strong>ﬁt.</strong></span> <span class='ocrx_word' id='word_1_310' title='bbox 1529 2834 1762 2906; x_wconf 72' lang='grc' dir='ltr'>δεήσεως</span> <span class='ocrx_word' id='word_1_311' title='bbox 1812 2836 1913 2892; x_wconf 78' lang='grc' dir='ltr'><strong>αὐ-</strong></span> 
     </span>
    </p>
   </div>
   <div class='ocr_carea' id='block_1_46' title="bbox 252 2925 1913 3009">
    <p class='ocr_par' dir='ltr' id='par_1_46' title="bbox 252 2925 1913 3009">
     <span class='ocr_line' id='line_1_46' title="bbox 252 2925 1913 3009; baseline -0.004 -22"><span class='ocrx_word' id='word_1_312' title='bbox 252 2937 366 2987; x_wconf 78' lang='grc' dir='ltr'>τῶν</span> <span class='ocrx_word' id='word_1_313' title='bbox 411 2930 625 2996; x_wconf 72' lang='grc' dir='ltr'>ἐκτενὲς</span> <span class='ocrx_word' id='word_1_314' title='bbox 652 2927 878 3009; x_wconf 76' lang='grc' dir='ltr'>ἰδόντες,</span> <span class='ocrx_word' id='word_1_315' title='bbox 911 2928 1037 2985; x_wconf 74' lang='grc' dir='ltr'>εἶτα</span> <span class='ocrx_word' id='word_1_316' title='bbox 1093 2929 1182 2984; x_wconf 81' lang='grc' dir='ltr'><strong>καὶ</strong></span> <span class='ocrx_word' id='word_1_317' title='bbox 1239 2932 1337 2994; x_wconf 77' lang='grc' dir='ltr'><strong>τῆς</strong></span> <span class='ocrx_word' id='word_1_318' title='bbox 1387 2933 1493 2983; x_wconf 84' lang='grc' dir='ltr'>τῶν</span> <span class='ocrx_word' id='word_1_319' title='bbox 1524 2925 1771 3004; x_wconf 78' lang='grc' dir='ltr'>ἀγγέλῶν</span> <span class='ocrx_word' id='word_1_320' title='bbox 1825 2927 1913 2982; x_wconf 77' lang='grc' dir='ltr'><strong>αἶ-</strong></span> 
     </span>
    </p>
   </div>
   <div class='ocr_carea' id='block_1_47' title="bbox 248 3014 1913 3099">
    <p class='ocr_par' dir='ltr' id='par_1_47' title="bbox 248 3014 1913 3099">
     <span class='ocr_line' id='line_1_47' title="bbox 248 3014 1913 3099; baseline -0.004 -21"><span class='ocrx_word' id='word_1_321' title='bbox 248 3021 507 3097; x_wconf 81' lang='grc' dir='ltr'>σθόμενοι</span> <span class='ocrx_word' id='word_1_322' title='bbox 568 3020 878 3099; x_wconf 81' lang='grc' dir='ltr'>παρουσίας,</span> <span class='ocrx_word' id='word_1_323' title='bbox 919 3019 1015 3075; x_wconf 84' lang='grc' dir='ltr'><strong>καί</strong></span> <span class='ocrx_word' id='word_1_324' title='bbox 1063 3017 1159 3083; x_wconf 80' lang='grc' dir='ltr'>τὴν</span> <span class='ocrx_word' id='word_1_325' title='bbox 1203 3016 1516 3092; x_wconf 76' lang='grc' dir='ltr'>θαυμαστὴν</span> <span class='ocrx_word' id='word_1_326' title='bbox 1545 3014 1759 3083; x_wconf 84' lang='grc' dir='ltr'>ἐκείνην</span> <span class='ocrx_word' id='word_1_327' title='bbox 1816 3015 1913 3072; x_wconf 70' lang='grc' dir='ltr'><strong>ὲκ·-</strong></span> 
     </span>
    </p>
   </div>
   <div class='ocr_carea' id='block_1_48' title="bbox 252 3105 1914 3190">
    <p class='ocr_par' dir='ltr' id='par_1_48' title="bbox 252 3105 1914 3190">
     <span class='ocr_line' id='line_1_48' title="bbox 252 3105 1914 3190; baseline -0.003 -23"><span class='ocrx_word' id='word_1_328' title='bbox 252 3109 558 3190; x_wconf 81' lang='grc' dir='ltr'>πλαγέντες</span> <span class='ocrx_word' id='word_1_329' title='bbox 601 3107 966 3185; x_wconf 68' lang='grc' dir='ltr'>παράκλησιν,</span> <span class='ocrx_word' id='word_1_330' title='bbox 1017 3105 1186 3184; x_wconf 78' lang='grc' dir='ltr'>θέρμῃ</span> <span class='ocrx_word' id='word_1_331' title='bbox 1242 3109 1343 3161; x_wconf 68' lang='grc' dir='ltr'>τινὶ</span> <span class='ocrx_word' id='word_1_332' title='bbox 1385 3106 1498 3178; x_wconf 77' lang='grc' dir='ltr'>θείᾳ</span> <span class='ocrx_word' id='word_1_333' title='bbox 1551 3105 1652 3173; x_wconf 76' lang='grc' dir='ltr'><strong>τὴν</strong></span> <span class='ocrx_word' id='word_1_334' title='bbox 1724 3105 1914 3183; x_wconf 76' lang='grc' dir='ltr'>ψυχὴν</span> 
     </span>
    </p>
   </div>
   <div class='ocr_carea' id='block_1_49' title="bbox 254 3189 1919 3278">
    <p class='ocr_par' dir='ltr' id='par_1_49' title="bbox 254 3189 1919 3278">
     <span class='ocr_line' id='line_1_49' title="bbox 254 3189 1919 3278; baseline -0.004 -22"><span class='ocrx_word' id='word_1_335' title='bbox 254 3189 597 3278; x_wconf 73' lang='grc' dir='ltr'>κινηθέντες,</span> <span class='ocrx_word' id='word_1_336' title='bbox 655 3197 1051 3277; x_wconf 78' lang='grc' dir='ltr'>προσπίπτουσί</span> <span class='ocrx_word' id='word_1_337' title='bbox 1106 3217 1161 3251; x_wconf 82' lang='grc' dir='ltr'><strong>τε</strong></span> <span class='ocrx_word' id='word_1_338' title='bbox 1192 3207 1282 3252; x_wconf 71' lang='grc' dir='ltr'><strong>τοι</strong></span> <span class='ocrx_word' id='word_1_339' title='bbox 1324 3194 1519 3272; x_wconf 70' lang='grc' dir='ltr'>ἁγίοις,</span> <span class='ocrx_word' id='word_1_340' title='bbox 1551 3195 1744 3251; x_wconf 75' lang='grc' dir='ltr'>καὶτὰ</span> <span class='ocrx_word' id='word_1_341' title='bbox 1812 3189 1919 3273; x_wconf 69' lang='grc' dir='ltr'>περὶ</span> 
     </span>
    </p>
   </div>
   <div class='ocr_carea' id='block_1_50' title="bbox 259 3282 1924 3366">
    <p class='ocr_par' dir='ltr' id='par_1_50' title="bbox 259 3282 1924 3366">
     <span class='ocr_line' id='line_1_50' title="bbox 259 3282 1924 3366; baseline -0.004 -20"><span class='ocrx_word' id='word_1_342' title='bbox 259 3296 356 3346; x_wconf 73' lang='grc' dir='ltr'>τοῦ</span> <span class='ocrx_word' id='word_1_343' title='bbox 418 3293 653 3366; x_wconf 77' lang='grc' dir='ltr'>Χριστοῦ</span> <span class='ocrx_word' id='word_1_344' title='bbox 710 3288 799 3345; x_wconf 84' lang='grc' dir='ltr'><strong>καὶ</strong></span> <span class='ocrx_word' id='word_1_345' title='bbox 842 3289 1023 3352; x_wconf 68' lang='grc' dir='ltr'>αὐτοῖς</span> <span class='ocrx_word' id='word_1_346' title='bbox 1076 3287 1151 3348; x_wconf 80' lang='grc' dir='ltr'><strong>εἰς</strong></span> <span class='ocrx_word' id='word_1_347' title='bbox 1205 3291 1403 3362; x_wconf 84' lang='grc' dir='ltr'>γνῶσιν</span> <span class='ocrx_word' id='word_1_348' title='bbox 1463 3283 1638 3341; x_wconf 77' lang='grc' dir='ltr'>ἐλθεῖν</span> <span class='ocrx_word' id='word_1_349' title='bbox 1697 3282 1924 3359; x_wconf 80' lang='grc' dir='ltr'>ἀξιοῦσι,</span> 
     </span>
    </p>
   </div>
   <div class='ocr_carea' id='block_1_51' title="bbox 267 3372 1925 3454">
    <p class='ocr_par' dir='ltr' id='par_1_51' title="bbox 267 3372 1925 3454">
     <span class='ocr_line' id='line_1_51' title="bbox 267 3372 1925 3454; baseline -0.004 -19"><span class='ocrx_word' id='word_1_350' title='bbox 267 3379 359 3435; x_wconf 77' lang='grc' dir='ltr'><strong>καὶ</strong></span> <span class='ocrx_word' id='word_1_351' title='bbox 413 3383 511 3445; x_wconf 77' lang='grc' dir='ltr'>τῆς</span> <span class='ocrx_word' id='word_1_352' title='bbox 546 3377 747 3433; x_wconf 52' lang='grc' dir='ltr'>ἐκείνου</span> <span class='ocrx_word' id='word_1_353' title='bbox 795 3375 1037 3454; x_wconf 75' lang='grc' dir='ltr'>γενέσθαι</span> <span class='ocrx_word' id='word_1_354' title='bbox 1082 3373 1376 3451; x_wconf 80' lang='grc' dir='ltr'>ὁμολογίας</span> <span class='ocrx_word' id='word_1_355' title='bbox 1420 3373 1657 3440; x_wconf 80' lang='grc' dir='ltr'>ἀναξίους</span> <span class='ocrx_word' id='word_1_356' title='bbox 1690 3373 1768 3448; x_wconf 72' lang='grc' dir='ltr'>μὴ</span> <span class='ocrx_word' id='word_1_357' title='bbox 1827 3372 1925 3428; x_wconf 91' lang='grc' dir='ltr'>λο-</span> 
     </span>
    </p>
   </div>
   <div class='ocr_carea' id='block_1_52' title="bbox 275 3461 1924 3545">
    <p class='ocr_par' dir='ltr' id='par_1_52' title="bbox 275 3461 1924 3545">
     <span class='ocr_line' id='line_1_52' title="bbox 275 3461 1924 3545; baseline -0.011 -20"><span class='ocrx_word' id='word_1_358' title='bbox 275 3471 538 3545; x_wconf 76' lang='grc' dir='ltr'>γισθῆναι.</span> <span class='ocrx_word' id='word_1_359' title='bbox 605 3468 665 3525; x_wconf 78' lang='grc' dir='ltr'><strong>Οἱ</strong></span> <span class='ocrx_word' id='word_1_360' title='bbox 698 3466 795 3540; x_wconf 74' lang='grc' dir='ltr'>μὲν</span> <span class='ocrx_word' id='word_1_361' title='bbox 855 3464 943 3521; x_wconf 73' lang='grc' dir='ltr'><strong>οὗν</strong></span> <span class='ocrx_word' id='word_1_362' title='bbox 996 3462 1126 3544; x_wconf 73' lang='grc' dir='ltr'>ἄχρι</span> <span class='ocrx_word' id='word_1_363' title='bbox 1159 3463 1339 3539; x_wconf 83' lang='grc' dir='ltr'>μέσων</span> <span class='ocrx_word' id='word_1_364' title='bbox 1397 3470 1599 3522; x_wconf 74' lang='grc' dir='ltr'>νυκτῶν</span> <span class='ocrx_word' id='word_1_365' title='bbox 1647 3474 1767 3525; x_wconf 77' lang='grc' dir='ltr'>τοῖς</span> <span class='ocrx_word' id='word_1_366' title='bbox 1823 3461 1924 3517; x_wconf 78' lang='grc' dir='ltr'><strong>ἄν-</strong></span> 
     </span>
    </p>
   </div>
   <div class='ocr_carea' id='block_1_53' title="bbox 270 3550 1923 3635">
    <p class='ocr_par' dir='ltr' id='par_1_53' title="bbox 270 3550 1923 3635">
     <span class='ocr_line' id='line_1_53' title="bbox 270 3550 1923 3635; baseline -0.001 -25"><span class='ocrx_word' id='word_1_367' title='bbox 270 3553 422 3635; x_wconf 72' lang='grc' dir='ltr'>δράσι</span> <span class='ocrx_word' id='word_1_368' title='bbox 490 3553 887 3633; x_wconf 82' lang='grc' dir='ltr'>διαλεγόμενοι,</span> <span class='ocrx_word' id='word_1_369' title='bbox 947 3564 1352 3628; x_wconf 78' lang='grc' dir='ltr'>παραινοῦντες,</span> <span class='ocrx_word' id='word_1_370' title='bbox 1427 3550 1761 3617; x_wconf 75' lang='grc' dir='ltr'>διδάσκοντες</span> <span class='ocrx_word' id='word_1_371' title='bbox 1831 3554 1923 3609; x_wconf 72' lang='grc' dir='ltr'><strong>οὗ·</strong></span> 
     </span>
    </p>
   </div>
   <div class='ocr_carea' id='block_1_54' title="bbox 265 3640 1924 3724">
    <p class='ocr_par' dir='ltr' id='par_1_54' title="bbox 265 3640 1924 3724">
     <span class='ocr_line' id='line_1_54' title="bbox 265 3640 1924 3724; baseline -0.003 -23"><span class='ocrx_word' id='word_1_372' title='bbox 265 3647 532 3724; x_wconf 75' lang='grc' dir='ltr'>πρότερον</span> <span class='ocrx_word' id='word_1_373' title='bbox 591 3644 905 3710; x_wconf 81' lang='grc' dir='ltr'>ἀπέστησαν</span> <span class='ocrx_word' id='word_1_374' title='bbox 936 3642 1040 3707; x_wconf 74' lang='grc' dir='ltr'><strong>ἕως</strong></span> <span class='ocrx_word' id='word_1_375' title='bbox 1071 3642 1260 3706; x_wconf 71' lang='grc' dir='ltr'>αὖτοὺς</span> <span class='ocrx_word' id='word_1_376' title='bbox 1311 3644 1386 3705; x_wconf 83' lang='grc' dir='ltr'><strong>είς</strong></span> <span class='ocrx_word' id='word_1_377' title='bbox 1418 3647 1517 3709; x_wconf 80' lang='grc' dir='ltr'>τὴν</span> <span class='ocrx_word' id='word_1_378' title='bbox 1555 3640 1731 3708; x_wconf 85' lang='grc' dir='ltr'>ἀληθῆ</span> <span class='ocrx_word' id='word_1_379' title='bbox 1788 3661 1924 3697; x_wconf 68' lang='grc' dir='ltr'>κειτ-</span> 
     </span>
    </p>
   </div>
   <div class='ocr_carea' id='block_1_55' title="bbox 266 3730 1922 3814">
    <p class='ocr_par' dir='ltr' id='par_1_55' title="bbox 266 3730 1922 3814">
     <span class='ocr_line' id='line_1_55' title="bbox 266 3730 1922 3814; baseline -0.004 -22"><span class='ocrx_word' id='word_1_380' title='bbox 266 3736 497 3814; x_wconf 74' lang='grc' dir='ltr'>ήρτισαν</span> <span class='ocrx_word' id='word_1_381' title='bbox 555 3736 757 3808; x_wconf 82' lang='grc' dir='ltr'>πίστιν,</span> <span class='ocrx_word' id='word_1_382' title='bbox 818 3734 906 3789; x_wconf 86' lang='grc' dir='ltr'><strong>καὶ</strong></span> <span class='ocrx_word' id='word_1_383' title='bbox 958 3738 1037 3806; x_wconf 84' lang='grc' dir='ltr'>τῷ</span> <span class='ocrx_word' id='word_1_384' title='bbox 1089 3735 1214 3807; x_wconf 79' lang='grc' dir='ltr'>θείῳ</span> <span class='ocrx_word' id='word_1_385' title='bbox 1283 3732 1613 3809; x_wconf 82' lang='grc' dir='ltr'>βαπτίσματι</span> <span class='ocrx_word' id='word_1_386' title='bbox 1669 3730 1922 3809; x_wconf 71' lang='grc' dir='ltr'>ἐσφραγί-</span> 
     </span>
    </p>
   </div>
   <div class='ocr_carea' id='block_1_56' title="bbox 262 3820 1922 3898">
    <p class='ocr_par' dir='ltr' id='par_1_56' title="bbox 262 3820 1922 3898">
     <span class='ocr_line' id='line_1_56' title="bbox 262 3820 1922 3898; baseline -0.002 -20"><span class='ocrx_word' id='word_1_387' title='bbox 262 3844 454 3888; x_wconf 86' lang='grc' dir='ltr'>σαντο,</span> <span class='ocrx_word' id='word_1_388' title='bbox 509 3822 740 3881; x_wconf 75' lang='grc' dir='ltr'>Ἔπειτα</span> <span class='ocrx_word' id='word_1_389' title='bbox 781 3820 923 3886; x_wconf 82' lang='grc' dir='ltr'>ὅλως</span> <span class='ocrx_word' id='word_1_390' title='bbox 973 3823 1000 3877; x_wconf 84' lang='grc' dir='ltr'><strong>ὁ</strong></span> <span class='ocrx_word' id='word_1_391' title='bbox 1051 3821 1222 3898; x_wconf 69' lang='grc' dir='ltr'>μέγας</span> <span class='ocrx_word' id='word_1_392' title='bbox 1271 3820 1500 3896; x_wconf 79' lang='grc' dir='ltr'>Κλήμης</span> <span class='ocrx_word' id='word_1_393' title='bbox 1555 3821 1650 3881; x_wconf 79' lang='grc' dir='ltr'><strong>τὰς</strong></span> <span class='ocrx_word' id='word_1_394' title='bbox 1684 3823 1778 3877; x_wconf 73' lang='grc' dir='ltr'><strong>τοῦ</strong></span> <span class='ocrx_word' id='word_1_395' title='bbox 1830 3821 1922 3876; x_wconf 80' lang='grc' dir='ltr'>δε-</span> 
     </span>
    </p>
   </div>
   <div class='ocr_carea' id='block_1_57' title="bbox 262 3908 1924 3992">
    <p class='ocr_par' dir='ltr' id='par_1_57' title="bbox 262 3908 1924 3992">
     <span class='ocr_line' id='line_1_57' title="bbox 262 3908 1924 3992; baseline -0.001 -25"><span class='ocrx_word' id='word_1_396' title='bbox 262 3914 580 3992; x_wconf 69' lang='grc' dir='ltr'>σμωτηρίου</span> <span class='ocrx_word' id='word_1_397' title='bbox 650 3910 821 3976; x_wconf 83' lang='grc' dir='ltr'>πύλας</span> <span class='ocrx_word' id='word_1_398' title='bbox 908 3912 1091 3973; x_wconf 73' lang='grc' dir='ltr'>αὗτοϊς</span> <span class='ocrx_word' id='word_1_399' title='bbox 1165 3913 1306 3991; x_wconf 72' lang='grc' dir='ltr'>εὐχῇ</span> <span class='ocrx_word' id='word_1_400' title='bbox 1385 3909 1708 3974; x_wconf 75' lang='grc' dir='ltr'>διαπετάσας</span> <span class='ocrx_word' id='word_1_401' title='bbox 1781 3908 1924 3966; x_wconf 75' lang='grc' dir='ltr'>ὲκεί-</span> 
     </span>
    </p>
   </div>
   <div class='ocr_carea' id='block_1_58' title="bbox 262 3997 1929 4082">
    <p class='ocr_par' dir='ltr' id='par_1_58' title="bbox 262 3997 1929 4082">
     <span class='ocr_line' id='line_1_58' title="bbox 262 3997 1929 4082; baseline 0.005 -26"><span class='ocrx_word' id='word_1_402' title='bbox 262 4024 383 4071; x_wconf 81' lang='grc' dir='ltr'>νους</span> <span class='ocrx_word' id='word_1_403' title='bbox 456 4004 557 4078; x_wconf 76' lang='grc' dir='ltr'>μὲν</span> <span class='ocrx_word' id='word_1_404' title='bbox 616 4004 827 4082; x_wconf 83' lang='grc' dir='ltr'>χαίρων</span> <span class='ocrx_word' id='word_1_405' title='bbox 882 4000 1056 4082; x_wconf 64' lang='grc' dir='ltr'>ἀφῆκε</span> <span class='ocrx_word' id='word_1_406' title='bbox 1119 4000 1434 4080; x_wconf 79' lang='grc' dir='ltr'>χαίροντας,</span> <span class='ocrx_word' id='word_1_407' title='bbox 1495 3999 1651 4062; x_wconf 77' lang='grc' dir='ltr'>αὖτὸς</span> <span class='ocrx_word' id='word_1_408' title='bbox 1709 3997 1765 4055; x_wconf 72' lang='grc' dir='ltr'>δὲ</span> <span class='ocrx_word' id='word_1_409' title='bbox 1836 3999 1929 4054; x_wconf 71' lang='grc' dir='ltr'><strong>σὺν</strong></span> 
     </span>
    </p>
   </div>
   <div class='ocr_carea' id='block_1_59' title="bbox 265 4087 1927 4171">
    <p class='ocr_par' dir='ltr' id='par_1_59' title="bbox 265 4087 1927 4171">
     <span class='ocr_line' id='line_1_59' title="bbox 265 4087 1927 4171; baseline -0.005 -21"><span class='ocrx_word' id='word_1_410' title='bbox 265 4099 344 4167; x_wconf 79' lang='grc' dir='ltr'>τῷ</span> <span class='ocrx_word' id='word_1_411' title='bbox 426 4090 833 4171; x_wconf 80' lang='grc' dir='ltr'>Ἀγαθαγγέλῳ,</span> <span class='ocrx_word' id='word_1_412' title='bbox 899 4093 1052 4167; x_wconf 80' lang='grc' dir='ltr'>μόνοι</span> <span class='ocrx_word' id='word_1_413' title='bbox 1124 4091 1267 4168; x_wconf 78' lang='grc' dir='ltr'>παρὰ</span> <span class='ocrx_word' id='word_1_414' title='bbox 1336 4090 1404 4157; x_wconf 68' lang='grc' dir='ltr'>τί,</span> <span class='ocrx_word' id='word_1_415' title='bbox 1460 4087 1671 4169; x_wconf 74' lang='grc' dir='ltr'>φυλακῇ</span> <span class='ocrx_word' id='word_1_416' title='bbox 1740 4087 1927 4144; x_wconf 75' lang='grc' dir='ltr'>ὑπελίο</span> 
     </span>
    </p>
   </div>
   <div class='ocr_carea' id='block_1_60' title="bbox 263 4204 460 4241">
    <p class='ocr_par' dir='ltr' id='par_1_60' title="bbox 263 4204 460 4241">
     <span class='ocr_line' id='line_1_60' title="bbox 263 4204 460 4241; baseline 0.01 -2"><span class='ocrx_word' id='word_1_417' title='bbox 263 4204 460 4241; x_wconf 76' lang='grc' dir='ltr'>ποντο.</span> 
     </span>
    </p>
   </div>
   <div class='ocr_carea' id='block_1_61' title="bbox 354 4348 1933 4429">
    <p class='ocr_par' dir='ltr' id='par_1_61' title="bbox 354 4348 1933 4429">
     <span class='ocr_line' id='line_1_61' title="bbox 354 4348 1933 4429; baseline -0.006 -22"><span class='ocrx_word' id='word_1_418' title='bbox 354 4353 489 4414; x_wconf 73' lang='lat' dir='ltr'><strong>MZ‘.</strong></span> <span class='ocrx_word' id='word_1_419' title='bbox 543 4350 710 4409; x_wconf 77' lang='grc' dir='ltr'>Τοῦτο</span> <span class='ocrx_word' id='word_1_420' title='bbox 738 4351 975 4429; x_wconf 77' lang='grc' dir='ltr'>ἰσχυρῶς</span> <span class='ocrx_word' id='word_1_421' title='bbox 1036 4348 1273 4425; x_wconf 76' lang='grc' dir='ltr'>ἐκμαίνει</span> <span class='ocrx_word' id='word_1_422' title='bbox 1300 4351 1390 4405; x_wconf 71' lang='grc' dir='ltr'><strong>τὸν</strong></span> <span class='ocrx_word' id='word_1_423' title='bbox 1433 4351 1810 4428; x_wconf 66' lang='grc' dir='ltr'>Ἀγριππῖνον,</span> <span class='ocrx_word' id='word_1_424' title='bbox 1846 4351 1933 4407; x_wconf 82' lang='grc' dir='ltr'><strong>καὶ</strong></span> 
     </span>
    </p>
   </div>
   <div class='ocr_carea' id='block_1_62' title="bbox 1996 1852 3642 1933">
    <p class='ocr_par' dir='ltr' id='par_1_62' title="bbox 1996 1852 3642 1933">
     <span class='ocr_line' id='line_1_62' title="bbox 1996 1852 3642 1933; baseline 0 -21"><span class='ocrx_word' id='word_1_425' title='bbox 1996 1859 2206 1925; x_wconf 85' lang='lat' dir='ltr'><strong>tratus,</strong></span> <span class='ocrx_word' id='word_1_426' title='bbox 2244 1860 2301 1912; x_wconf 92' lang='lat' dir='ltr'><strong>et</strong></span> <span class='ocrx_word' id='word_1_427' title='bbox 2348 1870 2481 1931; x_wconf 67' lang='lat' dir='ltr'><strong>quae</strong></span> <span class='ocrx_word' id='word_1_428' title='bbox 2530 1852 2796 1914; x_wconf 88' lang='lat' dir='ltr'><strong>animum</strong></span> <span class='ocrx_word' id='word_1_429' title='bbox 2832 1871 2951 1914; x_wconf 92' lang='lat' dir='ltr'><strong>non</strong></span> <span class='ocrx_word' id='word_1_430' title='bbox 2998 1853 3383 1930; x_wconf 80' lang='lat' dir='ltr'><strong>attingerent,</strong></span> <span class='ocrx_word' id='word_1_431' title='bbox 3416 1853 3475 1913; x_wconf 91' lang='lat' dir='ltr'><strong>in</strong></span> <span class='ocrx_word' id='word_1_432' title='bbox 3523 1869 3642 1933; x_wconf 92' lang='lat' dir='ltr'><strong>quo</strong></span> 
     </span>
    </p>
   </div>
   <div class='ocr_carea' id='block_1_63' title="bbox 1995 1941 3641 2015">
    <p class='ocr_par' dir='ltr' id='par_1_63' title="bbox 1995 1941 3641 2015">
     <span class='ocr_line' id='line_1_63' title="bbox 1995 1941 3641 2015; baseline -0.001 -12"><span class='ocrx_word' id='word_1_433' title='bbox 1995 1942 2109 2003; x_wconf 89' lang='lat' dir='ltr'><strong>hoc</strong></span> <span class='ocrx_word' id='word_1_434' title='bbox 2143 1941 2291 2003; x_wconf 90' lang='lat' dir='ltr'><strong>adeo</strong></span> <span class='ocrx_word' id='word_1_435' title='bbox 2326 1942 2509 2003; x_wconf 85' lang='lat' dir='ltr'><strong>ﬁxum</strong></span> <span class='ocrx_word' id='word_1_436' title='bbox 2558 1952 2616 2004; x_wconf 93' lang='lat' dir='ltr'><strong>et</strong></span> <span class='ocrx_word' id='word_1_437' title='bbox 2649 1942 2885 2004; x_wconf 91' lang='lat' dir='ltr'><strong>ﬁrmum</strong></span> <span class='ocrx_word' id='word_1_438' title='bbox 2918 1942 3244 2015; x_wconf 89' lang='lat' dir='ltr'><strong>insederat,</strong></span> <span class='ocrx_word' id='word_1_439' title='bbox 3280 1961 3356 2005; x_wconf 92' lang='lat' dir='ltr'><strong>ne</strong></span> <span class='ocrx_word' id='word_1_440' title='bbox 3386 1941 3458 2004; x_wconf 91' lang='lat' dir='ltr'><strong>ad</strong></span> <span class='ocrx_word' id='word_1_441' title='bbox 3489 1960 3641 2003; x_wconf 86' lang='lat' dir='ltr'><strong>con-</strong></span> 
     </span>
    </p>
   </div>
   <div class='ocr_carea' id='block_1_64' title="bbox 1996 2030 3644 2113">
    <p class='ocr_par' dir='ltr' id='par_1_64' title="bbox 1996 2030 3644 2113">
     <span class='ocr_line' id='line_1_64' title="bbox 1996 2030 3644 2113; baseline 0 -20"><span class='ocrx_word' id='word_1_442' title='bbox 1996 2031 2237 2095; x_wconf 89' lang='lat' dir='ltr'><strong>trariam</strong></span> <span class='ocrx_word' id='word_1_443' title='bbox 2264 2031 2681 2094; x_wconf 85' lang='lat' dir='ltr'><strong>traduceretur</strong></span> <span class='ocrx_word' id='word_1_444' title='bbox 2709 2032 3070 2096; x_wconf 90' lang='lat' dir='ltr'><strong>sententiam</strong></span> <span class='ocrx_word' id='word_1_445' title='bbox 3099 2056 3114 2103; x_wconf 91' lang='lat'><strong>;</strong></span> <span class='ocrx_word' id='word_1_446' title='bbox 3150 2041 3470 2113; x_wconf 89' lang='lat' dir='ltr'><strong>utrumque</strong></span> <span class='ocrx_word' id='word_1_447' title='bbox 3500 2030 3644 2109; x_wconf 82' lang='lat' dir='ltr'><strong>qui-</strong></span> 
     </span>
    </p>
   </div>
   <div class='ocr_carea' id='block_1_65' title="bbox 1998 2119 3646 2199">
    <p class='ocr_par' dir='ltr' id='par_1_65' title="bbox 1998 2119 3646 2199">
     <span class='ocr_line' id='line_1_65' title="bbox 1998 2119 3646 2199; baseline 0.001 -18"><span class='ocrx_word' id='word_1_448' title='bbox 1998 2120 2133 2183; x_wconf 87' lang='lat' dir='ltr'><strong>dem</strong></span> <span class='ocrx_word' id='word_1_449' title='bbox 2162 2119 2450 2181; x_wconf 77' lang='lat' dir='ltr'><strong>relaxavit</strong></span> <span class='ocrx_word' id='word_1_450' title='bbox 2477 2140 2509 2181; x_wconf 91' lang='lat' dir='ltr'><strong>a</strong></span> <span class='ocrx_word' id='word_1_451' title='bbox 2541 2121 2958 2199; x_wconf 75' lang='lat' dir='ltr'><strong>castigatione,</strong></span> <span class='ocrx_word' id='word_1_452' title='bbox 2993 2131 3052 2184; x_wconf 89' lang='lat' dir='ltr'><strong>et</strong></span> <span class='ocrx_word' id='word_1_453' title='bbox 3085 2120 3330 2184; x_wconf 87' lang='lat' dir='ltr'><strong>tradidit</strong></span> <span class='ocrx_word' id='word_1_454' title='bbox 3358 2122 3419 2183; x_wconf 90' lang='lat' dir='ltr'><strong>iu</strong></span> <span class='ocrx_word' id='word_1_455' title='bbox 3446 2128 3646 2184; x_wconf 86' lang='lat' dir='ltr'><strong>custo-</strong></span> 
     </span>
    </p>
   </div>
   <div class='ocr_carea' id='block_1_66' title="bbox 1995 2208 3646 2291">
    <p class='ocr_par' dir='ltr' id='par_1_66' title="bbox 1995 2208 3646 2291">
     <span class='ocr_line' id='line_1_66' title="bbox 1995 2208 3646 2291; baseline 0.001 -21"><span class='ocrx_word' id='word_1_456' title='bbox 1995 2208 2152 2270; x_wconf 90' lang='lat' dir='ltr'><strong>diam</strong></span> <span class='ocrx_word' id='word_1_457' title='bbox 2188 2232 2201 2267; x_wconf 89' lang='lat'><strong>:</strong></span> <span class='ocrx_word' id='word_1_458' title='bbox 2238 2211 2514 2290; x_wconf 88' lang='lat' dir='ltr'><strong>sequenti</strong></span> <span class='ocrx_word' id='word_1_459' title='bbox 2545 2216 2740 2271; x_wconf 77' lang='lat' dir='ltr'><strong>autem</strong></span> <span class='ocrx_word' id='word_1_460' title='bbox 2788 2210 2888 2271; x_wconf 92' lang='lat' dir='ltr'><strong>die</strong></span> <span class='ocrx_word' id='word_1_461' title='bbox 2911 2209 3083 2289; x_wconf 89' lang='lat' dir='ltr'><strong>jubet</strong></span> <span class='ocrx_word' id='word_1_462' title='bbox 3116 2212 3412 2273; x_wconf 89' lang='lat' dir='ltr'><strong>theatrum</strong></span> <span class='ocrx_word' id='word_1_463' title='bbox 3447 2210 3646 2291; x_wconf 82' lang='lat' dir='ltr'><strong>parari</strong></span> 
     </span>
    </p>
   </div>
   <div class='ocr_carea' id='block_1_67' title="bbox 1995 2297 3640 2383">
    <p class='ocr_par' dir='ltr' id='par_1_67' title="bbox 1995 2297 3640 2383">
     <span class='ocr_line' id='line_1_67' title="bbox 1995 2297 3640 2383; baseline 0.001 -23"><span class='ocrx_word' id='word_1_464' title='bbox 1995 2306 2055 2360; x_wconf 87' lang='lat' dir='ltr'><strong>et</strong></span> <span class='ocrx_word' id='word_1_465' title='bbox 2084 2297 2335 2371; x_wconf 83' lang='lat' dir='ltr'><strong>bestias,</strong></span> <span class='ocrx_word' id='word_1_466' title='bbox 2369 2307 2427 2359; x_wconf 94' lang='lat' dir='ltr'><strong>et</strong></span> <span class='ocrx_word' id='word_1_467' title='bbox 2458 2315 2711 2360; x_wconf 90' lang='lat' dir='ltr'><strong>numero</strong></span> <span class='ocrx_word' id='word_1_468' title='bbox 2741 2299 2977 2374; x_wconf 89' lang='lat' dir='ltr'><strong>multas,</strong></span> <span class='ocrx_word' id='word_1_469' title='bbox 3006 2307 3063 2361; x_wconf 89' lang='lat' dir='ltr'><strong>et</strong></span> <span class='ocrx_word' id='word_1_470' title='bbox 3091 2318 3316 2380; x_wconf 78' lang='lat' dir='ltr'><strong>genere</strong></span> <span class='ocrx_word' id='word_1_471' title='bbox 3344 2299 3640 2383; x_wconf 82' lang='lat' dir='ltr'><strong>diversas,</strong></span> 
     </span>
    </p>
   </div>
   <div class='ocr_carea' id='block_1_68' title="bbox 1994 2387 2759 2468">
    <p class='ocr_par' dir='ltr' id='par_1_68' title="bbox 1994 2387 2759 2468">
     <span class='ocr_line' id='line_1_68' title="bbox 1994 2387 2759 2468; baseline -0.001 -19"><span class='ocrx_word' id='word_1_472' title='bbox 1994 2395 2054 2449; x_wconf 89' lang='lat' dir='ltr'><strong>et</strong></span> <span class='ocrx_word' id='word_1_473' title='bbox 2083 2387 2430 2451; x_wconf 89' lang='lat' dir='ltr'><strong>crudelitate</strong></span> <span class='ocrx_word' id='word_1_474' title='bbox 2463 2388 2759 2468; x_wconf 85' lang='lat' dir='ltr'><strong>insignes.</strong></span> 
     </span>
    </p>
   </div>
   <div class='ocr_carea' id='block_1_69' title="bbox 2075 2476 3643 2559">
    <p class='ocr_par' dir='ltr' id='par_1_69' title="bbox 2075 2476 3643 2559">
     <span class='ocr_line' id='line_1_69' title="bbox 2075 2476 3643 2559; baseline 0.002 -20"><span class='ocrx_word' id='word_1_475' title='bbox 2075 2476 2276 2540; x_wconf 81' lang='lat' dir='ltr'><strong>XLVI.</strong></span> <span class='ocrx_word' id='word_1_476' title='bbox 2313 2480 2505 2559; x_wconf 82' lang='lat' dir='ltr'><strong>Atque</strong></span> <span class='ocrx_word' id='word_1_477' title='bbox 2536 2476 2724 2539; x_wconf 87' lang='lat' dir='ltr'><strong>sancti</strong></span> <span class='ocrx_word' id='word_1_478' title='bbox 2765 2476 3013 2559; x_wconf 89' lang='lat' dir='ltr'><strong>quidem</strong></span> <span class='ocrx_word' id='word_1_479' title='bbox 3046 2478 3241 2541; x_wconf 90' lang='lat' dir='ltr'><strong>relicti</strong></span> <span class='ocrx_word' id='word_1_480' title='bbox 3271 2479 3331 2541; x_wconf 91' lang='lat' dir='ltr'><strong>in</strong></span> <span class='ocrx_word' id='word_1_481' title='bbox 3376 2497 3643 2556; x_wconf 88' lang='lat' dir='ltr'><strong>carcere,</strong></span> 
     </span>
    </p>
   </div>
   <div class='ocr_carea' id='block_1_70' title="bbox 1995 2566 3648 2647">
    <p class='ocr_par' dir='ltr' id='par_1_70' title="bbox 1995 2566 3648 2647">
     <span class='ocr_line' id='line_1_70' title="bbox 1995 2566 3648 2647; baseline 0.003 -19"><span class='ocrx_word' id='word_1_482' title='bbox 1995 2566 2410 2630; x_wconf 84' lang='lat' dir='ltr'><strong>vehementius</strong></span> <span class='ocrx_word' id='word_1_483' title='bbox 2467 2574 2526 2629; x_wconf 91' lang='lat' dir='ltr'><strong>et</strong></span> <span class='ocrx_word' id='word_1_484' title='bbox 2581 2567 2880 2629; x_wconf 88' lang='lat' dir='ltr'><strong>intensius</strong></span> <span class='ocrx_word' id='word_1_485' title='bbox 2948 2567 3297 2647; x_wconf 78' lang='lat' dir='ltr'><strong>vigilantes,</strong></span> <span class='ocrx_word' id='word_1_486' title='bbox 3358 2568 3648 2633; x_wconf 85' lang='lat' dir='ltr'><strong>vacabant</strong></span> 
     </span>
    </p>
   </div>
   <div class='ocr_carea' id='block_1_71' title="bbox 1997 2656 3644 2739">
    <p class='ocr_par' dir='ltr' id='par_1_71' title="bbox 1997 2656 3644 2739">
     <span class='ocr_line' id='line_1_71' title="bbox 1997 2656 3644 2739; baseline 0.001 -20"><span class='ocrx_word' id='word_1_487' title='bbox 1997 2656 2278 2719; x_wconf 90' lang='lat' dir='ltr'><strong>orationi:</strong></span> <span class='ocrx_word' id='word_1_488' title='bbox 2306 2657 2503 2733; x_wconf 79' lang='lat' dir='ltr'><strong>angeli</strong></span> <span class='ocrx_word' id='word_1_489' title='bbox 2534 2667 2730 2717; x_wconf 85' lang='lat' dir='ltr'><strong>autem</strong></span> <span class='ocrx_word' id='word_1_490' title='bbox 2758 2658 2831 2719; x_wconf 83' lang='lat' dir='ltr'><strong>ad</strong></span> <span class='ocrx_word' id='word_1_491' title='bbox 2862 2676 2966 2720; x_wconf 92' lang='lat' dir='ltr'><strong>eos</strong></span> <span class='ocrx_word' id='word_1_492' title='bbox 2996 2659 3258 2739; x_wconf 89' lang='lat' dir='ltr'><strong>desuper</strong></span> <span class='ocrx_word' id='word_1_493' title='bbox 3277 2659 3644 2734; x_wconf 88' lang='lat' dir='ltr'><strong>advolantes,</strong></span> 
     </span>
    </p>
   </div>
   <div class='ocr_carea' id='block_1_72' title="bbox 1999 2745 3647 2828">
    <p class='ocr_par' dir='ltr' id='par_1_72' title="bbox 1999 2745 3647 2828">
     <span class='ocr_line' id='line_1_72' title="bbox 1999 2745 3647 2828; baseline 0.001 -20"><span class='ocrx_word' id='word_1_494' title='bbox 1999 2745 2413 2828; x_wconf 66' lang='lat' dir='ltr'><strong>prmparabant</strong></span> <span class='ocrx_word' id='word_1_495' title='bbox 2442 2755 2502 2808; x_wconf 91' lang='lat' dir='ltr'><strong>et</strong></span> <span class='ocrx_word' id='word_1_496' title='bbox 2533 2746 2967 2809; x_wconf 87' lang='lat' dir='ltr'><strong>conﬁrmabant</strong></span> <span class='ocrx_word' id='word_1_497' title='bbox 2992 2747 3064 2808; x_wconf 88' lang='lat' dir='ltr'><strong>ad</strong></span> <span class='ocrx_word' id='word_1_498' title='bbox 3092 2748 3465 2828; x_wconf 78' lang='lat' dir='ltr'><strong>martyrium.</strong></span> <span class='ocrx_word' id='word_1_499' title='bbox 3493 2749 3647 2824; x_wconf 83' lang='lat' dir='ltr'><strong>Qui-</strong></span> 
     </span>
    </p>
   </div>
   <div class='ocr_carea' id='block_1_73' title="bbox 1997 2835 3645 2918">
    <p class='ocr_par' dir='ltr' id='par_1_73' title="bbox 1997 2835 3645 2918">
     <span class='ocr_line' id='line_1_73' title="bbox 1997 2835 3645 2918; baseline 0.002 -20"><span class='ocrx_word' id='word_1_500' title='bbox 1997 2855 2235 2917; x_wconf 85' lang='lat' dir='ltr'><strong>cunque</strong></span> <span class='ocrx_word' id='word_1_501' title='bbox 2266 2854 2406 2897; x_wconf 89' lang='lat' dir='ltr'><strong>vero</strong></span> <span class='ocrx_word' id='word_1_502' title='bbox 2436 2835 2535 2897; x_wconf 88' lang='lat' dir='ltr'><strong>alii</strong></span> <span class='ocrx_word' id='word_1_503' title='bbox 2566 2844 2811 2918; x_wconf 83' lang='lat' dir='ltr'><strong>propter</strong></span> <span class='ocrx_word' id='word_1_504' title='bbox 2840 2837 2988 2898; x_wconf 89' lang='lat' dir='ltr'><strong>alias</strong></span> <span class='ocrx_word' id='word_1_505' title='bbox 3017 2838 3195 2899; x_wconf 90' lang='lat' dir='ltr'><strong>etiam</strong></span> <span class='ocrx_word' id='word_1_506' title='bbox 3231 2855 3441 2900; x_wconf 82' lang='lat' dir='ltr'><strong>causas</strong></span> <span class='ocrx_word' id='word_1_507' title='bbox 3471 2838 3645 2903; x_wconf 86' lang='lat' dir='ltr'><strong>habi-</strong></span> 
     </span>
    </p>
   </div>
   <div class='ocr_carea' id='block_1_74' title="bbox 2000 2924 3655 2999">
    <p class='ocr_par' dir='ltr' id='par_1_74' title="bbox 2000 2924 3655 2999">
     <span class='ocr_line' id='line_1_74' title="bbox 2000 2924 3655 2999; baseline 0.001 -11"><span class='ocrx_word' id='word_1_508' title='bbox 2000 2924 2204 2988; x_wconf 86' lang='lat' dir='ltr'><strong>tabant</strong></span> <span class='ocrx_word' id='word_1_509' title='bbox 2235 2927 2290 2987; x_wconf 90' lang='lat' dir='ltr'><strong>in</strong></span> <span class='ocrx_word' id='word_1_510' title='bbox 2325 2943 2594 2999; x_wconf 81' lang='lat' dir='ltr'><strong>carcere,</strong></span> <span class='ocrx_word' id='word_1_511' title='bbox 2629 2945 2761 2987; x_wconf 91' lang='lat' dir='ltr'><strong>cum</strong></span> <span class='ocrx_word' id='word_1_512' title='bbox 2800 2945 3007 2989; x_wconf 91' lang='lat' dir='ltr'><strong>eorum</strong></span> <span class='ocrx_word' id='word_1_513' title='bbox 3039 2927 3335 2989; x_wconf 87' lang='lat' dir='ltr'><strong>intensam</strong></span> <span class='ocrx_word' id='word_1_514' title='bbox 3362 2926 3655 2991; x_wconf 83' lang='lat' dir='ltr'><strong>vidissent</strong></span> 
     </span>
    </p>
   </div>
   <div class='ocr_carea' id='block_1_75' title="bbox 1998 3014 3648 3095">
    <p class='ocr_par' dir='ltr' id='par_1_75' title="bbox 1998 3014 3648 3095">
     <span class='ocr_line' id='line_1_75' title="bbox 1998 3014 3648 3095; baseline 0.002 -18"><span class='ocrx_word' id='word_1_515' title='bbox 1998 3015 2355 3095; x_wconf 88' lang='lat' dir='ltr'><strong>orationem,</strong></span> <span class='ocrx_word' id='word_1_516' title='bbox 2389 3024 2447 3077; x_wconf 92' lang='lat' dir='ltr'><strong>et</strong></span> <span class='ocrx_word' id='word_1_517' title='bbox 2477 3014 2700 3078; x_wconf 88' lang='lat' dir='ltr'><strong>deinde</strong></span> <span class='ocrx_word' id='word_1_518' title='bbox 2732 3017 2909 3078; x_wconf 87' lang='lat' dir='ltr'><strong>etiam</strong></span> <span class='ocrx_word' id='word_1_519' title='bbox 2969 3018 3303 3081; x_wconf 87' lang='lat' dir='ltr'><strong>sensissent</strong></span> <span class='ocrx_word' id='word_1_520' title='bbox 3330 3019 3648 3082; x_wconf 78' lang='lat' dir='ltr'><strong>adventum</strong></span> 
     </span>
    </p>
   </div>
   <div class='ocr_carea' id='block_1_76' title="bbox 1938 3104 3656 3212">
    <p class='ocr_par' dir='ltr' id='par_1_76' title="bbox 1938 3104 3656 3212">
     <span class='ocr_line' id='line_1_76' title="bbox 1938 3104 3656 3212; baseline 0.001 -45"><span class='ocrx_word' id='word_1_521' title='bbox 1938 3160 1980 3212; x_wconf 72' lang='lat' dir='ltr'><strong>C</strong></span> <span class='ocrx_word' id='word_1_522' title='bbox 2003 3106 2377 3212; x_wconf 38' lang='lat' dir='ltr'><strong>angelqrulm,</strong></span> <span class='ocrx_word' id='word_1_523' title='bbox 2417 3115 2473 3168; x_wconf 90' lang='lat' dir='ltr'><strong>et</strong></span> <span class='ocrx_word' id='word_1_524' title='bbox 2497 3105 2607 3212; x_wconf 71' lang='lat' dir='ltr'><strong>illa</strong></span> <span class='ocrx_word' id='word_1_525' title='bbox 2634 3104 2972 3212; x_wconf 69' lang='lat' dir='ltr'><strong>admirabili</strong></span> <span class='ocrx_word' id='word_1_526' title='bbox 3025 3106 3420 3212; x_wconf 72' lang='lat' dir='ltr'><strong>obstupefacti</strong></span> <span class='ocrx_word' id='word_1_527' title='bbox 3452 3115 3656 3211; x_wconf 75' lang='lat' dir='ltr'><strong>essent</strong></span> 
     </span>
    </p>
   </div>
   <div class='ocr_carea' id='block_1_77' title="bbox 2013 3194 3655 3272">
    <p class='ocr_par' dir='ltr' id='par_1_77' title="bbox 2013 3194 3655 3272">
     <span class='ocr_line' id='line_1_77' title="bbox 2013 3194 3655 3272; baseline 0 -14"><span class='ocrx_word' id='word_1_528' title='bbox 2013 3195 2448 3270; x_wconf 89' lang='lat' dir='ltr'><strong>consolatione,</strong></span> <span class='ocrx_word' id='word_1_529' title='bbox 2479 3194 2676 3256; x_wconf 86' lang='lat' dir='ltr'><strong>divino</strong></span> <span class='ocrx_word' id='word_1_530' title='bbox 2708 3196 2967 3272; x_wconf 89' lang='lat' dir='ltr'><strong>quodam</strong></span> <span class='ocrx_word' id='word_1_531' title='bbox 2999 3197 3214 3258; x_wconf 87' lang='lat' dir='ltr'><strong>ardore</strong></span> <span class='ocrx_word' id='word_1_532' title='bbox 3257 3215 3464 3259; x_wconf 91' lang='lat' dir='ltr'><strong>eorum</strong></span> <span class='ocrx_word' id='word_1_533' title='bbox 3495 3198 3655 3260; x_wconf 90' lang='lat' dir='ltr'><strong>inci-</strong></span> 
     </span>
    </p>
   </div>
   <div class='ocr_carea' id='block_1_78' title="bbox 2012 3286 3658 3367">
    <p class='ocr_par' dir='ltr' id='par_1_78' title="bbox 2012 3286 3658 3367">
     <span class='ocr_line' id='line_1_78' title="bbox 2012 3286 3658 3367; baseline 0.003 -21"><span class='ocrx_word' id='word_1_534' title='bbox 2012 3287 2145 3348; x_wconf 79' lang='lat' dir='ltr'><strong>tatis</strong></span> <span class='ocrx_word' id='word_1_535' title='bbox 2197 3286 2435 3360; x_wconf 89' lang='lat' dir='ltr'><strong>animis,</strong></span> <span class='ocrx_word' id='word_1_536' title='bbox 2471 3286 2790 3366; x_wconf 85' lang='lat' dir='ltr'><strong>procidunt</strong></span> <span class='ocrx_word' id='word_1_537' title='bbox 2834 3287 2905 3349; x_wconf 80' lang='lat' dir='ltr'><strong>ad</strong></span> <span class='ocrx_word' id='word_1_538' title='bbox 2961 3287 3145 3367; x_wconf 88' lang='lat' dir='ltr'><strong>pedes</strong></span> <span class='ocrx_word' id='word_1_539' title='bbox 3194 3295 3565 3364; x_wconf 90' lang='lat' dir='ltr'><strong>sanctorum,</strong></span> <span class='ocrx_word' id='word_1_540' title='bbox 3597 3296 3658 3351; x_wconf 93' lang='lat' dir='ltr'><strong>et</strong></span> 
     </span>
    </p>
   </div>
   <div class='ocr_carea' id='block_1_79' title="bbox 2008 3376 3654 3457">
    <p class='ocr_par' dir='ltr' id='par_1_79' title="bbox 2008 3376 3654 3457">
     <span class='ocr_line' id='line_1_79' title="bbox 2008 3376 3654 3457; baseline 0.001 -21"><span class='ocrx_word' id='word_1_541' title='bbox 2008 3383 2220 3454; x_wconf 84' lang='lat' dir='ltr'><strong>rogant</strong></span> <span class='ocrx_word' id='word_1_542' title='bbox 2250 3385 2314 3435; x_wconf 92' lang='lat' dir='ltr'><strong>ut</strong></span> <span class='ocrx_word' id='word_1_543' title='bbox 2338 3376 2451 3455; x_wconf 85' lang='lat' dir='ltr'><strong>ipsi</strong></span> <span class='ocrx_word' id='word_1_544' title='bbox 2482 3395 2719 3457; x_wconf 86' lang='lat' dir='ltr'><strong>quoque</strong></span> <span class='ocrx_word' id='word_1_545' title='bbox 2740 3377 2981 3438; x_wconf 88' lang='lat' dir='ltr'><strong>veniant</strong></span> <span class='ocrx_word' id='word_1_546' title='bbox 3009 3378 3081 3438; x_wconf 87' lang='lat' dir='ltr'><strong>ad</strong></span> <span class='ocrx_word' id='word_1_547' title='bbox 3116 3376 3330 3441; x_wconf 85' lang='lat' dir='ltr'><strong>Christi</strong></span> <span class='ocrx_word' id='word_1_548' title='bbox 3364 3377 3654 3456; x_wconf 84' lang='lat' dir='ltr'><strong>cognitio-</strong></span> 
     </span>
    </p>
   </div>
   <div class='ocr_carea' id='block_1_80' title="bbox 2009 3466 3657 3549">
    <p class='ocr_par' dir='ltr' id='par_1_80' title="bbox 2009 3466 3657 3549">
     <span class='ocr_line' id='line_1_80' title="bbox 2009 3466 3657 3549; baseline 0.002 -23"><span class='ocrx_word' id='word_1_549' title='bbox 2009 3483 2171 3544; x_wconf 87' lang='lat' dir='ltr'><strong>nem,</strong></span> <span class='ocrx_word' id='word_1_550' title='bbox 2205 3472 2268 3527; x_wconf 91' lang='lat' dir='ltr'><strong>et</strong></span> <span class='ocrx_word' id='word_1_551' title='bbox 2302 3484 2374 3525; x_wconf 87' lang='lat' dir='ltr'><strong>ne</strong></span> <span class='ocrx_word' id='word_1_552' title='bbox 2405 3472 2766 3545; x_wconf 79' lang='lat' dir='ltr'><strong>repetentur</strong></span> <span class='ocrx_word' id='word_1_553' title='bbox 2818 3466 3068 3545; x_wconf 83' lang='lat' dir='ltr'><strong>indigni,</strong></span> <span class='ocrx_word' id='word_1_554' title='bbox 3104 3467 3206 3549; x_wconf 89' lang='lat' dir='ltr'><strong>qui</strong></span> <span class='ocrx_word' id='word_1_555' title='bbox 3258 3467 3428 3529; x_wconf 88' lang='lat' dir='ltr'><strong>illum</strong></span> <span class='ocrx_word' id='word_1_556' title='bbox 3461 3468 3657 3530; x_wconf 83' lang='lat' dir='ltr'><strong>conﬁ-</strong></span> 
     </span>
    </p>
   </div>
   <div class='ocr_carea' id='block_1_81' title="bbox 2007 3553 3658 3638">
    <p class='ocr_par' dir='ltr' id='par_1_81' title="bbox 2007 3553 3658 3638">
     <span class='ocr_line' id='line_1_81' title="bbox 2007 3553 3658 3638; baseline 0.001 -21"><span class='ocrx_word' id='word_1_557' title='bbox 2007 3560 2262 3617; x_wconf 87' lang='lat' dir='ltr'><strong>teantur.</strong></span> <span class='ocrx_word' id='word_1_558' title='bbox 2310 3553 2400 3614; x_wconf 89' lang='lat' dir='ltr'><strong>llli</strong></span> <span class='ocrx_word' id='word_1_559' title='bbox 2451 3562 2648 3616; x_wconf 90' lang='lat' dir='ltr'><strong>autem</strong></span> <span class='ocrx_word' id='word_1_560' title='bbox 2701 3574 2836 3617; x_wconf 91' lang='lat' dir='ltr'><strong>cum</strong></span> <span class='ocrx_word' id='word_1_561' title='bbox 2899 3556 2986 3617; x_wconf 90' lang='lat' dir='ltr'><strong>eis</strong></span> <span class='ocrx_word' id='word_1_562' title='bbox 3034 3556 3109 3618; x_wconf 92' lang='lat' dir='ltr'><strong>ad</strong></span> <span class='ocrx_word' id='word_1_563' title='bbox 3162 3557 3420 3619; x_wconf 88' lang='lat' dir='ltr'><strong>mediam</strong></span> <span class='ocrx_word' id='word_1_564' title='bbox 3467 3575 3658 3638; x_wconf 90' lang='lat' dir='ltr'><strong>usque</strong></span> 
     </span>
    </p>
   </div>
   <div class='ocr_carea' id='block_1_82' title="bbox 2006 3642 3657 3726">
    <p class='ocr_par' dir='ltr' id='par_1_82' title="bbox 2006 3642 3657 3726">
     <span class='ocr_line' id='line_1_82' title="bbox 2006 3642 3657 3726; baseline 0.001 -20"><span class='ocrx_word' id='word_1_565' title='bbox 2006 3650 2244 3706; x_wconf 88' lang='lat' dir='ltr'><strong>noctem</strong></span> <span class='ocrx_word' id='word_1_566' title='bbox 2277 3642 2670 3713; x_wconf 77' lang='lat' dir='ltr'><strong>disserentes.</strong></span> <span class='ocrx_word' id='word_1_567' title='bbox 2704 3644 3056 3726; x_wconf 84' lang='lat' dir='ltr'><strong>suadentes,</strong></span> <span class='ocrx_word' id='word_1_568' title='bbox 3089 3646 3507 3723; x_wconf 89' lang='lat' dir='ltr'><strong>admonentes,</strong></span> <span class='ocrx_word' id='word_1_569' title='bbox 3543 3647 3657 3709; x_wconf 86' lang='lat' dir='ltr'><strong>do-</strong></span> 
     </span>
    </p>
   </div>
   <div class='ocr_carea' id='block_1_83' title="bbox 2007 3736 3662 3820">
    <p class='ocr_par' dir='ltr' id='par_1_83' title="bbox 2007 3736 3662 3820">
     <span class='ocr_line' id='line_1_83' title="bbox 2007 3736 3662 3820; baseline 0.002 -23"><span class='ocrx_word' id='word_1_570' title='bbox 2007 3744 2237 3805; x_wconf 82' lang='lat' dir='ltr'><strong>centes,</strong></span> <span class='ocrx_word' id='word_1_571' title='bbox 2274 3754 2392 3795; x_wconf 89' lang='lat' dir='ltr'><strong>non</strong></span> <span class='ocrx_word' id='word_1_572' title='bbox 2444 3737 2609 3816; x_wconf 89' lang='lat' dir='ltr'><strong>prius</strong></span> <span class='ocrx_word' id='word_1_573' title='bbox 2641 3736 3024 3813; x_wconf 86' lang='lat' dir='ltr'><strong>destiterunt,</strong></span> <span class='ocrx_word' id='word_1_574' title='bbox 3060 3758 3234 3820; x_wconf 89' lang='lat' dir='ltr'><strong>quam</strong></span> <span class='ocrx_word' id='word_1_575' title='bbox 3268 3758 3373 3802; x_wconf 88' lang='lat' dir='ltr'><strong>eos</strong></span> <span class='ocrx_word' id='word_1_576' title='bbox 3429 3740 3490 3802; x_wconf 90' lang='lat' dir='ltr'><strong>in</strong></span> <span class='ocrx_word' id='word_1_577' title='bbox 3525 3756 3662 3803; x_wconf 87' lang='lat' dir='ltr'><strong>vera</strong></span> 
     </span>
    </p>
   </div>
   <div class='ocr_carea' id='block_1_84' title="bbox 2009 3824 3661 3910">
    <p class='ocr_par' dir='ltr' id='par_1_84' title="bbox 2009 3824 3661 3910">
     <span class='ocr_line' id='line_1_84' title="bbox 2009 3824 3661 3910; baseline 0.003 -24"><span class='ocrx_word' id='word_1_578' title='bbox 2009 3825 2126 3887; x_wconf 88' lang='lat' dir='ltr'><strong>ﬁde</strong></span> <span class='ocrx_word' id='word_1_579' title='bbox 2183 3824 2576 3902; x_wconf 83' lang='lat' dir='ltr'><strong>instituerint,</strong></span> <span class='ocrx_word' id='word_1_580' title='bbox 2608 3833 2665 3888; x_wconf 91' lang='lat' dir='ltr'><strong>et</strong></span> <span class='ocrx_word' id='word_1_581' title='bbox 2716 3826 2923 3889; x_wconf 87' lang='lat' dir='ltr'><strong>divino</strong></span> <span class='ocrx_word' id='word_1_582' title='bbox 2957 3826 3256 3909; x_wconf 84' lang='lat' dir='ltr'><strong>baptismo</strong></span> <span class='ocrx_word' id='word_1_583' title='bbox 3302 3829 3661 3910; x_wconf 74' lang='lat' dir='ltr'><strong>obsignave-</strong></span> 
     </span>
    </p>
   </div>
   <div class='ocr_carea' id='block_1_85' title="bbox 2009 3912 3665 3995">
    <p class='ocr_par' dir='ltr' id='par_1_85' title="bbox 2009 3912 3665 3995">
     <span class='ocr_line' id='line_1_85' title="bbox 2009 3912 3665 3995; baseline 0.004 -18"><span class='ocrx_word' id='word_1_584' title='bbox 2009 3915 2153 3978; x_wconf 81' lang='lat' dir='ltr'><strong>rint.</strong></span> <span class='ocrx_word' id='word_1_585' title='bbox 2189 3912 2422 3976; x_wconf 87' lang='lat' dir='ltr'><strong>Deinde</strong></span> <span class='ocrx_word' id='word_1_586' title='bbox 2473 3933 2608 3977; x_wconf 84' lang='lat' dir='ltr'><strong>cum</strong></span> <span class='ocrx_word' id='word_1_587' title='bbox 2643 3933 2892 3995; x_wconf 82' lang='lat' dir='ltr'><strong>magnus</strong></span> <span class='ocrx_word' id='word_1_588' title='bbox 2923 3916 3205 3980; x_wconf 89' lang='lat' dir='ltr'><strong>Clemens</strong></span> <span class='ocrx_word' id='word_1_589' title='bbox 3233 3918 3358 3979; x_wconf 91' lang='lat' dir='ltr'><strong>sola</strong></span> <span class='ocrx_word' id='word_1_590' title='bbox 3393 3920 3665 3982; x_wconf 87' lang='lat' dir='ltr'><strong>oratione</strong></span> 
     </span>
    </p>
   </div>
   <div class='ocr_carea' id='block_1_86' title="bbox 2012 4003 3662 4090">
    <p class='ocr_par' dir='ltr' id='par_1_86' title="bbox 2012 4003 3662 4090">
     <span class='ocr_line' id='line_1_86' title="bbox 2012 4003 3662 4090; baseline 0.004 -23"><span class='ocrx_word' id='word_1_591' title='bbox 2012 4005 2097 4068; x_wconf 89' lang='lat' dir='ltr'><strong>eis</strong></span> <span class='ocrx_word' id='word_1_592' title='bbox 2127 4003 2389 4065; x_wconf 76' lang='lat' dir='ltr'><strong>carceris</strong></span> <span class='ocrx_word' id='word_1_593' title='bbox 2412 4014 2593 4066; x_wconf 69' lang='lat' dir='ltr'><strong>totam</strong></span> <span class='ocrx_word' id='word_1_594' title='bbox 2628 4006 2962 4085; x_wconf 87' lang='lat' dir='ltr'><strong>aperuisset</strong></span> <span class='ocrx_word' id='word_1_595' title='bbox 2981 4008 3389 4084; x_wconf 87' lang='lat' dir='ltr'><strong>januam,illos</strong></span> <span class='ocrx_word' id='word_1_596' title='bbox 3416 4009 3662 4090; x_wconf 90' lang='lat' dir='ltr'><strong>quidem</strong></span> 
     </span>
    </p>
   </div>
   <div class='ocr_carea' id='block_1_87' title="bbox 2012 4093 3663 4178">
    <p class='ocr_par' dir='ltr' id='par_1_87' title="bbox 2012 4093 3663 4178">
     <span class='ocr_line' id='line_1_87' title="bbox 2012 4093 3663 4178; baseline 0.004 -23"><span class='ocrx_word' id='word_1_597' title='bbox 2012 4093 2182 4157; x_wconf 65' lang='lat' dir='ltr'><strong>laetus</strong></span> <span class='ocrx_word' id='word_1_598' title='bbox 2215 4093 2383 4156; x_wconf 65' lang='lat' dir='ltr'><strong>laetos</strong></span> <span class='ocrx_word' id='word_1_599' title='bbox 2415 4093 2645 4156; x_wconf 90' lang='lat' dir='ltr'><strong>uimisit</strong></span> <span class='ocrx_word' id='word_1_600' title='bbox 2679 4115 2692 4157; x_wconf 91' lang='lat'><strong>:</strong></span> <span class='ocrx_word' id='word_1_601' title='bbox 2754 4094 2883 4177; x_wconf 89' lang='lat' dir='ltr'><strong>ipse</strong></span> <span class='ocrx_word' id='word_1_602' title='bbox 2912 4104 3111 4159; x_wconf 89' lang='lat' dir='ltr'><strong>autem</strong></span> <span class='ocrx_word' id='word_1_603' title='bbox 3143 4097 3306 4159; x_wconf 89' lang='lat' dir='ltr'><strong>solus</strong></span> <span class='ocrx_word' id='word_1_604' title='bbox 3335 4116 3470 4159; x_wconf 89' lang='lat' dir='ltr'><strong>cum</strong></span> <span class='ocrx_word' id='word_1_605' title='bbox 3502 4099 3663 4178; x_wconf 75' lang='lat' dir='ltr'><strong>Aga-</strong></span> 
     </span>
    </p>
   </div>
   <div class='ocr_carea' id='block_1_88' title="bbox 2012 4182 2963 4263">
    <p class='ocr_par' dir='ltr' id='par_1_88' title="bbox 2012 4182 2963 4263">
     <span class='ocr_line' id='line_1_88' title="bbox 2012 4182 2963 4263; baseline 0.003 -18"><span class='ocrx_word' id='word_1_606' title='bbox 2012 4182 2292 4263; x_wconf 77' lang='lat' dir='ltr'><strong>thangelo</strong></span> <span class='ocrx_word' id='word_1_607' title='bbox 2330 4186 2547 4245; x_wconf 86' lang='lat' dir='ltr'><strong>mansit</strong></span> <span class='ocrx_word' id='word_1_608' title='bbox 2577 4184 2633 4245; x_wconf 91' lang='lat' dir='ltr'><strong>in</strong></span> <span class='ocrx_word' id='word_1_609' title='bbox 2667 4185 2963 4249; x_wconf 86' lang='lat' dir='ltr'><strong>custodia.</strong></span> 
     </span>
    </p>
   </div>
   <div class='ocr_carea' id='block_1_89' title="bbox 2070 4360 3664 4445">
    <p class='ocr_par' dir='ltr' id='par_1_89' title="bbox 2070 4360 3664 4445">
     <span class='ocr_line' id='line_1_89' title="bbox 2070 4360 3664 4445; baseline 0.005 -21"><span class='ocrx_word' id='word_1_610' title='bbox 2070 4360 2271 4426; x_wconf 81' lang='lat' dir='ltr'><strong>XLVII</strong></span> <span class='ocrx_word' id='word_1_611' title='bbox 2289 4365 2435 4425; x_wconf 85' lang='lat' dir='ltr'><strong>.Hoc</strong></span> <span class='ocrx_word' id='word_1_612' title='bbox 2459 4363 2853 4445; x_wconf 79' lang='lat' dir='ltr'><strong>Agrippinum</strong></span> <span class='ocrx_word' id='word_1_613' title='bbox 2878 4364 3046 4427; x_wconf 86' lang='lat' dir='ltr'><strong>valde</strong></span> <span class='ocrx_word' id='word_1_614' title='bbox 3063 4384 3275 4444; x_wconf 80' lang='lat' dir='ltr'><strong>magno</strong></span> <span class='ocrx_word' id='word_1_615' title='bbox 3298 4369 3412 4429; x_wconf 87' lang='lat' dir='ltr'><strong>ciet</strong></span> <span class='ocrx_word' id='word_1_616' title='bbox 3438 4368 3664 4445; x_wconf 82' lang='lat' dir='ltr'><strong>furore,</strong></span> 
     </span>
    </p>
   </div>
   <div class='ocr_carea' id='block_1_90' title="bbox 271 4437 1925 4540">
    <p class='ocr_par' dir='ltr' id='par_1_90' title="bbox 271 4437 1925 4521">
     <span class='ocr_line' id='line_1_90' title="bbox 271 4437 1925 4521; baseline -0.004 -22"><span class='ocrx_word' id='word_1_617' title='bbox 271 4441 570 4521; x_wconf 82' lang='grc' dir='ltr'>παργαγὼν</span> <span class='ocrx_word' id='word_1_618' title='bbox 615 4440 802 4504; x_wconf 70' lang='grc' dir='ltr'>αὐτοὺς</span> <span class='ocrx_word' id='word_1_619' title='bbox 863 4441 938 4502; x_wconf 75' lang='grc' dir='ltr'>εἰς</span> <span class='ocrx_word' id='word_1_620' title='bbox 1010 4440 1072 4494; x_wconf 79' lang='grc' dir='ltr'>τὸ</span> <span class='ocrx_word' id='word_1_621' title='bbox 1125 4437 1364 4514; x_wconf 81' lang='grc' dir='ltr'>θέατρον,</span> <span class='ocrx_word' id='word_1_622' title='bbox 1424 4439 1513 4495; x_wconf 87' lang='grc' dir='ltr'><strong>καί</strong></span> <span class='ocrx_word' id='word_1_623' title='bbox 1568 4461 1618 4495; x_wconf 90' lang='grc' dir='ltr'><strong>τι</strong></span> <span class='ocrx_word' id='word_1_624' title='bbox 1676 4440 1925 4516; x_wconf 83' lang='grc' dir='ltr'>πρότερον</span> 
     </span>
    </p>
   </div>
   <div class='ocr_carea' id='block_1_91' title="bbox 2007 4437 3669 4540">
    <p class='ocr_par' dir='ltr' id='par_1_91' title="bbox 2015 4437 3669 4540">
     <span class='ocr_line' id='line_1_91' title="bbox 2015 4437 3669 4540; baseline 0.004 -26"><span class='ocrx_word' id='word_1_625' title='bbox 2015 4460 2073 4514; x_wconf 89' lang='lat' dir='ltr'><strong>et</strong></span> <span class='ocrx_word' id='word_1_626' title='bbox 2116 4470 2254 4513; x_wconf 90' lang='lat' dir='ltr'><strong>cum</strong></span> <span class='ocrx_word' id='word_1_627' title='bbox 2288 4471 2390 4514; x_wconf 87' lang='lat' dir='ltr'><strong>eos</strong></span> <span class='ocrx_word' id='word_1_628' title='bbox 2423 4437 2774 4515; x_wconf 59' lang='lat' dir='ltr'><strong>deduiisset</strong></span> <span class='ocrx_word' id='word_1_629' title='bbox 2802 4454 2862 4514; x_wconf 92' lang='lat' dir='ltr'><strong>in</strong></span> <span class='ocrx_word' id='word_1_630' title='bbox 2897 4437 3223 4532; x_wconf 76' lang='lat' dir='ltr'><strong>theatrum,</strong></span> <span class='ocrx_word' id='word_1_631' title='bbox 3252 4465 3312 4519; x_wconf 90' lang='lat' dir='ltr'><strong>et</strong></span> <span class='ocrx_word' id='word_1_632' title='bbox 3342 4457 3470 4538; x_wconf 88' lang='lat' dir='ltr'><strong>ipse</strong></span> <span class='ocrx_word' id='word_1_633' title='bbox 3501 4437 3669 4540; x_wconf 74' lang='lat' dir='ltr'><strong>prius</strong></span> 
     </span>
    </p>
   </div>
   <div class='ocr_carea' id='block_1_92' title="bbox 276 4524 1925 4623">
    <p class='ocr_par' dir='ltr' id='par_1_92' title="bbox 276 4526 1925 4607">
     <span class='ocr_line' id='line_1_92' title="bbox 276 4526 1925 4607; baseline -0.004 -20"><span class='ocrx_word' id='word_1_634' title='bbox 276 4532 440 4592; x_wconf 74' lang='grc' dir='ltr'>αὒτὸς</span> <span class='ocrx_word' id='word_1_635' title='bbox 512 4529 648 4586; x_wconf 82' lang='grc' dir='ltr'>κατᾶ</span> <span class='ocrx_word' id='word_1_636' title='bbox 705 4533 811 4585; x_wconf 81' lang='grc' dir='ltr'>τῶν</span> <span class='ocrx_word' id='word_1_637' title='bbox 874 4529 1043 4605; x_wconf 84' lang='grc' dir='ltr'>ἁγίων</span> <span class='ocrx_word' id='word_1_638' title='bbox 1100 4526 1287 4607; x_wconf 82' lang='grc' dir='ltr'>βρύξας</span> <span class='ocrx_word' id='word_1_639' title='bbox 1349 4526 1610 4598; x_wconf 85' lang='grc' dir='ltr'>λεόντιον,</span> <span class='ocrx_word' id='word_1_640' title='bbox 1662 4527 1788 4584; x_wconf 72' lang='grc' dir='ltr'>εἶτα</span> <span class='ocrx_word' id='word_1_641' title='bbox 1842 4527 1925 4583; x_wconf 73' lang='grc' dir='ltr'><strong>καὶ</strong></span> 
     </span>
    </p>
   </div>
   <div class='ocr_carea' id='block_1_93' title="bbox 2007 4524 3668 4623">
    <p class='ocr_par' dir='ltr' id='par_1_93' title="bbox 2016 4524 3668 4623">
     <span class='ocr_line' id='line_1_93' title="bbox 2016 4524 3668 4623; baseline 0.006 -21"><span class='ocrx_word' id='word_1_642' title='bbox 2016 4558 2183 4603; x_wconf 91' lang='lat' dir='ltr'><strong>more</strong></span> <span class='ocrx_word' id='word_1_643' title='bbox 2236 4540 2428 4604; x_wconf 88' lang='lat' dir='ltr'><strong>leonis</strong></span> <span class='ocrx_word' id='word_1_644' title='bbox 2460 4542 2518 4603; x_wconf 90' lang='lat' dir='ltr'><strong>in</strong></span> <span class='ocrx_word' id='word_1_645' title='bbox 2568 4551 2809 4604; x_wconf 80' lang='lat' dir='ltr'><strong>sanctos</strong></span> <span class='ocrx_word' id='word_1_646' title='bbox 2853 4544 3159 4623; x_wconf 83' lang='lat' dir='ltr'><strong>rugiisset,</strong></span> <span class='ocrx_word' id='word_1_647' title='bbox 3195 4524 3417 4610; x_wconf 80' lang='lat' dir='ltr'><strong>deinde</strong></span> <span class='ocrx_word' id='word_1_648' title='bbox 3468 4524 3529 4611; x_wconf 74' lang='lat' dir='ltr'><strong>in</strong></span> <span class='ocrx_word' id='word_1_649' title='bbox 3563 4566 3668 4612; x_wconf 85' lang='lat' dir='ltr'><strong>eos</strong></span> 
     </span>
    </p>
   </div>
   <div class='ocr_carea' id='block_1_94' title="bbox 273 4616 1927 4695">
    <p class='ocr_par' dir='ltr' id='par_1_94' title="bbox 273 4616 1927 4695">
     <span class='ocr_line' id='line_1_94' title="bbox 273 4616 1927 4695; baseline -0.001 -19"><span class='ocrx_word' id='word_1_650' title='bbox 273 4618 497 4681; x_wconf 72' lang='grc' dir='ltr'>λέοντας</span> <span class='ocrx_word' id='word_1_651' title='bbox 577 4617 761 4681; x_wconf 72' lang='grc' dir='ltr'>αὖτοῖς</span> <span class='ocrx_word' id='word_1_652' title='bbox 836 4619 925 4673; x_wconf 75' lang='grc' dir='ltr'><strong>καὶ</strong></span> <span class='ocrx_word' id='word_1_653' title='bbox 993 4616 1226 4681; x_wconf 78' lang='grc' dir='ltr'>πολλοὺς</span> <span class='ocrx_word' id='word_1_654' title='bbox 1298 4621 1403 4672; x_wconf 84' lang='grc' dir='ltr'><strong>τῶν</strong></span> <span class='ocrx_word' id='word_1_655' title='bbox 1472 4619 1650 4693; x_wconf 79' lang='grc' dir='ltr'>θηρῶν</span> <span class='ocrx_word' id='word_1_656' title='bbox 1721 4616 1927 4695; x_wconf 76' lang='grc' dir='ltr'>ἐτέρους</span> 
     </span>
    </p>
   </div>
   <div class='ocr_carea' id='block_1_95' title="bbox 276 4703 1930 4789">
    <p class='ocr_par' dir='ltr' id='par_1_95' title="bbox 276 4703 1930 4789">
     <span class='ocr_line' id='line_1_95' title="bbox 276 4703 1930 4789; baseline -0.002 -24"><span class='ocrx_word' id='word_1_657' title='bbox 276 4707 538 4789; x_wconf 70' lang='grc' dir='ltr'>ἀφεθῆναι</span> <span class='ocrx_word' id='word_1_658' title='bbox 599 4705 832 4779; x_wconf 22' lang='grc' dir='ltr'>κελεύει..</span> <span class='ocrx_word' id='word_1_659' title='bbox 888 4707 948 4764; x_wconf 74' lang='grc' dir='ltr'><strong>Οἱ</strong></span> <span class='ocrx_word' id='word_1_660' title='bbox 1004 4703 1051 4761; x_wconf 83' lang='grc' dir='ltr'>δ’</span> <span class='ocrx_word' id='word_1_661' title='bbox 1096 4705 1363 4768; x_wconf 80' lang='grc' dir='ltr'>ἀνεθέντες</span> <span class='ocrx_word' id='word_1_662' title='bbox 1409 4705 1529 4769; x_wconf 82' lang='grc' dir='ltr'>τοὺς</span> <span class='ocrx_word' id='word_1_663' title='bbox 1588 4706 1688 4780; x_wconf 76' lang='grc' dir='ltr'>μὲν</span> <span class='ocrx_word' id='word_1_664' title='bbox 1745 4706 1930 4784; x_wconf 85' lang='grc' dir='ltr'>ἀγιους</span> 
     </span>
    </p>
   </div>
   <div class='ocr_carea' id='block_1_96' title="bbox 278 4793 1930 4875">
    <p class='ocr_par' dir='ltr' id='par_1_96' title="bbox 278 4793 1930 4875">
     <span class='ocr_line' id='line_1_96' title="bbox 278 4793 1930 4875; baseline -0.003 -19"><span class='ocrx_word' id='word_1_665' title='bbox 278 4798 428 4858; x_wconf 65' lang='grc' dir='ltr'>οὔδὲν</span> <span class='ocrx_word' id='word_1_666' title='bbox 476 4798 539 4853; x_wconf 76' lang='grc' dir='ltr'>τὸ</span> <span class='ocrx_word' id='word_1_667' title='bbox 596 4796 849 4875; x_wconf 77' lang='grc' dir='ltr'>παράπαν</span> <span class='ocrx_word' id='word_1_668' title='bbox 906 4800 1089 4857; x_wconf 77' lang='grc' dir='ltr'>κακῶς</span> <span class='ocrx_word' id='word_1_669' title='bbox 1164 4795 1421 4867; x_wconf 67' lang='grc' dir='ltr'>ἓποίουν,</span> <span class='ocrx_word' id='word_1_670' title='bbox 1480 4793 1619 4850; x_wconf 79' lang='grc' dir='ltr'>ἀλλὰ</span> <span class='ocrx_word' id='word_1_671' title='bbox 1693 4797 1776 4851; x_wconf 76' lang='grc' dir='ltr'><strong>καὶ</strong></span> <span class='ocrx_word' id='word_1_672' title='bbox 1834 4793 1930 4865; x_wconf 68' lang='grc' dir='ltr'><strong>ἡδὺ</strong></span> 
     </span>
    </p>
   </div>
   <div class='ocr_carea' id='block_1_97' title="bbox 278 4884 1931 4964">
    <p class='ocr_par' dir='ltr' id='par_1_97' title="bbox 278 4884 1931 4964">
     <span class='ocr_line' id='line_1_97' title="bbox 278 4884 1931 4964; baseline -0.001 -20"><span class='ocrx_word' id='word_1_673' title='bbox 278 4886 487 4962; x_wconf 81' lang='grc' dir='ltr'>μᾶλλον</span> <span class='ocrx_word' id='word_1_674' title='bbox 541 4887 631 4943; x_wconf 86' lang='grc' dir='ltr'>καὶ</span> <span class='ocrx_word' id='word_1_675' title='bbox 657 4885 858 4963; x_wconf 67' lang='grc' dir='ltr'>ἥμερον</span> <span class='ocrx_word' id='word_1_676' title='bbox 914 4885 985 4946; x_wconf 70' lang='grc' dir='ltr'><strong>είς</strong></span> <span class='ocrx_word' id='word_1_677' title='bbox 1020 4884 1202 4946; x_wconf 68' lang='grc' dir='ltr'>αὐτοὺς</span> <span class='ocrx_word' id='word_1_678' title='bbox 1238 4884 1441 4964; x_wconf 75' lang='grc' dir='ltr'>ἐώρων,</span> <span class='ocrx_word' id='word_1_679' title='bbox 1474 4885 1560 4940; x_wconf 81' lang='grc' dir='ltr'><strong>καὶ</strong></span> <span class='ocrx_word' id='word_1_680' title='bbox 1618 4891 1704 4940; x_wconf 83' lang='grc' dir='ltr'>νῦν</span> <span class='ocrx_word' id='word_1_681' title='bbox 1737 4886 1834 4959; x_wconf 79' lang='grc' dir='ltr'>μὲν</span> <span class='ocrx_word' id='word_1_682' title='bbox 1866 4886 1931 4942; x_wconf 74' lang='grc' dir='ltr'><strong>τὰ</strong></span> 
     </span>
    </p>
   </div>
   <div class='ocr_carea' id='block_1_98' title="bbox 196 4971 1929 5057">
    <p class='ocr_par' dir='ltr' id='par_1_98' title="bbox 196 4971 1929 5057">
     <span class='ocr_line' id='line_1_98' title="bbox 196 4971 1929 5057; baseline -0.001 -25"><span class='ocrx_word' id='word_1_683' title='bbox 196 5033 213 5051; x_wconf 52' lang='grc' dir='ltr'><strong><em>ο</em></strong></span> <span class='ocrx_word' id='word_1_684' title='bbox 276 4978 420 5057; x_wconf 70' lang='grc' dir='ltr'>’ίχνη</span> <span class='ocrx_word' id='word_1_685' title='bbox 471 4975 672 5032; x_wconf 82' lang='grc' dir='ltr'>τούτων</span> <span class='ocrx_word' id='word_1_686' title='bbox 702 4973 898 5052; x_wconf 77' lang='grc' dir='ltr'>ἱλαρῶς</span> <span class='ocrx_word' id='word_1_687' title='bbox 938 4972 1310 5053; x_wconf 78' lang='grc' dir='ltr'>περιέλειχον,</span> <span class='ocrx_word' id='word_1_688' title='bbox 1348 4980 1407 5029; x_wconf 75' lang='grc' dir='ltr'>νῦ</span> <span class='ocrx_word' id='word_1_689' title='bbox 1457 4971 1628 5029; x_wconf 79' lang='grc' dir='ltr'>δὲκαὶ</span> <span class='ocrx_word' id='word_1_690' title='bbox 1684 4972 1929 5053; x_wconf 75' lang='grc' dir='ltr'>προσήλ-</span> 
     </span>
    </p>
   </div>
   <div class='ocr_carea' id='block_1_99' title="bbox 276 5062 1937 5143">
    <p class='ocr_par' dir='ltr' id='par_1_99' title="bbox 276 5062 1937 5143">
     <span class='ocr_line' id='line_1_99' title="bbox 276 5062 1937 5143; baseline -0.002 -20"><span class='ocrx_word' id='word_1_691' title='bbox 276 5065 437 5123; x_wconf 84' lang='grc' dir='ltr'>λοντο</span> <span class='ocrx_word' id='word_1_692' title='bbox 495 5068 808 5143; x_wconf 83' lang='grc' dir='ltr'>προσηνῶς,</span> <span class='ocrx_word' id='word_1_693' title='bbox 843 5063 938 5119; x_wconf 72' lang='grc' dir='ltr'><strong>οὒκ</strong></span> <span class='ocrx_word' id='word_1_694' title='bbox 967 5062 1195 5138; x_wconf 79' lang='grc' dir='ltr'>ἀνόμοια</span> <span class='ocrx_word' id='word_1_695' title='bbox 1252 5075 1367 5126; x_wconf 75' lang='grc' dir='ltr'>τοῖς</span> <span class='ocrx_word' id='word_1_696' title='bbox 1399 5064 1510 5120; x_wconf 71' lang='lat' dir='ltr'><strong>voci</strong></span> <span class='ocrx_word' id='word_1_697' title='bbox 1567 5064 1870 5139; x_wconf 84' lang='grc' dir='ltr'>ποίοὗντες,</span> <span class='ocrx_word' id='word_1_698' title='bbox 1904 5063 1937 5119; x_wconf 81' lang='grc' dir='ltr'>ἂ</span> 
     </span>
    </p>
   </div>
   <div class='ocr_carea' id='block_1_100' title="bbox 276 5150 1934 5232">
    <p class='ocr_par' dir='ltr' id='par_1_100' title="bbox 276 5150 1934 5232">
     <span class='ocr_line' id='line_1_100' title="bbox 276 5150 1934 5232; baseline -0.001 -20"><span class='ocrx_word' id='word_1_699' title='bbox 276 5157 407 5232; x_wconf 77' lang='grc' dir='ltr'>πρὸς</span> <span class='ocrx_word' id='word_1_700' title='bbox 466 5155 587 5217; x_wconf 74' lang='grc' dir='ltr'>τοὺς</span> <span class='ocrx_word' id='word_1_701' title='bbox 618 5150 884 5217; x_wconf 78' lang='grc' dir='ltr'>δεσπότας</span> <span class='ocrx_word' id='word_1_702' title='bbox 930 5153 1051 5217; x_wconf 81' lang='grc' dir='ltr'>τοὺς</span> <span class='ocrx_word' id='word_1_703' title='bbox 1114 5153 1313 5208; x_wconf 76' lang='grc' dir='ltr'>ἑαυτῶν</span> <span class='ocrx_word' id='word_1_704' title='bbox 1356 5152 1559 5210; x_wconf 79' lang='grc' dir='ltr'>ἐκεῖνοι</span> <span class='ocrx_word' id='word_1_705' title='bbox 1587 5150 1748 5232; x_wconf 83' lang='grc' dir='ltr'>δρῶσι</span> <span class='ocrx_word' id='word_1_706' title='bbox 1804 5153 1934 5211; x_wconf 84' lang='grc' dir='ltr'>πολ-</span> 
     </span>
    </p>
   </div>
   <div class='ocr_carea' id='block_1_101' title="bbox 273 5242 1934 5322">
    <p class='ocr_par' dir='ltr' id='par_1_101' title="bbox 273 5242 1934 5322">
     <span class='ocr_line' id='line_1_101' title="bbox 273 5242 1934 5322; baseline 0.001 -23"><span class='ocrx_word' id='word_1_707' title='bbox 273 5243 431 5307; x_wconf 70' lang='grc' dir='ltr'>)ἀκις</span> <span class='ocrx_word' id='word_1_708' title='bbox 492 5245 627 5317; x_wconf 67' lang='grc' dir='ltr'>μετὰ</span> <span class='ocrx_word' id='word_1_709' title='bbox 658 5242 859 5322; x_wconf 70' lang='grc' dir='ltr'>χρόνον</span> <span class='ocrx_word' id='word_1_710' title='bbox 910 5243 1255 5306; x_wconf 78' lang='grc' dir='ltr'>ἑπανιὸντας’</span> <span class='ocrx_word' id='word_1_711' title='bbox 1287 5243 1408 5307; x_wconf 79' lang='grc' dir='ltr'>τοὺς</span> <span class='ocrx_word' id='word_1_712' title='bbox 1469 5243 1566 5317; x_wconf 80' lang='grc' dir='ltr'>μὲν</span> <span class='ocrx_word' id='word_1_713' title='bbox 1610 5246 1700 5300; x_wconf 79' lang='grc' dir='ltr'><strong>οὗν</strong></span> <span class='ocrx_word' id='word_1_714' title='bbox 1752 5245 1934 5321; x_wconf 71' lang='grc' dir='ltr'>ἁγίους</span> 
     </span>
    </p>
   </div>
   <div class='ocr_carea' id='block_1_102' title="bbox 273 5330 1933 5411">
    <p class='ocr_par' dir='ltr' id='par_1_102' title="bbox 273 5330 1933 5411">
     <span class='ocr_line' id='line_1_102' title="bbox 273 5330 1933 5411; baseline -0.001 -20"><span class='ocrx_word' id='word_1_715' title='bbox 273 5331 421 5391; x_wconf 73' lang='grc' dir='ltr'>οὒδὲδ</span> <span class='ocrx_word' id='word_1_716' title='bbox 485 5334 532 5389; x_wconf 82' lang='grc' dir='ltr'>οἱ</span> <span class='ocrx_word' id='word_1_717' title='bbox 573 5336 731 5408; x_wconf 80' lang='grc' dir='ltr'>θῆρες</span> <span class='ocrx_word' id='word_1_718' title='bbox 792 5332 1097 5410; x_wconf 71' lang='grc' dir='ltr'>εἰργάζοντο</span> <span class='ocrx_word' id='word_1_719' title='bbox 1168 5332 1427 5409; x_wconf 81' lang='grc' dir='ltr'>πονηρὸν,</span> <span class='ocrx_word' id='word_1_720' title='bbox 1487 5331 1812 5411; x_wconf 81' lang='grc' dir='ltr'>Ἀθριππίνω</span> <span class='ocrx_word' id='word_1_721' title='bbox 1875 5330 1933 5390; x_wconf 80' lang='grc' dir='ltr'><em>δέ</em></span> 
     </span>
    </p>
   </div>
   <div class='ocr_carea' id='block_1_103' title="bbox 277 5420 1932 5501">
    <p class='ocr_par' dir='ltr' id='par_1_103' title="bbox 277 5420 1932 5501">
     <span class='ocr_line' id='line_1_103' title="bbox 277 5420 1932 5501; baseline 0.001 -21"><span class='ocrx_word' id='word_1_722' title='bbox 277 5426 378 5490; x_wconf 77' lang='grc' dir='ltr'>τὴν</span> <span class='ocrx_word' id='word_1_723' title='bbox 450 5420 665 5499; x_wconf 80' lang='grc' dir='ltr'>καρδίαν</span> <span class='ocrx_word' id='word_1_724' title='bbox 734 5422 974 5501; x_wconf 76' lang='grc' dir='ltr'>ἰσχυρῶς</span> <span class='ocrx_word' id='word_1_725' title='bbox 1034 5420 1333 5495; x_wconf 80' lang='grc' dir='ltr'>ἔπληττον,</span> <span class='ocrx_word' id='word_1_726' title='bbox 1408 5421 1757 5501; x_wconf 77' lang='grc' dir='ltr'>ἀπορουμένῳ</span> <span class='ocrx_word' id='word_1_727' title='bbox 1815 5435 1932 5486; x_wconf 72' lang='grc' dir='ltr'>τοῖς</span> 
     </span>
    </p>
   </div>
   <div class='ocr_carea' id='block_1_104' title="bbox 282 5508 1926 5593">
    <p class='ocr_par' dir='ltr' id='par_1_104' title="bbox 282 5508 1926 5593">
     <span class='ocr_line' id='line_1_104' title="bbox 282 5508 1926 5593; baseline 0 -23"><span class='ocrx_word' id='word_1_728' title='bbox 282 5513 448 5585; x_wconf 83' lang='grc' dir='ltr'>ὃλοις,</span> <span class='ocrx_word' id='word_1_729' title='bbox 482 5512 574 5568; x_wconf 76' lang='grc' dir='ltr'>καὶ</span> <span class='ocrx_word' id='word_1_730' title='bbox 633 5517 790 5568; x_wconf 79' lang='grc' dir='ltr'>τοῦτο</span> <span class='ocrx_word' id='word_1_731' title='bbox 821 5508 886 5576; x_wconf 77' lang='grc' dir='ltr'>δὴ</span> <span class='ocrx_word' id='word_1_732' title='bbox 944 5510 1006 5568; x_wconf 79' lang='grc' dir='ltr'>τὸ</span> <span class='ocrx_word' id='word_1_733' title='bbox 1063 5509 1322 5585; x_wconf 80' lang='grc' dir='ltr'>ἀδόμενον</span> <span class='ocrx_word' id='word_1_734' title='bbox 1370 5509 1652 5577; x_wconf 84' lang='grc' dir='ltr'>ἀνηνύτοις</span> <span class='ocrx_word' id='word_1_735' title='bbox 1709 5511 1926 5593; x_wconf 75' lang='grc' dir='ltr'>ἐπιχει-</span> 
     </span>
    </p>
   </div>
   <div class='ocr_carea' id='block_1_105' title="bbox 284 5598 1929 5684">
    <p class='ocr_par' dir='ltr' id='par_1_105' title="bbox 284 5598 1929 5684">
     <span class='ocr_line' id='line_1_105' title="bbox 284 5598 1929 5684; baseline 0 -23"><span class='ocrx_word' id='word_1_736' title='bbox 284 5610 483 5684; x_wconf 76' lang='grc' dir='ltr'>ροῦντι,</span> <span class='ocrx_word' id='word_1_737' title='bbox 541 5601 639 5659; x_wconf 73' lang='grc' dir='ltr'>κᾶν</span> <span class='ocrx_word' id='word_1_738' title='bbox 693 5602 756 5656; x_wconf 79' lang='grc' dir='ltr'>τὸ</span> <span class='ocrx_word' id='word_1_739' title='bbox 830 5600 1037 5668; x_wconf 81' lang='grc' dir='ltr'>πλάνης</span> <span class='ocrx_word' id='word_1_740' title='bbox 1106 5601 1295 5667; x_wconf 85' lang='grc' dir='ltr'>σκότος</span> <span class='ocrx_word' id='word_1_741' title='bbox 1361 5598 1498 5657; x_wconf 74' lang='grc' dir='ltr'>οὕτω</span> <span class='ocrx_word' id='word_1_742' title='bbox 1558 5601 1758 5679; x_wconf 77' lang='grc' dir='ltr'>βαθέως</span> <span class='ocrx_word' id='word_1_743' title='bbox 1831 5606 1929 5662; x_wconf 80' lang='grc' dir='ltr'>αύ-</span> 
     </span>
    </p>
   </div>
   <div class='ocr_carea' id='block_1_106' title="bbox 2013 4630 3667 4717">
    <p class='ocr_par' dir='ltr' id='par_1_106' title="bbox 2013 4630 3667 4717">
     <span class='ocr_line' id='line_1_106' title="bbox 2013 4630 3667 4717; baseline 0.007 -27"><span class='ocrx_word' id='word_1_744' title='bbox 2013 4648 2252 4711; x_wconf 84' lang='lat' dir='ltr'><strong>quoque</strong></span> <span class='ocrx_word' id='word_1_745' title='bbox 2309 4630 2518 4693; x_wconf 91' lang='lat' dir='ltr'><strong>leones</strong></span> <span class='ocrx_word' id='word_1_746' title='bbox 2550 4640 2608 4692; x_wconf 90' lang='lat' dir='ltr'><strong>et</strong></span> <span class='ocrx_word' id='word_1_747' title='bbox 2640 4632 2859 4695; x_wconf 89' lang='lat' dir='ltr'><strong>multas</strong></span> <span class='ocrx_word' id='word_1_748' title='bbox 2888 4635 3035 4696; x_wconf 87' lang='lat' dir='ltr'><strong>alias</strong></span> <span class='ocrx_word' id='word_1_749' title='bbox 3099 4636 3319 4697; x_wconf 87' lang='lat' dir='ltr'><strong>bestias</strong></span> <span class='ocrx_word' id='word_1_750' title='bbox 3342 4637 3517 4717; x_wconf 92' lang='lat' dir='ltr'><strong>jubet</strong></span> <span class='ocrx_word' id='word_1_751' title='bbox 3545 4639 3667 4700; x_wconf 90' lang='lat' dir='ltr'><strong>im-</strong></span> 
     </span>
    </p>
   </div>
   <div class='ocr_carea' id='block_1_107' title="bbox 2014 4718 3670 4806">
    <p class='ocr_par' dir='ltr' id='par_1_107' title="bbox 2014 4718 3670 4806">
     <span class='ocr_line' id='line_1_107' title="bbox 2014 4718 3670 4806; baseline 0.006 -26"><span class='ocrx_word' id='word_1_752' title='bbox 2014 4718 2286 4781; x_wconf 87' lang='lat' dir='ltr'><strong>mitti.llli</strong></span> <span class='ocrx_word' id='word_1_753' title='bbox 2312 4734 2510 4782; x_wconf 84' lang='lat' dir='ltr'><strong>autem</strong></span> <span class='ocrx_word' id='word_1_754' title='bbox 2535 4720 2977 4804; x_wconf 88' lang='lat' dir='ltr'><strong>immissi,nihil</strong></span> <span class='ocrx_word' id='word_1_755' title='bbox 3002 4726 3245 4806; x_wconf 89' lang='lat' dir='ltr'><strong>quidem</strong></span> <span class='ocrx_word' id='word_1_756' title='bbox 3281 4727 3416 4789; x_wconf 83' lang='lat' dir='ltr'><strong>mali</strong></span> <span class='ocrx_word' id='word_1_757' title='bbox 3444 4731 3670 4791; x_wconf 88' lang='lat' dir='ltr'><strong>sanctis</strong></span> 
     </span>
    </p>
   </div>
   <div class='ocr_carea' id='block_1_108' title="bbox 2013 4808 3670 4897">
    <p class='ocr_par' dir='ltr' id='par_1_108' title="bbox 2013 4808 3670 4897">
     <span class='ocr_line' id='line_1_108' title="bbox 2013 4808 3670 4897; baseline 0.006 -27"><span class='ocrx_word' id='word_1_758' title='bbox 2013 4808 2259 4870; x_wconf 89' lang='lat' dir='ltr'><strong>omnino</strong></span> <span class='ocrx_word' id='word_1_759' title='bbox 2294 4810 2619 4887; x_wconf 80' lang='lat' dir='ltr'><strong>faciebant;</strong></span> <span class='ocrx_word' id='word_1_760' title='bbox 2655 4811 2763 4873; x_wconf 76' lang='lat' dir='ltr'><strong>sed</strong></span> <span class='ocrx_word' id='word_1_761' title='bbox 2800 4812 3039 4875; x_wconf 87' lang='lat' dir='ltr'><strong>blandis</strong></span> <span class='ocrx_word' id='word_1_762' title='bbox 3071 4815 3266 4894; x_wconf 89' lang='lat' dir='ltr'><strong>potius</strong></span> <span class='ocrx_word' id='word_1_763' title='bbox 3301 4825 3359 4877; x_wconf 89' lang='lat' dir='ltr'><strong>et</strong></span> <span class='ocrx_word' id='word_1_764' title='bbox 3387 4816 3670 4897; x_wconf 82' lang='lat' dir='ltr'><strong>benignis</strong></span> 
     </span>
    </p>
   </div>
   <div class='ocr_carea' id='block_1_109' title="bbox 2014 4897 3668 4985">
    <p class='ocr_par' dir='ltr' id='par_1_109' title="bbox 2014 4897 3668 4985">
     <span class='ocr_line' id='line_1_109' title="bbox 2014 4897 3668 4985; baseline 0.006 -27"><span class='ocrx_word' id='word_1_765' title='bbox 2014 4914 2117 4958; x_wconf 89' lang='lat' dir='ltr'><strong>eos</strong></span> <span class='ocrx_word' id='word_1_766' title='bbox 2144 4897 2532 4960; x_wconf 86' lang='lat' dir='ltr'><strong>intuebantur</strong></span> <span class='ocrx_word' id='word_1_767' title='bbox 2561 4899 2839 4974; x_wconf 87' lang='lat' dir='ltr'><strong>oculis,et</strong></span> <span class='ocrx_word' id='word_1_768' title='bbox 2871 4920 3028 4963; x_wconf 91' lang='lat' dir='ltr'><strong>nunc</strong></span> <span class='ocrx_word' id='word_1_769' title='bbox 3059 4903 3300 4983; x_wconf 81' lang='lat' dir='ltr'><strong>quidem</strong></span> <span class='ocrx_word' id='word_1_770' title='bbox 3325 4922 3530 4966; x_wconf 87' lang='lat' dir='ltr'><strong>eorum</strong></span> <span class='ocrx_word' id='word_1_771' title='bbox 3557 4924 3668 4985; x_wconf 89' lang='lat' dir='ltr'><strong>pe-</strong></span> 
     </span>
    </p>
   </div>
   <div class='ocr_carea' id='block_1_110' title="bbox 2020 4985 3665 5065">
    <p class='ocr_par' dir='ltr' id='par_1_110' title="bbox 2020 4985 3665 5065">
     <span class='ocr_line' id='line_1_110' title="bbox 2020 4985 3665 5065; baseline 0.005 -18"><span class='ocrx_word' id='word_1_772' title='bbox 2020 4985 2127 5048; x_wconf 92' lang='lat' dir='ltr'><strong>des</strong></span> <span class='ocrx_word' id='word_1_773' title='bbox 2158 4987 2426 5048; x_wconf 88' lang='lat' dir='ltr'><strong>hilariter</strong></span> <span class='ocrx_word' id='word_1_774' title='bbox 2466 4988 2811 5065; x_wconf 85' lang='lat' dir='ltr'><strong>lingebant;</strong></span> <span class='ocrx_word' id='word_1_775' title='bbox 2849 5011 3008 5054; x_wconf 90' lang='lat' dir='ltr'><strong>nunc</strong></span> <span class='ocrx_word' id='word_1_776' title='bbox 3037 5001 3233 5053; x_wconf 89' lang='lat' dir='ltr'><strong>autem</strong></span> <span class='ocrx_word' id='word_1_777' title='bbox 3267 4993 3327 5054; x_wconf 92' lang='lat' dir='ltr'><strong>in</strong></span> <span class='ocrx_word' id='word_1_778' title='bbox 3350 5011 3456 5055; x_wconf 88' lang='lat' dir='ltr'><strong>eos</strong></span> <span class='ocrx_word' id='word_1_779' title='bbox 3487 4996 3665 5057; x_wconf 90' lang='lat' dir='ltr'><strong>etiam</strong></span> 
     </span>
    </p>
   </div>
   <div class='ocr_carea' id='block_1_111' title="bbox 2020 5076 3667 5164">
    <p class='ocr_par' dir='ltr' id='par_1_111' title="bbox 2020 5076 3667 5164">
     <span class='ocr_line' id='line_1_111' title="bbox 2020 5076 3667 5164; baseline 0.007 -27"><span class='ocrx_word' id='word_1_780' title='bbox 2020 5076 2256 5156; x_wconf 88' lang='lat' dir='ltr'><strong>placide</strong></span> <span class='ocrx_word' id='word_1_781' title='bbox 2289 5078 2654 5153; x_wconf 89' lang='lat' dir='ltr'><strong>insiliebant,</strong></span> <span class='ocrx_word' id='word_1_782' title='bbox 2681 5099 2822 5143; x_wconf 90' lang='lat' dir='ltr'><strong>num</strong></span> <span class='ocrx_word' id='word_1_783' title='bbox 2848 5082 3225 5146; x_wconf 84' lang='lat' dir='ltr'><strong>dissimiliter</strong></span> <span class='ocrx_word' id='word_1_784' title='bbox 3252 5085 3542 5147; x_wconf 82' lang='lat' dir='ltr'><strong>facientes</strong></span> <span class='ocrx_word' id='word_1_785' title='bbox 3570 5086 3667 5164; x_wconf 86' lang='lat' dir='ltr'><strong>iis,</strong></span> 
     </span>
    </p>
   </div>
   <div class='ocr_carea' id='block_1_112' title="bbox 2017 5168 3674 5254">
    <p class='ocr_par' dir='ltr' id='par_1_112' title="bbox 2017 5168 3674 5254">
     <span class='ocr_line' id='line_1_112' title="bbox 2017 5168 3674 5254; baseline 0.008 -29"><span class='ocrx_word' id='word_1_786' title='bbox 2017 5183 2146 5247; x_wconf 69' lang='lat' dir='ltr'><strong>qua:</strong></span> <span class='ocrx_word' id='word_1_787' title='bbox 2168 5184 2349 5228; x_wconf 83' lang='lat' dir='ltr'><strong>canes</strong></span> <span class='ocrx_word' id='word_1_788' title='bbox 2371 5185 2530 5248; x_wconf 69' lang='lat' dir='ltr'><strong>saepe</strong></span> <span class='ocrx_word' id='word_1_789' title='bbox 2555 5168 2782 5232; x_wconf 83' lang='lat' dir='ltr'><strong>faciunt</strong></span> <span class='ocrx_word' id='word_1_790' title='bbox 2803 5170 2930 5232; x_wconf 90' lang='lat' dir='ltr'><strong>suis</strong></span> <span class='ocrx_word' id='word_1_791' title='bbox 2959 5171 3242 5250; x_wconf 89' lang='lat' dir='ltr'><strong>dominis,</strong></span> <span class='ocrx_word' id='word_1_792' title='bbox 3264 5174 3366 5254; x_wconf 89' lang='lat' dir='ltr'><strong>qui</strong></span> <span class='ocrx_word' id='word_1_793' title='bbox 3389 5185 3521 5254; x_wconf 91' lang='lat' dir='ltr'><strong>post</strong></span> <span class='ocrx_word' id='word_1_794' title='bbox 3543 5176 3674 5238; x_wconf 75' lang='lat' dir='ltr'><strong>lon~</strong></span> 
     </span>
    </p>
   </div>
   <div class='ocr_carea' id='block_1_113' title="bbox 2016 5257 3674 5342">
    <p class='ocr_par' dir='ltr' id='par_1_113' title="bbox 2016 5257 3674 5342">
     <span class='ocr_line' id='line_1_113' title="bbox 2016 5257 3674 5342; baseline 0.008 -27"><span class='ocrx_word' id='word_1_795' title='bbox 2016 5272 2152 5334; x_wconf 77' lang='lat' dir='ltr'><strong>gum</strong></span> <span class='ocrx_word' id='word_1_796' title='bbox 2179 5262 2416 5336; x_wconf 86' lang='lat' dir='ltr'><strong>tempus</strong></span> <span class='ocrx_word' id='word_1_797' title='bbox 2436 5257 2928 5341; x_wconf 88' lang='lat' dir='ltr'><strong>redeunt.Atque</strong></span> <span class='ocrx_word' id='word_1_798' title='bbox 2948 5263 3173 5325; x_wconf 82' lang='lat' dir='ltr'><strong>sanctis</strong></span> <span class='ocrx_word' id='word_1_799' title='bbox 3196 5263 3439 5342; x_wconf 90' lang='lat' dir='ltr'><strong>quidem</strong></span> <span class='ocrx_word' id='word_1_800' title='bbox 3467 5265 3674 5329; x_wconf 66' lang='lat' dir='ltr'><strong>bestia:</strong></span> 
     </span>
    </p>
   </div>
   <div class='ocr_carea' id='block_1_114' title="bbox 2013 5343 3674 5430">
    <p class='ocr_par' dir='ltr' id='par_1_114' title="bbox 2013 5343 3674 5430">
     <span class='ocr_line' id='line_1_114' title="bbox 2013 5343 3674 5430; baseline 0.007 -23"><span class='ocrx_word' id='word_1_801' title='bbox 2013 5343 2162 5407; x_wconf 89' lang='lat' dir='ltr'><strong>nihil</strong></span> <span class='ocrx_word' id='word_1_802' title='bbox 2186 5345 2323 5406; x_wconf 90' lang='lat' dir='ltr'><strong>mali</strong></span> <span class='ocrx_word' id='word_1_803' title='bbox 2344 5345 2668 5410; x_wconf 83' lang='lat' dir='ltr'><strong>faciebant:</strong></span> <span class='ocrx_word' id='word_1_804' title='bbox 2697 5349 3014 5430; x_wconf 80' lang='lat' dir='ltr'><strong>Agrippini</strong></span> <span class='ocrx_word' id='word_1_805' title='bbox 3047 5368 3187 5413; x_wconf 87' lang='lat' dir='ltr'><strong>vero</strong></span> <span class='ocrx_word' id='word_1_806' title='bbox 3211 5352 3473 5415; x_wconf 88' lang='lat' dir='ltr'><strong>animum</strong></span> <span class='ocrx_word' id='word_1_807' title='bbox 3500 5356 3674 5419; x_wconf 89' lang='lat' dir='ltr'><strong>valde</strong></span> 
     </span>
    </p>
   </div>
   <div class='ocr_carea' id='block_1_115' title="bbox 2017 5433 3675 5517">
    <p class='ocr_par' dir='ltr' id='par_1_115' title="bbox 2017 5433 3675 5517">
     <span class='ocr_line' id='line_1_115' title="bbox 2017 5433 3675 5517; baseline 0.009 -22"><span class='ocrx_word' id='word_1_808' title='bbox 2017 5433 2444 5514; x_wconf 81' lang='lat' dir='ltr'><strong>percellebant,</strong></span> <span class='ocrx_word' id='word_1_809' title='bbox 2472 5437 2573 5517; x_wconf 93' lang='lat' dir='ltr'><strong>qui</strong></span> <span class='ocrx_word' id='word_1_810' title='bbox 2608 5447 2731 5500; x_wconf 88' lang='lat' dir='ltr'><strong>erat</strong></span> <span class='ocrx_word' id='word_1_811' title='bbox 2761 5439 2836 5501; x_wconf 83' lang='lat' dir='ltr'><strong>de</strong></span> <span class='ocrx_word' id='word_1_812' title='bbox 2863 5449 2982 5502; x_wconf 86' lang='lat' dir='ltr'><strong>tota</strong></span> <span class='ocrx_word' id='word_1_813' title='bbox 3002 5459 3072 5504; x_wconf 90' lang='lat' dir='ltr'><strong>re</strong></span> <span class='ocrx_word' id='word_1_814' title='bbox 3094 5441 3430 5504; x_wconf 89' lang='lat' dir='ltr'><strong>mirandum</strong></span> <span class='ocrx_word' id='word_1_815' title='bbox 3465 5444 3525 5507; x_wconf 92' lang='lat' dir='ltr'><strong>in</strong></span> <span class='ocrx_word' id='word_1_816' title='bbox 3552 5464 3675 5509; x_wconf 82' lang='lat' dir='ltr'><strong>mo-</strong></span> 
     </span>
    </p>
   </div>
   <div class='ocr_carea' id='block_1_116' title="bbox 2013 5522 3675 5619">
    <p class='ocr_par' dir='ltr' id='par_1_116' title="bbox 2013 5522 3675 5619">
     <span class='ocr_line' id='line_1_116' title="bbox 2013 5522 3675 5619; baseline 0.01 -36"><span class='ocrx_word' id='word_1_817' title='bbox 2013 5522 2158 5619; x_wconf 79' lang='lat' dir='ltr'><strong>dum</strong></span> <span class='ocrx_word' id='word_1_818' title='bbox 2177 5525 2497 5604; x_wconf 80' lang='lat' dir='ltr'><strong>perplexus</strong></span> <span class='ocrx_word' id='word_1_819' title='bbox 2518 5535 2576 5589; x_wconf 88' lang='lat' dir='ltr'><strong>et</strong></span> <span class='ocrx_word' id='word_1_820' title='bbox 2597 5528 2786 5591; x_wconf 86' lang='lat' dir='ltr'><strong>animi</strong></span> <span class='ocrx_word' id='word_1_821' title='bbox 2811 5530 3220 5613; x_wconf 85' lang='lat' dir='ltr'><strong>dubius,et,ut</strong></span> <span class='ocrx_word' id='word_1_822' title='bbox 3241 5533 3554 5610; x_wconf 87' lang='lat' dir='ltr'><strong>dicitur,ea</strong></span> <span class='ocrx_word' id='word_1_823' title='bbox 3575 5556 3675 5619; x_wconf 75' lang='lat' dir='ltr'><strong>ag-</strong></span> 
     </span>
    </p>
   </div>
   <div class='ocr_carea' id='block_1_117' title="bbox 2014 5611 3679 5706">
    <p class='ocr_par' dir='ltr' id='par_1_117' title="bbox 2014 5611 3679 5706">
     <span class='ocr_line' id='line_1_117' title="bbox 2014 5611 3679 5706; baseline 0.01 -33"><span class='ocrx_word' id='word_1_824' title='bbox 2014 5611 2542 5696; x_wconf 64' lang='lat' dir='ltr'><strong>grederetur,qum</strong></span> <span class='ocrx_word' id='word_1_825' title='bbox 2566 5635 2685 5681; x_wconf 89' lang='lat' dir='ltr'><strong>non</strong></span> <span class='ocrx_word' id='word_1_826' title='bbox 2717 5628 2966 5700; x_wconf 88' lang='lat' dir='ltr'><strong>possent</strong></span> <span class='ocrx_word' id='word_1_827' title='bbox 2995 5611 3186 5688; x_wconf 81' lang='lat' dir='ltr'><strong>efﬁci:</strong></span> <span class='ocrx_word' id='word_1_828' title='bbox 3223 5641 3564 5706; x_wconf 76' lang='lat' dir='ltr'><strong>quanquam</strong></span> <span class='ocrx_word' id='word_1_829' title='bbox 3587 5611 3679 5689; x_wconf 60' lang='lat' dir='ltr'><strong>er-</strong></span> 
     </span>
    </p>
   </div>
  </div>
