4006 6138
424 308 543 374 855

1716 304 2001 369 MENSIS
2051 305 2512 367 JANUARIUS.

3659 313 3763 378 856

420 445 579 528 poris
601 444 868 509 tenebrze
889 462 1080 526 usque
1096 445 1244 506 adeo
1267 459 1487 506 crassis
1513 443 1652 504 eﬁm
1681 441 2055 524 detinebant,

2167 449 2234 501 ὀὗ
2289 444 2533 500 καθίκετο
2587 443 2662 504 ὡς
2721 439 2860 516 μηδὲ
2914 446 3153 502 συνεῖναι
3211 454 3376 504 ταῦτα
3418 443 3616 520 ἰδόντα,
3645 451 3767 524 μηδὲ

417 543 483 599 ut
503 555 613 599 nec
636 555 770 598 cum
796 554 865 598 ea
885 535 1128 616 quidem
1163 531 1948 612 vidisset,intelligeret,nec
1969 533 2069 596 be-

417 626 670 689 stiarum
721 627 928 687 saltem
961 631 1337 686 revereretur
1377 622 1545 684 illum
1577 640 1756 702 supra
1796 629 2066 684 naturam

420 723 832 779 mutationem.
858 712 1094 777 Sanctis
1115 723 1315 775 autem
1347 730 1418 774 ea
1445 729 1543 773 res
1557 711 1666 774 fuit
1683 729 1860 773 causa
1880 710 2065 776 Deum

417 804 818 886 gloriﬁcandi,
872 811 930 866 et
985 811 1228 864 orantes
1283 801 1610 864 dicebant:
1674 800 1876 865 Gloria
1929 800 2060 875 tibi,

2151 538 2257 589 τῶν
2308 537 2485 610 θηρῶν
2545 531 2668 609 γοῦν
2713 530 3012 600 αἰδεσθῆναι
3067 535 3168 601 τὴν
3211 535 3343 613 ὺπέρ
3395 536 3545 615 φύσιν
3586 535 3768 606 ἐκείνην

2152 627 2250 688 τῆς
2322 623 2526 700 φύσεως
2599 619 2929 695 μεταϐολήν.
3001 632 3130 685 Τοῖς
3192 624 3363 700 ἁγίοις
3421 624 3476 680 δὲ
3537 628 3768 707 πρόφασις

2153 711 2340 788 γέγονε
2410 714 2510 778 τῆς
2578 713 2653 775 εἰς
2713 712 2843 767 Θεὸν
2893 709 3198 790 δοξολογίας
3269 716 3332 770 τὸ
3403 721 3640 792 πρᾶγμα,
3689 721 3768 775 καί

2154 801 2603 878 προσευχόμενοι,
2664 799 2801 865 Δόξα
2859 822 2966 874 σοι,
3030 801 3242 879 Χριστὲ,
3306 801 3516 880 ἔλεγον,
3576 803 3650 860 ὅτι
3698 811 3770 865 καὶ

418 895 677 970 Christe,
710 892 866 975 quod
900 893 1040 955 ferte
1071 910 1305 972 quoque
1336 895 1454 953 sint
1494 909 1604 953 nos
1635 890 2067 954 admirabiliter

2167 894 2309 966 θῆρες
2352 892 2497 964 ὴμᾷς
2557 888 2864 966 παραδόξως
2907 887 3228 966 ᾐδέσθησαν,
3279 893 3373 948 καὶ
3423 890 3508 948 διὰ
3551 901 3651 949 τῶν
3696 917 3771 950 τα·

415 993 475 1047 et
504 992 721 1064 praeter
750 983 1093 1063 opinionem
1119 981 1415 1056 reveritae,
1453 989 1510 1042 et
1540 981 1907 1044 conﬁrmasti
1937 998 2067 1061 quas

2167 985 2348 1035 πεινῶν
2399 979 2556 1053 ἡμῶν
2593 981 2652 1036 τὰ
2680 980 2816 1036 κατά
2844 980 2934 1036 τὸν
2983 981 3077 1036 σὸν
3106 983 3391 1060 προφήνην
3442 982 3638 1050 Δανιηλ
3666 983 3786 1040 inv.

415 1071 574 1135 dicta
603 1079 744 1135 sunt
778 1089 886 1152 per
916 1079 1082 1133 tuum
1116 1070 1430 1134 Danielem
1465 1071 1813 1150 prophetam
1835 1071 1890 1134 5.
1915 1069 2067 1132 Ecce

2167 1069 2368 1125 ττώσω·
2428 1067 2536 1126 ἰδοὺ
2580 1069 2680 1146 γὰρ
2729 1070 2819 1126 καὶ
2874 1068 3082 1132 λέοντες
3129 1071 3246 1127 καθ’
3293 1073 3455 1145 ἡμῶν
3486 1073 3570 1128 οιαὶ
3624 1071 3772 1131 πολλὰ

417 1161 580 1225 enim
639 1168 698 1223 et
728 1161 939 1224 leones
971 1160 1175 1223 multae
1207 1161 1507 1221 immanes
1537 1159 1678 1222 ferae
1705 1159 1768 1220 in
1799 1177 1908 1221 nos
1939 1167 2067 1221 sunt

2167 1165 2262 1215 τῶν
2330 1157 2616 1234 ἀνημέρων
2682 1159 2868 1238 ἀφειθη
2947 1159 3168 1239 θηρίων,
3240 1159 3384 1216 ἀλλὰ
3455 1162 3518 1217 οὗ
3586 1162 3771 1227 πάντως

416 1245 732 1326 immissae,
766 1250 872 1312 sed
908 1257 967 1311 tu
1001 1252 1246 1312 omnino
1276 1248 1445 1312 fuisti
1502 1248 1840 1324 nobiscum,
1874 1249 1978 1326 qui
2009 1266 2067 1311 es

2167 1252 2223 1316 ἧς
2255 1246 2374 1322 μεθ’
2402 1249 2557 1322 ἡμῶν
2589 1251 2616 1305 ὁ
2646 1250 2733 1304 καὶ
2761 1257 2856 1307 τοῦ
2887 1247 3088 1317 Δανιὴλ
3117 1250 3270 1313 Θεός.

420 1341 598 1404 etiam
632 1343 790 1404 Deus
820 1339 1108 1401 Danielis.

497 1429 754 1494 XLVIII.
788 1429 1019 1491 Deinde
1050 1447 1186 1489 vero
1237 1428 1491 1509 agrestis
1519 1426 1910 1509 Agrippinus,
1937 1447 2072 1490 cum

419 1521 595 1596 nihil,
631 1527 698 1580 ut
731 1524 895 1598 prius
925 1518 1206 1592 diximus,
1240 1526 1399 1580 esset
1447 1525 1744 1593 mutatus;
1780 1517 1884 1580 sed
1919 1519 2072 1598 ejus,

421 1609 579 1692 quod
599 1608 1039 1671 admirabiliter
1063 1608 1354 1670 fecissent
1382 1607 1677 1687 bestiae,et
1704 1615 1920 1687 praeter
1943 1607 2067 1689 opi-

2167 1609 2330 1684 θηρῶν
2380 1604 2824 1683 παραδοξοποιίας
2855 1606 2914 1661 τὸ
2970 1607 3257 1686 χειρόηθες
3309 1612 3490 1668 αὐτῶν
3518 1610 3604 1665 καὶ
3651 1612 3784 1665 τιθα-

422 1701 693 1774 nionem,
717 1717 920 1760 earum
956 1697 1479 1760 mansuetudinem
1509 1697 1757 1759 dixisset
1778 1715 1912 1760 esse
1943 1716 2067 1760 cau-

2167 1699 2250 1752 σὸν
2313 1695 2490 1753 αἴτιον
2561 1696 2802 1773 γενέσθαι
2860 1697 3242 1774 φθεγξάμενος,
3301 1699 3510 1755 κελεύει
3581 1696 3784 1760 σούὸλας

421 1807 572 1864 sam,
599 1787 769 1869 jubet
789 1787 1033 1849 subulas
1057 1788 1226 1850 valde
1256 1787 1584 1849 candentes
1614 1786 1703 1848 eis
1725 1805 1832 1867 per
1848 1787 2067 1850 medios

2167 1787 2393 1865 ίσχύρῶς
2447 1783 2580 1862 ἄγαν
2611 1785 3000 1862 ἐκπυρωθείσας
3052 1785 3138 1842 διὰ
3180 1787 3344 1862 μέσον
3401 1789 3586 1849 αὐτοῖς
3631 1787 3789 1842 ἑκατὲ-

419 1879 738 1958 utrinsque
774 1895 988 1938 manus
1015 1877 1334 1956 digitos,ad
1363 1876 1524 1957 ipsas
1541 1894 1730 1955 usque
1751 1876 1924 1937 ulnas
1944 1876 2067 1937 inﬁ‘

2167 1897 2251 1951 ρας
2327 1877 2510 1954 χειρὸς
2579 1875 2685 1931 τῶν
2747 1873 3017 1932 δακτύλων
3087 1875 3246 1956 ἄχρις
3317 1876 3581 1953 ἀγκώνων
3637 1877 3788 1932 αὐτῶν

421 1968 705 2049 gi.Atque
731 1967 851 2030 illae
879 1967 1226 2044 quidem,ut
1257 1965 1910 2046 illejusserat,athletis
1939 1967 2067 2028 ada-

2167 1969 2486 2041 εμπαρῆναι.
2520 1963 2681 2021 Αὗται
2715 1965 2812 2038 μὲν
2865 1972 2978 2041 οὖν,
3011 1967 3084 2026 ὡς
3112 1967 3322 2029 ἒκεῐνος
3374 1965 3666 2036 ἐκέλευσεν,
3698 1965 3785 2020 ἑπ-

418 2067 549 2133 οῑω,
588 2058 817 2120 theatro
868 2057 1151 2120 acerbum
1187 2056 1500 2138 praebuere
1543 2055 1977 2136 spectaculum,
2006 2063 2067 2117 ut

2167 2058 2462 2134 ενεοίθετσαι
2522 2067 2640 2117 τοῖς
2672 2053 2957 2127 ἀθληταῖς,
2990 2055 3182 2128 πικράν
3231 2079 3350 2113 τινα
3416 2053 3686 2133 διατριϐὴν
3722 2058 3788 2126 τῲ

419 2147 588 2210 multi
624 2166 701 2210 ne
729 2146 920 2210 libere
963 2147 1203 2228 quidem
1233 2146 1456 2208 intueri
1489 2153 1754 2224 possent,
1780 2145 1886 2206 sed
1920 2164 2066 2226 pro-

2167 2147 2352 2217 laci-cpr
2381 2155 2648 2223 παρεῖχον
2697 2142 2930 2207 πολλοὺς
2984 2144 3040 2200 δὲ
3099 2143 3237 2220 μηδὲ
3291 2148 3420 2223 ὁρᾷν
3476 2143 3783 2221 ἐλευθερίως,

421 2244 553 2318 pter
583 2237 880 2298 tristitiam
914 2237 1071 2318 ejus,
1104 2237 1259 2317 quod
1294 2235 1674 2310 cernebatur,
1701 2235 1982 2298 humanis
2009 2245 2067 2298 et

2167 2233 2270 2291 ιλλ’
2327 2234 2565 2307 ἐπιμύειν
2595 2242 2670 2306 τῷ
2727 2238 3018 2312 σκυθρωπῷ
3067 2245 3160 2293 τοῦ
3215 2235 3486 2310 θεάματος
3531 2241 3634 2290 τῶν
3681 2232 3777 2311 φιλ·

418 2325 820 2389 clementibus
853 2327 1230 2388 conniverint
1249 2325 1460 2399 oculis,
1486 2325 1921 2387 eﬁ‘ecere.Cum
1948 2327 2067 2406 pri-

2167 2324 2440 2400 ινθρώπων
2511 2324 2798 2402 ὀφθαλμῶν
2869 2323 3279 2402 παρεσκεύαζον.
3333 2323 3643 2399 Ἀψαμὲνου
3691 2324 3777 2400 γὰρ

420 2435 582 2480 mum
617 2418 776 2480 enim
809 2418 1036 2480 ferrum
1073 2435 1281 2479 carnes
1323 2416 1642 2494 attigisset,
1678 2415 1796 2477 illa
1825 2417 2064 2496 quidem

2167 2415 2295 2476 εὐθὺς
2355 2419 2462 2469 τῶν
2490 2419 2698 2488 σαρκῶν
2756 2421 2847 2470 τοῦ
2879 2411 3116 2490 σιδήρου,
3151 2411 3317 2470 δεινὸν
3372 2415 3472 2488 μὲν
3505 2416 3680 2468 ἐκεῖνα
3724 2413 3779 2466 τὰ

417 2507 601 2571 veluti
625 2507 944 2589 quemdam
970 2506 1224 2587 primum
1247 2524 1485 2586 gravem
1505 2504 1746 2566 sibilum
1780 2505 2064 2587 emisere;

2167 2510 2334 2581 πρῶτα
2409 2503 2666 2580 συριγμὸν
2724 2502 2904 2581 ὥσπερ
2973 2504 3219 2582 ἠφίεσανο
3294 2505 3425 2560 εἶτα
3511 2501 3775 2579 πορφύρεός

419 2595 641 2659 deinde
667 2614 971 2678 purpurea
1004 2597 1271 2677 quandam
1299 2595 1595 2675 pinguedo
1616 2595 1779 2656 illinc
1807 2594 2067 2657 descen-

2167 2617 2232 2658 ςις
2283 2593 2490 2650 ἐκεῖθεν
2532 2591 2738 2667 πιμελὴ
2770 2594 2861 2648 σὺν
2892 2593 3084 2668 αἵματι
3126 2601 3378 2651 ιιατιοῦσα
3422 2590 3680 2648 σϐεννύειν
3731 2610 3779 2644 τε

420 2685 572 2748 dens
601 2705 737 2750 cum
789 2685 1106 2764 sanguine,
1141 2683 1454 2746 videbatur
1493 2685 1612 2745 vim
1641 2683 1801 2764 ignis
1845 2685 2067 2747 exstin-

2167 2691 2243 2740 τοῦ
2284 2684 2448 2762 πυρὸς
2513 2682 2668 2757 ἐῴκει
2729 2683 2825 2750 τὴν
2881 2681 3121 2762 δύναμιν,
3169 2685 3259 2740 καὶ
3310 2683 3540 2749 κνίσσης
3610 2680 3777 2756 μεστὸν

419 2793 630 2853 guere,
655 2775 990 2854 ttidoreque
1022 2783 1080 2836 et
1106 2775 1270 2836 fumo
1299 2772 1586 2854 implebat
1613 2792 1836 2835 aerem.
1870 2775 2067 2854 Atque

2167 2776 2239 2830 ιαὶ
2293 2781 2496 2831 καπνοῦ
2542 2774 2632 2830 τὸν
2705 2773 2832 2849 ἀέρα
2889 2771 3078 2831 ἐποίει.
3142 2776 3205 2832 Οἱ
3257 2772 3359 2848 μὲν
3406 2773 3498 2829 οὖν
3550 2770 3777 2846 παρόντες

421 2863 506 2926 illi
528 2864 795 2944 quidem,
827 2863 928 2944 qui
959 2863 1230 2936 aderant,
1257 2864 1386 2942 ejus
1414 2862 1570 2943 quod
1603 2862 1783 2924 ﬁebat
1813 2881 1968 2941 egre
1987 2863 2067 2926 fe-

2167 2865 2423 2944 ῖυσχερῶς
2483 2862 2702 2943 ἔχοντες
2761 2865 2896 2941 πρὸς
2939 2863 3035 2931 τὴν
3090 2863 3306 2941 πικρίαν
3363 2863 3462 2919 τοῦ
3503 2859 3772 2939 γινομένω,

419 2961 620 3017 rentes
637 2952 1050 3024 acerbitatem,
1083 2960 1140 3014 et
1161 2951 1344 3014 animi
1367 2951 1876 3031 perturbationem
1899 2972 2067 3035 aper-

2167 2955 2238 3010 ιαὶ
2295 2954 2522 3033 φανερὸν
2575 2952 2786 3010 ἐποίουν
2845 2954 2908 3008 τὸ
2963 2951 3154 3031 πάθος,
3216 2953 3305 3008 καὶ
3362 2952 3623 3018 ἀφεθῆναι
3672 2947 3771 3009 τοὺς

419 3051 478 3105 te
500 3041 988 3111 ostendebant.et
1009 3052 1073 3103 ut
1093 3042 1204 3103 viri
1229 3031 2066 3112 dimitterentur.clamabant.

2167 3031 2340 3121 ἰνδρας
2385 3041 2576 3104 ἐϐόων,
2612 3031 2670 3099 Ὀ
2726 3040 3080 3120 ’Λγριππτνος
3109 3039 3164 3098 δέ
3217 3040 3550 3122 περιφλεγής
3601 3034 3768 3114 μᾶλλον

418 3132 784 3231 Agrippinus
813 3133 1238 3231 autemmagis
1267 3149 1578 3231 accensus,
1616 3139 1676 3231 et
1703 3141 1955 3231 propter
1981 3134 2067 3196 fu-

2167 3132 2236 3190 ιαὶ
2293 3131 2496 3212 ἔκγρων
2551 3138 2620 3208 τῇ
2665 3133 2826 3206 μανίᾳ
2883 3132 3192 3209 γενόμενος,
3226 3129 3322 3187 καί
3385 3129 3554 3191 ἄλλας
3597 3124 3774 3231 κελεύει

419 3213 620 3285 rorem
652 3222 849 3304 impos
881 3221 1124 3300 mentis,
1148 3220 1324 3302 jubet
1347 3221 1494 3282 alias
1545 3220 1880 3302 subulas,et
1906 3222 2067 3303 ipsas

2167 3219 2374 3286 τούὸλας
2444 3221 2580 3278 πάνυ
2637 3219 2835 3301 σφόδρα
2905 3223 2994 3278 καὶ
3054 3222 3214 3284 αὐτὸς
3284 3223 3636 3298 πυρωθείσας,
3689 3213 3774 3304 ὑπο

414 3330 651 3394 quoquo
702 3299 1441 3387 vehementeraccensas,
1475 3309 1586 3373 sub
1615 3299 1820 3373 eorum
1871 3299 2066 3376 axillis

2167 3323 2270 3374 ταῖς
2316 3309 2627 3390 μασχάλαις
2662 3299 2832 3369 αὐτῶν
2889 3307 3019 3389 ἄχρι
3053 3311 3148 3367 καῖ
3201 3309 3368 3385 ὤμων
3399 3299 3774 3394 διαπαρῆναιςὸ

416 3390 603 3483 usque
650 3401 726 3464 ad
775 3401 1057 3464 humeros
1115 3401 1429 3480 transﬁgi:
1491 3401 1647 3481 quod
1683 3402 1928 3482 quidem
1979 3404 2067 3465 eis

2167 3402 2213 3470 ii;
2241 3401 2330 3457 καὶ
2360 3398 2567 3476 μᾶλλον
2600 3401 2782 3465 αὐτοῖς
2825 3399 3064 3457 ἐπέτεινε
3091 3401 3190 3467 τὴν
3221 3399 3441 3474 ὀδύνην,
3474 3397 3567 3455 καὶ
3609 3390 3774 3463 πολλῷ

416 3510 656 3574 quoque
688 3498 876 3570 magis
905 3491 1077 3556 auxit
1109 3491 1474 3568 dolorem,et
1507 3491 1594 3553 eis
1623 3510 1866 3555 sensum
1893 3495 2064 3574 longe

2167 3490 2460 3570 ἰριμυτὲραν
2487 3490 2644 3557 ὲνῆκε
2677 3489 2776 3556 τὴν
2807 3488 3084 3558 αἴσθησιν.

414 3581 666 3644 immisit
691 3584 1008 3643 acriorem.

493 3669 699 3734 XLIX.
733 3670 992 3751 Papulus
1022 3671 1218 3751 itaque
1248 3689 1368 3734 non
1400 3671 1602 3734 ferens
1637 3679 1753 3734 tam
1783 3671 2057 3735 inhuma-

2219 3668 2366 3731 MO'.
2430 3659 2489 3727 Ὀ
2521 3666 2692 3744 δῆμος
2724 3669 2894 3726 τοίνυν
2937 3668 3290 3744 ἀπάνθρωπον
3320 3669 3447 3744 ὀψιν
3490 3666 3583 3724 οὐκ
3634 3666 3773 3737 ἱνιγυ

418 3778 562 3821 num
595 3759 1024 3840 spectaculum,
1050 3760 1154 3821 sed
1187 3761 1400 3840 partim
1425 3760 1667 3841 quidem
1686 3761 1943 3840 graviter
1962 3761 2053 3824 fe-

2167 3758 2347 3838 ιόντες,
2381 3756 2519 3814 ἀλλά
2564 3766 2720 3814 τοῦτο
2751 3758 2850 3832 μὲν
2908 3759 3040 3834 πρὸς
3071 3758 3168 3826 τὴν
3225 3757 3521 3835 ἀγριότητα
3549 3763 3636 3813 τοῦ
3671 3751 3770 3841 νᾷρ-

417 3865 559 3912 rens
590 3839 967 3927 magistratus
995 3839 1520 3931 saevitiam,partim
1559 3839 1758 3912 autem
1780 3851 2059 3931 judicans

2167 3869 2351 3928 ιοντος
2395 3845 2824 3927 χαλεπήναντες,
2867 3857 3024 3906 τοῦτο
3081 3845 3134 3902 δὲ
3185 3849 3272 3903 καὶ
3328 3848 3595 3923 θαύματος
3648 3839 3772 3905 ἄξιον

419 3937 774 4001 admirabile
804 3938 862 4000 id
887 3939 1043 4020 quod
1070 3939 1290 4001 factum
1314 3929 1535 4010 fuerat,
1561 3929 2067 4020 quemadmodum

2167 3938 2298 3994 εἶναι
2349 3941 2410 3993 τὸ
2469 3938 2688 4014 γεγονὸς
2741 3936 3036 4015 κρίναντες,
3071 3935 3218 4000 ὅπως
3279 3939 3325 3994 οἱ
3370 3938 3623 4016 μάρτυρες
3663 3929 3775 4020 πρὸς

421 4035 709 4108 martyres
740 4017 922 4090 tantis
959 4028 1313 4090 restiterunt
1342 4017 1685 4108 insultibus,
1711 4038 1771 4091 et
1801 4048 1918 4092 non
1950 4035 2067 4093 ima

2167 4026 2479 4093 τηλικαύτας
2533 4025 2798 4105 ἀντέσχον
2841 4025 3154 4103 ἐπαγωγὰς,
3189 4025 3286 4082 καὶ
3339 4027 3419 4100 μὴ
3478 4017 3776 4108 ωναπέρῥψ

421 4135 558 4181 cum
581 4106 676 4180 eis
707 4117 981 4200 protinus
1011 4136 1250 4199 quoque
1279 4119 1512 4180 animas
1543 4106 1876 4194 emiserint,
1893 4119 2067 4199 jece-

2167 4115 2244 4181 ίαν
2301 4115 2490 4175 αὖταῖς
2522 4113 2711 4178 εὐθέως
2770 4115 2860 4170 καὶ
2889 4116 2984 4177 τὰς
3034 4115 3245 4195 ψυχης,
3278 4116 3410 4192 πρὸς
3443 4115 3539 4191 μὲν
3566 4113 3648 4168 τὸν
3690 4106 3774 4180 ἇρο

419 4217 557 4272 runt
578 4208 821 4290 quidem
841 4209 1104 4289 undique
1136 4207 1364 4288 lapides
1393 4207 1454 4268 in
1480 4210 1908 4287 magistratum:
1939 4208 2067 4273 Ma-

2167 4225 2326 4284 ίοντα
2383 4204 2555 4267 λίθους
2587 4204 2924 4284 πανταχόθεν
2976 4204 3212 4281 ἀφῆκαν
3247 4205 3425 4282 Μέγας
3456 4208 3483 4262 ὁ
3525 4202 3642 4262 Θεὸς
3681 4202 3770 4290 τμῶν

421 4282 840 4378 gnua-autem,
875 4307 966 4360 est
993 4282 1153 4361 Deus
1186 4282 1684 4372 Christianorum,
1721 4316 1863 4361 voce
1891 4317 2067 4380 quam

2167 4282 2506 4370 liptﬂuvﬁ'iv,
2568 4282 2828 4370 λαμπρῶς
2886 4295 2960 4356 ὡς
3033 4313 3193 4372 ειχον
3243 4291 3497 4360 ἐϐόησαν.
3569 4282 3767 4366 609-3500

423 4377 742 4469 potuerunt
790 4387 1122 4450 clarissima
1153 4387 1588 4450 clamaverunt.
1622 4387 1768 4450 Cum
1818 4377 2067 4468 magnus

2167 4384 2453 4461 τοιγαροῦν,
2516 4383 2588 4445 ὡς
2671 4383 2832 4457 εἰκὸς,
2895 4379 3100 4439 πολλοι)
3185 4383 3494 4458 γενομένου,
3549 4379 3626 4435 καὶ
3685 4377 3762 4469 ττιξῖ

420 4459 640 4558 itaque,
678 4485 744 4540 ut
773 4485 863 4539 est
886 4484 1633 4552 consentaneum,exortus
1661 4485 1819 4539 esset
1849 4459 2063 4541 tumul-

2167 4459 2392 4551 ἱππάρχου
2461 4477 2604 4550 φυγῇ
2675 4471 2772 4538 τὴν
2842 4471 3108 4542 σωτηρίαν
3179 4472 3576 4544 πιστεύσαντος,
3641 4459 3755 4519 κεπτἆ

423 4542 539 4642 tus;
571 4542 638 4628 et,
663 4567 976 4648 prafectus
1005 4585 1127 4629 sua:
1156 4565 1335 4629 saluti
1363 4542 1498 4646 iuga
1529 4567 1951 4644 consuluisset,
1983 4568 2061 4630 li-

2167 4542 2356 4629 τολλῖὶξν
2405 4563 2451 4617 oi
2475 4542 2740 4638 ’μαρτυρες
2791 4557 2973 4617 ἄδειαν
3002 4560 3098 4617 ιπὲ
3127 4561 3226 4628 τὴν
3289 4562 3523 4638 Ηύραμιν
3547 4542 3598 4614 τὸ
3647 4552 3750 4648 {ipse

419 4636 568 4718 bere
621 4636 924 4718 etsecure
982 4664 1270 4737 martyres
1306 4656 1369 4717 in
1428 4636 1690 4718 montem
1751 4636 2065 4738 Pyramida

2167 4649 2395 4725 ὶνῆλθον,
2429 4649 2485 4706 ἓν
2541 4653 2585 4724 ᾦ
2613 4651 2678 4706 τά
2732 4671 2788 4707 τε
2821 4651 2928 4706 τῶν
2984 4651 3178 4707 θυσιῶν
3211 4651 3327 4713 τοῖς
3370 4651 3618 4716 ’Ἕλλησιν
3659 4636 3751 4736 ἑτέ.-

417 4745 839 4821 ascenderent,
868 4745 932 4808 in
982 4765 1098 4827 quo
1128 4726 1187 4809 et
1215 4744 1510 4808 sacriﬁcia
1556 4726 1838 4810 ﬁebanta
1866 4750 2057 4827 genti-

2167 4753 2318 4815 .t'tto,
2350 4741 2440 4798 καὶ
2496 4746 2599 4797 τῶν
2637 4739 2755 4820 παρ’
2811 4741 3001 4806 αὐτοῖς
3055 4738 3344 4816 ἐπισήμων
3399 4744 3532 4797 θεῶν
3581 4726 3750 4792 εἴδωλὰ

416 4834 596 4916 libus,
633 4842 691 4898 et
720 4835 966 4898 deorum
998 4835 1154 4916 apud
1186 4853 1291 4897 eos
1321 4835 1642 4915 insignium
1675 4837 2060 4901 occultaban-

2167 4851 2272 4887 ιατε
2280 4831 2562 4892 κούπτετο.

414 4936 512 4990 tur
539 4927 883 4991 simulacra.

469 5021 650 5080 L.Sed
673 5036 746 5080 ne
767 5023 852 5080 sic
883 5021 1116 5094 quidem
1142 5021 1314 5079 irasci
1343 5021 1512 5079 desiit
1535 5023 1892 5096 Agrippinus
1916 5041 1930 5082 :
1959 5024 2064 5082 sed

2225 5017 2310 5080 N'.
2374 5017 2448 5076 Οὔ
2477 5018 2576 5093 μὲν
2633 5016 2749 5075 οὐδὲ
2781 5017 2946 5083 οὕτως
2987 5018 3052 5074 τὰ
3103 5025 3194 5075 τοῦ
3237 5021 3402 5093 θυμοῦ
3430 5024 3505 5091 τῷ
3558 5011 3750 5087 Ἀγριπ·
3778 5045 3791 5059 ν

413 5120 543 5166 cum
563 5119 664 5177 per
679 5121 817 5163 suos
833 5105 1102 5164 satellites
1115 5120 1213 5164 eos
1227 5104 1570 5165 multosdies
1600 5105 1900 5179 diligenter
1917 5123 2061 5181 quae-

2167 5111 2280 5182 ιίνφ
2336 5105 2625 5186 ὖπέληγεν·
2685 5107 2810 5164 ἀλλ’
2839 5105 3072 5182 ἐπιμελῆ
3131 5104 3225 5163 διὰ
3267 5112 3365 5175 τῆς
3421 5109 3750 5181 ὑπηρετουμε·

417 5191 725 5258 siisset,vix
753 5191 983 5249 tandem
1009 5192 1231 5250 invenit
1251 5201 1483 5251 sanctos
1509 5215 1520 5247 :
1556 5205 1607 5250 et
1630 5207 1764 5250 cum
1794 5196 2058 5267 sequenti

2167 5220 2238 5266 ιης
2297 5201 2440 5272 αὖτῷ
2476 5195 2666 5262 τάξεως
2725 5197 2811 5253 ἐπὶ
2859 5193 3065 5258 πολλὰς
3113 5195 3316 5272 ἡμέρας
3347 5197 3564 5265 ζήτησιν
3618 5203 3749 5245 ποιτὶ*

420 5278 519 5341 die
561 5277 844 5358 jussisset
889 5295 997 5359 per
1046 5296 1381 5359 praeconem
1425 5280 1744 5342 convenire
1775 5281 1835 5340 in
1879 5299 2057 5343 mon-

2167 5287 2392 5364 ηάμενος,
2426 5286 2649 5364 εὖρίσκει
2706 5285 2864 5362 μόλις
2926 5286 3055 5342 ποτὲ
3097 5289 3218 5348 τοὺς
3278 5287 3478 5362 ἁγίους,
3529 5280 3601 5336 uti
3641 5294 3739 5330 συν·

417 5379 536 5434 tem
572 5391 781 5436 omnes
804 5373 905 5454 qui
931 5383 1102 5436 erant
1120 5373 1332 5437 initiati
1362 5373 1475 5437 diis
1495 5382 1554 5438 et
1578 5381 1635 5436 et
1659 5375 2050 5453 daemonibus,

2167 5390 2359 5455 ραμετν
2413 5378 2616 5436 πάντας
2676 5396 2750 5441 εις
2811 5379 2909 5441 τὴν
2966 5373 3088 5441 ἑξῆς
3145 5375 3255 5431 ὅσοι
3298 5379 3441 5437 θεοῖς
3498 5367 3736 5430 ἐτιλοΰντο

2238 1425 2387 1486 MH'.
2451 1428 2640 1483 Εϊταὸ
2696 1424 2878 1503 ἄγριος
2933 1426 3162 1494 τάληθὲς
3215 1428 3573 1508 Ἀγριππϊνος
3628 1429 3776 1504 οὐδὲν,

2159 1517 2339 1593 ὥσπερ
2397 1515 2629 1595 ἔφθημεν
2678 1517 2939 1590 εἷπόντεσ,
2988 1516 3331 1592 μεταϐαλὼν,
3363 1518 3503 1575 ἀλλὰ
3557 1523 3650 1586 τῆς
3692 1525 3781 1576 τῶν

489 5629 520 5679 5
551 5626 699 5688 Dan.
737 5646 816 5703 vt,
851 5640 906 5692 et
935 5646 1054 5691 xxv.
