4006 6138
248 282 392 348 857

1401 283 1584 347 VITA
1635 283 1693 344 S.
1741 276 2178 342 CLEMENTIS
2217 277 2639 341 ANGYRANI.

3580 276 3696 342 858

241 419 346 476 καὶ
380 419 673 498 δαίμοσιν
729 423 824 481 ἐπὶ
853 424 914 481 τὸ
962 421 1083 500 ὅρος
1115 419 1364 498 κηρύξας,
1397 418 1481 498 ἐφ’
1546 415 1753 493 ὑψηλοῦ
1780 417 1942 474 κᾶκεί·

2054 413 2182 494 ipse
2224 432 2463 496 quoque
2493 414 2554 476 in
2585 432 2655 476 eo
2688 413 2966 496 praesidet
2995 415 3053 476 in
3101 414 3218 476 alto
3248 412 3528 477 tribunali
3570 436 3583 479 :
3637 423 3694 479 et

247 531 350 576 νος
422 512 491 569 ἐν
595 515 735 588 αύτῳ
807 511 1109 591 προκαθίξει
1180 518 1273 568 τοῦ
1344 509 1612 583 βήματος,
1687 508 1773 563 καὶ
1841 509 1964 571 τοὺς

243 599 467 678 ἁγίους
547 605 631 668 εἷς
664 602 828 679 μέσον
883 601 1235 680 παραγαγὼν,
1270 598 1331 656 Τί
1386 597 1450 667 δή
1496 619 1646 670 ποτε,
1681 595 1807 677 ἔφη,
1841 609 1963 659 ταῖς

245 689 594 765 ὑμετέραις
667 691 1020 770 μαγγανείαις
1091 688 1405 756 διεστήσατε
1476 687 1574 762 μὲν
1631 689 1692 743 τὸ
1763 691 1963 754 πλῆθος

246 778 363 836 ἀπ’
460 779 766 855 ἀλλήλων,
815 795 1012 860 χεῖρας
1042 778 1096 836 δὲ
1152 776 1267 834 καθ’
1313 779 1466 848 ἡμῶν
1526 777 1645 854 ἆραι
1697 777 1783 832 καὶ
1831 777 1963 854 πρὸς

249 869 523 948 ἄρνησιν
597 877 850 952 χωρῆσαι
882 871 971 927 καὶ
1031 867 1375 952 βλασφημίαν
1419 873 1524 924 τῶν
1553 871 1684 924 θεῶν
1752 866 1961 922 ἀνεπεί-

249 981 464 1041 ante;
552 948 776 1020 καί-οἱ
845 961 1131 1039 μάρτυρες·
1210 948 1375 1032 Ἦμτν
1449 957 1569 1032 μὲν,
1627 958 1674 1011 ὦ
1733 954 1957 1036 ἔπαρχε,

251 1050 480 1130 εἶπον,
544 1049 700 1110 οὐδὲν
731 1052 804 1115 είς
866 1050 1172 1127 ἀνατροπὴν
1202 1053 1292 1104 τοὺ
1337 1045 1508 1120 δήμου
1538 1046 1633 1102 καί
1691 1043 1963 1102 διάστασιν

246 1138 635 1217 πέπρακται,
708 1140 848 1196 ἀλλὰ
931 1141 1018 1195 καὶ
1099 1141 1256 1214 ἡμῶν
1327 1135 1679 1206 σιωπώντων,
1756 1133 1960 1202 αληθὴς

247 1233 476 1294 αὐτοῖς
549 1231 659 1287 ἀπό
696 1252 758 1308 γε
800 1235 900 1298 τῆς
957 1226 1212 1296 ἀληθείας
1243 1225 1484 1304 ἐγνώσθη
1534 1225 1835 1300 Δεσπότης,
1869 1218 1958 1282 καὶ

246 1319 476 1376 τοῦτον
553 1321 659 1378 ὑπὸ
690 1318 928 1397 μεγάλῃ,
963 1320 1037 1382 ὡς
1095 1319 1194 1374 καί
1251 1316 1408 1381 αὒτὸς
1465 1315 1648 1390 οἶσθα,
1681 1321 1750 1390 τῇ
1809 1320 1958 1392 φωνῇ

248 1409 458 1480 ζῶντα
535 1411 701 1483 μόνον
732 1411 862 1466 Θεὸν
904 1404 1253 1484 ὰνέκτίρυξαν.
1311 1405 1381 1460 Σὺ
1410 1403 1465 1460 δὲ
1515 1403 1568 1460 εἴ
1600 1426 1718 1460 τινα
1777 1403 1954 1480 βούλει

245 1500 352 1555 καὶ
425 1497 615 1555 πάλιν
685 1500 823 1574 ἡμῖν
867 1497 932 1554 δι’
999 1496 1156 1553 αὐτὸν
1215 1496 1471 1569 τιμωρίαν
1513 1495 1837 1573 ἐπαγαγεῖν,
1883 1493 1960 1568 μὴ

248 1586 510 1662 μέλλων
599 1589 860 1665 ἐπάγαγε·
937 1585 1158 1648 δυνατὸς
1230 1585 1330 1662 γὰρ
1401 1583 1551 1645 οὗτος
1636 1583 1724 1639 καὶ
1795 1585 1958 1649 αὐτῆς

245 1681 422 1753 ἡμᾶς
530 1676 840 1744 ἀπαλλάξαι
877 1725 892 1753 ,
977 1679 1068 1733 καὶ
1151 1681 1256 1731 τῶν
1338 1672 1605 1752 ὑμετέρων
1692 1671 1957 1738 ἐξελέσθαι

248 1773 491 1849 χειρῶν
508 1816 524 1830 .

349 1870 460 1919 NA
501 1901 518 1918 .
569 1855 722 1914 Οὕτω
763 1857 862 1922 τῆς
893 1858 1002 1912 τῶν
1031 1856 1310 1931 μαρτύρων
1341 1851 1434 1908 καί
1477 1852 1662 1933 ψυχῆς
1695 1853 1782 1908 καὶ
1813 1852 1954 1930 γνώ-

255 1972 386 2024 μης
425 1950 684 2027 αἰσχρῶς
721 1945 749 2001 ὃ
791 1943 1151 2022 ’Λγριππῐνος
1205 1943 1516 2018 ἡττώμενος
1559 1947 1665 1998 τῶν
1697 1942 1960 2017 σωμάτων

253 2040 564 2116 κρατῆσαι
623 2037 748 2112 γοῦν
777 2033 1022 2091 ἔσπευδε
1081 2034 1172 2090 καί
1203 2035 1336 2111 πρὸς
1381 2038 1448 2107 τῇ
1497 2029 1607 2087 ἄνω
1637 2031 1805 2110 πέτρᾳ
1861 2033 1960 2107 τῇς

257 2133 368 2184 τοῦ
455 2129 618 2206 ὅρους
693 2123 928 2203 κορυφῆς
997 2125 1181 2185 αὖτοὺς
1249 2122 1551 2194 ἀποτείνας,
1623 2121 1711 2176 καὶ
1782 2118 1954 2186 ξύλοις

259 2218 636 2298 παχυτάτοις
685 2215 754 2271 τά
812 2237 870 2272 τε
914 2215 1044 2270 ὄστᾶ
1102 2213 1414 2290 συνθλάσας,
1446 2213 1534 2268 καὶ
1577 2211 1670 2275 τὰς
1730 2211 1952 2287 σάρκας,

264 2297 443 2382 οἴμοι
485 2307 502 2366 !
563 2304 906 2383 κατατεμὼν,
940 2305 1028 2360 καὶ
1077 2303 1202 2361 εἶτα
1249 2304 1320 2368 είς
1371 2301 1601 2364 σάκκους
1644 2321 1700 2356 τε
1752 2297 1956 2363 ἐμϐάλ-

265 2396 391 2472 λει,
447 2397 541 2454 καὶ
598 2394 772 2459 λίθους
844 2397 1018 2453 αὐτῶν
1091 2391 1326 2454 ἐκδώσας
1399 2391 1706 2468 μεγίστους,
1769 2389 1957 2468 ἀφίησι

272 2485 632 2567 σφοδρότατα
690 2484 828 2541 κατᾶ
857 2489 954 2552 τῆς
1000 2484 1283 2560 ὑπωρείας.
1317 2487 1432 2540 Τῶν
1491 2481 1586 2555 μὲν
1619 2487 1706 2536 οὖν
1767 2479 1960 2552 παρόν-

274 2599 399 2634 των
463 2574 632 2640 ούδοὶς
663 2574 731 2642 ἦν
792 2574 850 2638 ὃς
885 2574 980 2630 οὒκ
1020 2573 1299 2630 ἐπέτειστο
1332 2569 1520 2634 εὐθέως
1571 2569 1957 2625 ἀποθανεῖσθαι

277 2668 420 2730 τοὺς
466 2665 731 2744 μάρτυρας
775 2664 879 2720 ὑπὸ
938 2663 1037 2730 τῆς
1082 2661 1337 2728 ὀξυτάτης
1381 2665 1542 2736 φορᾶς
1575 2657 1779 2725 ἐκείνης
1834 2656 1956 2713 δια-

284 2755 656 2834 σπασθέντας,
717 2752 917 2810 ἐκεῖνοι
976 2750 1032 2808 δὲ
1086 2750 1244 2817 ὀξέως
1302 2749 1440 2807 οὕτω
1482 2748 1796 2828 φερόμενοι,
1840 2744 1957 2805 οὐδὲ

292 2844 437 2922 πρὸς
469 2845 528 2902 τὸ
569 2847 668 2913 τῆς
709 2843 974 2921 ὑπωρείας
1008 2842 1242 2922 ἔσχατον
1276 2841 1530 2911 ἔστησαν,
1563 2836 1704 2895 ἀλλὰ
1735 2838 1821 2893 καὶ
1853 2836 1953 2892 αύ-

288 2936 393 2992 τοῦ
421 2932 819 2996 διεκπευσόντες
853 2939 946 2990 τοῦ
976 2930 1222 3011 αἰγιαλοῦ
1250 2932 1327 3006 τῷ
1369 2933 1509 3009 βυθῷ
1539 2929 1635 2997 τῆς
1682 2925 1955 2994 θαλάσσης

285 3023 649 3085 κατώλισθον.

2049 522 2183 564 cum
2237 511 2475 566 sanctos
2519 504 2581 565 in
2631 502 2894 566 medium
2945 504 3368 584 produxisset:
3422 505 3561 578 Cur,
3593 507 3690 568 in-

2049 593 2199 674 quit,
2235 595 2450 656 vestris
2500 595 2815 674 praestigiis
2846 603 2904 656 et
2950 593 3448 657 incantationibus
3477 594 3538 656 in
3580 613 3691 676 po-

2049 682 2185 763 pulo
2215 683 2571 744 seditionem
2608 682 2904 756 excitatis,
2939 693 3000 744 ut
3031 703 3238 745 manus
3269 695 3467 745 autem
3503 685 3560 746 in
3586 703 3694 746 nos

2049 772 2348 846 tollerent,
2387 780 2445 833 et
2477 773 2549 834 ad
2593 773 2741 834 deos
2773 773 3078 851 negandos
3129 783 3185 835 et
3219 773 3550 835 maledictis
3598 776 3692 838 in-

2048 862 2363 924 sectandos
2425 862 2862 942 procederent,
2925 863 3356 943 persuasistis?
3410 863 3694 945 Martyres

2047 969 2209 1022 vero,
2246 951 2292 1013 A
2325 951 2496 1013 nobis
2527 953 2796 1034 quidem,
2833 951 3133 1028 dixerunt,
3167 971 3201 1014 o
3262 951 3561 1032 praefecte,
3595 954 3692 1016 ni-

2048 1040 2131 1102 hil
2182 1041 2401 1103 factum
2437 1050 2548 1114 est,
2584 1062 2700 1122 quo
2753 1052 3098 1104 mOVeretur
3127 1049 3184 1105 et
3213 1042 3285 1104 ad
3333 1042 3691 1105 seditionem

2042 1131 2440 1193 concitaretur
2471 1132 2752 1212 populus:
2794 1132 2896 1194 sed
2930 1131 3021 1194 vel
3053 1133 3226 1195 nobis
3255 1131 3571 1193 silentibus
3593 1150 3692 1195 ve-

2041 1239 2146 1284 rus
2176 1221 2265 1282 eis
2295 1240 2364 1283 ex
2397 1221 2525 1302 ipsa
2561 1221 2810 1284 veritate
2859 1222 3134 1300 cognitus
3167 1231 3256 1285 est
3288 1221 3598 1296 Dominus,
3633 1229 3694 1283 et

2040 1329 2171 1372 cum
2237 1329 2468 1388 magna.
2528 1321 2593 1373 ut
2637 1311 2768 1391 ipse
2815 1313 2993 1387 nosti,
3051 1331 3196 1374 voce
3251 1317 3444 1374 vivum
3494 1311 3688 1372 solum

2046 1399 2232 1462 Deum
2294 1400 2788 1479 praedicaverunt.
2829 1400 2916 1463 Tu
2947 1409 3144 1463 autem
3173 1402 3223 1463 si
3252 1401 3491 1481 aliquod
3553 1419 3688 1466 rur-

2045 1508 2146 1551 sus
2178 1489 2350 1550 nobis
2384 1490 2532 1552 velis
2566 1500 2810 1572 propter
2831 1492 3026 1572 ipsum
3059 1491 3283 1554 inferre
3304 1489 3687 1572 supplicium,

2044 1579 2223 1650 infer,
2259 1598 2377 1639 non
2432 1579 2717 1643 dill‘erens
2755 1602 2770 1656 ;
2803 1589 2998 1663 potest
3029 1581 3190 1645 enim
3245 1583 3297 1642 is
3327 1581 3399 1642 ab
3431 1599 3502 1642 eo
3535 1599 3691 1660 quo-

2042 1687 2158 1750 que
2189 1687 2296 1730 nos
2327 1668 2608 1746 liberare,
2645 1678 2702 1732 et
2728 1690 2764 1732 a
2795 1672 3004 1734 vestris
3040 1671 3315 1734 manibus
3345 1670 3602 1751 eripere.

2126 1846 2216 1910 LI.
2257 1848 2356 1910 Sic
2381 1867 2414 1910 a
2437 1857 2762 1932 martyrum
2800 1851 3000 1912 anima
3031 1858 3088 1912 et
3111 1852 3407 1912 sententia
3439 1849 3691 1929 turpiter

2043 1939 2229 2000 victus
2253 1938 2656 2021 ﬁAgrippinus,
2685 1960 2934 2022 corpora
2963 1944 3170 2005 saltem
3202 1940 3475 2003 studebat
3503 1958 3688 2020 supe-

2043 2046 2200 2090 rare:
2236 2047 2502 2108 cumque
2552 2049 2654 2092 eos
2687 2031 3058 2096 extendisset
3087 2031 3146 2093 in
3181 2041 3369 2113 petra,
3403 2047 3534 2112 quae
3562 2028 3691 2090 erat

2045 2136 2227 2199 super
2246 2119 2530 2182 verticem
2569 2121 2810 2192 montis,
2850 2129 2906 2183 et
2938 2121 3326 2184 crassissimis
3349 2119 3524 2200 lignis
3554 2137 3689 2180 ossa

2040 2225 2250 2268 eorum
2274 2207 2686 2287 confregisset,
2717 2218 2777 2272 et
2807 2228 3040 2285 carnes,
3065 2213 3216 2292 proh
3249 2210 3688 2283 dolor,consci-

2039 2295 2471 2371 disset,deinde
2498 2298 2696 2376 injicit
2725 2299 2784 2360 in
2805 2318 3032 2377 saccos;
3072 2307 3131 2362 et
3154 2301 3240 2362 eis
3263 2298 3540 2360 maximis
3561 2297 3688 2360 alli-

2038 2385 2186 2465 gatis
2217 2387 2655 2468 lapidibus,per
2678 2388 2862 2449 latera
2885 2389 3104 2451 montis
3127 2388 3333 2468 dejicit
3360 2389 3681 2449 vehemen-

2045 2476 2294 2536 tissime.
2321 2475 2516 2555 Atque
2539 2495 2742 2537 eorum
2767 2478 3031 2558 quidem,
3066 2477 3166 2559 qui
3194 2477 3464 2550 aderant,
3491 2476 3688 2538 nullus

2043 2573 2168 2626 erat
2216 2564 2313 2626 cui
2345 2584 2463 2626 non
2499 2574 2660 2627 esset
2711 2584 3087 2646 persuasum,
3120 2567 3314 2629 statim
3369 2565 3688 2627 morituros

2045 2653 2469 2735 martyres,illo
2485 2655 3010 2718 vehementissimo
3032 2656 3258 2737 impetu
3275 2655 3606 2735 discerptos
3629 2664 3689 2716 et

2042 2743 2378 2804 distractos.
2415 2741 2509 2804 Illi
2533 2752 2727 2806 autem
2751 2763 2886 2807 cum
2913 2747 3214 2808 ferrentur
3235 2755 3350 2807 tam
3383 2745 3684 2824 celeriter,

2043 2850 2117 2894 ne
2147 2832 2220 2893 ad
2255 2845 2588 2896 extremum
2622 2834 2866 2914 quidem
2915 2835 3135 2897 montis
3163 2835 3368 2897 lateris
3409 2831 3689 2896 constite-

2039 2930 2178 2983 runt
2215 2942 2229 2985 :
2263 2922 2370 2984 sed
2419 2942 2551 2984 cum
2609 2925 2681 2985 ab
2719 2924 2845 3005 ipso
2897 2929 3137 3006 quoque
3167 2925 3364 2986 littore
3421 2922 3688 2984 decidis-

2040 3019 2194 3085 sent,
2231 3011 2444 3092 dilapsi
2474 3012 2701 3074 suntin
2739 3013 3099 3094 profundum
3135 3013 3340 3078 maris.

375 3113 520 3175 NB'.
581 3111 803 3192 ’Ἄνδρες
863 3112 953 3168 οὖν
1009 3113 1186 3171 αὐτόθι
1244 3115 1352 3168 τῶν
1409 3109 1645 3167 εὐλαὸῶν
1673 3108 1764 3166 ἐπὶ
1819 3107 1942 3183 ἀγρς

2120 3100 2240 3164 Lll.
2277 3101 2405 3163 Illic
2435 3103 2631 3194 itaque
2661 3103 2899 3194 stabant
2929 3123 3000 3166 ex
3034 3103 3144 3184 piis
3171 3103 3396 3194 aliquot
3425 3102 3496 3194 ad
3526 3120 3687 3194 mar-

286 3201 458 3269 δῆθεν
497 3207 606 3260 τῶν
649 3207 988 3281 μαρτυρικῶν
1050 3200 1320 3276 λειψάνων
1365 3200 1590 3263 ἑστῶτες
1633 3198 1948 3276 ἐτύγχανον,

287 3289 368 3346 ἶν’
433 3292 487 3348 εἴ
553 3313 605 3349 τι
675 3292 818 3369 παρὰ
876 3296 974 3358 τῆς
1043 3291 1316 3356 θαλάσσης
1385 3291 1558 3348 αύτῶν
1613 3285 1950 3365 ἐκϐρασθείη,

289 3381 450 3440 τοῦτο
507 3379 804 3438 ἆνέλοιντο.
871 3380 990 3459 Ἐφ’
1039 3381 1221 3436 ἱκανὸν
1279 3379 1448 3436 τοίνυν
1501 3381 1618 3435 ἐκεῖ
1685 3372 1955 3448 παραμεί-

299 3491 480 3534 ναντες
540 3472 703 3549 δρῶσι
748 3477 842 3528 τοῦ
891 3470 1050 3545 βυθοῦ
1108 3469 1234 3533 τοὺς
1295 3468 1526 3530 σάκκους
1582 3465 1954 3531 ἆναδοθὲντας,

295 3560 386 3616 καὶ
434 3559 605 3637 ἡμέρα
635 3571 754 3625 τοῖς
783 3558 968 3617 ὕδασιν
1028 3558 1408 3620 ἐπιπλέοντας.
1444 3557 1592 3620 Νεὼς
1624 3559 1714 3613 οὖν
1764 3555 1948 3611 αὐτίκα

289 3647 438 3722 μάλα
490 3646 793 3727 ἐπιϐάντες,
828 3650 914 3706 καὶ
969 3647 1197 3715 πλησίον
1245 3655 1352 3705 τῶν
1383 3647 1596 3703 σάκκων
1642 3644 1944 3724 γενόμενοι,

285 3744 497 3809 ζῶντας
545 3738 671 3818 (ὅση
718 3746 834 3816 σοῦ,
871 3739 1064 3817 Χριστὲ
1111 3737 1356 3816 βασιλεῦ,
1384 3738 1418 3804 ἡ
1449 3734 1667 3808 δύναμις
1695 3733 1744 3812 ί)
1789 3733 1945 3789 ἀναι-

285 3828 504 3906 ροῦνται
575 3828 696 3893 τοὺς
768 3829 1058 3907 μάρτυρας,
1124 3826 1264 3901 μηδὲ
1328 3826 1518 3904 μικρὸν
1591 3823 1804 3881 ἐκείνων
1867 3822 1946 3880 ἔτι

281 3922 394 3974 τῶν
456 3915 680 3993 πληγῶν
733 3916 822 3996 ἐφ’
877 3917 1082 3976 ἑαυτῶν
1138 3916 1296 3996 ἴχνος
1343 3914 1596 3994 ἔχοντας.
1654 3911 1835 3978 Μέσης
1893 3910 1947 3968 δὲ

285 4008 478 4070 νυκτὸς
536 4007 625 4063 καὶ
671 4006 812 4082 μέγα
873 4007 993 4072 τοὺς
1025 4007 1203 4084 ἁγίους
1264 4010 1375 4085 φῶς
1425 4003 1476 4069 ἐξ
1530 4007 1750 4082 ούρανοῦ
1792 4025 1945 4080 περι-

283 4097 589 4174 ήστραψεν,
623 4093 844 4172 ἄγγελοί
887 4117 944 4152 τε
986 4095 1217 4176 φανερὰν
1274 4097 1458 4154 αὐτοῖς
1516 4091 1713 4170 ὤρεξαν
1751 4106 1940 4172 χεῖρα,

284 4187 377 4242 καὶ
435 4185 565 4263 πρὸς
623 4184 725 4241 τὶν
771 4185 966 4264 χέρσον
1024 4182 1397 4262 ἐξαγαγόντες,
1445 4187 1647 4262 τροφῆς
1691 4204 1748 4238 τε
1807 4204 1942 4258 μετ-

294 4273 506 4331 έδωκαν
561 4273 830 4352 οὐρανίας,
890 4275 983 4331 καί
1059 4270 1535 4348 καταϐεϐλημένην
1605 4273 1775 4329 αὖτῶν
1846 4273 1944 4339 τὴν

287 4361 513 4438 δύναμιν
583 4364 685 4420 ὑπὸ
759 4365 858 4431 τῆς
933 4363 1214 4444 συνεχείας
1287 4367 1394 4419 τῶν
1464 4365 1644 4416 κακῶν
1713 4361 1940 4430 ἀνεκτή-

285 4473 472 4513 σαννο,

289 4628 645 4708 παρελθόντες
704 4644 822 4695 τοῖς
855 4653 912 4688 τε
943 4630 1125 4696 ἄλλοις
1183 4644 1400 4694 πιστοῖς
1429 4632 1495 4688 τὰ
1527 4630 1794 4711 μεγαλεῖα
1852 4637 1944 4689 τοῦ

289 4726 426 4777 Θεοῦ
468 4717 768 4797 διηγοῦντο,
808 4721 895 4778 καὶ
925 4721 1077 4778 αύτοΐ
1130 4721 1224 4785 τὰς
1260 4733 1456 4801 χεῖρας
1487 4723 1559 4789 είς
1589 4723 1680 4780 τὸν
1729 4721 1943 4795 οὐρανὸν

284 4809 680 4879 ἀνατείνοντες,
714 4809 1003 4888 θερμοτέρα
1062 4811 1196 4888 πρὸς
1242 4810 1400 4868 αὐτὸν
1456 4809 1694 4891 ἔχρηντο
1743 4816 1810 4886 τῇ
1852 4811 1942 4866 εὖ-

286 4899 564 4980 χαριστίᾳ,
617 4898 888 4977 Πάρεργον
946 4898 1000 4955 δὲ
1062 4902 1246 4963 αὐτοῖς
1311 4900 1408 4967 τῆς
1480 4899 1566 4958 ἐπὶ
1618 4903 1717 4969 τὴν
1785 4898 1940 4956 πόλιν

284 4986 519 5067 παρόδου
575 4986 666 5046 δύο
696 4987 879 5068 τυφλοὶ
926 4989 1067 5068 παρά
1126 5011 1228 5046 τινι
1289 4991 1518 5056 ἑστῶτες
1575 4997 1728 5066 στοᾷ,
1762 4989 1940 5063 ἔτερος

284 5099 342 5134 τε
392 5077 494 5144 τὴν
525 5091 692 5156 χεῖρα
724 5079 1168 5158 κατεσφιγμένος,
1205 5078 1302 5136 καῖ
1364 5079 1524 5144 ἄλλος
1555 5080 1714 5137 πάλιν
1745 5101 1937 5155 παρει-

281 5165 460 5240 μένως
522 5164 664 5245 ἔχων
737 5172 827 5224 τοῦ
886 5167 1158 5242 σώματος,
1204 5171 1312 5224 τῶν
1387 5171 1660 5247 μακαρίων
1723 5168 1938 5225 ἐκείνων

283 5256 485 5334 χειρῶν
542 5253 706 5328 ψιλὴν
737 5253 836 5321 τὴν
887 5254 1024 5333 ἁφὴν
1076 5254 1274 5314 ἄπονον
1335 5257 1454 5334 αὗρε
1513 5260 1791 5335 θεραπείαν
1852 5253 1936 5313 καὶ

282 5343 526 5416 ἄμισθον.
588 5340 782 5400 Πολλοί
825 5365 881 5399 τε
936 5343 1088 5401 ἄλλοι
1117 5361 1119 5363 ‘
1147 5345 1518 5425 συῤῥέύσαντες
1561 5347 1789 5412 πολλαῖς
1849 5335 1936 5402 κειἱ

279 5431 550 5510 διαφόροις
607 5431 836 5512 κάτοχοι
883 5433 1056 5498 νόσοις
1109 5435 1209 5503 τὴν
1261 5436 1424 5503 αὐτὴν
1484 5438 1699 5502 ἒιιείνοις
1759 5436 1933 5492 πίστιν

281 5519 671 5598 εἰσενεγκόντες
718 5525 815 5590 τῆς
862 5521 1028 5592 αὐτῆς
1079 5523 1179 5606 ἄρα
1223 5526 1315 5582 καὶ
1356 5527 1634 5603 θεραπείας
1692 5523 1932 5584 ἀπέλαυ-

279 5633 398 5676 σαν,

2042 3199 2231 3273 tyrum
2281 3193 2581 3254 venandas
2611 3193 2918 3273 reliquias,
2955 3202 3014 3255 ut
3068 3194 3119 3256 si
3154 3211 3224 3254 ex
3270 3191 3358 3254 eis
3387 3191 3610 3274 aliquid
3653 3209 3688 3253 a

2042 3279 2191 3340 mari
2224 3279 2567 3358 ejiceretur,
2608 3280 2663 3340 id
2703 3281 3002 3344 tollerent.
3036 3280 3181 3344 Cum
3222 3280 3345 3341 illic
3375 3297 3516 3357 ergo
3546 3281 3686 3341 satis

2041 3367 2140 3428 diu
2177 3370 2664 3448 permansissent,
2703 3371 2901 3433 vident
2931 3388 3134 3432 saccos
3166 3389 3198 3430 e
3237 3368 3526 3450 profundo
3551 3367 3686 3429 red-

2043 3455 2216 3531 ditos,
2254 3465 2312 3519 et
2359 3460 2580 3520 seusim
2613 3460 2784 3540 aquis
2833 3467 3306 3542 supernatantes.
3339 3455 3484 3520 Cum
3539 3475 3681 3536 ergo

2033 3563 2243 3606 navem
2299 3547 2738 3624 ascendissent,
2797 3558 2854 3612 et
2912 3567 3098 3630 prope
3148 3566 3351 3609 saccos
3406 3547 3678 3624 fuissent,

2033 3639 2295 3698 viventes
2329 3635 2387 3713 (ο
2424 3644 2544 3717 tua,
2581 3639 2818 3701 Christe
2848 3658 2978 3714 rex,
3014 3637 3278 3720 potentia
3313 3641 3353 3718 ι)
3392 3645 3679 3716 martyres

2030 3725 2386 3805 suscipiunt,
2423 3745 2496 3788 ne
2529 3745 2769 3807 parvum
2805 3729 3051 3810 quidem
3106 3727 3340 3789 illarum
3375 3726 3677 3807 plagarum

2032 3815 2340 3894 vestigium
2393 3817 2585 3878 adhuc
2644 3818 2703 3879 in
2756 3838 2821 3881 se
2871 3819 3183 3882 habentes.
3233 3816 3426 3879 Media
3474 3824 3670 3879 autem

2028 3912 2202 3967 nocte
2238 3923 2447 3986 magna
2477 3926 2718 3987 quoque
2751 3909 2848 3971 lux
2882 3917 3121 3970 sanctos
3149 3925 3181 3967 e
3213 3906 3361 3968 caelo
3413 3907 3676 3968 circum-

2027 3994 2191 4056 fulsit
2227 4016 2239 4058 :
2276 4004 2333 4057 et
2379 3997 2575 4076 angeli
2608 4009 2814 4079 aperte
2848 4017 3087 4060 manum
3135 3997 3224 4058 eis
3257 3994 3587 4077 praebuere,
3621 4003 3679 4058 et

2025 4103 2160 4146 cum
2194 4086 2255 4146 in
2310 4094 2528 4148 terram
2578 4089 2950 4167 eduxissent,
2983 4107 3086 4149 eos
3116 4085 3346 4150 ccclesti
3394 4085 3676 4147 alimento

2029 4174 2478 4254 impertierunt,
2515 4178 2805 4258 malisque
2837 4177 3096 4239 assiduis
3127 4176 3420 4255 dejectam
3468 4192 3673 4236 eorum

2028 4263 2304 4327 virtutem
2334 4276 2704 4330 recrearunt.

369 4503 505 4603 NF}.
568 4540 688 4599 Εἶθ’
721 4541 886 4605 οὕτως
920 4542 1004 4600 ἐπὶ
1063 4541 1234 4617 μέσης
1287 4543 1334 4600 οἱ
1388 4542 1533 4621 ἅγιοι
1577 4549 1679 4611 τῆς
1728 4541 1938 4605 πόλεως

2109 4533 2502 4598 Llll.Deinde
2527 4553 2661 4597 cum
2683 4535 2770 4597 sic
2793 4538 2980 4598 sancti
3006 4536 3065 4597 in
3099 4536 3353 4598 mediam
3383 4536 3675 4598 accessis-

2026 4631 2161 4685 sent
2182 4623 2508 4700 civitatem,
2536 4633 2596 4687 et
2624 4625 2759 4686 aliis
2786 4626 3006 4686 sanctis
3031 4625 3138 4688 Dei
3162 4625 3482 4688 narrabant
3508 4645 3676 4706 mag-

2026 4712 2203 4788 nalia,
2231 4723 2286 4775 et
2303 4714 2417 4795 ipsi
2443 4733 2651 4776 manus
2676 4715 2739 4775 in
2762 4715 2949 4779 caelos
2972 4715 3352 4792 extollentes,
3382 4715 3434 4778 ei
3458 4713 3675 4794 gratias

2027 4813 2274 4881 egerunt
2323 4805 2762 4868 vehementius.
2797 4803 3014 4867 Eorum
3048 4811 3247 4868 autem
3279 4806 3339 4866 in
3375 4805 3672 4866 civitatem

2023 4892 2322 4954 adventus
2353 4895 2619 4956 accessio
2648 4895 2708 4956 in
2741 4895 3264 4970 transitu,fuerunt
3287 4896 3400 4958 duo
3432 4893 3670 4974 quidam

2024 4981 2190 5056 caeci,
2213 4991 2441 5045 stantes
2465 4985 2523 5044 in
2546 4984 2797 5064 quadam
2826 4987 3082 5065 porticu,
3108 4993 3162 5046 et
3187 4985 3361 5060 alius,
3385 4983 3480 5045 cui
3503 4992 3676 5044 erant

2023 5090 2234 5133 manus
2267 5075 2709 5153 torpefactaa,et
2735 5075 2886 5136 alius
2904 5074 3240 5153 rursus,cui
3261 5091 3474 5154 corpus
3507 5072 3672 5134 labo-

2019 5160 2185 5223 rabat
2219 5162 2497 5243 paralysi,
2525 5165 2624 5243 qui
2656 5183 2728 5225 ex
2774 5163 3082 5225 beatarum
3115 5162 3350 5225 illarum
3387 5181 3667 5225 manuum

2019 5251 2148 5312 solo
2179 5259 2478 5325 contactu,
2514 5258 2644 5313 sine
2677 5251 2881 5314 labore
2908 5261 2966 5315 et
2999 5251 3279 5314 mercede
3312 5252 3670 5314 invenerunt

2017 5340 2413 5404 curationem.
2451 5342 2615 5404 Multi
2647 5361 2889 5424 quoque
2933 5343 3057 5412 alii,
3089 5342 3192 5422 qui
3235 5341 3410 5404 variis
3445 5343 3668 5405 morbis

2015 5429 2388 5502 laborabant,
2425 5450 2560 5493 cum
2607 5433 2679 5493 ad
2717 5450 2852 5494 eum
2905 5431 3356 5507 confluxissent,
3392 5433 3662 5495 eamdem

2011 5537 2191 5599 quam
2225 5518 2312 5581 illi
2344 5519 2523 5581 fidem
2559 5522 2906 5599 afferentes,
2938 5520 3215 5584 eamdem
3247 5538 3485 5603 quoque
3521 5539 3658 5590 con-

2012 5608 2203 5678 secuti
2247 5610 2412 5674 fuere
2439 5609 2835 5673 curationem.
