4006 6138
340 294 457 362 859

1630 293 1914 356 MENSIS
1953 292 2414 356 JANUARlUS.

3617 298 3724 364 860

1839 491 2091 558 CAPUT
2134 495 2232 559 IX.

906 691 1171 771 Ancyra:
1205 705 1418 751 rursus
1447 689 1710 751 tolerata
1744 689 2068 748 tormenta.
2104 685 2315 764 Pueri,
2349 688 2482 768 ejus
2513 690 2787 766 alumni,
2821 695 3154 772 martyres.

428 883 572 948 LIV.
606 887 752 946 Cum
778 899 918 959 ergo
951 880 1076 942 haec
1108 898 1351 960 quoque
1384 878 1700 942 didicisset
1733 877 2021 957 praefec-t

2153 871 2285 941 NA'.
2340 883 2533 938 Μαθὼν
2561 883 2734 940 τοίνυν
2795 886 2884 941 καὶ
2917 894 3081 943 ταῦτα
3111 887 3139 942 ὁ
3183 885 3453 965 ἔπαρχος
3485 886 3578 940 καὶ
3620 889 3743 962 αὐτῇ

350 984 466 1047 tus,
494 982 551 1035 et
580 979 706 1051 ipsa
740 969 1114 1050 cognovisset
1145 971 1541 1051 experientia,
1577 987 1641 1030 se
1675 987 1789 1029 non
1827 967 2000 1028 modo

2115 970 2235 1048 πείρᾳ
2292 972 2446 1048 γνοὺς
2503 974 2574 1037 ὡς
2637 971 2734 1051 ἄρα
2796 972 2943 1031 οὐδὲν
3015 976 3218 1042 ὀνίνησι
3285 977 3420 1038 τοὺς
3483 975 3780 1053 μάρτυρας,

348 1064 496 1126 nihil
547 1062 839 1140 prolicere
873 1060 1012 1121 dum
1073 1059 1313 1140 puniret
1342 1069 1653 1140 martyres,
1691 1057 1796 1119 sed
1831 1075 1998 1120 suam

2117 1061 2504 1138 ιμωρούμενος,
2539 1064 2625 1120 καὶ
2671 1064 2844 1139 ἑαυτῷ
2888 1063 3095 1138 μᾶλλον
3125 1067 3212 1122 καὶ
3265 1072 3340 1136 τῇ
3377 1066 3579 1122 ἑαυτοῦ
3619 1069 3745 1142 θρη-

347 1151 543 1234 potius
567 1151 786 1212 laedere
818 1150 1192 1227 religionem,
1215 1157 1276 1211 ut
1307 1149 1407 1231 qui
1441 1149 1658 1210 multos
1686 1146 1907 1209 rideret
1932 1165 2003 1207 ex

349 1241 693 1321 gentilibus,
730 1240 802 1300 iis
831 1258 964 1320 qum
997 1247 1213 1319 praiter
1243 1239 1591 1318 opinionem
1623 1237 1695 1298 ab
1727 1237 1873 1317 ipsis
1906 1236 2004 1297 lie-

348 1331 489 1394 bant
523 1329 849 1403 miraculis,
887 1328 1258 1408 transfugere
1291 1329 1365 1389 ad
1401 1327 1706 1409 pietatem;
1743 1345 1860 1387 non
1892 1344 1999 1386 au-

351 1420 453 1483 det
483 1419 728 1497 quidem
753 1419 882 1499 ipse
913 1418 1169 1497 amplius
1201 1427 1503 1478 certamen
1538 1417 1866 1496 suscipere,
1898 1413 2002 1476 sed

351 1509 427 1570 de
482 1510 570 1569 eis
601 1508 673 1570 ad
707 1507 1132 1569 Maximianum
1169 1506 1358 1569 refert
1409 1507 1866 1587 imperatorem,
1901 1504 2001 1584 qui

357 1599 562 1679 procul
599 1617 631 1659 a
656 1596 1005 1658 Nicomedia
1032 1617 1163 1658 cum
1201 1605 1320 1658 toto
1345 1595 1686 1657 versabatur
1717 1594 2002 1656 exercitu:

355 1707 612 1768 cumque
662 1687 776 1748 alia
805 1686 1146 1764 singulatim
1202 1685 1527 1760 retulisset,
1563 1698 1624 1747 et
1689 1683 1844 1764 quod
1892 1682 2008 1745 orti

356 1778 601 1860 quidem
653 1785 852 1838 essent
884 1777 940 1835 in
971 1777 1215 1854 regione
1274 1775 1644 1846 Galatarum,
1681 1776 1868 1852 patria
1897 1791 2002 1833 au-

359 1877 477 1930 tem
514 1869 964 1947 Ancyranorum
998 1883 1014 1940 ;
1050 1884 1183 1926 cum
1219 1883 1320 1926 eas
1351 1864 1682 1944 accepisset
1710 1862 2006 1926 Maximia-

359 1963 560 2032 nus,et
586 1955 829 2034 legisset
851 1973 922 2015 ea
954 1973 1083 2035 quae
1112 1953 1738 2029 continebantur,eum
1773 1960 2012 2014 veretur

353 2064 562 2109 rursus
591 2045 951 2119 examinare,
989 2046 1100 2106 hoc
1139 2053 1421 2125 prwtextu
1449 2061 1592 2110 trem
1637 2042 1839 2104 volens
1878 2042 2009 2104 evi-

357 2143 506 2197 tare.
570 2133 715 2195 Nam
777 2152 908 2194 cum
947 2152 1050 2194 eos
1107 2134 1354 2213 Ancyrae
1405 2151 1536 2194 esse
1585 2141 1750 2193 ortos
1800 2131 2014 2194 litterae

2085 1151 2234 1206 σκεία
2297 1150 2626 1226 λυμαίνεται,
2687 1153 2782 1210 οἶα
2845 1152 3075 1218 πολλοὺς
3136 1157 3222 1211 καὶ
3297 1161 3414 1211 τῶν
3480 1145 3748 1224 Ἐλλήνων

2089 1242 2226 1318 ὁρῶν
2278 1254 2395 1304 τοῖς
2427 1241 2736 1320 παραδόξως
2790 1242 3128 1320 τελουμένοις
3177 1244 3264 1301 ὕπ’
3316 1246 3500 1301 αὐτῶν
3549 1243 3748 1316 θαύμα-

2088 1351 2170 1384 σιν
2229 1329 2654 1403 αὖτομολοῦντας
2715 1335 2845 1412 πρὸς
2911 1336 3008 1402 τὴν
3068 1332 3372 1408 εὒσέϐειαν,
3442 1332 3606 1398 αὐτὸς
3660 1331 3748 1406 μὲν

2087 1418 2181 1474 οὒκ
2239 1419 2315 1476 ἔτι
2349 1419 2536 1477 λοιπὸν
2592 1422 2683 1477 τὸν
2715 1423 2895 1500 ἀγῶνα
2951 1423 3152 1502 θαῤῥετ,
3190 1424 3533 1499 Μαξιμιανῷ
3581 1420 3636 1477 δὲ
3681 1426 3752 1492 τῷ

2088 1507 2306 1585 μεγάλῳ
2373 1509 2590 1585 βασιλεῖ
2633 1511 2697 1566 τά
2766 1511 2889 1568 κατ’
2947 1513 3133 1578 αὐτοὺς
3191 1512 3487 1593 ἀναφέρει,
3551 1511 3752 1586 μάκράν

2092 1619 2188 1653 που
2247 1597 2604 1672 Νικομηδείας
2639 1602 2770 1674 ὁμοῦ
2820 1609 2894 1674 τῷ
2937 1605 3092 1659 παντὶ
3122 1610 3344 1681 στρατῷ
3398 1599 3749 1678 διατρίϐοντι·

2090 1685 2261 1743 τᾶλλα
2299 1708 2355 1742 τε
2414 1689 2549 1745 κατά
2581 1690 2736 1768 μέρος
2785 1689 3082 1772 διεξελθὼν,
3115 1693 3202 1748 καὶ
3262 1691 3350 1748 ὅτι
3409 1690 3606 1769 χώρας
3661 1689 3754 1755 μὶν

2089 1776 2186 1843 τῆς
2234 1778 2338 1832 τῶν
2393 1777 2668 1859 Γαλατῶν,
2699 1779 2946 1857 πατρίδος
2991 1779 3044 1837 δὲ
3095 1787 3192 1849 τῆς
3225 1780 3593 1858 Ἀγκυρανῶν
3647 1777 3752 1854 ὤρ-

2091 1889 2313 1941 μι,νται.
2377 1868 2671 1944 Δεξάμενος
2719 1870 2808 1926 οὖν
2870 1871 2937 1926 τὰ
2981 1873 3268 1948 γράμματα
3325 1874 3356 1927 ὁ
3424 1867 3754 1943 Μαξιμιανὸς

2093 1957 2277 2012 καὶτὰ
2334 1956 2612 2034 ἑγκείμενα
2645 1959 2908 2041 ἐπελγὼν,
2958 1961 3097 2025 αὖθις
3143 1963 3298 2018 ὀκνεῖ
3330 1961 3440 2027 τὴν
3492 1958 3750 2025 ἐξέτασιν,

2092 2047 2259 2122 ταύτῃ
2336 2069 2417 2102 τοι
2507 2049 2592 2104 καὶ
2661 2049 2877 2127 ἀφορμῇ
2949 2049 3106 2111 πάλιν
3177 2049 3531 2128 εὖπροσώπῳ
3603 2066 3755 2122 περι-

2096 2133 2304 2192 στεῖλαι
2339 2137 2400 2192 τὸ
2453 2143 2671 2214 πρᾶγμα
2704 2139 3048 2215 βουλόμενος.
3093 2139 3240 2197 Ἐπεὶ
3270 2141 3364 2197 καὶ
3398 2139 3502 2206 τῆς
3555 2134 3753 2212 Ἀγκυ-

357 2225 790 2306 signiﬁcarent,
825 2224 963 2286 illuc
1009 2233 1246 2286 sanctos
1293 2224 1368 2285 ad
1427 2223 1744 2304 quemdam
1798 2222 2012 2283 ducem

2115 2223 2269 2273 >ανῶν
2317 2219 2597 2292 ὡρμῆσθαι
2629 2221 2813 2285 αὐτοὺς
2864 2217 3056 2290 ἐδήλου
3105 2221 3170 2277 τὰ
3212 2223 3550 2299 γράμματα,
3584 2216 3756 2272 ἐκεῖσε

368 2315 735 2390 transmittit,
785 2314 1029 2375 nomine
1066 2313 1398 2393 Curicium,
1445 2313 1703 2376 dicens:
1759 2312 2014 2392 Equum

356 2416 471 2480 est,
507 2411 569 2466 ut
613 2422 744 2484 quae
775 2402 1006 2483 genuit,
1041 2421 1144 2465 eos
1175 2414 1232 2465 et
1284 2403 1524 2480 habeat,
1559 2411 1615 2464 et
1648 2401 1786 2477 alat,
1823 2408 1880 2462 et
1912 2419 2015 2482 puv

359 2495 506 2558 niat.

440 2581 565 2646 LV.
597 2581 849 2644 Tantum
874 2581 1113 2642 solertia
1145 2589 1202 2641 et
1227 2581 1523 2662 sapientia
1553 2589 1608 2642 et
1641 2578 2017 2659 excogitandi

365 2674 647 2735 facilitate
679 2671 840 2731 valet
876 2671 982 2732 Dei
1011 2669 1406 2750 providentia,
1433 2678 1492 2731 et
1519 2669 1581 2731 in
1604 2668 1788 2730 rebus
1817 2667 2016 2729 dubiis

366 2762 588 2824 exitum
625 2767 739 2820 tam
775 2759 946 2820 facile
981 2759 1224 2832 invenit,
1247 2767 1302 2819 et
1328 2758 1628 2830 Clemens,
1659 2758 1758 2838 qui
1789 2764 2014 2818 tantum

364 2860 545 2912 terrae
571 2856 625 2910 et
645 2848 822 2908 maris
846 2846 1163 2921 obierat,et
1195 2847 1418 2908 tamdiu
1452 2847 1640 2909 fuerat
1665 2853 2015 2927 peregrina-

361 2943 536 3006 tus.in
561 2940 966 2997 charissimam
993 2940 1730 3012 etjucundissimam,sicut
1762 2940 2011 3010 optabat.

363 3026 616 3109 patriam
642 3023 1181 3096 revertitur.Quam
1210 3043 1340 3084 cum
1371 3025 1499 3086 laeto
1533 3033 1591 3085 et
1613 3024 1792 3086 alacri
1817 3025 2016 3085 animo

367 3122 523 3177 esset
549 3114 891 3192 ingressus:
929 3113 1136 3177 Gloria
1168 3113 1301 3188 tibi,
1342 3115 1593 3176 Domine
1614 3116 1752 3174 Jesu
1785 3112 2018 3176 Christe

365 3207 549 3278 Deus,
585 3203 842 3275 dicebat,
878 3203 1034 3284 quod
1089 3221 1251 3264 meas
1287 3221 1495 3283 preces
1529 3203 1886 3276 exaudieris,
1921 3221 2020 3283 pa-

370 3295 614 3375 triaeque
647 3302 706 3354 et
755 3311 1024 3354 meorum
1075 3293 1370 3372 majorum
1409 3293 1706 3374 sepulcris
1743 3312 1835 3354 me
1889 3311 2019 3352 cum

372 3385 590 3466 pulcha
613 3382 948 3444 reddideris
971 3383 1344 3456 accessione,
1377 3402 1510 3444 cum
1537 3384 1724 3463 socio,
1751 3383 2022 3464 inquam,

2099 2307 2220 2368 τοὺς
2273 2307 2454 2383 ἀγίσυς
2506 2309 2637 2386 πρὸς
2683 2310 2922 2388 ἡγεμόνα
2975 2310 3091 2366 τινὰ
3145 2310 3435 2388 Κουρίκιον
3467 2303 3754 2384 παραπέμ-

2099 2417 2186 2452 πει
2242 2397 2406 2459 οὕτως
2441 2397 2626 2453 εἰπών·
2664 2399 2772 2466 Τὴν
2803 2399 3214 2476 γεννησαμένην
3267 2399 3432 2480 ἔχειν
3466 2421 3528 2456 τε
3577 2395 3754 2458 αὖτοὺς

2098 2486 2185 2542 καὶ
2218 2486 2450 2566 τρέφειν,
2485 2488 2570 2544 καὶ
2600 2492 2949 2567 τιμωρεῖσθαι
2983 2487 3202 2554 δίκαιον,

2182 2575 2316 2636 ΝΕ¹.
2379 2575 2556 2639 Οὕτως
2610 2577 2918 2657 εὐμήχανός
2975 2599 3031 2634 τι
3059 2580 3146 2635 καὶ
3201 2581 3346 2660 σοφὴ
3393 2580 3490 2637 καὶ
3537 2578 3590 2634 ἐν
3641 2574 3751 2634 τοῖς

2100 2665 2329 2742 ἀπόροις
2381 2664 2601 2742 εὔπορος
2630 2668 2662 2733 ἡ
2694 2673 2785 2723 τοῦ
2817 2674 2949 2724 Θεοῦ
2994 2667 3238 2744 πρόνοια,
3275 2670 3372 2726 καὶ
3423 2671 3454 2724 ὁ
3499 2665 3751 2729 τοσαύτην

2101 2753 2336 2811 ἐπελθὼν
2387 2760 2489 2834 γῆν
2520 2777 2576 2811 τε
2607 2757 2695 2812 καὶ
2747 2754 3017 2813 Θάλασσαν
3061 2757 3320 2838 Κλήμης,
3353 2759 3451 2815 καὶ
3504 2752 3750 2823 τηλικαΰο

2100 2867 2198 2912 της
2257 2843 2560 2920 ἀποδημίας
2609 2845 2977 2922 στειλάμενος,
3013 2848 3112 2915 τὴν
3168 2855 3333 2927 φιλην
3390 2848 3544 2909 αὖθις
3600 2841 3747 2902 καθά-

2099 2957 2196 3013 περ
2227 2934 2431 3014 ηῧχετο
2461 2935 2552 2991 καί
2599 2935 2818 3004 ἡδίστην
2848 2935 3216 3012 ἀπολαμϐάνει
3262 2935 3526 3018 πατρίδα,
3556 2930 3652 2998 1rHc
3689 2928 3742 2996 δὴ

2100 3048 2200 3082 που
2249 3026 2336 3082 καὶ
2370 3026 2460 3080 σὺν
2517 3023 2684 3102 ἠδονῇ
2715 3023 2902 3089 ἐπιϐὰς
2951 3028 3037 3082 καὶ
3084 3026 3434 3105 φαιδρότητι,
3475 3027 3613 3092 Δόξα
3649 3042 3738 3090 σοι,

2104 3117 2258 3190 Κύριε
2312 3122 2467 3179 ιησοῦ
2517 3116 2709 3191 Χριστὲ
2762 3118 2790 3172 ὁ
2864 3117 3020 3190 Θεὸς,
3081 3116 3289 3195 ἔλεγεν,
3354 3116 3473 3174 ἀνθ’
3531 3119 3608 3172 ὧν
3652 3113 3746 3168 εἱσ-

2103 3206 2335 3274 ήκουσας
2395 3209 2492 3271 τῆς
2539 3211 2850 3286 προσευχῆς
2902 3228 3025 3282 μου,
3059 3208 3147 3263 καὶ
3203 3213 3272 3283 τῇ
3325 3229 3384 3264 τε
3432 3201 3644 3278 πατρίδι
3673 3197 3749 3257 καὶ

2105 3308 2225 3359 τοῖς
2270 3309 2614 3371 προγονικοῖς
2647 3317 2714 3370 με
2772 3297 2959 3375 τάφοις
2989 3297 3126 3370 μετά
3173 3295 3350 3362 καλῆς
3386 3301 3488 3363 τῆς
3530 3289 3750 3370 προσθή-

2107 3407 2206 3450 κης
2265 3391 2355 3440 τού
2415 3383 2688 3459 συνείθλου,
2749 3386 2911 3466 φημὶ,
2975 3385 3376 3465 Ἀγαθαγγέλου
3457 3383 3747 3449 ἀπέδωκας,

369 3473 716 3538 certaminis
767 3472 1214 3552 Agathangelo:
1252 3479 1315 3533 ut
1368 3472 1467 3534 ubi
1500 3482 1670 3534 natus
1710 3490 1867 3551 sum,
1903 3469 2021 3531 illic

2115 3473 2183 3530 ἶν’
2215 3473 2347 3530 ὅπου
2389 3474 2488 3539 τὴν
2546 3474 2794 3552 γέννησιν
2840 3474 2996 3555 ἔχον,
3029 3479 3116 3532 καὶ
3174 3478 3271 3545 τὴν
3331 3475 3592 3542 τελευτὴν
3647 3471 3752 3527 in!

369 3565 546 3626 etiam
571 3562 877 3625 decedam.
921 3563 1152 3625 Deinde
1175 3561 1248 3623 ad
1278 3560 1580 3624 Curicium
1609 3561 2021 3643 praesidentem

2115 3560 2362 3638 ὃέξωμαι.
2414 3563 2550 3620 Εἶτα
2610 3565 2983 3642 προκαθίσαντι
3043 3573 3118 3639 τῷ
3177 3569 3440 3644 Κουρικίῳ
3500 3564 3555 3621 ἐν
3613 3561 3752 3630 τόπῳ

363 3655 424 3715 in
455 3653 714 3731 quodam
743 3652 896 3727 loco,
923 3652 1023 3734 qui
1048 3650 1372 3712 vocabatur
1395 3652 1664 3732 Cryptos,
1697 3651 1750 3712 id
1777 3658 1886 3723 est,
1915 3650 2021 3712 Oc-

2115 3654 2210 3708 tu‘:
2263 3654 2319 3715 ὃς
2351 3652 2598 3709 ἓιιάλεῖτο
2634 3657 2872 3729 Κρυπτὸς
2917 3653 3039 3710 ἔνθα
3089 3677 3170 3717 τις
3214 3657 3303 3711 καὶ
3334 3655 3506 3731 μικρὰ
3551 3646 3746 3727 ᾠκοδό-

366 3744 590 3815 cultus,
628 3741 731 3802 ubi
775 3746 950 3802 etiam
989 3760 1168 3821 parva
1211 3740 1483 3821 quazdam
1517 3741 1808 3802 aedificata
1842 3741 2021 3800 fueral

2115 3763 2248 3808 κητο
2319 3743 2626 3814 ἐκκλησίας,
2690 3745 2737 3798 οἱ
2811 3756 3050 3821 γενναῖοι
3107 3745 3483 3822 παρίστανται.
3558 3741 3654 3802 "0c
3701 3734 3750 3792 δέ

367 3832 650 3906 ecclesia,
685 3832 795 3892 viri
826 3831 1122 3892 sistuntur
1158 3831 1401 3910 egregii.
1443 3830 1548 3892 Ille
1577 3840 1774 3892 autem
1809 3847 2021 3891 conans

2115 3831 2473 3908 ἐπαγαγέσθαι
2534 3833 2720 3896 αὐτοὺς
2780 3834 2868 3889 καὶ
2922 3831 3220 3904 ὑποκλέψαι
3272 3833 3548 3912 περιουσίᾳ
3606 3828 3746 3894 δῆθεν

370 3941 472 3985 eos
498 3923 875 3994 inducere,et
906 3920 975 3981 ad
1003 3939 1068 3981 se
1092 3920 1376 3998 pellicere
1407 3919 1637 3998 ingenii
1663 3920 1942 3981 acumine
1974 3927 2021 3979 et

2116 3922 2396 3999 ἀγχινοίας
2429 3921 2787 4001 πειρώμενος,
2835 3929 3055 3978 τοιαῦτα
3087 3922 3143 3978 ἐν
3171 3926 3474 4002 προοιμίοις
3524 3921 3599 3978 ¹ιέτι
3629 3917 3746 3989 πρὸς

368 4011 638 4082 solertia,
678 4029 783 4072 eos
824 4011 904 4072 ita
935 4019 1022 4071 est
1045 4009 1340 4071 allocutus
1371 4012 1565 4071 statim
1602 4012 1658 4070 in
1694 4008 1988 4089 principio
2018 4027 2021 4069 1

2120 4011 2303 4070 αὐτοὺς
2339 4009 2630 4088 διελέγετο.

456 4100 600 4164 LVI.
636 4102 781 4165 Cum
806 4109 1147 4170 accurate,o
1174 4099 1304 4174 viri,
1339 4099 1414 4161 de
1437 4097 1602 4160 vobis
1633 4099 2021 4178 didicerim,et

2200 4099 2344 4173 Νςη.
2408 4103 2600 4158 Μαθὼν
2657 4099 2915 4178 ἀκριϐῶς,
2961 4104 3006 4158 ὦ
3050 4100 3250 4178 ἄνδρες,
3309 4105 3377 4160 τὰ
3439 4099 3554 4160 καθ’
3595 4101 3740 4173 ὑμᾶς,

377 4204 661 4272 quantum
687 4192 859 4252 terris
881 4189 1241 4262 obicritis,et
1266 4197 1498 4270 quot,et
1528 4199 1750 4270 quanta
1779 4187 2035 4249 subieri-

378 4284 456 4343 tis
485 4281 838 4362 pericula,et
863 4291 1007 4360 quot
1035 4277 1244 4340 mortis
1275 4297 1496 4358 genera
1521 4278 1687 4340 vobis
1713 4278 1937 4340 intenta
1957 4277 2039 4337 ef-

377 4372 667 4451 fugeritis,
706 4371 831 4448 ipse
863 4388 1097 4449 quoque
1127 4371 1325 4430 animo
1351 4368 1596 4443 afﬁcior,
1632 4377 1687 4430 et
1713 4367 1800 4428 vel
1829 4385 2034 4428 eorum

379 4461 504 4522 sola
534 4460 774 4538 frangor
817 4457 1147 4532 auditione,
1184 4467 1240 4518 et
1274 4458 1500 4519 elIicior
1549 4459 1712 4518 vobis
1745 4457 2036 4538 quodam-

383 4549 560 4612 modo
587 4551 786 4609 socius
819 4547 1242 4609 calamitatum:
1279 4558 1338 4607 et
1368 4547 1504 4608 ideo
1531 4546 1628 4609 illa
1661 4546 2041 4625 magistratus

380 4637 656 4718 deposita
683 4637 1023 4709 severitate,
1059 4645 1175 4696 tam
1213 4635 1474 4714 benigne
1499 4635 1804 4697 vobiscum
1839 4644 1896 4695 et
1921 4635 2040 4715 pla-

381 4728 513 4791 cide
545 4727 875 4808 colloquor.
917 4724 1151 4786 Videris
1176 4724 1334 4785 enim
1374 4726 1518 4786 mihi
1553 4725 1823 4797 omnino,
1849 4744 1882 4785 ο
1917 4724 2040 4786 Cle-

383 4836 554 4880 mens
580 4818 834 4878 maxime
861 4825 918 4877 et
939 4815 1420 4891 admirabilis,eo
1445 4815 1602 4895 quod
1624 4834 1690 4875 ex
1723 4816 1848 4876 haec
1868 4833 2044 4895 praes-

382 4907 707 4969 tantissima
741 4914 911 4967 natus
945 4904 1026 4965 sis
1067 4904 1331 4984 civitate,
1365 4904 1425 4965 in
1465 4922 1656 4980 eaque
1691 4905 1957 4965 creveris
1987 4914 2044 4966 et

2065 4930 2161 5008 οφ

2120 4189 2252 4257 ὅσην
2309 4213 2365 4246 τε
2399 4193 2710 4269 περιήλθετε
2758 4198 2886 4272 γῆν,
2922 4191 3076 4259 ὅσους
3125 4215 3184 4250 τε
3218 4195 3532 4268 ὑπεμεὶνατε
3579 4184 3740 4245 κινδύ-

2122 4303 2265 4352 νους,
2317 4281 2406 4336 καὶ
2460 4279 2652 4348 ἡλίκας
2691 4285 2931 4338 θανατων
2980 4282 3262 4362 ἐπαγωγὰς
3315 4282 3604 4363 διεφύγετε,
3645 4273 3742 4331 πά·-

2122 4392 2244 4448 σχω
2301 4371 2388 4424 καὶ
2437 4371 2591 4435 αὖτὸς
2651 4372 2748 4441 τήν
2795 4372 3003 4450 ψυχὴν,
3050 4373 3136 4430 καὶ
3193 4375 3326 4446 πρὸς
3375 4374 3539 4439 αὑτὴν
3591 4365 3740 4442 μόνην

2121 4457 2473 4532 κατακλῶμαι
2526 4461 2622 4526 τὴν
2654 4460 2848 4535 ἀκοὴν,
2880 4461 2970 4516 καὶ
3010 4461 3168 4517 οἱονεὶ
3204 4464 3460 4529 κοινωνὸς
3490 4464 3604 4535 ὑμῖν
3645 4456 3735 4506 τῶν

2125 4554 2406 4626 συμφορῶν
2459 4550 2693 4624 γίνομαι·
2730 4549 2822 4605 διὰ
2879 4549 3035 4606 τοῦτο
3085 4551 3172 4606 καὶ
3221 4552 3536 4632 ἀρχοντικὸν
3582 4543 3729 4601 πάντα

2125 4636 2284 4714 ὄγκον
2345 4635 2629 4693 ἀποϐαλὼν
2687 4639 2853 4702 οὕτως
2901 4640 3072 4707 ἠπίως
3141 4641 3270 4715 ὑμῖν
3343 4643 3430 4699 καὶ
3495 4635 3734 4720 προσηνῶς

2125 4725 2464 4804 διαλέγομαι.
2503 4737 2697 4792 Δοκετς
2729 4751 2820 4803 μοι
2867 4731 2966 4808 γὰρ
2997 4729 3236 4806 πάντως,
3269 4731 3315 4787 ὦ
3365 4725 3731 4807 θαυμασιώτατε

2128 4815 2350 4894 κλήμη,
2389 4824 2462 4891 τῷ
2517 4823 2618 4894 τῇς
2669 4817 2886 4892 ἀρίστης
2939 4819 3137 4884 ταύτης
3194 4828 3348 4900 οξῦναι
3379 4820 3578 4882 πόλεως
3625 4829 3732 4889 τρα-

2165 4907 2289 4971 ἧναί
2344 4922 2399 4962 τε
2446 4907 2498 4961 ἐν
2557 4906 2711 4982 αὒτῇ,
2758 4908 2843 4962 καὶ
2903 4906 3194 4974 αὒξηθῆναι
3251 4911 3340 4966 καὶ
3398 4903 3727 4968 παιδευθῆναι,

383 4997 594 5059 doctus
632 4998 712 5056 sis
759 5006 816 5057 et
848 4995 1158 5067 educatus,
1193 5012 1264 5055 ea
1302 4993 1376 5054 de
1409 5012 1589 5054 causa
1622 5012 1695 5054 ne
1730 4995 1860 5074 pius
1908 4993 2021 5075 qui

2131 4995 2312 5053 τούτου
2357 4997 2517 5074 χάριν
2547 4995 2685 5072 μηδὲ
2739 4995 2962 5063 θελῆσαι
3015 4997 3162 5062 ὅσιος
3197 4999 3263 5056 τὰ
3313 5003 3424 5078 περὶ
3476 4999 3587 5057 τοὺς
3611 4989 3732 5049 θεοὺς

387 5085 524 5148 dem
582 5087 641 5146 in
676 5085 822 5148 deos
873 5086 932 5144 in
965 5085 1081 5145 alia
1126 5083 1311 5145 videri
1344 5083 1600 5144 voluisse
1649 5085 1906 5157 civitate,
1935 5084 2021 5146 nis

2131 5089 2184 5141 ἓν
2257 5085 2407 5164 ἐτὲρὺ
2467 5089 2794 5166 ἀναφανῆναι
2861 5092 2954 5164 γῇ,
3001 5089 3045 5144 εί
3115 5089 3192 5162 μὴ
3251 5087 3350 5166 ἄρα
3411 5094 3510 5158 τῆς
3572 5080 3733 5142 οἰκείας

387 5175 632 5253 priusin
671 5183 830 5236 tuam
867 5173 1153 5235 rediisses
1188 5173 1468 5254 patriam,
1500 5191 1606 5252 pro
1631 5173 1769 5250 alia,
1805 5183 1866 5235 ut
1896 5175 2029 5235 vide

2134 5174 2324 5250 ἐπιϐῇς
2373 5175 2556 5248 πάλιν,
2592 5173 2705 5232 ἀντ’
2753 5174 2946 5248 ἄλλης,
2981 5179 3052 5240 ὡς
3083 5176 3281 5249 ἔοικεν,
3331 5178 3578 5256 ἀμοιϐῆς,
3606 5175 3736 5228 τοῦτο

392 5274 515 5339 tur,
550 5264 1044 5326 remuneratione
1074 5263 1189 5325 hoc
1242 5263 1328 5323 illi
1366 5281 1701 5324 reservans.
1741 5264 1888 5326 Sunt
1914 5284 2016 5342 erg

2135 5265 2203 5333 τῇ
2258 5263 2462 5340 πατρίδι
2510 5267 2913 5339 ταμιευόμενος.
2958 5265 3102 5342 ’Ὦρα
3143 5277 3268 5346 γοῦν
3323 5291 3404 5325 σοι
3453 5271 3658 5350 χᾶριτας
3681 5259 3734 5350 τῇ

394 5374 554 5418 nunc
588 5375 618 5418 a
653 5366 710 5419 te
735 5355 958 5417 civitati
989 5363 1048 5415 et
1081 5355 1258 5415 nobis
1299 5354 1546 5432 agenda;
1577 5356 1799 5433 gratim.
1833 5354 1917 5417 Te
1939 5373 2021 5415 aut

2131 5376 2188 5410 τε
2237 5353 2389 5409 πόλει
2422 5353 2506 5410 λαὶ
2532 5357 2668 5428 ἡμῖν
2702 5353 3014 5418 ἀποδοῦναι,
3071 5344 3381 5416 Συνεπέσθω
3409 5344 3569 5416 deﬂuat
3619 5344 3736 5405 καὶὸ

396 5457 515 5507 tem
543 5455 949 5522 consequatur
973 5445 1296 5526 prmelarus
1331 5463 1563 5524 quoque
1586 5445 2050 5524 Agathangelus.

407 5533 606 5598 Nolite
637 5553 776 5610 ergo
811 5534 1076 5607 differre,
1112 5533 1218 5594 sed
1250 5534 1364 5594 diis
1401 5535 1475 5594 de
1505 5553 1672 5596 more
1702 5536 2055 5596 sacriﬁcate.

396 5621 596 5685 Sancti
631 5636 769 5682 vero
807 5639 819 5683 :
853 5620 1191 5697 Quomodo,
1224 5621 1524 5697 dixerunt,
1557 5623 1741 5686 fueris
1773 5623 1946 5685 nobis
1967 5641 2058 5685 so-

2135 5442 2298 5506 καλὸς
2365 5443 2785 5522 Ἀγαθεὶγγελος
2850 5445 2928 5518 μὴ
2986 5449 3076 5502 οὖν
3132 5448 3381 5522 μέλλετε,
3428 5449 3558 5506 ἀλλὰ
3616 5438 3736 5496 Θύετε

2138 5537 2282 5592 θεοῖς
2346 5535 2410 5589 τὰ
2479 5531 2859 5608 νενομισμένα.
2909 5537 2968 5594 Οἱ
3021 5535 3075 5592 δὲ
3139 5538 3304 5618 ἅγιοι,
3351 5546 3472 5604 Πῶς
3527 5534 3575 5591 δὲ
3625 5530 3736 5599 ἡμῖν

2147 5624 2401 5686 κοινωνὸς
2455 5621 2540 5699 ἂν,
2575 5623 2755 5696 εἶπον,
2802 5623 2905 5681 τῶν
2959 5609 3198 5704 θλίψεων.
3245 5609 3445 5710 γένοιο,
3477 5629 3559 5688 οἷς
3607 5609 3736 5687 ἣδονὴ
