4006 6138
342 287 461 360 863

1634 293 1918 357 MENSIS
1962 293 2423 357 JANUARIUS.

3609 289 3711 357 864

344 444 490 509 pore
516 422 940 500 decertaverit,
971 430 1029 485 et
1053 422 1325 504 quisnam
1349 423 1447 500 sit,
1475 425 1574 504 qui
1596 442 1732 486 cum
1766 442 1837 487 eo
1867 424 1979 487 sub

2068 428 2366 506 ὑπομείνοι,
2426 429 2574 496 ὅπως
2624 452 2683 487 τε
2739 430 2832 488 τόν
2872 437 3125 489 τοσοῦτον
3170 428 3450 500 ἆθλήσειε
3507 428 3716 509 χρόνον,

340 518 457 580 hoc
478 516 632 579 duce
666 512 1162 587 decertaverit,et
1181 531 1314 574 cum
1340 531 1412 575 eo
1440 533 1655 576 rursus
1678 524 1769 576 est
1794 515 1989 578 inclu-

343 626 474 687 sus,
503 605 744 685 singula
772 613 977 683 aperte
1030 603 1443 682 interrogavit.
1496 603 1816 685 Postquam
1851 624 1990 668 vero

347 716 596 778 magnus
625 696 903 759 Clemens
931 692 1273 772 singulatim
1326 694 1555 770 omnia,
1591 697 1894 776 quomodo
1925 714 1991 758 se

341 787 657 859 haberent,
691 784 988 864 exposuit,
1015 801 1148 843 cum
1184 801 1393 844 eorum
1425 784 1816 848 abstersisset
1845 804 1990 848 san-

341 877 610 956 guinem,
645 883 704 936 et
738 872 982 935 mundis
1009 871 1216 935 linteis
1236 872 1593 936 mundasset
1617 875 1990 950 vulnera,eis

339 966 584 1047 apponit
605 963 916 1038 alimenta,
945 961 1169 1042 quibus
1200 962 1434 1026 sciebat
1467 961 1837 1028 Clementem
1871 984 1988 1027 nu-

342 1055 473 1118 triri
507 1054 583 1116 ab
613 1054 866 1116 ineunte
896 1060 1091 1115 aetate.

420 1142 720 1209 LIX.Cum
743 1143 987 1207 interim
1010 1150 1208 1204 autem
1229 1143 1674 1206 considerasset
1690 1144 1985 1220 Curicius,

339 1232 498 1317 quod
532 1233 681 1295 nihil
712 1233 785 1294 ab
819 1251 890 1294 eo
937 1239 1144 1312 posset
1193 1233 1494 1313 ejusmodi
1540 1233 1869 1314 excogitari
1912 1233 1988 1296 ad

337 1323 727 1405 supplicium,
757 1330 822 1385 ut
852 1324 1117 1386 virorum
1150 1332 1374 1386 tantam
1400 1333 1713 1405 superaret
1733 1324 1988 1386 toleran-

336 1413 502 1490 tiam,
530 1413 752 1476 vicario
773 1411 1038 1488 cuidam,
1065 1413 1163 1474 cui
1198 1422 1340 1476 tunc
1372 1415 1814 1477 Amesenorum
1851 1414 1987 1476 data

338 1513 469 1566 erat
486 1502 931 1566 administratio
955 1506 1104 1573 (erat
1123 1510 1324 1566 autem
1351 1503 1407 1565 ei
1426 1522 1648 1566 nomen
1668 1503 1984 1582 Domitius)

338 1593 415 1655 de
445 1593 533 1654 eis
565 1593 808 1655 mandat
841 1592 1436 1672 cognitionem.Cum
1459 1613 1598 1656 vero
1621 1594 1692 1655 ad
1718 1614 1853 1655 eum
1888 1593 1989 1656 de-

339 1683 711 1746 ducerentur
744 1691 1205 1764 martyres,qnze
1233 1683 1496 1746 filiorum
1528 1692 1630 1745 aut
1661 1691 1986 1763 martyrum

2073 519 2161 574 καὶ
2212 520 2290 582 τίς
2348 523 2374 577 ὁ
2417 523 2506 577 καὶ
2562 519 2900 591 συναθλήσας
2955 520 3039 578 ἐπὶ
3101 526 3193 578 τοῦ
3238 519 3532 594 ἡγεμόνος
3589 518 3721 592 αὗτῷ

2073 607 2167 665 καὶ
2199 608 2318 683 μετ’
2363 615 2523 670 αὒτοῦ
2554 609 2715 667 πάλιν
2763 609 3234 687 ὶγκεκλεισμένος,
3293 607 3508 665 ἕκαστα
3550 615 3721 689 σαφῶς

2071 697 2345 776 ἀνηρώτα.
2379 700 2539 758 Ἐπεὶ
2570 699 2624 756 δὲ
2656 701 2684 757 ὁ
2716 699 2889 779 μέγας
2927 699 3156 776 Κλήμης
3187 698 3349 759 ὅπως
3387 698 3525 778 εἶχε
3561 700 3723 755 πάντα

2074 789 2207 845 κατὰ
2235 789 2396 867 μέρος
2440 789 2796 870 ἀπήγγειλεν,
2856 789 3187 866 ἀποψήσασα
3219 788 3445 845 τούτων
3477 789 3541 844 τὸ
3570 787 3725 863 αἷμα,

2073 879 2162 933 καὶ
2214 876 2469 957 καθαραῖς
2513 880 2579 935 τὰ
2625 880 2903 958 τραύματα
2952 876 3182 935 σινδόσιν
3246 875 3566 953 ἐκμάξασα,
3610 899 3729 954 τρο-

2071 968 2171 1047 φὰς
2214 969 2397 1031 αὐτοῖς
2442 970 2795 1048 παρατίθησιν
2823 973 2916 1034 αἷς
2959 968 3020 1025 ὲκ
3061 966 3255 1032 παιδὸς
3311 969 3411 1023 τὸν
3449 965 3731 1039 Κλὴμεντα
3772 1040 3777 1044 1

2072 1055 2187 1133 ᾔδει
2220 1059 2571 1137 τρεφόμενον.

2155 1146 2290 1210 ΝΘ¹.
2327 1147 2418 1207 Ἐν
2474 1150 2647 1222 τούτῳ
2699 1147 2757 1204 δὲ
2815 1151 3155 1226 σκεψάμενος
3217 1152 3248 1206 ὁ
3318 1146 3726 1225 Κουρίκιος,ὣς

2072 1235 2170 1314 ἔρα
2215 1236 2361 1294 οὐδὲν
2418 1242 2561 1314 αὒτῷ
2619 1237 2937 1306 τηλικοῦτον
2981 1239 3303 1305 ἐπινοηθείη
3369 1237 3509 1314 πρὸς
3555 1258 3724 1312 τιμω-

2071 1327 2208 1402 ρίαν,
2254 1327 2393 1384 ὥστε
2426 1329 2700 1406 καρτερίας
2757 1327 2958 1407 ἀνδρῶν
3014 1328 3286 1395 τοσαύτης
3327 1326 3725 1406 περιγενέσθαι,

2069 1417 2294 1494 βικαρίῳ
2351 1419 2453 1474 τινὶ
2530 1418 2631 1485 τὴν
2691 1418 3007 1493 Ἀμισηνῶν
3062 1419 3238 1497 ἀρχὴν
3300 1418 3367 1473 τὸ
3434 1425 3730 1481 τηνικαῦτα

2072 1504 2305 1564 διέποντι
2334 1507 2623 1586 (Δομέτιος
2657 1507 2798 1583 αὒτῴ
2842 1506 3030 1583 ὄνομα)
3068 1509 3134 1566 τὰ
3181 1507 3326 1562 κατὰ
3380 1505 3513 1568 τοὺς
3557 1506 3729 1581 ἁγίους

2069 1596 2404 1663 ἀνατίθησιν,
2451 1597 2767 1676 Ἀγομένοις
2822 1597 2878 1655 δὲ
2934 1611 3055 1661 τοῖς
3098 1597 3335 1675 μάρτυσι
3373 1595 3514 1674 πρὸς
3547 1596 3725 1667 αὐτὸν,

2069 1688 2103 1754 ἡ
2134 1683 2409 1765 φιλόφαις,
2456 1689 2491 1756 ἡ
2523 1687 2852 1767 φιλόμαρτυς
2885 1686 3090 1763 μᾶλλον
3135 1691 3232 1746 οὒκ
3261 1685 3444 1765 ἔσχεν
3504 1684 3729 1739 ἀπολει-

337 1773 535 1853 potius
564 1791 771 1835 amore
806 1772 1228 1849 tenebatur,ab
1253 1774 1344 1836 eis
1374 1772 1590 1837 abesse
1622 1792 1742 1836 non
1767 1774 1979 1855 potuit,

2070 1774 2261 1854 φθῆναι
2315 1776 2507 1855 Σοφία,
2555 1775 2693 1833 ἀλλὰ
2752 1777 3035 1853 προθύμως
3108 1778 3247 1850 μετὰ
3294 1777 3409 1830 τῶν
3456 1772 3551 1830 ὑπ’
3599 1773 3728 1849 αὒτῇ

335 1862 440 1924 sed
473 1874 748 1945 prompto
780 1872 842 1925 et
874 1865 1057 1925 alacri
1088 1864 1290 1926 animo
1336 1864 1706 1944 sequebatur
1736 1882 1871 1926 cum
1907 1864 1982 1927 iis

335 1952 438 2035 qui
488 1953 562 2015 ab
619 1971 690 2015 ea
749 1952 1094 2035 alebantur,
1129 1955 1371 2036 pueris;
1407 1972 1559 2034 quos
1592 1953 1864 2035 quidem,
1923 1963 1985 2017 ut

335 2043 502 2125 prius
531 2043 820 2119 diximus,
857 2044 914 2107 ei
945 2044 1228 2108 Clemens
1259 2045 1576 2107 asciverat.

413 2131 682 2197 LX.Cum
712 2142 910 2195 autem
930 2136 1004 2197 ad
1029 2133 1450 2198 Maximianum
1475 2133 1674 2196 statim
1702 2141 1857 2196 esset
1881 2151 1981 2195 re—

332 2222 517 2285 latum
539 2226 614 2284 de
639 2224 1060 2307 pueris,jubet
1081 2224 1225 2299 ut,si
1258 2225 1564 2286 voluerint
1595 2223 1837 2303 quidem
1863 2223 1983 2287 dis-

331 2312 547 2376 cedere
576 2332 609 2375 a
641 2312 1076 2389 Clemente,eis
1109 2314 1416 2394 permittat
1444 2313 1691 2376 domum
1722 2313 1928 2376 redire
1963 2331 1976 2376 :

331 2402 427 2463 sin
457 2421 595 2465 vero
627 2401 703 2465 ab
732 2421 803 2465 eo
836 2423 956 2466 non
1000 2404 1175 2467 facile
1226 2403 1538 2477 recedant,
1573 2412 1634 2465 ut
1664 2422 1769 2465 eos
1804 2404 1982 2466 morti

332 2491 677 2556 dedat.Cum
700 2492 827 2554 haec
848 2511 987 2573 ergo
1010 2494 1070 2555 in
1096 2512 1313 2572 pueros
1330 2493 1450 2556 lata
1469 2501 1633 2555 esset
1655 2493 1978 2569 sententia,

331 2599 438 2642 eos
471 2581 1007 2663 apprehendentes
1040 2583 1283 2656 milites,
1332 2583 1709 2645 conabantur
1742 2601 1846 2644 eos
1879 2602 1985 2663 per

333 2673 447 2735 vim
470 2672 729 2737 avellere
750 2691 783 2734 a
804 2681 1084 2754 martyre.
1116 2674 1262 2736 Cum
1289 2674 1361 2734 ab
1387 2692 1458 2736 eo
1486 2680 1686 2735 autem
1716 2672 1982 2753 disjungi

330 2779 449 2822 non
473 2762 1046 2840 sustinerent.ipsos
1069 2780 1135 2823 se
1156 2760 1326 2823 humi
1353 2760 1741 2841 dejicientes,
1759 2770 1816 2823 et
1846 2780 1979 2823 am-

332 2847 519 2911 babus
541 2849 816 2910 manibus
830 2849 1015 2931 pedes
1029 2850 1193 2912 illius
1215 2850 1804 2928 amplectentes,non
1818 2850 1981 2930 prius

328 2936 710 3010 dimiserunt,
747 2957 923 3020 quam
953 2939 1368 3020 unusquisque
1422 2957 1635 3002 eorum
1670 2958 1818 3001 ense
1849 2939 1980 3002 vita!

328 3026 511 3088 ﬁnem
543 3028 872 3109 acceperit,
907 3047 1042 3090 cum
1078 3029 1475 3090 constantiam
1509 3036 1570 3090 et
1602 3028 1979 3110 prudentiam

329 3134 512 3198 supra
541 3123 774 3179 aetatem
810 3117 1247 3194 ostendissent,
1297 3126 1355 3181 et
1386 3127 1595 3198 aperte
1640 3126 1977 3180 monstras-

329 3213 483 3277 sent.
513 3206 848 3287 perfectum
883 3208 995 3269 hoc
1023 3207 1246 3271 donum
1294 3206 1688 3269 descendisse
1718 3207 1982 3289 desuper

327 3313 361 3356 a
393 3297 567 3359 Patre
599 3295 924 3379 luminum,
954 3295 1099 3358 boni
1133 3297 1316 3359 animi
1341 3307 1397 3359 et
1428 3295 1692 3359 instituti
1724 3297 1977 3376 muniﬁ-

324 3384 736 3448 centissimam
778 3386 1361 3451 remunerationem.
1397 3386 1592 3466 Atque
1634 3387 1806 3449 locus
1839 3387 1979 3468 qui-

323 3474 593 3550 dem,cui
627 3494 957 3557 puerorum
990 3494 1249 3558 corpora
1280 3484 1444 3539 sorte
1473 3475 1838 3555 obtigerunt,
1866 3494 1978 3555 ap-

323 3564 659 3645 pellabatur
686 3565 971 3649 Campus.
1027 3564 1133 3626 Pia
1181 3573 1380 3627 autem
1428 3564 1678 3646 Sophia,
1726 3573 1979 3647 proptor

326 3672 622 3717 summam
682 3674 850 3717 suam
911 3656 973 3716 in
1021 3673 1127 3717 eos
1183 3653 1696 3728 benevolentiam,
1731 3654 1979 3733 gerebat

326 3743 505 3804 etiam
526 3761 732 3805 curam
761 3752 1134 3805 mortuorum
1150 3762 1620 3824 corporum,nec
1644 3762 1708 3805 se
1731 3742 1975 3823 dignum

326 3849 462 3894 esse
492 3831 895 3907 existimabat,
930 3833 978 3893 si
1010 3853 1077 3894 ea
1110 3833 1277 3895 humi
1308 3834 1847 3914 videretjacentia;
1868 3834 1974 3896 sed

329 3918 420 3981 vel
455 3920 636 3981 invita
666 3939 701 3980 a
730 3940 948 4000 magno
979 3920 1288 3984 Clemente
1319 3922 1622 4003 disjuncta
1665 3936 1751 3983 εει
1786 3931 1845 3984 et
1876 3922 1973 3983 di»

324 4009 460 4071 vino
496 4010 932 4091 Agathangelo,
967 4030 1101 4073 cum
1131 4010 1218 4071 eis
1253 4011 1418 4090 prius
1446 4012 1574 4073 vale
1618 4012 1881 4087 fecisset,
1916 4020 1975 4073 et

330 4097 580 4161 dixisset
606 4099 766 4181 quod
795 4100 848 4162 si
878 4099 1038 4162 Deus
1093 4100 1292 4176 daret,
1326 4101 1397 4162 ad
1433 4119 1537 4162 eos
1568 4118 1780 4163 rursus
1813 4101 1974 4162 redi-

2068 1865 2409 1945 τρεφομένων
2464 1864 2742 1933 ἠκολούθει
2793 1864 3040 1935 παιδίων,
3075 1866 3212 1944 ἅπερ
3244 1869 3392 1941 αὒτῇ
3441 1863 3725 1942 πρότερον,

2069 1956 2141 2020 ὼς
2173 1956 2405 2034 ἔφθημεν
2436 1955 2703 2029 εἰπόντες,
2738 1958 2765 2011 ὁ
2800 1954 3028 2032 Κλήμης
3058 1957 3483 2025 εἰσεποιήσατο.

2149 2134 2244 2198 Ξ’.
2307 2133 2624 2214 Ἀνενεχθὲν
2658 2133 2712 2191 δὲ
2740 2134 2865 2213 περί
2897 2137 3002 2192 τὼν
3035 2132 3235 2191 παίδων
3264 2136 3426 2195 εὐθὺς
3462 2132 3727 2207 Μαξιμια-

2066 2232 2164 2299 νῷ,
2198 2224 2403 2281 κελεύει
2434 2225 2573 2282 ὥστε
2619 2227 2662 2281 εί
2694 2224 2794 2300 μὲν
2838 2223 3177 2304 ἀποσχέσθαι
3238 2222 3574 2298 Κλήμεντος
3611 2221 3725 2278 ἐθε-

2066 2313 2310 2393 λήσειαν,
2371 2327 2724 2394 παραχωρεῖν
2769 2315 2958 2379 αὐτοὺς
3005 2311 3192 2371 οἴκαδε
3248 2312 3635 2391 ἀναστρέφειν,
3680 2306 3723 2368 εἷ

2065 2403 2120 2459 δὲ
2150 2404 2336 2462 τούτου
2368 2404 2445 2481 μὴ
2492 2411 2730 2484 εὐχερῶς
2786 2404 3146 2484 ἂπόσχοιντο,
3175 2403 3398 2476 θανάτῳ
3430 2399 3722 2479 παραδιδό-

2066 2517 2171 2553 ναι.
2237 2495 2444 2559 Ταύτης
2475 2503 2757 2572 τοιγαροῦν
2813 2494 2950 2550 κατὰ
3000 2496 3106 2549 τῶν
3137 2490 3344 2549 παίδων
3409 2496 3513 2558 τῆς
3544 2491 3719 2568 ψήφου

2065 2581 2330 2659 δοθείσης,
2391 2583 2685 2659 ἁπτόμενοι
2741 2584 2945 2640 τούτων
3005 2585 3051 2640 οἱ
3122 2587 3489 2660 στρατιῶται,
3534 2582 3714 2653 βιαίως

2066 2674 2313 2746 ἀποσπᾷν
2369 2673 2501 2730 αὒτὰ
2560 2675 2651 2729 τοῦ
2711 2673 2976 2752 μάρτυρος
3022 2670 3316 2748 ἐπειρῶντο
3355 2692 3370 2708 ·
3423 2673 3494 2729 τὰ
3538 2670 3593 2726 δὲ
3620 2675 3716 2749 οὸχ

2063 2763 2399 2835 ὑπομένοντα
2452 2762 2551 2832 τῆν
2606 2761 2887 2842 διάζευξιν,
2946 2763 3199 2841 ῥίπτοντα
3270 2762 3445 2819 ἑαυτὰ
3505 2759 3709 2842 χαμαί,

2063 2854 2152 2909 καὶ
2207 2854 2393 2933 χερσὶν
2449 2852 2775 2931 ἀμφοτέραις
2826 2853 2951 2916 τοὺς
3033 2852 3237 2909 ἐκείνου
3317 2848 3710 2929 περιϐάλλοντα

2063 2940 2228 3005 πόδας
2285 2944 2346 2999 οὖ
2403 2942 2661 3020 πρότερον
2721 2943 2968 3017 μεθίεσαν
3036 2941 3137 3007 ἕως
3203 2942 3303 3009 τὴν
3373 2940 3464 2998 διὰ
3540 2939 3706 3020 ξίφους

2062 3030 2286 3088 ἕκαστον
2316 3032 2489 3087 αὐτῶν
2532 3030 2752 3112 ἐδέχετο
2778 3030 3057 3112 τελευτὴν,
3089 3030 3335 3088 ἔνστασιν
3372 3031 3466 3088 καὶ
3526 3027 3700 3109 φρένες

2061 3121 2191 3195 ὑπὲρ
2248 3120 2463 3188 ἡλικίαν
2545 3118 2943 3195 ἑπιδειξᾶμενα,
3034 3121 3121 3178 οιαὶ
3174 3117 3415 3198 ἀκριϐῶς
3476 3117 3707 3183 δείξαντα

2062 3207 2286 3287 δώρημα
2339 3217 2494 3267 τοῦτο
2553 3209 2758 3267 τέλειον
2819 3209 2881 3267 ἐκ
2937 3209 3030 3267 τοῦ
3086 3211 3292 3286 Πατρὸς
3356 3216 3469 3265 τῶν
3522 3207 3705 3287 φώτων

2061 3295 2257 3356 ἄνωθεν
2287 3298 2614 3379 καταϐῆναι,
2655 3299 3019 3379 προαιρέσεως
3073 3300 3278 3375 ἀγαθῆς
3329 3301 3422 3356 vati
3485 3296 3703 3374 γνώμης

2060 3386 2318 3444 ἀντίδοσιν
2362 3378 2808 3467 φιλοτιμοτάτην,
2847 3378 2905 3446 Ὀ
2957 3389 3055 3464 μὶν
3087 3390 3178 3445 οὖν
3207 3388 3378 3453 τόπος
3410 3388 3471 3451 ὃς
3503 3386 3569 3443 τὰ
3602 3383 3701 3442 τῶν

2059 3476 2260 3535 παίδων
2304 3477 2587 3558 ἐκληρώθη
2638 3479 2889 3553 σώματα,
2946 3479 3171 3555 Κάμπος
3214 3477 3500 3538 ἰκαλεϊτο.
3549 3467 3611 3531 Ἠ
3650 3470 3700 3528 δὲ

2060 3566 2313 3647 θεοφιλὴς
2360 3568 2530 3648 Σοφία
2581 3575 2649 3644 τῇ
2678 3568 2773 3635 τῆς
2804 3571 2933 3647 περῖ
2962 3568 3095 3625 αὒτὰ
3124 3566 3512 3648 φιλοστοργίας
3537 3565 3697 3633 ὑπερ·

2061 3655 2218 3732 ϐολῇ,
2279 3658 2368 3713 καὶ
2424 3663 2622 3735 νεκρῶν
2677 3657 2901 3727 ἒκήδετο
2974 3664 3079 3714 τῶν
3136 3661 3435 3732 σωμάτων,
3471 3655 3557 3711 καὶ
3607 3654 3699 3709 οὐκ

2062 3744 2204 3811 ἄξιον
2257 3747 2421 3811 αὒτῆς
2480 3743 2759 3823 ἐλογίσατο
2832 3746 3093 3826 περιιδεῖν
3150 3748 3283 3803 αὖτὰ
3339 3750 3567 3823 κείμενα
3616 3738 3696 3799 ἐπ’

2060 3833 2278 3914 ἐδάφους
2314 3854 2328 3871 ·
2372 3834 2510 3891 ἀλλὰ
2538 3835 2635 3892 καί
2669 3835 2870 3893 ἄκουσα
2915 3843 3007 3894 τοῦ
3047 3858 3104 3894 τε
3156 3835 3398 3914 μεγάλου
3446 3833 3691 3904 Κλήμεν-

2058 3946 2146 3988 τος
2206 3924 2290 3980 mi
2330 3933 2423 3983 τοῦ
2464 3924 2603 3980 θείου
2647 3922 3049 4003 Ἀγαθαγγέλου
3106 3922 3396 4000 διίσταται,
3432 3918 3686 3985 συνταξα-

2059 4012 2193 4085 μένη
2251 4013 2508 4090 πρότερον
2553 4015 2738 4075 αὐτοῖς
2788 4016 2880 4072 καὶ
2951 4017 3190 4087 εἰποῦσα,
3257 4015 3330 4075 ὡς
3402 4013 3503 4092 ἄρα
3559 4015 3686 4066 Πεοῠ

2055 4100 2286 4166 διδόντες
2346 4101 2513 4159 πάλιν
2544 4103 2732 4166 αὐτοὺς
2761 4103 3105 4181 ἀπολήψεται
3140 4118 3155 4134 ⁸
3193 4102 3312 4161 ὅθεν
3345 4106 3434 4160 καὶ
3463 4102 3526 4161 τὰ
3553 4120 3687 4175 μαρο

327 4197 442 4253 ret.
468 4188 868 4262 Quamobrem
906 4208 1043 4250 cum
1076 4188 1176 4250 illa
1211 4207 1532 4269 puerorum
1565 4207 1818 4272 corpora
1851 4208 1974 4251 ma-

2068 4191 2242 4268 ιυρικόι
2296 4198 2403 4248 τῶν
2472 4189 2672 4248 παίδων
2726 4193 2913 4252 ἐκεῖνα
2981 4193 3209 4269 σώματα
3266 4195 3454 4273 χερσὶν
3524 4188 3681 4246 ὁσίαις

329 4277 507 4340 nibus
534 4279 756 4340 sanctis
787 4287 997 4341 sancte
1025 4277 1210 4341 humo
1245 4279 1520 4359 texisset,
1575 4279 1676 4341 illa
1720 4278 1969 4361 quidem

328 4368 460 4430 laeta
481 4368 724 4429 domum
748 4377 840 4429 est
869 4385 1137 4430 reversa.

2055 4283 2212 4345 ὁσίως
2253 4286 2322 4357 τῇ
2375 4286 2446 4358 γῇ
2477 4282 2884 4360 κατακρύψασα,
2919 4285 2953 4353 ἡ
2986 4283 3083 4360 μὲν
3129 4281 3317 4340 οἴναδε
3350 4281 3472 4359 μεθ’
3498 4276 3680 4348 ἡδονῆς

2055 4371 2336 4441 δπανήκέι.

1831 4546 2080 4614 CAPUT
2123 4547 2194 4610 X.

917 4742 1241 4807 Grut-tatus
1282 4742 1485 4804 Amisi
1528 4741 1715 4805 illati.
1752 4741 1866 4808 SS.
1900 4738 2281 4827 Phengonlts
2307 4749 2366 4808 et
2396 4741 2677 4822 Eucorpi
2702 4742 3100 4825 martyrium.

401 4945 840 5027 LXlJliartyres
866 4965 1006 5011 vero
1037 4965 1171 5011 cum
1204 4947 1276 5012 ad
1298 4948 1733 5011 Amesenorum
1760 4965 1967 5030 perve-

2129 4955 2223 5008 ΞΑ
2264 4940 2336 5009 Ὀἱ
2368 4950 2628 5029 μάρτυρες
2675 4946 2727 5004 ’δὲ
2757 4948 2857 5005 τὴν
2889 4947 3202 5022 Ἀμισηνῶν
3249 4949 3407 5008 πόλιν
3452 4943 3666 5007 καταλᾶ-

324 5035 558 5098 nissent
587 5037 904 5113 civitatem,
938 5046 995 5100 et
1034 5056 1228 5117 genua
1250 5038 1311 5100 in
1335 5046 1556 5100 terram
1589 5037 1961 5119 aliquamdiu

2068 5037 2254 5111 ἰόντες,
2289 5039 2353 5098 τά
2381 5061 2437 5095 τε
2482 5039 2682 5116 γόνατα
2713 5040 2789 5103 εἷς
2818 5043 2921 5115 γῆν
2977 5038 3240 5115 κλίνουσι,
3292 5042 3382 5096 καὶ
3422 5042 3511 5097 τὸν
3553 5034 3667 5092 Θεὸν

324 5125 640 5206 inclinant,
666 5134 727 5188 et
756 5146 889 5188 cum
944 5135 1008 5188 ut
1063 5127 1216 5190 Deus
1248 5128 1337 5190 eis
1364 5146 1576 5191 rursus
1605 5128 1844 5190 adesset
1891 5126 1965 5189 ad

2048 5134 2386 5208 παραστῆναι
2431 5130 2519 5186 καὶ
2576 5127 2738 5184 παλιν
2798 5131 2872 5193 εἰς
2937 5130 3258 5210 συμμαχίαν
3318 5133 3499 5193 αὐτοῖς
3538 5119 3661 5200 μετᾶ

324 5214 778 5284 auxilium.cum
799 5215 1011 5278 calidis
1034 5216 1416 5280 invocassent
1445 5217 1791 5297 lacrymis,a
1814 5217 1966 5278 mili-

2068 5222 2252 5296 leppd’w
2307 5221 2413 5275 τῦν
2457 5217 2694 5294 δακρύων
2752 5216 3200 5296 ἰγκαλεσάμενοι,
3255 5219 3424 5277 οὕτως
3454 5216 3549 5275 ὗπὸ
3574 5215 3666 5268 τῶν

329 5302 486 5363 tibus
539 5303 919 5365 adducuntur
971 5305 1044 5366 ad
1100 5306 1455 5369 Domitium.
1504 5306 1620 5369 Sed
1669 5306 1772 5367 ille
1830 5326 1965 5368 cum

332 5400 489 5451 esset
518 5403 842 5471 occupatus
871 5393 933 5454 in
967 5396 1381 5458 examinandis
1410 5395 1542 5456 aliis
1588 5395 1965 5469 Christianis,

332 5494 435 5536 eos
456 5477 516 5539 in
534 5479 690 5539 diem
711 5488 1066 5561 sequentem
1082 5494 1348 5546 reservat
1370 5484 1551 5547 certis
1570 5484 1971 5546 tribunalibus

335 5576 397 5629 et
425 5565 977 5653 suppliciis,dicens
999 5588 1119 5632 non
1144 5590 1278 5636 esse
1302 5574 1646 5650 honestum,
1684 5585 1748 5638 ut
1778 5574 1853 5637 de
1885 5576 1971 5638 eis

2052 5311 2394 5387 στρατιωτῶν
2452 5311 2530 5382 τῷ
2576 5307 2802 5385 βικαρίιρ
2858 5309 3248 5387 προσάγονται.
3295 5306 3449 5366 ’Λλλ’
3487 5308 3665 5364 ἐκεῖνος

2051 5398 2168 5474 περὶ
2224 5396 2407 5474 ἑτέραν
2467 5402 2764 5462 τηνικαῦτα
2829 5403 3159 5475 Χριστιανῶν
3210 5396 3446 5463 ἑξέτασιν
3508 5395 3663 5469 ἀσχο-

2053 5487 2335 5561 λούμενος,
2381 5488 2453 5548 sic
2501 5485 2600 5554 τήν
2654 5484 2774 5554 ἑξῆς
2846 5474 3036 5550 αὖτοὺς
3093 5486 3179 5543 ἐπὶ
3239 5486 3548 5567 ὡρισμένοις
3587 5474 3660 5533 καί

2053 5577 2256 5654 βήματι
2330 5577 2416 5633 καὶ
2472 5574 2726 5635 κολάσεσι
2802 5575 3121 5654 τιμιεύεται,
3184 5577 3265 5653 μὴ
3323 5576 3484 5635 καλὸν
3533 5570 3655 5630 εἶναι
