4006 6138
269 275 419 341 865
1395 272 1581 338 VITA
1630 274 1689 335 S.
1737 263 2175 336 CLEMENTIS
2218 264 2644 335 ANCYRANI.
3590 262 3713 332 866

263 414 485 495 φήσας
558 417 822 495 πάρεργον
868 413 1043 471 θέσθαι
1075 416 1141 470 τὰ
1196 411 1314 469 κατ’
1352 412 1561 470 αύτούς.
1623 408 1976 488 Παρίστανται

2065 400 2464 495 cognitionem
2497 401 2630 464 aliis
2660 400 3037 495 adjungeret.
3072 401 3161 463 Ad
3188 418 3324 463 eum
3356 419 3497 480 ergo
3525 400 3712 495 addu-

266 505 487 564 τοίνυν
564 506 704 580 αὒτῷ
733 506 806 569 είς
860 504 958 571 τὴν
1021 504 1266 560 ἐπιοῦσον
1313 501 1449 577 μετὰ
1478 503 1663 579 ψυχῆς
1717 497 1976 575 ἀτρέπτνιυ

2065 499 2274 553 cuntur
2328 492 2429 553 die
2483 492 2752 573 sequenti
2811 510 2947 554 cum
3008 508 3303 569 generoso
3360 499 3419 552 et
3472 489 3711 554 excelso

2061 581 2283 656 animo,
2319 589 2376 644 et
2402 581 2503 662 qui
2532 589 2661 643 erat
2692 599 2906 663 expers
2938 580 3136 643 omnis
3169 581 3423 657 timoris;
3455 579 3555 661 qui
3575 588 3710 642 tan-

2063 677 2184 732 tum
2210 670 2398 746 abest,
2427 680 2493 733 ut
2514 671 2561 733 si
2586 672 2726 753 quid
2750 689 2926 751 grave
2951 677 3320 751 paterentur,
3342 668 3629 732 cederent
3656 674 3715 730 et

2067 761 2349 837 pietatem
2384 760 2731 839 proderent,
2763 768 2826 821 ut
2860 760 3033 821 etiam
3066 759 3262 839 ipsum
3289 758 3557 838 judicem
3587 775 3713 820 ma-

2063 867 2214 928 gnus
2239 850 2518 912 Clemens
2548 860 2796 913 conatus
2826 854 2900 911 sit
2929 848 2989 911 in
3021 867 3193 911 suam
3227 848 3545 912 traducere
3579 866 3714 911 sen-

2065 940 2333 1014 tentiam,
2368 941 2595 1003 docens
2624 940 2701 1002 de
2722 939 2895 1001 bonis
2914 939 3129 1002 futuris
3157 944 3216 1000 et
3235 939 3311 1001 de
3337 938 3452 1001 vita
3472 939 3719 1000 immor-

2063 1029 2187 1105 tali,
2222 1047 2357 1110 quze
2404 1038 2749 1108 exspectant
2795 1030 2895 1110 qui
2950 1030 3068 1110 pati
3122 1035 3366 1109 propter
3413 1027 3713 1091 Christum

2062 1120 2546 1181 constituerunt:
2597 1121 2851 1200 Propter
2879 1137 3058 1199 quem
3118 1134 3228 1180 nos
3263 1136 3501 1199 quoque
3556 1134 3713 1197 prie-

2060 1209 2277 1282 sentia,
2315 1208 2576 1286 dicebat,
2612 1209 2909 1290 supplicia
2940 1209 3217 1272 lubenter
3247 1208 3716 1283 sustinemus;et

2059 1298 2252 1359 adhuc
2284 1297 2379 1360 his
2440 1299 2640 1377 plures
2679 1299 2975 1379 adjiciens
3004 1297 3466 1379 admonitiones,
3498 1306 3557 1361 et
3584 1297 3716 1377 ejus

268 595 375 651 καὶ
450 596 717 673 γενναίου
787 593 1151 673 φρονήματος,
1212 596 1464 649 τοσοῦτον
1534 588 1831 666 ἀπέχοντες
1887 590 1977 641 τοῦ

267 684 596 747 παθόντας
652 706 700 740 τι
761 686 866 740 τῶν
928 679 1206 737 ἐπωδύνων
1266 677 1522 757 ἐνδοῦναι,
1556 678 1643 733 καὶ
1699 674 1978 751 προδοσίαν

267 773 620 847 ὑπομεῖναι
678 773 773 840 τῆς
830 768 1122 843 εὗσεϐεἴας,
1177 768 1315 826 ὥστε
1373 773 1460 824 καὶ
1516 768 1671 824 αὐτὸν
1729 764 1980 840 μεταπεί-

266 864 405 919 θειν
488 864 525 919 ὃ
572 863 741 939 μέγας
808 859 1036 935 Κλήμης
1092 858 1359 938 ἐπεχεῖρει
1404 858 1495 912 τὸν
1550 855 1828 927 δικαστὴν,
1863 853 1980 929 περὶ

273 955 408 1009 τῶν
477 950 805 1027 ’μελλόντων
861 949 1073 1027 ἀγαθῶν
1116 947 1379 1004 διδάσκων
1438 947 1525 1003 καὶ
1580 949 1680 1009 τῆς
1725 943 1979 1000 ἀθανάτου

272 1045 486 1118 ζωῆς,
554 1041 587 1096 ἃ
643 1040 762 1102 τοὺς
809 1037 893 1094 διὰ
940 1040 1163 1117 Χριστὸν
1233 1039 1421 1092 παθεῖν
1478 1057 1530 1091 τι
1588 1033 1976 1110 προελομένους

276 1127 635 1210 ἐκδέχεται,
674 1129 753 1186 Δι’
813 1130 872 1186 ὃν
927 1127 1021 1185 καὶ
1069 1129 1260 1205 ἡμεῖς,
1323 1124 1518 1203 λέγων,
1575 1125 1669 1187 τὰς
1714 1133 1976 1201 παρούσας

277 1218 579 1284 κολάσεις
642 1219 756 1294 μεθ’
817 1216 1011 1286 ἡδονῆς
1070 1214 1429 1289 ὑπομένομεν·
1491 1212 1586 1269 καί
1632 1213 1828 1269 τούτων
1902 1211 1979 1268 ἔτι

279 1306 490 1364 πλείω
569 1311 822 1366 νουθετῶν
909 1305 1063 1362 eam
1117 1305 1206 1360 καὶ
1275 1305 1564 1382 ὑποτιθεὶς,
1623 1303 1711 1359 καὶ
1768 1300 1977 1371 πολλῆς

281 1398 478 1454 αὒτοῦ
549 1398 613 1454 τὰ
671 1398 784 1454 ὦτα
831 1396 919 1452 καὶ
981 1393 1193 1462 ἡδίστης
1236 1390 1573 1456 διδασκαλίας
1621 1390 1974 1475 ἀποπληρῶν,

2065 1404 2241 1450 aures
2298 1389 2556 1468 implens
2607 1388 2877 1449 doctrina
2928 1387 3395 1467 jucundissima,
3441 1386 3592 1450 adeo
3651 1394 3717 1449 ut

282 1489 373 1552 ὡς
446 1488 551 1544 γαὶ
581 1488 738 1543 αὒτὸν
795 1483 989 1553 ἡδονῆς
1032 1482 1443 1547 ὁποπλησθέντα
1490 1483 1582 1538 τὸν
1644 1478 1976 1559 Ἀγαθάγγει

2065 1476 2196 1557 ipse
2228 1497 2465 1558 quoque
2495 1477 2935 1558 Agathangelus
2957 1476 3226 1558 repletus
3254 1478 3717 1557 voluptate,pro-

282 1574 400 1633 λον
476 1588 672 1633 πεσεῖν
702 1595 760 1632 τε
804 1575 934 1653 πρὸς
991 1573 1116 1633 τοὺς
1161 1570 1326 1635 πόδας
1384 1573 1563 1645 αὺτοῦ,
1596 1570 1721 1627 εἶτα
1778 1569 1976 1627 ἐκεῖθεν

2065 1567 2279 1628 ciderit
2308 1568 2383 1629 ad
2432 1567 2564 1647 ejus
2598 1568 2804 1647 pedes,
2838 1578 2900 1629 et
2951 1585 3084 1629 cum
3119 1565 3285 1628 illinc
3315 1564 3537 1629 deinde
3586 1581 3717 1630 sur-

287 1663 632 1722 ἀναστάντα
664 1659 978 1741 περιϐαλεῖν
1007 1662 1186 1740 αὐτὸν,
1220 1661 1308 1717 καὶ
1350 1662 1412 1716 τὸ
1441 1658 1538 1728 ἡδὺ
1570 1659 1748 1716 ἐκεῖνο
1804 1659 1976 1735 στόμα

2065 1658 2346 1732 rexisset,
2380 1676 2513 1719 eum
2568 1658 2649 1719 sit
2700 1659 3071 1738 complexus,
3122 1665 3180 1718 et
3231 1674 3413 1718 suave
3454 1654 3598 1718 illud
3650 1673 3716 1718 os

284 1755 535 1832 θερμῶς
563 1751 812 1831 περιπτύ)
829 1755 1003 1814 ασθαι.

2065 1749 2347 1809 ardenter
2376 1748 2784 1809 deosculatus.
3372 1758 3375 1759 '

385 1831 550 1902 ΞΒ’.
584 1841 736 1899 Ἀλλ’
769 1844 796 1898 ὁ
830 1841 1088 1917 Δομέτιος
1133 1839 1250 1904 ὄνος
1282 1838 1348 1907 ἦν
1376 1844 1474 1908 τῆς
1503 1845 1595 1897 τοῦ
1624 1839 1787 1917 λόγου
1817 1838 1974 1918 λύρας

291 1929 536 1987 ἀκούων
568 1928 685 1987 οὒδὲ
729 1930 885 2007 ὀλίγα
914 1936 1021 1987 τῶν
1078 1929 1372 2006 εἰρημένων
1421 1929 1513 1986 ὑπ’
1547 1933 1705 1988 αὺτοῦ
1762 1930 1978 2004 συνιεὶς,

293 2019 442 2083 ὅλος
513 2017 569 2075 δὲ
625 2019 691 2088 τῆ
720 2018 899 2096 πλάνῃ
951 2020 1190 2099 κάτοχος
1237 2019 1336 2099 ὢν,
1381 2017 1653 2090 ὃπλίζεται
1684 2020 1822 2075 κατὰ
1873 2021 1978 2076 τῶν

297 2110 612 2188 μαρτύρων
696 2111 1015 2185 μεταπείσεν
1100 2110 1285 2171 αὐτοὺς
1360 2109 1464 2165 ἀπὸ
1534 2109 1630 2176 τὴς
1716 2107 1977 2172 εὐσεϐείας

302 2201 596 2274 οἰόμενος.
645 2197 862 2275 Ἀμέλει
893 2199 983 2256 καί
1030 2197 1291 2267 διίστησιν
1342 2199 1526 2263 αὐτοὺς
1557 2197 1650 2254 ἀπ’
1700 2197 1976 2272 ἀλλήλων,

298 2288 411 2345 ἵνα
477 2290 568 2345 καὶ
614 2289 1008 2366 ἀσθενεστέροις
1068 2293 1251 2350 αῢτοϊς
1311 2288 1478 2352 οὕτως
1541 2287 1846 2367 περιτύχοι,
1892 2290 1981 2344 καὶ

308 2376 445 2456 ἄγει
508 2377 628 2434 καθ’
661 2377 751 2436 ἕνα
802 2380 933 2457 πρὸς
993 2378 1094 2444 τὴν
1124 2377 1387 2444 ἐξέτασιν,
1438 2378 1588 2435 Ἀλλ’
1621 2377 1820 2455 ἱγίνετο
1875 2383 1980 2433 πᾶν

306 2469 654 2527 τοῦναντίον.
734 2469 1059 2532 Διαστάντες
1134 2469 1235 2545 γὰρ
1306 2475 1626 2542 σωματικῶς
1695 2467 1831 2528 ὅλως
1903 2474 1979 2539 τῷ

313 2558 592 2632 πνεύματι
650 2556 1025 2630 συνεδέθησαν,
1058 2558 1144 2613 καὶ
1197 2558 1290 2612 τὰς
1349 2559 1480 2634 πρὸς
1537 2555 1804 2623 ἀλλήλους
1849 2577 1974 2610 συν-

315 2648 499 2715 θήκας
556 2649 644 2704 καὶ
697 2647 797 2712 τὴν
859 2644 1144 2722 δμολογίον
1204 2644 1523 2721 αἰδούμενοι,
1583 2643 1978 2723 γενναιοτέρους

326 2733 504 2800 οὕτως
562 2737 776 2801 ἑαυτοὺς
830 2735 1260 2815 παρεσκεύασαν,
1293 2737 1393 2801 τὴν
1448 2734 1538 2791 ὑπ’
1569 2733 1819 2803 ἀλλήλων
1877 2757 1976 2791 πα-

330 2822 548 2902 ράθηξιν
602 2825 726 2905 παρ’
793 2823 981 2883 ἑαυτοῦ
1050 2821 1339 2901 λαμϐάνειν
1410 2821 1646 2881 σπεύδων
1697 2824 1967 2902 ἑκάτερος.

412 3092 550 3156 ΞΓ’.
600 3084 658 3151 Ὀ
701 3092 872 3152 τοίνυν
928 3089 1130 3167 ἄνομος
1180 3090 1434 3160 δικαστὴς
1486 3093 1691 3160 ὲκεύνος
1734 3091 1974 3163 κολάζειν

324 3184 390 3243 ἐκ
449 3182 742 3262 προοιμίων
802 3181 1215 3263 προειρημένος,
1262 3181 1462 3240 λάκκον
1505 3185 1719 3245 τιτάνου
1749 3181 1975 3262 πληρώ-

322 3296 422 3336 σας
474 3273 537 3329 ’ὂν
580 3274 801 3339 σύνηθες
858 3269 1114 3329 ἄσϐεστον
1157 3273 1456 3347 ὃνομάζειν,
1517 3274 1573 3329 ἐν
1625 3275 1766 3347 αὖτῷ
1809 3295 1981 3330 κατα-

325 3362 564 3444 χῶννυσι
621 3363 741 3427 τοὺς
802 3361 1004 3440 ἁγίους.
1076 3362 1307 3419 ’Ἔπειτα
1375 3361 1431 3418 δὲ
1500 3363 1586 3419 καὶ
1659 3362 1983 3439 στρατιώτας

335 3453 514 3517 οὗτοῐς
598 3451 896 3522 ἐπιστήσας
1002 3450 1253 3532 ἀσφαλῶς
1352 3450 1631 3533 φυλαττειν
1714 3451 1977 3509 ἐκέλευσε*

333 3543 514 3616 μήπω
563 3542 889 3620 Χριστιανοὶ,
925 3541 1107 3621 φησὶν,
1144 3541 1334 3604 αὐτοὺς
1376 3543 1563 3607 νυκτὸς
1606 3541 1975 3617 ἆποκλέψωσι,

330 3633 431 3689 Καὶ
492 3639 705 3692 τοιαῦτο
764 3632 863 3707 μὲν
921 3634 949 3687 ὁ
1013 3632 1240 3707 μάταιος
1295 3631 1527 3711 ἐκεῖνος,
1584 3653 1674 3689 και
1735 3632 1977 3708 ματαίοις

322 3718 491 3784 ὄντως
544 3721 863 3801 ἐπιχειρῶν,
909 3718 1027 3777 οἶδε
1087 3723 1114 3777 ὁ
1161 3720 1314 3786 Θεός.
1363 3721 1573 3794 θΩσπερ
1632 3722 1733 3799 γὰρ
1788 3723 1821 3790 ἡ
1880 3722 1979 3777 κά-

322 3831 481 3883 μινος
538 3807 730 3885 πάλαι,
794 3810 917 3874 τοὺς
959 3821 1108 3888 τρεῖς
1179 3807 1547 3886 ὁποδεξάμένη
1621 3807 1821 3874 παῖδας
1885 3812 1981 3868 ὀύκ

321 3896 613 3973 ἇλύπησεν,
647 3902 708 3958 οὒ
754 3897 1214 3979 παρηνώχ)ησεν,
1256 3900 1349 3956 ἵνα
1391 3901 1451 3957 τὸ
1494 3899 1608 3969 τῆς
1651 3901 1793 3966 θείας
1838 3899 1982 3957 εἴπω

319 3988 568 4069 Γραφῆς,
599 3993 660 4049 ού
701 3989 867 4069 τρίχα
908 3989 1082 4066 μόνην
1138 3995 1312 4050 αὐτῶν
1363 3989 1688 4068 ἐλυμήνατο,
1720 3989 1859 4047 οὕτω
1913 3988 1979 4057 δὴ

317 4078 414 4135 καὶ
471 4077 559 4136 ἐπὶ
618 4080 818 4136 τούτων
881 4080 1053 4137 αὐτῶν
1096 4078 1321 4158 ἐγίνετο,
1390 4081 1645 4160 Δευτέρας
1686 4081 1788 4160 γὰρ
1841 4079 1981 4159 ὥρας

318 4167 378 4225 ἐν
422 4169 500 4243 τῷ
557 4169 756 4245 τιτάνῳ
811 4167 1098 4238 ϐληθέντες
1139 4167 1268 4249 παρ’
1333 4168 1465 4238 ὅλην
1506 4171 1711 4251 ἡμέραν
1772 4168 1981 4250 (Παρα-

318 4258 491 4325 σκευὴ
561 4255 616 4314 δὲ
680 4257 772 4339 ἦν)
845 4258 1069 4324 ἀποθεῖς
1140 4266 1309 4317 κακοῦ
1363 4261 1455 4317 τὸν
1515 4263 1645 4323 Θεὸς
1695 4261 1980 4337 ὑμνοῦντες

321 4347 663 4417 εἰύτήκεσαψ
727 4347 955 4425 ἑσπέρας
1014 4346 1068 4405 δὲ
1113 4350 1204 4406 καὶ
1262 4354 1375 4428 φῶς
1420 4348 1599 4416 αὐτοῖς
1648 4348 1844 4407 ἄνωθεν
1886 4349 1979 4430 ἐῤ-

319 4434 487 4516 ῥείγη,
522 4439 610 4494 καὶ
640 4436 725 4495 διὰ
753 4441 934 4506 πάσης
965 4440 1156 4503 αὐτοὺς
1191 4440 1376 4499 νυκτὸς
1409 4438 1796 4519 περιέλαμπεν.

2144 1838 2322 1903 LXll.
2378 1838 2496 1902 Sed
2526 1838 2840 1912 Domitius,
2878 1847 2941 1901 ut
2981 1849 3072 1901 est
3101 1839 3161 1900 in
3218 1836 3557 1921 proverbio,
3588 1845 3717 1901 erat

2063 1929 2272 1990 asinus
2304 1929 2376 1989 ad
2427 1929 2609 2009 lyram
2644 1929 2707 1991 in
2738 1929 3040 1993 audiendo
3071 1950 3086 1990 :
3147 1939 3203 1992 et
3231 1948 3342 1992 nec
3368 1947 3557 2011 pauca
3585 1929 3718 2010 qui-

2065 2017 2203 2079 dem
2236 2017 2620 2098 intelligebat
2670 2038 2741 2082 ex
2773 2020 2865 2082 eis
2897 2038 3030 2100 quze
3059 2018 3135 2082 ab
3168 2038 3237 2082 eo
3269 2018 3428 2082 dicta
3457 2020 3712 2099 fuerant,

2065 2107 2171 2169 sed
2204 2128 2341 2170 cum
2384 2107 2459 2170 ab
2494 2127 2702 2171 errore
2733 2117 2893 2172 totus
2939 2109 3333 2184 detineretur,
3363 2127 3531 2171 arma
3558 2107 3716 2189 capit

2065 2206 2276 2260 contra
2307 2205 2617 2278 martyres,
2648 2198 3000 2261 existimans
3029 2199 3157 2260 fore
3198 2208 3263 2260 ut
3299 2215 3405 2261 eos
3435 2217 3466 2259 a
3498 2198 3713 2279 pietate

2066 2286 2426 2349 traduceret.
2479 2289 2653 2350 Certe
2702 2305 2807 2349 eos
2863 2306 2897 2349 a
2927 2306 2992 2350 se
3049 2288 3305 2350 invicem
3357 2297 3616 2368 separat,
3650 2293 3712 2347 ut

2064 2375 2241 2437 etiam
2270 2375 2448 2459 sicin
2510 2394 2615 2437 eos
2644 2376 2941 2438 incideret
2994 2376 3455 2447 imbecilliores,
3487 2385 3545 2438 et
3588 2376 3712 2438 sin-

2062 2465 2235 2545 gulos
2284 2483 2550 2528 seorsum
2585 2466 2749 2528 ducit
2776 2466 2848 2528 ad
2890 2467 3418 2529 examinationem.
3481 2466 3601 2530 Sed
3632 2473 3717 2528 to-

2062 2562 2188 2615 tum
2252 2555 2448 2615 evenit
2481 2555 2874 2617 contrarium.
2936 2554 3082 2617 Nam
3112 2574 3245 2618 cum
3294 2556 3585 2636 disjuncti
3625 2573 3715 2616 es-

2062 2645 2191 2706 seni
2221 2661 2500 2725 corpore,
2529 2652 2703 2707 erant
2728 2645 2973 2707 omnino
3003 2645 3266 2726 colligati
3288 2646 3587 2725 spiritu,et
3613 2664 3711 2708 re-

2064 2741 2341 2796 verentes
2393 2750 2517 2813 eas,
2556 2752 2688 2814 qua;
2721 2742 2890 2795 erant
2918 2734 3083 2796 inter
3126 2753 3189 2796 se
3227 2734 3484 2797 invicem
3519 2735 3711 2811 iactae,

2057 2820 2488 2884 conventiones
2516 2832 2573 2884 et
2603 2823 3074 2898 confessionem,
3108 2824 3195 2885 sic
3237 2823 3472 2904 seipsos
3501 2825 3715 2887 effece-

2058 2920 2198 2974 runt
2256 2911 2439 2991 magis
2466 2913 2744 2991 generosi
2775 2924 2834 2975 et
2864 2914 3051 2992 magis
3090 2912 3312 2976 excelsi
3341 2912 3551 2987 animi,
3579 2931 3711 2976 eam

2057 3020 2192 3083 quae
2221 3009 2354 3062 erat
2383 3020 2417 3063 a
2447 3018 2513 3064 se
2540 3001 2827 3078 invicem,
2861 3002 3270 3067 incitationem
3302 3021 3336 3065 α
3366 3022 3431 3065 se
3460 3011 3713 3069 conten-

2061 3093 2211 3154 dens
2240 3100 2498 3172 uterque
2531 3091 2830 3172 accipere.

2143 3179 2345 3244 LXIII.
2371 3180 2598 3263 impius
2621 3199 2761 3260 ergo
2783 3181 2888 3245 ille
2910 3182 3120 3263 judex,
3151 3200 3285 3247 cum
3320 3200 3424 3245 eos
3446 3181 3521 3244 ab
3542 3183 3714 3246 initio

2065 3271 2283 3353 punire
2310 3274 2635 3347 statuisset,
2662 3272 2925 3333 cisterna
2962 3272 3216 3350 quadam
3249 3271 3414 3335 calce
3441 3270 3713 3353 impleta,

2065 3367 2304 3422 sanctos
2325 3358 2386 3420 in
2416 3358 2547 3438 ipsa
2566 3359 2814 3422 defodit.
2849 3359 3076 3423 Deinde
3098 3378 3233 3423 cum
3259 3377 3445 3440 prape
3475 3361 3714 3422 statuis-

2066 3462 2156 3512 set
2179 3449 2420 3524 milites,
2435 3449 2621 3529 jussit
2651 3457 2715 3511 ut
2744 3467 2848 3513 eos
2891 3448 3210 3529 diligenter
3239 3458 3548 3511 servarent
3580 3469 3596 3511 :
3627 3449 3714 3513 Ne

2060 3540 2238 3615 forte,
2274 3539 2490 3619 inquit,
2526 3537 2846 3603 Christiani
2880 3557 2983 3602 eos
3012 3548 3190 3601 noctu
3223 3540 3612 3603 suﬂ‘urentur.
3646 3542 3718 3602 Et

2064 3630 2189 3692 haec
2220 3629 2465 3711 quidem
2501 3628 2603 3690 ille
2637 3628 2881 3705 stultus,
2905 3628 2961 3691 ei
2991 3646 3130 3689 vere
3153 3629 3309 3690 sulta
3334 3628 3712 3709 aggrediens,

2063 3728 2128 3782 nt
2158 3718 2320 3780 novit
2372 3718 2549 3781 Deus.
2583 3716 2894 3791 Quomodo
2926 3717 3088 3781 enim
3144 3718 3374 3796 fornax,
3406 3736 3539 3799 qua:
3571 3719 3713 3784 olim

2065 3819 2187 3872 tres
2233 3807 2503 3889 suscepit
2535 3825 2755 3889 pueros
2782 3808 2834 3883 7,
2869 3807 3035 3869 nullo
3084 3825 3188 3870 eos
3216 3807 3425 3870 dolore
3454 3825 3568 3872 nec
3595 3808 3718 3872 ulla

2063 3899 2263 3963 affecit
2284 3898 2649 3973 molestia,et
2674 3904 2735 3959 ut
2766 3898 2959 3961 dicam
2993 3916 3127 3960 cum
3154 3896 3355 3960 divina
3381 3897 3712 3980 Scriptura,

2065 4008 2144 4051 ne
2170 4006 2355 4052 unum
2388 3987 2633 4069 quidem
2671 4005 2877 4050 eorum
2910 3986 3096 4069 pilum
3125 3987 3299 4060 laesit;
3332 3987 3415 4049 ita
3441 3988 3621 4051 etiam
3652 3989 3716 4051 in

2066 4080 2160 4143 bis
2188 4079 2410 4142 factum
2444 4088 2555 4140 est.
2582 4078 2732 4140 Nam
2757 4094 2895 4139 cum
2928 4077 3078 4139 hora
3107 4075 3328 4139 saecula
3344 4077 3492 4157 jacti
3513 4085 3719 4141 essent

2061 4170 2125 4233 in
2155 4173 2407 4244 calcem,
2438 4173 2561 4230 toto
2593 4165 2693 4228 die
2722 4166 2878 4248 (erat
2923 4175 3122 4229 autem
3155 4167 3508 4247 Parasceve)
3541 4176 3714 4231 stete-

2062 4267 2203 4322 runt
2231 4257 2395 4320 nullo
2423 4256 2578 4318 malo
2607 4255 2824 4331 affecti,
2856 4255 3047 4319 Deum
3080 4255 3420 4318 laudantes.
3444 4255 3715 4337 Vespere

2059 4368 2201 4412 vero
2232 4357 2292 4412 et
2321 4347 2420 4409 lux
2447 4347 2535 4408 eis
2564 4346 2826 4427 desuper
2853 4347 3121 4423 emicuit,
3155 4357 3218 4409 et
3249 4363 3358 4427 per
3391 4354 3572 4410 totam
3606 4366 3711 4410 no-

2061 4448 2217 4503 clem
2251 4455 2354 4501 eos
2378 4435 2797 4497 circumfulsit.

405 4511 554 4590 SN.
590 4527 949 4596 Ἠκολούθησε
1007 4530 1084 4604 τῷ
1112 4530 1334 4604 θαύματι
1366 4531 1461 4587 καί
1482 4511 1717 4609 καρπός·
1763 4529 1851 4587 δύο
1879 4529 1976 4609 γάρ

2140 4525 2694 4592 LXIV.Miraculum
2726 4534 2923 4589 autem
2950 4525 3181 4591 fructus
3202 4540 3444 4610 quoque
3464 4536 3554 4591 est
3569 4546 3710 4591 con-

318 4624 427 4676 τῶν
473 4616 558 4676 ἐπ’
590 4622 776 4683 αὐτοῖς
822 4620 1164 4697 τεταγμένων
1209 4627 1574 4698 στρατιωτῶν,
1612 4623 1710 4689 τὴν
1762 4620 1981 4696 λαμπη,

319 4706 446 4765 δόνα
517 4707 605 4765 καὶ
690 4711 786 4777 τὴν
860 4707 1187 4788 φαιδρόνητα
1290 4708 1447 4780 τήνδε
1520 4708 1978 4801 καταπλαγέντες,

318 4795 547 4873 ἅσμενοί
599 4819 657 4854 τε
702 4804 772 4875 τῇ
831 4796 1042 4873 ἀσόέτῳ
1099 4798 1542 4876 ἑμπεπηδήκασι,
1576 4801 1663 4857 καὶ
1720 4795 1975 4878 Χριστιαλ

319 4888 467 4963 τοὺς,
497 4889 574 4950 ὡς
618 4887 806 4969 εἶχον,
841 4887 1057 4950 ἑαυτοὺς
1105 4888 1492 4968 ὡμολόγησαν.
1550 4889 1706 4969 ’Ἄρτι
1749 4887 1803 4946 δὲ
1846 4888 1977 4965 ἐμέ-

322 4996 416 5056 ρας
475 4977 895 5057 ὑποφαινούσῂς,
956 4978 1194 5035 τεθνάναι
1254 4976 1358 5046 ἤδη
1416 4979 1600 5043 αὐτοὺς
1669 4978 1976 5060 προσδοκῶν

321 5066 351 5121 ὁ
392 5069 462 5141 τῇ
517 5062 793 5139 δυσσεϐείᾳ
852 5067 1038 5145 νεκρὸς
1095 5066 1360 5145 βικάριος,
1392 5065 1718 5136 ἐκϐληθῆναι
1771 5070 1974 5127 τούτων

318 5154 388 5210 τὰ
439 5154 669 5232 σώματα
712 5162 808 5212 τοῦ
865 5154 1067 5212 λαίκκου
1139 5154 1364 5219 κελεύει.
1441 5158 1539 5216 Καὶ
1595 5157 1976 5237 προσελθόντες

320 5245 370 5301 οἱ
413 5244 513 5312 τὴν
570 5243 811 5324 φυλακὴν
872 5248 1048 5304 αὐτῶν
1100 5245 1488 5328 πιστευθέντες,
1536 5250 1730 5327 ὁρῶσιν
1785 5249 1974 5313 αὐτούς

317 5353 378 5391 τε
420 5336 510 5392 καὶ
563 5335 682 5399 τοὺς
738 5331 1210 5411 αὐτομολήσαντας
1268 5340 1451 5401 αὐτοῖς
1498 5338 1832 5417 στρατιώτας
1890 5344 1976 5401 οὐ·

401 5591 433 5644 7
460 5591 613 5658 Dan.
650 5594 741 5658 ru.

2062 4615 2463 4681 secutus.Duo
2485 4615 2645 4677 enim
2668 4634 2742 4676 ex
2760 4615 3071 4691 militibus,
3102 4616 3320 4698 quibus
3348 4626 3476 4680 erat
3503 4635 3710 4680 eorum

2062 4707 2423 4771 demandata
2458 4704 2748 4777 custodia,
2782 4705 2943 4767 hunc
2991 4706 3375 4788 splendorem
3414 4707 3607 4769 mirati
3652 4716 3714 4770 et

2063 4799 2218 4861 hanc
2240 4795 2702 4867 alacritatem,et
2721 4794 3003 4859 lubenter
3021 4797 3083 4859 in
3106 4797 3331 4860 calcem
3349 4795 3709 4871 iusilierunt,

2063 4896 2122 4951 et
2145 4886 2519 4952 Christianos
2539 4903 2605 4947 se
2629 4904 2765 4948 esse
2788 4887 3047 4949 confessi
3078 4896 3237 4949 sunt.
3266 4887 3409 4951 Cum
3433 4905 3573 4949 vero
3584 4886 3708 4968 jam

2060 4979 2190 5043 dies
2209 4985 2549 5059 appareret,
2588 4993 2693 5037 eos
2720 4993 2855 5038 esse
2885 4984 3152 5039 mortuos
3174 4977 3524 5040 existimans
3561 4980 3712 5039 vica-

2057 5068 2323 5147 rius,qui
2345 5073 2475 5129 erat
2502 5063 2811 5146 impietate
2836 5075 3127 5143 mortuus,
3147 5067 3324 5147 jubet
3349 5084 3559 5130 eorum
3584 5085 3712 5130 cor-

2057 5178 2202 5242 pora
2228 5156 2368 5239 ejici
2394 5177 2427 5217 e
2448 5153 2815 5218 cisterna.Et
2835 5174 2970 5218 cum
2996 5159 3395 5219 accessissent
3424 5157 3462 5217 ii
3492 5154 3710 5238 quibus

2057 5259 2183 5313 erat
2206 5264 2416 5310 eorum
2440 5244 2762 5308 commissa
2783 5245 3075 5324 custodia,
3106 5246 3312 5309 vident
3334 5256 3528 5321 eos,et
3553 5245 3704 5307 mili-

2056 5349 2145 5405 tes
2199 5337 2301 5421 qui
2331 5334 2402 5398 ad
2435 5352 2539 5397 eos
2574 5333 3039 5415 transfugerant,
3074 5335 3225 5399 nihil
3254 5336 3497 5419 quidem
3531 5353 3708 5415 grave
