4006 6138
402 243 516 307 867

1703 231 1984 302 MENSIS
2025 233 2478 309 JANUARIUS.

3647 265 3754 331 868

401 377 802 480 sustinuisse;
854 377 959 481 sed
994 376 1222 481 nabere
1262 375 1519 437 divinam
1553 374 1867 481 quamdam
1899 392 2042 481 'gra-

2133 375 2217 432 ὁὲν
2281 382 2378 481 μέν
2450 383 2557 439 ἀπὸ
2627 391 2726 452 τῆς
2787 386 3045 446 ἀσϐέστου
3103 393 3347 472 χαλεπὸν
3418 397 3758 481 ὑποστάντας,

407 469 546 531 tiam
573 468 633 530 in
667 487 773 530 suo
794 467 954 528 vultu
973 467 1473 535 efﬂoresceutem,
1503 473 1563 526 et
1579 483 1613 525 e
1637 465 1784 526 facie
1816 465 2050 526 dulcem

403 559 726 640 quemdam
745 558 978 620 radium
1005 556 1453 617 emittere.Cum
1470 573 1574 616 eos
1589 572 1728 632 ergo
1745 573 1780 616 e
1796 556 2056 617 cisterna

406 649 756 720 trahissent,
792 647 866 709 de
898 645 1188 708 militibus
1228 644 1448 706 vicario
1477 645 1824 706 renuntiant
1852 647 2060 720 (erant

403 749 598 801 autem
647 758 853 802 eorum
890 744 1132 799 nomina
1181 738 1465 815 Phengou
1499 745 1557 798 et
1606 735 1962 818 Eucarpus),
1997 749 2056 798 et.

403 831 503 892 illo
523 830 776 910 jubente
808 828 1081 908 protiuus
1111 827 1278 888 fuere
1298 827 1599 888 cruxcifixi
1632 828 1789 888 clara
1819 845 2056 908 quoque

404 920 518 998 ipsi
575 918 710 979 luce
741 915 1138 978 confessionis
1188 915 1480 978 habentes
1513 916 1720 978 oculos
1764 916 2059 978 illumina-

408 1018 520 1086 tos,
558 1021 616 1072 et
634 1009 756 1090 jam
791 1010 1341 1072 remunerationum
1375 1009 1642 1072 fruentes
1667 1010 1946 1089 praemiis.

481 1281 656 1345 LXV.
712 1280 991 1344 Clemens
1047 1296 1192 1341 vero
1249 1288 1308 1341 et
1363 1281 1804 1360 Agathangelus
1853 1279 2049 1342 adhuc

395 1370 725 1434 currebant
758 1371 817 1430 in
849 1368 1024 1430 statio
1059 1370 1352 1449 martyrii.
1385 1369 1660 1432 Vicarius
1691 1379 1886 1431 autem
1918 1376 2047 1430 stu-

394 1460 576 1524 debat
609 1461 682 1522 iis
737 1477 978 1540 quoque
1032 1458 1209 1519 vitam
1263 1467 1618 1539 praesentem
1669 1459 1958 1532 adimere,
1987 1466 2052 1521 ut

396 1551 500 1632 qui
536 1568 649 1611 nec
680 1549 906 1610 videret
938 1565 1038 1608 eos
1071 1548 1416 1627 persuaderi
1475 1548 1766 1610 bonorum
1803 1548 2052 1629 promis-

399 1640 690 1720 siouibus,
727 1657 838 1700 nec
865 1638 1108 1698 omnino
1142 1638 1435 1699 malorum
1457 1639 1678 1700 cedere
1707 1637 2046 1713 insultibus,

2134 469 2277 523 θείαν
2339 468 2394 526 δέ
2451 494 2567 529 τινα
2612 476 2773 555 χάριν
2833 468 3158 537 ζπάνθοῦσαν
3212 486 3389 542 αὐτῶν
3432 498 3556 549 ταῖς
3592 468 3760 563 ὄψεσιν

2139 557 2392 636 ἔχοντας,
2452 565 2540 618 καὶ
2597 565 2791 622 ἀκτῖνα
2861 576 2955 625 τοῦ
3016 573 3298 647 προσώπου
3356 574 3479 630 τινὰ
3525 573 3762 652 γλυκεῖαν

2140 647 2482 728 ἐπαφιέντας.
2558 654 2983 732 Ἀνιμησάμενοι
3050 661 3221 718 τοίνυν
3291 665 3485 728 αὖτοὺς
3566 665 3622 721 ἐκ
3685 679 3766 726 τοῦ

2140 737 2340 795 λάκκου
2400 748 2478 815 τῷ
2521 743 2745 820 βικαρίῳ
2791 750 2910 826 περὶ
2967 757 3072 806 τῶν
3105 754 3454 829 στρατιωτῶν
3505 754 3764 832 ἀπαγγέλ-

2139 826 2288 883 λουσι
2345 829 2597 908 (Φέγγων
2647 833 2712 900 ἧν
2770 838 2952 902 αὐτοῖς
3012 842 3100 896 καὶ
3152 839 3429 921 Ι-Σῧκαρπος
3463 845 3529 900 τὰ
3583 845 3763 910 ὀνόμα-

2139 915 2256 996 τα),
2311 919 2554 978 κάκείνου
2625 926 3038 1009 προστάξαντος,
3088 931 3234 992 εὐθὺς
3278 932 3764 1013 ἀνεσκολοπίζοντο,

2142 1006 2372 1100 λαμπρῷ
2430 1013 2516 1066 ναὶ
2574 1015 2726 1071 αὐτοὶ
2759 1014 2855 1083 τῆς
2915 1006 3204 1098 ὁμολογίας
3249 1023 3445 1100 φέγγει
3500 1025 3595 1086 τὰς
3636 1006 3794 1098 ὄψεις

2134 1096 2623 1182 περιλαμπόμενοι,
2695 1109 2784 1161 καὶ
2859 1096 3114 1185 προοίμια
3198 1096 3301 1178 ἤδη
3333 1096 3489 1169 *τῶν
3549 1096 3764 1188 ἀμοιδῶν

2131 1189 2514 1265 καρπούμενοι.

2213 1277 2350 1340 ΞΕ’.
2391 1279 2618 1369 Κλήμης
2651 1284 2833 1359 μέντοι
2865 1288 2951 1344 καὶ
3002 1287 3405 1369 Ἀγαθάγγελος
3438 1291 3516 1350 ἔτι
3561 1295 3648 1348 τὸν
3687 1293 3766 1349 τοῦ

2133 1369 2418 1444 μαρτυρίου
2460 1367 2668 1428 δίαυλον
2700 1373 2944 1456 ἔτρεχον⁸
3004 1380 3030 1434 6
3060 1367 3298 1459 βικάριος
3367 1380 3424 1437 δὲ
3454 1381 3542 1439 καὶ
3599 1381 3765 1447 αὐτοὺς

2134 1455 2352 1514 ἔσπευδε
2414 1465 2509 1526 τῆς
2562 1465 2835 1541 παρούσης
2895 1473 3034 1538 ζωῆς
3078 1470 3473 1550 ὑπεξαγαγεῖν,
3504 1475 3598 1528 οἶα
3646 1470 3768 1546 μήτε

2132 1550 2346 1641 ἀγαθῶν
2390 1550 2736 1629 ἐπαγγελίαις
2795 1560 3138 1633 πειθομένους
3199 1564 3360 1641 ὀρῶν,
3403 1564 3547 1638 μήτε
3603 1568 3769 1620 κακῶν

2133 1639 2450 1718 ἐπαγωγαῖς
2513 1643 2652 1708 ὅλως
2715 1644 2986 1722 εἴκοντας,
3029 1649 3242 1716 πλείους
3299 1653 3496 1718 αὐτοῖς
3553 1652 3630 1708 ἔτι
3693 1653 3772 1707 καὶ

398 1731 602 1811 plures
634 1728 828 1790 adhuc
857 1727 1265 1807 praeclariores
1299 1727 1503 1790 volens
1529 1729 1616 1790 eis
1645 1746 1895 1789 coronas
1915 1745 2042 1790 con.

2133 1729 2536 1808 λαμπροτέρους
2598 1733 2872 1802 πλακῆναι
2916 1739 3038 1802 τοὺς
3085 1742 3374 1820 στεφάνους
3433 1739 3769 1818 βουλόμενος,

399 1819 540 1882 texi.
570 1819 802 1880 Dehinc
833 1826 998 1878 certe
1017 1817 1276 1878 vicarius
1291 1819 1472 1898 jussit
1495 1819 1611 1880 duo
1636 1819 1758 1879 lora
1783 1817 2042 1885 exscindi

2133 1818 2320 1876 ’Ἐνθεν
2398 1822 2573 1880 τοίνυν
2632 1827 2718 1879 καὶ
2776 1824 2864 1883 δύο
2939 1829 3036 1901 μὲν
3092 1817 3317 1904 ἱμάντας
3392 1817 3503 1887 τῶν
3564 1832 3774 1887 ἑκάστου

398 1929 466 1971 ex
526 1909 710 1987 tergis
768 1909 1292 1987 uniuscujusque:
1354 1908 1574 1970 deinde
1630 1918 1825 1970 autem
1886 1907 2042 1988 ipsos

2133 1913 2316 1963 νώτων
2370 1913 2396 1965 6
2425 1912 2662 1988 βικάριος
2713 1913 3062 1984 διεκκοπῆναι
3111 1919 3343 1994 κελεύει,
3380 1920 3573 1978 ἔπειτα
3603 1919 3655 1976 δὲ
3698 1921 3774 1976 καὶ

395 2017 632 2081 quoque
686 1997 994 2059 verberari
1026 1997 1208 2075 virgis
1259 2006 1376 2058 toto
1427 2016 1682 2078 corpore
1728 1998 2048 2059 vehemen-

397 2089 650 2152 tissime.
681 2087 772 2150 llli
803 2104 964 2158 vero,
1001 2106 1133 2148 cum
1167 2087 1346 2148 etiam
1381 2088 1468 2150 eis
1498 2106 1709 2150 carnes
1765 2086 2044 2149 concide-

395 2187 624 2254 rentur,
661 2189 722 2239 et
773 2195 909 2239 ossa
962 2185 1443 2251 contererentur,
1478 2177 1712 2239 fortiter
1743 2187 1940 2240 tamen
1985 2185 2042 2237 et

392 2276 737 2330 constanter
793 2265 1172 2328 sustinebant
1228 2274 1564 2346 prmsentia,
1629 2277 1904 2347 tanquam
1964 2267 2039 2330 ad

392 2357 790 2438 impalibilem
818 2357 941 2436 jam
969 2355 1221 2418 traducti
1251 2365 1547 2433 naturam,
1581 2369 1640 2419 et
1664 2359 1882 2420 nullam
1907 2375 2039 2418 sen-

395 2450 611 2508 tientes
666 2447 1085 2508 necessitatem
1142 2446 1431 2526 corporis.
1463 2445 1792 2509 Praeclarus
1840 2453 2037 2510 autem

393 2535 670 2598 Clemens
694 2537 840 2598 tales
873 2553 1111 2616 quoque
1132 2553 1309 2597 voces
1341 2536 1413 2597 ad
1443 2535 1631 2598 Deum
1663 2537 2036 2618 loquebatur,

391 2625 604 2688 dicens
633 2647 645 2688 :
687 2626 940 2688 Domine
980 2624 1124 2687 Jesu
1155 2624 1416 2699 Christe,
1452 2627 1553 2706 qui
1585 2626 1878 2706 quidquid
1911 2629 2044 2708 spi-

389 2724 505 2790 rat,
536 2735 568 2777 e
602 2715 728 2777 luto
761 2715 1026 2797 propriis
1056 2715 1378 2777 fabricatus
1406 2735 1470 2777 es
1515 2715 1813 2791 manibus,
1848 2726 1908 2779 et
1938 2716 2045 2778 ho-

392 2806 536 2867 mini
569 2824 785 2868 nervos
815 2819 875 2867 et
899 2822 1034 2866 ossa
1061 2815 1116 2866 et
1138 2804 1315 2866 aliam
1344 2806 1732 2868 construxiin
1763 2807 2037 2883 figuram,

389 2895 491 2975 qui
527 2897 703 2958 etiam
740 2916 847 2959 nos
878 2915 1034 2976 saepe
1067 2897 1360 2957 contritos
1391 2899 1782 2971 confirmasti,
1815 2905 1872 2957 et
1901 2917 2045 2960 con-

385 2985 660 3050 cidoutes
690 2987 1000 3062 stabilisti,
1039 2987 1415 3066 afﬂictosque
1447 2994 1504 3048 et
1548 2995 1882 3067 prostratos
1915 3005 2043 3050 ere-

2127 1996 2337 2074 ῥάϐδοις
2399 2004 2589 2067 αὐτοὺς
2649 2003 2774 2060 ὅλον
2831 2008 2892 2062 τὸ
2950 2013 3107 2081 σῶμα
3167 2010 3547 2090 σφοδροτάτως
3591 2014 3772 2068 τύπτε-

2127 2091 2265 2144 σθαι.
2304 2090 2362 2146 Οἱ
2395 2089 2449 2146 δὲ
2484 2094 2581 2148 καί
2622 2094 2718 2157 τάς
2753 2097 2952 2166 σάρκας
3013 2089 3361 2180 τεμνόμενοι,
3408 2101 3597 2157 καίτά
3653 2102 3770 2158 ὀστᾶ

2126 2176 2549 2261 συντριϐόμενοι,
2600 2183 2746 2257 ὁμῶς
2804 2189 3073 2266 καρτερῶς
3134 2191 3196 2245 τὰ
3248 2191 3493 2269 παρόντα
3553 2193 3636 2248 καὶ
3686 2193 3768 2247 εὖ·

2124 2267 2293 2332 τόνως
2344 2269 2631 2347 ὑπέμενον,
2666 2274 2844 2354 ὥσπερ
2899 2275 3002 2346 ἤδη
3055 2280 3182 2356 πρὸς
3233 2267 3338 2347 τὴν.
3367 2280 3554 2348 άπαθῆ
3608 2301 3768 2356 μετα-

2123 2356 2334 2428 θέμενοι
2393 2366 2568 2439 φυσιν,
2602 2364 2690 2418 καὶ
2747 2365 3016 2441 μηδεμιᾶς
3075 2369 3314 2447 ἀνάγκης
3368 2372 3468 2426 τοῦ
3531 2390 3766 2445 σωματος

2126 2448 2520 2522 αἰσθανόμενοι.
2595 2443 2653 2510 Ὀ
2712 2452 2767 2509 δὲ
2832 2471 3077 2534 γενναῖος
3144 2443 3374 2535 Κλήμης
3452 2460 3546 2516 καὶ
3602 2443 3766 2539 φωνὰς

2125 2540 2254 2614 πρὸς
2313 2541 2404 2595 τὸν
2466 2543 2596 2597 Θεὸν
2655 2546 2905 2610 τοιαύτας
2989 2547 3295 2629 ἐφθέγγετο·
3384 2551 3545 2628 Κύριε
3603 2548 3764 2615 ’ίησοῦ

2127 2628 2342 2704 Χριστὲ,
2377 2627 2572 2707 λέγων,
2610 2636 2636 2688 6
2694 2640 2866 2691 πᾶσαν
2910 2640 2970 2694 ὲκ
3011 2627 3187 2705 πηλοῦ
3234 2641 3406 2707 πνοὴν
3463 2627 3647 2718 χερσὶν
3688 2638 3762 2692 οἰ-

2129 2718 2294 2780 κείαις
2366 2715 2794 2798 δημιουργήσας,
2858 2728 2948 2782 καὶ
3013 2735 3165 2805 νεῦρα
3243 2734 3314 2800 τῷ
3363 2715 3627 2808 ἀνθρωπῳ
3687 2729 3761 2784 καὶ

2125 2806 2255 2861 ὁστᾶ
2300 2810 2385 2863 καὶ
2417 2809 2513 2875 τὴν
2559 2810 2730 2879 ἄλλην
2791 2819 3195 2884 κατασκευάσας
3255 2816 3577 2892 διάπλασιν,
3611 2820 3638 2873 6
3684 2819 3761 2872 καὶ

2124 2894 2492 2969 συντριϐέντας
2553 2901 2814 2968 πολλάκις
2873 2907 3016 2972 ἡμᾶς
3078 2907 3406 2986 ἐπιῤῥώσας,
3463 2910 3552 2965 καὶ
3607 2928 3754 2964 κατα-

2124 2986 2416 3051 πίπτοντας
2477 2989 2857 3074 ὑποστηρίξας,
2924 2999 3011 3052 καὶ
3057 2997 3362 3073 ἀνορθώσας
3409 2994 3750 3076 κατεῤῥαγμέ-

386 3076 549 3150 xisti,
613 3079 741 3158 ipse
802 3096 936 3138 ossa
994 3095 1237 3157 quoque
1293 3085 1499 3138 nostra
1569 3096 1730 3140 nunc
1788 3078 2042 3141 centrita

2133 3096 2267 3151 νους,
2305 3079 2459 3142 αὐτὸς
2491 3082 2579 3136 καὶ
2622 3083 2686 3138 τὰ
2731 3085 3069 3163 συντριϐέντα
3095 3088 3249 3161 ἡμῶν
3303 3088 3442 3144 ὀστᾶ
3474 3097 3563 3146 νῦν
3619 3085 3752 3160 ἀνόρ-

389 3166 578 3246 erige,
615 3175 674 3229 et
708 3175 808 3228 tua
840 3167 1024 3246 imple
1054 3166 1475 3228 exsultatione.
1523 3165 1656 3247 Ipse
1690 3167 1852 3230 enim
1884 3186 1973 3238 es,
2008 3187 2042 3230 ο

2133 3169 2294 3222 Βωσον
2367 3169 2454 3224 καὶ
2525 3175 2622 3238 τῆς
2674 3178 2774 3240 σῆς
2833 3174 3204 3254 ἀγαλλιάσεως
3250 3175 3561 3251 ἔμπλησον·
3622 3175 3758 3236 αὗτός

386 3273 493 3318 rex
525 3257 770 3330 invicte,
805 3257 910 3337 qui
942 3256 1003 3316 in
1041 3255 1215 3317 nobis
1243 3256 1358 3319 hoc
1403 3267 1709 3321 certamen
1740 3259 2038 3321 decertas:

2133 3257 2225 3335 γὰρ
2283 3262 2361 3334 εἶ»
2395 3259 2612 3327 ἀνίκητε
2662 3263 2900 3339 βασιλεῦ,
2955 3267 2983 3322 6
3026 3266 3082 3322 ἐν
3109 3267 3245 3342 ἡμῖν
3294 3268 3389 3323 τὸν
3421 3265 3604 3344 ἀγῶνα
3651 3270 3760 3322 τοῦ·

385 3355 450 3408 ut
483 3365 593 3428 per
643 3357 908 3409 nostram
968 3344 1444 3436 imbecillitatem
1497 3356 1596 3409 tua
1626 3349 1894 3429 apertius
1939 3369 2039 3411 os-

2133 3368 2217 3402 τον
2275 3347 2700 3428 ἀγωνιζόμενος,
2760 3353 2895 3411 ὥσνε
2963 3359 3052 3412 καὶ
3122 3355 3456 3436 σααεστέραν
3525 3355 3608 3411 διὰ
3670 3357 3759 3418 τῆς

388 3437 677 3499 tendatur
706 3436 996 3518 potentia.
1030 3435 1341 3509 Quomodo
1375 3438 1533 3498 enim
1571 3439 1684 3500 hoc
1714 3458 1957 3520 corpus,
1979 3439 2041 3500 in

2133 3437 2390 3517 ἡμετέρας
2445 3440 2715 3507 ἀσθενείας
2777 3446 2875 3511 τὴν
2944 3447 3042 3515 σὴν
3097 3435 3471 3526 ἐπιδειχθῆναι
3530 3445 3753 3519 δύναμιν·

386 3527 544 3607 quod
581 3528 741 3589 cadit
782 3526 1089 3600 interitus,
1132 3527 1281 3589 tales
1336 3527 1545 3589 vicerit
1574 3531 2042 3609 perpessiones?

2133 3527 2237 3584 ἐπεὶ
2292 3535 2406 3594 πῶς
2466 3528 2526 3586 ἂν
2583 3533 2644 3588 τὸ
2715 3537 2939 3614 φθαρτὸν
2996 3544 3151 3593 τοῦτο
3222 3540 3382 3613 σῶμα
3442 3533 3758 3603 τηλικούτων

386 3617 472 3679 Ita
500 3636 754 3698 magnus
787 3616 1068 3681 Clemens
1100 3635 1234 3678 cum
1262 3617 1386 3679 Deo
1413 3618 1798 3698 loquebatur.

2133 3619 2460 3696 περιεγένετο
2531 3625 2917 3706 παθημάτων,
2983 3636 3150 3687 Ταῦτα
3221 3629 3249 3682 6
3308 3626 3481 3706 μέγας
3542 3624 3755 3700 Κλήμης

2120 3708 2197 3781 τῷ
2227 3715 2342 3783 Θεῷ
2365 3707 2632 3790 διελέγετο
2643 3760 2655 3775 ,

463 3794 678 3896 LXVI:
695 3796 972 3896 V‘icarius
994 3804 1193 3896 autem
1219 3796 1560 3896 videnseos
1587 3799 1868 3896 superius
1891 3817 2039 3878 pra;-

2201 3811 2356 3884 Ξς·’,
2407 3814 2504 3869 Καὶ
2575 3817 2602 3870 ὁ
2645 3815 2884 3896 βικάἰριος
2928 3819 3192 3891 κρείττους
3269 3821 3458 3886 αὐτοὺς
3520 3817 3608 3876 καὶ
3657 3819 3751 3872 τῶν

384 3885 680 3958 sentia,ad
702 3885 883 3945 alium
911 3887 1154 3948 modum
1184 3888 1477 3966 processit
1499 3887 1872 3968 suppliciizet
1899 3908 2035 3950 cum

2133 3901 2397 3978 παρόντων
2454 3905 2594 3981 ὁρῶν
2645 3885 2787 3984 ’πρὸς
2843 3885 3023 3987 ἕτερόν
3082 3931 3200 3966 τινα
3257 3911 3518 3986 τιμωρίας
3573 3905 3751 3982 τρόπον

383 3974 535 4036 duos
558 3974 1255 4080 ferreoscandefecis‘set
1274 3975 1586 4080 grabatos,
1616 3978 1756 4042 facit
1778 3977 1921 4042 utin
1945 3981 2035 4042 al-

2133 3991 2344 4080 ξχώρει,
2402 3993 2499 4048 καῖ
2567 3994 2656 4053 δύο
2700 3974 2972 4076 ’σιδηροές
3030 3974 3340 4078 ἐκπυρώσας
3404 3974 3755 4080 ’κραϐϐάτουῆ

385 4073 513 4126 tero
534 4082 741 4126 eorum
766 4065 918 4126 alter
939 4065 1422 4129 recumbat.Cum
1449 4086 1586 4129 vero
1611 4072 1866 4135 multum
1884 4071 2038 4151 ignis

2133 4065 2189 4136 ἓν
2239 4065 2477 4159 ἐκατέρῳ
2533 4086 2732 4143 τούτων
2765 4065 3014 4168 ἑκάτερον
3058 4065 3359 4152 ἀνακλίνει.
3417 4065 3656 4148 Κιάτωθεν
3707 4065 3756 4137 δὲ

385 4153 1116 4260 inferiussubstravisset,
1141 4157 1338 4218 oleum
1373 4166 1428 4219 et
1451 4158 1654 4237 ignem
1681 4171 1737 4223 et
1759 4163 1951 4244 picem
1986 4176 2042 4226 et

2133 4177 2226 4249 πῦρ
2288 4170 2511 4251 ἄφθονον
2569 4176 2939 4260 ὑποστρώσας,
2975 4179 3152 4236 ἔλαιόν
3182 4202 3240 4237 τε
3297 4182 3385 4238 καὶ
3439 4180 3626 4238 πίσσαν
3677 4171 3754 4230 καὶ

382 4243 1098 4352 sulphurinfunditﬁurp
1119 4246 1348 4352 .multus
1366 4259 1592 4327 ergo,ut
1618 4260 1710 4312 est
1733 4243 2042 4316 ccnsenta-

2133 4274 2270 4334 θετον
2319 4261 2520 4319 ἄνωθεν
2552 4264 2787 4346 ἐπιχέει,
2828 4279 3042 4329 Καπνοῦ
3091 4271 3289 4352 τοίνυν,
3319 4272 3394 4333 ὡς
3444 4270 3603 4342 εἰκὸς,
3634 4262 3750 4322 πολ·

379 4352 587 4408 neum,
623 4342 682 4434 et
723 4336 966 4439 flamma
998 4335 1220 4397 sublati
1246 4348 1448 4399 essent
1492 4338 1555 4400 in
1588 4359 1862 4420 magnam
1898 4364 2039 4426 par-

2133 4353 2219 4406 λοῦ
2281 4353 2370 4408 καὶ
2400 4352 2596 4431 φλογὸς
2648 4335 2877 4414 ῖπιπολὺ
2907 4367 3001 4417 τοῦ
3057 4361 3212 4439 ἀέρος
3246 4335 3532 4439 ᾱιρθέντων,
3563 4335 3608 4413 oi
3654 4351 3743 4428 μὲν

381 4431 499 4522 tem
529 4424 706 4523 aeris,
740 4423 783 4484 ii
816 4423 1060 4504 quidem
1094 4427 1196 4507 qui
1230 4429 1784 4528 circumsistebant,
1818 4423 2036 4516 quine-

2133 4448 2498 4519 περιεστῶτες,
2532 4443 2670 4501 ἀλλά
2724 4449 2810 4504 καὶ
2871 4450 3024 4514 αὐτὸς
3081 4453 3173 4507 σῦν
3232 4453 3420 4516 αὐτοῖς
3473 4453 3499 4506 ὓ
3551 4447 3732 4525 ἄρχων,

379 4516 522 4571 tiam
578 4516 709 4614 ipse
741 4532 981 4593 quoque
1034 4533 1170 4576 cum
1204 4516 1292 4577 eis
1337 4524 1746 4597 magistratus,
1782 4523 1840 4585 id
1874 4526 2040 4604 quod

2133 4516 2253 4611 ὑπερ
2311 4534 2377 4598 ἠν
2409 4516 2497 4589 καὶ
2556 4543 2633 4610 τῷ
2689 4538 2962 4616 πράγματι
3008 4543 3095 4599 καὶ
3149 4548 3216 4618 τῇ
3247 4543 3398 4620 φύσει
3457 4516 3722 4608 ἀκόλῶδονέ

377 4609 514 4664 erat
541 4609 631 4663 rei
665 4610 726 4663 et
759 4613 987 4666 natura)
1023 4624 1428 4686 consequens,
1458 4610 1788 4674 credebant
1829 4633 2041 4680 omnes

2133 4622 2365 4678 τεθνάναι
2423 4625 2619 4689 πάντες
2678 4628 2972 4687 ἒπίστευον.
3038 4629 3334 4707 Ἐσήμαινε
3387 4631 3443 4687 δὲ
3497 4629 3579 4686 καὶ
3628 4633 3729 4685 τοῖς

378 4700 624 4800 sanctos
649 4711 783 4756 esse
817 4704 1106 4759 mortuos.
1143 4695 1534 4776 Significabat
1553 4711 1750 4764 autem
1780 4706 1902 4783 jam
1935 4707 2039 4768 lic-

2133 4711 2336 4788 Βημίοις
2396 4716 2423 4770 6
2460 4714 2698 4794 βικάριος
2755 4716 2883 4792 ἤδη,
2917 4695 3206 4786 σϐέσαντας
3253 4723 3349 4789 τὴν
3397 4719 3559 4800 πυρὰν

384 4782 615 4844 toribus
647 4803 891 4865 quoque
934 4787 1216 4859 vicarius,
1252 4796 1317 4848 ut
1365 4807 1510 4868 rogo
1543 4782 1864 4872 exstincto,
1897 4815 2039 4859 cur-

2133 4804 2263 4860 κατὰ,
2315 4813 2409 4863 τοῦ
2467 4813 2713 4880 ποταμοῦ
2767 4813 2874 4864 τῶν
2916 4811 3081 4888 ἁγίων
3139 4812 3204 4867 τὰ
3260 4812 3480 4888 σώματα
3524 4807 3634 4867 τοὺς
3683 4798 3728 4856 δὲ

379 4887 523 4948 pora
554 4881 900 4934 sanctorum
923 4875 1204 4952 jacerent
1234 4876 1291 4935 in
1331 4878 1604 4940 fluvium.
1642 4880 1754 4942 Eos
1775 4901 1915 4946 vero
1947 4885 2040 4946 in-

2133 4894 2191 4961 ἦν
2251 4893 2350 4970 ἄρα
2425 4892 2603 4952 λαϐὼν
2673 4895 2834 4964 ὕπνος
2904 4875 2985 4962 τις
3048 4899 3241 4978 γλυκὺς
3298 4875 3608 4979 ἀπόῤῥὴτος,
3659 4888 3728 4946 ἰπὶ

377 4970 613 5022 vaserat
643 4963 889 5043 quidem
918 4963 1115 5065 dulcis
1137 4983 1382 5027 somnus
1413 4977 1472 5028 et
1501 4969 2041 5054 iuexplicabilis;in

2133 4991 2200 5056 τῷ
2257 4983 2405 5059 ὕπνῳ
2435 4983 2488 5040 δὲ
2542 4987 2627 5043 καὶ
2658 4985 2787 5062 ὅψις
2838 4963 3072 5066 ἐφοίτα..
3096 4981 3160 5047 ιΗ
3191 4989 3247 5047 δὲ
3277 4963 3577 5068 domuum
3601 4983 3660 5051 ἦν
3705 4979 3728 5034 δ

373 5067 588 5152 somno
643 5061 845 5114 autem
879 5058 1028 5160 visio
1051 5072 1291 5160 quoque
1321 5058 1668 5124 accedebat.
1703 5061 1868 5128 Visio
1901 5085 2037 5130 vero

2133 5058 2460 5152 ἀγωνοθέτης
2505 5058 2734 5154 Χριστὸς
2790 5058 2925 5154 μετά
2985 5087 3232 5160 στρατιᾶς
3284 5058 3523 5160 ἀγγέλων
3569 5075 3733 5160 Erupit:-

375 5146 504 5200 erat
532 5143 695 5250 ‘ipse
724 5143 1090 5244 agonotheta
1131 5143 1426 5224 Christus,
1460 5149 1560 5228 qui
1605 5170 1738 5214 cum
1771 5158 2036 5220 exercitu

2133 5143 2254 5237 νέὶς,
2317 5187 2430 5244 και,
2469 5143 2566 5234 Μὴ.
2613 5143 2890 5248 φοϐεῖσθε,
2935 5143 3120 5227 εἷποέν·
3179 5171 3287 5249 ἐγὼ
3332 5143 3439 5250 ’γάρ
3491 5168 3590 5241 είμι
3629 5143 3729 5250 μεθ’

371 5229 732 5330 angelorum
762 5233 1390 5330 apparuittetudixit:
1426 5237 1625 5302 Nolite
1651 5242 1888 5325 timere,
1924 5266 2037 5329 ego

371 5322 531 5380 enim
565 5337 696 5382 sum
724 5322 1036 5384 vobiscum
1055 5323 1106 5382 8.
1137 5322 1230 5385 Illi
1257 5343 1400 5406 ergo
1432 5347 1568 5389 cum
1596 5330 1671 5392 ab
1701 5334 1816 5400 hoc
1838 5322 2036 5405 divino

449 5525 482 5575 8
511 5523 716 5588 Matth.
751 5545 954 5593 nvul.

2121 5256 2289 5327 ὑμῶν.
2354 5255 2590 5313 Ἐκεῖνοι
2643 5255 2740 5332 μὲν
2784 5257 2874 5312 οὖν
2916 5258 3010 5316 τοῦ
3063 5248 3440 5317 θείουτούτου
3467 5257 3616 5313 ὕπνου
3657 5248 3734 5304 ἀν·

2123 5347 2431 5425 ενεγκάντες
2488 5345 2746 5419 ἀλλήλοις
2796 5347 3094 5408 ἐκοινευντο
3135 5350 3234 5418 τὴν
3290 5347 3492 5430 ὅράσιν,
3522 5340 3729 5417 καθάπερ
