4006 6138
284 261 430 329 869
1393 263 1576 330 VITA
1620 263 1680 328 s.
1727 258 2160 328 CLEMENTIS
2202 263 2628 329 ANCYRANI.
3575 244 3695 322 870

277 397 343 452 ἐν
398 397 597 458 εὐώδει
657 400 764 470 πόᾳ
820 399 907 454 καὶ
965 397 1208 478 μαλακῇ,
1259 397 1380 453 ἀλλ’
1411 401 1506 457 οὐκ
1537 397 1589 454 ἐν
1619 396 1775 477 φλογὶ
1820 397 1961 474 μέστς⁸

2057 415 2257 461 somno
2302 407 2507 460 essent
2551 395 2976 478 expergefacti,
3012 392 3542 456 communicabant
3575 393 3694 456 sibi

277 489 580 564 κείμενοι.
2044 487 2302 550 invicem
2328 487 2935 567 visionem,tanquam
2960 485 3019 546 in
3047 485 3236 546 herba
3271 481 3435 544 molli
3459 491 3520 543 et
3539 481 3690 544 odo-

2043 578 2245 654 rilera,
2287 597 2405 640 non
2440 579 2498 638 in
2525 575 2722 637 media
2751 582 2953 638 autem
2985 575 3248 649 ﬂamma,
3278 572 3580 653 jacentes.

1801 765 2043 831 CAPUT
2105 769 2210 833 XI.

1328 975 1498 1054 Ignis
1539 973 2032 1037 cruciamenta»:
2088 972 2266 1038 Tarsi
2305 984 2690 1057 superatum.

2119 1180 2478 1239 LXVll.Cum
2501 1195 2600 1237 eos
2619 1193 2753 1236 vero
2773 1177 3057 1236 Domitius
3082 1175 3322 1233 vidisset
3347 1175 3425 1233 ita
3451 1173 3701 1233 admira-

2047 1263 2251 1328 biliter
2271 1276 2327 1328 et
2350 1274 2566 1346 praeter
2587 1264 2930 1345 opinionem
2954 1265 3152 1343 ignem
3175 1262 3697 1343 superavisse,nec

2047 1359 2229 1420 sciret
2255 1361 2543 1442 deinceps
2563 1359 2852 1441 quidnam
2881 1353 3697 1432 eisiaceret,remittiteosed

2047 1446 2490 1523 Maximianum,
2523 1449 2624 1529 qui
2662 1457 2803 1510 tunc
2827 1467 2895 1509 ex
2917 1449 3102 1510 Tarso
3126 1445 3543 1507 revertebatur
3565 1445 3696 1506 An-

2050 1537 2428 1619 cyram.Cum
2462 1539 2654 1599 sancti
2678 1555 2819 1615 ergo
2858 1535 2970 1598 sub
3004 1535 3295 1596 militibus
3327 1553 3461 1596 cum
3496 1534 3699 1595 multis

390 1182 544 1245 ΞΖ¹,
583 1185 841 1256 Δομέτιος
891 1179 946 1237 δὲ
1005 1177 1318 1257 παραδόξως
1347 1178 1489 1236 οὕτω
1517 1179 1613 1236 γαί
1658 1185 1750 1236 τοῦ
1801 1181 1962 1255 πυρὸς

288 1269 484 1327 αὐτοῦ
525 1271 970 1350 περιγενομένους
1020 1268 1166 1340 ἰδὼν,
1220 1271 1304 1326 καί
1337 1271 1413 1344 μὴ
1443 1269 1590 1349 ἔχων
1622 1268 1648 1324 ὅ
1693 1292 1741 1325 τι
1773 1267 1962 1324 λοιπὸν

287 1363 506 1423 αὐτοῖς
595 1363 896 1442 χρήσαιτο,
957 1361 1102 1438 παρὰ
1178 1358 1510 1433 Μαξιμιανὸν
1572 1358 1714 1420 αὗθις
1779 1360 1964 1422 αὖτοὺς

287 1447 627 1524 ἀναπέμπει
713 1449 774 1504 ἐκ
863 1455 1068 1526 Ταρσοῦ
1154 1453 1445 1515 τηνικαῦτα
1503 1449 1637 1522 πρὸς
1693 1447 1966 1526 ’Ἄγκυραν

286 1536 743 1616 ἀναστρέφοντα.
783 1541 844 1596 Οἱ
875 1537 1018 1616 ἅγιοι
1062 1538 1236 1593 τοίνυν
1268 1538 1370 1593 ὑπὸ
1420 1537 1772 1614 στρατιώταις
1830 1537 1966 1611 μετὰ

291 1626 541 1684 πολλῶν
607 1629 694 1684 καὶ
774 1626 952 1684 ἄλλων
1009 1633 1338 1704 Χριστιανῶν
1393 1627 1661 1702 ἁψάμενοι
1719 1629 1815 1694 τῆς
1860 1648 1964 1682 πο-

2057 1645 2290 1706 quoque
2321 1627 2460 1689 aliis
2491 1626 2846 1689 Christianis
2873 1635 3077 1688 essent
3105 1625 3223 1686 iter
3252 1623 3698 1704 ingressi,quo-

292 1720 489 1794 ρείας,
525 1716 710 1784 ἐπειδὴ
753 1724 831 1792 τῷ
885 1739 936 1774 τε
995 1724 1094 1786 τῆς
1155 1717 1275 1774 ὀδοῦ
1317 1719 1481 1793 μήκει
1511 1719 1576 1773 τὰ
1606 1722 1830 1792 σώματα
1862 1738 1962 1772 πε-

2057 1717 2208 1778 niam
2243 1730 2303 1779 et
2329 1717 2435 1778 viae
2467 1717 2848 1796 longitudine
2877 1715 3114 1777 defessa
3147 1723 3318 1777 erant
3340 1730 3616 1793 corpora,
3642 1723 3702 1774 et

293 1809 656 1887 πονήκεσαν,
690 1807 866 1870 ἄλλως
899 1825 956 1864 τε
991 1806 1046 1864 δὶ
1080 1809 1166 1864 καὶ
1194 1810 1228 1875 ἡ
1263 1805 1380 1872 ὁδὸς
1435 1808 1500 1875 ἢν
1559 1805 1786 1882 ’ἔμελλον
1842 1805 1964 1862 δια-

2057 1806 2274 1883 alioqui
2299 1806 2538 1888 via,qua
2560 1813 2731 1868 erant
2755 1805 3225 1906 transituri,erat
3247 1803 3571 1911 admpdum
3590 1800 3702 1911 fle-

292 1895 540 1978 ϐαίνειν,
578 1897 780 1976 ἔρημος
839 1897 1068 1954 ἐπιπολὺ
1127 1900 1256 1954 οὖσα
1315 1900 1402 1953 καὶ
1434 1899 1676 1977 ἀτεχνῶς
1721 1894 1961 1976 ἄνυδρος,

2057 1906 2210 1958 serta
2244 1904 2302 1957 et
2325 1897 2500 1976 plane
2522 1913 2691 1976 aqua}
2709 1913 2952 1975 expers,
2988 1893 3119 1955 sitis
3151 1912 3254 1955 eos
3276 1892 3488 1954 urebat
3512 1888 3699 1952 vehe-

327 1989 344 2008 ν
437 1987 496 2010 θνι
601 1987 613 2008 ι
805 1993 818 2012 ν
894 1989 908 2004 ι
1006 1988 1020 2005 9
1081 1987 1090 2004 ν
1443 1989 1455 2009 ι
1599 1985 1641 2004 Μ
1721 1989 1734 2002 ς
1791 1993 1813 2003 η.
1949 1989 1963 2008 κ

295 2007 383 2053 εις
424 2007 512 2052 οςυ
567 1986 718 2063 διψος
767 2009 953 2053 αυτους
998 1987 1287 2066 ανεφλεγε.
1357 1997 1539 2062 Τουτῳ
1595 2003 1648 2042 οε
1681 2009 1823 2060 αυτῳ
1877 2009 1962 2042 και

2057 1985 2450 2048 mentissime.
2485 1985 2555 2047 Et
2585 2003 2719 2050 eum
2755 1985 3031 2046 viderent
3060 1983 3318 2062 graviter
3352 1981 3545 2062 premi
3569 1997 3696 2058 eos,

297 2079 442 2140 τοὺς
501 2075 910 2154 ὁδοιποροῦντας
967 2075 1150 2138 δεινῶς
1192 2076 1538 2151 πιεζομένους
1595 2078 1821 2153 ὁρῶντες
1877 2079 1965 2132 καὶ

2057 2077 2147 2148 qui
2173 2091 2285 2134 una
2316 2079 2424 2134 iter
2447 2077 3012 2148 iugrediebantur,rt
3037 2091 3168 2133 mox
3201 2091 3326 2132 esse
3349 2076 3698 2138 defecturos,

300 2166 450 2222 ὅσον
480 2164 631 2224 οὔπω
653 2166 1024 2238 ἐκλείποντας,
1075 2169 1146 2232 εἰς
1191 2167 1364 2246 εὖχὴν
1396 2167 1532 2239 μετά
1561 2173 1667 2222 τῶν
1725 2163 1965 2244 γονάτων

302 2257 410 2312 καὶ
469 2257 635 2323 αὐτὴν
722 2256 996 2318 κλίναντες
1067 2258 1167 2312 τῆν
1248 2254 1487 2334 καρδίαν,
1565 2256 1716 2334 Κύριε
1788 2255 1968 2320 Ἰησοῦ

306 2345 536 2424 Χριστέ,
572 2348 598 2400 ὃ
633 2347 763 2409 Θεὸς
792 2347 971 2423 ἡμῶν,
1008 2345 1191 2424 εἶπον,
1245 2347 1272 2401 ὁ
1329 2346 1416 2401 καὶ
1473 2343 1743 2410 θαλάσσης
1802 2342 1965 2400 ὕδατα

307 2435 577 2514 πρότερον
609 2435 739 2491 ὡσεὶ
795 2447 988 2514 τεῖχος
1035 2439 1276 2510 παγῆναι
1331 2435 1587 2507 ποιήσας,
1623 2435 1708 2489 καὶ
1740 2431 1876 2512 ὕδωρ
1907 2433 1967 2488 ἐκ

315 2524 520 2602 πέτρας
554 2522 717 2580 πάλιν
751 2523 1050 2601 ἐξαγαγὼν,
1090 2523 1247 2588 αὐτὸς
1280 2521 1568 2598 ἐπίϐλεψον
1601 2524 1688 2579 καὶ
1747 2530 1833 2578 νῦν
1884 2522 1966 2602 ἐφ’

317 2615 492 2688 ἡμᾶς,
553 2609 864 2692 ἰπίϐλεψον,
925 2611 1148 2688 βασιλΞῦ
1181 2629 1194 2642 ⁸
1232 2610 1616 2691 διαπέφλεκται
1672 2614 1772 2690 γαρ
1802 2614 1967 2691 ἰσχυ-

325 2708 431 2779 ρῶς
460 2703 496 2769 ἦ
528 2704 681 2781 ψυχὴ
714 2703 896 2776 ἡμῶν,
929 2703 1016 2758 καὶ
1065 2701 1333 2780 τρέχομεν
1395 2705 1449 2756 ἐν
1505 2700 1644 2777 δίψει
1695 2703 1968 2775 καύματος

330 2789 384 2846 ἒν
416 2787 648 2868 ἀνύδρῳ·
705 2797 798 2848 σοῦ
855 2789 910 2846 δὲ
969 2791 1316 2870 βουλοτιένου,
1372 2792 1583 2853 πάντως
1631 2793 1716 2846 καὶ
1767 2789 1903 2865 ὕδωρ
1933 2793 1967 2859 ἡ

332 2880 426 2958 γῆ,
481 2882 567 2936 καὶ
606 2882 670 2937 αὖ
702 2879 863 2937 πάλιν
894 2885 966 2958 γῆ
995 2880 1058 2936 τὰ
1088 2877 1223 2958 ὕδωρ
1268 2881 1574 2958 γενήσεται.
1626 2886 1799 2938 Ταῦτα
1843 2879 1966 2936 ἕλε-

327 2969 419 3048 γόν
465 2991 544 3048 τε,
581 2968 673 3026 καί
727 2969 895 3049 θερμά
937 2968 1134 3048 δάκρῦα
1191 2975 1297 3026 υῶν
1346 2967 1631 3049 ὀφθαλμῶν
1690 2968 1964 3048 ἀπέῤῥεον.

325 3057 772 3135 Προσευξαμένων
859 3069 982 3136 γοῦν
1068 3061 1155 3116 καὶ
1217 3060 1289 3121 εἷς
1348 3060 1439 3115 τὸν
1497 3060 1716 3136 οὐρανὸν
1777 3059 1968 3124 εὐθέως

319 3148 566 3219 ἰδόντων,
615 3149 843 3227 καθαρόν
887 3171 938 3205 τι
969 3156 1112 3225 νᾶμα
1144 3150 1230 3205 καὶ
1261 3147 1446 3213 διειδὲς
1498 3151 1595 3216 τῆς
1627 3148 1788 3227 ξηρᾶς
1819 3151 1966 3205 ἴεκεί-

322 3263 422 3307 νης
456 3243 544 3295 καὶ
577 3238 845 3316 ἀνημέρου
894 3244 996 3318 γῆς
1029 3237 1326 3296 ἀναδίδοται
1364 3257 1378 3272 ⁶
1414 3245 1475 3296 οὔ
1513 3239 1600 3295 καὶ
1655 3239 1864 3303 πιόντες
1907 3241 1968 3295 τὸ

320 3327 505 3398 πιέζον
537 3327 724 3391 αὐτοὺς
755 3329 816 3385 τὸ
837 3325 990 3404 δίψος
1025 3327 1325 3403 ἐκοίμισαν.

408 3415 553 3479 ΞΗ’.
589 3417 696 3485 Τῆς
757 3419 944 3493 φήμης
977 3425 1064 3474 οὖν
1119 3417 1207 3474 καὶ
1255 3430 1375 3482 τοῖς
1418 3416 1596 3496 πόῤῥω
1641 3415 1969 3484 διαδοθείσης

331 3506 600 3585 συνέρρεον
681 3507 808 3584 πρὸς
886 3507 1074 3572 αὐτοὺς
1149 3509 1198 3564 οἱ
1262 3508 1546 3584 περίοικοι,
1608 3510 1694 3563 καὶ
1737 3509 1873 3564 πολύ
1916 3529 1968 3563 τι

330 3595 527 3664 πλῆθος
559 3600 745 3659 αὐτοῖς
778 3595 1006 3661 πολλοῖς
1031 3596 1126 3654 καῖ
1150 3596 1420 3661 ποικίλοις
1453 3598 1670 3653 πάθεσιν
1701 3595 1966 3676 ἐνοχλου-

322 3685 501 3759 μένων
543 3685 873 3764 προσήγετο.
932 3683 1086 3742 Ἀλλ’
1153 3689 1187 3754 ἡ
1253 3687 1358 3744 τῶν
1402 3692 1604 3766 χειρῶν
1651 3687 1761 3765 ἆφῆ
1809 3687 1971 3761 μόνον

325 3777 539 3849 ἑκάστῳ
601 3783 695 3834 τοῦ
768 3778 970 3842 πάθους
1040 3780 1243 3856 ὶγίνετο
1319 3781 1624 3858 φάρμακον.
1685 3770 1741 3835 Ὀ
1799 3780 1972 3836 τοίνυν

322 3865 735 3943 μακαριώτατος
793 3865 1021 3940 Κλήμης
1082 3868 1188 3946 (ἐπ’
1262 3868 1421 3925 αὐτὸν
1464 3870 1566 3946 γάρ
1615 3870 1778 3944 μόνον
1823 3868 1971 3933 αὖθις

323 3957 419 4011 τὸν
472 3953 634 4034 λόγον
679 3955 1137 4036 ἐπαναγάγωμεν)
1193 3957 1332 4014 οὕτω
1395 3959 1633 4038 πάσχειν
1677 3956 1832 4034 ἐδίψα
1885 3957 1970 4014 διὰ

322 4046 578 4124 Χριστὸν,
627 4045 766 4102 ὥστε
812 4045 951 4120 μηδὲ
997 4045 1324 4124 ὀλιγωθῆναι
1370 4062 1493 4110 ταῖς
1542 4048 1821 4125 τιμωρίαις
1880 4050 1970 4105 τὸν

324 4135 525 4216 χρόνον
566 4134 709 4208 αὒτῷ
751 4135 852 4204 τῆς
893 4141 1039 4206 ζωῆς
1083 4135 1314 4218 ηὔχετο,
1349 4137 1488 4195 ἀλλά
1529 4135 1614 4194 διὰ
1644 4137 1829 4203 τέλους
1858 4155 1970 4196 πα-

325 4227 616 4303 ραταθῆναι
673 4225 738 4280 τᾶ
826 4223 1140 4302 σκάμματα,
1221 4228 1465 4284 Δέσποτα
1526 4228 1705 4308 Κύριε,
1767 4227 1965 4306 λέγων,

328 4314 460 4390 μόνε
503 4311 722 4389 βασιλεῦ
766 4320 870 4372 τῶν
917 4315 1144 4390 αἰώνων,
1192 4317 1270 4392 μὴ
1321 4317 1598 4395 ἀναγάγῃς
1650 4338 1716 4392 με
1753 4318 1806 4374 ἐν
1843 4318 1970 4392 ἠμί-

330 4424 410 4459 σει
453 4405 560 4459 τῶν
602 4404 820 4482 ἡμερῶν
855 4427 978 4485 μου,
1014 4419 1131 4468 τοῖς
1164 4410 1550 4482 καθημερινοϊς
1597 4408 1804 4471 τούτοις
1851 4429 1970 4463 κιν-

328 4490 504 4552 δύνοις
547 4491 986 4570 ἀπαγορεύσαντα
1023 4511 1039 4526 ⁰
1074 4494 1210 4555 ἀλλὰ
1244 4503 1530 4574 παράσχου
1556 4519 1654 4572 μοι
1687 4496 1762 4570 τῷ
1793 4498 1972 4574 ἀμαρ-

327 4580 490 4655 τωλῷ
535 4579 662 4658 παρ’
708 4580 844 4648 ὅλην
888 4605 988 4656 μου
1050 4584 1148 4650 τὴν
1180 4585 1326 4654 ζωῆν
1369 4586 1501 4663 ὑπὲρ
1531 4593 1624 4642 τοῦ
1652 4593 1745 4642 σοῦ
1771 4587 1971 4661 ὀνόμα-

326 4689 421 4732 τος
453 4668 544 4724 καὶ
583 4672 685 4736 τῆς
730 4673 830 4736 σῆς
865 4671 1153 4749 ὁμολογίας
1198 4673 1373 4728 πάντα
1432 4677 1651 4747 παθεῖν,
1697 4675 1784 4730 καὶ
1843 4675 1974 4733 αὒτά

331 4781 414 4817 σοι
451 4763 742 4817 καταθῦσαι
800 4763 866 4817 τὰ
911 4761 1076 4837 μέλη,
1123 4765 1196 4829 ὡς
1242 4761 1302 4820 ἃν
1335 4766 1469 4840 μετᾶ
1521 4764 1763 4830 πλείονος
1830 4767 1972 4822 ἀπο-

328 4845 480 4906 λάϐω
521 4848 684 4906 πάλιν
728 4851 862 4909 αὐτὰ
919 4857 1016 4919 τῆς
1062 4851 1472 4931 λαμπρότητος.
1509 4857 1686 4912 Ταῦτα
1739 4858 1874 4930 ὁμοῦ
1915 4877 1972 4911 τε

327 4935 550 5013 ηδξατο,
605 4941 692 4996 καὶ
734 4941 919 5020 φωνῆς
966 4941 1165 4999 ἄνωθεν
1209 4943 1402 5008 εὐθέως
1459 4943 1673 5000 ἀκούειν
1702 4944 1856 5018 ἐῷκει
1887 4962 1900 4975 °
1937 4946 1972 5012 ἡ

329 5029 481 5107 φωνὴ
511 5026 566 5084 δὲ
609 5029 674 5097 ῆν
709 5044 724 5060 ’
774 5028 950 5108 "Amp
980 5031 1196 5107 ᾐτήσω,
1247 5031 1472 5108 Κλήμη,
1504 5033 1589 5090 νῦν
1635 5032 1839 5090 δέδοταί
1866 5055 1976 5098 σοι,

330 5117 520 5199 ’Ὶσχυε
576 5120 666 5176 καὶ
723 5117 1038 5197 ἐνδυναμοῦ,
1099 5124 1188 5178 καὶ
1239 5124 1330 5180 τὸν
1362 5121 1558 5202 δρόμον
1588 5123 1756 5189 ὅντως
1812 5125 1978 5204 τρέχε

329 5210 421 5265 τὸν
483 5213 583 5276 τῆς
640 5207 919 5281 ἀθλήσεως
955 5228 969 5242 ⁸
1003 5213 1030 5266 ὁ
1063 5217 1168 5276 πᾶς
1200 5214 1301 5290 γάρ
1332 5235 1416 5270 σοι
1447 5218 1546 5280 τῆς
1574 5219 1717 5284 ζωῆς
1749 5214 1976 5271 ὑπόλοι-

333 5319 435 5362 πος
494 5299 720 5379 χρόνος,
768 5300 904 5375 μετά
947 5321 1009 5377 γε
1051 5306 1160 5357 τῶν
1202 5300 1306 5370 ἤδη
1337 5302 1406 5370 τῆ
1437 5302 1658 5373 ἀθλήσει
1690 5301 1976 5378 διηνυσμέ-

333 5409 437 5444 νων
482 5389 557 5453 είς
602 5389 747 5445 ὀκτὼ
789 5392 876 5446 καὶ
919 5389 1128 5446 εἴκοσιν
1191 5391 1285 5459 ἔτη
1315 5398 1393 5466 τῷ
1427 5393 1697 5472 μαρτυρίῳ
1739 5393 1977 5470 ἀριθμη-

327 5480 578 5551 θήσεται.

2048 2159 2120 2219 ad
2148 2176 2357 2236 preces
2380 2177 2515 2218 cum
2539 2157 2794 2234 genibus
2816 2159 3011 2237 ipsum
3030 2155 3704 2236 corquoqueinclinan-

2051 2259 2139 2308 tes
2174 2269 2185 2307 :
2222 2247 2473 2309 Domine
2495 2247 2636 2309 Jesu
2668 2245 3101 2326 Christe,Deus
3135 2255 3363 2318 noster,
3391 2242 3700 2319 dicebant,

2049 2344 2339 2414 quietiam
2363 2343 2522 2413 prius
2544 2360 2570 2397 a
2595 2357 2738 2414 quas
2753 2342 3221 2412 maristanquam
3245 2353 3477 2396 murum
3501 2337 3701 2397 ﬁrmas

2050 2425 2301 2488 effecisti
2329 2435 2388 2486 et
2419 2425 2755 2506 stabiles,et
2783 2443 2994 2506 aquam
3021 2442 3235 2485 rursus
3265 2420 3521 2485 eduxisti
3545 2439 3578 2483 e
3601 2439 3701 2502 pe-

2049 2524 2161 2592 tra;
2189 2515 2319 2596 ipse
2352 2534 2508 2577 nunc
2529 2533 2767 2595 quoque
2788 2533 2972 2595 super
2997 2533 3105 2575 nos
3135 2514 3395 2592 respice,
3430 2511 3696 2591 respice,

2051 2614 2325 2694 inquam,
2349 2632 2451 2675 rex
2493 2636 2504 2672 :
2538 2613 2708 2675 valde
2741 2613 2900 2675 enim
2929 2613 3097 2675 ardet
3129 2621 3332 2674 nostra
3381 2609 3603 2688 anima,
3638 2627 3698 2678 et

2053 2703 2427 2765 currimusin
2460 2703 2562 2764 siti
2595 2711 2772 2764 aestus
2803 2704 2862 2764 in
2909 2703 3040 2764 loco
3093 2703 3193 2783 qui
3227 2711 3316 2763 est
3345 2702 3476 2764 sine
3503 2702 3694 2784 aquis.

2051 2795 2134 2857 Te
2158 2803 2357 2856 autem
2391 2795 2909 2869 volente,omnino
2944 2803 2996 2856 et
3027 2802 3185 2856 terra
3217 2806 3468 2875 aqua,et
3488 2814 3700 2860 rursus

2049 2903 2205 2963 aqua
2228 2894 2386 2946 terra
2411 2883 2680 2948 ﬁet.Haec
2704 2894 2762 2944 et
2794 2884 3172 2964 dicebant,et
3195 2885 3402 2946 calidae
3427 2887 3702 2969 lacrymm

2053 2975 2137 3036 eis
2160 2974 2426 3036 ﬂuebant
2446 2992 2518 3036 ex
2544 2972 2912 3036 oculis.Cum
2939 2973 3140 3054 itaque
3158 2983 3522 3047 orassent,et
3554 2995 3698 3057 pro-

2050 3065 2209 3126 tinus
2243 3071 2303 3125 in
2335 3065 2554 3128 coelum
2589 3067 3025 3146 suspexissent,
3061 3083 3276 3146 purum
3311 3067 3613 3147 quoddam
3643 3077 3702 3128 et

2053 3155 2440 3234 perSpicuum
2472 3155 2760 3218 ﬂuentum
2795 3175 2863 3218 ex
2886 3155 2988 3217 illa
3009 3155 3178 3217 arida
3200 3162 3258 3216 et
3287 3155 3512 3219 inculta
3542 3165 3702 3219 terra

2056 3244 2372 3306 emittitur.
2422 3245 2508 3306 Ex
2541 3264 2658 3324 quo
2691 3263 2824 3305 cum
2877 3245 3194 3319 bibissent,
3252 3263 3384 3306 eam
3433 3265 3565 3326 quae
3596 3265 3701 3310 eos

2055 3333 2367 3413 premebat
2399 3333 2563 3395 sitim
2598 3333 2912 3397 sedarunt.

2135 3420 2542 3483 LXVlll.Cum
2565 3423 2744 3501 hujus
2759 3433 2959 3486 autem
2979 3424 3065 3484 rei
3085 3425 3242 3485 fama
3264 3424 3444 3486 etiam
3467 3424 3538 3485 ad
3567 3442 3696 3500 eos,

2052 3510 2159 3588 qui
2183 3512 2392 3587 procul
2415 3519 2586 3573 erant
2606 3512 2849 3587 remoti,
2861 3511 3322 3592 pervasisset,ad
3354 3512 3517 3594 ipsos
3547 3533 3699 3575 con-

2054 3599 2326 3663 ﬂuebant
2351 3601 2453 3680 qui
2476 3601 2869 3663 circumcirca
2889 3601 3328 3676 habitabant,et
3353 3621 3563 3682 magna
3583 3603 3699 3666 ho-

2056 3689 2283 3750 minum
2311 3689 2764 3770 multitudo.qui
2788 3691 2993 3752 multis
3016 3691 3269 3752 etvariis
3286 3691 3509 3754 morbis
3531 3710 3703 3755 vexa-

2059 3779 2298 3855 bantur,
2332 3777 2406 3840 ad
2433 3796 2537 3840 eos
2559 3778 3288 3842 adducebatur.Manuum
3315 3788 3514 3842 autem
3539 3781 3702 3843 solus

2055 3876 2368 3930 contactus
2417 3869 2527 3929 fuit
2555 3869 2883 3950 unicuique
2929 3868 3122 3930 morbi
3165 3870 3700 3936 medicamentum.

2055 3957 2442 4020 Beatissimus
2469 3976 2609 4034 ergo
2642 3959 2922 4021 Clemens
2957 3959 3050 4020 lad
3084 3959 3279 4040 ipsum
3315 3961 3474 4022 enim
3506 3961 3702 4022 solum

2051 4065 2266 4108 rursus
2310 4047 2633 4109 revertitur
2685 4048 2896 4129 oratio)
2952 4057 3198 4128 propter
3247 4047 3553 4112 Christum
3586 4050 3710 4130 pati

2053 4140 2198 4198 adeo
2221 4141 2541 4204 sitiebat,ut
2562 4156 2671 4198 nec
2702 4143 2832 4200 vita
2856 4143 3090 4214 quidem
3117 4157 3236 4199 suae
3257 4151 3482 4213 tempus
3505 4153 3700 4202 oraret

2056 4223 2243 4285 minui
2267 4224 2717 4304 suppliciis.sed
2745 4227 2878 4307 ejus
2899 4236 3070 4306 septa
3095 4227 3333 4288 extendi
3363 4234 3651 4306 perpetuo
3679 4245 3694 4288 :

2054 4311 2677 4394 Domine,dicens,qui
2701 4334 2766 4376 es
2785 4316 2954 4377 solus
2976 4333 3078 4378 rex
3103 4316 3572 4389 saeculorumme
3605 4335 3701 4378 me

2053 4401 2378 4465 abduxeris
2405 4403 2464 4463 in
2497 4403 2749 4465 dimidio
2781 4404 3012 4466 dierum
3039 4423 3336 4480 meorum,
3373 4406 3465 4467 his
3493 4406 3700 4486 quoti-

2057 4491 2255 4554 dianis
2288 4491 2590 4554 defessum
2627 4493 2911 4572 periculis
2939 4515 2952 4552 :
2978 4493 3083 4555 sed
3106 4493 3375 4575 praebeas
3399 4494 3548 4557 mihi
3567 4515 3701 4576 pec-

2001 4593 2034 4638 L‘
2058 4584 2245 4647 calori
2273 4601 2380 4664 per
2402 4592 2582 4645 totam
2608 4603 2738 4645 eam
2766 4584 2947 4647 vitam
2974 4586 3174 4647 omnia
3205 4589 3319 4668 pali
3347 4606 3454 4668 pro
3477 4596 3576 4650 tuo
3599 4607 3705 4650 no-

2057 4675 2218 4736 mine
2248 4683 2304 4735 et
2339 4682 2436 4735 tua
2467 4674 2870 4750 confessione,
2908 4683 2966 4735 et
2997 4675 3092 4736 vel
3125 4676 3254 4755 ipsa
3286 4675 3394 4737 tibi
3429 4677 3703 4740 membra

2057 4764 2419 4838 sacriﬁcare,
2457 4772 2520 4825 ut
2573 4783 2644 4826 ea
2700 4783 2912 4826 rursus
2968 4765 3260 4846 accipiam
3315 4786 3451 4828 cum
3488 4767 3701 4847 majori

2055 4854 2556 4935 splendore.Htec
2579 4853 2755 4915 simul
2777 4873 2846 4916 ac
2869 4863 3146 4934 precatus
3174 4856 3453 4936 est,visus
3476 4865 3565 4918 est
3584 4857 3698 4918 sibi

2061 4962 2265 5005 vocem
2286 4942 2496 5004 audire
2519 4961 2586 5004 ex
2612 4943 3069 5016 alto,dicentem
3097 4965 3110 5004 :
3137 4943 3279 5016 Quae
3302 4945 3699 5025 petiisti,Cle-

2063 5051 2256 5104 mens,
2294 5051 2362 5095 ea
2395 5051 2554 5094 nunc
2582 5031 2689 5094 tibi
2733 5034 2868 5094 data
2897 5031 3153 5096 sunt.’l‘e
3184 5033 3416 5096 fortiter
3443 5053 3608 5114 gere,
3642 5041 3702 5096 et

2061 5132 2191 5184 tuas
2208 5124 2363 5183 vires
2383 5122 2763 5195 conﬁrma,et
2784 5122 3133 5184 certaminis
3152 5141 3391 5184 cursum
3417 5132 3704 5186 constan-

2064 5221 2154 5274 ter
2182 5213 2433 5274 conﬁce.
2468 5209 2822 5273 Universum
2849 5213 3007 5273 enim
3033 5212 3188 5294 quod
3216 5211 3322 5274 tibi
3354 5223 3542 5275 restat
3573 5214 3705 5277 vitae

2064 5311 2322 5382 tempus,
2362 5319 2496 5363 cum
2532 5301 2629 5382 iis,
2657 5321 2789 5382 qua?
2821 5303 3105 5364 certando
3132 5304 3250 5381 jam
3283 5321 3314 5362 a
3347 5311 3405 5365 te
3434 5312 3704 5384 suntpe-

2061 5403 2245 5468 racta,
2281 5390 2700 5454 numerabitur
2720 5392 2792 5454 ad
2835 5392 3034 5472 viginti
3061 5400 3122 5455 et
3152 5399 3287 5455 octo
3317 5410 3508 5456 annos
3540 5409 3703 5458 mar-

2063 5481 2226 5563 tyrii.
