4006 6138
356 264 473 342 8⁸15
1641 265 1922 329 MENSIS
1973 265 2428 332 JANUARIUS.
3622 265 3747 334 876

358 404 828 479 transmitteret,
855 409 1143 486 praetextu
1175 398 1439 482 quidem,
1475 399 1630 480 quod
1665 409 1908 480 propter
1931 401 1988 462 in

2045 402 2370 478 Αβήματος,
2402 405 2435 470 ἥ
2493 402 2538 458 δ’
2573 403 2778 472 ἀληθὴς
2841 406 2978 462 αἰτία
3015 403 3196 482 ὅτιπερ
3253 406 3466 470 ἁπάσης
3523 404 3748 482 ἐπαγω-

359 491 596 572 signem
646 492 1035 573 impietatem,
1071 509 1146 552 ne
1199 488 1584 569 imperatoris
1615 489 1855 569 quidem
1915 509 1992 550 es-

2098 494 2203 569 γῆς
2247 493 2544 566 ἀνωτέρους
2593 495 2779 571 εὑρὼν,
2818 497 2904 550 καὶ
2957 497 3094 569 μήτε
3127 496 3336 572 ἀγαθῶν
3394 494 3750 570 ἐπαγγελίαις

356 591 490 644 sent
521 581 686 662 digni
722 581 1030 652 tribunali;
1068 597 1204 641 vera
1235 586 1434 641 autem
1469 597 1646 640 causa
1677 588 1825 655 erat,
1858 599 1992 660 quo<

2096 583 2493 661 ὑπαγομένους,
2529 587 2667 658 μήτε
2723 590 2902 640 κακῶν
2964 585 3246 664 ἐπιφοραῖς
3302 584 3748 660 καμπτομένους,

355 691 492 734 cum
529 690 635 734 eos
658 672 989 734 invenisset
1022 667 1303 733 omnibus
1335 687 1438 730 eos
1469 668 1796 730 inducendi
1825 671 1992 731 ratio-

2095 671 2254 729 ὤκνει
2317 677 2417 741 τὴν
2477 678 2550 736 είς
2611 675 2685 730 ἔτι
2732 677 2862 752 πρὸς
2925 679 3107 742 αὖτοὺς
3166 675 3509 751 συμπλοκὴν,
3544 677 3604 732 τὸ
3650 675 3744 730 εὖ·

351 762 530 824 nibus
565 780 930 843 superiores,
968 769 1024 822 et
1076 778 1272 840 neque
1304 759 1506 821 induci
1539 757 1831 820 bonorum
1869 778 1992 834 prn-

2096 764 2250 841 γενές
2312 769 2483 822 αὖτῶν
2543 767 2628 820 καὶ
2685 765 3045 822 ἀταπείνωτον
3099 773 3191 821 τοῦ
3241 769 3582 844 φρονήματος
3644 787 3742 820 τα-

351 852 764 928 missionibus,
831 870 1030 930 neque
1087 851 1249 913 ﬂecti
1313 850 1603 912 malorum
1667 849 1982 910 insultibus

2097 853 2310 910 πεινοῦν
2372 858 2512 929 αὖτῷ
2547 858 2645 921 τὴν
2702 853 2965 926 δόξανκαὶ
3023 856 3406 931 ὑποτέμνεσθαι
3441 856 3529 910 τὸν
3579 854 3746 932 ὄγκον

347 940 670 1004 verebatur
694 940 888 1002 adhuc
922 959 1134 1003 manus
1159 960 1292 1003 cum
1325 944 1413 1002 eis
1446 957 1792 1014 conserere,
1826 958 1992 1019 gene

2092 941 2484 1018 ὑπολαμϐάνων
2495 993 2506 1003 .

341 1047 573 1104 rosum,
599 1039 656 1093 et
685 1031 788 1112 qui
837 1029 1093 1113 deprimi
1128 1051 1248 1094 non
1281 1038 1540 1114 poterat,
1571 1048 1781 1092 eorum
1814 1030 2092 1110 spiritum
2145 1033 2276 1112 ejus
2309 1031 2651 1113 deprimere
2683 1033 2930 1114 gloriam
2985 1041 3045 1096 et
3072 1032 3294 1114 aliquid
3337 1034 3414 1095 de
3447 1033 3736 1112 magnitu-
3779 1044 3782 1047 '

343 1118 486 1184 dine
515 1119 841 1190 detrahere
870 1121 1244 1186 existimans.

1823 1279 2069 1346 CAPUT
2121 1281 2249 1346 XII.

1243 1447 1296 1510 Α
1329 1445 1702 1527 praesidibus
1729 1443 2056 1506 Sacerdote
2095 1452 2153 1506 et
2193 1443 2465 1509 Maximo
2507 1452 2814 1509 intentata

421 1621 677 1687 LXXIII.
711 1622 779 1685 Ei
805 1631 999 1686 autem
1032 1623 1120 1686 sic
1145 1620 1504 1684 deliberanti
1534 1619 1781 1681 aderant
1812 1615 1979 1678 multi

2145 1611 2270 1683 Ol".
2335 1620 2487 1678 Οὕτω
2543 1620 2596 1677 δὲ
2629 1625 2772 1696 αὒτῷ
2832 1623 3189 1696 σκεπτομένῳ
3233 1633 3479 1698 παρῆσαν
3541 1620 3735 1679 πολλοῖ

340 1727 572 1786 quoque
595 1715 691 1771 alii
713 1715 889 1773 simul
908 1716 1284 1787 magistratus
1299 1724 1351 1770 et
1374 1713 1749 1784 prasidesqui
1766 1725 1832 1767 ex
1850 1709 1992 1766 mul-

2074 1710 2173 1782 μὲν
2202 1710 2299 1766 καῖ
2332 1709 2485 1768 ἄλλοι
2538 1711 2799 1790 ἄρχοντες
2830 1711 2943 1785 ἅμα
2976 1715 3059 1768 καὶ
3097 1714 3359 1788 ἡγεμόνες
3395 1713 3454 1769 ὲκ
3505 1709 3729 1769 πολλῶν

334 1801 412 1857 tis
432 1810 828 1858 convenerant
851 1801 1191 1872 provinciis.
1226 1800 1380 1856 Inter
1407 1813 1553 1868 quos
1573 1808 1692 1854 erat
1719 1799 1888 1854 etiam
1911 1797 1988 1865 (4)
2075 1800 2409 1861 συνελθόντες
2442 1802 2744 1879 ἐπαρχιῶν·
2781 1801 2834 1857 ὲν
2866 1802 2920 1858 δὲ
2951 1801 3014 1870 δὴ
3044 1805 3134 1859 καὶ
3179 1801 3482 1875 Σακερδὼς,
3525 1801 3726 1879 ἐπιφα-

337 1882 646 1956 Sacerdos,
663 1888 767 1967 qui
791 1897 916 1950 erat
936 1887 1175 1968 quidem
1212 1885 1551 1967 principatu
1581 1882 1858 1961 insignis,
1883 1881 1988 1944 sed

337 1989 469 2042 erat
502 1982 678 2059 longe
700 1983 1004 2062 impietate
1036 1983 1345 2060 insignior,
1373 1989 1434 2042 et
1457 1979 1674 2040 multos
1695 1977 1987 2039 Christia-

339 2087 452 2132 nos
479 2071 684 2134 multis
714 2091 873 2152 saape
907 2082 962 2135 et
1001 2071 1179 2134 variis
1209 2071 1549 2150 subjecerat
1578 2068 1885 2149 supplicis.
1920 2067 1989 2129 Ei

341 2161 584 2222 mandat
615 2163 1010 2225 Maximianus
1058 2162 1456 2240 cognitionem
1491 2159 1566 2220 de
1604 2157 1985 2238 martyribus.

337 2250 481 2310 Cum
514 2259 710 2312 autem
750 2252 1148 2327 persuadendi
1176 2269 1388 2329 magna
1415 2251 1473 2310 vi
1496 2258 1656 2310 esset
1680 2249 1982 2328 praeditus,

334 2349 388 2399 et
413 2343 482 2399 ad
517 2343 842 2401 illiciendas
878 2347 1176 2401 hominum
1202 2354 1424 2400 mentes
1456 2343 1659 2399 ariis:
1684 2341 1973 2413 egregius,

2075 1800 2409 1861 συνελθόντες
2442 1802 2744 1880 ἐπαρχιῶν
2781 1801 2834 1857 ὲν
2866 1802 2920 1858 δὲ
2951 1801 3014 1870 δὴ
3044 1805 3134 1859 καὶ
3179 1801 3482 1875 Σακερδὼς,

2072 1891 2167 1956 νής
2214 1891 2310 1963 μὲν
2343 1890 2442 1957 τὴν
2485 1893 2803 1969 ἡγεμονίαν,
2839 1891 3251 1972 ἐπιφανέστερος
3298 1891 3352 1947 δὲ
3397 1889 3586 1964 πολλῴ
3630 1891 3729 1958 τὴν

2074 1979 2343 2051 ἀσέϐειαν,
2381 1982 2467 2035 καὶ
2501 1980 2726 2037 πολλοὺξ
2758 1983 2862 2037 τῶν
2895 1987 3223 2058 Χριστιανῶν
3256 1979 3486 2044 πολλαῖς
3509 1978 3730 2036 πολλά-

2074 2090 2156 2130 κις
2191 2071 2472 2147 τιμωρίαις
2496 2071 2586 2125 καὶ
2617 2069 2886 2132 ποικίλαις
2921 2069 3221 2127 ὀποϐαλών.
3258 2071 3437 2142 Τούτῳ
3462 2068 3727 2142 Μαξιμια-

2073 2159 2161 2222 νὸς
2217 2161 2283 2215 τὰ
2327 2161 2464 2218 κατὰ
2493 2164 2614 2222 τοὺς
2675 2162 2944 2237 μάρτυρας
3000 2160 3292 2236 ἐπιτρέπει·
3322 2159 3489 2224 δεινὸς
3533 2155 3588 2214 δὲ
3645 2157 3720 2215 ὢν

2071 2250 2158 2305 καὶ
2189 2265 2376 2306 πεῖσαι
2439 2251 2522 2304 καὶ
2552 2249 2850 2324 ὑποκλέψαι
2897 2251 3115 2326 γνώμας
3162 2248 3361 2327 ἀνδρῶν
3409 2248 3719 2304 πιθανώτασι

2066 2360 2178 2412 τος,
2216 2338 2394 2402 ἄλλως
2430 2361 2487 2396 τε
2547 2336 2600 2394 δὲ
2633 2341 2719 2395 καὶ
2763 2342 2884 2404 τοὺς
2929 2341 3032 2416 πρὸ
3066 2341 3226 2397 αὖτοῦ
3255 2337 3421 2404 δεῖξαι
3470 2336 3717 2416 φιλονει-

333 2439 392 2490 et
415 2428 637 2510 alioqui
672 2430 947 2492 studeret
968 2430 1310 2503 ostendere,
1337 2446 1441 2490 eos
1470 2427 1571 2508 qui
1592 2427 1789 2507 ipsum
1817 2445 1974 2505 prae-

2062 2427 2194 2500 κῶν,
2243 2431 2336 2484 οὒκ
2395 2431 2455 2484 ἒκ
2513 2433 2608 2495 τῆς
2669 2436 2776 2484 τῶν
2831 2431 3111 2507 μαρτύρων
3169 2427 3437 2504 ἀνδρείας,
3488 2424 3607 2482 ἀλλ’
3657 2427 3724 2482 ἐκ

330 2528 662 2600 cesserant,
698 2539 816 2581 non
849 2538 920 2582 ex
955 2529 1277 2600 martyrum
1312 2518 1499 2578 animi
1539 2516 1970 2593 magnitudine,

2059 2518 2157 2585 τῆς
2189 2519 2390 2574 ἑαυτῶν
2431 2517 2637 2591 μᾶλλον
2668 2518 2919 2595 ἀφελείας
2953 2525 3103 2592 νικᾷν
3153 2518 3374 2583 ἐκείνοις
3408 2539 3706 2596 παρασχοο

328 2608 432 2671 sed
461 2627 530 2670 ex
561 2627 666 2670 sua
698 2611 895 2690 potius
925 2609 1312 2690 simplicitate
1345 2608 1464 2668 illis
1491 2607 1816 2687 praabuisse
1849 2607 1970 2667 vic-

2062 2608 2278 2683 μὲνους,
2343 2609 2457 2663 ἐπεὶ
2521 2613 2611 2662 τοὺ
2677 2608 2922 2683 βήματος
2977 2607 3299 2686 προκαθίσας
3374 2608 3712 2682 παρέστησεν

326 2699 796 2775 toriam,sedens
817 2701 878 2760 in
904 2698 1190 2760 tribunali
1215 2697 1506 2769 etfecit,ut
1525 2695 1630 2756 viri
1655 2696 1737 2756 illi
1755 2697 1975 2774 egregii

2064 2696 2203 2769 αξιτῷ
2260 2698 2381 2760 τοὺς
2453 2703 2753 2772 γενδαίους,
2817 2700 3074 2762 ποικίλως
3146 2697 3333 2773 μετῄει
3405 2698 3504 2764 τὴν
3577 2699 3712 2773 πρὸς

329 2805 530 2848 coram
566 2806 630 2849 se
660 2788 1041 2869 sisterentur,
1077 2797 1135 2848 et
1178 2788 1335 2848 varie
1380 2805 1513 2848 cum
1550 2787 1634 2846 eis
1666 2789 1975 2847 det-crtare.

2062 2787 2246 2849 αὐτοὺς
2306 2784 2648 2860 συμπλοκήν
2697 2785 2812 2863 ἄρτι
2866 2789 2965 2861 μὲν
3022 2787 3282 2858 ἐπιεικείᾳ
3336 2789 3420 2842 καὶ
3478 2788 3708 2865 χρημά-

327 2885 418 2938 est
462 2895 802 2957 aggressus,
836 2877 1012 2938 modo
1045 2877 1287 2957 quidem
1340 2876 1589 2938 lenitate
1619 2885 1675 2935 et
1709 2880 1976 2953 pecuniae

2059 2897 2164 2930 των
2225 2875 2587 2955 ἐππαγγελίᾳ,
2661 2876 2776 2954 ἄρτι
2843 2876 2897 2932 δὲ
2970 2877 3226 2954 αὖστηρίᾳ
3297 2878 3385 2932 καὶ
3457 2877 3708 2953 πονηρῶν

323 2967 936 3048 promissione,modo
962 2985 1104 3028 vero
1137 2965 1461 3027 acerbitate
1480 2974 1538 3026 et
1568 2965 1748 3026 minis
1770 2984 1969 3026 rerum
1991 3009 1992 3020 χ

2057 2964 2278 3044 ἀπειλῇ,
2314 2976 2400 3024 νῦν
2443 2965 2718 3039 κολακείᾳ,
2753 2970 2840 3022 νῦν
2887 2968 3044 3044 ὀργῇ,
3082 2968 3176 3023 καί
3238 2965 3395 3023 τοῧτο
3423 2966 3523 3040 μὲν
3578 2967 3698 3021 πεί-

322 3057 638 3129 malarum,
677 3076 834 3118 nunc
869 3057 1198 3129 blanditiis,
1238 3075 1397 3116 nunc
1447 3055 1879 3131 indignatione,
1915 3068 1973 3117 et

2055 3077 2118 3133 ρᾳ
2149 3056 2254 3110 τῶν
2315 3054 2600 3134 ἀλγεινῶν,
2634 3062 2792 3112 τοῦτο
2837 3054 2891 3111 δὲ
2951 3057 3204 3131 θεραπείᾳ
3235 3059 3340 3112 τῶν
3397 3052 3692 3133 προλαϐόν-

321 3149 537 3226 partim
570 3147 814 3227 quidem
841 3165 1187 3227 asperarum
1213 3165 1414 3207 rerum
1441 3145 1970 3226 experientia,par-

2054 3166 2160 3200 των
2190 3147 2263 3209 ὡς
2296 3144 2356 3201 ἐκ
2409 3147 2696 3220 μετανοίας
2731 3146 3155 3224 προσγινομένῃ,
3193 3143 3343 3213 Πλὴν
3376 3144 3504 3200 ἀλλ’
3537 3148 3609 3208 ὡς
3644 3147 3706 3201 τὶ.

2052 3239 2266 3311 πρῶτον
2351 3234 2473 3297 τοὺς
2559 3235 2825 3313 μάρτυρας
2912 3237 3313 3311 παρεστήσατο,

321 3236 911 3317 timautemiis,quze
947 3234 1972 3317 praecesserant,adhibendomedi-
2052 3239 2266 3311 πρῶτον
2351 3234 2473 3297 τοὺς
2559 3235 2825 3313 μάρτυρας
2912 3237 3313 3311 παρεστήσατο,
3399 3234 3708 3314 Σακερδῶτι

317 3325 510 3388 cinam
547 3337 825 3407 tanquam
853 3346 923 3388 ex
957 3327 1333 3407 paenitentia.
1368 3329 1656 3388 Caeterum
1689 3343 1823 3385 cum
1856 3326 1969 3402 pri-

316 3435 481 3478 mum
507 3417 651 3480 fecit
681 3424 743 3478 ut
766 3417 1126 3478 sisterentur
1157 3426 1467 3495 martyres:
1495 3415 1963 3496 Adeste,inquit,

309 3505 384 3568 ad
412 3507 1008 3583 Sacerdotem,quem
1039 3507 1238 3567 nullus
1266 3506 1469 3582 cﬂ‘ugit
1491 3524 1560 3566 ex
1581 3505 1964 3582 Christianis,

309 3597 413 3678 qui
437 3599 692 3659 Pontum
721 3595 986 3657 habitant
1019 3607 1076 3656 et
1096 3595 1411 3659 Galatiam:
1449 3595 1553 3657 sed
1587 3594 1804 3656 multos
1829 3597 1962 3673 qui-

308 3686 445 3748 dem
475 3704 813 3765 persuasus,
849 3685 1183 3747 honoribus
1213 3686 1386 3746 affeci
1419 3694 1477 3745 et
1509 3684 1880 3759 muneribus,
1907 3693 1965 3746 et

306 3774 613 3854 diis,quod
640 3775 880 3853 quidem
918 3784 1005 3835 est
1033 3774 1356 3836 maximum
1390 3773 1768 3836 reconciliavi
1794 3785 1850 3835 et
1882 3775 1963 3837 ef-

305 3863 418 3925 feci
449 3863 821 3936 familiares;
859 3863 1078 3924 multos
1129 3882 1270 3924 vero
1301 3881 1375 3926 ex
1424 3863 1521 3936 iis,
1555 3864 1650 3942 qui
1680 3882 1799 3925 non
1851 3884 1958 3942 pa-

303 3959 579 4025 ruerunt,
607 3953 766 4014 ferro
799 3961 858 4013 et
880 3954 1014 4032 igne
1049 3953 1420 4033 consumpsi,
1449 3963 1506 4014 et
1538 3956 1712 4015 morti
1744 3955 1960 4024 tradidi

301 4043 732 4106 acerbissimae.
773 4040 879 4105 Cui
938 4042 1181 4123 quidem
1220 4061 1320 4103 vos
1351 4060 1590 4124 quoque
1650 4055 1950 4123 parentes,

299 4135 650 4206 sacrificate,
686 4142 744 4194 ut
781 4151 886 4212 pro
923 4132 1199 4212 portione
1231 4141 1314 4194 tot
1356 4132 1672 4208 malorum,
1708 4153 1838 4214 qua}
1871 4144 1954 4198 tot

295 4241 487 4285 annos
519 4223 816 4303 patimini,
843 4241 946 4282 vos
980 4222 1156 4284 bonis
1189 4222 1491 4284 fruamini.

2053 3325 2401 3402 παρίστασθε,
2436 3323 2606 3402 λέγει,
2642 3325 2701 3380 ’o‘v
2751 3323 2927 3390 οὗδεῖς
2989 3331 3320 3404 Χριστιανῶν
3349 3330 3455 3381 τῶν
3507 3347 3709 3382 κατομ-

2051 3415 2288 3471 κούντων
2352 3415 2553 3470 Πόντον
2600 3417 2688 3470 καὶ
2748 3415 3010 3472 Γαλατίαν
3069 3414 3334 3496 διέφυγεν
3384 3412 3523 3470 ἀλλά
3555 3415 3700 3472 πολ-

2050 3503 2171 3566 λοὺς
2233 3506 2332 3579 μὲν
2363 3506 2665 3568 πεισθέντος
2728 3506 2813 3561 καὶ
2844 3513 3017 3580 τιμῶν
3075 3505 3276 3574 ἠξίωσα
3308 3507 3398 3562 καὶ
3455 3503 3697 3583 δωρεῶν,

2047 3595 2135 3650 καὶ
2187 3598 2358 3667 θεοῖς,
2418 3595 2544 3672 τόγε
2606 3601 2821 3668 μεῖζον,
2883 3593 3191 3665 κατήλλαξα
3262 3595 3350 3650 καὶ
3420 3595 3696 3668 ᾧκείωσα’

2046 3682 2280 3748 πολλοὺς
2339 3682 2393 3739 δὲ
2422 3685 2527 3740 τῶν
2587 3685 2993 3751 ἀπειθησάντων
3039 3683 3168 3761 πυρῖ
3219 3681 3310 3739 καί
3346 3681 3549 3760 σιδήρῳ
3592 3684 3696 3740 ἀν-

2045 3771 2281 3843 αλώσας,
2331 3774 2418 3830 καὶ
2476 3773 2686 3846 θανάτῳ
2731 3771 2999 3852 παρέδοκα
3049 3773 3303 3854 χαλεπῷ·
3358 3773 3403 3847 ᾦ
3459 3795 3522 3850 γε
3566 3794 3690 3830 πει-

2044 3863 2256 3928 σθέντες
2307 3864 2391 3919 καὶ
2449 3861 2603 3920 αὐτοὶ
2663 3865 2878 3938 θύσατε,
2912 3867 2985 3928 ὡς
3038 3863 3100 3919 ἂν
3156 3861 3432 3941 ἀναλόγως
3487 3866 3562 3919 ῶν
3604 3863 3690 3922 ἐπὶ

2043 3955 2326 4018 τοσούτους
2372 3953 2602 4033 χρόνους
2632 3953 2900 4020 ὑπέστητε
2949 3957 3152 4027 κακῶν,
3189 3953 3400 4033 ἀγαθῶν
3443 3953 3689 4012 ἀπολαύ-

2040 4065 2207 4101 σοιτε.

352 4316 670 4374 LXXIV.Ad
699 4318 815 4372 haec
834 4318 1102 4405 dixerunt
1125 4316 1446 4385 sanctizoui
1469 4330 1576 4374 nos
1602 4331 1704 4388 pro
1725 4323 1950 4376 meritis
1972 4353 1992 4405 ι

2114 4323 2225 4376 ΟΔ,
2275 4313 2410 4393 Πρὸς
2446 4322 2610 4372 ταῦτα
2667 4315 2714 4371 οἱ
2745 4313 2915 4392 ἅγιοι·
2963 4317 3022 4372 Ὃ
3068 4311 3281 4388 μελλων
3313 4315 3457 4388 ἡμᾶς
3519 4314 3675 4380 ἀξίως

292 4412 881 4461 οειτριῐιιιοθτδιιπιιε
904 4411 954 4459 et
982 4403 1398 4466 honoraturus,
1424 4416 1508 4460 (ει
1529 4405 1809 4472 Christus,
1838 4410 1940 4479 qui
1973 4402 1992 4405 ”

2045 4402 2342 4460 ὶπείϐεσθαι
2414 4404 2502 4458 καὶ
2576 4410 2759 4479 τιμᾷν,
2839 4404 3063 4483 Χριστός
3135 4403 3306 4476 ἐστιν,
3376 4407 3532 4460 εἷπον
3616 4404 3672 4467 ὃς

292 4488 450 4550 dona
474 4487 654 4550 habet
688 4496 803 4548 tam
840 4487 1214 4568 excellentia,
1252 4500 1314 4548 ut
1345 4507 1421 4551 ne
1447 4490 1757 4569 condignae
1799 4492 1939 4570 qui-

2025 4494 2291 4561 τοσαύτην
2345 4493 2466 4572 ἕχει
2509 4494 2616 4550 τῶν
2662 4492 2873 4572 δωρεῶν
2926 4494 3024 4562 τὴν
3067 4489 3370 4568 ὑπερϐολὴν
3416 4495 3487 4556 ὡς
3531 4489 3666 4566 μηδέ

291 4582 429 4644 dem
456 4584 575 4644 sint
616 4583 794 4661 hujus
824 4583 1024 4645 saeculi
1058 4583 1365 4662 passiones
1395 4585 1464 4644 ad
1501 4584 1773 4661 gloriam,
1811 4607 1941 4666 quas

2045 4581 2141 4648 ἱξια
2200 4606 2292 4640 του
2350 4591 2435 4640 νῦν
2481 4591 2664 4659 καιροῦ
2710 4585 2776 4640 τὰ
2819 4586 3113 4658 παθήματα
3167 4582 3335 4658 εἶναι,
3399 4583 3524 4655 πρὸς
3567 4581 3665 4647 τὴν

289 4681 378 4734 est
402 4673 460 4734 in
482 4671 656 4734 nobis
672 4671 746 4734 ab
767 4672 896 4754 ipso
921 4673 1262 4734 revelanda.
1294 4672 1544 4754 Propter
1563 4693 1695 4753 quae
1717 4677 1937 4737 Sacer-

2045 4673 2325 4730 ιέλλοδσαν
2397 4676 2534 4748 ἡμῖν
2605 4672 3045 4754 ἀποκαλῡφθῆναι
3091 4669 3219 4750 παρ’
3281 4676 3441 4731 αὐτοῦ
3491 4670 3664 4738 δόξαν.

282 4761 391 4824 dos
411 4782 560 4843 quos
587 4762 726 4825 fecit
748 4763 1025 4825 similiter
1048 4764 1119 4825 iis
1138 4765 1235 4844 qui
1270 4774 1722 4845 praecesserant,
1750 4775 1810 4827 et
1833 4785 1936 4828 eos

2023 4761 2141 4842 Ἐφν

2223 4764 2314 4828 οἷς
2377 4764 2466 4820 καὶ
2527 4761 2808 4840 Σακερδὼς
2870 4775 2988 4826 τοῖς
3060 4759 3416 4840 προλαϐοῦσιν
3473 4764 3668 4838 ὁμοίως

275 4853 460 4932 jussit
481 4854 629 4915 caedi
653 4853 711 4914 in
733 4853 1026 4934 humeris,
1059 4853 1250 4916 donec
1280 4853 1366 4916 eis
1397 4853 1523 4934 ipsa
1573 4873 1710 4917 ossa
1743 4857 1938 4938 aperi-

2053 4854 2215 4932 ποίει,
2251 4854 2339 4909 καὶ
2369 4851 2570 4917 ξὲεσθαι
2619 4852 2806 4915 αὐτοὺς
2839 4853 2975 4908 κατὰ
3019 4857 3127 4909 τῶν
3175 4852 3341 4928 ὤμων
3400 4851 3663 4932 ἐκέλευεν,

278 4945 667 5006 rentur.Cum
693 4953 890 5004 autem
919 4942 1285 5023 martyribus
1307 4944 1623 5023 praasenlia
1651 4944 1931 5008 videren-

280 5039 378 5093 tur
418 5050 552 5094 esse
584 5032 761 5106 levia,
792 5033 967 5112 spina
992 5051 1231 5113 quoque
1263 5033 1538 5094 similiter
1565 5035 1928 5112 caedebatur,

279 5120 469 5184 donec
501 5141 534 5183 a
571 5122 968 5200 prmsentibus
997 5123 1187 5184 oculis
1222 5123 1346 5184 visa
1376 5135 1467 5185 est
1499 5125 1721 5186 ossium
1754 5146 1926 5188 com-

274 5212 582 5287 positio,et
605 5220 724 5273 tota
757 5213 1028 5274 dimensa
1060 5222 1150 5273 est
1171 5232 1458 5294 compago
1491 5215 1919 5278 vertebrarum.

275 5301 576 5364 Sacerdos
622 5321 732 5381 ego
775 5311 890 5363 tam
942 5321 1160 5365 misere
1216 5313 1275 5364 et
1327 5313 1443 5365 tam
1500 5305 1924 5369 miserabiliter

2020 4943 2178 5022 ἄχρις
2238 4944 2299 4998 ἃν
2345 4944 2433 4999 καὶ
2506 4942 2639 4999 αότὰ
2691 4942 3074 5022 ἐκκαλυφθεϊιν
3141 4947 3329 5006 αὐτοῖς
3400 4944 3468 4999 τὰ
3509 4944 3661 5005 ὀστᾶ.

2020 5039 2168 5092 Ἐπεὶ
2219 5036 2273 5090 δὲ
2306 5042 2477 5114 κοῦφα
2535 5047 2656 5097 τοῖς
2699 5033 2929 5110 μάρτυσι
2985 5033 3052 5091 τὰ
3083 5034 3320 5111 παρόντὰ
3381 5033 3546 5112 ἑώρα,
3581 5035 3662 5091 καὶ

2014 5127 2047 5194 ἡ
2108 5127 2267 5205 ῥάχις
2323 5137 2437 5187 τοῖς
2496 5124 2718 5198 ξεσμοϊς
2775 5125 2976 5198 ὁμοίως
3034 5121 3257 5203 ἐδίδοτο,
3291 5121 3392 5187 ἕως
3437 5123 3572 5193 αὐτή
3604 5144 3659 5180 τε

2007 5228 2126 5279 τοῖς
2172 5218 2427 5294 παροῦσιν
2493 5213 2795 5294 ὀφθαλμοῦς
2869 5216 2902 5281 ἡ
2965 5214 3204 5279 σύνθεσις
3277 5221 3386 5270 τῶν
3459 5213 3656 5270 ὀστέων

2005 5309 2186 5385 ὡράθη
2246 5307 2336 5364 καὶ
2365 5310 2509 5362 πᾶσα
2544 5304 2877 5384 διεμετρεῖτο
2936 5303 3040 5360 τῶν
3071 5301 3383 5361 σπονδύλων
3412 5306 3446 5371 ἡ
3478 5304 3653 5381 ἁρμο-

271 5389 460 5452 victus
507 5402 598 5452 est
647 5400 967 5474 martyrum
1018 5392 1385 5458 fortitudine.
1440 5394 1734 5468 Quocirca
1789 5415 1922 5477 quae

2045 5399 2099 5467 ή.
2177 5389 2232 5454 ι0
2285 5403 2406 5474 γοῦν
2468 5394 2746 5477 Σακερδὼς
2814 5394 2980 5455 οὕτως
3026 5391 3274 5458 ἐλεεινῶς
3316 5394 3402 5449 καὶ
3460 5391 3652 5457 ἀθλίως

349 5576 430 5652 (4)
463 5574 794 5652 Sacerdoti,
831 5579 1133 5658 Σακέρδων,
1167 5582 1228 5642 in
1276 5581 1483 5646 Graeco
1515 5603 1630 5648 ms.
1658 5588 2003 5668 appellatur
2037 5609 2052 5650 :
2087 5587 2428 5666 diciturque
2458 5581 2645 5647 fuisse
2673 5580 2916 5646 Galatiae
2947 5581 3285 5665 praefectus.
