4006 6138
341 207 458 274 883
1636 205 1920 270 MENSIS
1955 205 2419 270 JANUARIUS.
3613 197 3711 264 884

343 353 402 408 et
433 351 591 408 tanta
614 344 909 427 supplicia
933 343 1122 406 valida
1144 349 1349 406 essent
1369 343 1456 405 eis
1479 360 1752 423 corpora,
1791 361 1922 405 max

2134 348 2240 400 ὦτα
2285 341 2431 407 ὅπως
2505 343 2603 414 μὲν
2669 341 2880 416 εὔθυμοι
2925 339 3012 397 διὰ
3075 343 3303 419 Χριστὸν
3368 341 3463 394 καὶ
3526 335 3716 416 φαιδροὶ

347 453 474 499 mas
495 435 629 498 illas
651 436 855 517 plagas
875 435 992 497 cito
1015 431 1400 514 repellentia;
1425 452 1528 495 eos
1549 432 1728 494 veluti
1753 432 1929 513 impaI

2136 431 2385 510 μριῂεσαν,
2458 431 2606 498 ὅπως
2669 431 2724 488 δὲ
2771 433 2955 496 αὖτοῖς
3003 431 3086 487 ἐπὶ
3130 431 3435 492 τοσαύταις
3492 427 3591 502 ἄρα
3639 431 3718 484 καὶ

346 527 498 587 biles
519 527 922 588 existimantes
946 535 999 584 et
1025 525 1404 591 immortales,
1429 525 1510 582 illi
1538 540 1769 598 quoque
1793 540 1927 582 veru

2136 521 2420 588 ,λικαύταις
2484 523 2735 580 κολάσεσι
2782 524 2845 579 τὰ
2892 523 3118 598 σώματα
3160 521 3394 599 ἒῤῥωτο,
3446 519 3593 598 ταχὺ
3637 520 3718 580 τὰς

347 612 535 677 Deum
555 612 1018 683 confitebantur,
1055 618 1112 670 et
1158 608 1765 671 lmtiaccedebantad
1795 608 1929 690 piet:

2138 613 2398 679 ηκέστους
2442 613 2660 689 πληγὰς
2720 614 2925 677 ἐκείνας
2990 609 3367 690 ἀποϐαλόντα,
3417 611 3512 664 καὶ
3555 609 3720 681 ὥσπερ

347 711 490 766 tem.
526 706 668 767 Cum
701 701 787 764 sic
833 719 973 779 ergo
1005 699 1185 777 longe
1219 699 1430 762 fuisset
1463 698 1718 760 inferior
1747 699 1929 780 Aphrt

2140 705 2299 764 ταθεϊς
2353 705 2540 768 αὖτοὺς
2602 705 2698 760 καὶ
2763 705 3052 767 ἁθάνὶτους
3111 704 3254 758 εἶναι
3303 702 3581 774 οἰόμενοι.
3643 700 3722 754 τὸν

346 794 560 866 disius,
591 792 716 854 haec
757 789 1113 853 Maximiano
1152 807 1392 870 quoque
1414 789 1849 868 significantur.
1885 787 1928 848 ll

2141 797 2246 860 ηΘῆ
2301 793 2545 851 κᾶκεῐνοι
2618 796 2748 851 Θεὸν
2824 793 3163 871 ὡμολόγουν,
3234 793 3327 848 καὶ
3375 797 3451 867 τῇ
3497 786 3723 861 εὒσεϐείᾳ

346 891 542 945 autem
575 899 708 943 cum
765 897 935 960 spem
988 895 1230 938 omnem
1265 878 1585 959 abjecisset
1618 877 1928 939 mutationi

2140 883 2349 959 ιίροντες
2415 889 2806 960 προσετίθεντο.
2873 884 3053 948 Οὕτως
3115 884 3203 940 οὖν
3248 884 3342 939 καὶ
3391 877 3722 959 Ἀφροδισίου

344 979 548 1051 utpote
578 969 739 1052 quod
773 967 899 1031 fieri
951 984 1072 1029 non
1110 977 1336 1048 posset,
1377 976 1441 1029 ut
1491 988 1524 1030 a
1555 987 1662 1029 sua
1695 975 1926 1029 sentenl

2197 994 2209 1026 t
2293 973 2501 1042 πολλῆς
2586 974 2911 1044 ἡττηθέντος
2984 973 3316 1045 περιουσίας,
3412 970 3779 1044 Μαξιμιανῷ⁷

343 1061 806 1124 traducerentur
838 1066 1150 1139 martyres,
1188 1057 1447 1120 maxime
1481 1077 1616 1120 cum
1653 1077 1722 1119 ex
1755 1075 1827 1119 eo
1859 1057 1925 1138 pl

2146 1064 2161 1116 ὶ
2219 1069 2386 1118 ταῦτα
2439 1070 2516 1138 τῷ
2572 1063 2791 1140 βασιλεῖ
2856 1061 2989 1132 δῆλα
3034 1065 3252 1142 γίνεται,
3312 1053 3376 1117 Ὀ
3440 1058 3497 1114 δὲ
3564 1065 3724 1114 πᾶσαν

341 1169 439 1212 res
472 1151 543 1212 ad
579 1169 788 1213 eorum
813 1149 1194 1211 traherentur
1223 1147 1607 1230 pietatem,ad
1637 1156 1923 1229 perpetuu

2141 1149 2261 1208 πίδα
2334 1152 2639 1226 μεταϐολῆς
2710 1153 2997 1233 ἀπογνοὺς,
3077 1155 3151 1218 ὡς
3207 1150 3476 1208 ἀδύνατον
3539 1150 3598 1205 ὃν
3654 1149 3723 1206 ἔτι

345 1258 448 1302 eos
483 1240 848 1302 condemnat
881 1255 1222 1313 carcerem,
1257 1246 1322 1298 ut
1351 1256 1485 1300 cum
1520 1237 1858 1310 custodia,a
1880 1256 1927 1318 qi

2144 1245 2497 1310 ταπεισθῆιαι
2579 1244 2705 1307 τοὺς
2783 1243 3075 1321 μάρτυρας,
3151 1241 3331 1306 ἄλλως
3393 1262 3456 1297 τε
3522 1241 3610 1296 καὶ
3651 1238 3723 1295 ὅτι

343 1330 804 1410 nullotempore
854 1329 1059 1408 egredi
1113 1327 1350 1409 liceret,
1383 1327 1818 1402 extabuissent,
1846 1327 1925 1389 sic

2141 1331 2291 1398 ,είους
2348 1332 2556 1408 μᾶλλον
2613 1333 2848 1390 ἐντεῦθεν
2923 1336 3260 1389 ἐπισπῶνται
3306 1334 3450 1408 πρὸς
3496 1331 3598 1387 :1}.
3641 1329 3723 1386 εύ-

343 1421 459 1482 vita
493 1418 884 1493 excederent,
918 1417 1041 1480 Deo
1077 1417 1192 1479 hoc
1223 1419 1312 1480 eis
1340 1417 1925 1498 providente,utorat

2142 1419 2309 1496 ὄειαν,
2359 1420 2598 1490 διηνεκὲς
2643 1423 2832 1487 αὺτοῖς
2864 1425 3293 1503 καταψηφίζεται
3330 1419 3724 1496 δεσμωτήριον,

347 1508 678 1572 Clementis
707 1525 1060 1588 eum,quem
1095 1513 1226 1588 ipse
1257 1519 1538 1588 precatus
1567 1506 1782 1583 fuerat,
1812 1508 1929 1570 ﬁne

2191 1510 2250 1567 ἂν
2299 1514 2392 1568 τὸν
2450 1513 2662 1570 ἅπαντα
2721 1513 2922 1594 χρόνον
2965 1513 3034 1580 τῆ
3078 1511 3306 1586 ἁνεδόξῳ
3365 1511 3590 1592 φυλακῇ
3635 1531 3727 1565 κα·-

345 1601 677 1679 acciperet,
712 1604 770 1658 et
824 1604 1026 1659 essent
1054 1596 1143 1659 eis
1179 1599 1437 1677 majores
1470 1595 1748 1677 martyrii
1781 1614 1927 1658 rcmt

2148 1603 2526 1679 μαρανθέντες,
2602 1601 2744 1660 οὕτω
2811 1605 2909 1671 τὴν
2974 1603 3118 1674 ζωὴν
3178 1600 3558 1680 ὰποῤῥήξωσι,
3610 1604 3730 1654 Θεοῦ

347 1670 717 1751 nerationes.
1270 1670 1290 1677 ⁷
1633 1670 1652 1677 ⁷

2146 1693 2160 1747 ἱ
2217 1699 2384 1749 ταῦτα
2443 1695 2565 1767 περὶ
2641 1695 2829 1758 αὖτοὺς
2900 1684 3380 1768 οἶκονομουμὲνου,
3449 1690 3532 1744 ’ἶν’
3592 1689 3624 1756 ἢ
3680 1709 3728 1744 τε

348 1786 442 1835 τοῦ
497 1778 806 1855 Κλήμεντος
865 1775 1074 1852 δέησις,
1134 1779 1324 1834 ὁποῖον
1366 1777 1579 1840 ἐκεῖνος
1626 1774 1819 1843 ηὔξατο
1863 1775 2074 1846 δέξηται
2134 1781 2221 1838 καὶ
2266 1781 2456 1862 πέρας,
2513 1785 2599 1840 καὶ
2649 1783 2883 1858 μείζονες
2947 1783 3128 1843 αὗτοϊς
3191 1783 3238 1838 αί
3295 1788 3393 1839 τοῦ
3457 1779 3732 1856 μαρτυρίου

348 1867 564 1945 ἀμοίϐαἲ
594 1867 829 1946 γένωντα
842 1890 880 1925 ι.

1801 2088 2050 2156 CAPUT
2092 2089 2246 2156 XIV.

1396 2297 1468 2361 S.
1514 2297 1925 2380 Agathangeli
1965 2303 2342 2379 martyrium
2387 2303 2673 2384 Ancyra.

429 2488 674 2557 LXXXI.
701 2490 847 2555 Cum
882 2493 1058 2573 longo
1091 2510 1233 2572 ergo
1261 2500 1533 2574 tempore
1563 2494 1651 2555 sic
1670 2492 1884 2555 morati
1903 2511 1992 2556 es-

2158 2496 2290 2556 ΠΜ.
2338 2495 2510 2554 Πολὺ-θ
2540 2499 2712 2554 τοίνυν
2755 2497 2896 2555 οὕτω
2925 2501 2992 2575 τῇ
3036 2496 3249 2577 φυλακῇ
3283 2496 3486 2574 γρόνον
3519 2491 3709 2570 διατρι-

346 2588 481 2644 sent
510 2581 569 2642 in
601 2582 1079 2658 custodia,multi
1111 2582 1211 2644 alii
1242 2601 1312 2644 ex
1351 2581 1488 2664 piis,
1517 2582 1621 2662 qui
1645 2583 1927 2664 martyriu

2129 2587 2317 2668 ίντων,
2351 2586 2542 2644 πολλοὶ
2586 2590 2675 2645 καὶ
2720 2587 2872 2645 ἄλλοι
2920 2591 3025 2645 τῶν
3071 2583 3304 2643 εὐσεϐῶν
3356 2585 3574 2664 ὕστερον
3631 2592 3711 2642 τοῦ

349 2677 482 2750 post
510 2689 612 2733 eos
643 2672 1476 2750 lnchoaverant,acceperunt
1497 2678 1636 2733 ante
1665 2671 1831 2750 ipsos
1855 2691 1923 2734 co

2122 2679 2362 2753 αρτυρίου
2432 2676 2734 2757 ἀρξάμενον,
2806 2680 2908 2756 πρὸ
2969 2678 3140 2734 αὐτῶν
3187 2675 3437 2742 ἐδέξαντο
3479 2675 3573 2742 τήν
3626 2695 3704 2728 τε-

347 2761 838 2823 summationem.
873 2761 987 2833 Qui
1017 2767 1216 2822 autem
1250 2760 1580 2823 Clementis
1605 2769 1662 2822 et
1682 2761 1929 2841 Agathat

2121 2767 2316 2827 είωσιν.
2359 2770 2416 2826 Οἱ
2462 2771 2643 2842 μέντοι
2706 2768 2980 2844 Κλήμεντι
3041 2767 3135 2824 καί
3183 2765 3573 2845 Ἀγαθαγγέλῳ
3600 2776 3703 2826 τοῖς

347 2849 494 2938 geli,
557 2849 988 2938 praeclarorum
1033 2849 1392 2938 athletarum
1447 2849 1708 2931 pietatis,
1762 2860 1929 2913 erant

2113 2858 2338 2922 ενναίοις
2391 2856 2485 2925 τῆς
2544 2855 2812 2924 εὐσεϐείας
2871 2858 3205 2936 ἀγωνισταῖς
3259 2857 3560 2938 ἐφεστῶτες
3612 2855 3695 2908 ὑπὸ

348 2937 723 3028 Maximiano
763 2936 1025 3028 carceris
1080 2936 1381 3028 constituti
1418 2938 1720 3028 custodes,
1768 2939 1930 3003 defes

2107 2945 2406 3016 [αξιμιανοῠ
2491 2945 2916 3028 δεσμοφύλακες,
2990 2953 3058 3024 τῇ
3114 2936 3312 3023 πολλῇ-
3356 2947 3531 3021 ἐκείνῃ
3583 2943 3689 3021 περί

349 3027 628 3089 diuturna
661 3026 765 3089 illa
793 3027 1058 3089 carceris
1083 3027 1376 3102 custodia,
1412 3027 1504 3089 vix
1539 3027 1778 3090 tandem
1808 3048 1931 3093 acct

2112 3037 2194 3099 οὺς
2276 3036 2548 3116 μάρτυρας
2632 3026 2961 3101 ὀκλάσαντες
3035 3035 3351 3116 προσεδρείᾳ
3390 3084 3406 3116 ,
3469 3033 3565 3109 ὀψὲ
3617 3031 3694 3088 καὶ

351 3117 498 3180 dunt
526 3117 599 3178 ad
629 3116 1018 3180 Maximinum
1056 3115 1280 3208 (7),qui
1315 3125 1835 3208 tuncsusceperat
1869 3121 1933 3182 in

2113 3125 2308 3206 ραδέως
2367 3127 2614 3205 προσίασι
2695 3127 3034 3208 Μαξιμιανῷ,
3111 3135 3411 3193 τηνικαῦτα
3461 3129 3556 3190 τῆς
3611 3123 3695 3198 βπ·

352 3208 679 3290 perium,et
713 3214 924 3286 rogant
957 3205 1401 3288 ecquidjubeat
1431 3206 1506 3268 de
1532 3207 1630 3282 iis,
1665 3227 1810 3290 quos
1833 3229 1928 3270 mu

2113 3215 2273 3278 ιλείας
2331 3215 2744 3295 ὶπειλημμένῳ,
2804 3219 2916 3291 καὶ,
2971 3221 3029 3275 Τί
3079 3218 3196 3290 περὶ
3225 3219 3299 3272 ὧν
3345 3217 3433 3272 ἐπὶ
3491 3211 3695 3270 πολλοῖς

345 3298 420 3359 tis
451 3296 625 3359 annis
656 3305 864 3360 tenent
892 3297 1144 3386 vinctos,
1175 3295 1276 3386 qui
1307 3295 1662 3360 Christiana
1686 3307 1820 3360 sunt
1851 3299 1927 3362 rel

2117 3304 2173 3372 δη
2218 3306 2438 3386 χρόνοις
2487 3305 2686 3386 ἔχομεν
2728 3305 3043 3382 δεσμωτῶν,
3091 3312 3190 3372 τῆς
3236 3313 3342 3362 τῶν
3391 3305 3699 3382 Χριστιανῶν

344 3389 560 3468 gionis,
594 3390 692 3468 qui
748 3385 1080 3450 difficiliter
1113 3385 1474 3461 moriuntur,
1498 3387 1590 3450 vel
1623 3399 1759 3449 sunt
1795 3390 1926 3470 potil

2114 3385 2258 3452 ,των
2291 3385 2597 3476 θρησκείας,
2662 3393 2998 3454 δυσθανάτων
3073 3394 3286 3459 ἀληθῶς
3349 3396 3383 3463 ἢ
3441 3392 3696 3450 ἀθανάτων

345 3477 737 3540 immortales.
766 3477 863 3542 Sic
893 3478 1052 3540 enim
1089 3477 1479 3540 nominabant
1515 3477 1927 3562 beatos,propt

2117 3487 2373 3553 τιτάττεις
2407 3505 2423 3565 ς
2475 3486 2724 3565 ἠρώτων.
2779 3486 2931 3542 Οὕτω
2961 3486 3061 3564 γὰρ
3091 3487 3214 3548 τοὺς
3248 3483 3540 3557 μακαρίους
3570 3481 3699 3538 ὠνό-

344 3585 447 3628 rea
476 3569 632 3650 quod
666 3568 814 3630 mala
848 3566 1439 3647 sustinuissent,quae
1469 3567 1631 3631 ferre
1651 3587 1768 3629 non
1798 3576 1926 3650 pote

2119 3585 2243 3648 αζον
2296 3573 2380 3632 διὰ
2438 3577 2498 3631 τὸ
2570 3577 2734 3650 μείζω
2775 3573 2983 3655 φύσεως
3029 3575 3367 3652 ἀνθρωπίνης
3425 3575 3697 3646 ὑπομεῖναι

344 3658 604 3719 humana
662 3665 901 3720 natura.
946 3656 1305 3720 Maximinus
1377 3665 1575 3720 autem
1633 3677 1766 3719 cum
1824 3659 1926 3738 prii

2116 3669 2141 3724 Ξι
2183 3665 2426 3746 χαλεπά.
2465 3665 2791 3740 Μαξιμιανὸς
2842 3669 2929 3722 οὖν
2975 3664 3150 3720 πολλὰ
3197 3667 3318 3729 τους
3352 3666 3538 3720 ἑαυτού
3565 3659 3698 3720 θεοὺς

348 3747 662 3836 suosdeos
717 3747 921 3808 multis
983 3746 1308 3808 insectatus
1359 3747 1571 3809 fuisset
1630 3748 1930 3810 maledicti

2119 3757 2330 3836 ρότερον
2387 3755 2812 3834 βλασφημήσας,
2849 3754 2930 3811 ὅτι
2989 3756 3066 3822 μὴ
3125 3758 3222 3822 τῆς
3271 3756 3540 3832 παρούσης
3569 3752 3697 3821 ςωῆς

345 3835 504 3916 quod
537 3855 654 3897 non
689 3837 1028 3917 potuissent
1061 3844 1418 3915 praesentem
1476 3836 1602 3898 illis
1637 3838 1816 3900 vitam
1867 3841 1927 3900 ad

2118 3844 2435 3924 πτεξαγαγεϊν
2480 3845 2712 3909 ἐκείνους
2755 3844 3038 3919 ἠδύναντο,
3102 3845 3229 3901 εἶτα
3271 3846 3360 3900 καὶ
3407 3845 3502 3910 τὴν
3559 3837 3700 3894 πόλιν

350 3942 539 4000 mere,
564 3925 790 3987 deinde
816 3925 991 3988 etiam
1012 3925 1384 4006 quaesivisset
1413 3926 1488 3987 de
1521 3927 1851 3998 civilate,in
1877 3948 1932 4009 qt

2116 3960 2130 3990 θ
2184 3937 2220 4012 ᾗ
2263 3957 2319 3992 τε
2364 3937 2616 4014 γεγόνασι
2661 3937 2749 3992 καὶ
2807 3937 2923 3992 ὅθεν
2975 3935 3282 4013 ὥρμηνται,
3329 3932 3510 3990 καὶτὸ
3560 3929 3698 4005 γένος

348 4013 472 4075 nati
503 4024 560 4078 et
591 4034 662 4079 ex
695 4035 810 4098 qua
843 4015 1093 4096 profecti
1156 4015 1414 4091 fuerant,
1452 4024 1510 4078 et
1541 4017 1856 4096 cujusnam
1891 4036 1930 4078 e;

2119 4025 2256 4083 [τοῖοί
2296 4023 2441 4091 τινές
2500 4027 2632 4081 εἰσιν
2691 4025 3024 4105 ἐκζητήσας,
3068 4027 3154 4081 ἐπὶ
3227 4026 3468 4088 Γαλάτας
3528 4017 3701 4076 αὖτοὺς

349 4115 482 4169 sent
503 4108 905 4190 generis,cum
939 4126 1044 4170 eos
1067 4115 1123 4169 et
1145 4105 1379 4170 Galatas
1404 4127 1538 4170 esse
1568 4108 1931 4172 intellexisse

2117 4114 2220 4170 [ναι
2278 4114 2435 4189 μάθοι
2495 4115 2583 4170 καὶ
2654 4119 2752 4180 τῆς
2815 4113 3159 4192 Ἀγκυρανῶν
3215 4113 3454 4184 πόλεως,
3515 4106 3699 4176 Λουκίῳ

348 4205 409 4262 et
439 4217 507 4261 ex
568 4199 802 4263 civitate
859 4201 1207 4280 Ancyrana,
1268 4199 1342 4260 ad
1399 4200 1642 4262 Lucium
1679 4218 1785 4261 eos
1815 4200 1930 4261 mitl

2109 4204 2262 4266 ύτοὺς
2322 4202 2700 4270 ἐξαποστέλλει
2756 4211 2833 4278 τῷ
2899 4205 3178 4282 ἡγεμόνι·
3245 4205 3396 4264 οὗτος
3429 4203 3523 4280 γὰρ
3552 4218 3691 4263 "ﬁt"

350 4287 666 4368 praesidem
707 4308 721 4352 :
762 4291 808 4352 is
841 4289 1002 4351 enim
1037 4296 1178 4349 tunc
1204 4287 1259 4349 ei
1285 4297 1536 4370 praeerat
1568 4288 1654 4351 Ita
1685 4307 1932 4368 cognosc

2105 4300 2238 4351 αὕτα
2282 4298 2450 4360 αὐτῆς
2492 4296 2688 4374 ἦρχεν.
2759 4294 2908 4351 Οὕτω
2967 4294 3287 4372 γινώσκεται
3347 4295 3530 4371 Κύριος
3586 4285 3687 4362 χρία

349 4385 446 4439 tur
498 4379 786 4442 Dominus
838 4379 1067 4460 judicia
1097 4377 1346 4453 iaciens,
1382 4379 1482 4460 qui
1517 4391 1807 4460 martyres
1833 4397 1931 4460 qut

2099 4406 2217 4440 ιατα
2259 4384 2452 4459 ποιῶν,
2519 4382 2576 4446 ὅς
2621 4406 2684 4461 γε
2728 4383 2793 4451 δὴ
2837 4386 2926 4440 καὶ
2973 4384 3098 4445 τοὺς
3131 4385 3402 4462 μάρτυρας
3439 4381 3562 4459 μετᾶ
3601 4396 3681 4430 τ’)-

2150 4475 2162 4489 ,
2431 4476 2440 4489 ι
2579 4475 2596 4489 \
2716 4476 2726 4489 ι
3000 4473 3048 4489 Α,
3301 4481 3321 4489 ..
3389 4475 3402 4489 ι
3608 4465 3622 4489 1
3651 4486 3672 4489 κ-

349 4485 470 4550 que
501 4475 634 4549 post
666 4477 748 4530 tot
780 4477 836 4531 et
859 4478 1020 4532 tanta
1050 4467 1342 4551 pericula,
1379 4470 1429 4530 ei
1468 4487 1696 4543 rursus,
1729 4487 1862 4550 qua:
1885 4487 1931 4530 6t

2094 4475 2290 4536 τούτους
2353 4476 2444 4531 mi
2506 4475 2854 4541 τηλικούτους
2906 4473 3197 4546 κινδύνους,
3260 4481 3327 4550 τῇ
3385 4465 3676 4548 ἐνεγκαμένῃ

351 4557 584 4633 tulerat,
617 4557 691 4620 iis
719 4559 937 4640 quibus
969 4559 1098 4640 ipse
1129 4558 1294 4620 novit
1326 4559 1545 4634 modis,
1578 4558 1864 4620 restituit.
1896 4557 1933 4619 Il

2099 4563 2234 4620 πάλιν
2293 4565 2381 4629 οἷς
2425 4562 2542 4622 οἶδε
2585 4565 2802 4643 τρόποις
2848 4563 3004 4628 αὒτὸς
3072 4563 3413 4624 ἀποδίδωσιν.
3478 4562 3681 4618 Ἐκεῖνοι

349 4667 490 4730 ergo
517 4667 656 4712 cum
687 4648 890 4712 Tarsis
917 4650 1142 4730 egressi
1190 4657 1414 4726 essent,
1443 4649 1624 4712 alacri
1657 4648 1808 4730 pede
1839 4666 1931 4711 τοι

2097 4654 2161 4710 ιῦν
2219 4653 2337 4730 μετ’
2397 4655 2742 4736 εὐχαριστίας
2808 4654 3107 4731 ἀπάραντες
3165 4659 3266 4720 τῆς
3310 4652 3513 4734 Ταρσοῦ
3564 4668 3679 4723 προ·

349 4739 628 4802 fecerunt
659 4740 813 4802 viam
844 4759 974 4823 qua:
1007 4740 1120 4802 fert
1151 4739 1207 4804 in
1239 4740 1516 4822 patriam.
1550 4738 1694 4804 Cum
1731 4739 1926 4821 primu

2106 4746 2226 4819 ύμῳ
2267 4743 2388 4802 ποδὶ
2456 4745 2553 4814 τήν
2626 4744 2712 4801 ἐπὶ
2760 4745 2858 4813 τὴν
2915 4742 3140 4823 πατρίδα
3216 4744 3476 4825 φέρουσαν
3523 4738 3683 4807 ἤνυον.

347 4840 546 4894 autem
581 4830 857 4894 viderunt
883 4833 1204 4914 Ancyram,
1243 4830 1537 4893 sistuntur
1558 4848 1754 4892 coram
1791 4847 1929 4910 prazs

2103 4837 2241 4912 ῧμοῦ
2294 4834 2350 4891 δὲ
2389 4836 2487 4903 τὴν
2532 4834 2806 4915 ’Ἄγκυραν
2865 4832 3038 4909 εἶδον,
3087 4836 3176 4891 καὶ
3207 4837 3343 4909 ὁμοῦ
3372 4842 3446 4911 τῷ
3489 4825 3685 4909 ἡγεμόνι

349 4921 426 4984 de
455 4919 661 4986 Lucio.
696 4922 807 4986 ille
833 4941 973 4985 vero
998 4940 1132 4984 cum
1165 4939 1277 4986 nec
1310 4924 1398 4984 eis
1429 4921 1669 5003 quidem
1705 4919 1869 5001 prius
1893 4919 1931 4982 Ιι

2108 4926 2280 4999 ,ουκίῳ
2336 4927 2686 5005 παρίστανται
2724 4945 2736 4958 ·
2821 4927 2849 4981 ὃ
2923 4923 2977 4981 δέ
3037 4923 3175 5001 μηδὲ
3238 4925 3403 5004 λόγου
3458 4921 3690 5005 πρότερον

348 5012 568 5094 quendi
599 5014 842 5078 iecisset
877 5020 1405 5094 potestatem,tunc
1437 5030 1540 5074 eos
1563 5011 1804 5094 quidem
1839 5011 1928 5073 val

2112 5016 2260 5075 ὒτοϊς
2321 5003 2579 5090 μεταδοὺς
2657 5014 2776 5070 τότε
2864 5013 2962 5088 μὲν
3022 5013 3276 5092 ἀσφαλῶς
3323 5003 3387 5069 ἐν
3447 5018 3518 5085 τῷ
3574 5003 3690 5070 ξύλῬ

349 5093 426 5162 de
452 5098 710 5164 includit
737 5102 800 5164 in
830 5093 1014 5182 ligno,
1046 5101 1242 5184 lapide
1270 5102 1516 5181 utrique
1546 5093 1897 5180 alligato,ita
1928 5121 1931 5148 π

2111 5105 2265 5169 ὐτοὺς
2354 5103 2684 5178 κατακλείει,
2775 5102 2914 5160 λίθον
3002 5103 3256 5180 ἑκατέρου
3325 5102 3568 5172 ἐκδήσας,
3625 5093 3691 5184 f1):

347 5208 459 5254 nec
511 5191 624 5274 ipsi
685 5181 928 5274 quidem
989 5181 1234 5274 possent
1292 5192 1538 5254 omnino
1573 5191 1822 5269 moveri,
1876 5211 1929 5254 nt

2099 5193 2212 5262 ιηδὲ
2237 5197 2500 5252 κινεῖσθαι
2535 5194 2675 5258 ὅλως
2706 5193 2918 5268 αὐτοὺς,
2957 5191 3091 5269 μηδὲ
3126 5193 3421 5249 ἀποτείνειν
3451 5191 3509 5248 τὰ
3541 5181 3681 5244 σκέλη

348 5297 522 5343 crura
552 5282 896 5345 extendere.

755 5282 896 5345 lere.
2069 5283 2337 5344 δύνασθαι.

421 5448 795 5530 (7.)”Slnnon
857 5465 1009 5530 anno
1075 5451 1282 5510 ultimo
1342 5451 1983 5530 ἰαιβοῖ-11-Ιηριξιθιίειιὶ3
2068 5452 2215 5530 alias
2270 5452 2781 5530 disputatum)._is
2833 5443 3683 5530 Galeriiuuaximianiquintqs

345 5519 557 5583 Christi
617 5519 745 5587 30t,
807 5523 984 5582 occisi
1045 5532 1179 5579 sunt
1239 5519 1447 5588 sancti,
1506 5525 1606 5580 sed
1657 5523 1760 5580 309
1809 5525 1986 5595 (quod
2071 5525 2193 5589 fuit,
2232 5519 2403 5596 quem
2463 5519 2644 5584 multi
2681 5524 3016 5585 Graecorum
3070 5523 3444 5582 Maximinum
3476 5519 3672 5573 vocant.
