4006 6138
307 274 493 342 885
1421 271 1610 339 VITA
1661 270 1724 337 S.
1768 269 1987 335 CLEMJ

2086 267 2212 333 TIS
2270 265 2696 333 ANGYRANI.
3627 259 3747 330 886

447 401 590 478 118⁸,
651 413 762 479 Τῆς
792 409 849 469 δὲ
886 407 1139 478 ἰπιούσης
1174 407 1659 485 μεταστειλάμενος
1690 409 1780 467 τὸν
1841 412 1986 490 Αγαθ

2182 405 2463 471 LXXXlI.
2490 405 2777 490 Sequenti
2796 411 2993 468 autem
3017 403 3116 468 die
3135 402 3426 467 accersito
3451 403 3743 485 Agathan-

308 502 626 579 ἄγγελον,
678 499 817 560 Οἶδα
873 500 1057 581 φησὶν,
1105 500 1178 562 ὠς
1238 503 1297 559 0-5
1355 497 1442 555 διὰ
1498 500 1843 578 κακουργίαν,
1878 498 1987 559 ἂλλι

2096 496 2225 575 gelo
2254 521 2266 556 :
2304 495 2467 572 Scio,
2501 497 2714 579 inquit,
2749 494 2909 577 quod
2961 513 3081 556 non
3113 500 3357 574 propter
3384 493 3741 574 improbita-

308 593 559 673 ψυχῆς
623 589 870 649 εὐκολίαν
926 592 1011 646 καὶ
1072 581 1266 666 τρόπον
1321 587 1628 661 ἁπλότητα,
1688 588 1854 652 οὕτως
1916 590 1987 645 ὅπη

2096 587 2352 661 tem,sed
2385 596 2632 668 propter
2655 586 2839 648 animi
2865 585 3207 647 facilitatem
3242 591 3300 646 et
3331 601 3561 673 morum
3585 583 3739 647 sim-

306 672 479 742 =03
506 683 759 752 συνήθους
791 680 1071 749 ἧπάτησαι
1121 680 1456 758 Κλήμεντος,
1490 679 1631 737 ὥστε
1689 679 1776 736 καὶ
1833 677 1984 737 δοκεῖ

2099 675 2445 755 plicitatem,
2481 677 2767 757 deceptus
2798 694 2862 738 es
2891 694 2924 736 a
2974 683 3070 737 tuo
3101 673 3375 736 familiari
3406 672 3737 740 Clemente.

304 785 480 834 τοῖς
519 770 751 835 πολλοῖς
811 768 1023 828 οἴκοθεν
1075 767 1225 848 ἔχειν
1291 770 1352 825 τὸ
1381 768 1499 825 λίαν
1552 769 1874 850 φιλόνεικον·
1923 791 1987 826 κα

2095 764 2389 838 Quocirca
2424 766 2645 828 videris
2682 766 2883 829 multis
2915 764 3136 827 habere
3180 765 3448 826 innatum
3486 762 3739 827 nimium

305 862 669 937 Europanis»
730 857 904 939 οὒδὲν,
938 860 983 916 εἰ
1026 858 1202 939 φαύλη
1257 860 1510 929 συνήθεια
1543 868 1726 940 χρόνῳ
1772 860 1987 936 καθάπει

2094 856 2495 918 contendendi
2539 856 2829 921 studium.
2883 854 3021 937 Νοῐι
3046 865 3134 917 est
3187 864 3381 916 autem
3417 854 3656 930 mirum,
3691 854 3743 919 i

312 971 439 1018 τις
503 952 658 1016 νόσος
717 949 1106 1026 ἑνσκιρωθεῖσα
1171 946 1480 1023 μεταϐολὴν
1539 950 1821 1027 εἰργάσατο
1863 949 1987 1028 γύώ·

2096 945 2249 1006 mala
2272 946 2663 1015 consuetudo.
2690 965 2823 1022 qua;
2849 945 3025 1007 veluti
3060 942 3305 1006 morbus
3327 942 3572 1024 quidam
3593 952 3740 1006 tem-

322 1061 500 1117 μτδς·
565 1042 681 1099 ἐπεὶ
713 1041 802 1097 καὶ
858 1039 998 1118 ῥανὶς
1042 1037 1231 1103 ὕδατος
1287 1037 1588 1117 ὶνδελεγῶς
1632 1038 1984 1111 ἑπιστάζουσα

2098 1054 2241 1117 pore
2270 1035 2489 1098 callum
2524 1035 2793 1117 obduxit,
2825 1035 3135 1098 mutaverit
3164 1033 3545 1096 sententiam.
3583 1034 3735 1098 Nam

320 1137 452 1188 κεεὶ
525 1133 726 1209 πέτραν
802 1128 975 1203 οἶδεν,
1047 1132 1121 1193 ὼς
1196 1127 1385 1208 λόγος,
1462 1127 1769 1190 κοιλαίνειν,
1846 1127 1987 1185 Ἀλλι

2096 1133 2263 1205 gutta
2311 1144 2555 1207 quoque
2608 1143 2778 1206 aqua:
2834 1124 3075 1188 assidue
3134 1123 3449 1196 distillans,
3507 1135 3736 1204 petram

323 1229 520 1280 τοῦτο
578 1221 642 1291 δή
699 1243 795 1278 σου
863 1221 923 1276 τὸ
999 1219 1258 1293 εὐπειθὲς,
1332 1218 1725 1300 Ἀγαθιίγγελε,
1792 1221 2013 1298 χάρισαί

329 1332 500 1369 ποτε
528 1312 616 1368 καὶ
663 1312 824 1386 ἡμῖν,
858 1307 1044 1383 πολλῷ
1102 1307 1534 1388 λυσιτελέστερόν
1564 1330 1621 1365 τε
1651 1308 1747 1366 καί
1799 1307 2010 1366 δικαιό-

333 1421 543 1474 τερον,
582 1398 811 1479 ἅγγελος
863 1401 1002 1474 ἡμῖν
1045 1399 1241 1475 ἀγαθὸς
1299 1399 1434 1455 κατά
1464 1399 1562 1468 τὴν
1591 1398 1785 1466 κλῆσιν
1831 1401 2007 1479 γενοῦ,

337 1491 469 1559 τὴν
553 1493 748 1548 οἰκείαν
820 1490 1035 1565 μηνύων
1120 1488 1444 1569 ἐπιστροφήν
1527 1489 1623 1546 καί
1706 1488 2009 1565 μετάνοιαν.

346 1583 512 1659 Πρὸς
558 1587 722 1639 ταῦτα
790 1583 816 1637 ὁ
872 1577 1288 1659 Ἀγαθάγγελος·
1352 1578 1515 1655 Ἐμοΐ
1571 1580 1672 1647 τὴν
1740 1578 2010 1653 ἕσκτασιν,

348 1669 498 1751 ἔφη,
534 1672 733 1736 ταύτην
779 1668 888 1728 οὔτ’
942 1668 1221 1746 εὖκολογία
1276 1669 1526 1746 γνώμης,
1561 1668 1676 1726 οὔτε
1724 1670 2014 1747 κακουργία

2096 1235 2332 1297 quoque
2363 1215 2474 1279 scit
2500 1234 2736 1291 cavare,
2773 1221 2836 1277 ut
2864 1216 3104 1279 dicitur.
3139 1212 3253 1277 Sed
3284 1214 3438 1276 hanc
3469 1220 3627 1275 tuam
3660 1213 3735 1278 ad

2098 1324 2324 1367 morem
2380 1306 2708 1386 gerendum
2761 1305 3103 1368 facilitatem
3137 1302 3310 1366 nobis
3354 1320 3592 1385 quoque
3620 1304 3734 1367 ali-

2097 1395 2332 1475 quando
2377 1394 2663 1469 concede,
2698 1393 3128 1475 Agathangele,
3155 1392 3459 1456 utiliorem
3509 1402 3569 1455 et
3603 1394 3735 1474 jus-

2099 1485 2405 1558 tiorem,et
2426 1485 2854 1547 convenienter
2878 1495 2977 1547 tuo
3002 1483 3230 1545 nomini
3251 1482 3334 1544 sis
3354 1482 3527 1545 nobis
3542 1483 3735 1548 bonus

2097 1575 2364 1647 nuntius,
2402 1573 2681 1636 nuntians
2712 1572 3164 1636 conversionem
3197 1570 3496 1653 propriam
3529 1579 3586 1633 et
3616 1589 3737 1653 pce-

2098 1663 2430 1726 nitt‘ntiam.
2466 1664 2556 1726 Ad
2610 1665 2734 1726 haec
2781 1661 3266 1743 Agathangelus:
3318 1661 3486 1735 Mihi,
3518 1661 3730 1742 inquit,

348 1750 690 1830 πεποὶηκεν,
756 1757 876 1816 ἀλλ’
937 1759 1017 1815 ὅτι
1074 1758 1172 1833 μὲν
1231 1760 1313 1839 ού-
1346 1760 1659 1839 κακουργία,
1710 1760 1797 1815 καὶ
1853 1760 1987 1818 αὐτὸ.

2094 1752 2247 1816 hanc
2305 1754 2701 1816 constantiam
2754 1772 2865 1816 nec
2907 1751 3093 1816 animi
3133 1751 3276 1814 fecit
3320 1750 3592 1827 facilitas,
3624 1770 3734 1815 nec

346 1849 472 1920 ἤδη
536 1855 737 1930 φθασας
796 1832 1233 1926 διωμολόγησας.
1293 1832 1407 1906 “οτι
1458 1832 1526 1905 δὲ’
1561 1832 1728 1905 ⁷’πάλιν
1774 1847 1890 1905 οὒόὲ
1946 1850 2007 1906 τὸ

345 1953 483 2004 τοῖς
551 1946 804 2018 τυχοῦσιν
868 1938 1102 1999 εὐκόλως
1168 1937 1455 2009 πείθεσθαι,
1521 1935 1685 2005 δῆλον
1744 1936 2001 1996 ἐντεῦθεν·

347 2030 478 2093 πῶς
538 2030 638 2108 γὰρ
700 2028 761 2085 ἂν
822 2029 955 2106 πρὸς
1025 2028 1312 2093 τοσούτους
1383 2028 1650 2109 ἀντέσχον
1704 2029 2001 2109 ἡγεμόνας,

347 2118 437 2177 ἔτι
483 2116 658 2176 δὲκαὶ
715 2119 872 2175 αύτὸν
923 2117 1145 2194 βασιλέα
1177 2116 1235 2174 οἳ
1291 2117 1355 2193 μὲ
1417 2119 1506 2175 καὶ
1555 2121 1647 2175 σὺν
1676 2118 1789 2193 ἅμα
1852 2118 2002 2191 Κλή-

348 2231 534 2286 μεντι,
596 2210 684 2266 καὶ
740 2208 841 2280 ἰδίᾳ
903 2206 1064 2268 πάλιν
1143 2205 1509 2272 ἀπολαϐόντες
1575 2208 1822 2285 οὒδεμιᾶς
1889 2209 2002 2268 ἀπ-

347 2300 591 2380 έσχοντο
665 2302 949 2378 μηχανῆς,
996 2295 1134 2354 ἀλλά
1195 2299 1278 2355 καὶ
1331 2298 1659 2379 ὑποσχέσεσι
1730 2297 1999 2362 δελεάσαι,

347 2392 441 2447 καὶ
497 2386 753 2451 ἀπειλαῖς
813 2384 1178 2462 καταπλῆξαι,
1224 2387 1320 2444 καί
1382 2388 1632 2447 κολάσεσι
1677 2403 2002 2465 μεταπεῖσαι

352 2481 488 2559 πρὸς
551 2480 669 2555 βῖαν
703 2476 966 2537 ἔσπευσαν
1002 2499 1017 2547 ς
1078 2479 1223 2548 Φῆτέ
1256 2480 1344 2536 οὖν
1401 2479 1670 2560 axon“:
1704 2482 1842 2556 μήτε
1894 2503 2002 2539 ἀ’

355 2570 627 2649 κουργίαν,
663 2566 802 2624 ἀλλά
855 2567 1044 2646 σοφίαν
1098 2566 1307 2642 μᾶλλον
1362 2570 1450 2626 καὶ
1492 2569 1730 2649 ἀνδρείαν
1770 2572 2002 2647 ἀνόμαζε

355 2659 424 2716 τὰ
495 2664 729 2716 τοιαῦτα·
792 2657 979 2738 σοφίαν
1036 2657 1157 2734 μὲν,
1212 2660 1248 2735 ᾗ
1304 2658 1411 2716 τῶν
1464 2660 1824 2741 φθειρομένων
1871 2661 1999 2717 τού-

358 2771 469 2805 των
541 2748 604 2805 τά
656 2749 859 2804 ἑστῶτα
936 2748 1024 2804 καὶ
1104 2747 1331 2822 μένοντα
1423 2750 1836 2830 προαιρούμεθα,
1912 2750 1999 2806 καὶ

360 2838 479 2901 τοὺς
544 2835 750 2913 ψευδεῖς
780 2838 928 2911 ὑμῶν
988 2837 1138 2902 θεοὺς
1181 2839 1269 2894 καὶ
1313 2835 1595 2909 κιϐδήλους
1654 2839 1996 2920 ἀποστρεφό-

356 2948 531 3001 μενοι,
568 2933 640 3001 τῷ
669 2929 826 2998 ζῶντι
860 2926 1006 3000 μόνῳ
1036 2929 1124 2984 καὶ
1156 2926 1352 2995 ἀληθεῖ
1407 2935 1523 3003 Θεῷ
1555 2929 1992 3011 προσανέχομεν,

351 3015 589 3094 ἀνδρείαν
647 3014 726 3089 δὲ,
760 3014 827 3071 δι’
870 3018 938 3083 ἧς
991 3016 1330 3083 τηλικούτοις
1374 3020 1505 3094 ὑπὲρ
1537 3026 1766 3098 Χριστοῦ
1814 3019 1992 3078 κινδύ-

2091 1842 2591 1926 improliitas.Sed
2614 1844 2774 1926 quod
2802 1863 2919 1906 non
2944 1841 3293 1924 improbitas
3319 1841 3585 1923 quidem,
3606 1842 3734 1924 ipse

2093 1935 2258 2015 prius
2283 1953 2347 1997 es
2370 1934 2882 2008 confessus.Quod
2897 1944 3094 1997 autem
3121 1950 3328 1996 rursus
3349 1950 3460 1993 nec
3486 1931 3732 2009 quibus-

2091 2024 2236 2087 libet
2282 2024 2453 2087 facile
2485 2044 2751 2106 paream,
2786 2026 2923 2087 hinc
2952 2035 3044 2087 est
3070 2030 3391 2105 apertum:
3430 2018 3729 2103 quomodo

2089 2116 2245 2178 enim
2295 2124 2410 2177 tam
2477 2115 2674 2177 multis
2730 2113 3086 2177 restitissem
3140 2112 3517 2196 praesidibus,
3552 2121 3729 2194 atque

2089 2204 2242 2267 adeo
2292 2206 2403 2285 ipsi
2435 2206 2617 2270 etiam
2663 2205 3032 2285 imperatori,
3064 2208 3163 2285 qui
3196 2222 3330 2266 cum
3379 2221 3477 2264 me
3505 2211 3564 2264 et
3593 2221 3729 2265 cum

2088 2293 2396 2358 Clemente
2437 2303 2501 2358 et
2524 2314 2792 2358 seorsum
2841 2313 3048 2357 rursus
3075 2295 3474 2375 accepissent,
3506 2292 3728 2356 nullam

2088 2402 2205 2446 non
2238 2385 2569 2448 adhibuere
2592 2384 2946 2458 machinam,
2981 2383 3085 2445 sed
3124 2392 3187 2445 et
3219 2382 3530 2462 promissis
3559 2383 3728 2446 ines-

2088 2493 2245 2548 care,
2275 2484 2333 2536 ct
2355 2474 2533 2536 minis
2564 2482 2924 2557 perterrere,
2948 2481 3007 2536 et
3028 2471 3341 2555 suppliciis
3370 2473 3565 2535 conati
3590 2481 3731 2538 sunt

2089 2567 2146 2626 in
2178 2564 2353 2627 aliam
2388 2564 2705 2628 traducere
2728 2563 3109 2627 sententiam.
3136 2564 3347 2644 Neque
3376 2580 3520 2642 ergo
3543 2564 3726 2629 facili-

2086 2663 2493 2736 tatem,neque
2523 2653 2988 2735 improbitatem,
3014 2652 3117 2715 sed
3145 2652 3495 2735 sapientiam
3531 2653 3727 2734 potius

2081 2758 2140 2807 et
2169 2745 2355 2807 animi
2398 2743 2810 2807 fortitudinem
2843 2744 2971 2806 haec
3010 2743 3329 2807 nomines:
3364 2742 3720 2824 sapientiam

2078 2834 2347 2917 quidem,
2381 2854 2497 2913 qua
2518 2834 2593 2896 iis
2622 2852 2756 2917 quae
2776 2835 3079 2895 intereunt
3107 2840 3163 2895 et
3191 2832 3308 2895 cito
3331 2832 3550 2910 fluunt,
3576 2853 3722 2914 prae.

2075 2925 2323 2987 ferimus
2351 2944 2420 2988 ea
2452 2944 2586 3007 qua:
2610 2932 2769 2987 stant
2793 2932 2853 2986 et
2881 2932 3145 3000 manent;
3168 2922 3472 3003 falsosque
3492 2934 3723 2988 vestros

2076 3014 2222 3077 deos
2241 3027 2295 3077 et
2319 3016 2688 3078 adulterinos
2715 3013 3281 3089 aversantes,solum
3315 3033 3500 3076 unum
3532 3013 3721 3079 Deum

346 3129 453 3169 νοις
505 3104 911 3181 διαπαλαίοιςεν,
958 3108 1045 3163 καὶ
1104 3106 1281 3184 ὥσπερ
1324 3107 1489 3164 ὕπνου
1545 3111 1687 3174 τινὸς
1747 3117 1841 3167 τοῦ
1895 3114 1987 3168 θα·

2078 3114 2131 3166 et
2184 3125 2388 3168 verum
2442 3105 2850 3168 attendimus:
2904 3104 3310 3167 fortitudinem
3361 3112 3723 3187 autem,per

346 3198 508 3267 νήτου
577 3203 1031 3275 κοταιρρονοῦμεν,
1109 3195 1239 3253 Οὔτε
1308 3198 1399 3255 οὖν
1461 3198 1690 3272 Κλήμης
1751 3199 1891 3257 ἐστὶν
1961 3203 1987 3257 ὁ

340 3287 536 3343 πείθων
596 3285 716 3361 ἐμὲ,
788 3284 929 3343 ἀλλά
1005 3288 1230 3363 Χριστὸς
1289 3286 1425 3345 πολὺ
1495 3289 1748 3367 πρότερον
1822 3292 1849 3346 ὁ
1907 3288 1991 3348 διά

343 3375 657 3451 Κλήμεντος
734 3397 799 3449 με
862 3374 1386 3452 προσκαλεσάμενος.
1450 3377 1559 3435 Οὔκ
1617 3376 1985 3460 ὶξηπατήθην,

340 3464 477 3520 ἀλλά
532 3471 628 3532 τῆς
688 3465 900 3532 ἀπάτης
961 3464 1168 3539 μᾶλλον
1231 3465 1493 3537 ἀπέστην,
1542 3467 1605 3534 ἧς
1682 3468 1985 3536 ἀποστῆναι

342 3556 428 3608 καὶ
484 3555 616 3629 ὑμᾶς
660 3554 915 3635 εὔχομαι,
965 3555 1179 3633 ἀγαθὸς,
1238 3557 1281 3612 εἰ
1338 3554 1631 3632 βούλοιςθε,
1679 3559 1766 3614 καὶ
1856 3561 1986 3626 ύμῖν

336 3642 563 3722 ἅγγελος
594 3650 693 3711 τῆς
728 3644 980 3712 ἀληθείας
1015 3648 1318 3723 γινόμενος.

424 3926 550 3991 fil",
599 3930 774 3984 Ταῦτα
843 3934 931 3983 τοῦ
1004 3924 1402 4005 Ἀγαθαγγέλου
1461 3927 1837 4003 διεξελθόντος,
1886 3929 1982 3986 ἐλ-

336 4015 487 4083 πίδος
545 4015 633 4073 ἐπ’
685 4016 826 4091 αὒτῷ
864 4018 1042 4084 πάσης
1102 4019 1127 4073 ὁ
1186 4019 1406 4094 ἡγεμὼν
1463 4019 1724 4100 ἀποστὰς,
1760 4018 1979 4097 σιδηρᾶς

334 4127 392 4163 τε
466 4110 690 4182 περόνας
734 4107 968 4185 ἰσχυρῶς
1042 4107 1177 4186 ἄγαν
1247 4107 1632 4186 ἐκπυρωθείσας
1690 4111 1827 4166 κατά
1873 4117 1980 4167 τῶν

332 4195 540 4252 ἐκείνου
589 4194 742 4252 ὤτων
803 4192 1078 4272 ἐμϐάλλει,
1113 4199 1197 4252 καὶ
1258 4195 1538 4273 λαμπάδας
1584 4198 1808 4279 ἄφθονον
1864 4223 1978 4279 τρε-

330 4284 531 4365 φούσας
586 4286 646 4341 τὸ
704 4292 825 4363 πῦρ,
888 4298 1010 4350 ταῖς
1063 4284 1320 4364 πλευραῖς
1366 4288 1640 4364 ἑκατέραις
1694 4290 1971 4368 προσάγει,

334 4374 588 4448 Δριμείας
652 4372 741 4430 οὖν
804 4374 861 4431 ἔκ
890 4381 996 4431 τῶν
1039 4373 1192 4430 ὤτων
1222 4372 1409 4441 ὀδύνης
1458 4378 1786 4457 στρεφούσης
1839 4378 1977 4437 ἔνδο-

2072 3214 2250 3276 quam
2285 3216 2417 3259 cum
2478 3206 2592 3258 tam
2644 3194 2850 3259 multis
2904 3213 3009 3277 pro
3040 3194 3277 3259 Christo
3326 3194 3725 3259 colluctantur

2074 3286 2376 3367 periculis,
2417 3297 2476 3350 et
2525 3286 2707 3348 veluti
2760 3286 3084 3364 quemdam
3135 3303 3411 3347 somnum
3462 3295 3717 3348 mortem

2071 3378 2532 3439 contemnimus.
2568 3375 2775 3457 Neque
2815 3383 2905 3439 est
2939 3394 3078 3454 ergo
3112 3374 3412 3446 Clemens,
3441 3374 3543 3452 qui
3569 3375 3716 3438 mihi

2070 3467 2392 3547 persuadet
2425 3488 2440 3542 ;
2474 3466 2578 3529 sed
2612 3465 2882 3529 Christus
2914 3466 3098 3527 multo
3132 3464 3319 3546 prius,
3352 3464 3457 3547 qui
3489 3483 3583 3528 me
3616 3485 3716 3528 vo-

2070 3557 2219 3618 cavit
2267 3575 2373 3637 per
2402 3557 2795 3619 Clementem.
2851 3555 3055 3637 Neque
3088 3556 3375 3636 deceptus
3409 3574 3569 3637 sum,
3603 3556 3712 3620 sed

2070 3645 2266 3728 potius
2314 3645 2565 3708 discessi
2618 3644 2691 3707 ab
2740 3662 2997 3708 errore:
3048 3663 3081 3707 a
3132 3663 3248 3727 quo
3290 3662 3461 3726 rogo,
3493 3652 3558 3706 ut
3607 3663 3711 3709 vos

2068 3754 2302 3817 quoque
2338 3736 2657 3807 recedatis,
2687 3743 2751 3797 ut
2779 3733 2881 3816 qui
2910 3733 3076 3797 vobis
3124 3752 3383 3817 quoque,
3420 3734 3470 3796 si
3508 3735 3708 3820 vultis,

2065 3824 2177 3887 sim
2211 3825 2454 3888 nuntius
2488 3823 2773 3888 veritatis.

2145 3927 2450 3993 LXXXIII.
2472 3927 2610 3992 Haec
2633 3947 2768 3991 cum
2803 3926 3051 3990 dixisset
3072 3926 3707 4009 Agathangelus,omni

2063 4023 2135 4084 de
2167 4040 2238 4083 eo
2287 4040 2393 4101 Spe
2423 4029 2716 4101 concepta
2749 4036 2967 4100 praeses
3018 4019 3357 4096 frustratus,
3393 4026 3452 4080 et
3477 4019 3707 4085 ferreas

2062 4110 2283 4175 fibulas
2333 4111 2500 4172 valde
2529 4128 2811 4173 accensas
2863 4108 2924 4170 in
2973 4106 3135 4170 illius
3164 4126 3341 4170 aures
3392 4108 3610 4189 injicit,
3642 4123 3706 4174 et

2059 4203 2220 4264 faces
2270 4201 2577 4280 copiosum
2612 4202 2809 4280 ignem
2842 4198 3073 4262 alentes
3111 4197 3385 4279 utrisque
3426 4199 3707 4265 admovet

2061 4290 2371 4354 lateribus.
2426 4291 2571 4352 Cum
2606 4287 2764 4370 acris
2806 4288 3007 4370 itaque
3034 4287 3207 4349 dolor
3256 4287 3398 4351 hinc
3427 4306 3502 4352 ex
3543 4286 3704 4353 auri-

2061 4381 2171 4442 bus
2219 4380 2586 4442 intrinsecus
2618 4392 2880 4441 versaret
2909 4377 3253 4451 cerebrum,
3286 4377 3610 4462 fumusque
3642 4391 3703 4445 et

328 4468 415 4521 θεν
468 4466 558 4520 τὸν
591 4463 911 4544 ἐγκέφαλον,
943 4466 1031 4521 καὶ
1088 4473 1289 4521 καπνοῦ
1332 4467 1419 4522 καὶ
1450 4465 1761 4534 σκοτοδίνης
1821 4472 1975 4529 αὖτξιν

2085 4469 2325 4532 enebrae
2352 4470 2408 4531 id
2447 4468 2792 4549 implerent,
2826 4468 3059 4531 fortiter
3103 4468 3162 4529 id
3196 4467 3423 4532 ferebat
3457 4481 3697 4554 martyr,

331 4553 715 4629 ἐμπιπλώτης,
771 4552 1039 4633 ἐκαρτέρει
1100 4556 1354 4632 γενιαίως
1405 4557 1432 4611 ὃ
1490 4558 1685 4633 μάρτυς
1747 4561 1976 4629 Χριστὸν

333 4643 635 4722 ὁμολογῶν,
698 4645 787 4699 καὶ
845 4644 1007 4720 μόνον
1067 4643 1224 4701 αὒτὸν
1289 4646 1363 4711 εἷς
1408 4645 1711 4722 ἐπικουρίαν
1770 4647 1971 4724 καλῶν,

339 4732 607 4808 Δέσποτα,
656 4733 885 4811 κράζων,
939 4733 1115 4801 Ἰησοῦ
1172 4733 1390 4813 Χριστὲ,
1445 4736 1523 4810 μὴ
1581 4758 1847 4815 στερησῃς
1909 4761 1975 4815 με

334 4827 432 4889 τῆς
478 4826 739 4901 μακαρίας
800 4822 1008 4890 ἐκείνης
1072 4829 1177 4879 τῶν
1234 4824 1505 4885 ἀθανάτων
1575 4825 1786 4904 ἀγαθῶν
1844 4831 1977 4887 ἀπο-

331 4912 597 4991 λαύσεως,
658 4910 795 4968 ἀλλά
865 4910 981 4968 δοὺς
1051 4915 1326 4989 ὑπομονήν
1384 4937 1477 4991 μοι
1529 4918 1616 4974 καὶ
1672 4920 1975 5000 καρτερίαν,

334 5003 421 5058 καὶ
480 5000 694 5067 τελείως
752 5002 939 5059 ἀνῦσαί
969 5025 1036 5078 με
1078 5005 1168 5060 τὸν
1214 5002 1408 5079 δρόμον
1461 5007 1561 5074 τῆς
1610 5013 1712 5076 σῆς
1769 5010 1975 5084 ὁμολο-

329 5092 446 5168 γίας
516 5090 849 5157 καταξιώσας
920 5094 1307 5171 συναρίθμησὸν
1380 5117 1449 5172 με
1508 5104 1583 5171 τῷ
1641 5095 1809 5174 δούλῳ
1879 5123 1973 5158 σου

335 5179 635 5261 Κλήμεντι,
681 5182 771 5237 καὶ
815 5187 976 5238 πᾶσιν
1037 5185 1093 5239 ο’ἰ
1140 5191 1228 5240 τοῦ
1285 5192 1378 5242 σοῦ
1444 5185 1650 5253 ἐνδόξου
1712 5189 1972 5266 ὀνόματος

2061 4560 2358 4623 Christum
2395 4559 2712 4636 confitens,
2748 4567 2806 4621 et
2835 4576 2971 4621 eum
3031 4557 3223 4620 solum
3259 4577 3475 4622 vocans
3506 4561 3566 4623 in
3594 4580 3703 4624 au-

2057 4650 2289 4730 xilium,
2329 4661 2384 4710 et
2411 4649 2673 4712 clamans
2709 4671 2721 4710 ε
2757 4649 3011 4713 Domine
3039 4649 3179 4712 Jesu
3212 4646 3466 4726 Christe,
3500 4670 3578 4715 ne
3607 4671 3705 4716 me

2061 4741 2388 4822 privaveris
2434 4740 2608 4803 beato
2654 4740 2758 4803 illo
2807 4739 3000 4801 fructu
3050 4738 3341 4802 bonorum
3388 4740 3703 4807 immorta-

2059 4832 2250 4907 lium;
2308 4833 2411 4894 sed
2466 4830 2574 4893 des
2621 4830 2763 4892 mihi
2812 4830 3156 4910 patientiam
3187 4839 3247 4891 et
3294 4829 3698 4910 tolerantiam,

2060 4931 2118 4984 et
2149 4941 2281 4983 cum
2332 4919 2611 5000 dignatus
2645 4937 2741 4981 me
2771 4919 2953 4981 fueris
2983 4920 3277 5001 perficere
3305 4939 3547 4984 cursum
3584 4930 3700 4988 tum

2059 5014 2480 5089 confessionis,
2513 5031 2646 5074 cum
2680 5020 2776 5074 tuo
2805 5013 3025 5075 famulo
3085 5012 3391 5076 Clemente
3425 5033 3519 5078 me
3550 5035 3698 5081 con-

2058 5122 2364 5178 numeres,
2399 5111 2457 5166 et
2499 5122 2633 5166 cum
2667 5102 2970 5179 omnibus,
3003 5103 3106 5185 qui
3157 5122 3262 5185 pro
3293 5103 3552 5186 glorioso
3594 5115 3696 5174 tuo

2056 5195 2300 5258 nomine
2323 5195 2729 5269 decertarunt,
2753 5194 3034 5276 quoniam
3067 5193 3293 5258 defecit
3321 5196 3508 5259 virtus
3537 5216 3694 5275 mea;

322 5269 845 5371 ὕπερ-ςθλτ,σαν,υὸτι
903 5270 1204 5341 ἐξέλιπενὴ
1259 5275 1416 5355 ἰσχύς
1474 5299 1598 5354 μου,
1632 5279 1666 5347 ἡ
1699 5275 1755 5335 δὲ
1814 5282 1968 5361 ψυχή

2078 5285 2254 5350 mima
2298 5300 2494 5348 autem
2540 5303 2674 5349 mea
2700 5269 2864 5348 in'te
2912 5284 3193 5368 speravit.
3242 5285 3381 5350 Haec
3411 5285 3517 5349 illa
3564 5269 3695 5371 qui;

322 5380 426 5434 μου
482 5360 567 5415 επὶ
600 5360 682 5415 σοὶ
740 5357 959 5427 ἤλπισε,
1006 5366 1181 5417 Ταῦτα
1225 5364 1252 5418 ὁ
1310 5362 1405 5439 μὲν
1450 5363 1679 5445 ηὔχετο,
1715 5367 1846 5432 Θεὸς
1891 5357 1958 5423 ’δὲ

2078 5382 2182 5440 ἶθηι
2214 5384 2304 5440 est
2354 5384 2655 5459 precatus,
2687 5375 2845 5441 Deus
2888 5357 3085 5440 autem
3120 5394 3190 5439 ex
3238 5377 3357 5442 alto
3387 5378 3515 5442 haec
3545 5357 3692 5461 per-

322 5446 369 5505 ἅ-
390 5451 522 5506 ωθεν
553 5446 817 5512 ἐπετέλει,

403 5673 541 5748 ΠΔ’.
602 5684 702 5745 Καὶ
732 5684 885 5765 γνοὺς
945 5687 974 5744 ὁ
1005 5687 1221 5765 ἡγεμὼν
1262 5688 1334 5755 ὡς
1364 5685 1462 5769 ἀρα
1513 5693 1573 5751 οὗ
1599 5691 1765 5769 μόνον
1817 5693 1967 5755 οὖδὶν

2044 5467 2207 5532 fecit.

2103 5700 2370 5764 LXXXIV.
2401 5701 2543 5764 Cum
2575 5699 2799 5764 videret
2823 5717 3034 5780 prases
3066 5703 3215 5766 nihil
3243 5701 3356 5766 sibi
3380 5700 3693 5763 succedere
