4006 6138
337 302 455 370 889
1386 319 1571 383 VITA
1630 320 1691 382 S.
1738 320 2178 385 CLEMENTIS
2238 321 2663 387 ANCYHANI.
3594 319 3714 387 890

335 447 424 503 καὶ
469 447 766 522 θυμιάμασι
817 450 979 524 μέσον
1026 450 1457 536 ἀπειλημμένον,
1491 455 1576 514 ἐπὶ
1620 459 1718 526 τὴν
1770 456 1974 524 ἐκκλη-

2086 474 2190 538 psa
2218 465 2414 518 autem
2448 462 2671 518 vestem
2705 474 2943 538 quoque
2964 455 3263 519 induisset
3283 456 3629 535 candidam,
3653 464 3713 517 et

338 538 455 594 σίαν
509 539 849 615 παρέπεμπε.
903 544 1111 611 Λευκὴν
1180 542 1232 600 δὲ
1306 548 1439 614 αὕτη
1500 546 1699 615 στολὴν
1752 547 1980 627 περιϐα-

2079 556 2361 608 .nternam
2388 555 2634 626 pr0pter
2649 550 2952 625 egregium
2972 546 3342 610 Clementem
3366 546 3712 608 ostenderet
3784 556 3787 557 '

339 626 566 701 λομένη,
613 632 700 685 καὶ
729 631 830 697 τὴν
887 630 1028 688 ’ἔνδον
1061 634 1148 689 ἒπὶ
1194 642 1270 707 τῷ
1300 637 1524 713 γενναίῳ
1586 626 1854 712 Κλήμεντι
1886 641 1983 703 τῆς

2079 635 2252 697 mimi
2282 635 2573 710 laetitiam,
2601 637 2651 697 ei
2686 636 2747 698 in
2780 636 3023 698 sinistra
3057 644 3224 716 parte
3252 655 3494 698 manum
3525 635 3712 715 subji-

338 721 526 797 ψυχῆς
602 718 951 777 ἀποδεικνῦσι
1023 722 1372 803 φαιδρότητα,
1447 728 1535 782 καὶ
1616 741 1781 806 χεῖρα
1850 728 1987 783 κατὰ

2079 725 2285 795 ciebat,
2319 745 2451 806 quae
2480 745 2615 787 eum
2649 727 2991 803 sustineret,
3030 736 3089 789 et
3119 726 3191 788 ad
3243 726 3711 806 ingrediendum

335 809 399 864 τὸ
449 808 718 884 εὐώνυμον
754 812 911 888 μέρος
963 815 1219 894 ὑπεῖχεν,
1253 814 1554 895 ἀνέχουσαν
1602 821 1689 873 καὶ
1734 839 1982 896 συναιρο-

2079 817 2257 879 ferret
2286 834 2459 896 opem
2498 815 2765 897 martyri.

338 897 506 973 μένην
550 900 683 977 πρὸς
714 900 814 968 τὴν
841 904 1055 979 πορείαν
1085 911 1161 979 τῷ
1192 911 1435 983 μάρτυρι.

421 1014 553 1078 ΠΖ’.
593 1016 713 1074 "Et:
747 1018 833 1074 οὖν
866 1018 1091 1099 ετῖχοντο
1136 1028 1233 1089 τῆς
1268 1021 1408 1098 ὁδοῦ,
1449 1028 1531 1081 καὶ
1564 1027 1590 1082 ὁ
1623 1024 1790 1103 μέγας
1827 1024 1979 1094 Κλή-

339 1128 475 1183 μης,
510 1107 745 1184 καθάπερ
776 1106 879 1176 ἤδη
924 1111 1017 1167 τοῦ
1053 1114 1321 1170 Δεσπότου
1377 1117 1507 1192 πρὸς
1542 1116 1698 1172 αὖτὶν
1747 1118 1977 1171 καλοῦν-

337 1217 431 1258 τος
490 1195 825 1279 αἰσθόμενος,
858 1199 956 1265 την
1016 1199 1184 1267 δεξιὰν
1216 1205 1286 1269 εἷς
1344 1205 1433 1260 τὸν
1466 1206 1684 1281 οὖρανὸν
1731 1205 1982 1284 ἆνοσχὼν

339 1286 400 1364 (ἡ
457 1285 609 1364 ἑτέρα
664 1287 764 1366 γὰρ
821 1291 882 1344 τὸ
945 1291 1269 1369 Εὗαγγέλιον
1340 1297 1466 1374 εἶχε
1497 1296 1832 1374 ὑπερηύχετο
1887 1299 1983 1362 τῆς

335 1378 477 1435 κατὰ
560 1386 768 1454 πνεῦμα
852 1383 1058 1457 μητρὸς
1144 1382 1304 1442 αὒτοῦ
1387 1386 1606 1463 Σοφίας,
1692 1386 1985 1464 ὅπερῦχετο

335 1470 436 1523 τοῦ
509 1466 710 1544 κλήρου
782 1471 870 1525 καὶ
915 1479 1005 1528 τοῦ
1054 1473 1305 1546 ποιμνίου
1363 1473 1583 1533 παντός’
1630 1475 1815 1549 ᾐτεῖτο
1869 1488 1985 1538 τοῖς

335 1557 785 1634 ἐπικαλουμένοις
850 1559 1007 1618 αυτὸν
1058 1563 1196 1636 μετὰ
1252 1564 1352 1630 τὴν
1408 1563 1642 1620 ἐντεῦθεν
1702 1562 1983 1639 ἐκδημίαν,

337 1650 430 1706 καὶ
480 1647 656 1709 ἄλλως
687 1651 1029 1728 θεραπεύουσι
1083 1657 1169 1710 καὶ
1222 1662 1472 1732 τιμῶσιν,
1508 1654 1787 1729 ἀντίληψιν
1845 1657 1987 1731 παρᾶ

340 1741 533 1813 Κυρίου
590 1742 679 1797 καὶ
709 1743 998 1820 σωτηρίαν,
1034 1745 1119 1799 καὶ
1179 1750 1284 1799 πᾶν
1313 1744 1392 1800 ὅτι
1427 1767 1524 1823 περ
1572 1748 1634 1800 ἄν
1666 1745 1850 1808 αὒτοϊς
1910 1746 1981 1807 εἷς

2146 1018 2474 1085 LXXXVII.
2524 1023 2739 1085 Adhuc
2772 1032 2969 1087 autem
3004 1034 3173 1087 erant
3206 1026 3263 1085 in
3300 1024 3537 1096 itinere,
3575 1039 3708 1083 cum

2064 1108 2364 1186 Clemens,
2402 1121 2466 1173 ut
2492 1113 2594 1194 qui
2630 1115 2747 1193 iam
2783 1115 3099 1186 sensisset,
3135 1115 3450 1178 Dominum
3477 1131 3610 1174 eum
3637 1111 3709 1173 ad

2068 1219 2133 1262 se
2147 1202 2551 1280 vocantem,in
2573 1204 2788 1266 caelum
2810 1204 3047 1266 sublata
3065 1205 3306 1267 dextera
3322 1204 3530 1285 (altera
3547 1200 3709 1264 enim

2068 1290 2305 1353 tenebat
2339 1292 2780 1375 Evangelium),
2816 1295 3082 1358 oravitet
3116 1314 3219 1372 pro
3245 1312 3350 1355 sua
3379 1291 3710 1355 secundum

2070 1380 2347 1461 spiritum
2379 1393 2568 1446 matre
2610 1384 2852 1465 SOphia,
2890 1393 2947 1445 et
2977 1384 3165 1447 oravit
3195 1386 3373 1446 etiam
3408 1400 3514 1462 pro
3548 1380 3712 1441 clero

2073 1479 2132 1532 et
2162 1476 2441 1532 universo
2472 1491 2675 1552 grege,
2716 1482 2766 1535 et
2806 1473 2975 1553 petiit
3007 1474 3105 1547 iis,
3155 1475 3254 1550 qui
3294 1472 3487 1551 ipsum
3537 1470 3709 1530 invo-

2071 1568 2304 1635 carent,
2333 1570 2642 1641 postquam
2676 1563 2819 1625 liinc
2845 1564 3224 1635 excessisset,
3255 1570 3312 1624 et
3334 1580 3468 1622 eum
3490 1557 3714 1639 alioqui

2071 1650 2436 1712 honorarent
2487 1660 2546 1713 et
2593 1652 2888 1724 colerent,
2937 1652 3179 1714 Domini
3210 1651 3625 1712 defensionem
3658 1654 3719 1709 et

2067 1739 2344 1815 salutem,
2379 1749 2436 1802 et
2465 1741 2758 1824 quidquid
2790 1743 2862 1804 ad
2896 1762 3102 1805 eorum
3137 1743 3483 1824 petitionem
3520 1739 3716 1799 tribu-

337 1831 570 1899 αἴτησιν
728 1832 858 1907 πρὸς
930 1835 988 1889 τὸ
1052 1834 1317 1912 συμφέρον
1382 1836 1849 1910 οἶκονομούμενον,
1898 1838 1984 1890 καὶ

2079 1840 2196 1891 tum
2225 1829 2487 1892 futurum
2512 1841 2673 1893 esset
2691 1832 2778 1894 eis
2799 1833 2945 1893 utile
2967 1853 2980 1896 :
3002 1842 3060 1893 ct
3079 1832 3163 1893 sic
3187 1841 3489 1911 postremo
3512 1844 3713 1903 orans,

336 1920 595 1996 δεόμενος
650 1920 788 1978 οὕτω
817 1924 883 1979 τὰ
932 1922 1240 2003 τελευταῖα,
1277 1923 1469 1981 εἴσεισι
1515 1926 1652 2000 μετὰ
1681 1929 1779 1992 τῆς
1823 1924 1984 2006 φιλο-

2079 1940 2203 1982 cum
2240 1928 2561 2003 martyrum
2595 1931 2835 1985 amante
2859 1921 3106 2003 Saphia,
3132 1930 3192 1985 et
3219 1923 3294 1984 iis
3319 1920 3422 2003 qui
3445 1937 3579 1982 eum
3613 1917 3717 1978 de-

334 2013 604 2091 μάρτυρος
663 2013 858 2091 Σοφὶας
901 2016 989 2069 καὶ
1049 2021 1154 2070 τῶν
1198 2018 1670 2093 παραπεμπόντων
1730 2016 1829 2083 τὴν
1888 2014 1983 2071 ἐκο

2079 2011 2395 2086 ducebant,
2413 2012 2755 2091 ingreditur
2779 2014 3125 2077 ecclesiam.
3146 2014 3344 2089 Atque
3366 2010 3449 2073 illi
3472 2010 3715 2091 quidem

336 2101 596 2169 κλησίαν.
642 2101 879 2160 Ἐκεῖνοι
938 2104 1037 2178 μὲν
1096 2107 1183 2161 οὖν
1228 2105 1469 2184 μοχλοῖς
1516 2108 1603 2163 καὶ
1660 2104 1833 2163 κλεισὶ
1891 2106 1987 2169 τὰς

2079 2119 2207 2164 cum
2242 2101 2513 2165 clavibus
2544 2112 2605 2165 et
2635 2103 3090 2165 vectibusfores
3124 2103 3479 2165 muniissent
3508 2099 3716 2175 (time-

337 2191 504 2270 θάρας
570 2190 994 2274 ἀσφαλισάμενοι
1064 2191 1349 2271 (ἐδεδίεσαν
1413 2196 1513 2275 γὰρ
1558 2195 1635 2269 μή
1689 2216 1828 2258 τινες
1890 2196 1986 2251 αὖ·

2079 2190 2218 2254 bant
2246 2192 2431 2269 enim,
2468 2211 2544 2255 ne
2572 2194 2759 2275 aliqui
2803 2212 2871 2256 ex
2908 2195 3111 2275 impiis
3139 2195 3198 2255 in
3230 2211 3335 2255 eos
3365 2191 3716 2261 irruerent),

338 2282 464 2347 τοῖς
539 2288 646 2339 τῶν
712 2281 918 2340 ἀσεϐῶν
987 2284 1332 2362 ἓπιπέσωσι),
1400 2282 1485 2343 διὰ
1552 2286 1731 2352 πάσης
1806 2286 1990 2349 νυκτὸς

345 2370 567 2445 ᾅδοντες
617 2371 772 2441 ἧσον,
822 2364 915 2437 Ὠς
966 2370 1019 2429 δὲ
1063 2375 1150 2430 καὶ
1179 2376 1213 2443 ἡ
1273 2376 1534 2454 σωτήριος
1563 2373 1739 2454 ἡμέρα
1787 2378 1988 2452 παρῆν,

346 2459 568 2543 γαιδρὸν
623 2485 674 2520 τι
704 2461 826 2519 λίαν
878 2466 966 2520 καὶ
1029 2462 1126 2532 ἡδὺ
1169 2464 1453 2540 λάμπουσα
1511 2478 1633 2531 ταῖς
1688 2470 1795 2521 τῶν
1837 2462 1994 2529 ἀξίων

351 2557 558 2634 ψυχατ,
591 2551 853 2631 λαμπρῶς
906 2552 1042 2630 ἄγαν
1101 2557 1127 2611 ὃ
1177 2555 1373 2633 μάρτυς
1422 2555 1521 2622 την
1550 2555 1692 2633 ἱερὰν
1750 2553 1994 2632 λειτουρ-

354 2643 475 2720 γίαν
530 2640 863 2719 διατελέσας,
899 2644 984 2701 καὶ
1028 2666 1123 2721 της
1183 2645 1453 2725 ἀχράντου
1482 2647 1815 2712 κοινωνήσας
1872 2657 1993 2706 τοῖς

352 2739 580 2810 παροῦσι
649 2734 736 2789 καὶ
806 2733 1135 2809 ἀναιμάκτου
1204 2736 1401 2810 θυσίος,
1451 2739 1572 2791 εἶτα
1643 2734 1739 2791 καὶ
1796 2733 1993 2811 γλυκὺν

356 2823 539 2887 αὺτοῖς
588 2823 648 2879 τὸ
677 2830 766 2881 τοῦ
798 2831 1022 2900 Χριστοῦ
1078 2824 1265 2900 κλῆμα
1294 2826 1385 2882 τόν
1417 2830 1567 2883 οἰνον
1597 2827 1694 2893 τῆς
1736 2821 1990 2880 διδασκα-

354 2909 467 2976 λίας
496 2911 772 2979 ἆπέσταξε.

429 3025 575 3087 ΠΗ’.
624 3026 893 3104 Περιδεεϊς
946 3027 1001 3086 δὲ
1053 3030 1238 3097 αὖτοὺς
1293 3032 1379 3089 καὶ
1437 3034 1770 3100 καταφόϐους
1824 3039 1985 3113 ὁρῶν,

347 3120 440 3188 οἷα
485 3138 605 3174 τινα
634 3118 742 3175 τῶν
790 3119 1028 3177 ἀπίστων
1058 3118 1335 3177 ἑπέλευσιν
1385 3122 1799 3200 ὑποπτεύοντας,
1832 3126 1989 3205 ὲπέῥο

348 3208 515 3286 ῥώσεν
569 3208 745 3266 αὒτῶν
800 3210 866 3266 τὰ
909 3210 1241 3287 γρονήματα,
1281 3211 1377 3268 καί
1436 3214 1533 3280 την
1583 3196 1795 3273 δειλίαν-
1830 3196 2050 3273 ἥδέ-Ο

350 3296 545 3373 ὅληκε,
592 3299 792 3379 φανερὰ
847 3301 933 3356 καὶ
993 3298 1084 3357 ὑπ’
1141 3301 1443 3379 ὀφθαλμοὺς
1498 3306 1680 3368 αὐτοῖς
1730 3310 1794 3362 τὰ
1852 3306 1993 3383 μέλ-

354 3388 517 3447 λ’)ντα
599 3387 964 3464 συμϐήσεσθαι
1045 3393 1394 3469 παραστήσας
1424 3442 1436 3455 .
1526 3402 1783 3471 Θαρσεῖτε
1866 3398 1990 3476 γὰρ,

358 3482 537 3561 φησὶν,
572 3479 786 3559 ἀδελφοὶ
833 3484 1102 3559 Θαρσεῖτε·
1137 3482 1223 3545 εἷς
1255 3481 1307 3548 ἐξ
1365 3486 1511 3559 ὑμῶν
1542 3486 1638 3542 οὒκ
1680 3486 1990 3563 ἀπολεῖται,

358 3569 447 3628 δύο
485 3568 541 3627 δέ
596 3591 737 3634 τινες
795 3572 885 3627 καὶ
941 3572 1116 3649 τρίτος
1175 3572 1286 3650 ἐγὼ
1346 3575 1436 3629 σὺν
1492 3576 1700 3648 αὐτοῖς,
1733 3574 1837 3644 ἤδη
1894 3578 1994 3645 τὴν

354 3660 660 3719 τελευταίαν
714 3657 974 3736 ἐκδημίαν
1025 3661 1119 3740 ἀφ’
1147 3663 1297 3736 ὑμῶν
1347 3662 1748 3739 ἐκδημήσομεν·
1809 3665 1994 3723 ἔπειτα

352 3747 705 3818 σϐεσθῆσεται
775 3752 875 3826 μὲν
918 3753 953 3819 ἡ
1008 3754 1146 3808 κατὰ
1201 3759 1529 3830 Χριστιανῶν
1586 3753 1772 3821 λύσσα,
1810 3756 1993 3835 εἰρήνη

351 3838 411 3898 δε
460 3841 593 3919 πρὸς
637 3841 704 3897 τὰ
749 3832 1028 3917 Ῥωμαίων
1059 3841 1333 3917 ἆνατελετ,
1368 3845 1453 3901 καὶ
1506 3850 1650 3902 πᾶσα
1692 3832 1866 3907 πόλις
1908 3848 1997 3902 καὶ

353 3932 513 4011 χώρα
581 3933 683 3998 τῆς
740 3932 1084 4010 ὶπιγνώσεως
1154 3932 1525 4004 πλησθήσεται
1595 3946 1687 3996 τοῦ
1742 3939 1996 4014 Χριστσῦ-

355 4043 424 4078 κα
479 4022 825 4099 ἀνοιγήσεται
871 4024 970 4093 μὲν
1026 4023 1167 4089 ἅπας
1241 4026 1267 4080 ὁ
1324 4027 1461 4101 ἱερὸς
1520 4026 1698 4100 οἶκος,
1745 4024 1998 4096 κλεισθή-

2076 2287 2194 2342 tota
2217 2290 2392 2343 nocte
2416 2282 2735 2346 canebant.
2765 2286 3080 2361 Postquam
3108 2291 3305 2345 autem
3332 2281 3461 2344 dies
3481 2276 3721 2341 advenit

2076 2371 2373 2445 salutaris,
2400 2372 2675 2451 jucunde
2711 2380 2771 2435 et
2800 2376 3067 2436 suaviter
3094 2373 3453 2435 illucessens
3482 2387 3715 2445 eorum,

2077 2460 2179 2540 qui
2212 2460 2376 2540 digni
2410 2470 2608 2531 erant.
2641 2463 2882 2538 animis,
2913 2481 3052 2525 cum
3081 2462 3362 2543 praeclare
3391 2457 3715 2523 admodum

2079 2561 2301 2631 martyr
2346 2569 2550 2614 sacum
2602 2552 2969 2616 celebrasset
3015 2552 3439 2628 ministerium,
3474 2557 3532 2611 et
3561 2550 3717 2611 inte-

2078 2648 2305 2701 merato
2339 2648 2397 2703 et
2428 2641 2750 2704 incruento
2781 2661 2884 2704 eos
2903 2643 3002 2724 qui
3028 2641 3299 2718 aderant,
3328 2637 3720 2720 impertiisset

2074 2730 2399 2805 sacriﬁcio,
2453 2730 2541 2793 eis
2591 2733 2792 2794 suavis
2842 2731 3061 2795 Christi
3112 2732 3362 2814 palmes,
3417 2730 3718 2807 Clemens,

2073 2819 2342 2902 inquam,
2377 2820 2468 2884 eis
2496 2821 2811 2885 instillavit
2838 2822 3015 2885 dulce
3048 2828 3245 2886 vinum
3279 2819 3593 2884 doctrinm.

2152 3035 2517 3102 LXXXVIII.
2573 3037 2720 3101 Cum
2754 3046 2953 3101 autem
2985 3038 3219 3102 videret
3249 3036 3633 3121 perturbatos
3665 3045 3725 3099 et

2076 3125 2293 3188 timore
2312 3128 2582 3201 affectos,
2615 3129 2799 3210 utqui
2826 3130 3281 3210 suspicarentur
3308 3129 3435 3191 fore
3457 3129 3719 3206 aliquam

2078 3216 2418 3279 infidelium
2454 3217 2889 3294 incursionem,
2919 3219 3295 3282 confirmavit
3315 3237 3521 3281 eorum
3546 3217 3723 3296 spiri-

2081 3315 2198 3383 tus,
2236 3315 2295 3368 et
2324 3326 2459 3367 cum
2492 3326 2624 3389 quas
2654 3308 2854 3369 futura
2885 3318 3077 3385 erant,
3111 3326 3320 3372 eorum
3367 3307 3725 3387 subjecisset

2078 3396 2316 3461 oculis:
2368 3401 2554 3472 Bono,
2608 3396 2823 3478 inquit,
2876 3398 3003 3459 sitis
3034 3398 3256 3473 animo,
3308 3397 3543 3471 fratres,
3600 3414 3722 3457 non

2079 3486 2302 3566 peribit
2332 3506 2490 3549 unus
2522 3507 2591 3550 ex
2621 3487 2791 3548 vobis
2851 3489 2979 3551 Duo
3008 3496 3203 3549 autem
3239 3487 3506 3567 quidam,
3532 3496 3593 3548 et
3613 3505 3721 3565 ego

2076 3576 2294 3637 tertius
2340 3593 2475 3636 cum
2527 3575 2616 3637 eis
2665 3584 3003 3656 prostremo
3034 3593 3066 3635 a
3098 3573 3271 3637 vobis
3322 3574 3718 3636 excedemus.

2076 3666 2306 3730 Deinde
2335 3667 2755 3745 exstinguetur
2777 3665 3046 3746 quidem,
3083 3683 3214 3745 quze
3256 3664 3420 3726 saevit
3450 3666 3512 3726 in
3543 3662 3720 3726 Chri-

2076 3755 2327 3829 stianos,
2358 3755 2558 3817 rabies
2594 3772 2608 3817 :
2644 3754 2876 3817 orietur
2901 3771 3042 3816 vero
3078 3774 3187 3834 pax
3219 3756 3281 3817 in
3314 3755 3570 3835 imperio
3600 3752 3720 3816 Ro-

2082 3865 2393 3908 manorum
2431 3864 2446 3908 :
2484 3846 2800 3927 omnisque
2852 3844 3057 3906 civitas
3088 3855 3145 3907 et
3177 3846 3343 3925 regio
3372 3843 3724 3926 implebitur

2078 3933 2297 3999 Christi
2347 3935 2738 4017 cognitione:
2776 3946 2833 3997 et
2865 3934 3175 4014 aperietur
3224 3936 3473 4017 quidem
3518 3932 3717 3995 omnis

2079 4026 2241 4088 mdes
2269 4044 2463 4102 sacra,
2496 4026 2855 4088 claudentur
2896 4035 3097 4087 autem
3135 4026 3352 4105 templa
3382 4024 3718 4106 gentilium,

352 4133 536 4169 σονται
594 4110 648 4167 δὲ
707 4114 753 4168 οἱ
809 4120 916 4170 τῶν
970 4105 1245 4183 Ἐλλήνων
1304 4116 1438 4187 ναοὶ,
1472 4117 1560 4171 καὶ
1616 4114 1893 4195 φεύξονται
1950 4109 1990 4172 οἳ

2082 4126 2140 4178 et
2168 4116 2419 4196 fugient,
2453 4116 2647 4198 quiin
2681 4117 2791 4184 eis.
2837 4118 3113 4188 adorant,
3162 4123 3218 4178 et
3249 4135 3344 4190 eo,
3392 4105 3509 4197 quo
3561 4131 3722 4176 nunc

352 4201 767 4280 προσκυνοῦντες
829 4202 884 4258 ἐν
915 4203 1125 4277 αὐτοῖς,
1160 4203 1258 4260 καί
1288 4206 1379 4260 τὸν
1437 4203 1598 4284 φόϐον
1640 4207 1795 4281 ἡμῶν
1848 4206 1990 4263 αὖτοῖ

2082 4223 2207 4281 vos,
2243 4206 2358 4288 ipsi
2390 4204 2604 4268 timore
2649 4206 3011 4269 afficientur.
3067 4204 3191 4268 Hoc
3241 4213 3436 4267 autem
3487 4215 3729 4282 tempus

350 4289 769 4370 φοϐηθήσονται.
822 4284 880 4351 Ὀ
914 4292 968 4350 δὲ
998 4296 1180 4373 καὶρὸς
1224 4293 1374 4358 οὗτος
1406 4294 1588 4373 ἐγγὺς,
1623 4298 1713 4352 καὶ
1754 4318 1894 4359 τινες
1940 4297 1990 4366 ἐξ

2079 4284 2413 4378 ριόρούει,
2452 4304 2509 4357 et
2554 4296 2796 4377 quidam
2832 4316 2897 4360 ex
2936 4293 3104 4356 vobis
3148 4293 3433 4357 videbunt
3482 4311 3726 4357 etersos

346 4383 497 4457 ὑμῶν
528 4381 627 4448 τὴν
657 4383 1029 4461 καταστροφὴν
1091 4389 1194 4439 τῶν
1227 4381 1515 4441 διοκόντων
1543 4386 1688 4460 ἡμᾶς
1737 4386 1984 4462 ὄψονται.

2079 4397 2517 4467 persecutores.

431 4497 562 4562 119'.
623 4509 796 4559 Ταῦτα
854 4499 1051 4557 ἐκείνου
1108 4505 1322 4578 γυμνῶς
1370 4499 1506 4557 οὕτω
1557 4502 1646 4557 καὶ
1707 4503 1985 4562 ἀποκεκα-

2151 4501 2452 4566 LXXXIX.
2485 4500 2623 4566 Haec
2645 4521 2780 4564 cum
2802 4501 2905 4564 ille
2928 4510 3042 4562 tam
3072 4502 3627 4582 apertedissereret
3648 4501 3726 4563 iis

348 4589 633 4665 λυμμένως
696 4602 815 4654 τοῖς
887 4596 1111 4669 παροῦσι
1155 4588 1462 4669 διεξιόντος,
1513 4592 1862 4671 φιλοχριστός
1930 4617 1985 4650 τε

2079 4592 2172 4671 qui
2201 4591 2475 4666 aderant,
2506 4591 2724 4653 Christi
2752 4600 2810 4652 et
2837 4601 3159 4671 martyrum
3187 4592 3594 4652 amantissima
3620 4590 3724 4653 Su-

352 4682 442 4738 καὶ
471 4678 797 4761 φιλόμαρτυς
855 4681 1021 4759 Σοφία
1066 4680 1269 4754 μεστὴν
1325 4679 1519 4748 ἡδονῆς
1582 4680 1782 4757 ἐπιζτῷ
1841 4682 1990 4751 [(λῆ-

2079 4680 2241 4760 phia,
2261 4681 2515 4745 maximo
2535 4681 2750 4761 gaudio
2775 4690 2837 4743 et
2862 4682 3064 4741 latitia
3090 4690 3332 4761 propter
3352 4681 3724 4743 Clementem

354 4793 503 4847 μεντι
534 4775 623 4830 καὶ
655 4768 1008 4848 φαιδρότητος
1065 4770 1267 4851 ἔχουσα
1298 4771 1396 4838 τὴν
1440 4769 1679 4849 καρδίαν,
1711 4774 1889 4851 χήρας
1936 4795 1990 4829 τε

2079 4771 2136 4832 in
2171 4772 2353 4833 corde
2384 4773 2582 4853 plena.
2618 4772 2987 4832 commal'at
3040 4770 3248 4832 viduas
3295 4779 3353 4831 et
3396 4771 3722 4852 orphanns,

351 4863 441 4919 καὶ
506 4861 764 4942 ὀρφανοὺς
810 4859 1108 4933 συνεκάλει,
1158 4862 1241 4917 καὶ
1291 4860 1447 4929 ἄρτον
1500 4860 1680 4927 αὐτοῖς
1749 4864 1834 4918 καὶ
1878 4861 1995 4918 ἑδέ-

353 4974 526 5027 σματο
582 4955 671 5010 καὶ
731 4964 876 5008 οϊνον
936 4950 1134 5030 ἄφθονα
1192 4950 1486 5028 προσετίθει
1543 4951 1736 5028 πάντα,
1786 4953 1873 5008 καὶ
1920 4954 1994 5014 ὡς

354 5045 387 5110 ἡ
446 5043 567 5122 χεὶρ
599 5042 759 5121 εἶχεν
818 5040 1099 5107 ἐδεξιοῦτο.
1158 5042 1330 5100 Τᾶὐτα
1392 5042 1488 5114 μὲν
1547 5041 1636 5097 οὖν
1692 5039 1997 5110 δωδεκάτην

354 5131 475 5199 ἑξῆς
528 5132 769 5188 ἐτελεῖτο
819 5133 1045 5209 ἡμέρωι,
1082 5133 1168 5187 κλῖ
1210 5131 1499 5210 φιλοτίμως
1531 5132 1651 5194 τοὺς
1709 5130 1995 5212 π²Ρ²ςάλ“

353 5221 544 5287 λοντας
586 5221 621 5287 ἦ
662 5220 826 5301 Σουρία
859 5221 1046 5293 εἱστία,
1083 5222 1177 5277 καί
1237 5222 1373 5289 ἦσαν
1416 5220 1470 5275 ἐν
1528 5221 1740 5299 ἑορταῖς
1800 5223 1993 5285 πάντες

354 5313 444 5369 καὶ
500 5310 818 5371 εὖπαθείαις,
856 5312 944 5366 καὶ
991 5308 1299 5383 Κλήμεντος
1348 5311 1446 5377 τὴν
1479 5307 1807 5384 ἐπεκδημίαν
1856 5312 1992 5390 ἐώρ-

353 5409 536 5473 ταζον·
601 5399 710 5456 ἐπεἲ
744 5397 796 5454 δὲ
847 5402 934 5456 καὶ
986 5400 1020 5466 ἡ
1060 5402 1347 5477 προθεσμία
1404 5400 1877 5479 πορῆν(1(υριακη
1938 5401 1992 5457 δὲ

351 5492 419 5563 ἦν
462 5493 497 5560 ἡ
531 5486 725 5569 ἣμερα)
762 5490 851 5546 τὸν
884 5487 1118 5556 ἆθλητην
1175 5488 1279 5546 ἀπὸ
1313 5492 1408 5557 τῆς
1454 5491 1722 5568 παρούσης
1757 5489 1991 5547 καλοῦσα

2080 4878 2415 4942 panemque
2449 4872 2502 4923 et
2535 4860 2736 4923 cibum
2769 4870 2825 4922 et
2860 4862 3058 4921 vinum
3093 4860 3181 4921 eis
3210 4859 3451 4922 abunde
3501 4878 3726 4940 suppe-

2080 4949 2325 5023 ditabat,
2360 4960 2417 5013 et
2451 4970 2556 5031 pro
2580 4950 2804 5012 viribus
2838 4970 2867 5005 e
2916 4972 2942 5009 δ
2972 4952 3506 5029 complectabatur.
3534 4951 3728 5029 Atque

2079 5040 2204 5102 hazc
2237 5041 2477 5121 quidem
2512 5041 2827 5107 duodecim
2868 5042 3155 5122 deinceps
3187 5039 3319 5102 dies
3360 5041 3514 5101 facta
3560 5049 3721 5114 sunt,

2079 5130 2401 5211 eteos,qui
2426 5130 2818 5202 accedebant,
2843 5129 3110 5191 convivio
3138 5129 3474 5193 liberaliter
3494 5130 3727 5210 accepit

2078 5219 2319 5300 Sophia,
2371 5220 2679 5303 festosque
2710 5220 2841 5281 dies
2893 5218 3281 5281 celebrabant
3337 5227 3397 5282 et
3449 5221 3728 5283 hilariter

2076 5308 2510 5388 transigebant,
2536 5321 2596 5375 et
2621 5311 2952 5374 Clementis
2976 5309 3293 5372 adventum
3321 5310 3721 5373 honorabant.

2076 5398 2219 5461 Cum
2267 5409 2465 5461 autem
2511 5403 2636 5481 jam
2689 5401 2819 5463 dies
2866 5401 3105 5462 adesset
3157 5401 3522 5481 praestitutus
3568 5401 3728 5481 (erat

2077 5508 2217 5551 vero
2269 5488 2407 5557 dies
2435 5491 2805 5575 Dominicus)
2857 5507 2891 5551 ε
2942 5491 3219 5573 praesenti
3270 5492 3386 5556 vita
3437 5490 3721 5557 athletam
