4006 6138
290 259 397 328 89l
1587 266 1641 329 Μ
1652 267 1751 329 ΕΝ
1757 265 1870 328 SIS
1909 311 1916 327 .

2005 265 2364 331 NUARIUS.
3545 263 3662 332 892

289 394 680 469 evocans,ille
702 394 944 478 quidem
973 395 1240 459 divinum
1257 397 1524 462 celebrat
1543 399 1905 463 sacrificium

2020 408 2187 477 ζωῆς,
2223 405 2251 459 ί,
2310 401 2409 478 μὲν
2437 400 2702 482 ἐτύγχανε
2764 401 2862 470 τὴν
2890 403 3034 460 θείαν
3077 401 3413 480 λειτουργίαν
3469 402 3668 480 ἱερουρο

285 483 609 568 Postquam
643 497 839 550 autem
865 488 1127 569 perfecta
1161 489 1425 565 fuerant,
1452 509 1584 570 quae
1610 509 1916 554 consuevet

2018 495 2147 570 γῶν.
2209 483 2302 557 Ὠς
2356 491 2410 548 δὲ
2469 515 2641 550 παντα
2698 489 2951 559 suum
3012 493 3079 549 τὰ
3121 494 3367 565 εἰωθότα,
3431 492 3521 548 καὶ
3574 497 3667 548 τοῦ

287 586 444 654 rant,
471 588 530 640 et
562 579 885 656 participes
907 578 1149 640 fuerunt
1181 579 1394 642 ﬁdeles
1417 579 1630 643 viviﬁci
1661 582 1936 662 corporis

291 676 350 730 et
379 670 714 749 sanguinis,
747 668 962 730 divinis
995 669 1190 730 adhuc
1223 669 1392 731 donis
1428 670 1487 732 in
1519 688 1687 732 sacra
1733 691 1938 734 mensa

289 760 633 839 propositis,
669 767 728 820 et
757 759 830 820 ad
863 778 932 820 ea
964 769 1220 840 martyre
1253 760 1472 822 collum
1528 761 1788 823 habente
1838 763 1934 825 in-

288 847 598 920 clinatum,
653 849 896 925 quidam
957 867 1028 910 ex
1079 849 1543 928 magistratibus,
1596 851 1938 914 Alexander

288 938 796 1018 nomine,impetu
819 948 1070 1019 repente
1097 939 1249 1000 facto
1274 958 1406 1002 cum
1437 939 1937 1021 militibus,jubet

287 1026 386 1086 uni
443 1045 509 1087 ex
563 1027 688 1088 suis
718 1039 1032 1108 amputare
1086 1047 1320 1090 sacrum
1374 1031 1929 1109 caputClementis.

283 1114 516 1177 Deinde
547 1117 727 1178 etiam
762 1119 1186 1181 intemeratam
1243 1118 1608 1181 oblationem
1660 1124 1715 1201 (ο
1753 1131 1934 1198 tuam,

282 1203 516 1267 Christe
541 1225 668 1279 rex,
701 1208 1043 1286 patientiam
1073 1211 1116 1283 ι)
1143 1210 1499 1290 dejecerunt
1523 1210 1583 1271 in
1610 1220 1850 1288 terram,
1879 1223 1937 1276 et

283 1294 547 1374 profanis
581 1298 840 1378 pedibus
873 1299 1111 1378 profani
1144 1299 1593 1363 conculcarunt.
1633 1302 1828 1380 Atque
1850 1304 1934 1366 sic

280 1385 521 1464 quidem
545 1406 798 1467 magnus
816 1388 920 1451 ille
943 1389 1220 1452 Clemens
1245 1390 1931 1470 sacriﬁcans,acceptum

280 1491 388 1554 pro
424 1476 626 1556 aliquo
658 1479 776 1539 alio
811 1479 1170 1540 sacriﬁcium
1204 1481 1330 1560 ipse
1365 1483 1486 1544 Deo
1520 1482 1790 1544 oﬁ‘ertur.
1820 1484 1935 1544 Eo-

2017 590 2283 654 ζωοποιοῦ
2346 583 2616 662 μετέσχον
2648 583 2695 640 οἱ
2748 586 2936 640 πιστοὶ
2971 583 3220 659 σώματός
3264 603 3322 639 τε
3351 583 3442 639 καὶ
3490 580 3665 658 αἵμαο

2019 694 2134 748 τος,
2199 673 2272 728 ἔτι
2329 672 2436 728 τῶν
2493 676 2643 729 θείων
2705 670 2888 751 δώρων
2935 679 3030 741 τῆς
3093 676 3234 750 ἱερᾶς
3297 671 3666 749 προκειμένων

2019 762 2305 839 τραπέξης,
2385 761 2478 818 καὶ
2547 771 2639 822 τοῦ
2719 766 2980 841 μάρτυρος
3062 762 3484 835 ὑποκεκλιμένον
3566 764 3665 820 αὖ·-

2020 867 2136 918 τοῖς
2206 853 2428 932 ἔχοντος
2501 854 2593 908 τὸ)
2651 852 2880 933 αὒχένα,
2927 854 3064 929 μετὰ
3105 851 3342 922 πλήθους
3409 873 3665 931 στρατιω-

2017 941 2123 998 τῶν
2183 941 2368 1022 ἄρχων
2417 964 2522 1020 τις,
2588 939 2925 1019 Ἀλέξανδρος
2982 943 3173 1016 ὄνομα,
3222 941 3284 997 ὲκ
3340 949 3433 1000 τοῦ
3488 941 3662 1019 αἰφνι-

2017 1030 2126 1086 δίου
2201 1033 2536 1088 ἐπεισπεσὼν
2600 1031 2805 1088 κελεύει
2863 1039 2968 1088 τῶι
3022 1031 3112 1088 ὑπ’
3171 1033 3344 1088 αὐτῶν
3398 1032 3476 1087 ἑνὶ
3533 1028 3662 1111 ξίιρει

2021 1121 2118 1190 τὴν
2188 1123 2333 1200 ἱερὰν
2391 1124 2478 1179 καὶ
2559 1123 2703 1178 Θείαν
2774 1125 2867 1178 τοῦ
2945 1122 3258 1196 Κλήμεντος
3341 1121 3660 1195 ἀποτέμνειν

2020 1210 2279 1290 κεφαλὴν.
2345 1212 2480 1269 Εἶτα
2537 1213 2624 1268 καὶ
2678 1211 2778 1280 τὴν
2826 1210 3093 1291 ἄχραντον
3153 1211 3480 1292 προσφορὰν,
3529 1209 3662 1290 (ὅση

2020 1322 2131 1374 σου,
2212 1301 2402 1379 Χριστὲ
2475 1300 2716 1377 βασιλεῦ,
2792 1303 2827 1370 ἡ
2886 1302 3280 1380 κακροθυμίαέ)
3351 1301 3490 1357 κατά
3558 1305 3661 1378 γῆς

2018 1388 2310 1470 ἐρρίπτουν,
2351 1393 2438 1447 καὶ
2482 1393 2606 1448 ποσί
2646 1388 2894 1467 βεϐήλοις
2954 1393 3001 1447 οὶ
3031 1388 3252 1468 βέϐηλοι
3301 1391 3661 1450 κατεπάτουν.

2015 1479 2166 1537 Οὕτω
2224 1482 2323 1555 μὲν
2382 1482 2471 1538 οὖν
2515 1483 2650 1538 θύων
2685 1483 2712 1538 ὁ
2769 1483 2940 1560 μέγας
3000 1483 3256 1560 Κλήμης,
3284 1485 3422 1555 θῦμα
3473 1480 3660 1537 δεκτὸν

280 1581 414 1624 rum
451 1577 652 1627 autem
690 1568 790 1646 qui
821 1570 1074 1630 aderant
1123 1572 1464 1649 multitudo,
1530 1569 1632 1634 alii
1687 1573 1916 1651 quiden

2014 1567 2128 1623 ἀντ’
2181 1569 2340 1627 ἄλλου
2397 1573 2538 1636 τινός
2595 1573 2752 1634 αὐτὸς
2808 1572 3135 1648 προσάγεται
3184 1578 3260 1644 τῷ
3318 1578 3456 1645 Θεῷ·
3501 1572 3562 1626 τὸ
3605 1568 3659 1629 δὲ

280 1667 662 1719 recesserunt
687 1658 1117 1739 lacrymantes;
1150 1661 1266 1723 duo
1292 1681 1429 1724 vero
1452 1661 1564 1722 soli
1589 1680 1656 1722 ex
1687 1661 1916 1738 Levizis,

2013 1659 2118 1716 τῶν
2175 1661 2531 1739 παρεστώτων
2587 1661 2820 1735 πλῆθος,
2879 1662 2927 1718 οἶ
2981 1662 3077 1737 μὲν
3133 1661 3286 1718 ἄλλοι
3343 1659 3660 1738 δακρύοντες

280 1743 380 1823 qui
405 1749 582 1808 etiam
613 1747 966 1809 intemerato
995 1751 2352 1829 ministrabantsacriﬁcio,unustmxcbpou-i,
2414 1750 2500 1808 δύο
2557 1750 2610 1807 δέ
2666 1753 2820 1825 μόνοι
2873 1758 2980 1807 τῶν
3035 1757 3294 1823 Λευϊτῶν,
3345 1754 3398 1809 οἳ
3453 1753 3542 1808 καὶ
3592 1757 3662 1829 τῇ

281 1833 521 1914 quidem
587 1836 1106 1919 Christophorus,
1165 1841 1317 1903 alter
1386 1850 1580 1903 autem
1646 1841 1916 1904 Chariton

2012 1839 2265 1919 ἀχράντῳ
2294 1842 2442 1914 θυσίᾳ
2479 1840 2878 1916 διακονούμενοι
2922 1842 3081 1915 ἦσαν,
3115 1844 3141 1898 ὁ
3200 1841 3297 1915 μὲν
3353 1841 3658 1921 Χριστοφό-

279 1925 555 2002 nomine,
591 1935 656 1988 ut
685 1929 814 2009 ipse
848 1929 1016 2010 prius
1046 1932 1404 2009 signiﬁcavit
1435 1931 1667 2003 beatus,
1713 1932 1782 1992 ad
1830 1932 1916 1992 di-

2012 1951 2123 2003 ρος,
2159 1932 2186 1986 ὁ
2217 1928 2271 1986 δὲ
2325 1933 2562 2010 Χαρίτων
2593 1933 2938 2007 καλούμενοι,
2971 1933 3045 1993 ὡς
3099 1932 3256 1996 αὑτὸς
3297 1929 3657 2010 προαγγείλας

275 2012 474 2104 vinam
506 2017 750 2098 quidem
795 2020 928 2099 ejus
961 2039 1227 2084 mensam
1263 2022 1505 2087 beatum
1543 2022 1654 2104 ipsi
1688 2041 1916 2104 quoque

2009 2019 2074 2086 ἧν
2133 2023 2160 2076 ὁ
2193 2025 2478 2101 μακάριος,
2515 2023 2674 2078 αὐτου
2734 2045 2836 2081 που
2865 2022 3008 2097 παρὰ
3063 2023 3130 2097 τῇ
3156 2021 3267 2094 θείᾳ
3311 2023 3543 2101 τραπέζῃ
3594 2022 3658 2078 τὸ

277 2102 457 2167 ﬁnem
489 2119 876 2188 acceperunt.

360 2193 476 2259 XC.
511 2196 732 2261 Fidelis
755 2207 950 2262 autem
970 2199 1215 2282 Sophia,
1233 2219 1368 2282 qua:
1392 2220 1605 2282 magno
1629 2198 1922 2266 Clementi

277 2283 385 2348 fuit
418 2305 486 2348 ex
517 2285 638 2349 Deo
673 2297 862 2350 mater
893 2299 949 2352 et
979 2291 1178 2352 nutrix
1212 2304 1269 2352 et
1303 2291 1660 2366 institutrix,
1693 2312 1826 2356 cum
1859 2293 1921 2355 in

273 2376 409 2438 aula
439 2377 735 2441 tutissima
759 2378 1008 2442 haberet
1039 2379 1230 2444 ﬁlium
1262 2385 1618 2463 repositum,
1647 2383 1823 2463 etqui
1844 2383 1914 2444 ad

271 2483 566 2547 supernas
603 2469 923 2533 transierat
955 2489 1234 2547 coronas,
1263 2482 1322 2534 et
1349 2471 1749 2534 immobilium
1781 2474 1919 2535 illov

271 2573 403 2618 rum
466 2557 763 2621 bonorum
830 2561 1385 2632 remunerationes,
1450 2561 1918 2623 sollicitudinem

269 2663 509 2707 omnem
542 2649 780 2710 solvens
815 2658 874 2712 et
904 2669 1245 2727 maerorem,
1281 2661 1340 2714 et
1385 2651 1768 2714 lucernarum
1815 2671 1917 2714 ac-

269 2735 472 2797 cendit
495 2737 790 2799 multitudi
807 2741 1288 2818 nem,multaque
1313 2760 1660 2822 perpessum
1683 2750 1739 2804 et
1761 2751 1914 2820 quod

272 2824 456 2886 multa
486 2827 706 2888 vicerat
750 2831 1109 2905 certamina,
1168 2837 1258 2891 sui
1310 2830 1660 2892 amicissimi
1702 2832 1920 2893 mortui

269 2914 488 2976 tollens
513 2934 756 2998 corpus,
787 2920 1026 2980 mundis
1050 2919 1314 2982 vestibus
1339 2929 1392 2981 et
1418 2921 1621 2982 linteis
1650 2921 1917 2995 involvit,

271 3015 332 3065 et
362 3009 422 3065 in
456 3006 586 3084 ipso
625 3009 873 3088 templo,
930 3011 1088 3085 quod
1129 3020 1222 3073 est
1253 3010 1312 3072 in
1345 3011 1503 3086 loco,
1557 3018 1652 3092 qui
1701 3012 1922 3075 dicitur

2009 2110 2270 2187 μακάριον
2300 2112 2388 2167 καί
2417 2113 2563 2168 αὐτοὶ
2592 2111 2746 2172 τέλος
2777 2109 3009 2176 ἐδέξατο.

2089 2191 2172 2278 ζ’.
2237 2190 2298 2257 Ἠ
2328 2199 2508 2274 μέντοι
2562 2200 2725 2268 πιστὴ
2755 2201 2920 2280 Σοφία
2978 2201 3012 2268 ἡ
3045 2202 3140 2256 καὶ
3187 2201 3370 2275 μήτηρ
3414 2206 3490 2273 τῷ
3549 2221 3655 2274 με-

2005 2291 2156 2368 γάλῳ
2217 2289 2485 2364 Κλήμεντι
2540 2291 2676 2346 κατὰ
2735 2291 2886 2362 Θεὸν,
2921 2290 3010 2346 καί
3065 2292 3282 2370 τροφὸς,
3314 2291 3402 2346 καὶ
3452 2289 3656 2347 παιδα-

2003 2382 2176 2458 γωγὸς
2233 2380 2520 2460 γενομένη,
2552 2377 2736 2446 ἐπειδή
2785 2381 2874 2438 καὶ
2935 2381 3028 2435 τὸν
3057 2381 3169 2436 υἱὸν
3219 2377 3325 2448 ἤδη
3355 2378 3546 2436 λοιπὸν
3599 2383 3656 2437 ἑν

2006 2471 2186 2545 ἀσύΑῳ
2240 2469 2563 2526 ἀποτεθέντα
2593 2471 2723 2550 εἶχε
2776 2469 3002 2545 ταμείῳ,
3051 2469 3148 2528 καί
3205 2472 3335 2548 πρὸς
3367 2471 3487 2534 τοὺς
3546 2467 3658 2526 ἅνω

2005 2559 2259 2616 διαϐάντα
2318 2561 2626 2640 στεφάνους,
2654 2560 2743 2616 καὶ
2784 2566 2892 2616 τῶν
2942 2560 3208 2630 ἀκινήτων
3237 2561 3450 2638 ἀγαθῶν
3507 2558 3657 2615 ἑκεί-

2006 2673 2109 2707 νων
2183 2650 2277 2714 τὰς
2345 2650 2638 2714 ἀντιδόσεις
2699 2647 2969 2728 φροντίδος
3022 2651 3204 2716 πάσης
3277 2650 3364 2705 καὶ
3420 2648 3654 2726 ἀγωνίας

2006 2741 2200 2808 ἑαυτὴν
2259 2740 2494 2813 ἀνιεῖσα,
2547 2738 2841 2814 λαμπάδων
2900 2761 2957 2796 τε
3015 2739 3220 2808 πλῆθος
3276 2737 3522 2813 ἀνάπτει,
3567 2735 3654 2793 καὶ

2003 2829 2226 2898 ἦδίσνης
2282 2827 2498 2894 εὐωδίας
2555 2831 2644 2886 τὸν
2699 2829 2826 2908 ἀέρα
2886 2829 3114 2903 πληροῖ,
3164 2831 3331 2890 θείους
3392 2850 3448 2884 τε
3508 2832 3652 2899 αὗτῷ

2003 2921 2194 2994 ὕμνους
2272 2920 2475 2994 ἕπάδει,
2535 2923 2623 2976 καὶ
2678 2918 2815 2976 οὕτω
2885 2921 2978 2976 τὸν
3049 2918 3328 2996 πολυπαθῇ
3400 2920 3485 2975 καὶ
3547 2941 3649 2976 πο·-

2005 3010 2226 3067 λύαθλον
2296 3011 2506 3068 ἐκεῖνον
2590 3017 2681 3066 τοῦ
2756 3009 3012 3089 φιλτάτου
3096 3009 3398 3084 ἀνελομένη
3469 3010 3644 3087 νεκρὸν

269 3093 540 3175 Cryptos,
580 3099 933 3178 praeclarum
968 3102 1254 3180 praeclare
1286 3103 1572 3184 deponit:
1607 3103 1709 3164 ubi
1736 3109 1915 3165 etiam

2005 3101 2266 3175 ἐσθήμασί
2321 3123 2377 3156 τε
2434 3103 2522 3156 καὶ
2579 3099 2780 3156 σινδόσι
2841 3103 3095 3178 καθαροῖς
3158 3099 3501 3177 περιελίττει,
3558 3099 3647 3155 καὶ

269 3184 436 3261 prius
467 3185 831 3266 deposuerat
857 3188 1362 3268 Agathangclum,
1413 3200 1472 3252 ut
1504 3192 1606 3252 uni
1639 3192 1916 3273 sepulcro

269 3274 662 3338 crederentur
698 3298 975 3358 corpora,
1016 3299 1271 3356 quorum
1305 3281 1539 3342 animas
1571 3282 1733 3344 idem
1782 3283 1914 3346 coeli

267 3367 530 3446 suscepit
586 3368 1064 3431 tabernaculum.
1126 3369 1317 3451 Prope
1371 3391 1474 3432 eos
1522 3382 1748 3446 autem,
1784 3375 1918 3436 illos

267 3455 444 3516 etiam
482 3458 693 3536 sepelit
725 3458 1036 3532 diaconos,
1064 3458 1322 3539 quicum
1357 3479 1570 3539 magno
1606 3461 1918 3524 Clemente

268 3555 784 3621 concertaverant,
822 3569 940 3630 quo
967 3550 1020 3608 in
1056 3551 1187 3611 loco
1223 3569 1428 3611 eorum
1462 3571 1709 3629 quoque
1735 3571 1910 3630 pana

267 3635 557 3698 aediﬁcata
582 3649 664 3696 est
693 3640 963 3700 aedicula.
989 3640 1222 3702 Deinde
1246 3659 1377 3701 cum
1409 3639 1735 3702 Clementis
1757 3662 1914 3704 asse-

269 3725 452 3785 disset
485 3731 791 3804 sepulcro,
828 3730 948 3790 haec
985 3731 1480 3809 humanitateque
1508 3742 1568 3793 et
1598 3735 1916 3794 atl'ectione

268 3815 441 3892 plena
462 3815 640 3874 verba
673 3818 1110 3897 eloquebatur:
1148 3819 1270 3897 Ego
1298 3820 1540 3899 quidem
1579 3841 1699 3897 vos,
1724 3842 1756 3883 ο
1780 3823 1908 3898 ﬁlii,

263 3903 322 3962 in
353 3905 591 3984 Crypto,
621 3905 676 3964 id
715 3919 802 3968 est
837 3908 891 3968 in
926 3907 1152 3983 abdlto,
1189 3911 1442 3990 deposui
1475 3928 1488 3972 :
1520 3911 1624 3972 sed
1651 3931 1750 3973 vos
1777 3931 1910 3974 om-

265 3993 407 4053 nino
468 3995 734 4056 Christus
774 3997 835 4058 in
896 4007 1100 4078 aperto
1169 4000 1429 4060 deducet
1488 3999 1548 4061 in
1611 4003 1909 4083 requiem,

262 4094 507 4162 propter
530 4104 702 4165 quem
734 4096 818 4148 tot
849 4098 906 4148 et
939 4095 1095 4149 tanta
1126 4098 1318 4150 vestra
1351 4100 1565 4170 sponte
1599 4093 1719 4171 pati
1752 4092 1912 4152 dele-

261 4174 452 4248 gistis,
487 4183 547 4236 et
580 4175 746 4237 vobis
780 4177 1020 4256 dignam
1057 4179 1245 4239 {edem
1284 4179 1593 4257 excitabit,
1629 4192 1686 4243 et
1717 4191 1911 4244 vestra

260 4281 513 4344 corpora
538 4267 598 4326 in
625 4285 693 4328 ea
711 4277 1103 4348 reponentur.
1124 4268 1308 4330 Porro
1327 4280 1526 4331 autem
1555 4291 1648 4333 me
1669 4291 1908 4354 quoque

252 4354 375 4432 jam
397 4359 467 4415 ad
485 4375 586 4416 vos
600 4367 765 4418 vocat
783 4367 1222 4439 senectus,quae
1246 4371 1562 4442 propterea
1584 4363 1641 4423 in
1671 4364 1908 4424 hodier-

260 4462 400 4504 num
437 4463 624 4524 usque
651 4446 809 4508 diem
836 4458 922 4508 est
954 4460 1324 4519 conservata.
1359 4461 1419 4511 ut
1442 4452 1608 4514 vobis
1633 4471 1904 4515 commu-
1930 4491 1970 4543 β

259 4551 395 4594 nem
418 4535 662 4596 omnino
686 4555 1003 4616 congeram
1028 4541 1358 4620 pulverem,
1379 4560 1525 4621 quos
1557 4562 1632 4604 ne
1657 4543 1902 4623 longum

255 4622 498 4704 quidem
528 4633 764 4689 tempus
787 4631 1050 4709 martyrii
1077 4648 1108 4690 a
1135 4649 1198 4690 se
1225 4630 1482 4692 invicem
1510 4622 1907 4711 separavit,et

259 4713 547 4794 meipsam
583 4716 746 4778 vobis
778 4719 1095 4797 pulchrum
1149 4720 1384 4782 bustum
1424 4723 1750 4800 praebeam.
1785 4723 1902 4786 Sed

258 4813 424 4866 orate
456 4823 561 4885 pro
595 4826 712 4881 me,
773 4828 806 4869 o
857 4811 1222 4887 charissimi,
1271 4829 1402 4892 qua}
1431 4829 1562 4872 sum
1599 4820 1812 4894 mater,
1848 4825 1902 4877 et

257 4896 480 4970 nutrix,
516 4903 574 4956 et
606 4899 878 4978 supplex,
914 4908 975 4959 ut
1011 4901 1233 4978 possim
1268 4900 1426 4961 sicut
1459 4901 1577 4975 hic,
1616 4902 1691 4962 ita
1725 4904 1900 4965 etiam

255 4981 379 5072 illic
398 5003 640 5064 quoque
660 5007 790 5049 esse
815 5008 999 5070 prope
1020 5009 1144 5066 vos,
1161 4997 1222 5052 et
1245 4991 1398 5070 apud
1426 4990 1743 5054 Dominum
1775 5011 1904 5072 pos-

254 5070 368 5133 sim
401 5093 642 5154 quoque
669 5097 910 5157 parvam
941 5080 1200 5161 aliquam
1226 5079 1450 5142 habere
1478 5070 1903 5147 ﬁduciamiAt-

256 5180 371 5243 que
399 5163 498 5225 illa
530 5167 770 5246 quidem
803 5169 927 5231 haec
953 5168 1110 5248 apud
1143 5171 1486 5251 sepulcrum
1523 5171 1900 5253 loquebatur,

255 5261 311 5311 et
335 5256 558 5316 sensim
587 5276 702 5317 una
728 5277 861 5319 cum
886 5277 1028 5320 voce
1053 5259 1227 5320 etiam
1256 5261 1580 5322 ellluebant
1604 5264 1897 5344 lacrymaa.

2001 3190 2054 3244 ἐν
2103 3191 2242 3264 αὒτῷ
2275 3194 2352 3260 τῷ
2379 3191 2513 3246 κατᾶ
2541 3190 2632 3246 τόν
2683 3191 2847 3247 τόπον
2881 3198 3012 3264 ναῷ,
3048 3191 3107 3254 ’ὃς
3157 3190 3257 3268 ἄρα
3292 3192 3378 3246 καὶ
3412 3190 3652 3269 Κρυπτὸς

2001 3280 2272 3354 ἐκαλεῖτο,
2334 3281 2577 3356 λαμπρὸν
2638 3279 2896 3355 λαμπρῶς
2988 3283 3348 3357 κατατίθεται,
3399 3281 3492 3336 ’ἕνα
3561 3282 3654 3336 καὶ

2003 3374 2094 3427 τὸν
2169 3369 2570 3448 Ἀγαθάγγελον
2641 3369 2907 3449 ἐτύγχανε
2967 3372 3433 3448 προκαταθεμὲνη,
3495 3371 3652 3435 ὅπως

2003 3465 2090 3518 καὶ
2161 3463 2325 3540 τάφος
2401 3465 2483 3524 εἷς
2551 3461 2616 3515 τὰ
2676 3461 2904 3534 σώματα
2959 3465 3237 3538 πιστευθῇ,
3290 3461 3364 3517 ὧν
3419 3464 3454 3528 ἡ
3513 3461 3651 3529 αὐτὴ

2003 3553 2178 3618 σκηνὴ
2223 3554 2308 3607 καὶ
2341 3552 2433 3613 τὰς
2466 3552 2648 3630 ἰυχὰς
2679 3549 2733 3606 ἐν
2778 3553 3025 3627 οὐρανοῖς
3055 3549 3360 3615 ὑπεδέξατο,
3410 3550 3652 3617 Πλησίον

2000 3642 2053 3698 δὲ
2111 3644 2196 3696 καὶ
2259 3643 2444 3702 αὐτοὺς
2506 3643 2693 3696 θάπτει
2750 3641 2870 3702 τοὺς
2931 3642 3358 3711 συναθλήσαντας
3406 3649 3484 3714 τῷ
3542 3663 3649 3716 με·

1999 3732 2149 3810 γάλῳ
2209 3732 2476 3805 Κλήμεντι
2533 3728 2837 3809 διακόνους,
2870 3731 2990 3788 ἔνθα
3026 3733 3113 3788 καὶ
3171 3732 3334 3810 μικρά
3364 3753 3443 3792 τις
3495 3733 3650 3806 ᾠκο-

1997 3824 2203 3896 δόμητο
2262 3823 2476 3876 ἱεκείνων
2548 3823 2710 3878 οἰκία.
2764 3822 2900 3878 Εἶτα
2960 3823 3361 3899 παρακαθίσασα
3419 3828 3496 3897 τῷ
3553 3827 3650 3878 τοῦ

2002 3912 2313 3985 Κλήμεντος
2369 3911 2544 3988 τάφῳ,
2592 3911 2729 3967 οὕτω
2787 3934 2900 3976 πως
2965 3914 3323 3991 ὑπεφθέγγετο
3380 3913 3447 3968 τὰ
3514 3933 3646 3989 γεν.

2006 4017 2124 4058 ναῖα
2171 4008 2316 4059 ταυτὶ
2374 4003 2461 4058 καὶ
2533 4001 2878 4080 φιλάνθρωπα
2938 4003 3024 4058 καὶ
3083 4005 3347 4080 περιπαθῇ
3402 4001 3641 4079 ῥήματα⁶

1997 4093 2142 4170 Ἐγὼ
2191 4093 2287 4167 μὲν
2322 4094 2480 4170 ὅμᾶς,
2511 4094 2556 4149 ὦ
2587 4091 2770 4167 τέκνα,
2804 4091 2859 4147 ἐν
2906 4100 2984 4166 τῷ
3031 4097 3257 4167 Κρυπτῷ
3316 4092 3640 4168 κατεθέμην,

1993 4183 2130 4238 ἀλλά
2200 4184 2423 4260 Χριστὸς
2485 4183 2540 4238 ἐν
2598 4189 2676 4256 τῷ
2736 4187 2946 4260 φανερῷ
3004 4191 3214 4246 πάντως
3267 4181 3638 4238 διαναπαύσειο

1993 4271 2059 4328 δι’
2112 4274 2172 4328 ’ὃν
2200 4275 2289 4329 καὶ
2333 4273 2398 4328 τὰ
2453 4279 2685 4330 τοσαῦτα
2737 4275 2927 4328 παθεῖν
2975 4270 3146 4338 ἡδέως
3190 4270 3521 4349 προείλεσθε,
3553 4274 3642 4329 καὶ

1992 4364 2146 4420 οἶκον
2197 4364 2324 4435 ὑμῖν
2358 4361 2498 4427 ἀξιον
2551 4361 2864 4430 ἀναστήσει,
2901 4365 2987 4418 καὶ
3035 4363 3099 4419 τὰ
3132 4362 3359 4436 σώματα
3403 4362 3548 4436 ἐμῶν
3585 4363 3638 4419 ἰν

1992 4454 2134 4527 αὖτῷ
2206 4453 2560 4522 ἀποϐήσεται.
2627 4451 2777 4527 Κάμέ
2845 4449 2899 4507 δὲ
2952 4454 3013 4508 τὸ
3068 4451 3235 4529 γῆρας
3293 4451 3396 4520 ἤδη
3452 4451 3636 4507 λοιπὸν

1992 4543 2150 4600 καλεῖ
2202 4546 2331 4621 πρὸς
2388 4545 2550 4616 ὑμᾶς,
2585 4540 2670 4598 διὰ
2730 4550 2882 4601 τοῦτο
2934 4543 3021 4598 καὶ
3079 4544 3150 4604 εἷς
3196 4542 3346 4616 δεῦρο
3387 4545 3634 4610 τηρηθεῖ·

1991 4658 2110 4702 σαν,
2159 4633 2253 4688 ’ίνα
2303 4633 2518 4696 πάντως
2589 4633 2769 4699 κοινὴν
2827 4633 2954 4704 ὗμῖν
3014 4631 3274 4712 ἐπιχῶσω
3330 4634 3496 4711 κόνιν,
3547 4631 3632 4695 οὓς

1991 4721 2107 4782 οὐδὲ
2141 4726 2167 4779 ὁ
2223 4723 2426 4800 μακρὸς
2473 4721 2564 4777 ἀπ’
2625 4719 2880 4791 ἀλλήλων
2937 4731 3028 4780 τοῦ
3071 4723 3353 4800 μαρτυρίου
3392 4719 3638 4787 διέστησε

1989 4811 2212 4893 χρόνος,
2250 4813 2335 4868 καὶ
2366 4811 2531 4868 καλὸν
2575 4810 2814 4886 ἐμαυτὴν
2864 4811 3133 4891 παράσχω
3167 4811 3435 4892 ἐντάφιον,
3489 4809 3638 4868 Ἀλλ’

1987 4903 2198 4968 εὔξασθε
2257 4901 2387 4979 ὑπὲρ
2445 4904 2599 4976 ἱμού,
2655 4901 2927 4982 φίλτατοι,
2985 4902 3082 4969 τῆς
3141 4903 3230 4958 καὶ
3287 4904 3521 4980 μητρὸς,
3552 4901 3638 4957 καὶ

1987 4999 2205 5072 τροφοῦ,
2260 4992 2346 5047 καὶ
2404 4989 2652 5066 ἱκέτιδος,
2701 4990 2837 5048 ὥστε
2909 4991 3196 5059 δυνηθῆναι
3263 4992 3500 5069 καθάπερ
3558 4993 3640 5047 ἒν-

1987 5087 2173 5162 ταῦθα,
2209 5081 2347 5138 οὕτω
2404 5084 2497 5137 καί
2533 5080 2711 5138 αὖτόθι
2745 5079 2985 5160 γένεσθαί
3041 5102 3142 5138 που
3173 5079 3405 5148 πλησίον
3461 5082 3633 5160 ὑμῶν,

1987 5176 2074 5232 καὶ
2118 5178 2310 5248 μικρᾶς
2367 5192 2506 5237 τινος
2575 5171 2714 5244 κάμὲ
2772 5171 2901 5249 πρὸς
2959 5172 3050 5227 τὸν
3107 5172 3287 5228 κοινὸν
3355 5173 3634 5237 Δεσπότην

1991 5265 2311 5328 κοινωνῆσαι
2369 5263 2468 5328 τῆς
2528 5260 2843 5340 παρῤησίας,
2908 5261 2972 5318 Ἦ
3029 5260 3125 5337 μὲν
3183 5261 3272 5318 οὖν
3345 5262 3490 5340 παρά
3559 5267 3633 5336 τῷ

253 5345 404 5420 τάφῳ
437 5355 598 5403 ταῦτα
628 5348 937 5427 ἒφΟὲγγετο,
970 5352 1056 5406 καὶ
1089 5352 1271 5432 ἡσυχῆ
1300 5353 1434 5416 μετὰ
1467 5354 1531 5418 τῆ
1564 5355 1729 5433 φονῆς
1763 5356 2005 5437 παρὲῤῥει
2035 5355 2120 5412 καί
2155 5352 2371 5430 δάκρυα.

334 5430 474 5492 XCI.
517 5436 841 5499 Praeclarus
873 5445 1068 5500 autem
1105 5430 1324 5504 Christi
1355 5430 1586 5502 athleta-
1625 5430 1906 5506 Clemens

262 5519 426 5612 (nam
485 5539 623 5612 cum
657 5525 751 5596 iis,
789 5545 918 5604 quae
962 5527 1120 5588 dicta
1169 5537 1330 5601 sunt,
1393 5547 1580 5610 pauca
1632 5533 1902 5612 quaedam

260 5606 566 5684 adjecero,
599 5611 797 5672 ﬁniam
833 5615 1188 5693 orationem)
1215 5606 1501 5700 perpetuo
1535 5606 1779 5697 quidem
1803 5623 1907 5684 de-

2074 5445 2101 5522 4
2121 5440 2206 5504 Ᾱν.
2267 5441 2337 5499 τιο
2387 5463 2449 5520 γε
2500 5443 2610 5516 μὴν
2665 5445 2914 5519 γεηνατάς
2979 5447 3072 5498 τοῦ
3127 5447 3354 5519 Χριστοῦ
3397 5439 3636 5508 ἀθλητὴς

1995 5534 2224 5606 Κλήμης
2279 5532 2493 5611 (μικρὸν
2553 5531 2653 5610 γὰρ
2711 5531 2785 5588 ’ἐτι
2841 5544 2959 5595 τοῖς
3031 5530 3330 5609 ἓίρημένοις
3391 5532 3632 5609 προσθεὶς

1991 5623 2275 5682 καταλόσω
2333 5623 2424 5680 τὸν
2453 5621 2636 5702 λόγον)
2698 5619 2961 5679 διετέλεσε
2993 5621 3092 5699 μὲν
3140 5619 3311 5679 ἀθλῶν
3343 5621 3428 5678 ἐπὶ
3485 5620 3633 5698 βασι-
