4006 6138
299 313 417 382 893

1317 316 1500 382 VITA
1553 316 1612 380 S.
1661 315 1983 381 JOANNIS
2024 312 2678 379 ELEEMOSYNARII.

3569 320 3686 388 894

295 449 428 508 λέων
485 448 878 518 Διοκλητιανοῦ
937 450 1031 506 καί
1093 448 1460 526 Μαξιμιανοῦ,
1521 449 1609 506 ἐπὶ
1665 449 1948 528 ἀρχόντων

2033 454 2282 511 certavit
2332 447 2446 511 sub
2478 449 2944 531 imperatoribus
2995 449 3370 515 Diocletiano
3404 458 3463 516 et
3492 456 3684 520 Maxi-

295 539 348 597 δέ
426 547 784 615 Δομετιανοῦ,
845 538 1222 621 Ἀγριππίνου,
1286 539 1588 613 Κουρικίου,
1670 543 1946 614 Δομετίου,

296 628 668 710 Σακερδῶτος,
758 627 1024 704 Μαξίμου,
1102 628 1463 709 Ἀφροδισίου,
1542 632 1790 708 Λουκίου,
1863 623 1951 685 καὶ

293 719 668 800 Ἀλεξάνδρου·
720 722 811 777 τὸν
857 721 1040 798 ἀγῶνα
1092 718 1144 776 δὲ
1205 721 1356 799 τρίτῃ
1400 721 1573 794 μηνὸς
1631 718 1951 798 Ἰανουαρίου

295 812 385 866 καὶ
431 815 649 887 εἱλοστῇ
679 809 959 884 καταλύει,
993 813 1066 873 ὡς
1119 813 1264 866 εἶναι
1296 811 1386 866 τὸν
1418 809 1588 865 πάντα
1619 809 1727 887 τοῦῌ
1745 832 1950 886 μαρτυ-

294 901 407 980 ρίου
454 901 652 980 χρόνον
707 902 951 957 εἰκοστὸν
1002 904 1145 973 αὐτῷ
1178 901 1266 956 καὶ
1321 898 1505 979 ὄγδοον
1537 884 1774 962 ἔτος.“0
1817 902 1950 972 πρὸς

301 989 570 1066 ἀνανηψιν
632 992 774 1064 ἡμᾶς
833 995 931 1056 τῆς
989 991 1187 1054 οἰκείοις
1219 989 1369 1069 ἔχειν
1414 986 1498 1044 δεῖ
1555 989 1833 1067 ῥᾳθυμίας,
1863 989 1953 1045 καὶ

293 1080 396 1146 τὴν
456 1081 667 1158 μακρὰν
721 1081 921 1147 ταύτην
975 1077 1206 1135 αἰδεσθαι
1246 1079 1354 1135 τῶν
1401 1077 1575 1135 ἄθλων
1629 1078 1947 1153 παράτασιν,

294 1171 414 1227 ὅσοι
448 1168 588 1243 μηδὲ
633 1170 909 1249 βραχεῖάν
967 1191 1087 1226 τινα
1117 1176 1306 1248 καιροῦ
1357 1169 1530 1245 ῥοπὴν
1561 1169 1852 1243 ὑπομεῖναί
1897 1190 1948 1225 τι

291 1260 392 1315 καί
447 1263 549 1316 τῶν
613 1258 950 1338 ἀηδεστέρων
1017 1258 1102 1314 διὰ
1178 1261 1406 1336 Χριστὸθ
1466 1259 1794 1336 ἀνεχόμεθα,
1853 1256 1947 1313 καί

291 1349 437 1406 οὕτω
475 1351 932 1426 παρεσκευάσθαι,
965 1350 1052 1406 καὶ
1093 1349 1237 1406 αῧτω
1293 1346 1527 1428 θαῤῥεῖν,
1561 1348 1699 1404 ὥστε
1729 1345 1796 1404 δι’
1856 1347 1949 1403 αὖ-

293 1441 412 1510 τὸν,
447 1440 491 1496 εἰ
540 1438 740 1519 δεήσει,
798 1440 972 1495 πάντα
1017 1443 1232 1513 παθεῖν,
1281 1437 1376 1494 ’ίνα
1419 1440 1508 1494 καὶ
1561 1437 1704 1494 αὒτοὶ
1751 1460 1946 1514 προαι-

288 1530 492 1607 ρέσεως
557 1529 702 1604 ὦμεν
771 1531 1058 1606 μαρτύριον
1102 1528 1469 1600 διανύσαντες,
1523 1529 1608 1583 οιαὶ
1652 1525 1947 1605 παρρησίας

290 1619 428 1693 πρὸς
489 1620 620 1675 Θεὸν
650 1620 763 1695 ἅμα
822 1629 913 1674 σὺν
965 1619 1150 1691 ἐκείνῳ
1201 1617 1576 1696 μετάσχομεν·
1617 1621 1686 1683 ἧς
1746 1617 1949 1694 χένοιτο

288 1710 499 1774 πάντας
543 1711 688 1784 ἡμας
743 1709 1053 1787 ἐπιτυχεῖν,
1087 1709 1275 1788 χάριτι
1328 1708 1416 1762 καὶ
1461 1704 1826 1786 φιλανθρωπίᾳ
1856 1716 1949 1765 τοῦ

2035 541 2273 602 miano:
2328 539 2438 601 sub
2474 541 2930 619 magistratibus
2980 550 3176 604 autem
3210 562 3278 604 ac
3331 543 3688 623 praesidibus

2034 628 2395 702 Domitiano,
2431 629 2785 710 Agrippino,
2844 632 3106 706 Curicio,
3140 631 3426 713 Domitio,
3478 632 3689 697 Sacer-

2034 719 2194 794 dote,
2231 720 2515 790 Maximo,
2550 720 2939 800 Aphrodisio,
2991 722 3174 784 Lucio
3209 729 3266 785 et
3313 723 3685 793 Alexandro.

2033 809 2214 871 Finiit
2240 829 2381 872 vero
2413 819 2721 873 certamen
2780 812 2860 873 93
2899 811 3192 888 Januarii,
3227 815 3377 876 adeo
3405 823 3469 876 ut
3499 823 3687 877 totum

2037 908 2271 980 tempus
2331 899 2602 980 martyrii
2657 902 2712 962 ei
2759 901 2939 963 fuerit
2969 902 3177 980 viginti
3229 912 3286 963 et
3331 913 3462 966 octo
3515 905 3685 969 anni.

2034 988 2201 1060 Quod
2258 989 2502 1070 quidem
2539 1008 2647 1050 nos
2678 1000 2915 1070 oportet
2970 1000 3181 1053 tenere
3213 995 3506 1055 memoria
3538 1003 3600 1056 ut
3651 1011 3689 1056 ι

2033 1088 2240 1140 nostra
2291 1077 2627 1140 excitemur
2675 1081 2974 1152 socordia,
3006 1089 3066 1143 et
3111 1082 3240 1142 haec
3287 1091 3401 1144 tam
3461 1083 3689 1163 prolixa

2031 1186 2420 1230 revereamur
2474 1168 2827 1240 certamina,
2862 1171 2961 1244 qui
2999 1189 3106 1232 nec
3141 1188 3388 1250 parvum
3444 1173 3685 1254 aliquod

2032 1267 2406 1320 momentum
2470 1259 2766 1337 temporis
2825 1259 3049 1339 aliquid
3127 1260 3367 1322 molesti
3441 1271 3687 1342 propter

2030 1347 2336 1409 Christum
2394 1347 2654 1409 tolerare
2687 1348 3059 1409 sustinemus
3097 1369 3108 1408 :
3145 1359 3203 1409 et
3232 1349 3321 1410 sic
3354 1369 3462 1411 nos
3512 1370 3683 1412 cont-

2033 1456 2340 1518 paremus,
2377 1445 2436 1496 et
2459 1446 2679 1498 tantam
2713 1437 3114 1518 suspiciamus
3142 1438 3592 1514 conﬁdentiam,
3621 1448 3686 1502 ut

2034 1536 2281 1608 propter
2327 1528 2546 1605 ipsum,
2581 1527 2630 1586 si
2664 1547 2814 1607 opus
2873 1528 3076 1595 fuerit,
3114 1528 3317 1589 omnia
3367 1529 3681 1608 patiamur,

2034 1626 2096 1678 ut
2127 1616 2241 1696 ipsi
2295 1616 2622 1678 volttntatis
2657 1615 2982 1677 subeamus
3033 1619 3407 1697 martyrium,
3443 1628 3502 1680 et
3525 1619 3684 1699 apud

2032 1706 2219 1768 Deum
2274 1703 2556 1766 ﬁduciam
2591 1723 2726 1766 cum
2783 1706 2902 1767 illis
2955 1726 3448 1786 consequamur:
3501 1727 3682 1784 quam

295 1797 488 1876 Κυρίου
542 1801 700 1874 ἡμῶν
771 1795 952 1864 Ἰησοῦ
1010 1804 1258 1876 Χριστοῦ,
1327 1795 1443 1871 μεθ’
1524 1795 1583 1852 οὗ
1649 1799 1727 1869 τῷ
1784 1799 1946 1871 Πατρί

2033 1795 2208 1857 detur
2243 1793 2416 1855 nobis
2439 1793 2721 1855 omnibus
2753 1797 3042 1876 consequi
3072 1798 3260 1874 gratia
3287 1804 3345 1857 et
3367 1798 3684 1861 clementia

287 1889 403 1963 ἅμα
459 1895 537 1963 τῷ
614 1889 748 1967 ἁγίῳ
820 1890 1088 1954 Πνεύματι
1161 1883 1308 1961 δόξα,
1368 1886 1586 1959 κράτος,
1645 1888 1802 1960 τιμὴ,
1857 1886 1945 1941 καὶ

2035 1886 2271 1948 Domini
2315 1884 2504 1945 nostri
2538 1885 2680 1948 Jesu
2710 1885 2958 1962 Christi,
2995 1904 3127 1949 cum
3163 1905 3280 1966 quo
3313 1886 3471 1947 Patri
3501 1887 3680 1950 simul

287 1978 671 2054 προσκύνησις,
706 2001 794 2036 νυν
835 1978 922 2034 καὶ
976 1977 1094 2053 ἀεὶ,
1146 1977 1235 2033 καὶ
1284 1977 1356 2038 εἷς
1414 1975 1535 2038 τοὺς
1579 1976 1775 2037 αἰῶνας
1833 1981 1940 2050 τῷν

2033 1994 2161 2038 cum
2213 1983 2422 2036 sancto
2484 1975 2720 2055 Spiritu
2773 1977 2987 2054 gloria,
3052 1977 3340 2056 potentia,
3375 1977 3569 2038 honor
3619 1985 3677 2038 et

290 2067 524 2129 αἰώνων.
559 2066 760 2144 Ἀμήν.

2033 2065 2316 2136 adoratio,
2352 2081 2511 2125 nunc
2561 2073 2620 2126 et
2672 2083 2914 2146 semper
2943 2072 3003 2128 et
3047 2065 3110 2128 in
3145 2066 3363 2128 sweula
3416 2067 3673 2129 saeculo-

2021 2173 2179 2218 rum.
2213 2155 2432 2216 Amen.

289 2332 1633 2368 ξπ

908 2489 1090 2598 DE
1203 2483 1758 2596 JOANNE
1880 2485 3070 2599 ELEEMOSYNARIO

1438 2720 1925 2786 PATRIARCHA
1965 2718 2536 2787 ALEXANDBINO.

1113 2905 1281 2972 (Anno
1320 2901 1448 2970 696,
1480 2904 1609 2961 Acta
1637 2907 1931 2959 sanctorum
1966 2899 2199 2957 Bolland.
2234 2900 2296 2958 ad
2325 2900 2459 2959 diem
2489 2903 2559 2961 ‘23
2590 2901 2866 2972 Januarii.)

365 3220 662 3284 Amathus
713 3218 855 3280 urbs
887 3225 977 3280 est
1026 3214 1198 3298 Cypri
1226 3223 1562 3297 pervetusta
1609 3216 1816 3296 (aqua
1846 3215 2102 3278 insulam
2155 3216 2351 3297 ipsum
2388 3216 2705 3297 aliquando
2754 3217 3165 3280 Amathusiam
3199 3217 3556 3297 appellatam
3610 3236 3682 3280 ex

283 3310 483 3373 Plinio
520 3316 681 3390 patet
712 3307 818 3370 lib.
855 3325 916 3379 ν,
952 3325 1084 3384 cap.
1117 3307 1214 3382 3t)
1241 3305 1354 3367 sita
1380 3305 1441 3365 in
1489 3324 1593 3366 ora
1629 3305 1985 3380 meridiana,
2021 3306 2350 3386 episcopali
2380 3306 2671 3384 dignitate
2725 3306 2798 3368 ah
2831 3307 2974 3388 ipsis
3006 3305 3297 3367 Ecclesiae
3334 3305 3679 3367 incunabu-

282 3402 357 3465 lis
385 3407 622 3463 ornata.
656 3398 765 3461 Hic
794 3397 990 3460 editus
1020 3395 1080 3456 in
1115 3397 1313 3458 lucem
1348 3403 1437 3456 est
1467 3396 1527 3458 S.
1564 3395 1826 3457 Joannes
1855 3394 2402 3474 Eleemosynarius,
2440 3397 2884 3458 Alexandrinus
2916 3395 3292 3474 patriarcha;
3327 3395 3682 3473 ibidemque

287 3490 548 3555 excessit
580 3509 612 3552 e
643 3488 813 3552 vivis.
847 3486 995 3567 Ejus
1026 3484 1218 3548 Vitam
1277 3483 1466 3565 primo
1500 3484 1873 3565 scripserunt
1902 3487 2160 3548 Joannes
2212 3496 2270 3546 et
2301 3485 2698 3565 SOphronius,
2733 3487 2830 3566 qui
2863 3504 2895 3546 a
2929 3484 3176 3545 Leontio
3210 3486 3267 3544 in
3306 3487 3441 3548 Vita
3467 3486 3679 3566 appel-

287 3580 488 3642 lantur
547 3577 711 3641 «Dei
768 3577 1055 3648 cultores,
1090 3583 1388 3636 amatores
1437 3579 1750 3650 virtutum,
1813 3573 2056 3654 pietatis
2116 3583 2594 3656 pr0pugnatores
2629 3599 2643 3653 ς
2683 3600 2708 3630 ι
2767 3573 3050 3638 Leontius
3101 3574 3344 3648 deinde,
3380 3576 3680 3657 Neapoles

284 3669 455 3752 Cypri
509 3670 849 3751 episcopus,
887 3667 1062 3746 cujus
1094 3661 1504 3752 testimonium
1558 3681 1664 3746 pro
1695 3664 2178 3728 Christianorum
2234 3664 2512 3745 apologio
2551 3674 2756 3726 contra
2797 3663 3056 3738 Judaeos,
3093 3683 3161 3725 ac
3191 3663 3266 3725 de
3312 3665 3680 3744 imaginibus

280 3749 628 3822 sanctorum
681 3764 892 3830 exstat,
931 3756 988 3816 in
1041 3755 1267 3835 synodo
1317 3749 1653 3834 Niczenalt,
1689 3755 1925 3814 actione
1985 3755 2043 3829 4,
2087 3753 2184 3814 ubi
2251 3763 2307 3814 et
2364 3778 2388 3808 α
2425 3754 2858 3816 Constantinus
2889 3754 3309 3815 sanctissimus
3359 3756 3679 3837 episcopus

281 3849 647 3914 Constantia;
697 3847 870 3928 Cypri
906 3843 1056 3907 dixit
1092 3862 1105 3907 :
1140 3843 1250 3906 Hic
1281 3843 1385 3923 qui
1413 3843 1606 3904 lectus
1637 3851 1726 3904 est
1759 3845 1954 3920 Pater,
1985 3843 2045 3904 in
2105 3861 2223 3904 una
2257 3842 2493 3906 urbium
2530 3841 2700 3924 Cypri
2735 3843 2956 3906 decore
3001 3844 3407 3904 sacratissimo
3440 3844 3677 3915 claruit,

284 3947 346 4001 et
404 3938 589 3999 multa
620 3939 921 4017 praeconia
955 3943 1011 3997 et
1047 3934 1290 3995 festivos
1323 3951 1638 3994 sermones
1668 3933 1803 4013 ejus
1833 3932 2126 3995 habemus
2162 3955 2174 3996 :
2236 3951 2371 3995 cum
2407 3933 2632 4013 quibus
2664 3942 2758 3994 est
2787 3933 2966 3994 etiam
3003 3951 3203 3993 sermo
3238 3934 3369 4012 ejus
3416 3932 3682 3997 Transii-

283 4028 664 4109 guralionem
725 4025 1048 4087 Salvatoris
1091 4024 1296 4084 nostri.
1352 4021 1727 4102 Couscripsit
1777 4033 1974 4084 autem
2019 4033 2078 4083 et
2131 4025 2326 4084 Vitam
2385 4021 2444 4084 S.
2504 4024 2752 4084 Joannis
2784 4022 3222 4102 archiepiscopi
3279 4022 3677 4099 Alexandriae,

284 4125 695 4196 cognomento
727 4115 1093 4186 Eleemonis,
1129 4112 1188 4173 id
1243 4119 1330 4173 est
1366 4111 1781 4172 misericordis
1816 4133 1832 4186 ;
1867 4114 2009 4193 quin
2043 4121 2099 4172 et
2133 4112 2195 4176 S.
2233 4111 2540 4176 Simeonis
2572 4111 2904 4192 Simplicis,
2947 4121 3001 4174 et
3032 4112 3150 4174 alio
3182 4111 3474 4192 quaedam,
3504 4123 3681 4195 atque

280 4208 347 4270 in
380 4205 665 4268 omnibus
696 4203 1081 4266 sermonibus
1112 4201 1238 4262 suis
1269 4200 1636 4261 orthodoxus
1670 4202 1960 4266 cernitur.
2010 4201 2239 4262 Floruit
2269 4210 2466 4262 autem
2505 4201 2876 4282 temporibus
2906 4201 3170 4263 Mauricii
3203 4203 3608 4279 imperatoris.
3646 4228 3673 4260 ι

363 4295 498 4357 Alia
529 4303 720 4358 exstat
751 4293 1024 4374 ejusdem
1081 4289 1141 4353 S.
1179 4289 1429 4351 Joannis
1453 4287 1612 4362 Vita,
1647 4290 1771 4350 sive
1801 4309 1833 4351 a
1865 4289 2149 4353 Simeone
2183 4292 2604 4370 Metapbraste,
2639 4310 2746 4352 seu
2778 4311 2893 4373 quo
2925 4292 3040 4352 alio
3071 4290 3413 4371 antiquiore
3443 4291 3674 4365 Graeco,

281 4385 655 4465 conscripta,
693 4384 894 4446 Latine
951 4382 1186 4444 reddita
1233 4397 1267 4440 a
1316 4379 1610 4442 Gentiano
1663 4377 1949 4454 Herveto,
1982 4391 2041 4441 et
2091 4380 2164 4441 ab
2217 4381 2457 4461 Aloysio
2519 4382 2843 4460 Lipomano
2894 4381 3055 4442 edita
3084 4389 3245 4441 tomo
3295 4380 3368 4458 V,
3399 4381 3476 4444 de
3524 4381 3674 4443 Vitis

281 4483 477 4537 sanet.
535 4479 631 4549 12,
663 4472 1018 4536 Novembris
1053 4492 1065 4534 :
1100 4487 1277 4552 quam
1333 4477 1479 4531 tom.
1513 4467 1554 4529 Ι.
1608 4465 1878 4530 Vitarum
1912 4471 2026 4531 hoc
2064 4468 2248 4532 XXIII
2303 4471 2571 4530 Januarii
2605 4471 2861 4531 inseruit
2915 4470 3268 4531 Laurentius
3301 4470 3514 4533 Surius
3545 4495 3558 4531 :
3615 4479 3675 4534 et

285 4582 396 4625 nos
429 4563 527 4626 hic
557 4564 770 4626 damus
803 4582 936 4624 cum
973 4560 1209 4622 duobus
1241 4558 1544 4639 praclaris
1575 4554 1800 4620 Graecis
1833 4559 2270 4640 antiquissimis
2327 4576 2471 4621 mss.
2507 4560 2817 4620 codicibus
2849 4559 3144 4638 collatam,
3179 4579 3246 4620 ac
3288 4561 3399 4621 sub
3430 4563 3673 4625 nomine

285 4654 533 4735 quidem
589 4654 1026 4733 Metaphrastaa,
1064 4651 1204 4712 licet
1254 4648 1314 4710 hi
1348 4646 1589 4712 codices
1639 4647 1931 4727 plurimas
1983 4651 2169 4725 Vitas,
2201 4649 2273 4711 ab
2322 4649 2394 4710 iis
2446 4668 2593 4729 quas
2623 4650 3059 4730 Metaphrastes
3107 4651 3346 4730 scripsit
3375 4651 3667 4731 diversas,

285 4745 656 4807 contineant.
