4006 6138
346 242 461 308 899

1643 240 1926 304 MENSIS
1965 241 2425 308 JANUARIUS.

3602 243 3724 311 900

343 381 404 443 in
428 380 806 444 Divinitatem
825 379 1193 444 additionem
1218 379 1435 458 hymno
1464 384 1556 438 ter
1583 383 1790 439 sancto
1810 391 1966 436 ausu;

2074 374 2214 430 κατὰ
2256 379 2354 441 τῆς
2387 376 2642 441 θεότητος
2687 378 2766 446 τῷ
2821 373 3089 452 Τρισαγίῳ
3134 390 3444 452 παρενεϊραι
3513 374 3722 450 τολμή-

344 480 503 532 esset
526 472 989 547 inserere,etei,
1025 470 1180 550 quod
1211 477 1323 540 est,
1359 465 1989 528 «Sanctusimmorta-

345 561 479 635 lis,»
509 562 852 642 adjecisset,
885 587 910 616 α
939 561 1049 632 Qui
1074 557 1399 620 cruciﬁxus
1423 565 1520 618 est
1544 568 1790 636 propter
1814 571 1983 617 noszo

347 650 698 712 divinusille
727 651 953 721 vir,bac
987 647 1358 726 blasphemia
1385 645 1641 718 sublata,
1680 644 1986 724 impatibi-

346 739 463 802 lem
498 753 555 802 et
581 740 976 802 immortalem
1008 737 1377 800 divinitatem
1403 755 1510 796 suo
1535 737 1809 814 dogmate
1833 751 1990 796 asse-

342 832 549 902 ruit,et
579 849 820 909 gregem
846 829 926 890 ita
941 828 1167 889 sentire
1192 825 1573 888 docuit.Cum
1591 834 1789 886 autem
1815 823 1986 885 inve-

342 920 528 980 nisset
575 930 803 998 septem
856 919 982 980 sola
1035 916 1507 978 orthodoxorum
1565 915 1851 989 oratoria,
1919 933 1988 976 ea

341 1009 528 1070 efﬁcit
558 1009 763 1070 decies
798 1009 1062 1088 plura,ut
1094 1007 1194 1088 qui
1229 1025 1298 1067 ea
1347 1004 1726 1085 septuaginta
1756 1004 1982 1066 consti-

343 1097 544 1162 tuerit.
567 1097 798 1160 Deinde
829 1116 1008 1158 omne
1039 1096 1275 1159 confert
1305 1096 1672 1169 studium,ut
1695 1095 1796 1175 qui
1831 1095 1983 1174 capti

337 1186 572 1249 fuerant
604 1207 781 1249 omne
801 1206 991 1266 genus
1020 1186 1879 1265 haeresibus,converterentur
1911 1184 2012 1265 ad_

337 1276 648 1357 pietatem.
683 1277 936 1358 Fuitque
969 1277 1132 1339 zelus
1163 1277 1293 1355 ejus
1329 1275 1891 1336 vehementissimus
1924 1273 1981 1335 in

339 1365 912 1440 ordinationibus,ut
943 1385 1030 1428 eae
1067 1365 1307 1446 quidem
1336 1383 1496 1445 purae
1522 1373 1722 1426 essent
1747 1384 1776 1425 a
1801 1364 1984 1426 lucris

337 1464 396 1517 et
427 1456 813 1518 muneribus:
842 1456 1004 1517 nulla
1027 1465 1228 1518 autem
1252 1473 1456 1516 earum
1488 1456 1659 1516 ﬁeret
1682 1454 1830 1515 citra
1852 1471 1983 1514 exa-

339 1544 1063 1609 minationem.Pra3terea
1089 1555 1287 1607 autem
1315 1545 1634 1606 maximum
1659 1543 1985 1606 adhibebat

338 1634 794 1712 diligentiamin
820 1633 1218 1698 defendendis
1253 1635 1324 1697 iis
1353 1633 1570 1714 quibus
1606 1633 1782 1695 tiebat
1815 1633 1978 1712 inju-

333 1724 515 1798 ria,et
549 1745 624 1786 ne
649 1725 888 1804 judices
915 1724 1305 1805 gratiﬁcando
1337 1723 1612 1803 personis
1635 1724 1731 1802 jus
1765 1722 1980 1804 prode-
2009 1742 2026 1791 z

333 1823 489 1889 rent,
525 1815 629 1875 sed
657 1813 905 1894 justitiaa
937 1815 1157 1877 trutina
1209 1813 1606 1893 ponderarent
1633 1812 1886 1892 judicia,
1925 1821 1982 1874 et

335 1921 446 1966 nec
477 1905 549 1966 ad
581 1905 831 1983 gratiam
867 1906 1226 1986 aspicerent,
1266 1923 1375 1964 nec
1408 1904 1480 1966 ad
1513 1903 1739 1965 odium.

410 1991 510 2057 Vl.
565 1993 734 2066 Quod
767 2004 968 2057 autem
1005 2003 1132 2057 erat
1181 1993 1236 2056 ei
1273 1992 1597 2054 maximum
1630 2000 1689 2054 et
1721 1992 1979 2054 maxime

329 2083 800 2165 preprium,erat
819 2085 1054 2149 fervens
1080 2083 1498 2146 misericordia
1516 2083 1574 2143 in
1601 2100 1986 2164 pauperes,et

329 2177 390 2235 in
414 2180 1102 2250 euraudisindigentibus
1121 2175 1523 2235 insatiabilitas
1550 2188 1602 2234 et
1629 2177 1979 2248 proclivitas,

329 2281 460 2344 quae
483 2283 601 2326 non
627 2273 860 2344 poterat
889 2263 1208 2343 comprimi
1238 2285 1253 2335 ;
1282 2270 1340 2323 et
1366 2261 1517 2322 nihil
1552 2262 1800 2323 omnino
1834 2281 1977 2343 par-

327 2371 459 2413 cere
483 2358 768 2427 pecuniis,
794 2357 938 2414 adt-o
966 2358 1222 2415 utetiam
1248 2371 1398 2426 :aape
1419 2355 1488 2413 ad
1514 2357 1756 2412 luridum
1785 2358 1974 2426 ipsum

330 2441 698 2522 perveniret.
724 2443 869 2504 Cum
903 2441 1110 2518 itaque
1142 2449 1357 2521 prteter
1385 2440 1502 2502 alia
1527 2459 1633 2500 sua
1651 2439 1972 2519 beneﬁcia,

324 2531 720 2593 exstruxisset
742 2531 1122 2593 xenudocbia
1143 2541 1199 2592 et
1246 2531 1596 2592 nosocomia
1626 2539 1684 2591 et
1715 2530 1967 2611 ptocbo-

324 2620 585 2700 trephia,
616 2623 702 2683 eis
762 2621 1125 2683 frumentum
1183 2619 1456 2682 attribuit
1505 2620 1966 2700 quotidianum:

2076 485 2294 538 σαντος,
2322 467 2406 520 καὶ
2451 472 2526 538 τῷ
2559 462 2754 542 ’Ἄγιος
2787 464 3075 536 ἀθάνατος,
3111 466 3172 522 τὸ
3205 459 3265 522 Ὀ
3297 467 3617 544 σταυρωθεὶς
3649 463 3723 521 δι’

2075 554 2222 628 ἡμᾶς
2269 555 2610 631 προσθέντος·
2649 557 2677 611 ὁ
2712 557 2855 614 θεῖος
2901 554 3111 620 ἐκεῖνος
3145 556 3278 631 ἀνὴρ
3309 557 3370 611 τὸ
3399 555 3723 634 βλάσφημον

2073 652 2228 701 τοῦτο
2295 643 2588 717 ὕπεξελὼν,
2657 643 2836 711 ἀπαθῆ
2908 645 2995 701 καὶ
3043 644 3299 705 ἀθάνατον
3351 649 3444 713 τὴν
3488 646 3723 713 θεότητα

2073 731 2392 810 ἐδογμάτισε
2424 755 2480 790 τε
2514 735 2598 790 καὶ
2631 735 2692 789 τὸ
2725 733 2974 807 ποίμνιον
3007 733 3147 790 οὕτω
3190 746 3408 814 φρονεῖν
3467 732 3722 800 ἒδίδαξεν.

2074 813 2242 880 Ἐπτὰ
2286 823 2340 879 δὲ
2387 824 2523 898 μόνα
2586 825 2824 901 εὒρηκὼς
2885 821 3173 900 ὁρθοδόξων
3233 825 3512 905 εὒκτήρια,
3555 823 3723 882 δεκαο

2071 911 2353 984 πλασιάζει
2400 920 2590 985 ταῦτα,
2643 914 2716 976 εἷς
2769 909 3142 986 ἑϐδομήκοντα
3171 916 3544 983 καταστήσας.
3585 915 3727 972 Εἶτα

2072 1000 2309 1071 σπουδήν
2353 1023 2410 1058 τε
2451 1008 2626 1059 πᾶσαν
2682 1002 2939 1082 εἰσφέρει,
2972 1001 3092 1062 τούς
3129 1001 3509 1067 παντοδαπαῖς
3555 1001 3726 1058 ἁλόν-

2068 1111 2163 1154 τας
2227 1092 2487 1170 αἱρέσεσιν
2545 1092 2870 1169 ἒπιττρέψαι
2931 1093 3062 1170 πρὸς
3123 1093 3223 1159 τὴν
3269 1091 3565 1173 εὖσέὸειαν,
3633 1093 3727 1149 καὶ

2068 1180 2232 1251 ζῆλον
2292 1182 2414 1238 οἷον
2472 1185 2590 1259 περὶ
2649 1181 2742 1243 τὰς
2806 1185 3140 1260 χειροτονίος
3191 1182 3546 1260 θερμότατον,
3580 1181 3723 1240 ὥστε

2068 1269 2371 1346 λημμάτων
2431 1272 2530 1346 μὲν
2578 1272 2739 1334 αὐτας
2784 1273 3118 1348 καθαρεύειν,
3179 1273 3334 1336 ἐκτὸς
3388 1273 3442 1328 δὲ
3488 1271 3717 1348 δοκιμα-

2069 1367 2182 1424 σίας
2230 1360 2498 1436 μηδεμίαν
2549 1363 2722 1417 αὐτῶν
2785 1363 3015 1439 γίνεσθαι
3063 1365 3190 1438 πρὸς
3235 1365 3452 1427 τούτους
3515 1363 3716 1438 ἐπιμέ-

2069 1449 2220 1507 λειαν
2256 1471 2267 1484 ⁸
2307 1451 2439 1518 ὅσην
2474 1463 2591 1521 περί
2637 1453 2738 1518 τὴν
2785 1453 2890 1508 τῶν
2949 1450 3308 1527 ἀδικουμένων
3365 1455 3714 1534 προστασίαν,

2067 1542 2154 1597 καὶ
2209 1542 2270 1598 τὸ
2330 1544 2409 1616 μὴ
2455 1543 2577 1605 τοὺς
2625 1539 2935 1613 δικάζοντας
2979 1543 3230 1618 θεραπείᾳ
3274 1543 3574 1620 προσώπων
3605 1567 3713 1600 κα-

2066 1629 2438 1709 ταπροδιδόναι
2521 1633 2582 1688 τὸ
2662 1630 2887 1705 δίκαιον,
2964 1630 3102 1687 ἄλλα
3165 1636 3310 1710 ζυγῷ
3365 1633 3711 1700 δικαιοσύνης

2067 1725 2397 1797 σταθμᾶσθαι
2458 1723 2551 1784 τὰς
2608 1724 2826 1798 κρίσεις,
2879 1721 2964 1778 καὶ
2995 1724 3134 1795 μήτε
3168 1725 3296 1794 πρὸς
3332 1724 3491 1802 χάριν
3525 1725 3713 1790 αὐτοὺς

2067 1812 2216 1889 ὁρᾷν,
2253 1813 2393 1887 μήτε
2426 1814 2532 1886 μὴν
2559 1814 2690 1890 πρὸς
2724 1811 3045 1891 ἀπέχθειαν,

2141 1989 2242 2063 ς’.
2281 1993 2351 2048 Τὸ
2409 1989 2463 2046 δὲ
2521 1998 2714 2066 μεῖζον
2761 1991 2905 2065 αύτῷ
2942 1991 3030 2048 καὶ
3077 1989 3366 2048 ἶδιαίτατον
3399 1995 3426 2048 ὁ
3456 1989 3710 2070 διάπυρος

2068 2081 2201 2158 πρὸς
2264 2081 2385 2146 τοὺς
2438 2082 2673 2147 πένητας
2724 2079 2872 2143 ἔλεος
2917 2081 3004 2153 ἦν,
3059 2082 3235 2137 καὶτὸ
3267 2083 3382 2160 περῖ
3414 2083 3513 2148 τὴν
3543 2086 3705 2150 θερα-

2065 2172 2220 2226 πείαν
2267 2173 2372 2227 τῶν
2433 2169 2698 2246 δεομένων
2760 2169 3038 2238 ἄπληστον
3078 2171 3165 2228 καὶ
3219 2171 3544 2251 ἀφύλακτον,
3605 2176 3705 2229 καὶ

2063 2260 2124 2315 τὸ
2167 2259 2303 2335 μηδέ
2354 2259 2489 2324 ὅλως
2551 2257 2716 2340 φειδὼ
2771 2264 3041 2318 ποιεῖσθαι
3073 2262 3400 2341 χρημάτων,
3437 2261 3576 2318 ὥστε
3615 2263 3707 2318 καὶ

2061 2353 2222 2409 αὐτοῦ
2278 2349 2542 2416 πολλάκις
2599 2357 2692 2406 τοῦ
2751 2353 3014 2426 πυθμένος
3071 2351 3328 2428 ἅψασθαι.
3362 2350 3704 2431 Ξενοδοχεῐα

2060 2447 2183 2517 γοῦν
2242 2442 2330 2497 καὶ
2385 2454 2734 2516 νοσοκομεϊα,
2799 2444 3226 2522 πτωχοτροφεΐά
3283 2464 3339 2498 τε
3386 2443 3520 2517 πρὸς
3579 2455 3701 2508 ταῖς

2057 2526 2248 2594 ἄλλαις
2309 2533 2471 2588 αὒτοῦ
2515 2533 2776 2594 εὖποιίαις
2827 2529 3174 2608 δειμάμενος,
3232 2531 3458 2598 ἆπέταξε
3491 2534 3699 2596 τούτοις

2055 2621 2388 2700 καθημερινὰ
2419 2621 2720 2698 σιτηρέσικ,
2775 2623 2860 2678 καὶ
2919 2630 3169 2679 τοσοῦτον
3207 2623 3348 2696 αὐτῷ
3381 2623 3438 2678 τὸ
3471 2623 3591 2700 περὶ
3635 2623 3701 2678 τὰ

326 2717 622 2790 tautzeque
649 2711 777 2772 haac
811 2719 984 2772 erant
1010 2713 1062 2772 ei
1087 2729 1264 2782 curre,
1297 2709 1559 2770 utetiam
1606 2708 1966 2789 pauperibus

2056 2716 2271 2766 τοιαῦτα
2333 2709 2593 2785 ἐπιμελὲς
2651 2710 2740 2786 ἧν,
2776 2713 2847 2773 ὡς
2883 2713 2970 2768 καὶ
3027 2711 3261 2791 γυναιξιν
3323 2712 3542 2791 ἀπόροις
3606 2713 3698 2777 αἶς

323 2799 591 2875 feminis,
624 2800 842 2881 quibus
872 2801 943 2861 asl
979 2801 1336 2881 pariendum
1377 2818 1496 2862 non
1527 2806 1697 2860 erant
1727 2797 1965 2859 habita-

2054 2799 2180 2876 πρὸς
2242 2802 2304 2855 τὸ
2365 2802 2560 2857 τίκτειν
2593 2800 2689 2856 οὒκ
2730 2801 2796 2869 ἧν
2827 2803 3167 2883 καταγώγια,
3202 2799 3319 2860 οὖδέ
3351 2826 3399 2858 τι
3432 2805 3537 2858 τῶν
3567 2805 3698 2882 πρὸς

321 2891 682 2971 cula,neque
703 2890 930 2972 aliquid
955 2909 1168 2952 eorum
1191 2908 1324 2970 qure
1349 2898 1486 2951 sunt
1507 2898 1642 2968 apta
1664 2889 1736 2949 ad
1760 2907 1966 2950 earum

2054 2889 2335 2966 θεραπείαν
2423 2889 2766 2966 ἐπιτηδείων,
2847 2891 3032 2956 οἴκους
3113 2893 3248 2948 ἐπτᾶ
3309 2891 3363 2947 ἐν
3421 2889 3695 2972 διαφόροις

319 2983 718 3054 curationem,
746 2989 976 3060 septem
1001 2980 1214 3042 domos
1247 2979 1589 3041 attribuerit
1617 2979 1675 3038 in
1709 2978 1966 3040 diversis

2055 2978 2313 3045 ἆποτάξαι
2361 2980 2544 3042 τόποις
2594 2982 2693 3049 τῆς
2752 2980 2989 3058 πόλεως,
3035 2981 3222 3045 κλίνας
3273 3002 3330 3038 τε
3381 2983 3472 3038 καὶ
3517 3003 3688 3059 στρωο

321 3070 470 3133 locis
494 3071 774 3145 civitatis,
811 3071 1202 3150 eﬂeceritque
1227 3079 1283 3132 ut
1319 3069 1378 3130 in
1405 3069 1493 3130 eis
1512 3077 1714 3130 essent
1736 3068 1878 3130 lecti
1915 3079 1966 3130 et

2055 3070 2190 3145 μνὰς
2253 3071 2308 3125 ἐν
2367 3072 2582 3134 τούτοις
2639 3071 2783 3128 εἶναι
2858 3074 3286 3150 παρασκευάσαι,
3344 3074 3432 3128 καὶ
3491 3078 3694 3151 τροφῶν

319 3161 576 3237 stragula
597 3169 655 3222 et
675 3160 1077 3242 suppeditatio
1097 3160 1668 3239 alimentorumque
1693 3158 1966 3221 reticere-

2054 3159 2320 3238 χορηγίαν
2381 3161 2439 3216 τὸ
2499 3161 2606 3218 τῶν
2665 3168 2961 3217 τικτουσὼν
3021 3161 3234 3227 ἐπιδεὲς
3279 3163 3692 3241 θεραπεύουσαν,

319 3257 415 3311 tur
445 3250 773 3327 indigentia
809 3251 1425 3332 parientium.Przeter
1449 3249 1573 3310 haec
1600 3248 1970 3330 pauperibus

316 3359 552 3421 quoque
574 3340 817 3403 clericis
843 3338 1626 3422 providebat,etunicuique
1641 3356 1846 3400 eorum
1868 3359 1967 3419 pe-

315 3432 507 3492 cuniae
532 3431 951 3512 praebebantur
972 3429 1345 3494 annuaeNon
1362 3430 1450 3492 eis
1474 3436 1669 3490 autem
1686 3429 1964 3502 solis,sed

315 3521 495 3584 etiam
533 3521 1081 3602 episcOpis,quibus
1109 3529 1382 3602 sumptus
1413 3518 1661 3580 minime
1688 3525 1967 3600 suppete-

315 3610 458 3671 bant
497 3610 569 3671 ad
605 3610 849 3672 victum.
883 3609 998 3672 Sed
1032 3609 1175 3691 quid
1223 3611 1352 3672 haec
1387 3610 1460 3670 ad
1489 3627 1767 3688 magnum
1801 3627 1966 3670 mare

313 3701 444 3778 ejus
471 3700 736 3761 liberalis
775 3699 1119 3772 voluntatis,
1156 3709 1213 3762 et
1267 3707 1498 3762 vastum
1533 3699 1680 3761 illud
1716 3697 1964 3780 pelagus

314 3787 732 3867 benignitatis?
757 3786 894 3850 Erat
919 3789 1075 3850 enim
1103 3789 1253 3850 alter
1274 3789 1445 3851 Nilus
1466 3791 1708 3869 copioso
1736 3789 1962 3852 ﬂuento

313 3877 859 3959 eleemosyntemon
893 3879 1179 3953 solam,ut
1210 3878 1338 3952 ille,
1373 3879 1575 3957 rigans
1604 3881 1958 3959 ZEgyptum,

313 3967 418 4029 sed
445 3967 634 4048 ipsam
662 3967 1100 4044 universam,ut
1127 3968 1313 4029 semel
1334 3968 1556 4042 dicam,
1584 3978 1803 4030 terram
1836 3967 1960 4030 cir-

319 4058 674 4121 cumﬂuens.
703 4058 847 4132 Quis
889 4058 1050 4120 enim
1077 4077 1146 4118 ex
1171 4057 1242 4118 iis
1264 4057 1362 4138 qui
1389 4057 1653 4139 undique
1674 4059 1960 4120 adventa-

320 4148 646 4224 bant,victu
677 4149 1034 4230 indigens,si
1067 4149 1137 4210 ad
1169 4149 1362 4228 ipsum
1392 4149 1768 4228 accessisset,
1805 4146 1961 4208 tristi

314 4239 474 4301 vultu
505 4248 566 4301 et
611 4241 812 4301 vacuis
842 4256 1118 4300 reversus
1170 4247 1257 4298 est
1291 4238 1588 4313 manibus,
1625 4247 1684 4301 et
1715 4257 1832 4300 non
1868 4248 1960 4300 est

311 4328 739 4408 benignitatem
758 4327 998 4390 abunde
1014 4326 1531 4389 corisecutus‘llmo
1557 4347 1693 4390 vero
1712 4328 1954 4410 quinam

310 4418 508 4493 exiis,
543 4419 642 4498 qui
680 4428 950 4499 egestate
978 4417 1336 4479 laborabant
1369 4418 1712 4499 ubicunque
1753 4427 1949 4480 terra-

305 4524 436 4568 rum
465 4481 598 4569 eum
626 4481 758 4570 esse
783 4509 1139 4590 recepisset,
1169 4527 1286 4569 non
1319 4528 1388 4571 ea
1415 4481 1693 4590 prtebu'it,
1718 4528 1848 4590 quze
1875 4509 1948 4570 ad
1972 4481 2018 4533 υ

306 4613 479 4658 usum
518 4598 898 4662 sufﬁcerent?
932 4600 1080 4661 Nam
1116 4617 1250 4660 cum
1287 4607 1425 4660 tunc
1456 4597 1654 4660 Persae
1685 4598 1950 4680 populati

304 4699 509 4751 essent
531 4690 868 4750 universam
890 4687 1144 4769 Syriam,
1179 4689 1277 4770 qui
1304 4708 1514 4751 eorum
1543 4707 1751 4750 manus
1776 4699 1946 4768 pote-

302 4787 435 4838 rant
453 4777 806 4854 etl‘ugere,ct
829 4776 1118 4852 laici,tam
1144 4778 1178 4836 ll
1211 4777 1312 4857 qui
1339 4777 1742 4856 magistratum
1769 4796 1942 4855 gere-

301 4865 466 4948 bant,
499 4885 676 4949 quam
706 4867 940 4948 privati,
962 4878 1020 4928 et
1057 4867 1259 4928 clerici
1293 4887 1426 4928 cum
1465 4866 1764 4946 episcolvis
1796 4885 1945 4928 con-

301 4955 529 5037 fugiunt
559 4957 1248 5029 Alexandriamﬂuibus
1271 4955 1552 5018 omnibus
1576 4956 1742 5017 dives
1767 4956 1868 5016 ille
1891 4965 1948 5018 et

302 5046 548 5108 minime
563 5065 673 5122 annx
687 5053 852 5108 ustus
870 5047 1218 5108 convivator
1238 5046 1504 5127 quotidie
1527 5044 1949 5126 suppeditabat

300 5154 430 5211 quae
452 5153 616 5198 erant
639 5143 709 5197 ad
734 5156 904 5198 usum
933 5144 1283 5204 necessaria,
1306 5154 1418 5195 non
1451 5140 1519 5195 ad
1558 5139 1943 5210 indigentium

299 5227 596 5305 aspiciens
631 5224 1100 5298 multitudinem,
1143 5235 1204 5285 ut
1234 5224 1456 5305 aliquid
1490 5225 1740 5299 faceret,
1786 5226 1944 5306 quod

301 5323 462 5377 esset
487 5314 718 5378 sordidi
750 5324 808 5376 et
842 5315 1156 5377 illiberalis
1183 5316 1382 5388 animi,
1413 5314 1517 5375 sed
1545 5315 1618 5376 ad
1653 5333 1816 5390 eum,
1843 5316 1945 5397 qui

301 5411 479 5481 aperit
507 5419 828 5480 manum,et
851 5423 1026 5466 omne
1049 5408 1262 5465 animal
1297 5409 1494 5478 implet
1515 5409 1942 5467 benedictione.

299 5495 444 5558 Cum
465 5502 660 5555 autem
687 5497 1027 5555 llasmiszus
1051 5496 1156 5572 (3y,
1183 5495 1298 5554 dux
1324 5497 1627 5555 exercitus
1649 5494 1945 5569 Chosroe,

373 5598 451 5666 (3)
487 5600 581 5654 Ms.
638 5600 817 5656 Graec.
870 5599 1278 5661 Rhatmiozus;
1320 5602 1563 5658 alterum
1617 5616 1727 5658 ms.
1771 5601 1948 5658 Graec.

301 5670 616 5727 Rumone.
651 5671 1014 5728 Describitur
1049 5672 1170 5726 haec
1211 5672 1518 5730 Persarum
1548 5672 1858 5744 expeditio
1887 5674 1947 5732 in

2051 3247 2173 3306 Ἐπὶ
2214 3250 2421 3313 τούτοις
2466 3260 2574 3308 τῶν
2615 3252 2923 3326 πενομένων
2985 3260 3077 3310 τοῦ
3128 3251 3332 3332 κλήρου
3365 3253 3690 3334 προμήθεια,

2048 3341 2138 3397 καὶ
2174 3341 2230 3396 τὸ
2277 3341 2484 3416 ἑκάστῳ
2515 3343 2716 3398 τούτων
2750 3342 2938 3412 ἐτήσια
2972 3344 3233 3423 χρήματα
3283 3341 3520 3421 ἐπιρρεῖν
3549 3363 3563 3378 ο
3597 3346 3692 3402 οὒκ

2053 3433 2237 3494 αὐτοῖς
2270 3427 2323 3486 δὲ
2370 3433 2582 3512 μόνοις,
2613 3431 2751 3489 ἀλλὰ
2780 3434 3004 3490 καὶτῶν
3051 3433 3358 3490 ἐπισκόπων
3405 3432 3552 3496 ὅσοις
3597 3433 3694 3490 οὒκ

2052 3519 2288 3598 αὐτάρκη
2351 3523 2413 3578 τὰ
2486 3525 2616 3601 πρὸς
2676 3525 2738 3579 τὸ
2801 3530 2898 3598 ζῇν
2971 3525 3234 3604 ἐτύγχανε
3304 3522 3690 3600 δαπανήματα.

2052 3607 2219 3666 Ἀλλὰ
2265 3613 2312 3667 τί
2355 3619 2520 3669 ταῦτα
2565 3615 2694 3692 πρὸς
2739 3616 2838 3682 τὴν
2882 3614 3125 3694 μεγάλην
3185 3620 3283 3682 τῆς
3330 3615 3692 3694 προαιρέσεως

2050 3699 2209 3756 αὐτοῦ
2264 3698 2560 3776 θάλασσαν,
2607 3704 2786 3760 καὶτὸ
2835 3705 3040 3784 ἀχανὲς
3081 3703 3261 3762 ἐκεῖνο
3317 3704 3559 3782 πέλαγος
3595 3705 3692 3773 τῆς

2049 3791 2427 3868 χρηστότητος
2465 3812 2480 3871 ς
2530 3791 2725 3858 Νεῖλος
2772 3793 2872 3873 γάρ
2923 3815 3005 3860 τις
3037 3794 3101 3863 ἧν
3132 3795 3311 3873 ἕτερος
3345 3794 3573 3870 δαψιλεῖ
3617 3797 3693 3871 τῷ

2044 3880 2266 3957 ῥεύματι
2309 3885 2410 3948 τῆς
2457 3880 2848 3960 ἑλεημοσύνης,
2895 3884 2954 3942 οὒ
2985 3885 3083 3952 τὴν
3118 3883 3392 3963 Αἴγυπτον
3424 3888 3498 3950 ὡς
3534 3887 3686 3943 ἐκεῖ·

2051 3991 2134 4035 νος
2191 3967 2360 4048 ἄρδην
2421 3971 2616 4046 μόνην,
2680 3971 2816 4030 ἀλλὰ
2860 3977 2952 4031 καὶ
3004 3973 3168 4043 αὖτήν
3217 3975 3318 4042 τὴν
3374 3975 3691 4058 σύμπασαν,

2043 4061 2118 4124 ὡς
2164 4061 2363 4139 εἰπεῖν,
2411 4060 2722 4140 περιρρέων,
2764 4065 2848 4127 Τίς
2883 4066 2984 4143 γὰρ
3015 4067 3118 4120 τῶν
3153 4063 3530 4144 άπανταχόθεν
3562 4066 3685 4122 ἐπι-

2045 4147 2382 4230 δημούντων,
2457 4152 2596 4227 βίου.
2655 4155 2919 4225 σπανίζων
2975 4155 3064 4211 καὶ
3137 4158 3282 4228 αὒτῷ
3350 4154 3682 4237 προσελθὼν,

2043 4246 2251 4318 στυγνῴ
2295 4241 2598 4319 προσώπῳ,
2659 4259 2842 4307 κεναῖς
2900 4241 3166 4310 ἐπανῆλθε
3217 4247 3399 4324 χερσὶ,
3447 4247 3536 4301 καὶ
3565 4250 3688 4328 οὖχὶ

2041 4328 2298 4394 πλουσίας
2334 4330 2615 4397 ἆπήλαυσε
2647 4338 2744 4400 τῆς
2777 4336 3156 4413 χρηστότητος
3192 4351 3208 4408 ;
3244 4334 3452 4410 μᾶλλον
3485 4334 3537 4390 δὲ
3571 4336 3682 4393 τίνα

2041 4427 2145 4476 τῶν
2193 4419 2383 4483 ἐνδεῶς
2445 4422 2688 4502 ἐχόνεωι
2733 4423 2866 4481 ὅπου
2911 4424 3031 4482 ποτ’
3079 4425 3139 4480 ἃν
3187 4427 3275 4480 καὶ
3334 4426 3436 4502 γῆς
3466 4427 3676 4504 ὑπῆρχε

2036 4513 2240 4585 μαθὼν,
2279 4513 2373 4568 οὒκ
2407 4512 2646 4589 αὒτάρκη
2697 4515 2761 4570 τὰ
2805 4517 2936 4592 πρὸς
2997 4515 3096 4580 τὴν
3126 4515 3318 4593 χρείαν
3351 4518 3486 4587 αὖτῴ
3531 4535 3670 4586 παρ-

2034 4601 2163 4680 έσχε
2199 4619 2215 4679 ;
2253 4606 2474 4678 Περσῶν
2509 4603 2610 4681 γὰρ
2641 4605 2699 4660 τὸ
2731 4611 3024 4670 τηνικαῦτα
3055 4605 3153 4670 τὴν
3185 4605 3366 4683 Σύρων
3417 4608 3516 4680 γήν
3562 4610 3672 4659 πᾶ-

2033 4711 2133 4744 σαν
2197 4689 2572 4766 λη’ίσαμένων,
2636 4695 2684 4750 οἱ
2757 4695 2850 4758 τὰς
2905 4693 3110 4749 τούτων
3170 4706 3370 4773 χεῖρας
3432 4693 3679 4773 ἰκφυγειν

2034 4777 2378 4855 δυνηθέντες,
2415 4781 2529 4838 ὅσοι
2574 4802 2632 4837 τε
2662 4788 2770 4838 τῶν
2799 4781 3006 4839 λα’ίκῶν
3060 4783 3196 4850 ἦσαν
3243 4783 3505 4862 ἄρχοντες
3552 4785 3683 4859 ὁμοῦ

2031 4870 2120 4925 καὶ
2177 4869 2506 4948 ἀρχόμενοι,
2541 4873 2636 4928 καί
2682 4871 2796 4928 ὅσοι
2827 4879 2921 4929 τοῦ
2968 4871 3169 4950 κλήρου
3219 4873 3405 4937 αὐτοῖς
3456 4873 3681 4931 ἐπισκό-

2034 4980 2152 5020 ποις
2207 4962 2280 5021 εἰς
2330 4958 2738 5040 Ἀλεξάνδρειαν
2783 4964 3208 5042 καταφεύγουσιν
3243 4983 3256 4998 ·
3297 4963 3385 5026 οἷς
3435 4969 3596 5020 πᾶσιν
3653 4966 3681 5020 ὁ

2034 5047 2283 5111 πλούσιος
2354 5050 2562 5116 ἐκεῖνος
2607 5054 2694 5109 καὶ
2740 5052 3192 5133 ἀστενοχώρητος
3243 5053 3506 5131 ἑστιάτωρ
3557 5053 3678 5110 ἱλα-

2030 5144 2136 5214 ρῶς
2190 5139 2304 5196 καθ’
2340 5141 2573 5209 ἑκάστην
2619 5143 2881 5223 ἐχορήγει
2926 5145 2991 5200 τὰ
3034 5145 3164 5222 πρὸς
3220 5144 3319 5210 τὴν
3351 5143 3562 5222 χρείαν,
3622 5146 3682 5202 οὗ

2029 5230 2164 5308 πρὸς
2197 5231 2262 5285 τὸ
2294 5229 2492 5297 πλῆθος
2524 5232 2581 5307 β)
2597 5232 2739 5289 ἐπων
2785 5236 2890 5288 τῶν
2925 5231 3218 5313 δεομένων,
3246 5233 3339 5288 ’ίνα
3369 5255 3418 5289 τι
3465 5235 3552 5289 καὶ
3584 5255 3683 5309 μι-

2027 5319 2306 5398 κρόψυχον
2361 5322 2591 5397 ὑποστῇ,
2640 5321 2780 5378 ἀλλὰ
2843 5325 2976 5400 πρὸς
3035 5325 3130 5379 τὸν
3190 5323 3474 5400 ἀνοίγοντα
3514 5336 3684 5402 χεῖρα

2035 5410 2122 5464 καὶ
2152 5413 2309 5466 παντὶ
2367 5409 2489 5484 ζώῳ
2549 5410 2788 5477 εὒδυκίας
2848 5410 3229 5487 μεταδιδόντα,
3269 5403 3586 5488 (Ρασμιόζου
3630 5410 3686 5469 δὲ

2035 5508 2128 5558 τοῦ
2185 5499 2592 5578 ὰχιστρατήγου
2670 5503 2910 5581 Χοσρόου
2999 5504 3121 5567 τοὺς
3194 5501 3519 5579 σεϐασμίους
3579 5508 3686 5560 τῶν

2039 5605 2326 5680 Chronico
2357 5606 2758 5666 Alexandrino
2819 5623 2977 5668 anno
3011 5608 3268 5668 Heraclit
3301 5621 3361 5666 tv
3381 5624 3400 5680 ;
3433 5626 3462 5667 ε
3494 5607 3686 5666 Theo-

2041 5679 2234 5750 phane
2266 5674 2371 5736 h’b.
2403 5689 2562 5739 xvrn.
2586 5693 2710 5754 cap.
2730 5680 2788 5750 5,
2817 5694 2934 5741 non
2963 5681 3266 5743 nominato
3287 5674 3439 5742 duce
3457 5681 3687 5741 exerci-
