4006 6138
417 210 550 276 -907

1722 218 2004 282 MENSlS
2054 219 2516 280 JANUARIUS.

3657 223 3757 288 908

433 351 571 406 runt
597 353 659 407 ut
691 363 787 408 me
807 347 1146 427 arriperent
1174 356 1232 408 et
1253 347 1561 409 efﬁcerent
1589 349 1817 409 socium
1837 369 1960 411 suae
1981 352 2073 412 in-

2164 353 2319 431 φησὶ,
2380 368 2615 431 τημερον
2672 353 2834 421 ἦλθον
2907 354 3236 432 συναρπάσαι
3293 376 3347 412 τε
3409 356 3492 411 καὶ
3546 359 3762 413 κοινωνὸν

433 433 762 510 ﬁdelitatis,
796 443 855 497 et
884 455 979 498 me
1008 446 1285 499 vocarent
1313 435 1388 496 ad
1424 437 1919 502 misericordiam.

491 611 848 694 XIII.Hujus
871 614 1184 676 maximam
1202 614 1628 693 benignitatem
1653 635 1786 678 cum
1814 617 2084 678 conside-

430 712 620 766 rasset
650 703 890 784 quidam
922 703 1171 779 advena,
1206 705 1485 781 cogitavit
1513 722 1647 765 eum
1697 714 1950 778 tentare,
1983 708 2084 786 qui

433 806 563 856 erat
581 793 858 872 superior
878 794 1040 855 omni
1063 795 1415 855 tentatione.
1443 795 1586 856 Cum
1616 814 1681 856 se
1706 812 1846 874 ergo
1873 797 2083 876 panni-

431 882 583 945 culis
605 882 1163 958 induisset,accedit
1179 881 1253 943 ad
1273 901 1411 944 eum
1436 893 1677 946 euntem
1706 886 1781 947 ad
1804 886 2086 947 visendos

433 991 539 1036 eos
559 975 660 1054 qui
687 983 857 1036 erant
881 976 939 1034 in
968 974 1575 1056 nosocomio(solebat
1598 978 1756 1038 enim
1780 979 1890 1038 hoc
1917 976 2008 1038 bis
2028 987 2086 1041 et

435 1071 525 1124 ter
550 1063 749 1126 facere
771 1064 832 1124 in
850 1063 1246 1130 hebdomade;
1290 1073 1346 1126 et
1367 1063 1564 1126 verbis
1587 1065 2082 1144 lugubribuszMi-

430 1169 636 1218 serere
657 1153 801 1227 mei,
824 1154 1038 1233 inquit,
1072 1153 1460 1234 domine,qui
1493 1172 1621 1215 sum
1655 1155 1938 1235 captivus.
1976 1157 2083 1218 Ille

433 1251 630 1304 autem
652 1243 826 1322 jubet
845 1241 1222 1305 distributori
1253 1242 1396 1304 dare
1420 1243 1474 1304 ei
1506 1262 1608 1304 sex
1635 1262 1934 1305 nummos.
1976 1246 2080 1307 llle

2167 440 2263 508 τῆς
2323 443 2494 499 αὐτῶν
2555 442 2805 509 ἀπιστίας
2864 442 3053 523 δεῖξοι,
3111 446 3200 500 καί
3254 446 3384 523 πρὸς
3438 441 3766 524 ἀσπλαγχνίαν

2169 551 2234 604 με
2275 530 2720 594 ἐκκαλέσσαοθαι.

2248 618 2352 677 ll".
2391 622 2588 677 Τούτο)
2631 623 2732 688 τὴν
2764 621 2974 690 πολλὴν
3004 623 3354 703 χρηστότητι
3402 624 3503 680 τῶν
3533 619 3770 688 ἐπηλύδων

2167 730 2247 772 τις
2301 710 2630 789 κατανοῆσαι
2685 709 2944 789 πέιράσας
3001 710 3249 781 διενοήθη
3292 713 3383 768 τὸν
3425 712 3591 778 πάσης
3619 712 3769 786 πείρας

2165 797 2452 876 ἀνώτερον,
2533 788 2716 856 Ῥάκια
2779 788 2961 856 τοίνυν
3045 801 3472 882 ἀμφιασάμενος,
3540 820 3767 879 πρόσεισιν

2167 890 2310 960 αύτῷ
2363 889 2638 964 προσιόντι
2700 887 3090 965 ἐπισκέψασθαι
3150 890 3272 954 τοὺς
3331 891 3387 947 ἐν
3454 897 3528 962 τῷ
3581 911 3768 946 νοσοκο-

2168 977 2302 1052 μείῳ
2365 977 2592 1055 (εἴθιστο
2623 979 2723 1056 γὰρ
2755 981 2897 1052 αὐτῷ
2926 977 3000 1045 δὶς
3037 981 3122 1037 καί
3176 983 3284 1058 τρὶς
3314 983 3468 1038 τοῦτο
3498 981 3591 1047 τῆς
3642 977 3768 1035 ἐϐδοε

2169 1064 2335 1141 μάδος
2369 1068 2600 1146 ποιεῖν),
2637 1070 2725 1125 καὶ
2757 1070 2958 1146 ῥήμασι
3014 1084 3252 1147 γοεροϊς,
3289 1067 3546 1136 Ἐλέησόν
3570 1089 3630 1143 με
3659 1071 3767 1124 οὓτω

2167 1157 2320 1232 φησὶ,
2354 1155 2605 1236 δέσποτα,
2655 1157 2746 1212 τόν
2791 1157 3164 1237 αἰχμάλωτον.
3219 1150 3275 1216 Ὀ
3310 1156 3366 1214 δὲ
3398 1159 3475 1232 τῷ
3529 1156 3763 1232 διανομεϊ,

2165 1243 2216 1310 ἓξ
2270 1249 2412 1318 αὐτῷ
2483 1248 2788 1321 νομίσματα
2843 1245 3019 1304 δοῦναι
3103 1249 3325 1304 κελεύει·
3388 1248 3474 1303 καὶ
3528 1247 3585 1311 ὃς
3634 1252 3768 1302 ταῦτα

437 1349 574 1395 vero
597 1333 672 1394 iis
692 1333 954 1413 acceptis
983 1341 1041 1394 et
1073 1343 1293 1393 mutato
1327 1333 1551 1411 habitu,
1589 1352 1697 1412 per
1725 1334 1898 1395 aliam
1923 1336 2073 1396 viam

2162 1332 2339 1390 λαϐὼν
2382 1337 2469 1391 καὶ
2527 1336 2758 1411 ἀμείψας
2814 1337 2874 1392 τὸ
2927 1343 3146 1415 σχῆμα,
3221 1338 3461 1416 πρόσεισι
3508 1333 3571 1391 δι’
3628 1335 3767 1402 ἄλλης

431 1423 666 1485 accedit
715 1441 924 1484 rursus
953 1422 1232 1484 similiter
1260 1442 1496 1501 rogans.
1553 1427 1767 1486 Beatus
1795 1433 1992 1485 autem
2023 1426 2073 1487 ei

2163 1425 2324 1481 πάλιν
2379 1426 2574 1498 ὁμοίως
2607 1425 2879 1500 δεόμενος.
2945 1419 3003 1484 ιΟ
3032 1427 3204 1483 τοίνυν
3263 1427 3523 1504 μακάριος
3552 1425 3602 1491 ἓξ
3654 1427 3768 1499 αὖτῷ

431 1530 648 1575 rursus
670 1511 845 1592 jubet
867 1511 995 1573 dari
1017 1531 1120 1573 sex
1142 1530 1284 1572 num
1297 1512 1545 1573 mos.Ad
1572 1531 1848 1590 magnum
1881 1524 2073 1576 autem

2185 1515 2268 1569 καὶ
2300 1514 2445 1578 αὖθις
2492 1515 2794 1591 νομίσματα
2855 1515 3128 1585 ἐπιτρέπει
3184 1515 3424 1583 δοθῆναι.
3459 1515 3690 1594 Ἐγγίσας
3727 1513 3771 1569 δὲ

433 1602 626 1663 virum
647 1601 944 1663 accedens
968 1601 1040 1677 is,
1067 1600 1169 1681 qui
1191 1601 1388 1675 dabat,
1418 1601 1507 1661 illi
1530 1601 1588 1661 in
1611 1621 1814 1663 aurem
1849 1603 2073 1680 signiﬁ-

2164 1611 2240 1676 τῷ
2297 1603 2521 1683 μεγάλῳ
2548 1607 2680 1683 πρὸς
2719 1607 2780 1662 τὸ
2811 1609 2898 1670 οὓς
2932 1609 2960 1661 6
3017 1605 3214 1674 διδοὺς,
3248 1609 3431 1662 τοῦτον
3461 1606 3615 1664 αὐτὸν
3653 1605 3773 1660 εἶναι

433 1699 528 1754 cat
564 1710 700 1754 eum
738 1709 895 1766 esse,
926 1691 1027 1771 qui
1049 1691 1222 1771 paulo
1267 1700 1403 1751 ante
1433 1691 1580 1750 alios
1611 1709 1711 1752 sex
1744 1702 2073 1772 acceperat.

2165 1695 2256 1775 τὸν
2313 1697 2400 1749 καὶ
2432 1696 2532 1771 πρὸ
2579 1694 2813 1774 βραχέος
2845 1698 2910 1752 τὰ
2967 1695 3120 1772 ἕτερα
3152 1695 3205 1762 ’ἐξ
3254 1695 3512 1775 εἰληφότα
3543 1694 3774 1772 γνωρίζει,

433 1779 578 1844 Cum
614 1799 755 1842 vero
779 1779 1068 1841 simulans
1092 1779 1267 1841 tertio
1298 1797 1506 1841 rursus
1535 1780 1797 1841 venisset
1820 1782 1891 1841 ad
1923 1783 2073 1843 acci«

2167 1772 2258 1843 Ὠς
2319 1780 2371 1836 δὲ
2403 1772 2824 1861 ὑποκρινάμενος
2873 1783 2936 1841 ἐκ
2983 1787 3156 1863 τρίτου
3211 1784 3374 1840 πάλιν
3393 1772 3547 1839 Ἷὲλθοι
3593 1779 3775 1857 λαϐεῖν,

432 1869 744 1952 piendum,
783 1869 1138 1930 distributor
1168 1869 1362 1930 innuit
1396 1869 1769 1949 patriarchae,
1795 1871 2073 1933 eumdem

2161 1873 2188 1925 6
2244 1867 2520 1946 διανομεὺς
2577 1874 2747 1930 νύττει
2778 1875 2870 1930 τὸν
2923 1875 3292 1953 πατριάρχην,
3327 1875 3420 1929 τὸν
3451 1873 3601 1928 αὐτὸν
3657 1871 3778 1926 εἶναι

432 1979 565 2022 esse
586 1977 795 2021 rursus
823 1957 1304 2038 signiﬁcanlele
1325 1968 1523 2020 autem
1547 1959 1693 2019 illud
1722 1960 2072 2039 praeclarum

2161 1961 2460 2034 σημαίνων
2519 1965 2606 2018 καί
2637 1964 2694 2027 ὃς
2753 1964 2814 2020 16
2843 1962 3080 2038 ἀοίδιμον
3136 1965 3317 2020 ἐκεῖνο
3375 1964 3466 2018 καὶ
3524 1960 3779 2040 φθέγγεται

431 2067 641 2112 rursus
678 2050 824 2112 dicit
845 2057 902 2110 et
931 2049 1090 2120 facit,
1115 2057 1181 2109 ut
1211 2047 1314 2124 qui
1345 2048 1562 2110 dixerit
1595 2071 1608 2105 :
1641 2051 1726 2111 Da
1747 2050 1804 2110 ei
1835 2049 2072 2112 duode-

2160 2051 2244 2106 καὶ
2308 2063 2482 2126 ποιεῖ,
2531 2050 2750 2108 Δώδεκα
2820 2051 2908 2114 δὸς
2981 2055 3122 2127 αύτῷ
3180 2053 3506 2127 νομίσματα,
3553 2049 3776 2126 εἰρηκὼς,

432 2140 546 2201 cim
575 2156 1019 2212 nummos;nam
1041 2139 1141 2199 ille
1166 2139 1290 2216 ipse
1315 2150 1408 2199 est
1437 2138 1724 2200 Dominus
1751 2157 1942 2210 meus,
1971 2139 2073 2219 qui

2160 2141 2235 2214 μή
2292 2162 2422 2196 ποτε
2481 2143 2568 2197 καὶ
2630 2143 2786 2207 αὐτὸς
2831 2143 3036 2208 ἐκεῖνος
3068 2146 3095 2199 6
3157 2144 3342 2220 Κύριός
3403 2148 3504 2216 μοῦ
3551 2141 3656 2195 ἐστι
3707 2139 3778 2193 καὶ

429 2245 528 2290 me
559 2228 891 2290 tentat.Sed
923 2227 1050 2289 hac
1073 2229 1314 2307 quidem
1350 2227 1458 2288 sic.
1493 2227 1698 2289 Oratio
1721 2235 1920 2288 autem
1955 2228 2073 2288 vult

2160 2231 2381 2306 πειράζῃ
2440 2251 2529 2304 με,
2565 2229 2732 2286 Ἀλλά
2784 2237 2948 2287 ταῦτα
2977 2232 3075 2305 μὲν
3126 2229 3250 2291 ὧδέ.
3299 2232 3364 2287 Ὀ
3417 2228 3657 2306 λόγοςδέ
3704 2227 3778 2283 καὶ

429 2317 608 2380 etiam
659 2317 775 2380 alia
825 2318 1081 2398 plurima
1132 2323 1411 2390 tractare,
1445 2316 1840 2396 signiﬁcantia
1882 2316 2073 2396 qualis

2160 2317 2310 2395 ἕτερα
2342 2317 2579 2375 πλεῖστα
2609 2317 2885 2376 διαλαϐεῖν
2915 2319 3182 2396 βούλεται,
3215 2321 3335 2383 οἷος
3398 2320 3466 2387 ἦν
3495 2318 3648 2395 ἄκρος
3681 2317 3776 2392 περὶ

428 2417 588 2470 esset
612 2407 698 2468 vir
725 2406 830 2468 ille
860 2422 1131 2468 summus
1160 2404 1321 2466 circa
1352 2405 1799 2483 benignitatem.

2160 2409 2218 2462 16
2250 2406 2619 2487 φιλάνθρωπον
2650 2411 2678 2465 6
2708 2409 2877 2487 μέγας
2909 2407 3192 2476 δηλουντα,

1921 2525 2170 2592 CAPUT
2215 2526 2316 2591 ΠΙ.

1422 2635 1793 2701 Subventum
1820 2637 2076 2716 pauperi
2117 2638 2464 2714 mercatori,
2507 2643 2563 2700 ct
2594 2637 2811 2701 nobili.

507 2802 967 2866 XlV.Mercator
984 2799 1068 2881 (9)
1085 2798 1330 2879 quidam
1353 2796 1670 2877 possidens
1700 2813 1911 2857 navem
1933 2813 2073 2876 pro-

2247 2789 2352 2858 ἸΔ.
2410 2798 2688 2877 ’Έμπορός
2742 2821 2822 2862 τις
2881 2805 3007 2855 ναῦν
3035 2801 3364 2872 κοκτημένος
3424 2798 3578 2879 ἰδίαν,
3608 2796 3775 2856 δυστυ-

426 2895 643 2973 priam,
675 2910 807 2953 cum
842 2891 900 2953 ei
932 2887 1342 2951 infelicissime
1399 2885 1680 2947 cessisset
1712 2893 2072 2959 mercatura,

435 2983 596 3062 gravi
622 2979 1012 3063 premebatur
1031 2975 1257 3058 inopia.
1294 2974 1361 3037 Ei
1387 2994 1691 3063 ergo,cum
1723 2977 2076 3036 accessisset

431 3061 490 3134 et
515 3061 784 3152 petiisset
813 3069 1038 3149 aliquid
1059 3066 1283 3136 auxilii,
1314 3061 1710 3142 beatusjubet
1739 3063 1864 3123 dari
1895 3064 2074 3143 quin-

427 3180 545 3243 que
577 3159 760 3222 libras
782 3157 1104 3230 auri.Quas
1125 3156 1365 3236 quidem
1385 3173 1520 3214 cum
1549 3153 1900 3243 accepisset,
1926 3159 1992 3243 et
2006 3169 2077 3213 ea

425 3241 643 3334 quibus
675 3269 827 3332 opus
871 3247 1129 3309 habebat
1155 3253 1314 3306 esset
1373 3241 2022 3334 mercatus,rnavigavit
2053 3260 2068 3301 :

424 3333 746 3424 Postquam
795 3347 988 3401 autem
1022 3336 1132 3397 fuit
1185 3334 1346 3396 circa
1375 3333 1640 3424 Pharon,
1667 3333 1722 3392 vi
1763 3341 2072 3424 ventorum

421 3421 911 3505 vexat'us,amittit
937 3426 1177 3506 quidem
1199 3444 1291 3493 ea,
1319 3441 1448 3502 quae
1471 3421 1750 3496 vehebat;
1776 3421 2072 3501 navigium

423 3540 564 3583 vero
589 3524 780 3582 solum
800 3529 996 3579 servat
1018 3533 1288 3576 vacuum.
1325 3512 1571 3575 Accedit
1598 3530 1738 3589 ergo
1766 3530 1973 3571 rursus
1994 3511 2066 3572 ad

428 3609 826 3692 patriarcham
854 3608 1027 3666 simul
1052 3604 1292 3685 quidem
1321 3601 1542 3681 tragice
1573 3600 1881 3692 deﬂensid
1906 3601 2065 3692 quod

423 3690 961 3764 acciderat.etcum
978 3694 1048 3754 ad
1069 3694 1354 3772 majorem
1370 3690 2069 3752 vocauscommiseratio-

427 3787 703 3861 nem,llle
722 3794 916 3846 autem
939 3801 1070 3842 cum
1092 3782 1400 3855 audiisset,
1429 3780 1699 3840 hortatur
1722 3777 1963 3859 quidem
1987 3797 2065 3841 ne

2163 2887 2400 2966 χέοτατα
2444 2888 2692 2955 διατεθεὶς
2753 2890 2882 2967 πρὸς
2940 2891 3041 2958 τήν
3083 2887 3363 2966 ἐμπορίαν,
3413 2889 3604 2967 ἀπορίᾳ
3659 2887 3781 2944 ἐπιέ-

2158 2983 2279 3047 ζετο
2351 2977 2596 3058 χαλεπῇ.
2671 2979 2854 3049 Τούτῳ
2915 2986 3040 3054 γοῦν
3095 2974 3463 3056 προσελθόντι,
3511 2979 3596 3034 καὶ
3655 2997 3778 3039 τινος

2159 3065 2462 3147 ἐπικουρίας
2491 3068 2718 3133 ἀξιούντι
2762 3079 2980 3147 τυχεῖν,
3015 3068 3042 3124 6
3073 3066 3338 3145 μακάριος
3371 3067 3530 3124 πέντε
3584 3067 3779 3147 χρυσίου

2163 3156 2337 3234 λίτρας
2394 3155 2607 3225 δοθῆναι
2640 3157 2978 3235 προστάττω
3040 3154 3209 3234 ἅσπερ
3245 3154 3311 3223 δὴ
3362 3157 3454 3213 καὶ
3499 3153 3669 3212 λαϐὼν
3704 3153 3778 3210 καὶ

2156 3249 2231 3301 ὧν
2289 3245 2462 3304 ἐδεῖτο
2511 3246 3002 3325 ἐμπορευσάμενος,
3033 3244 3210 3308 ἔπλει.
3273 3236 3368 3309 Ὠς
3426 3243 3481 3302 δὲ
3538 3246 3650 3324 περὶ
3700 3243 3777 3300 16v

2157 3337 2332 3414 Φάρον
2391 3337 2622 3414 ἐγένετο,
2672 3335 2812 3412 βίαις
2869 3334 3206 3414 περίληιρθεὶς
3277 3333 3493 3410 ἀνέμων
3552 3331 3775 3392 ἀποϐάλ-

2156 3437 2305 3482 Λεται
2364 3425 2460 3501 μὲν
2492 3425 2558 3481 τὰ
2606 3424 2881 3502 ἀγώγιμα,
2915 3425 3077 3499 μόνον
3123 3421 3178 3480 δὲ
3219 3424 3280 3480 τὸ
3312 3422 3511 3482 πλοῖον
3553 3421 3775 3492 διασώζει

2151 3516 2328 3578 κενόν,
2388 3513 2754 3592 Προσέρχεται
2787 3513 2959 3570 τοίνυν
3001 3512 3096 3570 καί
3155 3515 3299 3577 αὖθις
3329 3519 3410 3588 τῷ
3460 3515 3771 3592 πατριάρχῃ,

2150 3605 2264 3679 ἅμα
2322 3603 2418 3678 μὲν
2452 3602 2804 3680 ὲκτραγῳδῶν
2860 3605 2922 3659 τὸ
2979 3600 3205 3681 συμϐὰν,
3240 3602 3352 3678 ἅμα
3415 3601 3469 3659 δὲ
3515 3605 3600 3659 καὶ
3653 3601 3771 3680 πρὸς

2151 3695 2477 3768 συμπάθειαν
2538 3695 2695 3749 αὐτὸν
2768 3692 2984 3751 πλείονα
3066 3690 3482 3767 ἐκκαλούμενος.
3567 3693 3658 3750 Καὶ
3718 3689 3770 3752 ὃς

2151 3783 2403 3857 ἀκούσας,
2442 3795 2695 3860 παραινεῖ
2747 3783 2845 3858 μὲν
2895 3783 2972 3858 μὴ
3031 3781 3408 3862 ἀπαγορεύειν,
3441 3780 3669 3860 ἐπιλέγει
3722 3776 3769 3833 δὲ

425 3883 684 3939 animum
711 3876 1280 3948 despondeat,aperte
1303 3885 1490 3931 autem
1517 3874 2059 3944 subjungit,dicvns:

2160 3878 2385 3951 ρανερῶς
2441 3875 2538 3947 ὡς,
2576 3873 2634 3929 Εἰ
2663 3873 2742 3948 μὴ
2781 3884 2898 3936 τοῖς
2931 3869 2982 3937 ἐξ
3025 3869 3229 3934 ἀδικίας
3259 3871 3640 3952 περιλειφθετσι
3691 3866 3768 3923 καὶ

427 3966 561 4030 Nisi
585 3965 821 4038 iis,qua’.
846 3959 950 4021 tibi
977 3959 1226 4038 reliqua}
1249 3965 1415 4018 erant
1438 3975 1507 4018 ex
1529 3957 2066 4036 iniquitate,Eccle-

2160 3964 2213 4017 ιὰ
2268 3967 2367 4028 τῆς
2398 3960 2724 4028 Ἐκκλησίας
2757 3962 3016 4040 χρήματα
3066 3964 3329 4040 συνῆψας,
3364 3963 3464 4018 ούκ
3517 3960 3576 4017 ἃν
3632 3964 3769 4014 τοῦτο

425 4061 530 4118 sia;
574 4069 812 4133 quoque
846 4047 1132 4128 pecunias
1170 4047 1607 4125 conjunxisses,
1645 4065 1761 4105 non
1813 4047 1925 4106 hoc
1958 4043 2065 4106 tibi

2160 4048 2498 4124 τυμϐεϐήκοι.
2583 4053 2738 4114 Αὖθις
2795 4052 2883 4108 οὖν
2953 4049 3069 4115 δέξα
3127 4049 3304 4122 λίτρας
3379 4051 3520 4122 αὐτῷ
3573 4046 3768 4113 δοθῆναι

424 4142 798 4223 contigisset.
827 4141 1056 4201 Rursus
1077 4155 1216 4214 ergo
1232 4137 1402 4215 jubet
1429 4135 1485 4196 ei
1507 4134 1635 4195 dari
1658 4135 1866 4195 decem
1890 4135 2068 4196 libras

2160 4138 2356 4196 κελεύει
2415 4141 2657 4219 χρυσίου,
2691 4138 3050 4218 παραγγείλας
3111 4138 3264 4218 ἕτερα
3291 4140 3500 4202 τούτοις
3556 4139 3630 4211 μὴ
3675 4134 3768 4209 ἐμ-

427 4233 581 4306 auri,
609 4229 852 4311 jubens,
875 4245 951 4288 ne
972 4244 1072 4287 eas
1095 4227 1374 4305 injiceret
1405 4244 1537 4286 cum
1563 4225 1713 4284 aliis.
1749 4224 2071 4304 Quampri-

2160 4225 2362 4290 ὅαλεϊν,
2429 4230 2575 4287 Κατὰ
2629 4231 2796 4308 τάχος
2853 4228 2942 4283 οὖν
2973 4231 3001 4284 6
3049 4227 3281 4306 ἔμπορος
3325 4227 3476 4284 ἔπλει
3517 4229 3604 4284 καί
3649 4243 3765 4282 ναυ-

432 4339 594 4382 mum
619 4338 760 4396 ergo
789 4315 1076 4392 navigavit
1108 4312 1653 4388 mercator,accidit
1678 4326 1737 4372 ut
1763 4321 1821 4374 et
1844 4323 2073 4392 patere-

2160 4319 2287 4395 αγίῳ
2341 4316 2500 4378 πάλιν
2532 4323 2732 4398 χρῆται
2788 4327 2882 4376 τοῦ
2937 4320 3194 4395 προτέρου
3232 4315 3617 4398 χαλεπωτέρῷ,
3647 4314 3762 4387 αὖτῇ

426 4417 524 4470 tur
572 4409 757 4490 priori
785 4407 1020 4485 gravius
1070 4404 1467 4479 naufragium,
1503 4412 1568 4464 ut
1615 4403 1717 4478 qui
1765 4421 1894 4462 cum
1926 4421 2072 4464 nave

2160 4408 2248 4474 νηΐ
2319 4409 2407 4464 καὶ
2463 4409 2554 4464 16v
2623 4410 2813 4487 φόρτον
2869 4406 3177 4466 ἀποϐαλών.
3225 4405 3473 4487 Ἐσχάτῃ
3514 4409 3759 4481 τοιγαροῦν

426 4517 575 4561 onus
594 4497 772 4558 simul
795 4496 1085 4556 amiserit.
1120 4494 1264 4556 Cum
1292 4511 1431 4570 ergo
1460 4492 1516 4551 in
1542 4501 1868 4551 extremam
1906 4491 2069 4552 ceci-

2160 4496 2453 4575 ἀπογνώσει
2512 4499 2832 4575 περιπεσὼν,
2866 4496 3042 4565 ἥττων
3088 4519 3145 4554 τε
3175 4499 3276 4564 τῆς
3308 4498 3524 4573 ἀθυμίας
3549 4493 3750 4572 γενόμε-

426 4588 616 4650 disset
638 4585 1214 4665 desperationem,et
1240 4581 1428 4641 victus
1449 4591 1604 4640 esset
1627 4579 1806 4639 animi
1838 4581 2072 4659 aegritu-

425 4676 659 4752 dine,et
681 4693 793 4736 nec
819 4673 1112 4736 tantillum
1142 4670 1383 4750 quidem
1414 4681 1609 4748 posset
1632 4669 1914 4730 cohibere
1949 4689 2074 4732 mo-

425 4775 552 4828 tum
606 4765 815 4837 animi,
850 4763 1051 4842 etjam
1088 4780 1326 4822 manum
1383 4759 1498 4820 sibi
1530 4767 1687 4819 esset
1733 4757 2016 4819 allaturus
2051 4780 2066 4836 ;

424 4855 648 4919 deinde
678 4873 811 4915 cum
857 4851 1015 4932 quod
1044 4851 1264 4911 factum
1297 4857 1447 4924 erat,
1468 4866 1674 4909 rursus
1704 4847 2063 4924 rescivisset,

424 4943 764 5028 patriarcha
785 4959 920 5002 eum
950 4939 1225 5001 accersit.
1259 4937 1367 4999 Ille
1396 4935 1880 5028 autemeccessit
1908 4945 2070 4999 veste

425 5025 717 5116 disrupta,
750 5048 922 5092 coma
952 5028 1176 5101 evulsa,
1210 5037 1268 5088 et
1297 5035 1474 5108 caput
1518 5025 2067 5116 habensconsper-

419 5143 551 5187 sum
577 5115 1024 5194 cinere,habitu
1049 5115 1850 5191 miserabilis,miserabilior
1871 5126 2067 5178 autem

422 5217 718 5294 gravitate
741 5211 1122 5282 calamitatis,
1149 5219 1208 5269 et
1239 5209 1443 5269 multis
1476 5208 1750 5286 lacrymis
1779 5205 2066 5286 lacrymas

2153 4607 2238 4650 νος
2297 4586 2384 4643 καὶ
2415 4584 2552 4662 μηδὲ
2607 4587 2779 4667 βροχὺ
2807 4593 2899 4644 τοὺ
2954 4588 3148 4651 πάθους
3199 4586 3466 4666 ἐγκρατὴς
3493 4585 3621 4642 εἶναι
3667 4575 3748 4634 δυ·

2152 4676 2404 4751 νάμενος,
2438 4677 2528 4731 καὶ
2585 4677 2768 4733 ἑαυτὸν
2801 4673 2904 4743 ἤδη
2962 4673 3376 4756 διαχειρίζεσθαι
3418 4673 3619 4751 ἔμελλε,
3649 4668 3755 4724 εἶτα

2151 4766 2211 4819 16
2258 4764 2476 4842 γέγονὸς
2507 4766 2594 4821 καὶ
2639 4768 2782 4830 αὖθις
2814 4767 2842 4821 6
2896 4766 3236 4844 πατριάρχης
3265 4765 3548 4841 ἀντιμαθὼν
3593 4761 3756 4817 eicit!-

2150 4852 2327 4910 λετται
2381 4861 2582 4911 τοῦτον·
2616 4857 2705 4911 καὶ
2733 4856 2790 4918 ὃς
2842 4856 3066 4932 προσῄει
3095 4855 3194 4922 τὴν
3224 4855 3417 4924 ἐσθῆτα
3468 4845 3759 4931 διερρηγμέ-

2151 4965 2262 5019 νος,
2321 4944 2418 5012 τὴν
2484 4945 2661 5021 κόμην
2732 4943 3135 5021 διεσπασμένος,
3201 4951 3346 5003 κόνει
3395 4949 3494 5012 τὴν
3548 4937 3761 5021 κεφαλὴν

2151 5034 2656 5110 καταπεπασμένος,
2743 5033 2942 5098 ἐλεινὸς
3023 5037 3084 5091 16
3155 5038 3373 5115 σχῆμα,
3433 5029 3762 5106 ἐλεεινότερος

2151 5129 2227 5196 τῷ
2277 5124 2425 5203 βάρει
2455 5130 2563 5182 τῶν
2619 5131 2925 5205 συμφορῶν,
2959 5122 3174 5205 δάκρυσί
3228 5145 3287 5182 τε
3318 5122 3540 5186 πολλοῖς
3589 5117 3765 5194 δάκρυα

2147 5213 2253 5286 τῷν
2280 5199 2284 5200 7
2309 5199 2596 5293 όψθαλμῶν
2645 5199 3027 5295 ἐφελκόμενος,
3060 5199 3175 5271 Ἥον
3219 5216 3305 5271 καὶ
3354 5216 3380 5270 6
3412 5212 3576 5290 μέγας
3629 5205 3767 5295 αὐτὸς

425 5304 741 5365 oculorum
767 5297 1294 5370 attrahens.Quem
1320 5298 1495 5360 etiam
1529 5297 1625 5356 hic
1656 5312 1902 5372 magnus
1927 5315 2060 5360 cum

2160 5304 2492 5380 θεασάμενος,
2564 5294 2753 5369 Ἵλεώς
2816 5327 2922 5384 σοι,
2971 5304 3155 5384 φησὶν,
3213 5307 3240 5360 ὁ
3297 5305 3446 5368 Θεὸς.
3505 5300 3561 5358 Τί
3612 5294 3764 5384 οὕτως

424 5393 697 5456 vidisset:
731 5389 1062 5470 PrOpitius,
1086 5387 1299 5467 inquit,
1324 5388 1405 5449 sit
1427 5385 1531 5449 tibi
1553 5384 1737 5449 Deus.
1770 5389 1887 5451 Cur
1916 5409 2063 5473 pro-

2147 5392 2305 5449 αὐτὸν
2366 5392 2424 5450 ἐκ
2501 5394 2865 5474 μικροψυχίας
2909 5383 3166 5460 διέθηκας
3201 5411 3219 5467 ;
3281 5393 3510 5450 Πέποιθα
3550 5391 3625 5462 τῷ
3662 5383 3766 5458 Θεῷ

509 5550 675 5632 (8-9)
708 5548 1022 5627 Leontius,
1055 5546 1413 5626 nauclerus,
1450 5548 1609 5630 quod
1643 5548 1796 5612 intra
1823 5549 1923 5614 hic
1950 5550 2196 5616 dicitur.
