4006 6138
310 227 432 297 909

1311 235 1500 303 VITA
1541 239 1602 303 S.
1647 236 1974 305 JOANNIS
2026 237 2671 307 ELEEMOSYNARII.

3555 227 3680 306 910

311 392 438 444 μου,
509 373 582 434 ὡς
641 370 815 430 οὐκέτι
902 394 986 429 σοι
1070 380 1161 432 τοῦ
1221 372 1412 432 λοιποῦ
1466 374 1659 434 πλοῖον
1717 374 1973 448 οιόδαμοῦι

2061 380 2163 436 >ter
2184 372 2466 454 pusillum
2493 379 2553 434 et
2575 370 2879 453 abjectiim
2907 370 3282 432 animumita
3313 386 3380 433 es
3400 368 3682 434 affectus?

311 461 628 537 ναυαγήσει.
692 461 840 528 Πλὴν
891 461 1001 519 ἴσθι
1056 471 1236 544 σαφῶς
1299 465 1426 544 παρ’
1469 465 1614 522 οὐδὲν
1672 465 1805 522 ἄλλο
1859 467 1950 522 καὶ

311 555 472 606 τοῦτο
517 547 808 625 συμϐῆναι,
865 551 900 619 ἢ
945 551 1026 608 ὅτι
1070 576 1150 610 σοι
1194 556 1281 611 καὶ
1343 557 1470 614 αὐτὸ
1526 557 1586 612 τὸ
1639 556 1830 613 πλοῖον
1890 555 1949 610 οὗ

311 633 529 702 δικαίως
573 637 690 696 οὐδὲ
723 639 899 705 καλῶς
929 641 1192 722 ἐτύγχανε
1223 644 1573 722 προσκτηθέν.

398 816 504 879 ΙΕ’.
538 824 713 877 Ταῦτα
746 821 907 876 εἰπὼν
965 819 1177 890 δνθῆναί
1203 824 1250 878 οἱ
1279 823 1335 879 ἓν
1359 825 1466 880 τῶν
1497 829 1595 893 τῆς
1623 824 1949 892 Ἐκκλησίας

307 903 516 963 πλοίων
559 907 788 984 κελεύει,
849 911 994 967 σίτου
1045 911 1307 987 μυριάδων
1353 912 1442 970 δύο
1499 914 1945 991 πεπληρωμένον,

309 993 446 1074 ὅπερ
502 994 680 1052 λαϐὼν
721 996 926 1063 ἐξέπλει
970 1005 1067 1067 τῆς
1117 998 1484 1082 Ἀλεξάνδρου.
1525 1006 1619 1061 Καὶ
1663 1002 1797 1071 δῆτα
1825 1005 1951 1061 ἐπι-

308 1086 462 1162 φόρῳ
517 1088 862 1166 χρησάμενος
921 1090 1206 1164 πνεύματι,
1283 1091 1548 1168 παραδοὺς
1622 1095 1804 1152 ἑαυτὸν
1875 1101 1952 1168 τῷ

310 1175 550 1252 φέροντι,
613 1174 778 1253 ἤγετο
835 1176 1000 1252 μηδὲν
1062 1179 1212 1242 εἰδὼς
1266 1181 1389 1238 ὅποι
1452 1181 1545 1238 καῖ
1596 1183 1711 1252 εἴη’
1745 1185 1950 1262 ἡμέρας

307 1264 417 1339 γὰρ
460 1263 630 1321 εἴκοτι
676 1268 772 1322 καί
801 1268 990 1330 νύκτας
1027 1269 1118 1333 τὰς
1177 1267 1304 1333 ἵσας
1347 1276 1446 1334 τῆς
1477 1274 1604 1339 νηὸς
1633 1272 1770 1329 οὕτω
1797 1274 1951 1330 θεού-

310 1372 445 1425 σης,
503 1352 612 1409 οὔτ’
663 1356 842 1435 αὐτὸς,
891 1356 1008 1413 οὕτε
1052 1379 1134 1420 τις
1178 1361 1284 1414 τῶν
1316 1359 1368 1415 ὲν
1393 1367 1462 1438 τῇ
1492 1366 1589 1428 νηῒ
1622 1361 1825 1441 ἕτερος,
1859 1361 1954 1419 οὒκ.

311 1439 379 1494 ἐκ
412 1447 514 1531 τῷν
545 1440 774 1521 ἄστρων,
809 1448 902 1502 οὐκ
931 1445 982 1511 ἐξ
1028 1445 1307 1527 ἐγχωρίων
1353 1447 1417 1519 δή
1449 1472 1607 1507 τινων
1639 1439 1952 1531 γνωρισμά-

311 1551 429 1586 των
473 1529 603 1617 ὅπου
660 1533 789 1589 ποτὲ
820 1543 920 1612 γῆς
950 1538 1110 1608 ἦσαν,
1141 1536 1386 1596 ἐδύναντο
1418 1539 1725 1617 διαγνῶναι,
1754 1529 1840 1598 γὸτι
1876 1543 1953 1617 μὴ

308 1625 398 1708 τῷ
455 1616 752 1698 κυϐερνήτῃ
832 1626 980 1698 μόνῳ
1055 1628 1082 1681 ὁ
1140 1629 1482 1708 πατριάρχης
1523 1616 1952 1708 νδποφανινόμενος

2033 462 2279 526 Conﬁdo
2300 462 2360 524 in
2388 460 2512 524 Deo
2537 459 2865 542 meo,quod
2890 460 2966 522 de
2989 466 3208 524 caetero
3234 459 3342 521 tibi
3365 459 3531 521 navis
3549 459 3678 521 nul-

2035 552 2154 613 lum
2191 552 2449 630 patietur
2479 551 2878 631 naufragium.
2909 552 3025 615 Sed
3051 549 3213 612 scias
3234 550 3350 611 hoc
3374 547 3482 611 tibi
3515 549 3682 611 nulla

2031 641 2149 702 alia
2178 642 2254 704 de
2285 659 2465 703 causa
2502 640 2821 716 accidisse,
2853 641 2969 702 nisi
3001 638 3160 722 quod
3194 640 3321 701 haec
3355 639 3524 702 navis
3557 656 3681 702 non

2028 730 2210 811 juste,
2247 749 2366 792 non
2393 730 2666 805 honeste,
2699 749 2735 792 a
2766 737 2822 792 te
2845 737 3008 794 esset
3038 729 3359 810 acquisita.

2111 817 2234 881 XV.
2274 819 2408 880 Haec
2438 837 2574 882 cum
2623 819 2896 894 dixisset,
2919 819 3106 900 jussit
3146 818 3202 880 ei
3235 817 3367 880 dari
3399 836 3579 881 unam
3608 835 3681 883 ex

2035 927 2109 970 na
2121 909 2290 970 vibus
2303 908 2916 990 Ecclesiaejmpletam
2940 908 3142 984 viginti
3166 907 3437 970 millibus
3452 908 3682 972 modio-

2033 1015 2168 1060 rum
2195 999 2509 1061 frumenti.
2540 1000 2664 1071 Qua
2693 999 2939 1080 quidem
2970 1009 3244 1079 accepta,
3278 999 3584 1078 navigavit
3610 1017 3682 1061 ex

2033 1087 2417 1163 Alexandria,
2453 1096 2512 1149 et
2541 1097 2716 1150 vento
2749 1105 2890 1151 usus
2919 1089 3353 1165 secundo,cum
3387 1106 3454 1152 se
3479 1089 3681 1170 ipsum

2034 1177 2385 1239 tradidisset
2414 1175 3264 1257 ei,quiferebat,ducebantur
3296 1177 3446 1239 nihil
3482 1178 3684 1240 sciens

2035 1266 2277 1327 ubinam
2313 1264 2648 1328 esset.Nam
2669 1284 2803 1328 cum
2829 1266 3034 1345 viginti
3058 1266 3188 1329 dies
3211 1276 3272 1330 et
3291 1266 3543 1330 totidem
3568 1285 3682 1329 no-

2035 1364 2160 1416 ctes
2191 1355 2357 1416 navis
2405 1354 2492 1417 sic
2525 1364 2820 1431 curreret,
2855 1372 3054 1436 neque
3106 1357 3261 1436 ipse,
3295 1373 3493 1437 neque
3522 1356 3682 1420 ullus

2037 1445 2187 1505 alius
2219 1461 2292 1506 ex
2325 1443 2423 1518 iis,
2464 1444 2566 1524 qui
2599 1451 2769 1506 erant
2797 1445 2860 1506 in
2890 1443 3047 1521 navi,
3083 1462 3196 1506 nec
3227 1462 3299 1506 ex
3333 1445 3534 1520 astris,
3571 1461 3684 1507 nec

2037 1551 2109 1595 ex
2139 1533 2406 1610 regionis
2437 1532 2705 1610 indiciis,
2740 1532 2985 1596 ubinam
3023 1542 3227 1595 essent
3257 1541 3538 1614 poterant
3564 1533 3684 1595 dis-

2037 1620 2434 1695 cernere,nisi
2470 1622 2628 1702 quod
2656 1621 2768 1684 soli
2800 1623 3188 1702 gubernatori
3215 1622 3547 1704 apparebat
3575 1641 3687 1704 pa-

310 1707 411 1786 ἧν,
453 1709 637 1764 ἰθύνων
695 1711 786 1766 σὺν
844 1713 986 1786 αὐτῷ
1042 1717 1104 1771 τὸ
1151 1707 1434 1783 πηδάλιον.
1474 1717 1624 1776 Ἐπεὶ
1653 1707 1707 1775 δὲ
1739 1722 1954 1788 εἰκοστὴ

2063 1711 2466 1784 riarcha,cum
2493 1729 2563 1771 eo
2589 1711 2818 1773 clavum
2842 1710 3286 1790 dirigens.Cum
3310 1719 3510 1774 autem
3539 1729 3690 1790 prm-

312 1795 596 1885 παρέλθοι,
677 1801 858 1868 νήσοις
938 1801 1320 1884 ἐντυγχάνουσι
1403 1820 1524 1870 ταῖς
1585 1817 1954 1885 Βρετανικαϊς,

312 1884 442 1975 ἔνθα
518 1885 583 1954 δὴ
668 1891 758 1945 καὶ
838 1895 1352 1970 προσορμισάμενοι,
1421 1895 1577 1972 λιμὸν
1626 1884 1960 1975 εὑρίσκουσιν

323 1973 722 2068 ἀπηξοέστατον,
765 1978 922 2054 λιμὸν
979 1981 1167 2048 ἀθλίως
1228 1987 1349 2047 τοὺς
1410 1973 1706 2066 ἐγχωρίους
1764 2011 1960 2068 κατερ-

331 2067 651 2142 γαζόμενον,
729 2068 879 2125 Ἐπεὶ
934 2069 988 2125 δὲ
1045 2075 1122 2145 τῷ
1177 2075 1372 2150 πρώτῳ
1425 2078 1625 2133 τούτων
1686 2067 1960 2160 ἐνέτυχον,

324 2156 420 2244 καὶ
463 2153 543 2211 ὅτι
604 2169 754 2214 σῖτον
813 2158 1022 2238 φέροιεν
1071 2164 1214 2236 αὐτῴ
1264 2161 1684 2244 διεγνώσθησαν,
1718 2153 1962 2244 εὐθυμίας

327 2243 630 2322 ἐπληροῦτο
689 2248 891 2338 πάσης,
943 2252 1029 2306 καὶ
1077 2252 1169 2306 σὺν
1219 2243 1394 2331 πολλῇ
1425 2257 1639 2322 τούτους
1671 2243 1962 2338 ὑπεδέχετο

330 2339 403 2410 τῇ
472 2337 811 2416 περιχαρείᾳ,
871 2339 965 2395 οὐκ
1027 2339 1174 2396 ἀθεεὶ
1251 2343 1567 2421 γεγενῆσθαι
1627 2346 1727 2414 τὴν
1793 2337 1966 2403 αὐτῶν

332 2421 690 2502 λογισάμενος
741 2428 1052 2500 παρουσίαν.
1111 2431 1261 2487 Ἐπεὶ
1304 2431 1391 2488 οὖν
1437 2437 1484 2490 οἱ
1539 2439 1638 2502 τῆς
1669 2437 1835 2504 νήσου
1876 2438 1966 2492 τὸν

334 2511 462 2570 ὅλον
517 2517 766 2592 ἑπρίαντο
811 2529 983 2588 σῖτον,
1037 2522 1255 2598 χρυσίον
1309 2522 1406 2596 μὲν
1451 2524 1577 2601 δπὲρ
1608 2531 1700 2580 τοῦ
1729 2526 1965 2601 ἡμίσεως

329 2604 765 2684 παρασχόμενοι,
829 2608 1134 2686 κασσίτερον
1177 2607 1231 2664 δὲ
1288 2618 1378 2667 τοῦ
1435 2611 1622 2670 λοιποῦ
1668 2613 1825 2694 (οὕτω
1867 2615 1968 2692 γὰρ

332 2693 581 2782 ύπῆρχεν
641 2693 957 2774 ἀμφοτέροις
1039 2701 1432 2776 συμφωνηθὲν),
1493 2703 1584 2759 καί
1653 2693 1683 2758 ὃ
1738 2703 1968 2782 ἔμπορος

334 2779 442 2847 ἤδη
473 2781 837 2859 ἀνεκομίζετο,
877 2787 1075 2863 γίνεταί
1124 2811 1174 2844 τι
1224 2797 1446 2869 πρᾶγμα
1498 2794 1719 2868 μνήμης
1752 2793 1850 2866 μὲν
1882 2779 1971 2849 καὶ

335 2876 575 2950 γραφῆς,
632 2872 787 2952 εἴπερ
845 2873 977 2933 ἄλλο
1034 2899 1108 2952 τι,
1177 2877 1342 2953 ἄξιον,
1409 2879 1729 2947 εἰσδέξασθαι
1772 2881 1827 2938 δὲ
1883 2882 1971 2938 καὶ

335 2967 616 3019 πιστεῦσαι
646 2968 716 3039 τῇ
742 2964 820 3039 μὴ
848 2966 986 3024 πάνυ
1022 2970 1314 3045 πιστοτάτη
1357 2971 1463 3028 τῶν
1493 2970 1693 3045 ἀκοῶν,
1728 2969 1970 3047 οὐδαμῶς

325 3048 530 3126 ῥᾴδιον.

415 3231 503 3306 ις’
505 3231 522 3260 ¹
536 3279 551 3295 ,
588 3222 682 3297 Ὠς
727 3234 826 3310 γὰρ
855 3233 953 3302 τὴν
989 3234 1288 3292 Δεκᾶπολιν
1318 3235 1421 3304 ἤδη
1452 3237 1746 3297 κατέλαϐον
1777 3238 1974 3296 πλέον·

333 3343 449 3402 τις,
513 3324 541 3378 ὁ
599 3321 894 3400 ναύκληρος
954 3327 1052 3390 τῆς
1099 3326 1226 3389 νηὸς
1270 3323 1498 3406 ἀποϐὰς,
1547 3328 1683 3408 φίλῳ
1730 3331 1830 3384 τινὶ
1889 3331 1976 3385 καὶ

334 3413 550 3481 συνήθει
608 3411 956 3491 ἁργυροκόπῳ
1013 3415 1111 3482 τὴν
1171 3415 1372 3494 τέχνην
1448 3420 1776 3498 περιτυχὼν,
1839 3439 1972 3474 πεν-

337 3503 573 3570 τήκοντα
641 3499 820 3579 λίτρας
867 3505 1009 3576 αὒτῷ
1064 3503 1153 3583 ἀφ’
1201 3504 1362 3582 οὗπερ
1413 3503 1605 3586 εἴληφε
1660 3508 1974 3583 κασσιτέρου

340 3587 486 3666 δοὺς,
532 3591 632 3656 τὴν
678 3590 805 3669 ὅπερ
849 3590 1009 3648 αὐτοῦ
1037 3593 1200 3666 τιμὴν
1233 3593 1622 3670 ἀπελάμϐανε.
1654 3587 1712 3654 Ὀ
1755 3594 1811 3652 δὲ
1855 3594 1975 3653 δια-

337 3677 613 3736 ϐασανίσει
656 3690 844 3739 τοῦτον
874 3682 994 3758 πυρὶ
1034 3681 1380 3758 βουλόμενος,
1412 3683 1551 3741 ὥστε
1608 3689 1800 3762 μαθεῖν
1858 3690 1978 3751 οἷος

338 3768 462 3844 εἴη,
495 3767 720 3849 ἄργυρον
778 3771 1003 3848 εὗρίσκει
1058 3770 1277 3846 δόκιμόν
1307 3795 1366 3831 τε
1421 3774 1516 3830 καί
1577 3775 1977 3854 καθαρώτατον.

344 3857 584 3934 Νομίσας
656 3859 743 3916 οὖν
802 3859 1120 3936 πειράζοντα
1180 3860 1382 3936 μᾶλλον
1425 3863 1460 3931 ἢ
1508 3863 1833 3931 ἀληθεύοντα
1886 3865 1978 3922 τὸν

345 3946 652 4026 ναύκληρον
695 3947 833 4005 οὕτω
883 3946 1090 4026 δρᾶσαι,
1145 3949 1376 4023 ὠνείδιζε
1406 3955 1704 4032 παραστὰς,
1735 3955 1796 4012 Τί
1824 3955 1980 4012 τοῦτό

347 4059 438 4094 σοι
467 4037 767 4117 πέπρακται
809 4059 826 4111 ;
868 4036 1039 4116 λὲγῶν
1076 4058 1089 4072 ·
1136 4041 1224 4107 Μὴ
1283 4042 1384 4119 γὰρ
1413 4043 1516 4121 οὐχ
1544 4044 1723 4108 ἱκανὸς
1755 4045 1783 4100 ὁ
1814 4043 1981 4124 μέχρι

346 4129 585 4206 τήμερον
644 4127 1017 4186 πιστώσασθαι
1074 4130 1294 4211 χρόνος,
1347 4129 1494 4196 ὅπως
1559 4131 1762 4198 ἀδόλως
1821 4135 1987 4206 ἡμεῖς

347 4217 474 4296 περὶ
531 4218 597 4272 τὰ
654 4215 1069 4297 συναλλάγματά
1116 4239 1200 4276 σοι
1244 4221 1624 4302 συγχρώμεθα,
1677 4223 1738 4278 σὺ
1787 4219 1842 4278 δὲ
1898 4225 1991 4300 ἂρα

353 4305 540 4386 γύριον
620 4309 706 4364 νῦν
789 4309 862 4373 ὡς
946 4308 1009 4364 ἃν
1081 4308 1408 4384 ἐκπειράζων
1491 4310 1606 4366 ἀντὶ
1679 4311 1990 4390 κασσιτέρου

348 4395 696 4476 κατέθηκας;
748 4399 943 4456 Αὐτίκα
1006 4404 1133 4476 γοῦν
1195 4398 1281 4455 ἐπὶ
1323 4403 1399 4471 τῷ
1441 4398 1587 4476 λόγῳ
1629 4403 1990 4479 καταπλαγεὶς

353 4487 384 4541 ὃ
419 4483 738 4565 ναύκληρος,
778 4488 873 4559 Οὔ,
937 4489 1120 4568 φησὶν,
1169 4488 1374 4566 ἑταῖρε,
1420 4489 1497 4562 μὰ
1553 4489 1654 4556 τὴν
1712 4488 1984 4566 ἀλάθειαν,

355 4572 507 4632 οὖδὲν
543 4575 616 4640 εἰς
678 4588 868 4652 πεῖραν
940 4579 1124 4652 ἡμεῖς,
1186 4576 1325 4634 ἀλλὰ
1383 4579 1690 4656 κασσίτερον
1750 4577 1991 4658 ἄντικρυς

357 4661 488 4720 οἴδᾶ
530 4684 613 4720 σοι
659 4665 981 4745 παρασχών,
1035 4668 1092 4723 Εἰ
1131 4665 1186 4725 δὲ
1226 4668 1312 4723 καὶ
1356 4679 1478 4730 ταῖς
1525 4677 1619 4727 τοῦ
1661 4668 1994 4749 πατριάρχου

357 4753 556 4832 εὐχαῖς
585 4752 866 4834 ἀμειφθείη
899 4757 1030 4833 πρὸς
1083 4755 1330 4836 ἄργυρον,
1384 4762 1540 4813 τοῦτο
1596 4754 1740 4822 ξένον
1799 4755 1944 4814 οὐδέν
1976 4777 1992 4792 ·

353 4839 562 4898 δυνατά
593 4843 694 4923 γὰρ
726 4842 912 4918 ἐκείνῷ
940 4851 1127 4925 ταῦτα,
1161 4846 1219 4908 ὃς
1263 4847 1351 4903 καὶ
1399 4845 1535 4924 ὕδωρ
1582 4847 1655 4909 εἰς
1716 4845 1865 4902 οἶνον
1915 4849 2001 4903 καὶ

360 4933 438 4997 εἷς
489 4932 634 5008 αἷμα
691 4932 853 4990 πάλιν
910 4931 1102 4992 ἄλλοτε
1159 4931 1580 5011 μεταϐέϐληκεν.
1632 4935 1748 4993 "lvd
1804 4933 1859 4992 δὲ
1915 4939 2004 4994 καὶ

363 5023 582 5078 αὐτόθεν
638 5020 732 5089 εἴη
790 5043 875 5079 σοι
934 5025 995 5079 τὸ
1052 5031 1356 5104 πιστεῦσαι,
1389 5026 1460 5088 εἷς
1514 5026 1576 5080 τὸ
1614 5021 1808 5082 πλοῖον
1837 5023 2003 5102 ἒμϐὰς

362 5111 454 5168 καὶ
506 5111 568 5166 τὸ
605 5108 729 5166 ὅλον
785 5113 857 5177 ὡς
903 5110 1022 5192 ἔχει
1078 5115 1284 5192 φύσεως
1342 5115 1738 5188 καταμάνθανε,
1792 5116 1892 5172 Καὶ
1947 5116 2002 5178 ὃς

367 5197 620 5256 εἰσελθὼν
675 5201 901 5278 εὑρίσκει
952 5202 1049 5259 καῖ
1077 5204 1232 5261 αὑτὸν
1265 5205 1535 5282 ὶμφανῶς,
1567 5202 1749 5279 ὥσπερ
1805 5201 1871 5272 δὴ
1919 5205 2005 5261 καὶ

365 5288 461 5369 ἦν,
504 5287 728 5367 ἄργυρον
785 5290 1183 5369 καθαρώτατον,
1254 5282 1312 5350 Ὀ
1371 5292 1666 5372 ναύκληρος
1722 5291 1778 5349 δὲ
1834 5294 2006 5350 πάντα

442 5411 1064 5497 {10).ltag‘ﬁentisnus,
1116 5413 1186 5472 ad
1244 5414 1378 5497 Mss:
1411 5411 1472 5471 id
1495 5413 1749 5497 referunt
1784 5415 1856 5476 de
1889 5417 2012 5478 solo

373 5482 649 5568 principe
678 5484 844 5568 illius
874 5482 1022 5568 ioci,
1054 5503 1236 5568 quem
1262 5490 1473 5568 πρῶτον
1502 5493 1738 5568 vocant.

445 5564 669 5638 (“fita
701 5564 828 5622 Mss.
864 5564 1090 5633 Graeca;
1117 5578 1185 5624 ac
1211 5565 1486 5624 Leontius
1512 5564 1872 5642 Pentapolin.

2043 1799 2307 1862 teriisset
2358 1799 2681 1862 vicesimus
2739 1800 2896 1880 dies,
2950 1800 3310 1880 perveniunt
3355 1799 3430 1862 ad
3458 1800 3688 1863 insulas

2042 1887 2638 1962 Britannicas.Quem
2663 1888 2723 1950 in
2748 1889 2949 1952 locum
2973 1889 3690 1970 cumappulissent,inve-

2045 1979 2220 2038 niunt
2247 1978 2465 2040 famem
2490 1977 3229 2055 crudelissimam,famem
3252 1996 3388 2059 qum
3410 1977 3691 2042 homines

2045 2068 2206 2129 illius
2255 2067 2520 2146 regionis
2564 2072 2784 2129 misere
2847 2067 3228 2131 conficiebat.
3282 2069 3429 2130 Cum
3490 2077 3690 2131 autem

2047 2175 2256 2218 eorum
2279 2157 2612 2236 principem
2637 2157 3151 2232 convenissent,et
3173 2155 3247 2220 ab
3271 2159 3362 2219 eis
3385 2158 3691 2237 cognitum

2047 2245 2398 2325 esset,quod
2419 2244 2787 2308 frumentum
2806 2245 3338 2324 aﬂ‘errent,magna
3361 2247 3480 2326 (10)
3505 2247 3690 2308 animi

2047 2335 2352 2396 alacritate
2372 2334 2619 2415 impleta
2640 2344 2730 2396 est
2745 2342 2867 2396 tota
2888 2336 3305 2415 civitas,eteos
3322 2354 3458 2397 cum
3481 2352 3694 2416 magna

2047 2424 2279 2505 accepit
2300 2424 2658 2505 laetitia,non
2680 2424 2811 2486 sine
2839 2425 2948 2487 Dei
2971 2424 3221 2486 numine
3247 2442 3353 2488 eos
3375 2425 3693 2488 advenisse

2050 2511 2507 2594 reputans.Cum
2537 2522 2738 2575 autem
2772 2513 3071 2576 insulares
3101 2521 3287 2576 totum
3319 2514 3690 2578 frumentum

2052 2603 2362 2677 emissent,
2396 2620 2502 2682 pro
2533 2602 2785 2665 dimidio
2812 2602 3052 2683 quidem
3087 2620 3295 2665 aurum
3329 2602 3691 2684 praebentes,

2055 2710 2158 2773 pro
2177 2692 2410 2770 reliquo
2441 2699 2635 2754 autem
2667 2706 2943 2754 stannum
2973 2692 3080 2772 (ita
3111 2694 3272 2754 enim
3306 2693 3464 2756 inter
3492 2703 3694 2756 utros-

2054 2799 2170 2862 que
2198 2783 2588 2859 convenerat)
2631 2789 2690 2843 et
2733 2789 3036 2844 mercator
3059 2781 3185 2862 jam
3215 2780 3468 2859 rediret,
3496 2782 3561 2844 fit
3595 2801 3696 2846 res

2054 2870 2492 2951 quaedamque
2513 2869 2692 2950 digna
2711 2878 2824 2947 est,
2859 2869 2909 2932 si
2932 2871 3054 2932 ulla
3073 2870 3354 2953 alia,quaa
3387 2872 3695 2934 memoria

2056 2959 2300 3040 quidem
2333 2970 2392 3021 et
2415 2959 2653 3040 scriptis
2675 2960 2992 3023 mandetur
3028 2961 3387 3024 :admittere
3408 2969 3608 3024 autem
3641 2969 3702 3024 et

1991 3096 2036 3152 ο
2060 3047 2333 3152 credere,
2370 3049 2486 3111 nisi
2517 3049 2885 3112 ﬁdelissimis
2914 3049 3572 3132 auribus,nequaquam
3608 3059 3703 3114 est

2058 3138 2258 3202 facile.

2100 3227 2413 3292 XVl.Cum
2434 3230 2593 3292 enim
2608 3231 2733 3311 jam
2759 3229 3103 3311 Decapolim
3132 3229 3183 3311 (l
3200 3230 3262 3310 1)
3285 3231 3706 3310 pervenissent

2061 3317 2752 3397 navigantes,nauclerus
2777 3319 2852 3382 de
2881 3337 3029 3381 nave
3059 3317 3602 3399 descendens,cum
3640 3319 3704 3380 in

2057 3408 2380 3488 quemdam
2413 3408 2725 3469 incidisset
2753 3407 3013 3470 amicum
3055 3417 3116 3469 et
3155 3407 3540 3485 familiarem,
3575 3417 3703 3470 arte

2055 3496 2391 3570 auriﬁcem,
2423 3496 2576 3558 datis
2607 3498 2662 3558 ei
2695 3497 3122 3578 quinquaginta
3167 3496 3338 3558 libris
3370 3515 3405 3559 e
3453 3505 3700 3577 stanno,

2058 3585 2216 3666 quod
2235 3593 2690 3666 acceperat,p‘ro
2714 3604 2786 3648 e0
2807 3587 3038 3666 accepit
3059 3586 3460 3666 pretium.llle
3477 3595 3703 3660 autem,

2060 3693 2195 3736 cum
2245 3674 2305 3734 id
2338 3675 2514 3738 vellet
2541 3676 2678 3754 igne
2710 3676 3058 3756 probare,ut
3107 3675 3486 3758 sciretquale
3518 3685 3704 3753 esset,

2059 3765 2287 3826 invenit
2314 3771 2622 3844 argentum
2651 3764 2904 3846 probum
2927 3775 2990 3827 et
3015 3764 3712 3846 purissimum.Arbitra-

2063 3863 2156 3915 tus
2187 3854 2384 3933 itaque
2408 3857 2760 3916 nauclerum
2787 3853 2847 3916 id
2877 3855 3065 3933 magis
3095 3853 3388 3928 facere,ut
3419 3861 3702 3932 tentaret,

2063 3961 2240 4024 quam
2269 3942 2427 4024 quod
2450 3961 2651 4004 verum
2671 3961 2806 4006 esse
2826 3943 3540 4022 putaret,accedenseum
3567 3961 3714 4025 pro-

2066 4032 2190 4094 bris
2222 4041 2311 4093 est
2339 4032 2696 4107 insectatus,
2729 4032 2937 4094 dicens
2971 4053 2985 4092 :
3020 4031 3173 4105 Quid
3210 4033 3322 4095 hoc
3346 4039 3457 4095 ate
3486 4032 3711 4096 factum

2072 4130 2158 4184 est
2184 4128 2212 4185 ?
2239 4122 2457 4185 Annon
2515 4121 2738 4184 sufﬁcit
2779 4129 3018 4203 tempus
3057 4121 3129 4184 ad
3163 4121 3342 4184 fidem
3369 4121 3708 4185 faciendam

2071 4229 2261 4291 usque
2275 4213 2333 4273 in
2349 4210 2708 4272 hodiernum
2732 4211 3084 4292 diem,qu0d
3101 4210 3232 4273 sine
3249 4209 3388 4272 dolo
3408 4228 3718 4274 versamur

2072 4301 2135 4363 in
2163 4298 2620 4366 contractibus?
2649 4297 2739 4361 Tu
2766 4309 2963 4363 autem
2993 4319 3177 4375 nunc,
3213 4307 3420 4379 utpote
3448 4306 3717 4374 tentans,

2074 4399 2383 4470 argentum
2407 4389 2738 4469 deposuisti
2761 4407 2866 4470 pro
2891 4398 3128 4452 stanno.
3151 4389 3430 4452 Protinus
3453 4407 3620 4472 ergo,
3650 4408 3723 4453 eo

2074 4478 2230 4562 quod
2245 4478 2479 4539 dixerat
2492 4477 2663 4540 obsto
2677 4479 2945 4558 pefactus
2962 4477 3722 4563 nauclerus:Nibil,inquit,

2078 4587 2184 4650 per
2200 4569 2461 4648 ipsam,o
2482 4568 3209 4644 amice,veritatem,nihil
3232 4568 3491 4631 fecimus
3513 4579 3574 4631 ut
3599 4580 3729 4632 ten-

2080 4667 2342 4720 taremus
2375 4674 2389 4719 :
2428 4657 2534 4719 sed
2568 4657 2694 4718 scio
2731 4676 2826 4720 me
2855 4657 2964 4721 tibi
3011 4666 3287 4720 stannum
3322 4667 3532 4739 aperte
3563 4676 3724 4739 pra;-

2085 4746 2380 4810 buisse.Si
2401 4755 2600 4808 autem
2620 4747 2978 4828 patriarchae
3003 4749 3287 4830 precibus
3311 4755 3604 4809 mutatum
3637 4755 3732 4811 est

2083 4838 2143 4898 in
2177 4844 2518 4915 argentum,
2555 4855 2676 4898 non
2709 4846 2798 4898 est
2830 4837 2943 4901 hoc
2970 4855 3184 4900 novum
3217 4843 3275 4898 et
3303 4834 3592 4898 alienum.
3622 4834 3731 4898 Ille

2086 4926 2246 4989 enim
2279 4926 2403 4987 hinc
2440 4933 2638 5006 potest
2667 4926 2770 5007 qui
2823 4944 3040 5008 aquam
3075 4927 3138 4989 in
3173 4926 3403 5001 vinum,
3429 4933 3490 4987 et
3519 4941 3734 4988 rursus

2086 5016 2411 5099 aliquando
2431 5035 2562 5078 eam
2585 5025 2629 5092 (4
2644 5015 2966 5084 2tmutavit
2985 5017 3048 5080 in
3062 5015 3735 5098 sanguinem.Utautem

2087 5108 2178 5170 vel
2202 5106 2344 5168 hinc
2370 5105 2563 5185 possis
2589 5107 3137 5182 credere,ascende
3157 5108 3218 5170 in
3236 5124 3446 5169 navem
3467 5115 3527 5168 et
3543 5113 3734 5168 totum

2087 5197 2256 5260 disce
2285 5195 2626 5275 cujusmodi
2657 5196 2736 5258 sit
2791 5206 3037 5260 natura).
3091 5196 3200 5259 Ille
3230 5213 3378 5258 vero
3405 5195 3736 5275 ingressus,

2085 5293 2292 5368 aperte
2320 5285 2554 5348 invenit
2582 5287 2972 5368 ipsum,sicut
3001 5295 3153 5357 erat,
3191 5294 3504 5366 argentum
3539 5284 3741 5365 puris-

2167 5419 2283 5492 (12)
2325 5418 2676 5492 Gentianus,
2727 5419 2804 5486 id,
2843 5420 3007 5492 quasi
3066 5419 3266 5478 vinum
3301 5419 3360 5477 in
3396 5418 3744 5491 sanguinem

2097 5490 2386 5551 mutatum
2414 5490 2596 5564 dicat.
2631 5493 2760 5549 Mss.
2795 5490 2978 5564 ipsam
3035 5493 3352 5564 inquamin
3398 5490 3746 5563 sanguinem

2099 5569 2381 5623 mutatam
2412 5560 2650 5631 habent,
2681 5560 2839 5638 quod
2865 5560 3109 5622 scilicet'
3121 5562 3306 5620 Exodi
3336 5572 3418 5620 xu
3449 5560 3744 5620 narratur.
