4006 6138
418 229 528 313 911

1709 253 1993 317 MENSIS
2031 253 2495 317 JANUARIUS.

3643 254 3739 322 912

415 381 652 446 simum.
715 383 1045 449 Naiiclerus
1096 393 1293 450 autem
1353 404 1485 448 cum
1518 386 1721 447 omnia
1750 387 1947 448 statim
1981 386 2027 447 al

2139 389 2283 452 εὑθὺς
2314 390 2378 446 τὰ
2421 388 2514 445 ἀπ’
2558 389 2737 469 ἀρχῆς
2794 390 2921 471 ἄχρι
2980 391 3074 446 καί
3118 387 3299 454 τέλους
3346 389 3738 468 ἐξηγησάμενος,

415 472 592 536 initio
623 493 811 556 usque
839 476 911 537 ad
938 477 1118 537 ﬁnem
1147 477 1537 555 exposuisset,
1559 475 1630 536 ad
1665 475 1912 554 gloriam
1947 475 2057 539 Dei

418 569 477 624 et
497 559 738 626 laudem
761 565 1249 645 patriarchae,qui
1282 564 1389 626 fuit
1418 566 1470 625 ei
1503 564 1887 643 gratiﬁcatus,
1917 586 2052 626 om-

413 669 522 712 nes
574 654 842 714 evocavit
894 653 1222 716 auditores.
1273 651 1388 715 Sed
1452 655 1824 735 pergendum
1859 665 1946 716 est
1977 656 2050 716 ad

411 749 765 825 sequentem
800 742 1226 804 uenationem.

448 829 730 893 XVII.Ad
749 850 1024 907 magnum
1045 831 1364 912 aliquando
1389 843 1629 895 euntem
1645 834 1716 894 ad
1733 835 2050 897 ecclesiam

409 919 642 981 accedit
668 920 908 1000 quidam
942 921 1288 999 nobilis,cui
1315 922 1477 984 fures
1511 942 1660 1004 quas
1692 923 1944 985 habebat
1967 924 2047 986 fa-

407 1009 659 1072 cultates
685 1009 1088 1091 diripuerant,
1125 1020 1182 1074 et
1213 1014 1314 1092 qui
1341 1013 1428 1074 sic
1454 1023 1582 1073 erat
1614 1013 1687 1074 ad
1718 1023 2043 1074 extremam

403 1098 683 1162 redactus
722 1110 1132 1182 paupertatem
1167 1121 1180 1161 :
1220 1101 1389 1181 cujus
1420 1102 1725 1176 misertus,
1748 1122 1880 1181 quae
1925 1110 2045 1164 tam

404 1185 572 1250 brevi
595 1197 867 1270 tempore
887 1190 1640 1270 acciderat,in0pize,iussit
1656 1192 1710 1252 ei
1727 1191 1854 1252 dari
1872 1192 2049 1270 quin-

408 1277 599 1341 decim
651 1280 835 1341 libras
890 1281 1042 1342 auri.
1077 1281 1181 1341 llle
1213 1289 1440 1353 autem,
1478 1282 1578 1360 qui
1619 1282 1822 1358 jussus
1851 1282 2048 1344 fuerat

406 1364 796 1447 dare,partim
824 1369 1068 1450 quidem
1096 1369 1319 1430 cedens
1349 1369 1796 1444 inobedientiaa,
1833 1373 2045 1450 partim

405 1464 607 1518 autem
632 1459 1001 1536 suggestioni
1035 1477 1265 1538 eorum,
1291 1460 1392 1539 qui
1425 1460 1927 1521 administrabant
1953 1481 2050 1524 res

403 1542 995 1629 Ecclesiae,tanquam
1021 1566 1141 1610 non
1159 1557 1360 1609 essent
1383 1549 1568 1610 multa
1585 1549 2049 1631 reliqua,utpote

407 1635 569 1715 quod
602 1637 866 1698 nesciret
896 1656 1146 1715 magnus
1173 1637 1435 1700 Joannes
1459 1639 1802 1700 thesaurum
1827 1659 2048 1702 recon-

406 1723 572 1801 dere,
583 1727 841 1807 praebuit
862 1727 1130 1807 quinque
1151 1729 1307 1788 solas
1330 1729 1384 1789 ei
1407 1729 1509 1808 qui
1533 1739 1841 1808 rogaverat
1873 1732 2027 1791 Beati

2133 1726 2357 1794 Ἐξιόντι
2420 1729 2474 1786 δὲ
2531 1733 2608 1805 τῷ
2666 1731 2910 1809 μακαρίῳ
2968 1731 3060 1797 τῆς
3125 1728 3439 1802 ἐκκλησίας,

402 1823 602 1877 autem
635 1817 845 1879 Joanni
875 1837 944 1879 ex
969 1816 1224 1879 ecclesia
1245 1818 1600 1896 egredienti.
1639 1819 1856 1881 mulier
1879 1840 2044 1900 quaa-

407 1904 541 1966 dam
574 1906 755 1968 vidua
787 1906 1106 1968 admodum
1141 1909 1326 1980 dives,
1362 1909 1413 1969 ei
1447 1907 1631 1968 tradit
1660 1909 1948 1984 chartam,
1984 1911 2042 1970 in

405 2013 524 2076 qua
545 1995 834 2076 scriptum
858 1996 1215 2059 eratdonum
1241 1999 1698 2077 quingentarum
1728 1999 2039 2060 librarum.

402 2082 590 2157 Quam
619 2104 754 2147 cum
788 2087 1057 2166 legisset,
1092 2086 1383 2148 intellexit
1415 2107 1484 2148 ex
1531 2106 1621 2162 ea,
1655 2108 1787 2168 qua;
1818 2090 1874 2149 in
1908 2089 2038 2169 ipso

399 2172 730 2249 habitabat,
765 2175 973 2255 gratia,
1001 2175 1060 2236 id
1087 2176 1240 2255 quod
1263 2195 1380 2236 non
1407 2176 1832 2238 fueratfactum
1862 2188 2038 2256 prout

390 2263 763 2342 jusserat,de
785 2264 1832 2346 diminutione,inquam,quindecim
1852 2267 2003 2329 libra
2022 2303 2037 2314 -

395 2370 530 2414 rum
554 2354 705 2417 auri.
729 2353 875 2416 Cum
907 2372 1009 2415 eos
1035 2373 1198 2432 ergo,
1232 2356 1333 2433 qui
1366 2354 1423 2415 id
1455 2356 1746 2428 fecerant,
1771 2356 2036 2417 accersi-

393 2441 594 2524 visset,
625 2445 700 2506 de
723 2463 794 2506 eo
817 2442 1194 2506 examinavit.
1222 2444 1367 2506 Cum
1390 2444 1432 2505 ii
1455 2454 1654 2506 autem
1679 2444 1754 2505 de
1776 2463 1842 2506 re
1871 2456 2036 2525 gesta

399 2531 640 2594 mentiri
685 2541 1070 2607 conarentur,
1105 2531 1300 2593 et‘non
1320 2533 1512 2594 solum
1535 2534 1594 2593 in
1619 2553 1687 2594 re
1708 2535 1894 2615 prius,
1926 2536 2032 2597 sed

394 2621 567 2683 etiam
603 2623 928 2683 mendaces
950 2623 1239 2683 exsistere
1261 2622 1319 2681 in
1344 2641 1649 2704 sermone,
1675 2643 1745 2684 eo
1780 2625 1907 2702 ipso
1930 2625 2032 2705 qui

386 2721 695 2790 rogaverat
715 2711 1173 2790 accersito,cum
1192 2710 1546 2771 rescivisset
1569 2730 1703 2772 eum
1727 2714 2032 2792 accepisse

397 2801 558 2863 solas
590 2801 852 2881 quinque
884 2799 1066 2861 libras
1086 2799 1239 2871 auri,
1271 2801 1599 2860 ostendens
1622 2800 1742 2861 illis
1765 2802 2029 2863 chartam

389 2889 703 2951 mulieris:
736 2889 787 2951 A
817 2887 1008 2962 vobis,
1043 2888 1258 2968 inquit,
1293 2888 1584 2950 Dominus
1603 2899 1692 2950 est
1714 2901 2030 2952 exacturus

385 2977 531 3041 alias
553 2977 739 3040 mille.
773 2978 837 3039 Si
859 2978 1018 3038 enim
1043 2997 1144 3038 vos
1166 2978 1510 3058 quindecim
1546 2978 1824 3052 libras,ut
1851 2999 1883 3041 a
1913 3001 2027 3042 no-

2138 479 2209 542 εἰς
2267 475 2418 543 δόξαν
2463 483 2616 559 Θεοῦ,
2664 479 2880 538 ἔπαινόν
2924 501 2980 536 τε
3037 486 3130 536 τοῦ
3188 481 3328 552 αὖτῳ
3381 480 3742 558 κεχαρισμένου

2137 569 2494 648 πατριάρχου,
2547 571 2668 634 τοὺς
2723 570 2985 644 ἀκροατὰς
3017 570 3216 630 πάντας
3247 567 3610 633 ὶξεκαλέσατο·
3642 569 3741 625 ἀλλ’

2137 655 2222 713 ἐπὶ
2254 659 2319 712 τὰ
2344 663 2442 726 τῆς
2477 659 2598 728 ἑξῆς
2627 658 2768 714 ἰτέον
2798 660 2893 726 τῆς
2927 657 3251 734 διηγήσεως,

2214 835 2323 898 lZ’.
2371 837 2609 894 Ἀπιόντι
2668 841 2744 912 τῷ
2799 835 3021 915 μεγάλῳ
3073 836 3201 894 ποτὲ
3249 837 3376 908 πρὸς
3423 838 3521 903 τὴν
3564 835 3742 903 ἔκκλη-

2133 925 2271 1004 σίαν,
2305 927 2546 999 πρόσεισί
2576 949 2656 990 τις
2714 933 2819 984 τῶν
2864 927 3091 1005 εὖγενῶν
3147 928 3248 982 ὑπὸ
3278 925 3523 982 κλεπτῶν
3551 927 3613 981 τὰ
3641 926 3746 982 ὄντα

2130 1011 2602 1091 διασεσυλημένος,
2664 1019 2751 1072 καὶ
2845 1018 3014 1072 πάντα
3076 1017 3207 1093 πρὸς
3278 1016 3522 1094 ἓσχάτην
3589 1011 3760 1070 πενίαν

2132 1103 2430 1168 συνελαθείς
2465 1122 2478 1134 ·
2516 1106 2572 1161 ὃν
2607 1105 2832 1175 ἐλεήσας
2864 1108 2961 1172 τῆς
2990 1109 3046 1161 ἓν
3078 1107 3279 1185 βραχεῖ
3310 1106 3511 1171 ταύτης
3543 1101 3743 1179 ἐνδείας,

2132 1193 2511 1250 πεντεκαίδεκα
2565 1197 2786 1274 χρυσίου
2842 1195 3019 1273 λίτρας
3093 1193 3308 1260 δοθῆναί
3377 1197 3425 1250 οἱ
3497 1191 3745 1249 διεκελεύ-

2132 1304 2287 1341 σατο.
2337 1273 2394 1340 Q0
2440 1283 2622 1358 μέντοι
2680 1283 2852 1340 δοῦναι
2925 1284 3412 1361 προστεταγμένος,
3459 1292 3610 1341 τοῦτο
3664 1282 3745 1355 μὲν

2131 1374 2378 1450 παρακοῇ
2435 1372 2603 1452 εἴξας,
2657 1381 2810 1430 τοῦτο
2865 1372 2920 1428 δὲ
2991 1374 3086 1430 καί
3131 1371 3370 1448 ὑποϐολῇ
3413 1379 3518 1427 τῶν
3565 1373 3626 1427 τὰ
3663 1371 3745 1438 τῆς

2133 1459 2455 1527 Ἐκκλησίας
2514 1461 3050 1538 διοικονομουμένων,
3112 1464 3184 1525 ὡς
3233 1463 3310 1536 μὴ
3360 1461 3575 1518 πολλῶν
3605 1459 3749 1516 ὄντων

2131 1551 2237 1605 τῶν
2275 1550 2774 1632 ὑπολελειμμένων,
2803 1552 2897 1608 ἅτε
2947 1557 3034 1607 τοὺ
3064 1550 3300 1628 μεγάλου
3333 1552 3410 1625 μὴ
3443 1550 3751 1626 θησαυρίζειν

2132 1640 2512 1722 ἐπισταμένου,
2559 1642 2715 1698 πέντε
2780 1643 2944 1715 μόνας
3012 1664 3085 1715 τῳ
3144 1639 3378 1706 δεηθέντι
3440 1638 3749 1717 παρέσχετο.

3503 1728 3634 1806 γυνη
3688 1748 3755 1790 τις

2129 1822 2278 1898 χήρα
2339 1819 2474 1876 πὶνυ
2519 1819 2715 1898 σφόδρα
2761 1820 3005 1894 πλουσία,
3049 1820 3264 1898 χάρτην
3328 1820 3474 1891 αὒτῷ
3535 1817 3755 1895 ἐγχειρί-

2127 1915 2229 1979 ζει,
2267 1913 2311 1982 ᾧ
2369 1907 2537 1987 δωρεὰ
2582 1911 2803 1989 χρυσίου
2861 1910 3222 1965 πεντακοσίων
3255 1906 3451 1985 λιτρῶν
3509 1905 3754 1984 ἐγγέγρα-

2125 2021 2250 2071 πτο,
2299 1997 2356 2053 ὅν
2401 1997 2636 2054 ἐπελθὼν
2679 2003 2840 2063 συνῆν
2885 1999 2986 2053 ὑπὸ
3031 2003 3127 2064 τῆς
3202 2001 3344 2071 αὒτῷ
3402 1996 3751 2061 ἒνσκηνούσης

2125 2089 2370 2167 χάριτος,
2419 2087 2446 2142 ὅ
2479 2089 2555 2162 μὴ
2601 2088 2734 2143 κατὰ
2765 2089 2824 2142 τὸ
2883 2086 3297 2163 ἐπιτέταγμένον
3327 2085 3418 2142 ὑπ’
3467 2087 3625 2140 αὔτοῦ
3664 2084 3749 2162 γέ-

2121 2199 2294 2254 γονεν,
2331 2177 2423 2232 ἐπὶ
2456 2175 2522 2252 τῇ
2571 2177 2747 2257 ὑφέσει
2791 2176 2961 2242 δήπου
3007 2183 3111 2232 τῶν
3142 2176 3298 2232 πέντε
3331 2177 3421 2231 καὶ
3453 2173 3578 2230 δέκα
3619 2195 3745 2253 χρυ-

2121 2267 2233 2322 σίου
2276 2266 2492 2344 λιτρῶν.
2539 2269 2669 2327 Τοὺς
2731 2266 2821 2321 οὖν
2878 2264 3319 2342 διενεργτίσαντας
3381 2261 3744 2340 μετακαλεσά-

2121 2377 2279 2430 μενος
2308 2359 2471 2425 ἥταζε
2505 2356 2619 2431 περὶ
2648 2357 2858 2415 τούτου.
2895 2347 2984 2415 εΩς
3015 2353 3068 2410 δὲ
3100 2355 3246 2410 αὑτοὶ
3300 2361 3393 2412 τοῦ
3439 2353 3744 2432 πεπραγμέ-

2121 2466 2208 2500 νου
2295 2443 2712 2518 καταψεύδεσθαι
2786 2442 3099 2522 ἐπειρῶντο,
3182 2443 3274 2500 καί
3334 2444 3592 2521 πρότερον
3640 2445 3745 2520 περὶ

2115 2535 2176 2588 τὸ
2206 2539 2425 2612 πρᾶγμα
2459 2535 2645 2609 μόνον,
2693 2533 2812 2588 ἀλλ’
2856 2530 2958 2600 ἤδη
2987 2535 3074 2589 καὶ
3123 2534 3241 2610 περὶ
3283 2533 3374 2588 τὸν
3417 2531 3580 2610 λόγον
3623 2533 3742 2607 ψεύ-

2117 2646 2243 2688 στας
2275 2626 2528 2700 γίνεσθαι,
2563 2625 2721 2681 αὑτὸν
2782 2625 2866 2678 τὸν
2925 2620 3176 2690 δεηθέντα
3237 2623 3743 2697 μεταπεμψάμενος,

2114 2715 2201 2768 καὶ
2235 2714 2415 2787 μαθὼν
2447 2711 2527 2767 ὅτι
2595 2712 2751 2768 πέντε
2797 2712 2963 2787 μόνας
3021 2711 3225 2792 εἰλήφει
3273 2710 3458 2788 λίτρας
3517 2713 3745 2791 χρυσίου,

2113 2803 2206 2856 τὸν
2249 2803 2348 2867 τῆς
2393 2803 2641 2880 γυναικὸς
2687 2802 2895 2880 χάρτην
2943 2801 3164 2863 ἓκείνοις
3222 2797 3606 2877 ὑποδεικνύων,
3665 2798 3744 2862 Ἐξ

2113 2889 2292 2966 ἡμῶν,
2328 2891 2453 2969 ἔφη,
2512 2892 2692 2970 Κύριος
2742 2890 2835 2954 τὰς
2867 2889 3046 2968 ἑτέρας
3078 2889 3261 2968 χιλίας
3308 2889 3564 2946 ἀπαιτεῖν
3620 2887 3744 2964 μέλ-

2112 2978 2219 3038 λει.
2256 2982 2312 3036 Εἰ
2356 2981 2454 3058 γὰρ
2479 2983 2636 3054 ὑμεῖς
2669 2981 2764 3044 τὰς
2791 2979 2952 3036 πέντε
2984 2979 3071 3035 καὶ
3105 2977 3231 3034 δέκα
3292 2977 3504 3055 λίτρας,
3565 2978 3635 3041 ὥς
3688 2999 3740 3056 γε

384 3065 487 3164 his
508 3076 792 3164 statutum
828 3067 1130 3164 fueratLei
1161 3067 1258 3146 qui
1293 3077 1555 3164 _ro_garat
1587 3067 2020 3164 prmbuiisetis,

2116 3067 2357 3146 διώριστο
2400 3069 2527 3148 παρ’
2569 3071 2752 3149 ἡμῶν,
2810 3073 2887 3143 τῷ
2943 3066 3180 3134 δεηθέντι
3210 3069 3512 3147 παρέχετε,
3571 3067 3740 3147 χιλίας

385 3156 551 3218 mille
571 3164 628 3218 et
646 3156 1004 3235 quingentas
1020 3155 1144 3218 Deo
1168 3155 1522 3235 praebuisset
1545 3156 1781 3218 mulier.
1808 3156 1882 3219 Ut
1912 3178 2023 3219 au-

2116 3158 2195 3214 καὶ
2245 3158 2596 3222 πεντακοσίας
2641 3157 2703 3213 ἂν
2765 3159 2850 3213 καὶ
2886 3160 2920 3223 ἡ
2973 3157 3107 3236 γυνὴ
3145 3161 3223 3229 τῷ
3267 3157 3383 3230 Θεῷ
3423 3156 3732 3236 παρέσχεν·

383 3252 502 3306 tem
531 3246 703 3308 factis
724 3247 869 3307 ﬁdes
892 3245 992 3305 ﬁat
1007 3245 1138 3324 ejus
1161 3244 1316 3325 quod
1343 3244 1509 3305 vobis
1527 3255 1615 3305 est
1640 3247 2017 3323 incredibile,

382 3336 676 3398 accersite
699 3334 869 3410 mihi,
905 3333 1122 3414 inquit,
1159 3335 1311 3395 hanc
1345 3337 1498 3414 piam
1536 3335 1875 3397 mulierem.

459 3424 821 3489 XVIII.Cum
849 3443 918 3484 ea
939 3433 1134 3484 autem
1159 3426 1531 3500 accessisset,
1559 3435 1615 3485 et
1638 3444 1846 3485 aurum
1874 3445 2016 3506 pro-

381 3515 628 3576 missum
661 3514 958 3576 attulisset
992 3531 1006 3574 :
1058 3515 1165 3574 Dic
1227 3513 1396 3586 mihi,
1431 3515 1623 3592 inquit
1657 3515 2012 3593 patriarcha,

377 3621 453 3666 an
483 3613 707 3665 tantum
743 3602 1008 3682 pecuniae
1051 3602 1362 3664 statuisses
1393 3602 1514 3663 Deo
1541 3604 1761 3665 oﬂ‘eire
1791 3603 1864 3664 ab
1894 3606 2015 3665 ini-

380 3691 511 3754 tio?
542 3693 646 3754 Illa
675 3711 813 3753 vero
844 3710 979 3751 cum
1010 3692 1304 3752 sensisset
1334 3692 1500 3751 illum
1533 3713 1650 3752 non
1685 3693 1932 3756 latuisse
1957 3695 2014 3757 id

377 3785 536 3863 quod
569 3799 842 3843 seorsum
875 3779 952 3841 ab
987 3799 1055 3841 ea
1085 3781 1302 3841 factum
1344 3782 1554 3856 fuerat,
1602 3802 1814 3862 magno
1847 3796 2013 3845 metu

375 3881 676 3952 correpta,
749 3872 1095 3932 universum
1151 3889 1431 3931 arcanum
1498 3873 1849 3947 enuntiavit,
1919 3873 2016 3935 di-

374 3979 518 4022 cens
545 3979 560 4022 :
598 3962 854 4036 Revera,
879 3960 1328 4040 Domine,mille
1361 3971 1416 4021 et
1448 3961 1802 4041 quingentas
1833 3963 2014 4024 libras

375 4049 734 4132 scripseram
796 4051 859 4112 in
911 4051 1120 4112 charta
1180 4050 1288 4110 tibi
1345 4050 1497 4110 data.
1538 4053 1752 4112 Paucis
1811 4063 2009 4113 autem

371 4149 510 4222 post
538 4139 754 4202 diebus
786 4160 918 4201 cum
981 4158 1111 4201 eam
1172 4139 1546 4214 evolvissem,
1583 4141 1786 4201 inveni
1821 4142 2006 4215 mille,

373 4229 578 4290 nescio
608 4249 724 4310 quo
757 4231 934 4290 modo
966 4248 1073 4290 sua
1124 4237 1333 4308 sponte
1364 4230 1611 4292 deletas.
1647 4230 1798 4291 Hinc
1833 4231 2008 4309 judi-

365 4318 493 4381 ωνὶ
523 4321 647 4380 Deo
697 4319 944 4380 omnino
998 4337 1118 4379 non
1185 4319 1442 4395 placere,
1483 4329 1543 4380 ut
1598 4320 1800 4399 plures
1831 4321 2008 4398 quin-

365 4406 559 4487 gentis
589 4406 758 4469 libris
791 4409 1091 4470 offerrem.
1154 4405 1293 4468 Haec
1341 4408 1482 4482 illis,
1541 4409 1638 4488 qui
1667 4409 2004 4484 audierant,

2105 3245 2198 3301 ’ίνα
2242 3245 2295 3302 δὲ
2341 3249 2427 3303 καὶ
2467 3246 2642 3326 ἔργοις
2675 3246 2964 3312 πιστωθείη
3020 3247 3081 3301 τὸ
3131 3246 3278 3320 ὑμῶν
3332 3245 3580 3319 ἄπιστον,
3640 3267 3732 3301 κα-

2104 3334 2252 3392 λεῖτέ
2285 3357 2401 3410 μοι,
2427 3336 2555 3415 ἔφη,
2586 3336 2684 3402 τὴν
2726 3334 2945 3414 θεοφιλῆ
2977 3334 3173 3400 ταύτην
3205 3347 3462 3412 γυναῖκα.

2184 3425 2304 3486 1Η¹.
2353 3432 2430 3501 Τῇ
2459 3423 2511 3480 δὲ
2544 3425 2857 3503 παραστάσῃ
2914 3425 3003 3480 καὶ
3047 3425 3106 3480 τὸ
3145 3421 3475 3502 ἓπαγγελθὲν
3527 3427 3731 3504 χρυσίον

2101 3514 2558 3590 διακομισαμένη,
2633 3515 2760 3570 Εἰπε
2818 3537 2935 3589 μοι,
2999 3512 3099 3592 ’έφη
3163 3515 3191 3569 ὁ
3271 3514 3634 3593 πατριάρχης,
3689 3512 3729 3567 εἰ

2103 3605 2328 3659 τοσαῦτα
2382 3609 2460 3676 τῷ
2532 3609 2647 3676 Θεῷ
2690 3603 2949 3682 χρήματα
2992 3600 3052 3657 ἐκ
3093 3603 3312 3681 πρώτης
3358 3601 3526 3680 ἔγνως
3570 3621 3727 3680 προσ·-

2099 3707 2363 3772 ενεγκετν,
2410 3693 2485 3749 "H
2530 3690 2583 3747 δὲ
2641 3693 2714 3754 ὡς
2769 3693 2961 3768 ᾔσθετο
3021 3693 3100 3767 μὴ
3159 3689 3404 3747 διαλαθὸν
3464 3693 3661 3747 ἒκεϊνον
3699 3687 3726 3743 ὃ

2097 3784 2231 3838 κατὰ
2293 3782 2459 3857 μόνας
2520 3783 2654 3856 αὖτῇ
2711 3779 3008 3858 πέπρακτο,
3071 3778 3175 3837 δέει
3223 3778 3408 3853 πολλῷ
3469 3779 3724 3860 ληφθεῖσα

2097 3879 2204 3928 πᾶν
2259 3873 2320 3927 τὸ
2363 3868 2664 3948 ἆπόῤῥητον
2695 3869 3065 3948 ἐξηγόρευσεν,
3111 3870 3399 3927 ὲπειποῦσα
3444 3872 3543 3943 ὡς,
3601 3877 3726 3927 Ταῖς

2097 3960 2394 4040 ἀληθείαις,
2427 3958 2676 4033 δέσποτα,
2713 3959 2892 4038 χιλίας
2921 3962 3009 4015 καὶ
3040 3959 3392 4021 πεντακοσίας
3439 3958 3616 4037 ὶίτρας
3659 3962 3725 4028 τῷ

2095 4049 2385 4106 ἐπιδοθέντι
2437 4071 2518 4106 σοι
2603 4049 2781 4129 χάρτῃ
2857 4049 3171 4127 ἓγγράψασα
3231 4046 3320 4114 ἦν.
3384 4046 3621 4126 Ὀλίγαις
3675 4044 3724 4100 δὲ

2096 4138 2349 4214 πρότερον
2406 4139 2633 4218 ἡμέραις
2692 4136 2973 4203 ἆνελίξασα
3016 4147 3224 4214 τοῦτον,
3257 4137 3352 4199 τὰς
3411 4136 3593 4216 χιλίας
3637 4135 3722 4191 οὒκ

2093 4226 2198 4284 οἶδ’
2243 4227 2389 4292 ὅπως
2443 4230 2590 4306 εὗρον
2647 4228 2784 4283 κατὰ
2832 4229 2892 4282 τὸ
2927 4227 3223 4300 αὐτόματον
3252 4224 3710 4302 ἆπαληλιμμένας⁶

2095 4318 2368 4374 κάντεῦθεν
2417 4315 2596 4394 ἔκρινα
2654 4317 2731 4392 μὴ
2773 4313 2960 4372 δοκοῦν
3014 4315 3157 4372 εἶναι
3216 4322 3294 4389 τῷ
3344 4322 3463 4388 Θεῷ
3517 4315 3710 4374 πάντως

2091 4405 2283 4462 πλεῖόν
2343 4427 2410 4482 με
2482 4411 2589 4462 τῶν
2648 4406 3010 4462 πεντακοσίων
3082 4417 3489 4482 προσενεγκεῖν.
3552 4408 3703 4460 Ταῦτα

367 4477 649 4575 magnum
680 4508 901 4559 metum
935 4499 1276 4578 injecerunt
1306 4519 1318 4560 :
1354 4507 1411 4558 et
1441 4477 1801 4559 accedentes
1824 4477 2003 4560 simul

2118 4495 2309 4558 κείνοις
2345 4477 2633 4573 άκούσασι,
2694 4493 2857 4550 πολὺν
2931 4477 3233 4567 ἐμϐέϐληκε
3277 4477 3444 4572 φδϐον
3499 4487 3694 4578 είςδτῆν

367 4586 440 4648 ad
475 4587 662 4668 pedes
691 4587 895 4665 magni
923 4587 1196 4661 Joannis,
1231 4592 1534 4667 petierunt
1567 4597 1629 4647 ut
1655 4587 1769 4648 sibi
1802 4595 2004 4648 remit—

363 4685 596 4740 teretur
625 4684 934 4758 peccatum
968 4675 1413 4738 inobedientiaa.
1439 4675 1530 4737 Illi
1559 4685 1750 4737 autem
1787 4673 2004 4740 Christi

361 4766 588 4829 amanti
647 4765 838 4828 viduae
895 4765 1142 4827 multam
1201 4783 1235 4827 a
1288 4764 1410 4827 Deo
1479 4775 1758 4846 precatus
1809 4766 1995 4827 bene-

365 4854 714 4936 dictionem,
749 4853 977 4918 dimisit
1034 4853 1247 4918 beatus
1275 4853 1560 4932 Joannes,
1595 4863 1658 4916 ut
1709 4855 1902 4918 abiret
1930 4854 1994 4917 in

355 4963 527 5027 pace.

2085 4585 2294 4664 ψυχθεν,
2330 4585 2425 4642 καῖ
2455 4584 2848 4663 προσπεσόντες
2878 4582 2991 4658 ἅμα
3033 4597 3152 4645 τοῖς
3186 4582 3310 4639 ποσὶ
3339 4589 3431 4639 τοῦ
3462 4575 3691 4658 μέγᾶλου,

2084 4674 2337 4754 ἀφεθῆναι
2389 4676 2597 4739 τούτοις
2650 4685 2712 4729 τὸ
2765 4673 3060 4756 ἁμάρτημα
3103 4671 3199 4740 τῆς
3244 4675 3522 4750 παρακοῆς
3567 4668 3692 4735 ᾐτη-

2083 4785 2262 4822 σαντο.
2301 4769 2379 4841 Τῇ
2410 4764 2589 4840 μέντοι
2643 4759 2976 4841 φιλοχρίστῳ
3018 4759 3231 4827 πολλὴν
3287 4759 3394 4817 ἀπὸ
3441 4766 3567 4816 Θεοῦ
3610 4757 3696 4821 τὴν

2077 4851 2322 4932 εὐλογίαν
2351 4851 2706 4928 ὶπευξάμενος
2733 4852 2762 4907 ὁ
2805 4851 3089 4929 μακάριος,
3137 4849 3342 4930 ἀφῆκεν
3385 4848 3627 4906 ἀπελθεῖν
3649 4844 3698 4900 ἐν

2077 4945 2260 5023 sip-qm
2271 4988 2285 5004 .

1888 5108 2080 5173 APUT
2128 5101 2226 5171 IV.

1888 5108 1980 5173 AP
2128 5108 2226 5171 IV.

1150 5218 1418 5281 Abunde
1443 5112 1928 5294 subministraga,
1965 5108 2098 5298 9ῗέ
2129 5216 2480 5295 largiretur
2505 5211 2901 5295 pauperibus.

435 5321 594 5388 XIX.
628 5323 780 5388 Huic
831 5326 1115 5387 munifico
1162 5325 1360 5386 animo
1392 5334 1452 5387 et
1483 5324 1684 5385 manui
1717 5325 1990 5386 invidens

2153 5323 2257 5384 16'.
2319 5320 2500 5396 Τούτῳ
2555 5322 2654 5388 τῆς
2712 5318 3089 5399 μεγαλοδώρου
3148 5319 3344 5387 ταύτης
3392 5320 3478 5376 καὶ
3505 5335 3686 5395 προαι-

358 5413 654 5491 malignus
684 5415 1219 5494 daemon,suggerit
1251 5415 1495 5494 patricio
1527 5414 1776 5486 Niceten,
1811 5433 1986 5493 quem

2116 5413 2267 5476 ἕσεως
2317 5413 2404 5469 καὶ
2447 5412 2630 5491 χειρὸς
2691 5411 2718 5464 δ
2775 5411 3005 5488 πονηρὸς
3062 5406 3261 5484 δαίμων
3318 5407 3683 5483 διαεασκήνας,

347 5504 406 5565 ei
437 5502 628 5565 fuisse
653 5493 1005 5567 amicumet
1034 5493 1387 5568 familiarem
1421 5507 1586 5586 prius
1613 5506 1892 5580 diximus,
1928 5513 1992 5567 ut

2116 5500 2363 5560 ποϐάλλει
2409 5506 2484 5572 τῷ
2515 5501 2774 5578 πατρικίῳ
2805 5496 3033 5572 Νικῆτᾳ,
3086 5496 3144 5586 ὃν
3191 5499 3393 5570 συνήθη
3439 5497 3581 5586 αὐτῷἐ
3612 5493 3693 5551 καὶ

351 5592 625 5672 quiddam
644 5608 811 5652 suam
835 5597 1043 5654 virtute
1060 5599 1370 5669 indignum
1394 5601 1668 5671 cogitaret
1688 5601 1986 5658 etdiceret.

2074 5591 2227 5672 φίλου
2259 5588 2501 5670 γενέσθαι
2534 5592 2561 5645 ὁ
2619 5587 2776 5668 λόγος
2835 5588 3034 5668 φθάσας
3083 5585 3376 5672 ἆδήλωσιν,
3408 5584 3609 5654 ἀνάξιόν
3647 5603 3694 5639 τι
