4006 6138
309 327 435 396 913

1318 329 1506 394 VITA
1548 329 1609 390 S.
1647 325 1968 391 JOANNIS
2019 320 2668 389 ELEEMOSYNARII.

3560 316 3678 385 914

310 474 417 535 τῆς
463 468 666 530 οἰκείας
697 466 892 546 ἀρετῆς
922 467 1168 532 ἐννοῆσαί
1197 487 1254 522 τε
1307 467 1395 522 καὶ
1450 467 1647 526 εἰπεῖν.
1707 466 1948 545 Προσελ-

2039 463 2347 525 Accedens
2372 462 2569 540 itaque
2602 457 2674 518 ad
2710 456 2954 519 Beatum
2991 477 3004 520 :
3039 454 3270 530 Manus,
3305 455 3526 534 inquit,
3559 457 3677 522 im-

312 559 422 614 θὼν
452 557 626 614 τοίνυν
653 564 730 630 τῷ
783 557 1046 632 μακαρίῳ,
1079 554 1145 612 Ἠ
1191 552 1444 631 βασιλικὴ
1506 556 1650 635 χεὶρ,
1685 554 1811 636 ἔφη,
1869 554 1954 611 δέ·

313 669 516 719 σποτα,
580 644 795 702 πολλῶν
837 643 1006 701 δεῖται
1063 644 1366 724 χρημάτων
1415 645 1486 706 εἰς
1518 644 1807 722 ἀναγκαίας
1859 654 1954 703 τοῦ

312 745 498 795 κοινοῦ
527 737 714 816 χρείας
756 735 876 792 ὅσαι
907 739 1040 814 ὧραι
1098 732 1558 791 καταναλίσκουσα
1593 755 1607 772 ο
1674 737 1796 811 ὁρᾷς
1853 737 1952 813 γὰρ

311 829 408 884 καὶ
437 829 613 899 αὖτὸς,
638 828 713 888 ὡς
742 825 796 881 ἐν
827 829 996 897 στενῷ
1022 823 1217 901 κομιδῇ
1247 824 1312 880 τὰ
1342 829 1435 879 τοῦ
1466 833 1644 882 κοινοῦ
1673 823 1948 900 περιέστη,

314 919 596 995 Προσῆκον
640 915 728 972 οὖν
770 918 884 972 ἔστι
927 916 992 971 τὰ
1038 915 1154 979 εἷκῆ
1212 914 1298 968 καὶ
1349 915 1423 976 εἷς
1465 912 1613 968 οιόδέν
1643 911 1758 969 δέον
1813 914 1953 987 παρὰ

314 1014 413 1063 σοῦ
467 1005 849 1080 δαπανώμενα,
881 1011 959 1076 τῷ
1014 1010 1106 1059 τοῦ
1165 1000 1425 1077 δημοσίου
1454 1003 1658 1076 ταμείῳ
1692 1024 1950 1079 προσενε-

315 1101 544 1176 χθῆναι,
591 1095 658 1153 ’Ὁ
721 1092 776 1149 δὲ
833 1091 1002 1168 μηδὲν
1040 1092 1124 1148 ἐπ’
1169 1095 1311 1165 αυτῷ
1353 1089 1745 1171 διαταραχθεὶς,
1783 1096 1855 1150 Οὒ
1884 1091 1953 1146 δίο

315 1209 496 1257 καιον,
543 1183 668 1266 ἔφη,
702 1184 768 1240 τὰ
797 1190 874 1257 τῷ
904 1181 1195 1260 ἐπουρανίῳ
1223 1179 1438 1257 βασιλεῖ
1484 1181 1847 1258 καθιερωμένα
1878 1188 1954 1254 τῷ

317 1272 540 1352 ὲπιγείῳ
620 1271 1033 1350 καταπροέσθαι.
1126 1269 1414 1342 Ἱεροσυλία
1517 1271 1617 1349 γὰρ
1716 1269 1955 1347 ἄντικρυς

316 1373 501 1436 τοῦτο,
532 1363 625 1418 καί
655 1364 729 1426 εἰς
775 1362 905 1417 Θεὸν
955 1363 1015 1418 οὒ
1065 1357 1264 1439 φαῦλον
1308 1358 1625 1434 ἁμάρτημα,
1676 1361 1733 1416 El
1777 1358 1831 1415 δέ
1875 1381 1955 1415 σοι

316 1452 461 1510 οὕτω
518 1449 756 1508 δέδοκται
840 1454 1113 1525 πράττειν,
1171 1445 1281 1504 ἰδοὺ
1340 1449 1405 1504 τὰ
1475 1449 1571 1516 τῆς
1630 1449 1952 1516 Ἐκκλησίας

312 1543 494 1599 πάντα
550 1539 727 1598 λαϐὼν
771 1541 909 1596 ποίει
957 1537 1092 1594 κατὰ
1122 1537 1220 1602 τὴν
1251 1537 1351 1604 σὴν
1380 1536 1620 1612 θέλησιν,
1657 1537 1776 1616 εἴγε
1837 1563 1952 1614 μη-

315 1631 423 1696 δείς
483 1653 540 1688 σε
594 1629 752 1707 λόγος
813 1629 907 1696 τῆς
943 1627 1166 1704 γνώμης
1210 1627 1407 1694 ταύτης
1448 1628 1720 1706 ἀφίστησι·
1756 1651 1953 1706 προαι-

315 1721 461 1800 ρέσει
519 1720 618 1799 γάρ
693 1720 881 1791 οἰκείᾳ,
971 1714 1078 1775 οὐδ’
1137 1715 1326 1772 ὀϐολὸν
1385 1716 1474 1773 ’ἐνα
1528 1721 1635 1774 τὼν
1692 1718 1955 1794 κειμένων

2035 552 2331 635 peratoris
2363 561 2494 626 eget
2524 548 2723 609 multis
2757 547 3051 628 pecuniis,
3085 555 3146 607 ut
3177 564 3324 628 quas
3349 546 3420 608 ad
3458 565 3676 611 neces-

2035 644 2226 705 sarios
2257 661 2394 702 usus
2427 638 2780 718 reipublicae
2813 637 3080 717 quotidie
3132 645 3466 701 consumat.
3522 637 3671 701 Nam

2035 734 2164 811 ipse
2196 750 2432 812 quoque
2477 729 2664 800 vides,
2715 727 2775 786 in
2814 736 3063 806 quantas
3095 729 3402 806 angustias
3431 727 3675 792 redacta

2037 822 2114 882 sit
2145 819 2506 900 respublica.
2541 815 2787 896 Oportet
2817 835 2984 895 ergo,
3021 825 3078 876 ut
3103 835 3234 897 quae
3257 823 3484 879 temere
3514 827 3573 878 et
3605 819 3678 881 ad

2037 911 2188 972 nihil
2221 909 2378 990 quod
2412 916 2646 988 oportet
2677 925 2708 966 a
2753 915 2808 966 te
2838 914 3299 982 consumuntur,
3328 907 3682 972 deferantur

2036 1002 2108 1063 ad
2140 1006 2416 1061 aerarium
2452 996 2785 1077 publicum.
2821 995 2932 1058 Ille
2953 1004 3152 1056 autem
3182 997 3326 1058 nihil
3360 1005 3680 1076 propterea

2038 1090 2480 1153 conturbatus:
2543 1088 2672 1146 Non
2725 1095 2838 1159 est,
2896 1085 3110 1166 inquit,
3165 1085 3424 1165 justum,
3457 1095 3520 1148 ut
3545 1106 3678 1167 quae

2037 1180 2187 1258 Regi
2221 1179 2446 1240 caelesti
2480 1184 2616 1237 sunt
2644 1186 3019 1250 consecrata,
3047 1175 3377 1254 prodantur
3408 1177 3535 1255 regi
3563 1184 3682 1240 ter-

2039 1289 2205 1331 reno.
2273 1268 2372 1329 Est
2423 1268 2536 1328 hoc
2594 1266 2754 1326 enim
2809 1266 2985 1346 plane
3034 1264 3435 1344 sacrilegium,
3469 1275 3679 1330 etnon

2040 1378 2281 1440 parvum
2311 1364 2368 1418 in
2402 1359 2590 1420 Deum
2628 1364 2956 1434 peccatum.
2983 1352 3088 1416 Sin
3117 1362 3316 1416 autem
3352 1353 3461 1416 tibi
3491 1356 3679 1418 visum

2040 1456 2135 1511 est
2166 1449 2250 1509 sic
2311 1448 2529 1518 facere,
2586 1463 2727 1506 ecce
2777 1462 3152 1526 quaecunque
3202 1451 3338 1504 sunt
3370 1443 3678 1529 Ecclesiae,

2039 1557 2108 1602 ea
2137 1538 2369 1614 accipe,
2403 1545 2460 1597 et
2491 1535 2582 1596 fac
2613 1542 2676 1594 ut
2709 1533 2992 1606 volueris,
3030 1534 3080 1593 si
3131 1532 3380 1609 quidem
3430 1542 3490 1596 te
3521 1535 3682 1597 nulla

2035 1631 2187 1691 ratio
2220 1627 2292 1690 ab
2352 1627 2461 1687 hac
2524 1625 2766 1687 abducit
2817 1624 3114 1689 sententia
3149 1643 3163 1683 :
3203 1641 3338 1685 mea
3369 1625 3530 1685 enim
3563 1643 3675 1686 vo-

2037 1719 2262 1780 luntate
2292 1737 2366 1778 ne
2400 1715 2640 1778 obolum
2674 1714 2917 1795 quidem
2969 1711 3263 1773 dimittam
3302 1732 3512 1775 eorum
3543 1731 3680 1796 quae

312 1811 648 1888 προήσομαι,
711 1806 870 1867 Οὐδὲν
956 1806 1044 1863 οὖν
1102 1808 1128 1861 ὁ
1185 1805 1475 1878 Θαυμάσιος
1557 1807 1761 1873 ἐκεῖνος
1822 1807 1952 1883 ἁνὴρ

2039 1817 2175 1870 sunt
2197 1808 2474 1888 reposita.
2509 1803 2667 1867 Nihil
2706 1823 2868 1882 ergo,
2899 1802 3099 1864 nescio
3122 1822 3240 1884 quo
3266 1803 3468 1880 modo,
3503 1822 3572 1866 ex
3605 1823 3677 1867 eo

313 1901 417 1957 οὒκ
447 1898 549 1957 οἷδ’
581 1897 725 1961 ὅπως
764 1894 1240 1973 ὑποστειλάμενος,
1296 1895 1621 1953 εἰσκαλεϊται
1668 1898 1788 1961 τοὺς
1819 1899 1952 1954 ἐπο-

311 1989 508 2066 μὲνους
565 1991 650 2044 καὶ
709 1989 774 2043 τὰ
829 1989 1089 2067 χρήματα
1132 1986 1276 2047 εὖθὺς
1339 1985 1460 2064 ἆραι
1491 1986 1722 2061 κελεύει,
1789 1985 1956 2062 μηδὲν

312 2078 504 2151 πλέον,
563 2078 645 2134 ὅτι
705 2076 782 2152 μη
839 2076 1030 2132 ἑκατὸν
1072 2072 1238 2151 μόνας
1268 2082 1361 2132 τοῦ
1390 2077 1610 2156 χρυσίου
1642 2075 1822 2156 λίτρας
1881 2085 1957 2153 τῷ

313 2169 631 2248 πατριάρχῃ
663 2165 999 2226 καταλιπών,

403 2258 496 2321 Κ’,
544 2257 631 2314 Ἐν
677 2261 721 2330 ᾧ
763 2255 816 2311 δὲ
874 2255 1140 2331 κατῄεσαν
1198 2256 1246 2310 οἱ
1291 2253 1453 2310 ταύτα
1493 2252 1952 2331 διαϐαστάζοντες,

313 2354 638 2407 συναντῶσιν
693 2343 1078 2424 ἀνερχομένοις
1137 2345 1242 2400 τισὶ
1291 2345 1420 2422 πρὸς
1449 2346 1540 2401 τὸν
1584 2368 1950 2425 πατριαρχην,

313 2440 548 2517 κεράμια
595 2433 810 2511 μέλιτος
845 2433 1311 2508 ἒπικομιζομένοις
1347 2455 1361 2471 ο
1397 2435 1470 2490 ὧν
1502 2448 1619 2500 τοῖς
1651 2435 1771 2508 μὲν,
1812 2442 1956 2513 Πρῶ.

311 2539 631 2599 τεϊον,τοϊς
678 2523 756 2601 δὲ,
789 2523 1067 2580 ’Ἂκαπνον
1114 2522 1508 2600 ἐπιγέγραπτο,
1565 2523 1722 2581 Ἐπεί
1780 2527 1869 2582 οὖν
1927 2528 1954 2582 ὁ

317 2619 595 2695 πατρίκιος
654 2614 906 2671 ἐθεάσατο
966 2621 1150 2687 ταότα,
1201 2613 1287 2668 καὶ
1319 2614 1414 2681 τὴν
1468 2613 1772 2694 ἐπιγραφὴν
1807 2615 1952 2679 ὅπως

317 2709 482 2786 εἶχεν
541 2703 760 2782 ἀνέγνω,
815 2701 976 2770 δηλοῖ
1019 2703 1358 2782 παραχρῆμα
1414 2725 1489 2777 τῳ
1534 2706 1842 2784 πατριάρχῃ
1899 2705 1954 2761 ἓν

315 2803 427 2853 τῶν
485 2795 742 2872 κεραμίων
773 2796 914 2866 αὒτῷ
973 2793 1363 2872 ἐκπεμφθῆναι.
1414 2793 1516 2850 Τοῦ
1547 2792 1600 2848 δὲ
1650 2794 1954 2852 πιστευθέν-

317 2908 412 2948 τος
445 2885 571 2942 αὖτᾶ
599 2883 893 2960 διάπειραν,
931 2884 1002 2947 ὡς
1033 2881 1175 2962 ἔθος,
1215 2884 1384 2938 αὗτῶν
1431 2885 1744 2957 ποιουμένου
1785 2906 1793 2915 ⁸
1831 2885 1955 2940 εἶτα

314 2975 493 3032 καὶτὸ
535 2975 755 3051 γεγονὸς
810 2971 895 3028 ἐπ’
956 2974 1138 3035 αὖτοτς
1199 2974 1374 3046 θαῦμα
1405 2974 1831 3048 καταμαθόντος,
1867 2977 1954 3030 καὶ

313 3072 392 3140 τῷ
437 3063 680 3140 μακαρίῳ
730 3063 1110 3140 γνωρίσαντος,
1166 3065 1239 3126 ὡς
1293 3062 1464 3118 πάντα
1525 3063 1695 3138 μεστὰ
1735 3066 1955 3142 χρυσίου

2037 1915 2349 1978 repressus
2383 1897 2467 1956 vir
2499 1895 2599 1955 ille
2629 1891 3022 1964 admirabilis,
3084 1899 3257 1953 vocat
3307 1910 3410 1954 eos
3437 1894 3542 1976 qui
3571 1911 3675 1957 se-

2039 1988 2396 2067 quebantur,
2431 1995 2490 2046 et
2520 1982 2716 2044 statim
2733 1981 2906 2061 jubet
2934 1981 3145 2043 tollere
3177 1983 3488 2062 pecunias,
3523 1982 3674 2046 nihil

2039 2077 2198 2138 aliud
2259 2076 2614 2156 relinquens
2653 2072 3004 2154 patriarchae
3056 2070 3172 2132 nisi
3217 2071 3380 2134 solas
3427 2080 3669 2136 centum

2039 2167 2222 2228 libras
2254 2166 2411 2227 auri.

2120 2255 2508 2320 XX.lnterim
2529 2260 2725 2313 autem
2753 2251 2892 2311 dum
2919 2249 3368 2312 descendebant
3388 2251 3559 2332 ii,qui
3580 2271 3682 2314 eas

2041 2345 2376 2426 portabant,
2398 2350 2723 2405 occurrunt
2743 2339 3098 2421 quibusdam
3124 2339 3588 2402 ascendentibus
3609 2341 3683 2404 ad

2042 2435 2462 2516 patriarcham,
2497 2431 2597 2513 qui
2631 2430 2824 2491 mellis
2847 2430 2976 2510 (l3)
2999 2430 3321 2510 amphoras
3341 2429 3677 2492 aﬂerebant

2038 2526 2108 2587 ad
2143 2545 2299 2587 eum.
2339 2524 2396 2584 in
2425 2540 2674 2603 quarum
2709 2518 3012 2580 nonnullis
3043 2517 3403 2596 inscriptum
3434 2519 3677 2600 quidem

2039 2625 2184 2686 erat,
2246 2612 2598 2676 Primarium
2629 2629 2643 2686 ;
2697 2609 2754 2670 in
2790 2609 2922 2670 aliis
2951 2617 3178 2682 autem,
3220 2609 3408 2670 Fumo
3440 2627 3678 2674 carens.

2038 2707 2354 2784 Postquam
2390 2721 2527 2780 ergo
2558 2701 2679 2760 haec
2703 2699 2846 2759 vidit
2886 2696 3200 2769 Patricius,
3237 2698 3554 2776 etagnovit
3578 2699 3678 2761 in-

2037 2783 2452 2873 scriptionem,
2485 2788 2844 2867 signiﬁcavit
2891 2787 3262 2866 patriarchae,
3297 2799 3363 2848 ut
3383 2787 3457 2848 ad
3482 2783 3678 2869 ipsum

2040 2883 2306 2944 mittatur
2337 2900 2456 2943 una
2507 2900 2574 2941 ex
2608 2878 2938 2959 amphoris.
2975 2882 3124 2937 Cum
3161 2879 3208 2938 is
3239 2885 3460 2952 autem,
3512 2879 3682 2957 cujus

2039 2974 2177 3034 ﬁdei
2199 2973 2324 3033 haec
2347 2970 2666 3031 commissa
2687 2967 3191 3039 fuerant,eorum,
3221 2971 3289 3026 ut
3312 2984 3442 3028 mos
3464 2967 3678 3041 est,fe-

2040 3066 2220 3124 cisset
2257 3060 2614 3141 periculum,
2653 3065 2710 3118 et
2739 3055 2959 3118 deinde
2988 3055 3403 3132 intellexisset,
3438 3055 3682 3138 quodin

310 3154 672 3232 τυγχάνουσιν
735 3150 881 3223 ὄντα,
922 3151 980 3206 ἓν
1011 3153 1183 3208 αὒτῶν
1230 3151 1566 3232 παραχρῆμα
1619 3151 1816 3226 πέμπει
1879 3161 1952 3227 τῷ

2042 3152 2128 3212 eis
2151 3151 2370 3211 factum
2396 3159 2523 3210 erat
2542 3147 2990 3221 miraculum,et
3015 3145 3189 3208 beato
3212 3149 3422 3209 Joanni
3446 3147 3682 3227 signiﬁ-

312 3243 606 3321 πατρικίῳ,
668 3242 696 3296 ὃ
753 3240 884 3297 Μὲλι
943 3255 1235 3318 πρωτεῖον,
1296 3242 1394 3310 τὴν
1453 3241 1751 3321 ἐπιγραφὴν
1803 3248 1952 3322 εἶχε,

313 3334 502 3405 Τούτῳ
530 3338 810 3408 τοιγαροῦν
842 3330 935 3386 καὶ
979 3332 1272 3408 γράμματα
1333 3329 1565 3404 στέλλει,
1601 3334 1676 3385 ὧν
1706 3331 1742 3398 ἠ
1797 3330 1955 3388 δύνα-

315 3445 408 3496 μις
443 3419 610 3484 οὕτως
639 3420 732 3488 ἦν’
764 3420 826 3478 Ὀ
862 3420 1023 3475 εἰπὼν
1056 3421 1388 3497 Κύριος,αού
1419 3421 1494 3494 μή
1530 3441 1587 3475 σε
1619 3418 1866 3494 ἆνῶ,οὖδ’
1898 3422 1956 3476 οὗ

317 3514 398 3585 μή
424 3532 481 3566 σε
520 3508 884 3586 ἐγκαταλίπω,
925 3532 950 3563 ιο
987 3507 1221 3584 ἀψευδὴς
1270 3508 1342 3565 ὢν
1397 3509 1575 3588 αὐτὸς,

315 3602 350 3669 ἡ
405 3601 472 3666 σὴ
522 3597 722 3664 ὶνὸοξία
773 3597 1017 3676 ἀφείλετο
1059 3599 1360 3678 χρημάτων
1392 3595 1719 3653 ἀντιδίδωσιν
1773 3597 1948 3675 ἕτερα.

316 3689 565 3756 Δηλώσει
596 3687 651 3743 δέ
683 3710 765 3744 σοι
811 3690 896 3744 καὶ
955 3688 1014 3744 τὸ
1073 3695 1160 3744 νῦν
1221 3687 1520 3764 ἐκπεμγθέν
1557 3688 1834 3768 κεράμιον,
1897 3690 1952 3746 ἓν

309 3781 514 3836 τούτων
573 3778 843 3857 ὓπᾶρχον,
877 3777 1021 3835 ’Ἱσθι
1069 3777 1240 3834 τοίνυν
1297 3775 1527 3853 ἀκριϐῶς
1579 3775 1658 3833 ὅτι
1715 3779 1803 3834 τὸν
1864 3780 1950 3834 καὶ

309 3869 487 3935 πνοὴν
516 3869 602 3925 καὶ
631 3869 828 3947 τροφὴν
860 3874 988 3924 πᾶσι
1021 3866 1450 3948 διαχορηγοῦντα
1512 3869 1667 3942 Θεὸν,
1723 3868 1946 3948 φθαρτὸς

309 3959 589 4036 ἅνθρωπος
635 3965 894 4014 στενῶσαι
953 3957 1011 4014 οὖ
1065 3979 1194 4013 ποτε
1239 3958 1300 4013 ἃν
1350 3955 1594 4033 οὐδαμῶς
1647 3956 1947 4021 δυνήσεται,

312 4046 654 4126 Παρήγγειλε
707 4045 762 4102 δὲ
821 4049 905 4103 καὶ
947 4059 1064 4110 τοῖς
1109 4048 1170 4102 τὸ
1221 4047 1475 4125 κεράμιον
1531 4045 1946 4123 διακομίζουσιν,

311 4139 407 4194 ἐπί
457 4137 710 4215 μάρτυσιν
765 4137 946 4200 αὖτοϊς
990 4137 1270 4214 ἀνοιγῆναι
1329 4136 1447 4192 κατ’
1479 4133 1600 4212 ὄψιν
1632 4144 1724 4193 τοῦ
1756 4159 1949 4215 πατρι-

311 4229 456 4307 κίου,
490 4225 826 4304 ἀπαγγεῖλαί
863 4247 918 4283 τε
950 4227 1022 4289 ὡς
1054 4227 1140 4281 καὶ
1171 4224 1339 4281 τᾶλλα
1371 4225 1566 4301 ποίντα,
1601 4227 1696 4283 ὅσα
1743 4225 1806 4293 δὴ
1867 4229 1955 4284 καὶ

312 4316 580 4390 τεθέαται,
615 4315 780 4380 οὕτως
813 4313 956 4394 ἔχει,
1016 4316 1104 4370 καὶ
1165 4315 1384 4394 χρυσίου
1412 4317 1668 4396 τυγχάνει
1731 4315 1954 4383 πεπλη-

310 4403 550 4484 ρωμένα.
587 4406 969 4485 Εὒωχούμενον
1020 4425 1197 4460 τοινυν
1242 4401 1659 4480 καταλαϐόντες,
1708 4403 1949 4484 ἐγχειρί-

310 4504 493 4568 ζουσιν
526 4493 667 4568 αὒτῷ
722 4494 822 4561 τὴν
877 4493 1169 4560 ἐπιστολὴν
1221 4491 1603 4558 ἐπιδεικνύντες
1637 4495 1811 4550 καὶτὸ
1856 4517 1951 4551 κε-

314 4585 507 4662 ράμιον
546 4600 558 4613 ⁸

1610 3507 1704 3565 καὶ
1753 3517 1838 3565 νῦν
1879 3513 1954 3564 ὦν

620 4583 748 4661 ὅπερ
811 4585 884 4648 ὡς
943 4582 1222 4658 ἐθεάσατο,
1293 4581 1436 4654 Χολᾷ
1508 4606 1600 4658 μοι
1665 4586 1874 4649 πάντως
1929 4586 1955 4640 ὁ

314 4673 584 4740 δεσπότης
619 4696 744 4749 μου,
779 4672 904 4754 ἔφη,
938 4673 1050 4730 ἐπεὶ
1082 4677 1178 4731 οὐκ
1206 4672 1269 4728 ἂν
1299 4672 1354 4728 ’ἓν
1389 4694 1478 4746 μοι
1512 4675 1676 4749 μόνον
1705 4671 1954 4730 ἒπὲστελ-

315 4762 433 4820 λέν.
495 4765 554 4820 Οἱ
614 4762 794 4837 μέντοι
839 4759 1198 4836 διακομισταὶ,
1264 4763 1436 4824 καθὼς
1480 4762 1546 4830 ἦν
1602 4764 1784 4825 αὐτοῖς
1831 4764 1952 4820 ἐπι-

312 4851 728 4929 τετεταγμὲνόι,
761 4848 850 4907 ὑπ’
883 4851 1004 4926 ὄψις
1058 4850 1216 4907 αὖτοῦ
1272 4849 1618 4917 διανοίξαντες
1675 4854 1736 4908 τὸ
1792 4853 1954 4930 γερά-

315 4964 444 5016 μιον
503 4942 589 4997 καὶ
647 4942 712 4997 τὰ
770 4942 1029 5018 χρήματα
1086 4940 1499 5014 ἒκκενώσαντες,
1561 4942 1783 5021 χρυσίου
1849 4965 1954 4998 πε-

316 5029 634 5109 πληρῶσθαι
679 5030 767 5084 καὶ
810 5031 875 5086 τὰ
916 5029 1078 5086 λοιπὰ
1127 5032 1322 5106 ὁμοίως
1356 5029 1725 5110 ἀπήγγελλον.
1763 5030 1856 5097 Ὠς
1899 5030 1953 5086 δὲ

315 5120 405 5175 καὶ
467 5120 558 5186 τὴν
616 5118 908 5187 ἐπιστολὴν
963 5118 1153 5192 ἰπιων,
1189 5119 1334 5189 εὗρεν
1379 5119 1458 5176 ὅτι
1519 5123 1649 5176 Θεὸν
1681 5120 1952 5198 ἄνθρωπος

313 5215 575 5265 στενῶσαι
634 5208 694 5266 οὗ
778 5207 1016 5284 δύναται,
1094 5209 1371 5273 συσταλεὶς
1454 5209 1538 5266 ἐπὶ
1610 5211 1802 5286 τούτῳ,
1864 5213 1951 5268 καὶ

317 5295 464 5362 δέους
514 5296 887 5364 ὓποπλησθεῖς
949 5296 1178 5377 (ταχεῖα
1230 5298 1331 5376 γὰρ
1370 5299 1442 5362 εἰς
1473 5299 1571 5366 τὴν
1599 5299 1692 5356 τοῦ
1723 5302 1801 5376 μὴ
1844 5323 1950 5357 κα-

391 5468 508 5538 (13)
573 5468 843 5526 Lcontius
909 5467 1250 5540 lagunculas
1291 5469 1491 5528 scribit
1521 5472 1726 5529 missas
1759 5471 1952 5539 luisse,

318 5543 599 5598 habentes
623 5544 921 5611 pecunias,
953 5539 1069 5596 non
1106 5539 1215 5596 mel
1253 5558 1267 5599 :
1300 5555 1409 5598 nec
1457 5543 1800 5600 miraculum
1863 5543 1960 5602 hic

318 5611 506 5671 ullum
537 5613 741 5671 mutati
772 5613 827 5669 in
858 5612 1164 5684 pecuniam
1193 5611 1513 5679 mellis,sed
1541 5613 1795 5674 divinam
1821 5613 1959 5681 Pro-

2041 3255 2229 3301 casSct
2260 3245 2414 3316 quod
2429 3243 2771 3299 suntomnia
2791 3240 2912 3295 auri
2936 3239 3289 3309 plena,illico
3309 3254 3490 3296 unum
3510 3241 3684 3300 mittit

2039 3330 2112 3390 arl
2143 3330 2492 3401 Patricium,
2527 3325 2686 3406 quod
2719 3324 3074 3404 inscriptum
3115 3333 3262 3395 erat,
3299 3325 3416 3387 Mel
3451 3322 3679 3405 prima-

2039 3418 2316 3480 rium.Ad
2343 3436 2476 3476 eum
2503 3424 2694 3476 autem
2723 3413 3098 3474 mittitetiam
3136 3411 3388 3488 litteras,
3424 3432 3680 3496 quarum

2040 3508 2164 3568 haec
2190 3508 2469 3569 eratvis:
2511 3503 2800 3564 Dominus
2835 3503 2937 3582 qui
2969 3501 3139 3578 dixit,
3180 3527 3207 3558 ιι
3231 3502 3362 3564 Νοη
3386 3511 3442 3564 te
3473 3502 3681 3565 dimit-

2037 3605 2176 3659 tam.
2211 3603 2399 3656 necte
2424 3594 2862 3670 derelinquam,
2893 3615 2919 3653 ι
2969 3593 3099 3672 ipse
3134 3611 3238 3673 pro
3270 3593 3368 3668 iis,
3403 3611 3548 3674 quas
3583 3600 3683 3656 tua

2035 3686 2337 3748 Celsitudo
2372 3704 2531 3744 nunc
2562 3683 2823 3760 abstulit,
2862 3682 3136 3764 pecuniis
3169 3681 3369 3743 reddit
3400 3682 3570 3744 alias.
3610 3681 3681 3747 Id

2033 3783 2230 3838 autem
2267 3774 2371 3836 tibi
2404 3771 2735 3834 declarabit
2780 3791 2913 3854 quae
2944 3791 3103 3834 nunc
3133 3771 3208 3833 ad
3259 3779 3317 3833 te
3360 3771 3540 3833 missa
3567 3771 3680 3834 fuit

2034 3866 2343 3944 amphora,
2397 3883 2528 3942 quae
2560 3871 2648 3924 est
2699 3881 2816 3924 una
2868 3879 2942 3924 ex
2990 3861 3083 3922 iis.
3119 3861 3287 3923 Scias
3313 3879 3480 3941 ergo,
3517 3862 3680 3942 quod

2033 3954 2249 4023 Deum,
2277 3955 2374 4034 qui
2396 3951 2669 4034 spiritum
2699 3961 2756 4012 et
2778 3951 3125 4012 alimentum
3153 3949 3428 4011 omnibus
3451 3967 3679 4032 suppe-

2035 4045 2204 4117 ditat,
2240 4043 2440 4116 homo,
2479 4043 2536 4102 in
2583 4059 2756 4121 quem
2788 4041 2945 4102 cadit
2974 4039 3274 4110 interitus,
3305 4057 3679 4120 nequaquam

2039 4133 2260 4214 poterit
2277 4133 2331 4192 in
2349 4141 2662 4210 angustum
2680 4129 3169 4208 redigerePorro
3183 4137 3378 4190 autem
3397 4129 3684 4211 praecepit

2042 4223 2220 4284 etiam
2246 4223 2450 4302 iis,qui
2477 4220 2752 4282 ferebant
2775 4221 3148 4300 amphoram,
3177 4227 3240 4280 ut
3259 4220 3346 4280 eis
3370 4218 3680 4299 praesenti-

2038 4313 2149 4373 bus
2181 4312 2518 4392 aperiretur
2541 4311 2600 4370 in
2621 4317 2948 4390 conspectu
2992 4308 3256 4383 Patricii,
3292 4307 3428 4370 etei
3449 4326 3678 4370 renun-

2039 4401 2442 4482 tiarent,quod
2462 4400 2594 4462 alim
2617 4418 2847 4475 omnes,
2876 4416 3021 4480 quas
3045 4399 3212 4475 vidit,
3240 4399 3318 4460 ita
3343 4416 3408 4460 se
3431 4396 3677 4476 habent,

2037 4492 2196 4553 etsic
2228 4500 2361 4552 sunt
2389 4509 2534 4551 auro
2558 4490 2771 4568 plenzn.
2799 4491 2943 4552 Cum
2970 4507 3104 4550 eum
3144 4506 3286 4567 ergo
3309 4487 3683 4551 invenissent

2039 4582 2472 4654 convivantem,
2510 4582 2560 4643 ei
2613 4579 2854 4642 tradunt
2914 4578 3252 4660 epistolam,
3289 4578 3681 4640 ostendentes

2039 4672 2213 4733 etiam
2245 4672 2621 4750 amphoram.
2651 4669 2838 4742 Quam
2866 4669 3106 4750 quidem
3137 4675 3449 4749 postquam
3482 4668 3632 4732 vidit
3662 4687 3677 4733 :

2041 4767 2311 4823 Irascitur
2336 4765 2474 4820 mihi
2502 4764 2742 4821 omnino
2766 4763 3038 4821 dominus
3065 4762 3465 4833 meus,inquit:
3493 4775 3682 4834 neque

2040 4850 2200 4911 enim
2224 4869 2399 4912 unam
2429 4849 2573 4910 mihi
2597 4848 2783 4910 solam
2817 4846 3216 4919 misissetQui
3243 4853 3442 4908 autem
3473 4853 3680 4924 porta-

2038 4941 2204 5015 bant,
2228 4939 2528 5023 quomodo
2553 4939 2742 5000 fuerat
2766 4939 3258 5019 eisimperatum,
3293 4954 3430 4997 cum
3457 4934 3518 4997 in
3550 4936 3682 5016 ejus

2039 5037 2362 5110 conspectu
2377 5028 2753 5108 aperuissent
2776 5047 2866 5088 am
2880 5029 3216 5108 phoram,et
3238 5025 3523 5106 pecunias
3537 5023 3682 5087 εσυ-

2039 5117 2732 5194 dissent,annuntiabant
2749 5117 2929 5178 fuisse
2944 5115 3227 5198 reliquias
3241 5133 3387 5178 auro
3402 5113 3684 5177 similiter

2038 5206 2474 5290 repletasCum
2501 5227 2639 5269 vero
2671 5208 2984 5288 perlegens
3009 5204 3685 5287 epistolam,invenisset

2035 5299 2193 5376 quod
2217 5299 2394 5359 homo
2419 5296 2605 5360 Deum
2621 5317 2739 5359 non
2756 5303 2950 5378 potest
2973 5296 3032 5356 in
3047 5302 3362 5374 angustum
3377 5295 3678 5374 redigere,

2036 5470 2348 5554 videntiam
2375 5473 2637 5543 agnoscit
2674 5472 2728 5528 in
2759 5470 2918 5532 hisce
2947 5466 3290 5529 muneribus
3314 5483 3389 5554 eo
3421 5475 3683 5549 tempore

2040 5551 2257 5602 mlSSlS.
3313 5551 3322 5560 ’
