4006 6138
309 329 435 397 917

397 459 526 529 1(Γῖ
577 464 1003 524 Μεταστέλλεται
1037 464 1210 521 τοίνυν
1254 467 1282 521 ὁ
1343 462 1682 542 πατριάρχης
1731 461 1833 536 ἰδίᾳ
1865 465 2016 520 τὸνΑ

307 555 498 637 ἄνδρα²
532 559 779 638 αἰσχῦναι
835 562 1022 612 τοῦτον
1072 554 1176 638 ἐπὶΔ
1210 553 1426 612 πολλῶν
1470 554 1546 628 μὴ
1602 551 1952 633 βουλόμενος,

311 635 419 704 καί
463 635 660 726 φησιν-⁷
704 647 835 722 πρὸς
894 645 1051 701 αὐτόν
1085 660 1098 675 '
1163 635 1227 699 Ἠ
1287 642 1383 715 μὲν
1449 643 1769 720 προσαγωγή
1834 665 1949 721 σου,

309 737 525 814 τέκνον,
573 733 746 804 πολλή
781 755 837 790 τε
869 735 956 790 καὶ
1012 734 1088 808 τῷ
1131 740 1218 788 νῦν
1261 739 1433 810 καιρῷ
1489 731 1776 808 ἀναγκαία,
1829 731 1951 788 ἐπί-

309 849 506 902 μωμος
539 824 592 881 δὲ
625 827 712 881 καὶ
742 823 810 880 δι’
865 825 991 883 αὒτὸ
1049 831 1204 880 τοῦτο
1255 826 1343 879 καὶ
1384 821 1744 900 ἀπαραδεκτος
1784 841 1800 857 ·

309 915 530 992 ἄγνοεϊς
562 917 660 993 γὰρ
691 915 770 971 ὅτι
817 914 883 971 τὰ
938 915 1075 970 κατὰ
1119 914 1282 988 νόμον
1334 912 1713 989 προσαγόμεναι
1743 909 1951 987 πρόϐα-

307 1027 403 1082 τα,
438 1007 483 1062 εἰ
525 1006 599 1079 μὴ
635 1002 836 1079 ἄμωμα
867 1007 958 1081 ἧν⁷
993 1001 1089 1059 κᾶν
1124 1001 1334 1079 μεγαλα
1369 1001 1664 1081 ἐτύγχανεν
1694 1001 1844 1074 ὄντα,
1879 1003 1953 1062 εἰς

307 1095 493 1152 θύσίαν
536 1093 869 1171 ἆπρύσδεκτα
912 1091 978 1159 ἧν
1013 1113 1028 1126 ’
1089 1091 1206 1149 καθ’
1266 1092 1331 1158 ἣν
1363 1093 1531 1148 αἰτίαν
1575 1088 1694 1148 οὖδὲ
1737 1090 1801 1146 τὰ
1860 1096 1953 1148 τοῦ

316 1195 460 1242 Καϊν
515 1191 592 1258 τῷ
649 1185 766 1258 Θεῷ
823 1181 1184 1262 προσεδέχθη.
1229 1183 1300 1240 Τὸ
1352 1179 1408 1236 δὲ
1467 1180 1517 1244 ἐξ
1567 1179 1807 1257 ἀνάγκη(
1868 1181 1953 1235 καὶ

314 1276 483 1350 νόμον
540 1274 819 1348 μετάθεσιν
878 1272 1132 1350 γίνεσθαι,
1206 1269 1362 1327 τοῦτο
1401 1270 1523 1348 περὶ
1577 1276 1670 1325 τοῦ
1725 1269 1954 1326 παλαιοῦ

311 1364 486 1439 νόμον)
543 1364 776 1441 εἰρῆσθαι
835 1369 910 1436 τῷ
956 1360 1272 1432 Ἀποστόλερ
1329 1360 1685 1437 γινώσκομεν.
1719 1360 1873 1416 Ἐπεὶ
1905 1361 1954 1415 τί

309 1475 400 1509 σοι
443 1452 596 1510 δοκεῖ
642 1454 702 1509 τὸ
759 1452 903 1527 παρὰ
946 1451 1023 1525 τῷ
1049 1447 1322 1529 θεαδὲλφῳ
1362 1453 1607 1524 κείμενον
1664 1446 1947 1528 Ἰακώϐῳ;

308 1542 479 1622 ’Ἐχει
508 1541 562 1597 δὲ
596 1541 758 1600 οὕτως
796 1558 809 1572 ’
876 1561 903 1600 (
954 1542 1054 1597 Τὸν
1098 1539 1269 1595 πάντα
1318 1541 1410 1595 τὸν
1441 1538 1606 1613 νόμον
1636 1536 1948 1617 τελέσαντα,

309 1633 612 1688 πταίσαντα
643 1630 698 1687 δὲ
755 1631 810 1688 ὲν
861 1632 959 1710 ἑνὶ³
994 1629 1186 1708 ἔνοχον
1218 1629 1360 1684 εἶναι
1394 1629 1630 1688 πάντων.
1672 1652 1698 1682 ι
1736 1629 1868 1690 Τοὺς
1897 1627 1952 1682 δὲ

311 1719 573 1800 ἀδελφοὺς
602 1723 758 1794 ἡμῶν
810 1723 930 1785 τοὺς
982 1719 1238 1791 πένητας,
1293 1717 1390 1775 κᾶν
1432 1721 1596 1793 ἡμεῖς
1648 1718 1953 1796 ἀπορήσαι-

1860 826 1954 879 οὒκ

1319 331 1510 396 VITA
1555 330 1614 392 S.
1657 327 1978 391 JOANNIS
2021 324 2666 390 ELEEMOSYNARII.

3558 325 3679 394 918

2119 458 2324 524 XXIII.
2356 458 2504 521 Eum
2533 479 2674 540 ergo
2724 477 2996 522 seorsum
3028 460 3284 523 accersit
3315 463 3679 542 patriarcha,

2036 569 2154 610 non
2187 549 2394 610 volens
2427 550 2628 614 multis
2649 549 3046 628 praesentibus
3070 569 3204 612 eum
3228 550 3466 614 allicere
3487 553 3682 617 dede-

2035 649 2264 712 core,et
2297 639 2440 699 dicit
2470 639 2525 700 ei
2562 659 2575 700 :
2614 638 2742 700 Tua
2790 641 3035 720 quidem
3083 640 3332 715 oblatio,
3368 661 3402 702 ο
3446 644 3554 718 fili,
3592 654 3684 708 est

2040 747 2250 807 magna
2271 737 2327 789 et
2353 729 2489 789 huic
2512 729 2766 808 tempori
2787 729 3144 792 necessaria.
3181 731 3295 793 Sed
3321 739 3410 792 est
3440 733 3679 811 vitiosa,

2037 826 2092 876 et
2117 826 2360 896 propter
2381 819 2493 878 hoc
2516 818 2711 896 ipsum
2738 837 2857 878 non
2877 819 3411 884 admittenda.Non
3442 823 3683 902 ignoras

2035 906 2389 985 enim,quod
2414 925 2718 986 oves,quae
2750 925 2817 968 ex
2852 908 2984 987 lege
3010 910 3439 987 offerebantur,
3473 914 3525 974 si
3558 932 3681 977 non

2037 1008 2230 1055 essent
2257 1000 2371 1054 vitii
2396 1012 2662 1069 expertes
2691 1003 2912 1057 etiamsi
2936 1012 3126 1059 essent
3150 1018 3395 1075 magnae,
3424 1021 3542 1064 non
3570 1022 3682 1078 po-

2039 1091 2232 1144 terant
2263 1085 2496 1145 admitti
2527 1084 2598 1145 ad
2653 1087 3036 1150 sacrificium.
3071 1088 3200 1160 Qua
3246 1092 3325 1151 de
3357 1109 3534 1153 causa
3565 1111 3680 1156 nec

2040 1192 2289 1234 munera
2312 1174 2456 1235 Cain
2476 1173 2597 1235 Deo
2620 1175 2857 1236 fuerunt
2880 1178 3310 1257 accepta.lllud
3334 1189 3556 1256 autem,
3593 1185 3681 1246 Ex

2039 1265 2395 1324 necessitate
2418 1265 2598 1324 etiam
2629 1265 2753 1326 fieri
2782 1258 2933 1343 legis
2958 1267 3432 1345 translationem,
3461 1272 3575 1333 hoc
3604 1273 3680 1335 ab

2035 1353 2319 1432 Apostolo
2354 1354 2574 1415 dictum
2611 1373 2744 1416 esse
2777 1356 3006 1416 scimus
3037 1357 3113 1416 de
3145 1356 3276 1436 lege
3302 1361 3678 1435 veteri.Quid

2037 1445 2196 1504 enim
2231 1443 2333 1505 tibi
2386 1445 2637 1519 videtur,
2672 1446 2828 1525 quod
2865 1445 3041 1507 situm
3088 1456 3179 1508 est
3228 1449 3382 1528 apud
3431 1450 3676 1514 fratrem

2037 1532 2272 1594 Domini
2297 1533 2616 1596 Iacobum?
2657 1535 2752 1598 Sic
2793 1543 2994 1596 autem
3031 1535 3248 1599 habet:
3291 1561 3315 1593 α
3352 1539 3469 1612 Qui
3493 1548 3679 1603 totam

2037 1626 2220 1698 legem
2246 1626 2582 1697 impleverit.
2617 1629 2671 1684 in
2697 1643 2813 1685 uno
2836 1635 3024 1686 autem
3049 1629 3246 1700 lapsus
3273 1631 3370 1702 sit,
3397 1647 3523 1691 esse
3552 1650 3682 1693 om-

2038 1711 2202 1771 nium
2235 1729 2401 1770 reum
2424 1711 2476 1771 ὅ.
2515 1734 2542 1766 »
2578 1709 2818 1772 Fratres
2851 1720 3047 1774 autem
3079 1721 3320 1775 nostros
3351 1734 3671 1798 pauperes,

310 1833 441 1885 μεν,
473 1809 594 1866 ἀλλ’
627 1809 717 1887 ὅγε
745 1810 942 1886 θρέψας
974 1811 1047 1873 είς
1077 1807 1224 1886 δεῦρο
1258 1810 1413 1887 Θεὸς,
1447 1809 1603 1870 αὐτὸς
1663 1809 1781 1886 περὶ
1823 1811 1951 1865 τού-

2047 1802 2272 1862 etiamsi
2296 1820 2402 1861 nos
2433 1801 2823 1863 versemurin
2849 1801 3074 1882 inopia,
3108 1810 3168 1863 at
3207 1807 3308 1885 qui
3340 1807 3485 1870 aluit
3515 1810 3679 1873 Deus

309 1923 424 1957 των
453 1902 542 1956 καὶ
582 1910 676 1958 τοῦ
729 1899 916 1957 λοιποῦ
974 1911 1236 1978 φροντιεῖ,
1273 1899 1435 1972 μόνον
1479 1899 1523 1954 εἰ
1551 1900 1716 1972 ἡμεῖς
1748 1899 1841 1963 τὰς
1873 1899 1954 1954 ὲν-

308 1991 481 2055 τολὰς
527 1989 688 2049 αὐτοῦ
730 1989 926 2061 εἴημεν
977 1989 1246 2058 ἀκινήτως
1304 1987 1704 2065 διατηροῦντες.
1740 1989 1798 2046 Τί
1855 1987 1954 2068 γάρ

309 2080 571 2137 ἀδύνατον
629 2081 664 2146 ἢ
723 2079 980 2159 δυσχερὲς
1028 2079 1104 2153 τῷ
1133 2079 1256 2142 τοὺς
1289 2077 1444 2133 πέντε
1476 2076 1658 2155 ἄρτους
1685 2077 1739 2132 ἐν
1771 2078 1955 2154 ἐρήμῳ

319 2170 454 2226 ποτὲ
509 2169 859 2248 πληθύναντι,
921 2169 1009 2225 καὶ
1056 2169 1174 2232 τοὺς
1221 2165 1345 2223 δέκα
1374 2164 1585 2242 μοδίους
1615 2168 1736 2232 τοὺς
1767 2167 1818 2224 ἐν
1879 2176 1954 2242 τῷ

314 2260 505 2316 σιτῶνι
535 2265 611 2332 τῷ
640 2258 754 2331 ἐμῷ
807 2256 1180 2334 εὖλογήσαντι,
1235 2257 1365 2334 πρὸς
1423 2255 1557 2312 πολὺ
1613 2256 1815 2324 πλῆθος
1853 2258 1952 2312 αὖ-

315 2350 502 2416 ξῆσαι,
561 2358 653 2404 Aio
697 2368 813 2426 σοι,
853 2347 1060 2420 τέκνον,
1095 2348 1156 2404 τὸ
1187 2347 1241 2403 ἐν
1283 2359 1405 2410 ταῖς
1438 2345 1662 2423 Πράξεσι
1693 2348 1822 2422 πρὸς
1855 2348 1950 2402 Σί-

311 2461 468 2514 μωνα
511 2437 790 2517 εἰρημένον
847 2438 1068 2514 ἁρμόσει
1140 2437 1248 2511 ὃτι,
1309 2460 1336 2491 α
1383 2439 1490 2494 Οὐκ
1519 2434 1630 2493 ἔστι
1664 2458 1745 2492 σοι
1802 2437 1952 2515 μερὶς

311 2529 433 2589 οὔδε
462 2528 660 2606 κλῆρος
688 2529 742 2584 ἐν
774 2527 946 2600 τούτῳ
977 2533 1056 2600 τῷ
1085 2528 1258 2606 μέρει,
1296 2546 1325 2586 )

407 2715 542 2768 KA’.
577 2708 734 2766 Οῧπω
789 2710 880 2764 τὸν
925 2708 1116 2763 ἑαυτοῦ
1149 2705 1306 2762 οἷκον
1357 2703 1562 2764 ἐκεῖνος
1591 2703 1953 2784 ἀποπεμφθεὶς

323 2799 589 2876 ἄπρακτος
631 2797 840 2876 ὑπῆρχε
889 2793 1230 2871 καταλαϐὼν,
1280 2794 1365 2848 καὶ
1423 2795 1680 2866 μηνύεται
1724 2800 1801 2866 τῷ
1848 2817 1952 2868 με-

325 2887 477 2960 αείλῳ
517 2885 603 2943 δύο
644 2893 751 2943 τῶν
797 2893 895 2953 τῆς
941 2884 1267 2951 Ἐκκλησίας
1327 2881 1524 2939 πλοίων
1555 2881 1609 2936 ἐν
1659 2884 1736 2958 τῷ
1777 2883 1953 2959 λιμένι

319 2983 566 3054 κατᾶραι,
616 2977 760 3032 σίτου
795 2974 1006 3037 πολλὰς
1041 2971 1288 3051 χιλιάδας
1321 2975 1382 3026 ἔκ
1418 2971 1662 3032 Σικελίας
1693 2970 1808 3050 ἄρτι
1832 2973 1952 3030 δια-

315 3068 608 3140 κομίζοντα
644 3084 660 3103 ο
696 3064 825 3145 ὕπερ
859 3065 1110 3134 ἀκούσας,
1165 3061 1372 3124 ἐκεῖνος
1417 3062 1490 3122 είς
1522 3061 1718 3135 γόνατα
1749 3064 1950 3141 πεσὼν,

315 3156 638 3237 ηὒχαρίστει
695 3177 774 3230 τῳ
832 3161 947 3228 Θεῷ
991 3153 1185 3230 λέγων,
1235 3149 1314 3207 ὅτι
1373 3153 1432 3208 O't
1475 3149 1819 3221 ἑκζητουντές
1869 3175 1926 3210 σε

1934 3202 2015 3258 ’C

2038 1909 2227 1971 usque
2248 1891 2307 1951 in
2333 1891 2694 1952 hodiernum
2737 1890 2923 1966 diem,
2947 1892 3074 1972 ipse
3098 1911 3306 1956 eorum
3333 1914 3575 1976 quoque
3599 1901 3677 1963 de

2037 1989 2255 2042 caetero
2281 1999 2481 2041 curam
2506 1980 2757 2058 geret,si
2778 1982 2954 2042 modo
2977 2001 3084 2043 nos
3107 1984 3237 2064 ejus
3254 1987 3531 2049 mandata
3557 2008 3683 2052 ser-

2038 2089 2244 2131 vamus
2265 2071 2620 2132 immobilia.
2641 2070 2793 2142 Quid
2838 2080 2927 2132 est
2949 2072 3108 2133 enim
3136 2075 3292 2153 quod
3323 2075 3525 2140 facere
3556 2097 3678 2143 non

2038 2159 2364 2240 possit?aut
2385 2159 2528 2238 quid
2557 2159 2630 2220 sit
2652 2159 3100 2241 difﬁcileei,qui
3123 2163 3389 2245 quinque
3413 2185 3595 2247 panes
3617 2171 3678 2233 in

2038 2250 2272 2311 deserto
2296 2249 2616 2328 aliquando
2637 2249 3072 2328 multiplicavit,
3110 2251 3160 2312 si
3181 2253 3389 2316 decem
3416 2258 3673 2335 modios,

2037 2340 2136 2419 qui
2170 2347 2308 2399 sunt
2335 2341 2391 2400 in
2439 2358 2570 2399 meo
2603 2339 2848 2413 horreo,
2881 2338 3281 2422 benedixerit,
3318 2363 3422 2407 eos
3450 2347 3512 2408 in
3549 2367 3676 2412 ma-

2037 2447 2210 2505 gnam
2259 2447 2483 2507 augere
2528 2427 2971 2489 multitudinem
2995 2433 3022 2488 ?
3051 2430 3455 2502 Quamobrem
3481 2436 3611 2509 tibi,
3639 2459 3674 2501 ο

2037 2518 2469 2594 fili,conveniet
2491 2517 2573 2588 id,
2602 2517 2758 2596 quod
2794 2515 3026 2579 Simoni
3044 2519 3266 2582 dictum
3291 2524 3460 2585 estin
3485 2526 3671 2590 Actis:

2038 2631 2066 2664 ε
2105 2606 2234 2668 Non
2282 2616 2369 2668 est
2401 2606 2508 2668 tibi
2542 2624 2702 2686 pars,
2739 2623 2932 2686 neque
2963 2625 3094 2668 sors
3125 2608 3187 2670 in
3219 2610 3330 2672 hac
3362 2623 3528 2692 parte
3552 2618 3604 2680 4.
3647 2642 3670 2674 ι

2116 2695 2602 2760 XXIV.Nondum
2629 2695 3029 2784 illedimissus
3051 2697 3317 2773 domum,
3343 2721 3409 2764 re
3431 2705 3673 2784 infecta,

2035 2789 2465 2860 redierat,cum
2485 2804 2696 2863 magno
2716 2783 2931 2847 Joanni
2953 2785 3324 2864 signiﬁcatur
3337 2793 3485 2855 duas
3499 2783 3678 2859 naves

2035 2877 2329 2940 Ecclesiae
2362 2877 2421 2936 in
2456 2885 2688 2954 portum
2722 2875 3047 2954 appulisse,
3081 2877 3351 2944 ferentes
3380 2903 3446 2945 ex
3473 2885 3683 2950 Sicilia

2039 2970 2226 3030 multa
2250 2965 2534 3028 frumenti
2554 2965 2742 3025 millia
2774 2963 2942 3036 Quod
2968 2966 3213 3041 quidem
3239 2989 3373 3032 cum
3394 2973 3496 3037 ille
3513 2976 3685 3040 audi-

2035 3056 2572 3138 visset,procitlens
2596 3055 2653 3115 in
2677 3055 3024 3134 genua,Deo
3047 3059 3170 3135 egit
3192 3062 3679 3137 gratias,dicens;

2038 3148 2150 3220 Qui
2183 3157 2240 3208 te
2272 3153 2567 3226 quaerunt,
2607 3144 2876 3236 Domine,
2904 3155 3220 3236 eliservant
3245 3157 3342 3212 tua
3377 3157 3677 3236 mandata,

321 3233 503 3324 Κύριε,
550 3247 638 3302 καὶ
696 3245 789 3306 τὰς
835 3243 1054 3306 ἐντολάς
1097 3263 1192 3297 σου
1237 3238 1612 3319 φυλάττοντες,
1647 3241 1742 3296 οὐκ
1797 3241 1952 3300 ἐλατ-

2047 3257 2157 3299 non
2190 3238 2538 3296 minuenlur
2559 3234 2722 3295 omni
2747 3233 3343 3307 bono.Quamobrem
3366 3233 3681 3323 magniﬁco

316 3337 654 3403 τωθήσονται
708 3335 908 3396 παντὸς
964 3332 1206 3410 ἀγαθοῖν
1285 3327 1364 3385 διὸ
1409 3328 1690 3406 μεγαλύνω
1749 3336 1843 3386 ad.)
1896 3335 1958 3388 τὸ

318 3426 586 3502 πανάγιον
643 3423 836 3502 ὄνομα,
871 3421 951 3477 ὅτι
984 3423 1060 3494 μὴ
1091 3419 1474 3500 συνεχώρησας
1534 3425 1610 3492 τῷ
1654 3416 1822 3493 δούλῳ
1864 3443 1957 3478 σου

323 3516 623 3593 γρημάτων
683 3513 839 3570 ὤνιον
886 3511 984 3578 τῆν
1028 3511 1188 3590 χάριν
1243 3531 1336 3565 σου
1365 3507 1566 3570 θέσθαι.
1615 3506 1767 3565 Ἀλλ’
1821 3509 1958 3567 οὕτω

321 3606 424 3680 μὲν
466 3605 519 3660 ἐν
557 3605 808 3660 στενώσει
863 3601 1175 3662 πλατυνθείς
1229 3602 1256 3654 ὁ
1299 3596 1537 3670 ἀοίδιμος
1569 3599 1628 3654 οὒ
1684 3600 1958 3676 προήκατο

317 3695 418 3762 τῆς
444 3694 738 3774 ἀναγκαίας
774 3691 958 3771 χρείας
992 3691 1090 3757 τὴν
1119 3696 1212 3745 τοῦ
1235 3688 1457 3752 κανόνος
1487 3685 1776 3765 ἀκρίϐειαν,

2039 3325 2479 3388 sanctissimum
2511 3341 2729 3383 nomen
2761 3330 2952 3399 tuum,
2987 3325 3146 3404 quod
3179 3345 3297 3388 non
3335 3336 3684 3410 permiseris

2041 3433 2216 3477 servo
2245 3424 2367 3486 tuo,
2405 3423 2468 3472 ut
2499 3423 2657 3502 tuam
2693 3415 2940 3488 gratiam
2973 3416 3369 3480 venumdaret
3401 3426 3680 3502 pecunia,

2040 3505 2158 3569 Sed
2190 3505 2275 3564 sic
2309 3504 2548 3596 quidem
2576 3501 2634 3562 in
2661 3502 2949 3579 angustiis
2973 3503 3258 3568 dilatatus
3287 3512 3376 3570 vir
3405 3501 3681 3596 inclytus,

2041 3616 2158 3658 non
2198 3592 2459 3675 prodidit
2492 3609 2598 3672 pro
2629 3610 2740 3651 usu
2771 3609 2972 3653 rerum
2998 3598 3475 3662 necessariarum
3509 3592 3686 3668 accu-

2042 3695 2228 3748 ratam
2262 3684 2484 3761 regulae
2513 3681 3024 3744 observationem.

1824 3821 2068 3886 CAPUT
2096 3821 2166 3883 V.

1671 3958 2078 4024 Mansuetudo
2121 3959 2341 4020 animi.

410 4099 540 4172 κε’,
581 4120 675 4165 Δεϊ
701 4106 755 4164 δὲ
786 4113 874 4165 καὶ
904 4112 1102 4185 δεῖγμα
1131 4113 1229 4174 τῆς
1263 4108 1468 4175 πολλῆς
1498 4108 1563 4175 ἧς
1595 4108 1754 4185 εἶχεν
1787 4105 1965 4171 ἀνεξι-

321 4198 515 4263 κακίας
565 4201 734 4277 ἒρεϊν,
791 4200 875 4254 καὶ
923 4199 1020 4254 οἶα
1063 4200 1132 4263 ἦν
1164 4198 1307 4266 αὗτῴ
1336 4199 1458 4276 περὶ
1487 4195 1644 4266 τήνδε
1675 4198 1774 4263 την
1807 4196 1962 4252 ἐντο-

325 4287 433 4354 λὴν
492 4290 526 4356 ἡ
582 4286 821 4367 ἀκρίϐεια
880 4287 1269 4364 διηγήσασθαι.
1309 4288 1412 4344 Δύο
1458 4288 1604 4351 τινας
1659 4289 1764 4341 τῶν
1810 4288 1966 4343 αὖτοῦ

326 4377 602 4452 κληρικῶν
682 4376 941 4447 ἀλλήλοις
1031 4376 1387 4449 ἑπιμανέντας
1472 4377 1752 4453 ἄφορισμῴ
1830 4378 1966 4431 καθ-

325 4463 591 4525 υπεϐαλεν
622 4469 649 4523 ὁ
679 4468 970 4540 θαυμάσιος
1006 4483 1018 4496 ·
1053 4467 1127 4522 ὧν
1178 4467 1205 4521 ὁ
1250 4465 1348 4540 μὲν
1383 4464 1494 4534 εἷς,
1543 4463 1773 4528 ἅσμενος
1830 4485 1963 4520 κατ-

327 4552 542 4620 εδέξατο
598 4557 697 4623 τὴν
757 4556 1026 4632 ἐπιτιμίαν
1063 4573 1077 4588 ⁸
1135 4554 1349 4631 θέτερος
1394 4552 1448 4608 δὲ
1495 4551 1758 4632 πρόφασιν
1789 4553 1968 4632 ὥσπερ

2131 4103 2562 4185 XXV.Op0rtet
2583 4115 2780 4169 autem
2814 4107 3016 4170 dicere
3037 4109 3214 4170 etiam
3238 4109 3528 4172 indicium
3557 4130 3690 4176 ma-

2050 4214 2386 4276 gum,quam
2415 4194 2642 4269 habuit,
2674 4197 3031 4270 tolerantiae,
3067 4207 3386 4260 etnarrare
3416 4219 3593 4281 quam
3627 4220 3696 4265 se

2053 4285 2312 4364 perfecte
2327 4295 2565 4363 gereret
2585 4287 2643 4346 in
2671 4287 2783 4348 hoc
2809 4288 3304 4367 praecepto.Duos
3317 4292 3605 4369 quosdam
3621 4311 3696 4355 ex

2050 4376 2172 4435 suis
2203 4374 2461 4448 clericis,
2497 4374 2604 4455 qui
2637 4375 2793 4436 inter
2823 4395 2887 4437 se
2913 4378 3170 4439 invicem
3204 4379 3443 4440 fuerant
3481 4379 3699 4444 debac-

2051 4463 2330 4536 chati,vir
2343 4464 2728 4526 admirandus
2750 4465 3699 4547 subjeceratsegregationi.Quo-

2051 4572 2183 4614 rum
2218 4573 2369 4614 unus
2385 4555 2627 4634 quidem
2657 4574 2893 4634 poenam
2918 4556 3180 4620 libenter
3210 4559 3512 4637 subierat;
3547 4561 3702 4626 alter

326 4645 426 4713 τῆς
472 4646 658 4701 ἑαυτοῦ
701 4645 952 4721 ῥᾳθυμίας
1011 4645 1178 4711 αὐτὴν
1235 4646 1497 4717 εὑρηκὼς,
1531 4644 1708 4722 εὐχῶν
1741 4643 1838 4715 μὲν
1879 4645 1957 4698 καῖ

2051 4655 2245 4703 autem
2273 4663 2402 4703 cum
2427 4663 2550 4704 eam
2571 4649 2888 4706 invenisset
2909 4661 3184 4724 tanquam
3209 4661 3553 4723 praetextum
3577 4669 3701 4714 sua

326 4733 592 4798 συνάξεων
649 4735 710 4790 τὸ
780 4736 1031 4810 παράπαν
1088 4733 1304 4808 ἠμέλει,
1371 4733 1671 4808 ἐπιθυμίαις
1729 4730 1784 4786 δὲ
1843 4745 1966 4792 ταῖς

326 4824 488 4888 ἰδίαις
549 4821 835 4885 διαπαντὸς
882 4822 1234 4903 ἐνεσχόλαζεν
1269 4838 1282 4852 ’
1319 4823 1444 4878 εἶτα
1472 4821 1824 4899 προσηπείλει
1882 4824 1970 4878 καὶ

326 4915 406 4988 τῷ
461 4911 684 4987 μεγάλῳ
754 4915 1363 4989 καταπανουργήσασθαι
1421 4917 1520 4979 τῆς
1577 4909 1782 4978 πολλῆς
1825 4911 1968 4967 ἐκεί-

327 5025 426 5070 νης
483 5003 572 5059 καὶ
629 5003 934 5079 ἁγιωτάτης
995 5001 1321 5067 ἁπλότητος.
1385 5001 1524 5058 Φασί
1583 4999 1637 5056 δέ
1680 5022 1820 5063 τινες
1881 5002 1968 5056 καὶ

323 5103 512 5151 τοῦτον
544 5093 699 5150 αὐτὸν
732 5091 876 5148 εἶναι
908 5093 999 5146 τὸν
1036 5087 1442 5156 ὑποϐεϐληκότα
1502 5091 1710 5162 Νικήτᾳ
1767 5113 1964 5163 πατρι-

322 5187 426 5255 κίῳ
455 5183 519 5239 τὰ
551 5188 647 5249 τῆς
683 5179 1010 5248 Ἐκκλησίας
1058 5180 1331 5236 ἀνελέσθαι
1392 5182 1674 5260 χρήματα,
1720 5182 1964 5254 οἰόμενον

323 5275 385 5330 ἐκ
412 5274 597 5330 τούτου
631 5271 805 5338 λύπης
864 5269 1040 5327 αἴτιον
1099 5274 1430 5336 καταστῆναι
1487 5271 1564 5344 τῷ
1627 5271 1964 5349 πατριάρχο-

325 5364 476 5420 Ἐπεὶ
519 5363 690 5416 τοίνυν
749 5360 985 5437 ἔγνωστο
1028 5359 1170 5414 τουτὶ
1224 5362 1300 5430 τῷ
1329 5357 1574 5434 μεγάλῳ,
1611 5358 1966 5434 λογισάμενος

327 5452 540 5526 μήποτε
582 5451 671 5504 καὶ
715 5456 790 5522 τῷ
840 5445 1073 5520 διαϐόλῳ
1107 5445 1472 5525 παρανάλωμα
1504 5447 1748 5528 γένηται⁷
1778 5446 1967 5504 καλεῖν

401 5631 437 5680 3
467 5631 592 5694 Jac.
632 5645 699 5704 ιι,
735 5627 830 5690 10.
917 5627 950 5678 4
978 5625 1116 5692 Act.
1153 5642 1279 5702 Vlll,
1310 5625 1407 5688 12.

2053 4731 2591 4800 socordiae,precum
2608 4735 2839 4803 quidem
2862 4738 3448 4808 etcongregationum
3473 4739 3699 4798 nullam

2053 4817 2297 4877 omnino
2322 4835 2522 4878 curam
2550 4818 3283 4896 gerebat,vacabatautem
3304 4823 3551 4885 omnino
3573 4825 3702 4888 suis

2054 4911 2483 4989 cupiditatibus
2516 4929 2529 4972 :
2566 4911 2788 4974 deinde
2822 4913 3163 4976 minabatur
3192 4922 3472 4990 etiam,se
3502 4918 3703 4996 magni

2057 5001 2216 5062 illius
2235 5000 2342 5059 viri
2367 5019 2660 5060 summam
2687 5003 2848 5062 illum
2874 5013 2931 5064 et
2949 5005 3384 5067 sanctissimam
3414 5005 3705 5085 simplici-

2053 5098 2232 5160 tatem
2266 5089 2594 5152 calliditate
2625 5091 2824 5171 aliqua
2870 5095 3450 5156 circumventurum.
3485 5095 3704 5158 Dicunt

2051 5197 2189 5239 vero
2214 5179 2419 5258 aliqui,
2456 5181 2617 5240 hunc
2641 5199 2880 5261 quoque
2899 5201 3032 5244 eum
3060 5185 3330 5264 esse,qui
3353 5184 3575 5247 Nicetw
3594 5204 3705 5266 pa-

2052 5269 2222 5329 tricio
2256 5277 2662 5345 suggesserat,
2697 5277 2759 5330 ut
2792 5272 3079 5351 pecunias
3125 5274 3364 5336 tolleret
3394 5273 3704 5350 Ecclesiae,

2054 5357 2193 5418 dum
2219 5354 2588 5418 existimaret
2609 5375 2675 5420 se
2695 5378 2764 5422 ea
2787 5363 3021 5423 ratione
3037 5363 3436 5442 patriarcham
3462 5364 3709 5428 affectu-

2054 5464 2187 5508 rum
2220 5444 2514 5507 molestia.
2552 5445 2694 5508 Cum
2731 5469 2871 5531 ergo
2902 5451 3016 5513 hoc
3052 5471 3300 5534 magnus
3331 5462 3712 5535 cognovisset
