4006 6138
399 309 518 376 919

1692 302 1975 371 MENSIS
2019 305 2478 371 JANUARIUS.

3641 312 3744 380 9‘20

398 447 761 530 patriarcha,
795 445 1015 509 timens
1044 461 1121 507 ne
1139 443 1293 506 forte
1327 443 1379 506 is
1399 441 1688 506 adiabolo
1712 461 2033 505 consume-

2141 441 2313 518 ἱμελλε
2358 447 2544 502 τοῦτον
2592 448 2679 503 καὶ
2724 448 3046 521 συμπαθείας
3096 447 3373 514 καταξιοῦν
3412 464 3425 478 '
3465 451 3751 524 προμηθείᾳ

399 545 736 606 retur.eum
761 543 888 598 erat
919 540 1232 596 vocaturus
1263 541 1321 595 et
1349 533 1702 612 dignaturus
1728 551 1859 594 com
1871 533 2050 594 mise-

401 625 923 690 rationezmeliore
941 632 1142 685 autem
1167 621 1543 702 providentia
1563 623 1878 684 mandatur
1897 621 2047 683 obli-

401 717 562 779 vioni
581 715 667 791 id,
701 713 864 795 quod
903 712 1103 775 animo
1147 711 1464 791 cogitabat,
1498 719 1568 773 ut
1598 729 1881 790 suprema
1915 712 2048 791 ejus

407 804 714 870 humilitas
744 803 915 865 ﬁeret
968 799 1219 862 evidens
1252 800 1464 881 majori
1493 801 2041 863 commiseratione.

483 890 840 956 XXVI.Nam
863 908 1000 952 cum
1023 888 1263 952 adesset
1283 889 1518 952 dierum
1543 889 1813 951 omnium
1837 889 2047 970 praeci-

404 981 717 1065 puus,ipse
744 992 946 1045 autem
979 986 1202 1041 astaret
1231 979 1293 1041 in
1325 979 1497 1041 altari
1531 979 2048 1059 (14),etincruen-

399 1082 532 1134 tum
557 1068 1203 1148 oﬂ'erretsacrificium,
1241 1086 1310 1130 ea
1339 1069 1472 1147 ipsa
1501 1069 1670 1145 hora,
1705 1069 1768 1130 in
1798 1089 1911 1150 qua
1945 1087 2048 1131 sa-

403 1178 573 1226 crum
626 1159 821 1222 velum
853 1159 1120 1221 auferret
1149 1177 1182 1220 a
1213 1165 1434 1220 sanctis
1466 1159 1663 1240 donis,
1701 1161 2051 1222 recordatus

404 1248 674 1332 ejus,qui
702 1249 906 1311 odium
940 1248 1002 1310 in
1019 1267 1155 1310 eum
1179 1257 1628 1329 conceperat,et
1651 1268 1880 1311 memor
1904 1268 2046 1330 prae-

403 1339 1051 1422 cepti-Dominici.quod
1063 1336 1496 1419 jubetquidem
1512 1338 1816 1400 dimittere
1828 1339 2048 1400 donum

406 1438 544 1494 ante
575 1428 783 1502 altare,
823 1427 1153 1507 procedere
1184 1435 1383 1490 autem
1418 1427 1583 1509 prius
1611 1428 1685 1490 ad
1716 1428 1918 1489 fratris
1947 1447 2049 1490 re-

407 1517 892 1582 conciliationem
911 1517 965 1590 5,
1000 1524 1059 1578 ct
1077 1525 1218 1579 tunc
1240 1516 1462 1578 donum
1487 1517 1729 1591 offerre;
1756 1517 2052 1596 signiﬁcat

407 1607 762 1679 diacono,ut
778 1623 1109 1668 connexam
1131 1617 1402 1669 resumat
1433 1606 1874 1688 petitionem,et
1895 1625 2052 1686 sape

411 1697 794 1772 dicat,donec
811 1696 941 1777 ipse
957 1695 1376 1776 redierit.Ipse
1396 1703 1597 1759 autem
1617 1706 1882 1759 ventrem
1910 1715 2056 1777 prae-

2130 531 2185 587 δὲ
2227 535 2484 609 κρείττονι
2527 533 2665 612 λήθῃ
2711 549 3054 614 παραιρεῖται
3086 539 3146 593 τὸ
3181 536 3588 616 μελετώμενον,
3634 539 3754 596 ὥστε

2128 624 2190 678 τὸ
2248 622 2519 702 ὑπέρμεγα
2562 629 2656 692 τῆς
2716 625 2875 684 αὐτοῦ
2916 627 3314 701 ταπεινώσεως,
3363 629 3574 702 μεζονι
3633 650 3756 705 συμ-

2129 712 2317 785 παθείᾳ
2346 713 2586 790 γενέσθαι
2620 716 2939 794 ¹ιιαταφανεὶς.

2213 891 2336 967 KQ"
2350 941 2364 955 ,
2402 884 2492 958 Ὦς
2527 893 2628 970 γὰρ
2665 893 2694 959 ἣ
2738 894 2888 970 κυρία
2910 892 3015 949 τῶν
3043 896 3259 970 ἡμερῶν
3286 901 3498 973 παρῆν,
3535 897 3688 960 αὐτὸς
3716 899 3763 956 δὲ

2127 989 2204 1056 τῷ
2245 981 2448 1058 βάματι
2479 983 2751 1058 παραστὰς
2786 984 2882 1051 τὴν
2930 984 3254 1058 ἀναίμακτον
3302 986 3579 1066 ἐτύγχανε
3610 1010 3766 1065 προσ·
3801 1051 3806 1053 _

2129 1073 2301 1151 φέρων
2328 1073 2504 1129 θυσίαν
2537 1071 2654 1129 κατ’
2687 1074 2848 1141 αὐτὴν
2880 1073 2976 1140 τὴν
3008 1073 3149 1144 ὥραν
3180 1073 3234 1130 ἐν
3264 1075 3300 1149 ᾗ
3338 1077 3396 1131 τὸ
3429 1076 3575 1154 ἱερὸν
3607 1098 3766 1133 κατα·-

2134 1162 2380 1236 πέτασμα
2411 1167 2516 1218 τῶν
2558 1162 2710 1218 θείων
2755 1161 2934 1242 δώρων
2967 1163 3295 1244 ἀφαιρεῖται,
3325 1169 3399 1229 εἰς
3431 1167 3662 1240 μνήμην
3691 1175 3770 1225 τοῦ

2132 1259 2590 1326 μνησικακοῦντος
2649 1251 2836 1331 ἐλθὼν,
2890 1257 2976 1308 καὶ
3027 1253 3122 1320 τῆς
3159 1259 3502 1323 Δεσποτικῆς
3539 1258 3768 1331 επιμνη-

2133 1343 2272 1407 σθεὶς
2316 1341 2561 1410 ἐντολῆς,
2626 1341 2661 1409 ἢ
2706 1344 2766 1398 τὸ
2825 1342 2921 1415 μὲν
2967 1340 3132 1421 δῶρον
3195 1342 3500 1421 ἔμπροσθεν
3566 1345 3771 1424 ἀφεῖναι

2131 1439 2225 1487 τοῦ
2267 1432 2637 1510 θυσιαστηρίου
2680 1433 2910 1504 κελεύει,
2944 1435 3074 1508 πρὸς
3140 1432 3492 1511 καταλλαγὰς
3531 1434 3587 1490 δὲ
3647 1437 3770 1514 πρό-

2133 1543 2284 1598 τερον
2341 1527 2590 1601 χωρῆσαι
2633 1522 2725 1578 τοῦ
2781 1519 3030 1601 ἀδελφοὺ,
3084 1522 3170 1578 καὶ
3228 1523 3347 1578 τότε
3399 1523 3469 1593 δὴ
3515 1527 3580 1580 τὸ
3623 1524 3775 1604 δῶρον

2135 1623 2540 1687 προσενεγκεῖν,
2600 1608 2763 1676 δηλοῖ
2792 1610 2868 1684 τῷ
2897 1607 3126 1685 διακόνῳ
3157 1611 3253 1678 τὴν
3285 1615 3565 1682 συναπτὴν
3613 1613 3773 1682 αἴτη-

2138 1723 2220 1757 σιν
2280 1697 2661 1779 ἑπαναλαϐεῖν,
2695 1699 2790 1756 καὶ
2824 1699 3084 1765 πολλάκις
3129 1705 3302 1759 εἰπεῖν
3334 1703 3540 1782 μέχρις
3577 1703 3638 1760 ἂν
3686 1706 3774 1760 αὖ·

409 1796 640 1862 texens,
674 1803 954 1865 egressus
1002 1795 1092 1847 est
1147 1786 1220 1847 ab
1273 1785 1469 1861 altari,
1525 1793 1586 1848 et
1635 1787 1814 1848 mittit
1846 1805 2054 1867 magna

2141 1793 2230 1854 τὸς
2284 1789 2585 1850 ἐπανέλθοι.
2621 1789 2784 1852 Αὐτὸς
2816 1788 2869 1845 δέ
2903 1792 3001 1858 τὴν
3034 1792 3262 1868 γαστέρα
3305 1794 3774 1872 προφασισᾶμενος

411 1876 742 1954 celeritate,
775 1876 848 1938 ad
879 1895 946 1939 se
969 1893 1190 1936 vocans
1224 1873 1390 1936 illum
1423 1874 1709 1937 clericum
1740 1897 1753 1938 :
1781 1876 1884 1956 qui
1913 1879 2054 1957 qui-

410 1965 549 2030 dem
581 1985 712 2028 mox
763 1965 994 2028 aderat.
1051 1963 1307 2028 Sanctus
1355 1983 1497 2027 vero
1530 1965 1790 2046 procidit
1820 1968 1892 2029 ad
1925 1969 2056 2048 ejus

411 2055 622 2138 pedes,
655 2053 804 2118 nihil
859 2055 1106 2117 omnino
1136 2070 1420 2117 aversans
1448 2054 1653 2117 oculos
1689 2074 1924 2131 eorum,
1954 2063 2054 2139 qui

410 2143 687 2221 aderant,
715 2144 952 2208 veniam
987 2144 1314 2225 postulans.
1339 2143 1574 2206 Deinde
1595 2143 1720 2218 ille,
1754 2147 1857 2226 qui
1892 2149 2056 2228 prius

413 2237 606 2298 fuerat
634 2235 955 2316 insipiens,
1006 2234 1213 2297 videns
1261 2235 1373 2296 hoc
1403 2243 1848 2297 sacrosanctum
1882 2244 2057 2318 caput

412 2324 750 2405 projectum
771 2323 846 2385 ad
867 2340 1007 2385 suos
1029 2322 1566 2404 pedes,fuitstatim
1591 2323 1812 2386 fractus
1831 2327 2054 2399 animo,

413 2414 634 2477 timens
655 2413 856 2492 ignem
883 2412 960 2475 de
981 2413 1156 2491 coelo,
1183 2420 1392 2494 etquae
1414 2413 1580 2476 illinc
1612 2416 1924 2477 mittuntur
1948 2416 2058 2479 ful-

412 2503 599 2570 mina.
632 2501 768 2583 Ipse
797 2520 1036 2583 quoque
1061 2519 1286 2581 pronus
1318 2503 1742 2584 cadens,petiit
1770 2507 1847 2567 ab
1871 2524 1943 2567 eo
1969 2525 2058 2568 ve-

411 2591 823 2656 niam.Beatus
843 2601 1046 2656 autem
1078 2595 1341 2655 Joannes
1375 2611 1388 2656 :
1429 2594 1586 2654 Deus
1617 2595 1936 2671 ambobus,
1973 2598 2060 2659 in-

412 2683 562 2765 quit,
595 2682 885 2762 ignoscat,
923 2682 1008 2744 ﬁli
1032 2684 1132 2745 mi.
1165 2681 1396 2745 Deinde
1419 2702 1555 2745 eum
1579 2703 1822 2765 quoque
1851 2703 2057 2748 secum

412 2773 686 2846 assumit,
739 2782 800 2834 et
853 2790 988 2834 cum
1021 2772 1237 2849 gaudio
1269 2781 1329 2834 et
1358 2792 1495 2834 cum
1521 2783 1743 2854 quanta
1791 2774 1908 2836 dici
1941 2795 2058 2838 non

416 2870 615 2943 potest
636 2861 935 2943 voluptate
955 2879 1122 2924 aram
1138 2863 1618 2944 ingressus,tunc
1633 2882 1814 2925 ausus
1832 2864 2059 2928 estDeo

415 2950 623 3014 dicere
645 2969 781 3014 cum
815 2950 1074 3014 fiducia:
1126 2950 1369 3014 Dimitte
1391 2951 1569 3014 nobis
1589 2953 1789 3014 debita
1830 2965 2056 3029 nostra,

414 3042 572 3106 sicut
588 3052 773 3105 etnos
796 3041 1156 3103 dimittimus
1169 3041 1546 3104 debitoribus
1569 3044 2060 3107 nostris.Abbinc

2137 1880 2394 1948 ὑπεξῆλθε
2439 1891 2531 1939 τοῦ
2587 1881 2980 1959 θυσιαστηρίου,
3047 1881 3141 1938 καῖ
3197 1882 3399 1956 πέμπει
3465 1883 3656 1958 πολλῷ
3710 1889 3776 1958 τῷ

2136 1972 2296 2050 τάχει
2343 1971 2430 2026 τὸν
2475 1968 2731 2048 κληρικὸν
2780 1970 2990 2026 ἐκεῖνον
3047 1970 3548 2046 μετακαλούμενος,
3602 1975 3696 2030 Καὶ
3725 1976 3776 2038 ὃς

2138 2061 2325 2117 αὐτίκα
2376 2066 2574 2137 παρῆν.
2626 2059 2696 2117 ”Ο
2755 2057 2809 2115 δὲ
2853 2073 2970 2123 τοῖς
3030 2061 3189 2116 αὑτοῦ
3247 2063 3580 2133 προσπίπτει
3626 2063 3776 2118 ποσίν

2138 2151 2286 2210 οὐδὲν
2343 2149 2481 2217 ὅλως
2539 2151 2658 2213 τοὺς
2719 2150 2824 2207 τῶν
2887 2151 3165 2232 παρόντων
3208 2148 3535 2225 διατραπεὶς
3581 2153 3773 2230 ὀφθαλ-

2139 2243 2294 2321 μοὺς,
2339 2241 2686 2320 συγχώρησιν
2736 2239 3130 2314 ἐξαιτούμενος.
3188 2240 3323 2297 Εἶτα
3371 2243 3398 2296 ὁ
3432 2246 3560 2319 πρὶν
3621 2243 3776 2298 ἀσύν-

2141 2354 2255 2397 ετος
2288 2331 2518 2402 ἐκεῖνος,
2551 2331 2650 2395 τὴν
2679 2329 2822 2408 ἱερὰν
2865 2329 3065 2396 ταύτην
3115 2332 3250 2408 ὁρῶν
3283 2330 3528 2408 κεφαλὴν
3563 2338 3666 2388 τῶν
3696 2334 3776 2388 a1}-

2138 2430 2233 2480 τοῦ
2288 2421 2462 2478 ποδῶν
2521 2418 2901 2498 προκειμένην,
2978 2419 3316 2486 γατεκλάσθη
3388 2443 3446 2476 τε
3497 2423 3646 2484 esse;
3689 2423 3774 2488 τὴν

2141 2514 2329 2592 ψυχὴν
2375 2513 2434 2567 τὸ
2491 2509 2542 2576 ἐξ
2599 2513 2818 2586 οὐρανοῦ
2873 2507 3050 2569 δείσας
3110 2515 3209 2585 πῦρ
3263 2510 3352 2565 καὶ
3411 2513 3539 2576 τοὺς
3584 2511 3775 2568 ἐκεῖθεν

2141 2606 2480 2679 πρηστῆρας,
2513 2600 2601 2655 καὶ
2646 2602 2854 2676 πρηνὴς
2889 2599 2982 2654 καί
3016 2599 3170 2662 αὐτὸς
3217 2603 3418 2680 πεσὼν,
3455 2600 3636 2658 ἐδεῖτο
3665 2625 3777 2676 συγ-

2142 2692 2366 2769 γνώμης
2409 2703 2624 2769 τυχεῖν.
2675 2680 2732 2745 Ὀ
2777 2687 2832 2744 δὲ
2890 2690 3180 2766 μακάριος,
3227 2692 3288 2747 '0
3323 2693 3456 2757 Θεὸς
3491 2693 3579 2747 καὶ
3611 2692 3776 2768 ἀμφο-

2143 2781 2313 2856 τέροις
2348 2779 2777 2857 συγχωρήσειεν,
2822 2776 2948 2853 ἔφη,
2979 2778 3163 2835 τέκνον
3195 2778 3346 2853 ἐμόν.
3381 2780 3612 2837 Ἔπειτα
3654 2780 3774 2852 λαμ.

2142 2868 2290 2928 ϐάνει
2332 2876 2518 2925 τοῦτον
2567 2867 2681 2942 μεθ’
2744 2867 2951 2941 ἑαυτοῦ,
3005 2869 3092 2924 καὶ
3151 2869 3268 2943 μετ’
3329 2871 3660 2947 εὖφροσύνης
3702 2871 3775 2924 καὶ

2143 2960 2276 3026 ὅσης
2307 2963 2403 3017 οὐκ
2446 2955 2506 3013 ἄν
2538 2979 2617 3018 τις
2663 2956 2809 3013 εἴποι
2839 2958 2935 3022 τῆς
2979 2956 3176 3026 ἡδονῆς
3208 2960 3282 3021 εἰς
3313 2961 3374 3015 τὸ
3404 2961 3772 3033 θυσιαστήριον

2143 3047 2414 3124 εἰσελθὼν,
2476 3047 2594 3104 τότε
2651 3043 2714 3111 δὴ
2762 3050 2899 3119 μετά
2957 3046 3250 3125 παρῤησίας
3299 3050 3476 3105 εἰπεῖν
3528 3049 3774 3126 ἒθάρσησι

417 3151 560 3232 ergo
583 3131 690 3194 fuit
709 3131 814 3232 hic
825 3129 1084 3232 clericus
1102 3131 1272 3232 a_deo_
1286 3131 1592 3232 modestus
1613 3141 1669 3194 et
1689 3134 2054 3210 moderatus,

2143 3140 2218 3213 τῷ
2263 3145 2377 3205 Θεῷ
2413 3153 2425 3166 ’
2475 3137 2642 3216 ’Ἄφες
2686 3137 2822 3210 ἡμῖν
2878 3137 2946 3192 τὰ
3002 3137 3340 3215 ὀφειλήματα
3387 3140 3464 3203 ὡς
3493 3139 3589 3195 καί
3621 3143 3773 3213 ἡμεῖς

419 3232 486 3286 ut
505 3222 668 3286 visus
684 3223 762 3285 sit
782 3221 1019 3299 dignus,
1043 3221 1144 3303 qui
1169 3222 1550 3284 ordinaretur
1571 3224 1902 3305 presbyter.
1938 3225 2054 3288 Sed

2141 3229 2362 3308 ἀφίεμεν
2431 3237 2549 3286 τοῖς
2637 3222 2936 3302 ὀφειλέταις
3017 3226 3194 3299 ἡμῶν,
3253 3226 3522 3283 Τοσοῦτον
3581 3227 3667 3283 οὖν
3720 3225 3771 3280 τὸ

411 3320 528 3383 hoc
557 3313 825 3396 quidem,
880 3311 1036 3374 sicut
1064 3312 1347 3388 diximus,
1383 3323 1476 3374 est
1505 3312 1794 3375 indicium
1831 3333 2054 3393 magna!

2141 3319 2246 3374 ἀπὸ
2303 3314 2478 3393 τοῦδε,
2547 3312 2967 3388 συνεσταλμένος
3026 3314 3261 3381 κατέστη
3318 3316 3406 3372 καὶ
3481 3314 3696 3393 μέτριος
3746 3315 3770 3368 ὁ

411 3407 574 3472 illius
605 3404 941 3468 tolerantiae
969 3411 1028 3464 et
1056 3402 1509 3465 moderationis.

2141 3409 2395 3488 κληρικὸς
2440 3409 2618 3484 οὗτος,
2649 3403 2787 3462 ὥστε
2839 3405 2927 3461 καὶ
2970 3406 3070 3471 τῆς
3120 3411 3212 3462 τοῦ
3265 3403 3620 3483 πρεσϐυτέρου
3651 3425 3770 3483 χει-

415 3499 657 3577 ροτονίας
715 3494 856 3560 ἄξιος
887 3494 1244 3572 ἀναφανῆναι,
1307 3492 1475 3551 Ἀλλά
1533 3497 1690 3552 τοῦτο
1747 3497 1845 3570 μὲν
1889 3499 2070 3581 ὥσπερ
2131 3502 2357 3582 ἔφημεν,
2404 3497 2600 3576 δεῖγμα
2644 3494 2740 3562 τῆς
2786 3492 2993 3561 πολλῆς
3049 3491 3382 3559 ἀνεξικακίας
3435 3494 3639 3552 ἐκείνου
3693 3493 3769 3550 καὶ

417 3589 631 3666 μιτρίω
665 3587 1027 3664 φρονήματος.

497 3672 914 3738 XXVII.Aliud
937 3683 1137 3734 autem
1162 3672 1444 3747 narrabo,
1476 3674 1632 3754 quod
1656 3681 1883 3738 estnon
1904 3680 2054 3742 mul-

2226 3679 2356 3739 KZ’.
2390 3677 2612 3754 Ἕτερον
2655 3673 2711 3731 δὲ
2770 3673 2830 3730 οὗ
2885 3674 3028 3751 παρὰ
3077 3673 3209 3730 πολὺ
3266 3682 3359 3731 τοῦ
3416 3673 3764 3752 προλαϐόντος

422 3777 546 3828 tum
581 3762 875 3827 dissimile
905 3761 963 3823 ei
989 3763 1152 3842 quod
1184 3763 1511 3843 praecessit.
1546 3763 1649 3825 Est
1669 3764 2054 3846 Augelorum,

2143 3771 2395 3845 ἀνόμοιον
2452 3766 2808 3844 διηγήσομαι.
2862 3761 3163 3841 ³Λγγέλων,
3202 3762 3304 3842 ἔφη
3335 3786 3415 3828 τις
3449 3771 3556 3821 τῶν
3605 3763 3765 3820 Πατέ-

422 3855 507 3918 ait
525 3852 768 3932 quidam
789 3868 862 3915 ex
877 3849 1559 3934 Patribus,uequaquam
1579 3854 2054 3935 depugnare,sed

2145 3882 2272 3938 ρων,
2319 3860 2379 3914 τὸ
2437 3855 2701 3932 μηδαμῶς
2750 3852 3135 3932 διαμάχεσθαι,
3182 3852 3301 3909 ἀλλ’
3332 3853 3386 3910 ἐν
3421 3857 3606 3935 εἰρήνῃ
3637 3855 3763 3908 εἶναι

426 3960 561 4006 esse
581 3941 643 4002 in
668 3957 815 4021 pace
832 3947 1146 4020 perpetua:
1169 3940 1510 4002 daemonum
1535 3950 1731 4004 autem
1757 3944 2054 4007 irrevoca-

2145 3950 2386 4016 διῆνεκεῖ
2419 3963 2432 3978 ⁸
2488 3945 2760 4017 δαιμόνων
2821 3941 2873 3997 δὲ
2929 3944 2991 3998 τὸ
3061 3941 3468 4002 ἆκατάλλακτον
3532 3945 3613 4002 διὰ
3662 3942 3762 4018 βίου

426 4031 581 4094 biles
607 4046 714 4112 per
734 4036 918 4090 totam
943 4028 1118 4090 vitam
1150 4045 1435 4091 exercere
1459 4029 1806 4093 inimicitias
1835 4051 1848 4094 :
1875 4033 2054 4095 homi-

2145 4039 2365 4097 θάλπειν
2410 4036 2506 4102 τὴν
2552 4033 2746 4114 ἔχθραν
2787 4048 2799 4062 ⁸
2849 4031 3135 4109 ἀνθρώπων
3167 4031 3220 4087 δὲ
3265 4040 3521 4115 συνετῶν,
3556 4036 3611 4090 τὸ
3651 4035 3762 4109 βρα-

425 4139 570 4183 num
601 4137 742 4182 vero
758 4118 1100 4198 sapientum
1123 4117 1386 4181 breviter
1409 4119 1652 4201 quidem
1677 4120 1932 4184 fortasse
1954 4124 2054 4187 ira-

2147 4128 2252 4208 χέα
2295 4127 2392 4202 μὲν
2453 4125 2590 4188 ἴσως
2650 4124 2967 4201 ὀργίζεσθαι,
3041 4123 3182 4202 ταχὺ
3241 4120 3297 4178 δὲ
3342 4124 3430 4179 καὶ
3476 4122 3542 4180 δι’
3597 4122 3757 4198 ὀλίγον

427 4210 541 4286 sci,
571 4209 690 4272 cito
719 4216 919 4271 autem
952 4216 1009 4270 et
1035 4209 1210 4288 pculo
1245 4216 1378 4288 post
1409 4226 1654 4272 currere
1695 4211 1767 4272 ad
1787 4213 2054 4274 reconci-

2147 4218 2282 4276 θέειν
2342 4217 2474 4295 πρὸς
2533 4212 2896 4292 καταλλαγάς.
2945 4209 3094 4268 Ἐπεὶ
3138 4220 3263 4290 γοῦν
3306 4215 3393 4269 καὶ
3454 4221 3531 4288 τῷ
3561 4210 3754 4289 μεγάλῳ

425 4299 729 4362 liationes.
760 4296 908 4360 Cum
941 4315 1083 4376 ergo
1116 4297 1254 4358 huic
1287 4316 1502 4378 magno
1519 4299 1733 4361 Joanni
1757 4300 2054 4364 incidissel

2149 4309 2320 4379 τούτῳ
2370 4302 2707 4383 παροξυσμόν
2760 4325 2880 4358 τινα
2939 4299 3132 4369 συνέϐη
3189 4304 3319 4380 πρὸς
3375 4305 3469 4360 τὸν
3525 4301 3752 4361 πολλάκις

427 4395 493 4449 ιιι
509 4385 785 4451 nonnihil
808 4395 972 4450 esset
993 4386 1084 4448 ira
1116 4386 1380 4467 percitus
1396 4388 1688 4450 adversus
1709 4408 1868 4465 eum,
1894 4393 2054 4473 cujus

2149 4393 2668 4472 διαμνημονευθὲντα
2720 4391 2961 4469 γενέσθαι
3020 4393 3318 4470 πατρίκιον,
3395 4391 3750 4471 συναγορεύονυ

429 4494 591 4557 saepe
616 4476 985 4539 mentionem
1011 4476 1288 4551 fecimus,
1324 4477 1791 4558 patricium;illo
1821 4481 2054 4560 quidem

2149 4507 2237 4549 τος
2294 4485 2569 4563 πράγματι
2599 4483 2814 4560 κέρδους
2859 4480 3036 4555 ἕνεκα,
3071 4482 3258 4538 τούτου
3291 4481 3345 4538 δὲ
3378 4484 3456 4556 μὴ
3503 4476 3738 4560 ἀνεχομέ-

430 4565 794 4629 defendente
811 4584 938 4628 rem
963 4567 1248 4647 injustam
1270 4569 1420 4630 lucri
1445 4586 1646 4645 causa,
1670 4587 1788 4631 non
1809 4572 2054 4650 patiente

2151 4598 2240 4635 νου
2309 4575 2446 4630 κατὰ
2496 4573 2659 4645 ζῆλον
2729 4571 3067 4639 δικαιοσύνης
3100 4588 3113 4603 ’
3160 4572 3257 4639 τῆς
3312 4571 3590 4640 ἑνδεκάτης
3625 4568 3738 4644 ὥρας

430 4662 632 4718 autem
644 4655 874 4719 Joanne
897 4645 1342 4737 propterzelum
1361 4645 1905 4741 justitiaemumjam
1922 4662 2054 4723 hora

2148 4665 2251 4734 ἤδη
2309 4660 2739 4734 καταλαϐούσης,
2786 4663 2812 4716 ὁ
2859 4661 3200 4740 πατριάρχης
3275 4659 3342 4716 δι’
3404 4662 3622 4740 ἀγγέλου
3670 4659 3743 4710 τοῦ

429 4745 770 4809 advenisset
787 4745 1125 4820 undecima,
1164 4749 1497 4826 patriarcha
1519 4768 1624 4830 per
1645 4752 1916 4811 nuntium
1942 4752 2054 4832 pri-

2149 4756 2359 4834 πρώτου
2403 4755 2503 4809 τῶν
2537 4742 3022 4834 πρεσϐυτέρων-Ὀ
3052 4750 3225 4829 ἥλιος,
3260 4755 3402 4825 αὖτῷ
3431 4751 3607 4823 δηλοῖ,
3639 4745 3745 4822 πρὸς

429 4854 594 4898 mum
620 4854 688 4897 ex
713 4834 1077 4916 presbyteris
1100 4839 1153 4897 ei
1178 4838 1498 4920 signiﬁcat,
1520 4826 1742 4902 dicens
1777 4860 1790 4904 :
1815 4839 1915 4903 Sol
1941 4826 2054 4921 jam

2148 4826 2348 4921 δυσμὰς
2392 4841 2520 4922 ἤδη,
2565 4826 2853 4919 τίμιώτατε
2889 4859 2902 4872 ’
2937 4826 2999 4898 "0
3059 4840 3114 4897 δὲ
3169 4826 3243 4914 τῷ
3288 4842 3487 4918 ῥήματι
3544 4837 3746 4908 καθάπερ

429 4938 524 4990 est
559 4926 619 4988 in
650 4944 933 4999 occasu,o
965 4925 1054 4986 vir
1085 4929 1338 4990 maxime
1356 4930 1715 4992 venerande.
1738 4930 1844 4993 llle
1865 4942 2054 4994 autem

2147 4935 2348 5014 κέντρῳ
2403 4934 2507 4990 τινὶ
2549 4931 2807 5009 διανυγεὶς
2849 4932 2946 4997 τὴν
3003 4931 3214 5011 ψυχὴν,
3271 4933 3456 4989 αὐτίκα
3501 4924 3748 4988 διαναστὰς

428 5017 544 5079 hoc
600 5015 783 5078 verbo
843 5023 1124 5097 tanquam
1173 5017 1412 5080 stimulo
1443 5019 1642 5100 aliquo
1674 5028 2068 5100 compunctus

428 5108 654 5182 animo,
679 5107 874 5168 statim
893 5107 1155 5169 surrexit
1178 5115 1416 5170 etvenit
1438 5111 1513 5169 ad
1539 5112 1843 5172 Sanctum.
1878 5109 2064 5182 Quem

429 5215 566 5259 cum
592 5196 692 5259 ille
713 5196 914 5258 libens
934 5199 1272 5279 excepisset
1290 5207 1350 5261 et
1369 5199 2068 5278 essetamplexus:Crede

431 5287 602 5362 mihi,
637 5287 984 5368 inquit,nisi
1005 5289 1222 5352 fuisset
1244 5288 1394 5350 mihi
1416 5289 1972 5369 exploratum,quod
2012 5301 2066 5354 te

504 5421 538 5470 5
565 5421 750 5485 Math.
783 5437 844 5497 ν,
876 5418 977 5485 25.

2149 5025 2407 5103 δρομαῖος
2439 5023 2656 5102 ἀφίκετο
2715 5022 2848 5098 πρὸς
2896 5020 2986 5075 τὺν
3029 5019 3200 5100 ὅσιον,
3231 5022 3291 5076 ’ὃν
3321 5020 3547 5096 ἅσμενος
3573 5019 3746 5075 ἐκεῖνος

2149 5111 2529 5187 ὑποδεξάμενός
2589 5131 2646 5165 τε
2723 5110 2810 5166 καὶ
2894 5107 3396 5188 κατασπασάμενος,
3470 5117 3744 5165 Πίστεδσον.

2151 5203 2276 5281 ἔφη,
2323 5202 2368 5257 εἱ
2400 5223 2476 5275 μτ,
2521 5197 2762 5256 συνεῖδον
2791 5197 2872 5255 ὅτι
2904 5200 3128 5267 Αυπήσω
3158 5221 3217 5254 σε
3267 5199 3485 5279 πράξας,
3517 5198 3648 5275 τάχα
3697 5190 3747 5242 ἃν

2149 5291 2295 5355 οὐδὲν
2351 5288 2832 5366 ὑπολογισάμενος,
2895 5289 3027 5366 πρὸς
3083 5289 3181 5356 τὴν
3244 5290 3342 5356 σὴν
3376 5291 3531 5352 αὐτὸς
3559 5282 3746 5362 ἐφοίτῳ,

502 5557 554 5628 (l
569 5554 632 5639 αξ)
661 5553 935 5639 Verterat
961 5552 1267 5639 Hervetus
1284 5553 1628 5639 tribunali;
1664 5575 2000 5639 perperam.
2045 5563 2054 5616 4

2141 5577 2251 5622 Βοθ
2280 5565 2356 5633 τῷ
2387 5559 2593 5636 βήματι
2642 5559 2936 5638 παραστὰς,
2967 5556 3128 5636 quod
3161 5555 3224 5620 in
3251 5571 3318 5618 re
3354 5571 3542 5634 sacra,
3576 5557 3633 5612 ut
3661 5539 3740 5604 hic

431 5647 506 5693 ex
536 5630 834 5711 adjoncti
865 5641 1045 5713 patet,
1081 5652 1187 5716 pro
1217 5635 1389 5699 altari
1418 5630 1695 5706 sumitur.
