4006 6138
301 312 422 379 921

1304 310 1494 375 VITA
1537 310 1597 373 S.
1643 309 1964 376 JOANNIS
2012 304 2660 373 ELEEMOSYNARII.

3555 299 3672 366 9'22

301 445 802 526 μεγαλοπρέπειαν.
851 441 911 501 Τί
939 439 1064 521 γάρ,
1098 443 1144 499 εί
1173 442 1262 500 καὶ
1286 445 1316 500 6
1345 446 1524 509 κοινὸς
1552 446 1706 521 ἡμῶν
1743 446 1944 502 Δεσπό-

2038 443 2309 507 molestia
2333 441 2858 517 aii‘ecissem,forte
2880 439 3028 503 nihil
3061 439 3340 503 dubitans
3367 445 3472 502 aut
3499 438 3672 518 pensi

299 559 406 604 της
451 541 548 596 οὐκ
618 532 841 603 ἀπηξίου
913 534 1051 590 κατὰ
1109 531 1296 596 πόλεις
1341 533 1526 592 διιέναι
1583 536 1672 592 καὶ
1728 535 1942 612 κώμας,

298 628 566 708 ὠφελείας
600 625 758 707 χάριν
788 624 878 681 καὶ
908 624 1188 703 θεραπείας
1223 643 1238 703 ς

384 884 522 956 ΚΗ’.
570 895 790 955 Πάντων
833 891 888 950 δὲ
946 893 1050 948 τῶν
1097 890 1215 950 ὅσοι
1259 891 1382 948 τότε
1427 893 1674 970 παρῆσαν
1705 899 1803 961 τῆς
1836 915 1940 967 με-

296 987 582 1066 τριότητος
662 984 761 1050 τὴν
833 979 1133 1057 ὑπερϐολὴν
1219 981 1528 1062 ἁγαμένων,
1586 985 1612 1038 6
1668 983 1944 1061 πατρίκιος

294 1078 437 1155 πρὸς
467 1077 649 1150 αὐτὸν,
685 1071 871 1130 Ούκέτι
904 1093 1004 1146 μου
1035 1071 1102 1128 τὰ
1128 1074 1262 1146 ὦτα,
1299 1070 1425 1149 ἔφη,
1460 1076 1660 1151 χωρεῖ,
1692 1071 1944 1152 δέσποτα,

295 1168 410 1223 τῶν
467 1160 920 1222 ἐνδιαϐαλλόδτων
965 1160 1280 1236 μηνύματα.
1339 1162 1475 1238 Πρὸς
1506 1163 1564 1217 ὃν
1596 1163 1623 1216 6
1654 1163 1815 1241 σοφὸς
1861 1161 1945 1218 δι-

301 1252 599 1326 δάσκαλος,
646 1251 902 1324 Πέπεισο,
946 1250 1099 1322 εἶπε,
1143 1249 1329 1307 τέκνον
1377 1251 1722 1324 πιστότατον,
1776 1253 1850 1313 ὡς
1902 1253 1947 1307 εἰ

301 1340 600 1418 μέλλοιμεν
656 1340 822 1403 οὕτως
882 1338 1065 1400 ἁπλῶς
1133 1340 1220 1395 καὶ
1278 1335 1644 1403 ἀϐασανίστως
1699 1340 1764 1396 τὰ
1837 1340 1949 1396 ὦτα

300 1438 470 1490 πᾶσιν
523 1429 769 1509 ὑπέχειν,
819 1428 1018 1503 μυρίων
1063 1427 1227 1502 ἐσμὸν
1269 1429 1671 1506 ἁμαρτηματων
1735 1430 1948 1493 ἑαυτοῖς

300 1521 657 1599 ποριούμεθα,
704 1519 792 1574 καὶ
856 1516 1089 1590 μάλιστα
1149 1523 1236 1572 νῦν
1297 1517 1352 1573 ἦν
1383 1525 1551 1595 καιρῷ
1581 1519 1826 1593 τοιούτῳ,
1860 1518 1948 1574 ὅτε

298 1610 360 1668 δὲ
421 1611 508 1668 καὶ
561 1607 867 1684 ἆπέψυκται
911 1613 1044 1662 πᾶσι
1104 1607 1168 1664 τὰ
1228 1612 1324 1673 τῆς
1387 1608 1629 1685 ἀγάπης.
1664 1606 1802 1665 Οἶδα
1847 1607 1948 1686 γάρ

302 1702 421 1778 ἐγὼ
481 1696 766 1770 πολλάκις,
802 1703 878 1771 τῷ
921 1696 1199 1756 πιστεῦσαί
1235 1718 1340 1751 τισι
1393 1699 1497 1753 τῶν
1544 1701 1610 1756 τὰ
1653 1699 1804 1753 κοινὰ
1848 1702 1946 1764 τῆς

2030 533 2281 610 habens,
2322 534 2452 614 ipse
2503 532 2577 594 ad
2632 541 2788 594 tuam
2816 531 3111 594 venissem
3144 527 3668 609 Magniﬁcentiam.

2030 623 2183 696 Quid
2216 624 2402 695 enim,
2429 623 2478 684 si
2512 627 2848 685 communis
2880 640 3122 703 quoque
3153 632 3358 682 noster
3384 620 3676 682 Dominus

2031 732 2149 776 non
2174 723 2262 774 est
2291 713 2645 791 dedignatus
2669 711 2838 774 obire
2867 712 3136 776 civitates
3167 719 3224 775 et
3254 710 3670 786 vicos,utilita-

2033 802 2107 866 tis
2137 803 2326 881 gratia
2357 811 2415 863 et
2448 802 2822 866 curationis?

2105 890 2674 956 XXVIIIDmnibus
2694 901 2889 952 autem
2912 893 3014 973 qui
3034 892 3285 954 aderant
3315 889 3673 953 admiranti-

2026 982 2143 1044 bus
2173 1001 2470 1044 summam
2531 982 3028 1062 moderationem,
3065 982 3214 1044 dixit
3245 983 3300 1044 ei
3333 981 3617 1062 patricius
3654 999 3668 1044 :

2028 1074 2160 1136 Non
2184 1072 2441 1150 amplius
2466 1073 2710 1152 capiunt
2730 1090 2906 1133 aures
2932 1073 3373 1153 meaa,inquit,o
3399 1072 3669 1152 domine,

2031 1161 2365 1223 delationes
2405 1179 2638 1234 eorum,
2672 1161 2772 1242 qui
2812 1162 3229 1223 criminantur.
3266 1160 3542 1223 Cuidixit
3572 1181 3673 1223 sa-

2030 1251 2202 1331 piens
2229 1251 2511 1329 magister
2541 1270 2554 1313 :
2601 1251 2954 1312 Persuasum
2996 1252 3097 1313 tibi
3133 1253 3231 1327 sit,
3267 1251 3482 1332 inquit,
3521 1271 3554 1312 0
3588 1251 3674 1312 illi

2033 1341 2578 1422 fidelissime,quod
2599 1341 2647 1401 si
2672 1341 3030 1421 simpliciter
3047 1349 3105 1402 et
3123 1341 3348 1422 absque
3375 1342 3676 1402 examina-

2032 1432 2196 1493 tione
2220 1450 2491 1493 essemus
2509 1450 2685 1493 aures
2701 1431 3005 1512 praebituri
3020 1432 3315 1505 omnibus,
3329 1451 3671 1511 pararemus

2034 1521 2207 1583 nobis
2233 1540 2481 1583 examen
2506 1521 2709 1583 decies
2731 1523 2896 1582 mille
2914 1530 3393 1601 peccatorum,et
3415 1523 3674 1583 maxime

2031 1630 2192 1673 nunc
2215 1611 2312 1672 tali
2336 1612 2526 1672 intem
2539 1612 2951 1692 pore,quando
2977 1610 3210 1673 refrixit
3229 1611 3511 1672 omnibus
3535 1613 3676 1673 cha-

2030 1700 2340 1762 ritas.Scio
2363 1701 2522 1761 enim
2549 1703 2846 1782 ego,quod
2873 1709 3191 1781 propterea
3213 1701 3370 1780 quod
3396 1701 3675 1763 credide-

298 1790 514 1850 πόλεως
547 1787 838 1865 πράγματα
885 1785 1174 1865 λαχόντων
1219 1787 1427 1857 ἰθύνειν,
1483 1787 1729 1852 καὶτοῖς
1773 1790 1946 1846 αὗτῶν

2038 1809 2156 1852 ram
2188 1791 2512 1867 aliquibus,
2533 1791 2752 1871 quibus
2777 1790 3071 1870 obtigerat
3091 1791 3280 1852 rectio
3305 1791 3575 1866 civitatis,
3615 1801 3673 1853 et

300 1880 493 1956 λόγοις
540 1876 724 1942 ἁπλῶς
769 1879 1106 1956 ὑπαχθῆναι,
1139 1875 1383 1946 λυπήσας
1422 1875 1568 1934 ούδὲν
1609 1876 1726 1934 δέον
1756 1877 1943 1942 ένίους.

301 1969 428 2050 Ἐφ’
453 1973 536 2031 οἷς
575 1971 669 2026 οὐκ
697 1966 852 2044 ὀλίγα
886 1988 978 2040 μοι
1010 1967 1071 2021 τὸ
1102 1964 1290 2022 λοιπὸν
1343 1966 1730 2042 μετεμέλησεν.
1782 1963 1950 2024 ’Ὅθεν

303 2063 382 2126 ὡς
437 2057 578 2124 ἅπαξ
621 2059 709 2115 καὶ
752 2055 827 2122 δὶς
889 2055 975 2112 γαὶ
1049 2053 1309 2119 πολλάκις
1368 2057 1710 2136 παρενεχθεὶς
1757 2055 1950 2134 ἔτυχον

300 2157 378 2227 τῇ
435 2151 542 2206 τῶν
601 2145 995 2204 διαϐαλλόντων
1056 2144 1261 2222 ἀπάτῃ,
1320 2146 1381 2201 τὸ
1427 2147 1562 2220 μετὰ
1604 2157 1769 2205 ταῦτα
1826 2146 1949 2223 ὅρον

304 2240 526 2314 ἐμαυτῷ
569 2234 907 2315 περιέϐαλον,
959 2235 1037 2310 μ-ἓι
1095 2235 1351 2314 πρότερόν
1384 2257 1434 2291 τι
1463 2236 1602 2292 κατά
1630 2257 1770 2298 τινος
1804 2235 1949 2293 ἀπο-

304 2329 598 2409 φήνασθαι,
658 2327 778 2404 πρὶν
821 2324 883 2380 ἂν
944 2323 1197 2402 ἐκατέρου
1256 2328 1431 2402 μερῶν
1463 2325 1557 2388 τὰς
1591 2324 1949 2402 δικαιολογίας

305 2420 598 2492 ἀκούσαιμι
626 2432 640 2447 ⁹
707 2416 796 2472 καὶ
838 2426 958 2479 τοϊς
986 2413 1446 2494 προσαναφέρουσι
1484 2413 1549 2483 δή
1583 2436 1674 2490 μοι
1706 2416 1770 2470 τὰ
1806 2437 1948 2493 πρα-

307 2508 438 2567 κτέα
482 2505 780 2584 ἠπείλησα,
846 2505 918 2569 ὡς
963 2505 1008 2558 εἰ
1051 2506 1346 2582 φωραθεῖεν
1405 2505 1478 2566 εἷς
1524 2505 1586 2559 τὸ
1649 2501 1772 2570 έξῆς
1835 2505 1947 2578 μά-

307 2598 462 2656 ταιόν
519 2619 572 2654 τι
633 2597 723 2654 καὶ
779 2594 1165 2673 συκοφαντικὸν
1217 2598 1322 2649 τῶν
1379 2592 1523 2668 ἐμῶν
1582 2593 1734 2650 ὤτων
1776 2616 1948 2651 κατα-

307 2692 685 2765 φλυαροῧντες,
744 2690 845 2752 την
930 2681 1095 2750 αὐτὴν
1183 2682 1248 2750 ἢν
1336 2685 1363 2738 6
1450 2685 1947 2762 συκοφανταύμενος

309 2776 507 2852 ἔμελλε
591 2773 895 2856 φιλαλήθως
959 2772 1427 2849 κατηγορούμενος
1497 2773 1698 2830 τίσουσι
1775 2771 1944 2839 δίκην,

314 2866 408 2929 Ἐξ
463 2865 658 2922 ἐκείνου
718 2871 844 2942 γοῦν
928 2868 1070 2918 πᾶσα
1132 2864 1234 2917 τῶν
1298 2869 1644 2942 συκοφαντῶν
1717 2861 1947 2930 ἐξεκόπη

313 2953 533 3024 διαϐολή
574 2972 588 2988 ⁸
644 2953 724 3010 διὸ
771 2955 999 3020 καὶτῆς
1055 2955 1154 3017 σῆς
1213 2949 1402 3028 δέομαι
1458 2953 1945 3031 μεγαλοπρεπείας,

309 3045 390 3120 μὴ
435 3043 618 3107 ἁπλῶς
678 3043 816 3101 οὕτω
857 3043 948 3099 καὶ
975 3037 1381 3118 εὖπαραδέκτως
1426 3043 1558 3120 πρὸς
1610 3043 1704 3104 τὰς
1762 3040 1950 3098 διαϐο-

2034 1899 2240 1943 eorum
2278 1881 2478 1942 verbis
2522 1880 2713 1942 solum
2762 1899 2954 1944 essem
2989 1881 3290 1954 inductus,
3326 1882 3670 1958 nonnullos,

2031 1989 2165 2033 cum
2192 1971 2442 2032 minime
2467 1978 2796 2048 oporteret,
2839 1989 2999 2051 szepe
3028 1970 3332 2033 aii'ecerim
3370 1971 3670 2034 molestia.

2034 2062 2164 2135 Quo
2198 2061 2415 2122 factum
2449 2068 2563 2137 est,
2596 2069 2662 2122 ut
2687 2080 2806 2122 non
2840 2079 3165 2142 paucorum
3221 2080 3315 2122 me
3346 2061 3421 2123 de
3453 2069 3674 2123 caetero

2033 2149 2282 2212 subierit
2307 2150 3084 2230 pcenitentia.Quamobrem
3109 2170 3242 2213 cum
3269 2151 3458 2212 semel
3492 2159 3551 2212 et
3581 2151 3675 2213 bis

2033 2248 2089 2302 et
2122 2258 2282 2320 smpe
2306 2239 2656 2301 incidissem
2691 2243 2750 2300 in
2780 2241 3054 2303 fraudem
3089 2242 3434 2320 eorum,qui
3464 2241 3674 2302 crimi-

2033 2331 2357 2398 nantur,de
2380 2339 2597 2391 caetero
2619 2331 2774 2408 apud
2801 2350 2895 2391 me
2925 2331 3231 2405 constitui,
3265 2350 3384 2391 non
3417 2331 3680 2411 amplius

2033 2421 2254 2501 aliquid
2285 2419 2680 2500 pronuntiare
2703 2420 2762 2480 in
2784 2420 3434 2500 aliquem,priusquam
3455 2421 3676 2482 audiis-

2031 2528 2158 2572 sem
2177 2509 2280 2589 jus
2304 2510 2610 2590 utriusque
2637 2510 2846 2589 partis:
2873 2519 2932 2571 et
2949 2509 3024 2572 iis
3045 2511 3146 2590 qui
3170 2511 3324 2572 facta
3344 2510 3418 2571 ad
3445 2529 3538 2571 me
3561 2510 3674 2570 de-

2031 2599 2328 2672 ferebant,
2359 2618 2490 2659 sum
2529 2599 2808 2670 minatus,
2835 2603 2993 2680 quod
3027 2602 3074 2660 si
3106 2598 3396 2677 deinceps
3416 2598 3676 2661 fuissent

2032 2689 2399 2770 deprehensi
2417 2688 2627 2751 inanes
2649 2689 2876 2770 aliquas
2895 2708 3081 2768 nugas
3097 2689 3170 2750 ad
3192 2707 3356 2750 meas
3374 2707 3551 2750 aures
3573 2690 3677 2764 de-

2032 2779 2192 2840 ferre
2215 2796 2321 2858 per
2337 2779 2976 2851 calumniam,easdem
3002 2778 3198 2839 daturi
3221 2787 3422 2840 essent
3445 2797 3672 2856 poenas,

2034 2887 2182 2949 quas
2214 2870 2312 2948 qui
2345 2878 2434 2929 est
2487 2886 2696 2930 revera
2757 2870 3177 2930 calumniator.
3210 2868 3304 2930 Ab
3335 2867 3440 2929 illo
3469 2868 3678 2946 itaque

2036 2967 2306 3038 tempore
2338 2958 2542 3020 excisa
2571 2958 2684 3019 fuit
2711 2958 2909 3019 omnis
2939 2958 3242 3020 calumnia
3273 2959 3675 3038 sycophanta-

2036 3047 2664 3118 tarum.Quam0brem
2691 3055 2848 3108 tuam
2869 3065 3107 3127 quoque
3129 3065 3273 3126 rogo
3299 3046 3680 3125 Magniﬁcen-

306 3134 408 3197 λὰς
459 3134 610 3214 ἔχειν
667 3139 773 3190 τῶν
817 3131 1274 3188 ἐθελοκακούντων
1329 3130 1552 3209 ἀνδρῶν,
1597 3130 1734 3188 ἀλλὰ
1777 3131 1950 3209 πολλῂ

2038 3137 2203 3209 tiam,
2241 3155 2317 3198 ne
2375 3144 2491 3198 tam
2549 3136 2907 3217 simpliciter
2959 3146 3017 3198 et
3050 3146 3164 3197 tam
3197 3136 3368 3226 facile
3398 3135 3678 3199 admittas

307 3225 571 3301 πρότερον
613 3219 936 3279 ὑποϐάλλειν
1009 3221 1220 3299 ἐρεύνῃ.
1283 3218 1410 3277 Οὒδὲ
1467 3222 1568 3300 γὰρ
1627 3222 1692 3277 τὰ
1766 3220 1950 3299 μέτρια

2040 3229 2434 3304 malignorum
2467 3228 2780 3288 hominum
2841 3226 3194 3299 calumnias,
3241 3225 3345 3286 sed
3378 3244 3478 3286 eas
3514 3226 3678 3305 prius

308 3314 550 3372 ἰντεῦθεν
609 3314 751 3369 κακὰ
805 3313 1095 3385 τίκτονται,
1152 3309 1288 3365 ἀλλὰ
1346 3313 1443 3368 καὶ
1488 3309 1798 3385 δημεύσεις,
1862 3309 1955 3366 καί

309 3405 599 3481 μάστιγες,
690 3403 777 3458 καὶ
855 3401 1004 3482 φόνοι
1082 3398 1345 3462 πολλάκις
1407 3400 1662 3474 ἀναίτιοι,
1725 3398 1952 3460 πολλοῖς

314 3491 860 3569 ὲπικαταῴὲυσθέντες
931 3489 1160 3558 ἒπῆλθον
1200 3510 1212 3526 ο
1272 3490 1359 3544 καὶ
1398 3487 1596 3569 σχεδὸν
1659 3491 1686 3544 6
1739 3489 1954 3563 σύμπας

315 3584 418 3639 ὑπὸ
474 3588 580 3640 τῶν
624 3581 878 3638 τοιούτων
916 3579 1306 3658 ἀνατέτραπται
1349 3580 1484 3655 βίος,
1518 3579 1723 3642 Ταύτας
1761 3581 1834 3642 ὡς
1891 3581 1952 3634 ἒκ

313 3680 449 3730 Θεοῦ
486 3674 582 3736 τὰς
629 3671 966 3751 παραινέσεις
1025 3667 1350 3747 παραλαϐὼν
1395 3671 1422 3725 6
1491 3668 1787 3748 πατρίκιος,
1849 3694 1952 3748 φυ-

311 3762 531 3824 λάττειν
561 3760 919 3840 ἐπηγγείλατο
950 3758 1078 3838 ἄχρι
1110 3757 1319 3822 τέλους,

399 3939 528 4001 ΚΘ’.
603 3937 837 4013 ’Ἕτερον
897 3939 1243 4016 προστεθήτω
1301 3949 1419 4002 τοῖς
1478 3937 1806 4015 εἰρημένοις,
1867 3937 1954 3993 καὶ

309 4034 443 4090 αὐτὸ
485 4034 546 4088 τὸ
616 4036 783 4109 πρᾶον
846 4028 941 4085 καὶ
991 4025 1299 4093 ἀνεξίκακον
1344 4032 1435 4082 τοῦ
1480 4025 1664 4103 ἀνδρὸς
1726 4027 1952 4104 ἀργούν-

308 4146 420 4186 τως
478 4120 876 4201 γαρακτηρίσαι
921 4117 1233 4193 δυνάμενον.
1294 4116 1542 4193 Ἀνεψιὸς
1601 4116 1665 4183 ’ἦν
1724 4122 1801 4190 τῷ
1845 4139 1949 4190 με-

311 4212 468 4293 γάλῳ
525 4211 791 4288 Γεώργιος
851 4209 1085 4280 τοῦνομα
1117 4227 1133 4242 ο
1171 4205 1320 4268 οὗτος
1352 4204 1609 4283 ὑϐρισθεὶς
1642 4209 1783 4276 παρά
1813 4228 1954 4268 τινος

312 4308 422 4360 τῶν
467 4299 728 4369 καπήλων
769 4300 866 4364 τῆς
925 4296 1161 4376 πόλεως,
1223 4297 1458 4375 ἰσχυρῶς
1502 4316 1558 4350 τε
1619 4293 1824 4375 ἐδήχθη
1868 4297 1956 4352 καὶ

317 4390 688 4469 χαλεπώτατα
732 4387 951 4465 ἤνεγκε.
998 4393 1160 4444 Τοῦτο
1217 4386 1316 4463 γὰρ
1377 4385 1543 4441 ἐποίει
1587 4385 1648 4440 τὸ
1703 4385 1837 4441 πολὺ
1897 4387 1957 4441 τὸ

317 4478 518 4558 μεταξὺ
572 4479 910 4558 ἀμφοτέρων,
998 4475 1032 4544 ἦ
1089 4497 1146 4531 τε
1204 4477 1336 4554 πρὸς
1406 4476 1498 4530 τὸν
1571 4474 1738 4552 μέγαν
1798 4479 1958 4533 αἱ)τοῦ

317 4571 630 4650 ἀγχιστεία,
677 4571 764 4625 καὶ
806 4570 867 4624 τὸ
920 4568 1057 4623 πάνυ
1105 4573 1198 4622 τοῦ
1241 4562 1546 4641 ὑϐρίσαντος
1595 4562 1955 4638 ἒξοοδενωμέ-

317 4684 434 4722 νον,
498 4659 862 4738 Προσέρχεται
932 4658 1105 4713 τοίνυν
1192 4655 1497 4728 καταμόνας
1582 4661 1658 4726 τῷ
1715 4655 1960 4730 μακαρίῳ

317 4749 568 4827 δάκρυσιν
612 4751 640 4804 6
701 4748 816 4811 νέος
861 4748 949 4803 καὶ
993 4752 1201 4825 συνοχῇ
1245 4743 1458 4822 καρδίας
1508 4745 1607 4810 τὴν
1637 4741 1782 4822 ὕϐριν
1827 4744 1958 4800 ἀνα-

318 4839 668 4914 κλαιόμενοτ.
699 4835 780 4894 ”Ο
840 4835 894 4892 δὲ
940 4836 1105 4898 οὕτως
1137 4833 1260 4892 ἰδὼν
1289 4833 1584 4902 ἡττηθέντα
1613 4843 1708 4892 τοῦ
1735 4837 1956 4906 πάθους,

317 4933 567 5004 καταψᾷν
598 4927 756 4984 αὐτὸν
787 4926 966 5002 ὥσπερ
1027 4928 1111 4983 καὶ
1165 4921 1560 5000 ἀναλαμϐάνειν
1604 4922 1954 5003 βουλόμενος,

325 5019 436 5090 καὶ,
470 5017 687 5091 ”Ολως,
720 5017 902 5097 φησὶν,
937 5016 1206 5091 ἐτόλμησε
1253 5014 1391 5070 κατὰ
1423 5023 1516 5071 σοῦ
1559 5014 1731 5088 στόμα
1762 5011 1958 5092 διᾶραι,

2038 3317 2358 3396 diligenter
2391 3316 2722 3378 examines.
2750 3320 2956 3396 Neque
2979 3316 3138 3376 enim
3175 3315 3318 3375 hinc
3351 3314 3506 3375 mala
3536 3334 3677 3376 nas-

2037 3416 2257 3468 cuntur
2289 3407 2638 3468 mediocria:
2674 3406 2780 3466 sed
2814 3415 2874 3466 et
2899 3408 3188 3466 bonorum
3217 3402 3676 3483 publicationes,

2038 3504 2098 3559 et
2125 3496 2400 3570 verbera,
2438 3504 2496 3556 et
2527 3496 2720 3556 cades
2754 3513 2912 3574 saepe
2945 3512 3054 3574 per
3089 3493 3468 3554 mendacium
3505 3493 3678 3554 multi

2035 3586 2390 3648 innocentes
2421 3584 2828 3655 subierunl,et
2858 3583 2929 3644 ab
2954 3583 3025 3644 iis
3047 3581 3325 3643 universa
3352 3600 3678 3661 propemo-

2037 3676 2177 3738 dum
2209 3686 2297 3737 est
2323 3693 2526 3737 eversa
2559 3675 2676 3734 vita
2715 3673 3050 3734 hominum.
3085 3672 3202 3734 Has
3236 3671 3678 3733 admonitiones

2036 3784 2171 3827 cum
2199 3773 2478 3845 tanquam
2503 3783 2535 3825 a
2559 3763 2679 3825 Deo
2705 3762 3034 3842 accepisset
3061 3759 3681 3842 patricius,pollicitus

2038 3864 2129 3916 est
2159 3873 2224 3916 se
2265 3873 2365 3915 eas
2400 3873 2532 3915 esse
2565 3864 2856 3934 perpetuo
2888 3862 3293 3913 servaturum.

2116 3943 2521 4008 XXIX.Aliud
2543 3943 2794 4005 addatur
2812 3942 2884 4003 iis
2907 3961 3043 4024 qua;
3065 3941 3219 4002 dicta
3241 3939 3565 4020 sunl,quod
3591 3959 3682 4001 sa-

2038 4038 2113 4099 tis
2140 4033 2706 4115 potestexprimere
2750 4035 2884 4110 ejus
2935 4029 3453 4092 mansuetudinem
3497 4039 3680 4110 atque

2037 4130 2386 4199 patientiam.
2417 4129 2598 4198 Magni
2621 4127 2865 4184 Joannis
2888 4129 3277 4182 consobrinus
3295 4126 3680 4187 erat,nomine

2040 4208 2420 4288 Georgius.is
2444 4208 2806 4270 contumelia
2827 4210 3072 4270 aﬁectus
3094 4206 3168 4268 ab
3194 4205 3389 4286 aliquo
3412 4223 3684 4285 caupone

2040 4299 2298 4361 civitatis
2327 4300 2719 4360 vehementer
2749 4299 2942 4360 fuerat
2976 4316 3231 4371 morsus,
3276 4307 3332 4357 et
3364 4295 3423 4356 id
3453 4295 3687 4356 ferebat

2038 4388 2483 4466 gravissime.ld
2515 4388 2672 4448 enim
2695 4387 2952 4448 faciebat
2985 4395 3042 4448 et
3070 4404 3346 4465 magnum
3373 4385 3530 4464 quod
3559 4393 3685 4446 erat

2040 4479 2199 4538 inter
2220 4496 2319 4538 eos
2343 4477 2927 4557 discrimeu,nempe
2950 4485 3007 4536 et
3025 4476 3153 4555 ejus
3173 4494 3305 4536 cum
3333 4478 3539 4551 Magno
3562 4475 3684 4535 alii-

2042 4567 2286 4646 nitas,et
2312 4567 2510 4627 nimia;
2531 4566 2740 4627 sordes
2767 4575 2822 4627 et
2847 4565 3154 4627 humilitas
3178 4565 3307 4644 ejus
3333 4565 3430 4643 qui
3458 4565 3685 4625 fecerat

2043 4658 2336 4730 injuriam.
2364 4659 2590 4715 Accedit
2612 4674 2748 4728 ergo
2768 4673 3032 4714 seorsum
3059 4656 3128 4712 ad
3151 4655 3377 4713 b--atum
3400 4657 3684 4712 Joannem

2041 4745 2562 4819 adolescens,cum
2584 4744 2949 4823 lacrymis,et
2967 4742 3173 4804 dolore
3189 4740 3391 4802 cordis
3411 4760 3526 4820 quo
3550 4759 3686 4818 age-

2041 4833 2239 4908 batur,
2273 4835 2594 4914 deplorans
2627 4833 2938 4911 injuriam.
2967 4833 3111 4892 Cum
3145 4831 3230 4891 sic
3265 4847 3400 4891 eum
3433 4829 3686 4891 vidisset

2041 4924 2261 4985 victum
2295 4924 2366 4984 ab
2399 4922 2584 4983 animi
2613 4921 3064 5002 perturbatione
3089 4919 3445 5000 patriarcha,
3479 4917 3686 4979 volens

2045 5032 2180 5076 eum
2210 5012 2557 5074 demulcere
2588 5021 2646 5073 et
2675 5011 2858 5072 veluti
2887 5017 3256 5071 recreareet
3292 5027 3306 5069 :
3337 5008 3537 5069 Ausus
3568 5013 3684 5087 est,

324 5107 468 5171 ὅλως
517 5104 822 5184 καθυϐρίσαι
867 5129 948 5170 τις
994 5108 1086 5162 τὸν
1147 5106 1273 5180 ἐμὸν
1319 5103 1571 5184 φίλτατον
1608 5122 1624 5178 ;
1657 5102 1950 5181 Εὐλογητὸς

2046 5103 2267 5183 inquit,
2305 5103 2549 5163 omnino
2576 5121 2640 5162 os
2663 5101 2945 5163 adversus
2971 5107 3028 5160 te
3055 5098 3316 5180 aperire,
3350 5106 3408 5158 et
3439 5097 3685 5158 omnino

325 5198 516 5276 Κύριος
556 5216 571 5231 ·
615 5201 837 5273 πρᾶγμα
883 5194 970 5251 ἐπ’
1006 5195 1147 5269 αύτῷ
1189 5194 1425 5269 ποιήσω,
1459 5191 1595 5249 ὥστε
1635 5198 1808 5249 πᾶσαν
1868 5191 1950 5248 έκ-

2048 5195 2394 5253 contumelia
2414 5196 2642 5251 allicere
2669 5195 2881 5266 aliquis
2903 5208 3058 5258 eum,
3076 5193 3172 5266 qui
3197 5200 3280 5249 est
3304 5191 3441 5247 mihi
3460 5187 3690 5276 charis-

316 5273 592 5364 πλαγῆναι
637 5286 736 5352 τὴν
796 5283 1222 5361 Ἀλεξάνδρειαν.
1283 5273 1377 5346 Ὦς
1436 5280 1492 5338 δὲ
1549 5280 1691 5338 εἶδεν
1748 5281 1833 5338 ἐπὶ
1891 5284 1950 5345 τᾶ

2051 5282 2258 5338 simus?
2281 5281 2623 5338 Benedictus
2648 5281 2947 5346 Dominus,
2982 5293 3104 5335 rem
3135 5279 3189 5333 in
3215 5277 3339 5346 ipso
3364 5275 3591 5340 faciam,
3625 5285 3688 5333 ut

315 5375 468 5454 λόγῳ
495 5375 671 5455 βραχύ
721 5397 772 5430 τι
814 5373 1062 5431 ἂνεθέντα
1091 5378 1188 5441 τῆς
1246 5373 1494 5449 ἀθυμίας,
1528 5370 1743 5439 Τέκνον,
1779 5373 1961 5442 εἶπεν,

318 5466 440 5542 ἐμοὶ
500 5464 901 5540 ποθεινότατον,
961 5469 1006 5520 εί
1058 5477 1182 5528 ταῖς
1213 5461 1494 5530 ἂληθείαις
1535 5461 1714 5538 βούλει
1747 5463 1962 5537 ἀνεψιὸς

320 5560 421 5623 τῆς
481 5553 616 5629 ἐμῆς
673 5554 1020 5632 μετριότητος
1102 5553 1245 5610 εἶναί
1315 5573 1372 5608 τε
1435 5549 1526 5608 καί
1588 5552 1957 5628 ὀνομάζεσθαι,

323 5645 728 5726 παρασκεύασον
786 5645 1026 5720 σεαυτὸν,
1073 5645 1132 5701 οὒ
1179 5643 1311 5725 πρὸς
1351 5639 1498 5722 ὕϐριν
1543 5639 1730 5722 μόνον,
1762 5640 1883 5704 ἀλλ’
1916 5643 1960 5699 εἰ

2050 5366 2378 5427 admiretur
2392 5366 2586 5426 omnis
2601 5364 3306 5442 Alexandria.Poslquam
3324 5366 3522 5420 autem
3539 5359 3690 5420 vidit

2049 5478 2184 5522 cum
2219 5467 2463 5540 propter
2489 5459 2743 5540 id,qu0d
2776 5455 3345 5536 dixerat,paululum
3383 5453 3690 5516 remisisse

2045 5553 2114 5610 de
2135 5555 2308 5610 animi
2333 5550 2688 5624 aegritudine:
2711 5545 3199 5623 Fili,inquit,mihi
3232 5545 3685 5619 jucundissime,

2043 5639 2095 5703 si
2116 5656 2329 5703 revera
2350 5639 2432 5700 vis
2452 5656 2602 5701 meae
2623 5637 2928 5722 parvitatis
2957 5654 3095 5703 esse
3121 5643 3180 5699 et
3201 5632 3502 5697 nominari
3523 5647 3674 5698 con-
