4006 6138
305 279 423 348 923

1593 290 1880 358 MENSIS
1930 289 2395 356 IANUARIUS.

3563 287 3681 355 924

307 420 763 503 sobrinus,pars
780 430 838 486 te
856 421 1058 504 ipsum
1079 441 1198 486 non
1217 425 1414 488 soliim
1439 425 1727 489 adversus
1749 435 1992 490 contu-1

2048 426 2128 484 δεῖ
2171 451 2221 486 τι
2265 429 2351 485 καὶ
2392 426 2556 485 πλέον
2600 428 2796 504 ﬂuctv,
2844 426 2933 484 καὶ
2975 424 3105 504 πρὸς
3167 422 3330 490 αὐτὰς
3389 425 3678 508 μάστιγας,

308 512 659 587 melias,sed
686 513 953 594 etiam,si
976 515 1050 574 sit
1068 514 1328 594 amplius
1347 515 1576 598 aliquid
1601 517 1950 593 dicendurm,

311 604 490 665 etiam
512 602 935 683 adversusipsa
953 602 1320 680 ﬂagra.Vera
1337 607 1498 667 enim
1525 606 1808 669 nobilitas
1837 625 1954 668 non

310 711 383 756 ex
409 694 697 774 sanguine
714 703 774 754 et
797 712 998 765 carne,
1032 696 1134 756 sed
1167 713 1237 756 ex
1258 696 1476 757 virtute
1499 697 1714 759 animae
1736 696 1957 777 accipit

309 782 564 846 formam
589 792 646 846 et
668 783 1318 848 characterem.Statim
1336 805 1476 866 ergo
1490 787 1780 849 accersito
1797 786 1956 867 prin‘

314 877 440 950 cipe
464 892 814 950 cauponam,
842 880 890 935 ei
917 878 1297 946 denuntiavit,
1315 894 1388 936 ne
1412 889 1754 939 consuetum
1795 881 1960 937 dein-

312 975 445 1034 ceps
467 963 705 1034 vectigal
730 965 1019 1034 acciperet
1047 965 1116 1021 ab
1139 966 1330 1036 eo,qui
1351 981 1520 1022 suum
1543 967 1959 1024 consobrinum

315 1046 582 1104 aﬂecerat
603 1048 1085 1118 cuntumelia,aut
1114 1049 1329 1122 aliquid
1357 1066 1423 1108 ex
1447 1052 1673 1123 iisquae
1697 1053 1768 1107 ab
1795 1066 1862 1109 eo
1890 1050 1962 1109 de

311 1146 470 1189 more
484 1132 768 1191 dabantur
785 1133 1314 1205 Ecclesial‘ropter
1328 1151 1451 1207 quae
1463 1136 1727 1193 admirati
1747 1137 1965 1193 incom-

309 1217 628 1287 parabilem
648 1218 806 1275 illius
822 1219 1176 1289 patientiam,
1193 1218 1604 1278 intellexerunt
1630 1236 1831 1278 omnes
1851 1222 1959 1278 hoc

309 1315 432 1359 esse
453 1302 987 1375 supplicium,quod
1009 1312 1128 1360 erat
1157 1304 1430 1362 miratura
1452 1313 1561 1363 tota
1588 1306 1954 1364 Alemndria.

387 1384 692 1449 XXX.Sed
726 1386 879 1450 forte
909 1387 969 1448 in
1001 1386 1076 1448 iis
1105 1387 1483 1469 quidem,qui
1505 1389 1576 1451 ad
1600 1389 1798 1470 ipsum
1826 1408 1956 1471 per-

310 1479 601 1556 tinebant,
637 1488 754 1542 tam
789 1480 1114 1561 diligenter
1140 1481 1502 1557 cavebat,ne
1535 1501 1766 1545 memor
1801 1494 1960 1546 esset

312 1580 574 1654 acceptm
597 1573 855 1655 injuriae,
889 1575 1042 1637 alios
1072 1584 1273 1638 autem
1310 1577 1650 1657 negligebat
1682 1578 1742 1640 in
1775 1578 1957 1642 rebus

311 1665 685 1748 hujusmodi.
750 1666 1160 1749 Nequaquam.
1221 1669 1365 1731 Cum
1420 1670 1580 1732 enim
1612 1671 1960 1734 rescivisset

2037 520 2072 585 ἡ
2136 519 2237 595 γὰρ
2279 516 2486 584 ἀληθὴς
2531 517 2795 594 εὒγένεια,
2827 519 2924 575 οὒκ
2954 514 3007 581 ἐξ
3039 516 3274 584 α’ίματος
3329 517 3416 573 καὶ
3456 519 3679 598 σαρκὸς,

2038 605 2159 663 ἀλλ’
2207 606 2258 673 ἐξ
2303 607 2494 684 ἀρετῆς
2541 607 2728 686 ψυχῆς
2779 603 2898 664 οϊδε
2931 604 3446 685 χαρακτηρίζεσθαι.
3480 608 3550 664 Τὸ
3579 608 3682 665 τά-

2039 719 2140 774 χος
2187 695 2274 752 οὖν
2306 698 2396 752 τὸν
2427 701 2532 752 τῶν
2582 695 2846 765 καπήλων
2889 692 3185 774 ἐξάρχοντα
3233 693 3681 771 μετακαλεσάμε-

2041 807 2152 862 νος,
2210 783 2545 862 παραγγελία
2608 782 2932 864 παρήγγειλε
3009 781 3282 858 μηδέποτε
3341 793 3435 842 τοῦ
3497 784 3688 842 λοιποῦ

2040 873 2184 951 παρᾶ
2226 882 2323 932 ταῦ
2379 871 2712 944 ἐξυϐρικότος
2758 875 2830 936 εἰς
2871 874 2965 929 τὸν
2993 872 3216 949 ἀνεψιὸν
3249 875 3309 930 τὸ
3340 874 3556 941 σύνηθες
3588 874 3686 931 τέ-

2043 963 2136 1028 λος
2195 961 2407 1042 λαϐεῖν,
2459 962 2495 1031 ἢ
2527 959 2662 1020 ἄλλο
2691 985 2740 1019 τι
2785 969 2892 1019 τῶν
2945 963 3082 1018 κατὰ
3126 963 3406 1032 συνήθειαν
3455 969 3523 1040 τῇ
3554 967 3690 1022 Ἐκ·-
3791 1033 3798 1036 ,

2044 1053 2242 1126 κλησίᾳ
2285 1053 2412 1130 παρ’
2447 1053 2606 1108 αὐτοῦ
2657 1051 2970 1128 διδομένων.
3014 1049 3134 1130 Ἐφ’
3187 1052 3277 1117 οἷς
3329 1051 3688 1128 ἐκπλαγέντες

2046 1145 2105 1200 τὸ
2159 1141 2540 1221 ἆπαράκλητον
2597 1147 2696 1210 τῆς
2731 1152 2823 1202 τοῦ
2851 1140 3037 1214 ἀνδρὸς
3068 1140 3421 1216 ἐνεξικακίας,
3453 1148 3690 1209 συνῆκαν

2041 1233 2274 1295 ἅπαντες
2333 1231 2497 1298 αὑτὴν
2577 1231 2720 1289 εῖναι
2806 1233 2904 1300 τὴν
2957 1233 3241 1310 τιμωρίαν,
3297 1231 3365 1300 ἢν
3422 1238 3570 1289 πᾶσα
3644 1234 3683 1301 ἡ

2042 1319 2410 1398 Ἀλεξάνδρεια
2440 1321 2873 1400 ἐκπλαγήσεσθαι
2905 1319 3152 1396 ἔμελλεν,

2123 1401 2205 1471 Λ’.
2259 1403 2369 1488 Ἆρ’
2418 1414 2506 1468 οὖν
2547 1412 2614 1468 τὰ
2658 1409 2754 1486 μὲν
2799 1413 2930 1488 πρὸς
2965 1411 3125 1468 αὐτὸν
3153 1408 3293 1467 οὕτω
3324 1411 3684 1492 πεφυλαγμέ-

2040 1525 2127 1567 νος
2159 1503 2225 1570 ἧν
2259 1502 2332 1564 εἷς
2363 1500 2747 1576 μνησικακίαν,
2781 1499 2974 1574 ἠμέλει
3027 1497 3084 1556 δὲ
3130 1505 3236 1556 τῶν
3267 1498 3444 1557 ἄλλων
3477 1501 3532 1558 ἐν
3564 1514 3688 1567 τοῖς

2040 1592 2354 1667 τοιούτοις;
2405 1589 2688 1666 Οὐδαμῶς.
2735 1590 2863 1648 Τινὰ
2917 1590 3018 1669 γὰρ
3068 1595 3176 1648 τῶν
3232 1590 3515 1664 διακόνων,
3571 1601 3686 1648 Δα-

2043 1683 2232 1752 μιανὸν
2289 1679 2544 1756 τοῦνομα,
2593 1692 2954 1754 μνησικακεῖν
3005 1686 3083 1750 τῷ
3115 1678 3345 1745 πλησίον
3375 1679 3686 1755 ἆναμαθὼν,

315 1760 633 1842 quemdam
693 1777 766 1824 ex
797 1761 1093 1842 diaconis,
1129 1763 1374 1825 nomine
1403 1764 1783 1839 Damianum,
1821 1765 1992 1847 odio,

2048 1775 2118 1843 τῷ
2177 1768 2539 1850 ἂρχιδιακόνῳ
2595 1768 2958 1848 παρήγγειλεν
3003 1769 3140 1825 κατὰ
3208 1771 3300 1826 τὸν
3360 1771 3546 1848 καιρὸν
3588 1775 3691 1836 τῆς

313 1853 536 1916 habere
568 1855 994 1936 propinquum,
1021 1864 1085 1916 ut
1111 1857 1213 1938 qui
1242 1857 1673 1921 recordaretur
1699 1868 1962 1941 acceptae

312 1943 577 2022 injuriae,
613 1944 988 2006 denuntiavit
1014 1944 1466 2019 archidiacono,
1500 1957 1562 2009 ut
1596 1949 1655 2009 in
1691 1958 1962 2028 tempore

318 2033 796 2114 participationis
812 2036 1335 2098 Sacramentorum
1356 2036 1411 2098 ei
1427 2038 1775 2101 ostenderet
1797 2059 1959 2114 eum,

314 2125 413 2202 qui
449 2142 682 2186 memor
712 2132 838 2186 erat
891 2124 1152 2204 injuriae.
1188 2125 1333 2188 Cum
1379 2145 1521 2206 ergo
1555 2127 1958 2206 cognovisset,

315 2229 456 2273 eum
485 2231 663 2273 manu
691 2213 1000 2293 accipiens
1029 2231 1041 2275 :
1069 2213 1256 2294 Vade,
1290 2214 1604 2289 dicitei,et
1631 2215 1801 2277 fratri
1834 2215 1962 2295 pri-

315 2319 478 2362 mum
494 2301 992 2377 reconciliare,ut
1006 2303 1128 2364 vult
1141 2311 1597 2385 praeceptum,et
1611 2313 1750 2367 tunc
1766 2323 1967 2368 sumes

315 2397 698 2452 sacramenta
725 2388 970 2467 Christi,
1005 2391 1104 2472 qui
1156 2411 1276 2454 non
1323 2402 1412 2455 est
1443 2411 1678 2456 memor
1707 2403 1968 2466 acceptae

315 2478 682 2559 injuriaellle
696 2487 896 2541 autem
915 2480 1145 2560 pudore
1158 2480 1970 2564 aﬂectus,pra3sentibusom-

316 2566 494 2630 nibus
518 2567 794 2648 promisit
809 2587 874 2630 se
897 2570 1014 2632 hoc
1044 2589 1178 2632 esse
1212 2571 1532 2643 facturum,
1562 2580 1620 2633 et
1651 2580 1794 2634 tunc
1828 2591 1963 2634 eum

316 2656 586 2740 impertit
614 2657 1025 2724 sanctiﬁcatis.
1053 2661 1354 2740 Deinceps
1375 2677 1523 2741 ergo
1555 2662 1772 2724 invasit
1793 2662 1970 2725 timor

315 2766 435 2809 non
466 2747 662 2810 solum
697 2749 980 2824 clericos,
1015 2749 1116 2812 sed
1145 2750 1326 2811 etiam
1363 2750 1569 2824 laicos,
1599 2759 1659 2814 et
1680 2752 1971 2815 cavebant

318 2855 395 2898 ne
426 2837 618 2900 ullum
647 2838 784 2901 odio
809 2837 1190 2913 haberent,et
1221 2849 1423 2902 essent
1443 2849 1710 2922 acceptae
1730 2841 1970 2920 injuria;

2046 1867 2154 1917 τῶν
2213 1859 2519 1938 μυστηρίων
2585 1857 2971 1934 μεταλήψεως,
3025 1857 3186 1927 δῆλον
3218 1863 3362 1934 αὐτῷ
3387 1858 3568 1917 θέσθαι
3597 1861 3692 1916 τὸν

2049 1959 2508 2017 μνησικακοῦντα.
2541 1949 2691 2007 Ἐπεὶ
2749 1950 2838 2006 οὗν
2901 1950 3064 2028 ἔγνω,
3109 1946 3408 2024 λαϐόμενος
3441 1954 3530 2016 τῆς
3564 1972 3692 2030 Λει-

2047 2042 2158 2117 ρὸς,
2220 2039 2459 2115 ⁸⁷Υπαγε,
2508 2038 2652 2112 αὐτῷ
2709 2041 2944 2116 πρῶτον,
2999 2037 3127 2117 ἔφη,
3162 2043 3240 2112 τῷ
3289 2038 3500 2118 ἁδελφῷ
3556 2041 3697 2096 κατὰ

2046 2127 2144 2193 τὴν
2201 2125 2424 2192 ἐντολὴν
2456 2123 2854 2205 καταλλάγηθι,
2899 2126 2988 2182 καὶ
3029 2127 3152 2182 τότε
3182 2131 3287 2183 τῶν
3332 2134 3426 2184 τοῦ
3454 2126 3698 2202 ἀμνησι-

2045 2217 2212 2274 κάκου
2270 2216 2574 2292 μυστηρίων
2629 2213 2923 2291 μεταλήψῃ
2971 2222 3220 2289 Χριστοῦ,
3279 2217 3342 2273 '0
3374 2213 3428 2271 δὲ
3459 2217 3691 2297 αἰσχυν-

2046 2307 2150 2368 θεὶς
2209 2305 2300 2360 ἐπὶ
2365 2305 2599 2378 πάντων,
2646 2303 2801 2361 τοῦτο
2845 2305 3097 2374 ποιήσεις
3151 2303 3541 2385 ἐπηγγείλατο,
3603 2307 3694 2362 καὶ

2050 2395 2172 2452 τότε
2232 2400 2336 2449 τῶν
2393 2394 2742 2472 ἀγιασμάτων
2798 2395 2940 2467 αὐτῷ
3000 2391 3342 2468 μεταδίδωσι,
3389 2391 3564 2458 Φόϐος
3602 2397 3694 2451 οὗν

2051 2488 2113 2542 τὸ
2157 2486 2265 2540 ἀπὸ
2302 2481 2475 2555 τοῦδε,
2511 2487 2570 2542 οὒ
2613 2484 2731 2549 τοὺς
2788 2488 2882 2540 τοῦ
2939 2481 3140 2562 κλήρου
3183 2482 3370 2557 μόνον,
3430 2482 3569 2540 ἀλλὰ
3597 2485 3692 2540 καί

2051 2581 2145 2630 τοῦ
2203 2571 2427 2636 λα’ίκοὺς
2481 2569 2874 2646 κατελάμϐανε·
2911 2573 3000 2629 καὶ
3039 2573 3100 2628 τὸ
3159 2584 3517 2648 μνησικακεῖν
3561 2572 3696 2652 ἐφυ-

2051 2661 2333 2735 λάττοντο,
2380 2660 2610 2724 δεδιότες
2654 2661 2734 2736 μὴ
2765 2661 2929 2726 οὕτως
2972 2661 3058 2718 ἐπὶ
3101 2659 3316 2718 πολλῶν
3347 2666 3456 2718 τῶν
3488 2660 3694 2740 παρόν-

2051 2776 2159 2810 των
2193 2752 2286 2820 την
2341 2751 2603 2830 αἰσχύνην
2646 2749 2960 2828 ὀφλήσαιεν.
3014 2748 3170 2807 Ἀλλ’
3221 2749 3359 2807 οὕτω
3395 2751 3494 2809 μὲν
3542 2751 3698 2828 ἄκριε-

2052 2841 2197 2903 ϐείας
2223 2841 2363 2920 βίου,
2398 2842 2529 2917 πρὸς
2561 2840 2746 2896 ἑαυτόν
2775 2861 2833 2896 τε
2867 2841 3021 2919 εἶχε,
3077 2854 3165 2918 και
3207 2840 3330 2904 τοὺς
3374 2838 3464 2898 ὑπ’
3491 2843 3698 2898 ἐκείνου

318 2944 640 3001 memores,
675 2927 958 2990 timentes
992 2946 1066 2988 ne
1099 2929 1301 2990 multis
1337 2929 1734 3010 praesentibus
1755 2931 1839 2992 sic
1865 2951 1971 3011 pu-

2054 2931 2525 3006 ποιμαινομένους.

320 3017 469 3078 dore
520 3017 929 3082 afﬁcerentur.
964 3016 1083 3080 Sed
1120 3027 1237 3078 tam
1289 3027 1564 3081 accurata
1594 3019 1868 3100 quidem,
1906 3029 1964 3082 et
2016 3029 2222 3083 exacta
2251 3018 2359 3081 fuit
2388 3019 2518 3098 ejus
2547 3019 2692 3094 vita,
2729 3023 2848 3080 tam
2881 3017 3039 3099 quod
3085 3017 3160 3080 ad
3190 3018 3388 3100 ipsum
3417 3016 3704 3082 attinebat

326 3123 505 3188 quam
537 3106 695 3189 quod
721 3106 793 3169 ad
826 3124 950 3179 eos,
986 3106 1090 3188 qui
1120 3106 1194 3169 ab
1221 3107 1322 3170 illo
1355 3107 1775 3190 pascebantur.

1807 3214 2054 3280 CAPUT
2100 3215 2200 3279 VI.

1230 3321 1586 3404 Disciplina
1617 3325 1974 3400 domestica,
2006 3326 2291 3406 ratioque
2321 3326 2471 3387 vitae
2498 3325 2800 3388 exterior.

397 3429 834 3493 XXXLPraeter
855 3429 972 3491 alia
997 3437 1195 3492 autem
1221 3428 1469 3505 bona,in
1495 3449 1800 3493 sacrarum
1823 3449 1992 3508 quo-t

2131 3431 2270 3492 AA'.
2309 3435 2444 3506 Πρὸς
2478 3445 2593 3499 τοῖς
2625 3431 2809 3495 ἄλλοις
2841 3429 2896 3487 δὲ
2927 3432 3153 3510 ἀγαθοῖς
3186 3432 3274 3487 καὶ
3306 3433 3340 3500 ἡ
3385 3438 3490 3489 τῶν
3533 3431 3702 3509 ἅιγίιιι)ν

320 3537 437 3600 que
455 3520 903 3600 Scripturarum
959 3519 1304 3598 cognitione
1335 3538 1573 3583 summe
1595 3520 1974 3583 laboraverat

2055 3524 2273 3602 Γραφιῦν
2306 3529 2499 3600 γνῶσις
2551 3524 2624 3585 εἷς
2676 3520 2837 3600 ἄκρον
2869 3525 3016 3593 αὖτῷ
3045 3519 3347 3592 πεπόνητο,
3378 3520 3472 3577 καῗ
3532 3521 3703 3602 μελέ-

319 3617 380 3672 et
407 3610 732 3690 plurimum
767 3617 860 3670 est
893 3609 1236 3681 meditatus,
1275 3627 1396 3670 non
1430 3609 1562 3672 sine
1595 3611 1893 3691 voluptate
1915 3618 1973 3670 et

2056 3600 2203 3686 τημα
2261 3611 2326 3679 ἦν
2389 3611 2745 3692 χαριέστατόν
2804 3632 2862 3667 τε
2918 3611 3007 3667 καὶ
3057 3608 3535 3687 περισπούδαστον,
3603 3600 3700 3669 Ἠν

320 3699 525 3760 studio
555 3697 876 3760 acerrimo.
915 3698 1160 3761 Licebat
1201 3716 1346 3777 ergo
1383 3698 1588 3760 videre
1618 3700 1888 3780 quotidie
1912 3704 1974 3761 in

2057 3704 2144 3758 οὖν
2203 3699 2336 3757 ἰδεῖν
2382 3701 2612 3768 ἑκάστης
2655 3699 2860 3777 ἡμέρας
2917 3699 2972 3755 ἐν
3016 3705 3084 3776 τῇ
3139 3700 3280 3757 κατὰ
3334 3700 3396 3756 τὸ
3453 3699 3699 3779 σέκρετον

329 3786 761 3865 congressione
793 3805 926 3867 quae
957 3786 1134 3848 fiebat
1166 3788 1226 3847 in
1249 3795 1654 3862 secreto,eum
1679 3789 1827 3850 nihil
1851 3789 1977 3852 fere

2056 3789 2358 3846 συνελεύσει
2391 3787 2560 3864 μηδὲν
2591 3787 2724 3847 ἄλλο
2754 3785 2950 3868 σχεδὸν
2981 3787 3400 3864 διαλαλούμενον
3429 3789 3464 3858 ἢ
3495 3791 3700 3861 ζητού-

331 3876 489 3937 aliud
509 3875 856 3956 loquentem
875 3885 978 3938 aut
995 3884 1574 3956 quaerentem,quam
1602 3878 1976 3941 narrationes

2057 3900 2242 3953 μενον,
2286 3879 2322 3946 ἢ
2359 3876 2674 3955 διηγήματα
2727 3876 2978 3952 Πατέρων
3025 3883 3134 3934 τῶν
3164 3876 3368 3936 πολλοῦ
3398 3899 3458 3955 γε
3492 3879 3702 3954 ὀνόμα-

329 3964 597 4039 Patrum,
633 3966 734 4046 qui
765 3974 938 4029 erant
971 3965 1168 4043 magni
1196 3965 1480 4035 nominis,
1515 3973 1572 4028 et
1605 3967 1976 4047 problemata

2055 3990 2144 4034 τος
2175 3967 2506 4042 ἠξιωμένων,
2558 3965 2912 4047 προϐλήματα
2965 3989 3022 4024 τε
3057 3963 3380 4044 δογματικα,
3427 3969 3514 4025 καὶ
3559 3975 3702 4048 Γρα-

331 4055 665 4135 dogmatica
685 4063 746 4119 et
768 4055 1132 4134 qumsliones
1155 4054 1227 4116 ad
1262 4054 1631 4134 Scripturam
1660 4058 1971 4132 pertinen-

2055 4059 2182 4138 φικὰ
2226 4059 2508 4132 ζητήματα
2547 4074 2560 4087 ⁸
2607 4058 2696 4113 καὶ
2737 4065 2900 4115 ταῦτα
2943 4054 2997 4112 δὲ
3042 4054 3275 4131 μάλιστα
3324 4054 3410 4111 διὰ
3439 4059 3502 4113 τὸ
3532 4057 3702 4114 πλεο-

328 4143 589 4208 tes.Haec
605 4154 805 4210 autem
825 4145 1080 4207 maxime
1099 4162 1204 4224 pro
1214 4145 1605 4224 pterea,quod
1627 4158 1766 4207 tunc
1785 4145 1974 4208 abun-

2057 4147 2210 4218 νάζον
2270 4153 2561 4214 τηνικαῦτα
2647 4148 2752 4202 τῶν
2824 4147 3102 4224 αἱρετικῶν
3187 4143 3381 4213 πλῆθος
3417 4161 3433 4176 ⁸
3493 4148 3570 4201 ὧν
3620 4145 3704 4202 ἐπ’

327 4234 504 4298 dabat
531 4235 851 4299 multitudo
869 4234 1318 4314 haereticorum,
1353 4233 1424 4295 ad
1447 4252 1596 4314 quos
1619 4237 1974 4298 evertendos

2057 4238 2328 4316 ἀνατροπῇ
2360 4237 2449 4292 καὶ
2479 4234 2802 4314 καθαιρέσει,
2837 4236 2956 4296 τοὺς
2988 4234 3043 4290 ἐν
3071 4248 3191 4298 τοῖς
3235 4248 3446 4312 καιροῖς
3481 4234 3699 4302 ἐκείνοις

327 4324 660 4388 adsciverat
719 4323 954 4406 eos,qui
1012 4323 1132 4386 illis
1165 4322 1534 4403 temporibus
1564 4333 1733 4386 erant
1767 4327 1971 4388 excel-

2057 4325 2482 4405 διαφορωτάτους
2569 4325 3042 4405 προσηταιρίσατο,
3104 4323 3361 4392 Ἰωάννην
3422 4326 3561 4404 φημὶ
3618 4327 3704 4382 καὶ

327 4413 671 4489 lentissimi,
703 4413 1021 4490 Joannem,
1058 4415 1330 4494 inquam,
1365 4422 1424 4476 et
1454 4415 1881 4494 Sophronium.

2059 4416 2387 4495 Σωφρόνιον,

405 4502 639 4566 XXXII.
676 4506 860 4566 Porro
890 4514 1090 4567 autem
1116 4505 1170 4566 ei
1190 4522 1434 4586 quoque
1457 4513 1582 4566 erat
1602 4505 1800 4567 studio
1824 4524 1973 4568 con-

2140 4495 2266 4566 AB'.
2334 4502 2696 4562 Ἐσπούδαστο
2753 4501 2808 4559 δὲ
2882 4505 3023 4578 αὒτῷ
3081 4503 3170 4560 καὶ
3224 4501 3546 4566 καταλώιᾶς
3601 4500 3697 4558 καὶ

326 4611 558 4654 servare
576 4611 912 4655 consessum
939 4599 1084 4654 nulli
1110 4597 1455 4655 detractioni
1485 4597 1796 4664 amnem,et
1826 4598 1974 4656 nulli

2057 4593 2438 4672 ὀργορολογίας
2483 4594 2660 4661 πάσης
2709 4592 2982 4666 ἄψαυστον
3013 4591 3290 4670 διατηρεῖν
3322 4593 3382 4650 τὸ
3415 4587 3692 4669 συνέδριον⁹

324 4700 474 4744 vano
497 4688 784 4745 sermoni.
814 4682 982 4755 Quod
1007 4682 1056 4743 si
1080 4688 1215 4762 quis
1240 4680 1407 4744 exiis
1431 4681 1532 4762 qui
1556 4682 1972 4759 considebant,

2057 4683 2155 4738 κᾶν
2227 4705 2304 4746 τις
2375 4689 2481 4738 τῶν
2555 4682 2996 4762 συνεδριαζόντων
3070 4689 3309 4739 τοιοῦτον
3372 4680 3703 4758 προέτεινεν,

322 4771 438 4833 tale
455 4771 596 4851 quid
623 4771 1174 4852 proposuissetjlle
1199 4771 1514 4849 ingeniose
1540 4779 1597 4832 et
1623 4780 1760 4851 apte
1784 4773 1843 4834 id
1871 4792 1974 4835 re-

2058 4771 2182 4829 ἀλλ’
2251 4772 2460 4837 ἐκεῖνος
2517 4775 2721 4852 εὐφυῶς
2770 4773 2897 4829 αὐτὸ
2957 4769 3230 4850 διωθεῖτο,
3290 4770 3584 4828 σπουδαῖόν
3655 4792 3705 4827 τι

327 4859 608 4942 pellebat,
633 4859 918 4940 injiciens
949 4859 1164 4921 bonam
1192 4860 1453 4941 aliquam
1487 4860 1879 4940 quastionem
1913 4870 1976 4925 et

2058 4865 2144 4921 καὶ
2217 4862 2541 4945 ψυχωφελὲς
2609 4861 2965 4941 παρεμϐαλὼν
3037 4859 3348 4939 πρόϐλημα.
3419 4861 3610 4942 Παχὺν
3653 4858 3706 4916 δὲ

325 4951 542 5015 anima:
560 4949 1138 5013 utilem.Siisautem
1161 4958 1317 5013 esset
1339 4958 1653 5014 crassuset
1675 4951 1971 5032 plebeius,

2057 4961 2240 5010 τοῦτον
2293 4955 2336 5009 εἰ
2379 4953 2537 5032 τύχοι
2581 4951 2708 5010 ὄντα
2758 4954 2843 5009 καὶ
2872 4949 3276 5029 δημωδέστερον
3322 4952 3547 5008 καὶτῶν
3579 4973 3708 5006 συν-

325 5049 383 5102 et
405 5040 638 5121 quinon
663 5039 984 5102 recedebat
1002 5039 1075 5100 ab
1101 5039 1175 5101 iis
1197 5058 1331 5120 qua;
1345 5048 1485 5100 sunt
1506 5049 1971 5121 consueta,prae-

2058 5045 2200 5114 ήθων
2246 5047 2341 5102 οὐκ
2397 5042 2782 5121 ἀφιστάμενον,
2843 5041 2966 5098 κατ’
3016 5041 3140 5116 ὄψιν
3192 5040 3290 5116 μὲν
3319 5038 3469 5097 οωὲν
3501 5037 3708 5097 διετίθει

324 5137 554 5191 sentem
580 5129 820 5209 quidem
841 5147 959 5190 non
977 5128 1130 5190 male
1147 5128 1583 5198 tractabat,nec
1601 5147 1667 5192 se
1685 5129 1978 5194 iracunde

2059 5139 2263 5205 κακῶς,
2327 5129 2443 5188 οὐδέ
2503 5131 2709 5210 ὀργίλον
2767 5152 2817 5186 τι
2851 5131 2940 5187 καὶ
2997 5131 3172 5210 τραχὺ
3217 5131 3357 5203 αὒτῷ
3417 5127 3705 5209 ἐπιδείκνυ,

325 5231 387 5280 et
407 5238 622 5299 aspere
644 5221 704 5280 in
731 5239 868 5280 eum
889 5217 1558 5299 gerebat,praacipiebat
1580 5237 1717 5280 vero
1740 5239 1814 5281 ne
1832 5239 1968 5281 eum

2055 5220 2396 5300 παρήγγελλε
2452 5218 2505 5276 δὲ
2551 5221 2746 5296 μηκέτι
2791 5221 2949 5277 αὐτὸν
3005 5220 3095 5292 ἐᾷν
3139 5225 3236 5286 τῆς
3293 5217 3512 5276 συνόδου
3556 5220 3706 5298 γίνε-

321 5308 594 5370 sinerent
612 5309 873 5388 amplius
898 5327 1032 5370 esse
1055 5329 1086 5368 e
1113 5309 1466 5380 concilio,ut
1493 5325 1599 5386 per
1623 5327 1759 5370 eum
1786 5328 1967 5371 unum

2056 5316 2180 5368 σθαι
2217 5328 2229 5341 ⁸
2266 5313 2402 5368 ὥσνε
2447 5307 2513 5365 δι’
2546 5311 2661 5374 ἐνὸς
2695 5307 2843 5368 τοῦδε
2899 5309 3020 5375 τοὺς
3056 5308 3246 5375 ἄλλους
3281 5305 3550 5387 ἀκριϐείας
3583 5308 3708 5365 ἐπι-

324 5395 540 5458 ﬁerent
564 5396 667 5458 alii
700 5398 1002 5460 cautiores
1033 5406 1092 5459 et
1117 5397 1556 5476 diligentiores.

2057 5398 2444 5475 λαμϐάνεσθαι,

399 5483 738 5548 XXXlll.Ut
757 5495 955 5548 autem
984 5487 1192 5548 mortis
1217 5487 1570 5549 memoriam
1595 5506 1717 5550 suae
1741 5490 1974 5564 cogita-

2143 5491 2276 5552 Al".
2307 5488 2425 5546 Ἵνα
2455 5484 2510 5543 δὲ
2542 5488 2628 5544 καὶ
2678 5489 2774 5557 τὴν
2805 5497 2898 5547 τοῦ
2925 5489 3148 5549 θανάτου
3179 5489 3404 5564 μνήμην
3434 5489 3512 5552 εἰς
3540 5487 3704 5563 βάθος

323 5571 468 5635 tioni
486 5571 780 5653 profunde
793 5573 1404 5658 imprimeret,eteam
1421 5585 1713 5662 perpetuo
1729 5575 1978 5643 haberet

2061 5577 2336 5665 ἐγχαράξῃ
2407 5582 2476 5654 τῇ
2549 5572 2776 5655 διανοίᾳ,
2851 5579 2937 5638 καὶ
2981 5577 3067 5636 διὰ
3108 5578 3307 5644 παντὸς
3352 5575 3497 5655 αὐτῷ
3555 5597 3710 5656 περι·
