4006 6138
249 367 374 434 925

1266 365 1456 432 VITA
1500 365 1559 428 S.
1606 360 1921 428 JOANNIS
1962 363 2616 431 ELEEMOSYNARII.

3508 364 3628 432 926

248 501 547 577 ἰσναμένην
575 498 685 580 ἔχῃ
721 497 809 556 καὶ
839 499 941 577 πρὸ
973 498 1253 575 ὄμμᾶτων,
1284 500 1337 556 τί
1377 512 1528 557 ποιεῖ
1559 521 1576 575 ;
1624 506 1935 573 Μνημεῖονι

2020 511 2378 574 praesentem,
2416 511 2475 562 et
2499 508 2637 562 ante
2666 499 2861 575 oculo,
2898 499 3040 582 quid
3090 499 3279 563 facit?
3307 499 3484 563 Jubet
3511 500 3630 562 sibi

250 592 401 665 αὖτῷ
452 589 772 669 προστάττει
817 586 1310 663 διοικοδομηθῆναι·
1358 591 1530 661 τούτῳ
1576 587 1740 662 δὲμὴ
1789 587 1910 644 ἑπι-

248 685 472 748 τεθῆναι
533 679 722 754 πέρας,
770 675 892 734 ἄλλ’
950 677 1207 751 ἡμιτελὲς
1271 677 1410 736 οὕτω
1469 678 1907 756 καταλειφθῆναι·

249 771 382 829 εἶτα
412 769 536 831 τοὺς
595 767 690 824 liti
740 771 817 839 τῷ
879 765 1016 845 ἔργῷ
1062 767 1423 845 τεταγμένους
1455 765 1668 826 επειδαν
1716 767 1912 833 ἐπίση-

254 859 368 937 μός
428 881 506 922 νις
563 858 723 935 ἑορτὴ
767 856 884 930 εἴη,
943 859 1030 914 hri
1084 857 1297 914 πάντων
1355 856 1735 935 ἐφισταμένους
1806 863 1911 914 τῶν

255 946 678 1027 συνεδρευόντων
709 946 762 1002 ἐν
809 952 886 1020 τῷ
917 960 1185 1026 προφανεῖ
1238 945 1435 1024 λέγειν’
1508 946 1572 1004 Τὸ
1605 951 1794 1020 μνῆμα
1852 947 1912 1003 τὸ

258 1039 355 1096 σὺν
419 1037 546 1117 ἄχρι
591 1038 826 1112 τήμερον
898 1034 1107 1110 ἀτελὲς,
1169 1033 1424 1092 δέσποτα⁶
1486 1033 1770 1110 ἐπίτρεψον
1827 1037 1915 1091 οὖν

259 1129 392 1188 αὐτὸ
452 1125 613 1206 πέρας
662 1122 876 1181 λαϐεῖν’
950 1123 1147 1194 ἄδηλον
1194 1125 1294 1203 γὰρ
1339 1125 1491 1196 ὁποίᾳ
1545 1123 1658 1201 ὥρᾳ
1715 1125 1742 1180 6
1791 1123 1917 1180 κλέ-

261 1240 406 1284 πτης
437 1215 608 1274 ἔπεισι
641 1214 892 1280 θάνατος.

349 1295 482 1366 ΛΔ’.
528 1303 700 1363 Ἀλλὰ
727 1305 805 1369 τίς
836 1304 898 1359 ἃν
929 1302 1130 1360 ἐκείνου
1163 1305 1222 1360 τὸ
1259 1301 1405 1360 λιτὸν
1433 1308 1532 1371 τῆς
1563 1301 1791 1384 διαίτης,
1829 1303 1914 1358 καὶ

264 1397 329 1453 τὸ
387 1396 506 1474 περὶ
562 1393 661 1460 τὴν
711 1391 905 1461 ἐσθῆτα
962 1393 1059 1448 καῖ
1115 1395 1399 1470 στρωμνὴν
1454 1391 1661 1454 εὐτελές
1705 1413 1764 1449 τε
1827 1393 1915 1452 καὶ

267 1485 487 1564 μέτριον
545 1482 740 1548 ἐξείποι
777 1481 1010 1557 καλῶς;
1071 1481 1216 1537 Μετὰ
1264 1482 1360 1560 γὰρ
1403 1489 1508 1538 τῶν
1562 1479 1740 1538 ἄλλων
1797 1479 1914 1539 οὐδὲ

263 1575 467 1640 ταύτης
496 1574 687 1648 ἠμέλει
717 1576 818 1638 τῆς
864 1569 1082 1646 ἂρετῆς⁶
1128 1569 1267 1627 ὥστε
1311 1569 1482 1646 μηδὲν
1513 1570 1677 1628 πλέον
1719 1573 1772 1628 ἓν
1802 1571 1922 1628 τού-

263 1686 385 1727 τοις
429 1664 536 1720 τῶν
578 1660 794 1719 πολλῶν
822 1661 972 1740 ἔχειν
1014 1659 1110 1717 καί
1167 1660 1665 1738 εὖκαταφρονήτων,
1701 1658 1919 1736 Ἀμέλει

263 1777 358 1818 τις
403 1760 511 1810 τῶν
567 1750 858 1828 οἰκητόρων
910 1755 1004 1817 τῆς
1061 1748 1271 1814 πόλεως
1329 1751 1708 1828 συνηθέστερος
1779 1751 1921 1825 αὖτῷ

1995 590 2220 650 exstrui
2249 590 2772 653 monimentumzei
2798 599 2996 652 autem
3024 592 3199 653 linem
3235 609 3352 652 non
3380 590 3632 671 imponi,

1995 679 2100 739 sed
2133 677 2622 758 semiperfectum
2685 681 2770 741 sic
2801 680 3064 758 relinqui
3091 701 3107 756 ;
3139 680 3357 742 deinde
3389 699 3492 742 eos
3535 681 3636 760 qui

1999 766 2260 844 praefecti
2278 769 2795 847 erantoperi,cum
2821 778 2979 830 esset
2998 771 3211 832 festum
3231 770 3477 848 aliquod
3501 769 3643 831 insi-

1995 857 2498 938 gne;accedentes
2518 858 2577 919 in
2599 867 2921 939 conspectu
2945 861 3345 942 omnium,qui
3366 859 3646 922 conside-

1997 946 2378 1028 bant,aperte
2401 948 2626 1011 dicere:
2662 949 3092 1014 Monimentnm
3119 959 3282 1012 tuum
3308 951 3368 1011 in
3391 949 3640 1011 hodier-

1999 1054 2142 1098 num
2171 1055 2365 1117 usque
2414 1037 2572 1100 diem
2625 1047 2716 1100 est
2747 1039 3184 1120 imperfectum,
3217 1037 3642 1101 domineJube

1999 1136 2233 1205 ergo,ut
2254 1125 2316 1187 id
2343 1125 2519 1189 ﬁnem
2551 1127 2830 1207 accipiat.
2857 1129 3154 1190 Incertum
3188 1137 3278 1190 est
3306 1128 3494 1204 enim,
3526 1145 3641 1208 qua

1995 1216 2143 1277 hora
2175 1215 2268 1276 fur
2296 1216 2691 1293 ingrediatur,
2727 1236 2946 1297 nempe
2979 1235 3160 1280 mors.

2075 1303 2327 1366 XXXIV.
2377 1304 2495 1367 Sed
2543 1305 2680 1387 quis
2733 1307 2894 1368 illius
2937 1308 3132 1369 victus
3173 1309 3551 1382 tenuitatem,
3585 1318 3646 1372 et

1997 1411 2128 1472 quae
2160 1401 2287 1454 erat
2313 1394 2471 1455 circa
2501 1403 2724 1456 vestem
2750 1405 2808 1457 et
2836 1402 3086 1458 stratum
3117 1396 3400 1459 vilitatem
3432 1405 3492 1458 et
3515 1413 3642 1457 me-

2001 1481 2403 1556 diocritatem,
2437 1492 2600 1545 recte
2645 1485 3093 1547 enuntiaverit?
3123 1489 3270 1548 Cum
3303 1485 3434 1549 aliis
3484 1485 3645 1546 enim

2001 1589 2079 1633 ne
2111 1571 2264 1633 hanc
2315 1571 2557 1653 quidem
2593 1573 2852 1652 neglexit
2881 1574 3188 1648 virtutem,
3223 1575 3373 1638 adeo
3415 1590 3480 1637 ut
3507 1574 3647 1635 vul-

2002 1678 2111 1739 gus
2143 1669 2200 1721 et
2231 1678 2339 1722 eos
2368 1666 2468 1741 qui
2501 1669 2642 1723 sunt
2671 1663 3090 1742 contempti,in
3123 1664 3218 1727 his
3241 1683 3316 1727 ne
3337 1672 3653 1744 superaret

2004 1749 2272 1832 quidem.
2306 1749 2560 1823 Quidam
2613 1761 2777 1814 certe
2808 1771 2876 1815 ex
2907 1752 3345 1818 habitatoribus
3371 1754 3648 1828 civitatis,

265 1843 583 1923 τυγχάνων,
619 1839 767 1906 ὅπως
811 1839 940 1919 εἶχε
999 1840 1213 1915 μαθὼν,
1257 1843 1472 1911 σισύραν
1531 1838 1582 1906 ἒξ
1632 1842 1721 1896 καὶ
1776 1841 1922 1918 τριά-

2020 1841 2108 1921 qui
2139 1848 2267 1925 erat
2297 1839 2354 1925 ei
2393 1841 2765 1917 familiarior,
2793 1861 2933 1925 cum
2979 1845 3324 1906 rescivisset
3351 1844 3650 1925 quomodo

263 1908 431 1990 iton
492 1908 837 2007 νομισμάτων
873 1908 1208 2008 ’πρά-μενος,
1256 1908 1466 1986 στέλλει
1509 1936 1587 2004 τῷ
1651 1908 1918 2005 μακαρίῳ,

2020 1908 2107 1982 Fes
2129 1937 2194 1982 se
2227 1920 2498 2002 haberet,
2534 1908 2910 2002 opertorium
2951 1925 3074 2005 (15)
3102 1908 3387 2004 emptum.
3412 1925 3652 2005 triginta

259 2021 498 2081 πλεῖστα
557 2022 634 2096 μὴ
692 2019 1008 2077 ἀπώσασθαι
1071 2017 1303 2094 δεηθεὶς,
1336 2018 1457 2076 ἀλλ’
1518 2021 1706 2077 ἑαυτὸν
1760 2023 1926 2096 ταύτῃ

261 2109 660 2188 περιστέλλειν.
710 2111 876 2167 Τοῦτο
905 2109 993 2165 οὖν
1052 2110 1141 2166 καὶ
1183 2105 1275 2164 διὰ
1304 2109 1366 2165 τὸ
1417 2116 1508 2166 τοῦ
1540 2107 1724 2187 ἀνδρὸς
1782 2108 1926 2166 εῧπι-

267 2224 400 2260 στον
456 2201 544 2258 καὶ
603 2200 664 2256 τὸ
722 2203 821 2264 τῆς
888 2195 1156 2262 ἀξιώσεως
1213 2197 1466 2274 ἱπιμελὲς
1535 2199 1624 2256 καὶ
1679 2196 1926 2276 διάπυρον

277 2291 507 2360 ποιῆσαι
570 2288 825 2367 θελήσας,
859 2289 918 2344 οὐ
966 2284 1206 2344 διέλιπεν
1264 2286 1412 2363 ὅμως
1472 2285 1596 2366 παρ’
1641 2287 1774 2354 ὅλην
1828 2288 1927 2355 τὴν

279 2382 447 2438 νύκτα
506 2376 800 2450 ταλανίζων
869 2377 1080 2452 ἑαυτὸν,
1139 2379 1214 2442 ὡς
1269 2380 1317 2434 οἱ
1387 2375 1793 2456 παρεδρεύοντες
1855 2378 1929 2442 εἷς

277 2471 516 2550 ἔσχατον
558 2466 920 2546 ἒξηγήσαντο.
980 2466 1098 2539 καί,
1132 2468 1220 2532 Τίς
1273 2467 1336 2522 ἃν
1388 2466 1448 2522 ού
1489 2466 1778 2545 καταγνοίη
1828 2490 1932 2542 μου

279 2567 378 2618 τοῦ
444 2563 718 2629 ταπεινοῦ,
779 2555 979 2635 λέγων,
1051 2553 1322 2636 Ἰωάννου,
1383 2558 1428 2613 εἰ
1483 2555 1601 2631 ἐμοὶ
1665 2557 1763 2632 μὲν
1819 2555 1929 2614 ἔστι

280 2649 572 2729 τριάκοντα
643 2645 731 2703 καὶ
797 2644 848 2710 ’ἐξ
922 2644 1266 2721 νομισμάτων
1345 2643 1670 2718 ἐπιϐλήματι
1742 2645 1928 2702 exiite-

287 2743 438 2812 σθαι,
470 2749 585 2803 τοῖς
623 2733 675 2792 δὲ
705 2735 842 2792 κατὰ
882 2739 1135 2815 Χριστὸν,
1169 2740 1291 2814 φεῦ,
1321 2731 1574 2814 ἀδελφοῖς
1622 2747 1736 2798 τοῖς
1776 2734 1932 2811 ἐμοῖς

289 2829 354 2884 τὸ
415 2826 688 2904 ὑπαίθρους
733 2831 811 2898 τῷ
864 2825 1010 2902 κρύει
1067 2845 1440 2902 πηγνυμενους
1497 2821 1790 2898 διατελεῖν,
1843 2823 1932 2880 καὶ

288 2915 429 2993 μηδὲ
469 2915 627 2994 ῥάκος
671 2914 1008 2995 βραχύτατόν
1066 2935 1117 2970 τι
1161 2914 1248 2970 καὶ
1309 2911 1502 2969 εὔωνον
1547 2917 1818 2992 εὐπορεϊνν
1857 2916 1929 2969 ὧν

284 3009 332 3065 οἱ
380 3003 589 3069 πλείους
637 3005 726 3062 καὶ
769 3003 920 3061 κενοί
962 3003 1062 3072 τήν
1102 3001 1334 3081 γαστέρα
1391 3003 1478 3060 καὶ
1521 3001 1758 3060 ἄδειπνοι
1795 3023 1934 3060 κατ-

283 3094 606 3168 εκληθίσαν,
637 3095 726 3150 καὶ
762 3093 958 3167 αὐτῶν,
992 3091 1170 3168 οἴμοι,
1208 3097 1314 3150 τῶν
1363 3091 1780 3152 ἀποπιπτουσῶν
1833 3097 1934 3159 τῆς

281 3189 426 3262 ἐμῆς
484 3184 757 3261 τραπέζης
797 3187 982 3261 ψιχῶν
1042 3182 1310 3262 ἐφιέμενοι
1376 3183 1512 3238 κατὰ
1574 3183 1665 3238 τὸ)
1729 3181 1936 3249 πένητα

2008 2027 2110 2070 sex
2149 2011 2412 2073 nummis
2444 2012 2630 2074 mittit
2659 2013 2731 2074 ad
2764 2014 3044 2087 Beatum,
3080 2015 3404 2096 plurimum
3437 2032 3652 2094 rogans

2011 2117 2085 2160 ne
2108 2099 2168 2160 id
2201 2109 2534 2180 recusaret,
2553 2101 2660 2163 sed
2685 2119 2750 2162 se
2773 2121 2846 2164 eo
2870 2103 3170 2168 indueret.
3196 2103 3322 2167 Hoc
3344 2122 3485 2183 ergo
3512 2122 3650 2165 cum

2011 2197 2068 2252 et
2101 2201 2346 2270 propter
2377 2191 2484 2252 viri
2515 2190 2885 2264 ﬁdelitatem,
2919 2212 3286 2273 precumque
3316 2193 3654 2256 contentio-

2011 2297 2150 2342 nem
2181 2287 2240 2341 et
2267 2279 2544 2342 ardorem
2574 2281 2772 2342 facere
2804 2281 3110 2360 voluisset,
3142 2302 3260 2346 non
3291 2284 3651 2346 cessavitta-

2014 2385 2151 2431 men
2181 2376 2310 2430 tota
2339 2378 2512 2432 nocte
2539 2369 2857 2433 lamentori
2883 2375 2973 2450 (ut
3004 2381 3308 2453 postremo
3353 2390 3656 2454 exposue-

2014 2458 2288 2539 runt,qui
2311 2458 2365 2520 ei
2389 2458 2783 2538 assidebant),
2808 2460 2972 2536 Quis,
2997 2462 3355 2540 dicens,non
3378 2461 3658 2527 condem-

2015 2547 2169 2610 narit
2201 2566 2296 2609 me
2333 2548 2622 2610 miserum
2653 2548 3029 2633 Joannem,si
3063 2551 3214 2615 mihi
3244 2552 3385 2615 licet
3412 2552 3531 2632 tegi
3562 2561 3655 2614 te-

2013 2645 2300 2717 gumento
2319 2637 2559 2718 triginta
2587 2647 2645 2699 et
2673 2658 2778 2702 sex
2807 2641 3440 2718 nummorueratres
3460 2651 3656 2704 autem

2017 2727 2134 2788 mei
2170 2727 2346 2808 (proh
2377 2726 2549 2789 dolor
2583 2728 2626 2809 !)
2661 2729 2992 2792 secundum
3039 2731 3363 2808 Christum,
3397 2730 3508 2794 sub
3559 2731 3658 2792 dio

2015 2825 2305 2898 perpetuo
2364 2817 2581 2896 degant
2629 2819 2894 2880 concreti
2942 2819 3188 2900 (rigore,
3222 2829 3283 2882 et
3325 2839 3436 2884 nec
3485 2819 3662 2882 mini-

2017 2924 2179 2968 mum
2239 2906 2485 2988 quidem
2519 2913 2580 2968 et
2633 2906 2984 2971 vilissimum
3025 2929 3290 2990 pannum
3342 2908 3660 2974 habeant?

2017 3011 2274 3076 quorum
2310 2995 2556 3076 plurimi
2585 2998 2825 3080 quidem
2857 3010 3064 3063 ventre
3093 3018 3274 3064 vacuo
3299 3010 3358 3063 et
3377 2998 3662 3064 incanati

2016 3083 2400 3158 recumbunt,
2428 3096 2487 3149 et
2511 3087 2603 3150 vel
2632 3087 2818 3169 ipsas,
2844 3088 2971 3159 (hei
2991 3090 3138 3152 mihi
3164 3088 3202 3165 ί)
3233 3109 3366 3172 qua:
3393 3110 3428 3152 a
3458 3107 3666 3152 mensa

2021 3193 2155 3238 mea
2206 3176 2452 3250 cadunt,
2486 3175 2673 3238 micas
2721 3177 2990 3259 cupiunt,
3023 3179 3177 3242 sicut
3206 3198 3433 3260 pauper
3477 3179 3661 3242 Laza-

284 3276 553 3351 Λάζαρον.
592 3271 712 3331 Αἳε
755 3271 840 3348 αἳ,
877 3293 1037 3329 ποσοι
1086 3280 1175 3330 νῦν
1237 3269 1372 3336 ξένοι
1431 3272 1515 3327 καὶ
1575 3268 1935 3350 παρεπίδημοι

2020 3282 2146 3327 rus.
2199 3263 2368 3326 Heu!
2420 3265 2581 3329 heu!
2637 3285 2816 3347 quam
2867 3268 3034 3330 multi
3086 3288 3246 3331 nunc
3292 3267 3561 3350 hospites
3608 3276 3668 3330 et

285 3364 422 3442 πρὸς
462 3362 660 3429 ταύνην
701 3359 950 3439 ἀφίκοντο
998 3360 1096 3427 τὴν
1140 3359 1293 3417 πόλιν
1323 3362 1378 3418 οἳ
1424 3360 1504 3435 μὴ
1547 3358 1765 3440 ἔχοντες
1817 3358 1940 3416 ὅποι

288 3454 391 3520 τὴν
439 3449 680 3529 κεφαλὴν
712 3448 965 3523 κλίνοιεν,
1007 3457 1321 3525 πεινῶοτες,
1366 3450 1502 3506 κατὰ
1529 3448 1699 3523 μέσην
1733 3461 1941 3505 κεῖνται

293 3542 392 3610 τήν
439 3539 665 3618 ἀγοράν’
725 3540 835 3616 ὶγὼ
890 3537 944 3596 δὲ
997 3539 1278 3602 παντοίοις
1348 3539 1649 3595 ὲνευπαθῶν
1721 3537 1940 3615 ἀγαθοῖς

292 3631 425 3704 πρὸς
465 3631 533 3700 τᾷ
569 3627 709 3706 ἄλλῃ
753 3635 948 3708 τρυφῇ,
985 3629 1074 3685 καὶ
1101 3627 1235 3703 τῷδε
1275 3635 1351 3702 τῷ
1380 3624 1667 3685 πολυτελεῖ
1709 3624 1943 3696 έπιϐλή-

291 3741 422 3797 ματι
496 3725 583 3774 νῦν
666 3717 1106 3795 περιστέλλομαι.
1178 3718 1238 3776 Τί
1305 3717 1476 3775 τοίνυν
1544 3715 1666 3772 κατ’
1735 3714 1944 3782 ἐκείνην

291 3809 610 3866 ἀκούσεσθαι
652 3805 930 3887 προσδοκῶ
969 3807 1071 3876 τὴν
1105 3807 1308 3884 ἡμέραν
1343 3823 1360 3880 ;
1407 3805 1466 3864 Τί
1519 3805 1719 3882 ἕτερον,
1756 3805 1792 3872 ἢ
1834 3804 1940 3880 ὅτι,

292 3895 592 3974 Ἀμέλαϐες
624 3898 691 3954 τὰ
735 3897 904 3976 ἀγαθά
936 3919 1032 3956 σου
1076 3899 1132 3953 ἓν
1159 3902 1228 3973 τῇ
1255 3901 1369 3972 ζωῇ
1410 3917 1529 3968 σου,
1567 3897 1616 3950 οἱ
1663 3893 1718 3950 δέ
1747 3915 1810 3973 γε
1852 3893 1945 3950 πέο

292 4007 455 4054 νητες
491 3986 577 4059 ¹τὰ
606 3988 767 4059 κατὰ,
797 3987 884 4042 καὶ
940 3985 1028 4043 διὰ
1055 3993 1209 4043 τοῦτο
1255 3992 1342 4042 νῦν
1379 3985 1528 4042 αὐτοὶ
1556 3985 1656 4058 μὲν
1697 4005 1947 4063 παρακα-

291 4076 536 4156 λοῦνται,
588 4076 650 4132 σὺ
719 4073 773 4131 δὲ
838 4075 994 4142 ἀξίως
1072 4074 1368 4148 ὀδυνᾶσαις
1431 4072 1583 4131 Ἀλλ’
1656 4073 1947 4152 εὐλογητὸς

295 4167 508 4243 Κύριος,
554 4169 652 4224 οὒκ
726 4164 804 4222 ἔτι
868 4174 1025 4224 τοῦτο
1103 4165 1130 4220 6
1195 4165 1445 4228 ταπεινὸς
1519 4165 1948 4232 σκεπασθήσεται

290 4254 576 4330 Ἰωάννης,
608 4252 746 4312 ἀλλὰ
803 4254 900 4322 τὴν
932 4258 1091 4312 αύτοῦ
1147 4253 1309 4328 τιμὴν
1369 4252 1595 4321 πένητες
1655 4252 1951 4332 ἀμφιάσον-

289 4365 406 4405 ται.

379 4431 516 4490 AE’.
570 4431 722 4508 ⁰Αμα
754 4439 880 4512 γοῦν
918 4433 1058 4512 φωτί
1107 4433 1209 4500 τὴν
1235 4431 1450 4509 σισύραν
1493 4432 1566 4496 εἷς
1607 4431 1707 4498 τὴν
1754 4431 1951 4508 ἀγορὰν

293 4521 500 4596 πέμπει
547 4519 1075 4600 διαπραθησομένην,
1121 4521 1188 4589 ἢν
1250 4522 1278 4576 6
1323 4520 1696 4598 προσενεγκὼν
1751 4519 1952 4576 θεασά-

2025 3355 2328 3435 peregrini
2375 3357 2447 3418 ad
2495 3357 2648 3418 hanc
2697 3366 2992 3420 venerunt
3037 3358 3356 3435 civitatem,
3393 3363 3496 3436 qui
3543 3376 3665 3420 non

2023 3442 2254 3506 habent
2303 3444 2403 3506 ubi
2435 3454 2611 3524 caput
2650 3445 2970 3521 reclinant,
3007 3447 3462 3528 esurientesque
3491 3455 3552 3508 et
3581 3447 3665 3508 si-

2026 3533 2270 3608 tientes,
2295 3533 2502 3613 jaceat
2533 3532 2594 3595 in
2625 3534 2823 3596 medio
2853 3535 3006 3598 foro.
3039 3536 3166 3615 Ego
3197 3544 3392 3598 autem
3426 3554 3525 3598 me
3565 3535 3668 3597 de-

2026 3622 2205 3684 licate
2229 3641 2408 3684 omne
2431 3641 2624 3702 genus
2645 3623 2896 3702 explens
2927 3623 3119 3700 bonis,
3147 3633 3363 3707 praeter
3390 3624 3538 3688 alias
3563 3625 3670 3687 de-

2026 3711 2194 3774 licias
2245 3712 2360 3773 hoc
2391 3731 2634 3794 quoque
2665 3731 2824 3774 nunc
2868 3723 3220 3794 sumptuoso
3245 3715 3465 3778 induor
3495 3724 3667 3794 tegu-

2027 3809 2252 3862 mento.
2280 3799 2433 3874 Quid
2467 3820 2606 3882 ergo
2633 3803 2737 3864 illo
2768 3803 2865 3864 die
2887 3813 3134 3883 expecto
3167 3823 3264 3867 me
3292 3805 3670 3868 auditurum?

2024 3888 2175 3963 Quid
2194 3888 2381 3966 aliud,
2406 3910 2583 3971 quam
2616 3909 2630 3954 :
2665 3891 2967 3973 Recepisti
2999 3891 3154 3956 bona
3185 3902 3281 3956 tua
3310 3893 3371 3956 in
3401 3895 3518 3956 vita
3544 3901 3669 3968 tua,

2032 3997 2330 4061 pauperes
2359 3988 2561 4044 autem
2597 3983 2753 4044 mala
2790 4005 2802 4041 :
2837 3991 2895 4044 et
2927 3993 3247 4064 propterea
3275 3983 3390 4064 ipsi
3419 3985 3670 4061 quidem

2030 4088 2191 4132 nunc
2219 4070 2521 4152 accipiunt
2547 4072 3042 4148 consolationem,
3072 4084 3131 4134 tu
3163 4081 3357 4134 autem
3385 4072 3676 4135 cruciaris

2031 4176 2137 4239 pro
2188 4160 2463 4223 meritis?
2494 4159 2611 4224 Sed
2645 4160 2998 4224 benedictus
3030 4164 3212 4238 Deus,
3248 4181 3368 4225 non
3416 4161 3674 4242 amplius

2031 4267 2101 4312 eo
2163 4257 2400 4330 legetur
2431 4249 2674 4312 humilis
2723 4252 3007 4326 Joannes,
3037 4253 3142 4315 sed
3176 4253 3308 4333 ejus
3339 4253 3528 4332 pretio
3576 4252 3671 4312 in-

2029 4337 2293 4402 duantur
2322 4357 2636 4420 pauperes.

2087 4427 2262 4490 XXV.
2280 4427 2426 4491 Cum
2450 4430 2709 4510 primum
2738 4429 2939 4512 itaque
2970 4429 3480 4501 illuxisset,mittit
3506 4449 3678 4512 oper-

2034 4516 2248 4578 torium
2275 4517 2336 4579 in
2361 4517 2561 4580 forum
2584 4518 3074 4582 venumdandum
3100 4537 3113 4583 :
3148 4521 3306 4602 quod
3337 4539 3473 4584 cum
3498 4519 3675 4582 vidis-

298 4632 489 4686 μενος,
523 4612 667 4672 αὖθις
729 4611 1046 4690 μριάμενος,
1079 4611 1219 4670 οὗθις
1262 4609 1348 4666 καί
1375 4608 1657 4687 προσάγει⁸
1696 4610 1724 4663 6
1762 4606 1816 4663 δὲ
1873 4605 1935 4665 δέ.

2036 4613 2128 4667 εει
2157 4607 2209 4668 is
2234 4606 2337 4688 qui
2363 4607 2687 4682 obtulerat,
2715 4626 2923 4670 rursus
2952 4610 3099 4672 emit
3124 4619 3180 4671 et
3209 4611 3282 4673 ad
3313 4628 3448 4674 eum
3479 4611 3675 4673 atl‘ert.

297 4721 464 4778 χεται
509 4699 631 4779 μὲν,
665 4701 795 4778 πρὸς
840 4697 1028 4766 δὲτὴν
1076 4699 1282 4777 ἀγορὰν
1331 4699 1420 4754 καὶ
1478 4696 1619 4760 αὖθις
1666 4696 1950 4774 ἐκπέμπει,

303 4783 400 4853 Ὠς
444 4787 499 4846 δὲ
533 4786 616 4853 δ’ἰς
662 4792 750 4847 καὶ
805 4787 1061 4854 πολλάκις
1111 4791 1265 4846 τοῦτο
1309 4791 1540 4865 γένοιτο,
1573 4788 1602 4844 ὁ
1641 4787 1808 4866 μέγας
1849 4784 1953 4854 δη-

301 4879 399 4936 λοῖ
460 4885 536 4953 τῷ
583 4878 931 4957 προσάγοντι⁶
999 4875 1250 4958 Ἲδωμεν,
1322 4877 1510 4948 εἰπὼν,
1567 4876 1646 4940 τίς
1704 4876 1955 4954 πρότερον

301 4969 663 5046 ἀπαγορεύσει
731 4975 836 5025 τῶν
904 4965 1016 5040 δύο,
1080 4967 1189 5047 ἐγὼ
1243 4967 1341 5042 μὲν
1384 4967 1548 5034 αὐτὴν
1613 4967 1950 5044 πιπράσκων,

301 5057 367 5113 σὺ
408 5053 464 5112 δὲ
507 5057 812 5132 ὠνούμενος
843 5059 932 5113 καὶ
976 5057 1308 5136 προσφέρων.
1349 5056 1450 5114 Καὶ
1493 5057 1593 5135 γὰρ
1630 5055 1695 5124 ἧν
1739 5058 1766 5112 6
1823 5056 1956 5134 ἁνὴρ

298 5152 410 5202 τῶν
454 5143 570 5202 λίαδ
619 5146 880 5225 εὒπόρων,
938 5146 997 5204 οὗ
1057 5147 1216 5226 χάριν
1271 5145 1514 5213 ἐπίτηδες
1571 5148 1599 5202 6
1643 5145 1812 5225 μέγας
1871 5146 1957 5202 καὶ

303 5233 740 5315 παρακερδαίνειν
823 5239 980 5296 αὺτοῦ
1048 5234 1327 5310 ἠϐούλετο,
1400 5234 1538 5292 ὥστε
1622 5236 1686 5293 τὰ
1755 5237 1956 5292 εκεένου

299 5325 434 5404 πρὸς
501 5326 622 5390 τοὺς
694 5325 930 5394 πένητας
990 5323 1307 5404 παραρρεῖν.
1373 5321 1570 5402 Ἔλεγε
1630 5322 1684 5380 δὲ
1751 5325 1837 5381 καὶ
1903 5341 1953 5379 τι

300 5421 546 5474 τοιοῦτον
586 5417 689 5490 ὡς,
721 5415 787 5474 Εἴ
816 5438 897 5481 τις
929 5415 1036 5472 ἀπὸ
1077 5420 1184 5470 τῶν
1227 5412 1400 5494 ἁϐρῶν
1428 5416 1628 5471 τούτων
1668 5414 1757 5471 καὶ
1783 5411 1951 5472 πλου-

300 5503 433 5562 σίων
489 5502 698 5563 δύναιτο
768 5505 854 5563 καὶ
915 5504 1150 5582 μάλιστᾶ
1216 5507 1322 5562 τῶν
1392 5502 1722 5584 ἆπλάγχνων
1779 5502 1949 5584 τέχνῃ

2034 4694 2146 4758 Ille
2184 4706 2379 4759 autem
2423 4697 2645 4777 accipit
2671 4697 2942 4778 quidem,
2975 4717 3186 4762 rursus
3224 4720 3365 4763 vero
3398 4701 3576 4764 mittit
3603 4699 3678 4761 ad

2036 4785 2252 4848 forum.
2286 4785 2430 4851 Cum
2464 4795 2664 4850 autem
2699 4786 2792 4849 bis
2823 4796 2881 4849 et
2909 4806 3068 4870 saepe
3095 4790 3212 4852 hoc
3240 4791 3459 4854 tactum
3493 4797 3676 4863 esset,

2038 4893 2289 4954 magnus
2312 4876 2573 4940 Joannes
2593 4877 2894 4956 signiﬁcat
2923 4878 2976 4940 ei
3002 4878 3104 4959 qui
3128 4879 3440 4956 offerebat;
3470 4877 3684 4940 Videa-

2039 4983 2192 5039 mus,
2213 4965 2440 5042 diccns,
2465 4967 2600 5047 quis
2623 4985 2692 5030 ex
2717 4966 2896 5030 nobis
2920 4967 3084 5049 prius
3103 4968 3547 5048 deiatigabitur,
3570 4987 3679 5048 ego

2039 5054 2279 5136 quidem
2312 5055 2507 5136 ipsum
2554 5055 2841 5129 vendens,
2879 5067 2938 5118 tu
2967 5067 3166 5120 autem
3197 5077 3408 5122 emeris
3437 5067 3497 5121 et
3523 5058 3679 5122 oﬂ‘e-

2037 5162 2199 5207 rens:
2236 5152 2360 5206 erat
2403 5148 2562 5206 enim
2597 5145 2769 5208 valde
2800 5145 2988 5208 dives.
3045 5146 3444 5219 Quamobrem
3475 5147 3682 5212 dedita

2039 5251 2222 5315 opera
2243 5232 2477 5296 volebat
2500 5251 2748 5315 magnus
2763 5231 3030 5298 Joannes
3052 5254 3122 5299 ex
3144 5255 3214 5298 eo
3237 5235 3680 5313 lucrifacere,ut

2037 5321 2202 5386 illius
2227 5323 2379 5386 bona
2401 5323 2472 5387 ad
2510 5344 2808 5406 pauperes
2837 5325 3175 5392 eﬁluerent.
3207 5324 3453 5390 Dicebat
3478 5336 3675 5390 autem

2036 5413 2214 5478 etiam
2241 5413 2354 5476 tale
2371 5413 2539 5495 quid,
2561 5415 2716 5496 quod
2739 5421 2788 5477 si
2811 5415 2950 5497 quis
2977 5413 3051 5478 ab
3077 5414 3170 5478 his
3197 5415 3470 5480 delicatis
3498 5424 3558 5478 et
3581 5417 3680 5479 di-

2033 5502 2271 5579 vitibus,
2305 5512 2362 5567 et
2409 5503 2670 5567 maxime
2700 5505 2775 5566 iis
2822 5505 2923 5586 qui
2952 5513 3090 5568 sunt
3144 5503 3678 5589 immisericordes,

391 5673 440 5758 (4
454 5671 517 5758 5)
544 5670 863 5756 Hcrvetus,
891 5674 1191 5744 cilicium.
1223 5675 1436 5740 Graece
1465 5673 1704 5757 σισύραν,
1735 5672 2064 5757 stragulum
2097 5671 2488 5742 barbaricum
2520 5691 2554 5740 ε
2585 5673 2814 5740 villosis
2845 5671 3135 5760 pellibus.
