4006 6138
238 297 382 370 929

1275 306 1461 374 VITA
1509 309 1570 371 S.
1613 305 1934 371 JOANNIS
1983 299 2632 373 ELEEMOSYNARH.

3520 309 3638 376 930
3703 318 3708 322 ”

242 443 461 512 πένητι
520 448 758 528 παρέσχε
789 449 917 512 τινί,
975 454 1052 524 Τῇ
1089 447 1240 525 ἑτέρᾳ
1283 446 1560 522 τοιγαροῦν
1616 443 1901 523 πλάστιγγι

1995 446 2270 525 pauperi.
2319 445 2464 508 Cum
2497 445 2558 507 in
2589 446 2774 507 altera
2831 445 3030 526 itaque
3063 445 3234 509 lance
3266 466 3400 510 cum
3436 449 3636 528 impo-

247 542 460 592 τοῦτον
546 538 840 619 ἐνθέμενοι,
897 539 1148 618 ἷσοῤῥεπῆ
1233 536 1566 603 κατέστησαν
1632 536 1697 592 τὰ
1761 536 1911 612 ζυγὰ,

245 625 392 680 τότε
451 625 516 694 δὴ
549 635 623 702 τῷ
679 628 887 706 τελώνῃ
921 631 1078 707 φασὶν
1132 630 1178 684 οἱ
1222 624 1594 702 λευχείμονες.
1641 624 1917 682 Ἀπελθὼν

248 715 496 789 πρόσθες
554 716 638 773 ἐπὶ
669 723 746 791 τῷ
796 717 937 794 ἄρτῳ
967 719 1138 790 τούτῳ
1186 716 1270 771 καὶ
1304 713 1429 791 ἔργα
1468 736 1583 792 σου,
1617 715 1729 770 ἐπεὶ
1781 713 1916 788 μέλ-

247 801 450 861 λουσιν
485 804 572 871 οθς
615 807 739 878 ὁρᾷς
784 806 1012 882 μέλανες
1049 805 1162 862 οἵδε
1207 800 1643 881 παραλαμϐάνειν
1673 825 1753 865 σε,
1812 805 1912 860 Αὐ-

251 893 392 949 τίκα
443 895 617 951 τοίνυν
667 895 974 968 διαναστὰς,
1029 897 1116 951 καὶ
1170 894 1302 950 εἴσω
1346 901 1547 972 φρενῶν
1601 893 1910 969 γενόμενος,

249 981 447 1050 ἀληθῆ
507 985 573 1045 τὰ
621 985 870 1042 θεαθέντα
930 984 1159 1062 ἐπέγνω,
1221 984 1471 1040 ’Άπαντα
1530 981 1628 1058 γάρ
1701 981 1798 1037 ὅσα
1855 984 1918 1037 ὲκ

251 1071 390 1128 νέου
447 1073 687 1154 δπῆρχεν
721 1078 863 1147 αὐτῷ
914 1073 1378 1151 διαπεπραγμένα,
1410 1073 1496 1128 καὶ
1526 1075 1601 1126 ὧν
1648 1073 1719 1137 εἰς
1746 1073 1915 1140 λήθην

253 1159 376 1227 ἤδη
441 1163 700 1239 κατέστη,
735 1165 859 1227 τοὺς
904 1165 1152 1227 Αἰθίοπας
1213 1163 1439 1226 ἐκείνους
1469 1161 1608 1238 ἑώρα
1667 1163 1923 1238 συνάγον-

249 1272 359 1315 τας
422 1250 576 1318 δῆθεν
629 1254 718 1308 καὶ
781 1259 844 1328 τῇ
891 1251 1183 1330 πλάστιγγι
1243 1251 1698 1328 ἐγκατατιθὲντες.
1761 1251 1918 1308 ’Ὀθεν

249 1337 324 1407 δὴ
394 1344 481 1397 καὶ
538 1344 610 1402 εἷς
671 1341 922 1410 ἔκπληξιν
983 1341 1244 1404 πολλάκις
1300 1343 1414 1414 ἰὼν,
1463 1337 1664 1413 Βαϐαῖ,
1713 1338 1916 1417 ἔλεγεν,

250 1427 370 1496 ὅση
420 1432 516 1496 τῆς
547 1430 914 1506 ἐλεημοσύνης
969 1433 1003 1499 ἡ
1048 1429 1267 1504 δύναμις
1305 1429 1318 1489 ε
1369 1431 1425 1486 ΕΞ
1476 1430 1576 1505 γὰρ
1610 1429 1692 1492 εἷς
1734 1429 1913 1505 ἄρτος,

247 1523 348 1574 καὶ
418 1518 575 1585 αὐτὸς
634 1519 912 1599 ἐπιχόλως
960 1520 1151 1585 πένηνι
1214 1521 1514 1599 προσριφεὶς
1570 1517 1766 1597 ἴσχυσε
1824 1541 1920 1574 το-

248 1613 481 1680 σοῦτον,
537 1611 719 1666 πόσων
764 1611 826 1664 ἂν
883 1609 1126 1675 δυνηθείη
1185 1615 1364 1665 κακῶν
1413 1609 1598 1665 ἑαυτὸν
1643 1606 1917 1663 ἀπολύσα-

246 1701 393 1762 σθας
447 1689 486 1754 6
530 1697 724 1776 ίλαρῶς
785 1702 848 1754 τὰ
905 1701 1031 1756 ὄντα
1102 1712 1220 1762 τοῖς
1293 1699 1485 1764 πένησι
1554 1695 1916 1776 προϊέμενοςὶ

247 1789 529 1844 Τοσοῦτον
614 1787 704 1843 οὖν
787 1789 1083 1867 φιλοτίμως

247 1878 345 1932 καὶ
408 1876 572 1941 οὕτως
621 1874 848 1956 ἀφειδῶς
908 1879 1079 1936 ἐκίνου
1124 1877 1328 1957 ἀμφοῖν
1373 1889 1492 1932 τοῖν
1525 1888 1738 1955 χεροῖν,
1770 1877 1842 1938 ὡς
1888 1878 1914 1931 6

246 1965 454 2044 λόγος,
503 1967 577 2029 εἰς
626 1966 722 2029 τὰς
784 1974 891 2023 τῶν
948 1969 1192 2036 πενήτων
1251 1965 1512 2044 γαστέρας
1569 1965 1796 2038 ἁντλῶν,
1842 1966 1915 2026 ὡς

247 2055 407 2129 μετὰ
454 2057 515 2110 τὸ
563 2055 736 2111 πάντα
781 2055 1059 2134 προέσθαι,
1095 2055 1233 2130 μηδὲ
1268 2056 1426 2112 αὐτοῦ
1477 2054 1750 2135 φείσασθαι
1802 2056 1914 2110 σώσ

247 2164 460 2222 ματος,
496 2142 634 2202 ἀλλὰ
681 2146 772 2201 καὶ
817 2146 990 2219 τούτῳ
1051 2146 1283 2209 πένητας
1341 2144 1529 2220 θρέψαι
1587 2142 1916 2218 ἀποδόμενον

248 2233 358 2300 τὴν
419 2233 743 2312 ἐλευθερίαν,
778 2236 850 2298 ὡς
909 2232 1031 2310 μετ’
1089 2233 1266 2312 ὀλίγον
1325 2237 1610 2312 φανότερον
1666 2236 1693 2289 6
1755 2232 1912 2312 λόγος

249 2320 518 2388 δηλώσει.

347 2410 487 2474 AH'.
541 2414 792 2489 Προϊόντι
824 2413 924 2490 γὰρ
968 2412 1111 2486 αὐτῷ
1159 2412 1244 2469 ἐπὶ
1294 2414 1354 2466 τὸ
1389 2411 1676 2468 τελωνεϊον
1718 2413 1912 2478 ναύτης

254 2502 541 2569 ὑπήντησε
572 2500 634 2557 ἐκ
678 2502 927 2578 ναυαγίου
978 2503 1197 2582 γυμνὸς,
1235 2502 1394 2580 ὀνπερ
1439 2501 1502 2566 δὴ
1556 2501 1902 2577 θεασάμενος,

257 2592 324 2646 τὸ
355 2589 567 2664 ἶμύτιον
620 2591 769 2652 εὐθὺς
801 2589 995 2652 ἀποδὺς
1047 2589 1208 2669 ἁϐρόν
1251 2613 1301 2648 τι
1355 2592 1442 2646 καὶ
1473 2588 1768 2664 πολύτιμον
1825 2591 1908 2666 ὃν,

262 2681 415 2751 αὐτῷ
471 2677 667 2758 δίδωσι,
705 2678 878 2735 πολλὰ
935 2678 1136 2746 δεηθεὶς
1182 2678 1266 2735 διὰ
1323 2681 1520 2744 παντὸς
1566 2681 1692 2735 αὐτὸ
1753 2700 1910 2758 περι-

266 2765 544 2830 ϐαλέσθαι.
607 2752 668 2826 “Ο
715 2766 792 2842 δὲ,
827 2768 982 2826 τοῦτο
1041 2770 1139 2842 μὲν
1194 2771 1444 2846 ἐρυθριῶν
1507 2752 1912 2845 μεγαλοπρεπεῖ

276 2859 512 2934 χρῆσθαι
566 2862 809 2931 τοιούτῳ,
847 2855 1085 2915 τοῦτοδὲ
1143 2860 1396 2935 καὶπρὸς
1453 2858 1518 2912 τὰ
1550 2856 1686 2914 ἄλλα
1744 2859 1910 2914 πενό-

276 2965 462 3024 μενος,
493 2946 565 3009 εἷς
618 2947 717 3014 τὴν
765 2947 965 3024 ἠγορὰν
1019 2948 1192 3014 τίθησι
1237 2945 1753 3022 διαπραθησόμενον,
1822 2939 1910 3012 Ὠς

263 3030 319 3088 δὲ
395 3033 737 3113 ὑποστρέφων
809 3038 836 3090 ὃ
897 3033 1130 3101 τελώνης
1200 3033 1306 3092 ἴδοι
1377 3035 1734 3111 κρεμάμενον,
1793 3035 1912 3106 ἀνίᾳ

257 3233 351 3274 νος
413 3211 495 3269 ὅτι
557 3213 636 3288 μὴ
694 3211 934 3291 ἐξεγέντο
1005 3213 1148 3286 αὐτῷ
1212 3215 1421 3270 κεῖσθαί
1476 3233 1526 3269 τι
1585 3220 1663 3286 τῷ
1717 3213 1908 3280 πένητι

251 3298 387 3379 παρ’
461 3303 620 3358 αὐτοῦ
687 3301 1054 3378 ἐλεημοσύνης
1123 3303 1443 3377 ὑπόμνημα.
1493 3302 1668 3359 Ταῦτα
1738 3304 1907 3358 τοίνυν

251 3387 597 3466 λογιζομένῳ
669 3390 831 3454 ὕπνος
889 3391 1073 3467 ἐπῄεν
1131 3391 1405 3470 ἐφίσταται
1474 3389 1527 3445 δὲ
1572 3394 1715 3464 αὐτῷ
1785 3389 1908 3468 ὄναρ

252 3477 490 3544 εὸοπτός
533 3502 614 3544 τις
647 3480 782 3558 ἆνῆρ
814 3479 967 3548 ἡλίου
1011 3483 1111 3548 τὴν
1140 3480 1304 3558 ὥρρον
1350 3479 1688 3558 φαιδρότερος
1743 3501 1906 3540 σταυ-

249 3569 353 3643 ρὸν
401 3570 498 3643 μὲν
532 3567 618 3625 ἐπὶ
664 3569 758 3636 τῆς
817 3567 1055 3649 κεφαλῆς
1114 3569 1281 3649 ἔχων,
1317 3572 1377 3625 τὸ
1428 3568 1481 3625 δὲ
1512 3569 1722 3643 ἱμάτιον
1778 3569 1907 3646 ὅπερ

249 3658 420 3721 αὐτὸς
503 3665 581 3732 τῷ
647 3657 813 3736 ναύτῃ
887 3658 1221 3739 παρέσχετο,
1295 3657 1772 3733 περιϐεὸλημένος,
1847 3659 1904 3722 ὃς

246 3745 490 3814 πλησίον
564 3747 880 3826 γενόμενος·
946 3749 1008 3806 Τί
1083 3747 1238 3823 δῆτα,
1303 3746 1419 3827 φίλε
1492 3747 1654 3826 Πέτρε
1729 3746 1906 3827 (τοῦτο

245 3837 360 3915 γὰρ
417 3837 482 3904 ἦν
515 3820 705 3911 ὄνομα
729 3838 806 3911 τῷ
864 3835 1125 3916 τελώνῃ),
1158 3820 1334 3902 ἀλύεις
1391 3838 1474 3894 καὶ
1503 3820 1656 3909 ὀδυνᾷ
1689 3858 1706 3909 ;
1737 3820 1748 3827 ’
1768 3820 1820 3895 c'0
1851 3835 1905 3891 δὲ

246 3925 446 4004 ὥσπερ
477 3926 632 4003 γνοὺς
661 3925 807 3990 ὅστις
851 3925 944 3993 εἴη
990 3929 1016 3982 6
1069 3927 1591 4004 προσφθεγγόμενος·
1653 3924 1901 4004 Ἐπειδὴ,

245 4015 384 4096 ἔφη,
419 4013 670 4091 δέσποτα,
700 4017 775 4070 ὧν
830 4017 983 4081 αὐτὸς
1026 4014 1296 4081 πλουσίως
1350 4018 1487 4091 ἡμῖν
1545 4014 1897 4094 ἐμπαρέχεις,

244 4102 518 4168 πολλάκις
578 4106 684 4160 τισὶ
727 4105 1103 4168 κοινωνοῦντες
1145 4107 1248 4184 οὐχ
1306 4107 1512 4180 ὁρῶμεδ
1563 4105 1743 4170 καλῶς
1804 4107 1901 4162 αὒ-

245 4195 378 4258 τοὺς
454 4206 571 4260 τοῖς
647 4192 846 4251 δοθεῖσι
917 4194 1230 4274 χρωμένους
1302 4192 1367 4250 δι’
1439 4193 1896 4274 αἰσχροκέρδειαν,

248 4282 419 4342 Οῧπω
473 4285 564 4340 τὸν
596 4282 758 4362 λόγον
809 4284 1015 4349 ἐκεῖνος
1050 4283 1310 4364 ἐπλήρου,
1341 4284 1428 4340 καὶ
1459 4287 1486 4340 6
1529 4284 1707 4362 φανεὶς
1762 4286 1900 4341 ὑπο-

247 4372 508 4432 δεικνύων
571 4375 714 4447 αύτῷ
797 4375 860 4430 τὰ
916 4376 1152 4450 ἱμάτιον
1216 4373 1622 4452 Ἐπιγινώσκεις
1687 4376 1894 4446 τοῦτο;

250 4463 440 4543 φησί;
502 4465 604 4521 Τοῦ
661 4461 717 4519 δὲ
785 4463 1166 4542 καταθεμένου,
1227 4462 1386 4520 πάλιν
1445 4461 1674 4528 ἐκεῖνος·
1739 4462 1894 4537 Ἰδοὺ,

2001 535 2282 609 suissent,
2318 537 2591 597 fecerunt
2634 536 2912 596 trutinam
2947 554 3016 597 ex
3073 544 3319 616 utraque
3353 551 3516 617 parte
3567 558 3636 601 ex

2001 642 2170 704 {equo
2204 625 2703 706 propendentem.
2739 627 2905 688 Tunc
2939 625 3022 687 illi
3081 626 3399 706 publicano
3429 627 3640 691 dicunt

2001 714 2110 774 viri
2142 715 2444 776 candidati
2479 735 2491 775 :
2518 715 2830 777 Recedens
2859 715 3011 777 adde
3037 716 3176 777 huic
3207 723 3364 796 pani,
3401 726 3458 779 et
3489 737 3637 798 ope-

1999 823 2158 867 rare.
2179 804 2324 865 Nam
2359 805 2469 875 illi,
2501 824 2649 886 quos
2671 805 2838 868 vides
2871 806 2952 882 ni,~
2974 806 3194 879 ri,sunt
3217 815 3274 869 te
3303 810 3636 889 accepturi.

2003 893 2144 956 Cum
2179 896 2376 956 statim
2411 894 2611 976 itaque
2646 904 3034 975 eXperrectus
3062 904 3310 966 esset,et
3337 897 3409 958 ad
3446 917 3514 960 se
3533 917 3636 961 re-

2001 984 2230 1055 diisset,
2263 984 2505 1063 agnovit
2542 1003 2676 1046 vera
2705 1003 2862 1059 esse,
2891 1002 3021 1062 quae
3053 985 3172 1045 visa
3201 986 3454 1050 fuerant.
3488 986 3634 1050 Nam

2000 1093 2372 1155 quaecunque
2401 1075 2474 1135 ab
2507 1074 2754 1136 ineunte
2785 1084 2951 1136 aetate
2991 1074 3064 1135 ab
3096 1093 3165 1135 eo
3197 1074 3346 1137 facta
3377 1076 3635 1160 fuerant,

2004 1173 2062 1223 et
2096 1183 2348 1244 quorum
2377 1165 2498 1244 jam
2533 1174 2659 1226 erat
2699 1165 2936 1244 oblitus,
2975 1163 3213 1225 videbat
3244 1165 3376 1228 illos
3411 1167 3640 1230 Ethio-

2003 1271 2109 1332 pes
2147 1255 2354 1334 utique
2411 1263 2862 1333 congregantes,
2903 1263 2962 1315 et
3020 1253 3079 1313 in
3142 1254 3374 1316 lancem
3433 1257 3636 1338 impo-

2004 1353 2237 1406 nentes.
2289 1343 2693 1416 Quamobrem
2726 1362 2884 1423 saepe
2923 1343 3386 1422 obstupefactus,
3422 1345 3632 1427 Papae!

2005 1432 2264 1504 dicebat,
2299 1442 2516 1513 quanta
2568 1443 2658 1496 est
2693 1435 2881 1495 virtus
2928 1433 3343 1514 eleemosynaa.
3378 1435 3438 1497 Si
3473 1441 3634 1500 enim

2004 1531 2158 1573 unus
2209 1519 2399 1592 panis,
2433 1513 2603 1594 isque
2651 1533 2756 1594 per
2813 1516 2960 1574 iram
3017 1513 3261 1594 pauperi
3311 1518 3633 1595 projectus,

2004 1608 2228 1662 tantum
2262 1604 2474 1682 potuit,
2505 1623 2538 1664 a
2569 1622 2741 1684 quam
2780 1603 2957 1664 mulis
3008 1605 3183 1663 malis
3214 1611 3278 1666 se
3311 1605 3529 1683 poterit
3559 1607 3638 1668 li-

2003 1690 2240 1766 berare,
2275 1696 2371 1772 qui
2425 1694 2699 1755 hilariter
2731 1693 2901 1754 bonis
2949 1695 3073 1754 suis
3103 1694 3444 1772 impertitur
3494 1715 3639 1776 pau-

1188 1787 1529 1863 ἓλεημοσύσῃ
1612 1786 1901 1864 ἐχρήσατο,

2004 1789 2230 1862 peres?
2259 1782 2428 1844 Adeo
2461 1802 2602 1862 ergo
2637 1783 2919 1844 munifice
2948 1801 3093 1844 usus
3123 1791 3214 1843 est
3241 1783 3639 1868 eleemosyna,

2000 1880 2116 1931 tam
2169 1871 2407 1933 abunde
2436 1871 2751 1946 ambabus,
2788 1882 2849 1933 ut
2894 1871 3012 1934 dici
3044 1870 3216 1947 solet,
3251 1871 3458 1936 eﬁ'udit
3509 1896 3642 1942 ma-

1998 1959 2198 2036 nibus,
2235 1963 2294 2021 in
2325 1971 2564 2023 ventres
2611 1981 2936 2042 pauperum
2973 1961 3315 2036 infundens,
3349 1972 3415 2024 ut
3473 1977 3643 2046 post-

1998 2069 2172 2129 quam
2219 2051 2422 2112 omnia
2456 2051 2842 2130 profudisset,
2880 2069 2957 2113 ne
2989 2070 3099 2114 suo
3151 2052 3394 2131 quidem
3429 2074 3642 2134 parce-

1999 2149 2089 2200 ret
2128 2141 2390 2220 corpori,
2451 2141 2556 2202 sed
2613 2160 2683 2202 eo
2754 2159 2993 2222 quoque
3062 2142 3248 2203 aleret
3324 2162 3638 2228 pauperes,

1997 2230 2235 2291 vendita
2285 2230 2566 2292 libertate
2601 2250 2615 2306 ;
2652 2237 2715 2290 ut
2746 2231 2920 2310 paulo
2954 2238 3084 2310 post
3113 2230 3329 2294 clarius
3362 2238 3642 2301 ostende-

1999 2337 2152 2381 mus.

2078 2407 2392 2472 XXXVI”.
2437 2408 2500 2470 Ei
2535 2415 2696 2471 enim
2733 2410 2897 2471 eunti
2951 2412 3008 2471 in
3043 2411 3354 2487 telonium,
3385 2417 3646 2478 occurrit

1997 2507 2177 2560 nauta
2210 2498 2405 2560 nudus
2431 2517 2500 2560 ex
2534 2500 2839 2578 naufragio
2869 2521 2881 2561 :
2918 2518 3096 2576 quem
3131 2500 3370 2580 quidem
3403 2522 3538 2566 cum
3562 2508 3644 2568 vi-

1997 2589 2205 2662 disset,
2244 2599 2403 2650 veste
2433 2589 2630 2650 statim
2658 2609 2723 2651 se
2747 2607 2996 2663 exuens,
3023 2608 3155 2670 quae
3178 2601 3306 2652 erat
3337 2592 3554 2656 delicta
3585 2605 3644 2658 et

1993 2687 2367 2757 sumptuosa,
2397 2679 2451 2738 ei
2483 2680 2686 2750 donat,
2717 2679 2968 2740 multum
2995 2688 3292 2759 precatus,
3317 2689 3380 2742 ut
3411 2701 3480 2746 ea
3513 2703 3639 2764 per-

1997 2775 2170 2844 petuo
2199 2767 2572 2829 indueretur.
2609 2768 2718 2830 llle
2749 2778 2948 2830 autem
2983 2770 3197 2849 partim
3231 2770 3470 2850 quidem
3504 2793 3637 2838 eru-

1993 2853 2254 2916 bescens
2280 2855 2362 2916 uti
2412 2865 2571 2916 veste
2604 2856 2942 2935 magniﬁca,
2971 2858 3180 2936 partim
3216 2877 3356 2919 vero
3387 2861 3636 2926 aliarum

1992 2959 2220 3016 quoque
2241 2948 2768 3016 rerum,egenus,in
2792 2948 2913 3003 foro
2937 2947 3172 3017 exponit
3195 2955 3258 3004 ut
3276 2952 3638 3012 vonderetur.

1991 3031 2140 3090 Cum
2173 3040 2373 3091 autem
2416 3039 2723 3091 revertens
2754 3031 3111 3109 publicanus
3157 3050 3286 3093 eam
3321 3034 3463 3096 vidit
3495 3056 3637 3116 pen-

268 3122 573 3202 συνεσχέθη
626 3122 828 3200 πολλῇ,
875 3124 1266 3202 σκυθρωπάζων
1319 3145 1378 3180 τε
1419 3124 1486 3189 ἠν
1529 3121 1901 3202 διαλογιζόμε-

1994 3119 2259 3193 dentem,
2294 3137 2509 3215 magno
2535 3120 2642 3180 fuit
2665 3122 2916 3215 affectus
2946 3121 3392 3215 dolor_e,eterat
3424 3126 3629 3204 tristis,

1992 3215 2280 3286 reputans
2309 3209 2464 3288 quod
2493 3227 2610 3269 non
2637 3208 2691 3269 ei
2717 3209 2990 3271 licuisset
3019 3209 3366 3290 relinquere
3389 3221 3632 3294 pauperi

1989 3297 2233 3372 aliquod
2260 3296 2694 3359 monimentum
2719 3315 2841 3358 suae
2875 3297 3466 3364 misericordialltec
3499 3325 3633 3368 cum

1991 3392 2303 3465 cogitaret,
2340 3386 2396 3446 ei
2425 3385 2661 3465 obrepit
2689 3405 2960 3448 somnus.
2995 3385 3058 3447 In
3085 3389 3315 3448 somnis
3337 3400 3532 3455 autem
3557 3396 3631 3457 ad

1992 3495 2128 3537 eum
2168 3475 2402 3536 accedit
2429 3475 2516 3537 vir
2549 3477 2792 3555 quidam
2839 3476 3082 3556 insigni,
3117 3478 3242 3538 sole
3269 3479 3470 3551 Specie
3500 3483 3629 3545 ala-

1991 3565 2170 3637 crior,
2210 3582 2446 3625 crucem
2479 3565 2728 3644 quidem
2763 3564 2990 3626 habens
3022 3565 3082 3626 in
3132 3566 3353 3645 capite,
3389 3567 3633 3636 indutus

1989 3665 2189 3716 autem
2225 3660 2408 3726 veste,
2448 3672 2626 3734 quam
2657 3655 2787 3734 ipse
2817 3654 3071 3716 dederat
3093 3663 3312 3716 nautae.
3349 3655 3457 3729 Qui
3491 3679 3628 3724 cum

1990 3761 2174 3824 prope
2190 3745 2692 3807 accessisset:Cur
2713 3743 3109 3826 inquit,chare
3133 3747 3448 3826 Petre(hoc
3466 3751 3625 3814 enim

1989 3843 2116 3896 erat
2142 3851 2355 3897 nomen
2390 3833 2762 3915 publicano),
2791 3837 3032 3912 angeris
3054 3843 3114 3896 et
3153 3836 3491 3898 cruciaris?
3523 3842 3628 3905 ille

1985 3931 2179 3986 autem
2207 3924 2457 4003 perinde
2477 3943 2544 3985 ac
2567 3925 2618 3985 si
2653 3934 2877 4000 nosset,
2905 3925 3176 4005 quisnam
3215 3940 3370 3988 esset
3405 3933 3502 4009 qui
3537 3933 3629 3994 lo—

1985 4014 2302 4094 quebatur:
2327 4013 2644 4088 Quoniam,
2666 4014 2875 4095 inquit,
2903 4014 3177 4088 Domine,
3212 4036 3343 4096 quae
3366 4027 3428 4079 tu
3452 4022 3626 4084 nobis

1981 4103 2222 4166 abunde
2255 4103 2509 4182 praebes,
2544 4123 2612 4166 ea
2656 4105 2964 4167 nonnullis
2991 4123 3151 4185 saepe
3179 4105 3618 4188 impertientes,

1983 4212 2102 4255 non
2132 4193 2404 4255 videmus
2429 4212 2533 4255 eos
2555 4203 2720 4256 recte
2745 4196 2827 4256 uti
2852 4195 2925 4257 iis
2953 4215 3090 4270 qua:
3109 4195 3242 4255 data
3265 4207 3622 4278 sunt,prop-

1985 4293 2074 4344 ter
2126 4291 2298 4362 turpe
2332 4283 2587 4346 lucrum.
2634 4284 2740 4346 llle
2773 4284 3036 4345 nondum
3074 4284 3354 4364 implerat
3393 4290 3621 4351 oratio-

1982 4381 2210 4446 nem,et
2239 4372 2335 4451 qui
2360 4383 2720 4452 apparuerat
2742 4373 3070 4435 ostendens
3093 4379 3142 4433 ei
3170 4379 3626 4457 vestemzAgno-

1981 4463 2180 4522 scisne
2213 4462 2398 4524 hanc?
2423 4462 2641 4538 inquit.
2669 4462 2815 4524 Cum
2843 4463 2893 4525 is
2909 4473 3110 4527 autem
3139 4463 3624 4544 afﬁrmasset,ille

249 4537 436 4617 ίξότου
495 4574 588 4628 μοι
647 4553 736 4609 καὶ
779 4537 1050 4633 παρέσχες
1108 4537 1258 4626 αύτὸ,
1315 4551 1398 4608 διὰ
1457 4554 1654 4618 παντὸς
1709 4550 1896 4609 ἐνδιδύ-

1994 4570 2190 4612 rursus
2229 4572 2241 4609 :
2291 4549 2468 4631 Ecce,
2505 4553 2720 4634 inquit,
2753 4571 2823 4615 ex
2865 4572 2979 4632 quo
3013 4562 3070 4615 tu
3107 4553 3254 4616 mibi
3305 4573 3434 4620 eam
3468 4537 3623 4640 prae-

249 4663 478 4717 σκομαι.

338 4719 470 4794 ΛΘ’.
502 4728 652 4788 Ἐπεὶ
694 4729 750 4786 δὲ
792 4732 879 4788 καὶ
919 4733 947 4787 6
992 4730 1151 4794 ὄπνος
1193 4731 1389 4798 ἀνῆκεν
1429 4732 1607 4804 αὐτὸν,
1639 4733 1723 4787 επὶ
1777 4741 1897 4791 νοῦν

253 4819 446 4896 ἐλθὼν,
479 4819 787 4898 Εὐλογητὸς
831 4820 1040 4897 Κύριος,
1088 4820 1294 4900 ἔλεγεν,
1327 4824 1370 4878 εἰ
1407 4823 1494 4877 καὶ
1535 4823 1758 4898 Χριστὸς
1809 4822 1894 4884 εἷς

249 4909 400 4967 εἶναι
430 4915 536 4966 τῶν
568 4907 759 4966 ἐνδεῶν
799 4910 1064 4989 φαίνεται,
1100 4911 1196 4966 οὐκ
1239 4912 1426 4981 ἀνήσω
1472 4909 1665 4990 μέχρις
1695 4909 1756 4966 ἂν
1800 4914 1895 4966 καί

250 4999 412 5062 αὐτὸς
445 5003 527 5066 εἷς
553 4997 719 5056 τῶνδε
751 5005 858 5056 τῶν
901 4998 1208 5079 ὲλαχιστων
1239 5001 1509 5080 γένωμαι,
1555 5005 1896 5080 Παραχρῆμα

249 5089 425 5147 τοίνυν
477 5090 568 5144 τὸν
599 5087 892 5166 ὶπίτροπον
951 5095 1051 5156 τῆς
1090 5090 1255 5155 οἰκίας
1313 5091 1368 5156 ὃς
1400 5091 1466 5158 ἦν
1525 5089 1894 5168 ἀργυρώνητος

251 5179 398 5252 αὒτῳ
453 5176 707 5259 καλέσας,
761 5169 933 5258 ’Ἕχω
989 5179 1074 5236 σοί
1108 5200 1182 5256 τι,
1231 5179 1358 5260 ἔφη,
1418 5186 1525 5237 τῶν
1582 5178 1896 5256 ἀπορρήτων

252 5274 550 5344 πιστεῦσαι,
585 5267 716 5348 ὅπερ
775 5270 820 5324 εί
881 5268 1102 5348 ἔκφορον
1163 5271 1333 5349 θείης,
1376 5270 1411 5338 ἢ
1471 5271 1547 5344 μὴ
1605 5268 1804 5348 ἐργάσῃ
1868 5268 1895 5323 ὅ

252 5355 339 5415 ἐπ’
401 5356 542 5432 αὐτῷ
571 5357 855 5434 βούλομαι,
891 5359 1096 5437 μακρὰν
1141 5358 1238 5436 ἔσῃ
1291 5366 1382 5417 τοῦ
1425 5362 1554 5434 ἐμοῦ
1583 5359 1889 5436 προσώπου,

253 5448 338 5504 καὶ
398 5449 471 5510 εἷς
502 5445 764 5526 βάρϐαρον
823 5447 1263 5526 ἀπεμποληθήσῃ
1295 5449 1419 5526 γῆν.
1482 5456 1650 5507 Ταῦτα
1703 5449 1888 5528 εἰπὼν,

253 5533 378 5592 δέκα
434 5546 526 5593 τοῦ
571 5537 793 5616 χρυσίου
850 5536 1030 5616 λίτρας
1073 5539 1216 5599 αὒτῶ
1275 5538 1561 5618 ἒγχειρίζει
1605 5537 1688 5593 ἕπὶ
1745 5561 1888 5615 πρα-

252 5625 480 5707 γματείᾳ
511 5626 684 5700 τούτῳ
711 5625 1282 5703 καταϐληθησομένας·
1329 5627 1475 5707 εἶτα,
1509 5632 1587 5704 Τῇ
1630 5649 1887 5707 πραγμα-

1980 4639 2184 4712 buisti,
2221 4659 2290 4702 ea
2324 4651 2638 4721 perpetuo.

2060 4729 2324 4793 XXXIX.
2357 4731 2674 4811 Postquam
2707 4740 2904 4794 autem
2937 4751 3070 4794 eum
3103 4733 3618 4817 dimisitsomnus,

1979 4822 2106 4882 haec
2141 4829 2342 4882 mente
2373 4823 2623 4898 agitans,
2660 4821 3026 4886 Benedictus
3059 4823 3367 4896 Dominus,
3397 4828 3617 4895 aiebat:

1977 4910 2026 4973 si
2055 4911 2325 4973 Christus
2357 4910 2595 4972 videtur
2617 4929 2749 4973 esse
2770 4929 2926 4972 unus
2947 4931 3017 4973 ex
3047 4912 3474 4992 indigentibus,
3497 4937 3619 4981 non

1979 4999 2489 5074 desistam,donec
2513 4999 2642 5079 ipse
2665 5019 2907 5081 quoque
2931 5000 3040 5063 sim
3067 5021 3222 5064 unus
3242 5022 3310 5065 ex
3333 5002 3407 5065 iis
3438 5007 3621 5068 mini-

1981 5089 2115 5150 mis.
2151 5088 2361 5179 Statim
2391 5107 2532 5167 ergo
2563 5099 3198 5179 vocatoprocuratore
3245 5092 3483 5171 domus,
3516 5097 3621 5179 qui

1977 5179 2169 5240 fuerat
2194 5177 2266 5238 ab
2301 5178 2428 5256 ipso
2459 5187 2700 5258 emptus
2731 5200 2746 5239 :
2781 5177 2955 5257 Volo,
2985 5179 3200 5261 inquit,
3233 5179 3339 5242 tibi
3367 5177 3619 5249 credere

1979 5267 2276 5349 quoddam
2310 5285 2618 5344 arcanum,
2651 5269 2808 5349 quod
2840 5269 2890 5330 si
2924 5270 3352 5348 enuntiaveris,
3383 5283 3483 5335 aut
3506 5275 3619 5337 nisi

1975 5359 2253 5420 effectum
2283 5356 2641 5422 reddideris.
2677 5357 2834 5437 quod
2865 5359 3020 5429 volo.
3061 5361 3266 5440 procul
3305 5364 3554 5427 recedes
3585 5384 3619 5428 a

1979 5467 2109 5508 meo
2162 5455 2507 5523 conSpectu,
2545 5456 2601 5507 et
2653 5447 2930 5508 venderis
2960 5448 3017 5508 in
3065 5447 3315 5511 barbara
3343 5453 3614 5530 regione.

1972 5536 2110 5598 Hmc
2129 5554 2262 5597 cum
2292 5535 2565 5624 dixisset,
2587 5536 2795 5624 decem
2824 5535 3004 5596 libras
3025 5544 3150 5598 auri
3179 5539 3237 5624 ei
3256 5540 3458 5618 tradit,
3483 5563 3616 5624 qua;

1972 5634 2142 5689 erant
2171 5625 2224 5688 ei
2262 5623 2562 5689 solvendae
2582 5623 2659 5687 ob
2691 5625 3175 5706 negotiationem.
3206 5620 3434 5691 Deinde
3467 5620 3612 5699 z—Me
