4006 6138
434 224 541 295 931

1724 231 2009 296 MENSIS
2052 230 2512 297 JANUARIUS.

3695 236 3809 305 932

437 382 695 445 quoque,
748 359 964 446 inquit,
999 368 1242 430 assume
1289 365 1361 428 ad
1412 363 1567 429 hanc
1618 367 2079 445 negotiationem

2187 371 2300 441 τείᾳ,
2339 370 2491 448 φησὶ,
2526 369 2665 445 κάμὲ
2711 370 3142 450 συμπαραλαϐὼν
3175 371 3352 452 (τοῦτο
3400 372 3510 451 γὰρ
3541 373 3604 429 τδ
3647 373 3807 452 “di”

434 455 574 532 (hoc
616 464 705 516 est
736 456 895 516 enim
920 456 1230 535 arcanum)
1261 464 1320 517 et
1358 474 1494 517 cum
1530 473 1626 518 me
1656 455 1979 517 abduxeris
2010 455 2083 516 ad

440 553 641 625 partes
685 555 908 606 sanctae
937 544 1213 619 civitatis,
1240 543 1362 609 illic
1393 563 1489 606 me
1521 545 1711 607 vende
1742 544 2085 607 Christiano

442 635 617 696 alicui
648 642 924 716 tanquam
960 634 1348 714 mancipium.
1384 634 1553 708 Quod
1577 642 1779 695 autem
1814 634 1886 695 ad
1921 646 1981 697 te
2010 652 2084 696 ex

444 743 515 786 eo
541 724 762 785 redibit
793 723 1493 805 pretium,quantumque
1522 723 1909 795 fuerit,detur
1931 741 2083 803 pau-

447 813 713 890 peribus.
749 811 917 885 Cum,
953 821 1261 893 postquam
1296 813 1399 875 diu
1450 814 1785 885 institisset,
1821 813 1913 875 vix
1947 822 2084 874 tan-

445 903 579 963 dem
605 902 659 961 ei
693 901 1147 981 persuassisset,
1186 902 1350 962 venit
1380 921 1513 964 cum
1547 922 1619 964 eo
1649 902 2082 981 Hierosolyma.

446 991 571 1062 Quo
590 991 649 1051 in
670 991 965 1063 loco,cum
982 992 1040 1050 in
1059 991 1380 1067 quemdam
1402 993 1790 1071 amicum,qui
1813 1001 1937 1053 erat
1958 991 2088 1071 qui-

447 1080 581 1140 dem
607 1088 731 1139 arte
751 1080 1320 1155 aurifex,incidisset
1343 1093 1695 1160 procurator
1715 1082 1871 1161 (erat
1888 1092 2084 1142 autem

445 1171 500 1230 ei
526 1186 745 1230 nomen
772 1167 1097 1248 Zoilus,qui
1126 1178 1369 1250 propter
1392 1170 1650 1250 aliquem
1675 1178 1882 1231 casum
1906 1170 2085 1232 reda-

444 1269 575 1320 ctus
597 1268 725 1319 erat
754 1260 825 1318 ad
854 1259 1394 1339 inopiam),Servus
1414 1259 1902 1339 est,inquit,mihi
1922 1260 2090 1321 valde

445 1348 661 1410 bonus:
699 1365 876 1427 quem
901 1349 950 1408 si
987 1366 1081 1408 me
1113 1348 1363 1409 audiens
1395 1348 1796 1422 emeris,mihi
1826 1349 1940 1410 erit
1968 1350 2089 1410 im-

450 1438 1152 1517 pedimento,quominus
1173 1440 1243 1497 ad
1271 1438 1578 1517 pristinam
1610 1439 1822 1499 redeas
1844 1437 2094 1501 felicita-

2166 457 2378 536 ῥητον),
2426 463 2522 515 καὶ
2596 461 2726 537 πρὸς
2787 461 2853 516 τὰ
2908 465 3006 528 τῆς
3046 461 3197 539 ἁγίας
3241 462 3463 524 πόλεως
3527 462 3808 540 ἀπαγαγὼν

2169 548 2329 623 μέρη,
2363 549 2481 605 ἐκεῖ
2532 571 2598 623 με
2651 557 2946 626 Χριστιανῷ
3004 573 3110 607 τινι
3168 553 3410 629 καθάπερ
3473 550 3534 605 ἓν
3566 550 3672 606 τῶν
3722 554 3811 606 άν-

2167 636 2441 715 δραπόδων
2501 638 2763 705 milan
2826 642 2887 696 τὸ
2939 639 2993 695 δὲ
3056 640 3289 697 ἐντεῦθεν
3332 638 3809 716 περιελευσόμενόν

2168 749 2252 784 σοι
2288 730 2520 804 τίμημα,
2554 728 2677 785 ὅσον
2728 729 2791 784 ἂν
2849 731 2937 786 καὶ
2987 729 3105 809 εἴη,
3138 728 3342 799 δοθήτω
3390 730 3621 797 πένησι,
3684 732 3812 786 Μετὰ

2168 816 2377 883 πολλὴν
2435 826 2561 895 γοῦν
2593 820 2692 885 τὴν
2739 817 3003 893 ἔνστασιν,
3040 822 3356 876 καταπειοοἶ
3393 819 3565 887 μόλις
3623 821 3811 874 ἐκεῖνον

2169 904 2372 987 λαϐὼν,
2405 908 2585 986 φθάνει
2646 909 2737 963 σὺν
2769 908 2911 982 αὒτῷ
2946 910 3010 964 τὰ
3067 908 3442 986 Ἰεροσόλυμα·
3480 908 3608 965 ἔνθα
3661 929 3811 984 προσ.

2170 998 2322 1075 φιλεῖ
2380 996 2490 1052 τινί
2523 999 2550 1053 ὁ
2581 996 2857 1075 ἐπίτροπος
2908 998 3147 1077 ἐντυχὼν
3177 998 3546 1075 ἂργυροκόπῳ
3578 1000 3676 1071 μὲν
3728 999 3813 1061 τὴν

2171 1086 2393 1164 τέχνην,
2434 1086 2619 1143 Ζωίλω
2669 1085 2722 1141 δὲ
2775 1087 3033 1162 τοῦνομα,
3065 1086 3186 1143 τότε
3218 1086 3271 1141 δὲ
3323 1088 3471 1143 κατὰ
3526 1108 3649 1142 τινα
3681 1106 3812 1163 περι-

2173 1177 2383 1233 πέτειον
2443 1176 2557 1251 βίου
2586 1175 2799 1254 ἀπόρώς
2856 1178 2945 1232 καὶ
2977 1174 3164 1238 ἐνδεῶς
3212 1175 3430 1255 ἔχοντι,
3454 1174 3681 1255 -Δοῦλός
3724 1173 3817 1228 ἐστί

2173 1288 2290 1341 μοι,
2351 1249 2453 1345 ἔφη
2514 1249 2705 1345 αὐτῷί
2744 1267 2881 1321 πάνυ
2942 1263 3139 1344 σφόδρα
3195 1249 3387 1328 καλός.
3454 1249 3555 1322 ’,ον
3615 1266 3660 1319 εί
3705 1264 3817 1337 ἐμοῦ

2175 1355 2405 1415 ἀκούσας
2462 1353 2671 1430 ὠνήσῃ,
2707 1354 2853 1411 οὐδὲν
2885 1357 2945 1411 τὸ
3000 1353 3227 1425 κωλῦον,
3261 1352 3427 1432 ἔξεις,
3464 1353 3550 1428 μὴ
3582 1351 3631 1407 δι
3681 1353 3818 1408 αὖτοῦ

2177 1442 2336 1501 πάλιν
2386 1444 2459 1507 εἷς
2518 1444 2578 1498 τὸ
2638 1446 2694 1500 εὖ
2737 1445 2986 1519 πράττειν
3049 1443 3361 1499 ἐπανελθεῖν
3422 1444 3502 1505 ὡς
3578 1443 3641 1498 τὸ
3697 1463 3818 1517 προ-

452 1537 593 1587 tem.
651 1524 755 1586 Est
800 1526 960 1586 enim
1010 1544 1129 1585 non
1183 1530 1375 1586 solum
1429 1526 1601 1588 bonis
1651 1526 1937 1607 moribus,
1986 1529 2092 1590 sed

2187 1555 2350 1611 τερον.
2386 1530 2542 1588 ’Ἐστι
2573 1533 2672 1609 γὰρ
2705 1537 2765 1591 οὖ
2793 1530 2958 1597 δεξιὸς
2991 1535 3152 1605 μόνον
3191 1534 3280 1587 τὸν
3313 1533 3550 1609 τρόπον,
3588 1528 3723 1585 ἀλλὰ
3747 1530 3822 1585 καὶ

458 1617 635 1678 etiam
671 1617 729 1675 in
753 1613 1057 1675 fundendo
1081 1633 1223 1676 auro
1241 1634 1476 1677 summe
1495 1622 1872 1687 exercitatus,
1906 1617 2098 1678 fuerat

2187 1624 2275 1690 τὴν
2335 1624 2715 1701 χρυσοχοϊιιήν
2747 1621 2920 1700 ἄκρως
2977 1620 3363 1697 ἕξησκημένος.
3422 1620 3663 1701 Καὶ-γὰρ
3704 1619 3821 1686 ἧνδ

458 1708 615 1766 enim
636 1705 847 1766 Petrus
870 1702 1009 1764 huic
1031 1723 1269 1784 quoque
1292 1706 1404 1767 arti
1435 1723 1670 1767 summe
1693 1705 1953 1768 deditus.
1988 1706 2095 1768 Ille

2187 1694 2390 1789 Πέτρος
2438 1694 2684 1788 καί-πρὸς
2736 1694 2893 1769 tofi-ro
2954 1710 3099 1790 ἐχων
3130 1694 3479 1777 ἐπιτηδείως.
3538 1694 3604 1764 ﬁt)
3635 1707 3689 1762 δὲ
3739 1708 3823 1772 τὴν

452 1806 650 1856 autem
686 1794 883 1855 statim
916 1794 974 1853 in
1021 1782 1283 1855 medium
1310 1794 1621 1855 adducens
1654 1804 2091 1875 paupertatem,

2187 1782 2419 1857 σύνοικον
2482 1782 2625 1860 εὐθὺς
2666 1782 3099 1877 προϐαλλόμενος
3161 1800 3413 1877 ἀπορίαν,
3452 1798 3537 1871 μὴ
3596 1794 3818 1852 δύνασθαι

456 1902 593 1946 cum
617 1901 732 1964 qua
753 1883 1229 1959 conﬂictabatur,
1254 1883 1490 1945 dicebat
1516 1903 1581 1944 se
1608 1903 1727 1945 non
1754 1903 1928 1964 posse
1954 1902 2090 1945 eum

2187 1890 2272 1956 τὴν
2318 1888 2495 1966 ἀρχὴν
2548 1886 2695 1965 ἔλεγε
2743 1895 2930 1944 τοῦτον
2980 1889 3257 1948 ὠνεῖσθαι,
3311 1888 3471 1953 Πλὴν
3519 1884 3661 1941 ἀλλὰ
3714 1884 3816 1945 τοῖς

453 1990 681 2034 emere.
716 1970 833 2036 Sed
865 1982 1060 2033 tamen
1087 1971 1191 2034 ille
1222 1974 1419 2034 verbis
1444 1974 1618 2035 amici
1653 1992 1998 2052 persuasus,
2036 1982 2094 2034 et

453 2081 598 2125 auro
627 2070 875 2142 accepto
905 2062 1123 2143 fenori,
1156 2064 1303 2125 emit
1334 2062 1462 2125 zelo
1492 2062 1819 2124 ferventem
1853 2062 2091 2124 Petrum

449 2153 693 2232 triginta
723 2151 1011 2214 nummis.
1047 2149 1208 2223 Quos
1260 2170 1394 2214 cum
1428 2156 1759 2233 accepisset
1808 2170 2094 2233 procura-

452 2253 565 2316 tor,
604 2243 705 2304 ivit
734 2240 1335 2321 Constantinopolim.

532 2330 649 2392 XL.
678 2328 928 2393 Licebat
947 2347 1086 2407 ergo
1110 2329 1315 2391 videre
1339 2331 1605 2410 eum,qui
1629 2338 1876 2411 propter
1901 2328 2101 2392 Chris-

450 2435 575 2483 tum
609 2419 1002 2481 voluntariam
1022 2429 1367 2499 susceperat
1394 2419 2099 2498 servitutem,diligentis—

450 2513 605 2573 sime
627 2509 872 2571 domino
895 2527 1001 2569 suo
1028 2508 1452 2571 inservientem
1483 2509 1542 2570 in
1568 2509 2008 2589 omnibus,quaa
2023 2509 2095 2570 ad

455 2620 629 2663 usum
656 2599 867 2659 domus
889 2598 1292 2679 pertinebant,
1307 2599 1679 2679 jejuniisque
1710 2607 2016 2661 vacantem
2041 2608 2100 2660 et

457 2688 835 2769 vigiliiszquaa
855 2687 1253 2761 faciebant,ut
1278 2706 1375 2751 res
1393 2689 1622 2749 domini
1656 2690 2096 2749 incrementum

453 2779 818 2859 acciperent,
852 2787 920 2840 ut
964 2775 1473 2839 benedicerentur
1517 2778 1649 2857 ejus
1679 2777 1911 2851 ultima,
1943 2776 2101 2838 sicut

451 2868 603 2933 Jobo
632 2868 686 2943 6,
724 2867 907 2946 magis
949 2884 1125 2946 quam
1158 2869 1383 2945 priora.
1419 2866 1535 2938 Qui
1596 2866 1774 2928 etiam
1805 2884 2098 2928 summam

2176 1979 2269 2035 τοῦ
2338 1977 2490 2056 φίλου
2560 1976 2741 2054 λόγοις
2810 1980 3038 2042 πεισθεὶς
3084 1979 3167 2033 ναὶ
3226 1978 3455 2056 χρυσίον
3518 1972 3697 2031 λαϐὼν
3753 1974 3817 2035 εἰς

2178 2067 2420 2142 δάνειον,
2494 2067 2711 2122 ὠνεῖται
2782 2067 2872 2123 τὸν
2936 2068 3129 2141 θερμὸν
3203 2067 3406 2143 Πέτρον
3484 2063 3816 2139 νομισμάτων

2180 2160 2483 2237 τρίακοντα,
2544 2156 2576 2211 ἃ
2633 2156 2726 2213 καῖ
2788 2154 3115 2234 παραλαϐὼν
3170 2158 3198 2212 ὁ
3265 2155 3586 2233 ἐπίτροπος,
3634 2151 3812 2231 ἐχώρει

2178 2250 2309 2325 πρὸς
2340 2248 2438 2315 τὴν
2473 2243 3050 2305 Κωνσταντινούπολιν.

2263 2337 2358 2396 Μ’.
2409 2326 2504 2393 Ἠν
2555 2336 2643 2393 οὖν
2702 2334 2833 2391 ἰδεῖν
2876 2337 2967 2391 τὸν
3027 2332 3110 2390 διὰ
3154 2335 3376 2411 Χριστὸν
3445 2332 3689 2389 ἑκούσιον
3730 2331 3815 2395 τὴν

2179 2428 2417 2485 δουλείαν
2456 2425 2853 2505 προῃρημένον,
2888 2425 3281 2499 ἐπιμελέστατα
3326 2428 3406 2496 τῷ
3469 2420 3705 2487 δεσπότῆ
3748 2423 3813 2490 τῷ

2180 2519 2366 2577 ἑαυτοῦ
2408 2516 2497 2573 ἐπὶ
2523 2517 2717 2577 πάσαις
2756 2528 2879 2578 ταῖς
2910 2514 3032 2570 κατ’
3083 2514 3240 2570 οἶκον
3270 2512 3485 2592 χρείαις
3529 2507 3811 2587 ὑπηρετού-

2181 2627 2362 2683 μενον·
2434 2605 2702 2671 νηστείαις
2775 2625 2832 2660 τε
2906 2606 2967 2659 τὸ
3027 2604 3279 2681 παράπαν
3348 2603 3448 2657 καί
3521 2599 3809 2676 ἀγρυπνίαις

2180 2698 2587 2777 προσκείμενον·
2648 2696 2679 2749 ἃ
2709 2695 2959 2772 καὶπρὸς
3004 2692 3319 2765 πληθυσμὸν
3375 2691 3554 2748 ἐποίει
3585 2690 3673 2745 καὶ
3724 2684 3805 2741 αὗ-

2182 2786 2332 2853 ξησιν
2397 2787 2461 2841 τὰ
2519 2791 2610 2841 τοῦ
2674 2783 2933 2840 δεσπότου
2987 2780 3305 2857 ἐπιδιδόναι,
3372 2781 3449 2842 ὡς
3518 2777 3802 2854 εὐλογηθή-

2182 2899 2266 2933 ναι
2326 2876 2463 2931 κατὰ
2504 2876 2595 2929 τὸν
2654 2870 2776 2929 Ἰὼϐ
2823 2872 2890 2927 τὰ
2946 2870 3154 2949 ἔσχατα
3206 2868 3411 2943 μᾶλλον
3472 2869 3633 2925 αὐτού
3673 2865 3706 2932 ἢ
3753 2864 3807 2918 τὰ

455 2960 585 3039 ejus
612 2965 890 3018 virtutem
935 2972 1249 3045 venerans,
1274 2955 1581 3045 cogitabat
1605 2972 1761 3045 eum
1779 2955 2100 3020 manumit-

2187 2966 2503 3045 ἔμπροσθεν,
2564 2964 2621 3025 ὃς
2678 2963 2767 3017 καὶ
2824 2962 2922 3027 τὴν
2980 2960 3143 3038 ἄκραν
3201 2959 3395 3037 ἀρετὴν
3456 2961 3615 3017 αὐτοῦ
3668 2953 3810 3013 δυσωο

456 3048 846 3129 tere,etiamsi
872 3045 971 3108 ille
988 3044 1045 3106 id
1074 3043 1319 3105 minime
1335 3043 1882 3117 admiserit,volens
1903 3048 2099 3126 potius

2187 3043 2471 3131 πούμενος,
2511 3052 2728 3132 ἀφεῖναι
2770 3055 2867 3117 τῆς
2899 3049 3138 3114 δουλείας
3186 3047 3473 3127 διενοεῖτο,
3508 3047 3598 3103 καὶ
3626 3044 3812 3132 ἐκεῖνος

457 3140 518 3200 in
540 3138 826 3201 servitute
858 3142 1102 3217 propter
1132 3134 1430 3198 Christum
1467 3134 1722 3215 perpeti,
1755 3154 1931 3215 quam
1965 3155 2099 3199 cum

2192 3129 2382 3214 ἥκιστα
2439 3129 2757 3221 παρεδέξατο
2800 3140 2898 3206 τὴν
2948 3139 3003 3195 ἐν
3058 3138 3266 3207 δουλεία
3319 3135 3403 3195 διὰ
3444 3137 3670 3214 Χριστὸν
3712 3129 3810 3186 ἐλό-

457 3227 735 3290 libertate
757 3222 1220 3307 quiescere.Sed
1244 3222 1380 3303 quis
1408 3223 1612 3313 dicere
1633 3224 1877 3285 omnino
1904 3234 2101 3306 potue-

2187 3258 2346 3313 μενος
2405 3230 2787 3303 κακοπάθειαν,
2828 3229 2865 3297 ἢ
2907 3228 3005 3295 τὴν
3060 3225 3179 3303 μετ’
3237 3225 3535 3305 ἐλευθερίας
3589 3222 3807 3313 ἀνάπαυ-

454 3319 531 3379 rit
556 3334 824 3398 eas,qute
839 3316 894 3377 ei
918 3334 952 3376 a
974 3313 1233 3395 maligno
1258 3312 1690 3386 inferebantur,
1719 3313 2101 3379 aﬂlictiones?

2188 3311 2294 3387 σιν,
2346 3320 2517 3379 Ἀλλὰ
2545 3319 2623 3384 τίς
2652 3317 2711 3373 ἃν
2743 3316 2937 3383 ἐξείποι
2990 3317 3083 3379 τὰς
3112 3319 3175 3372 ἐκ
3204 3323 3297 3373 τοῦ
3338 3320 3572 3392 πονῆροῡ
3618 3311 3806 3369 πάντως

430 3470 431 3473 η
457 3406 816 3487 Quicunque
849 3404 1011 3467 enim
1053 3413 1227 3466 erant
1251 3423 1286 3466 a
1316 3403 1559 3477 familia,
1586 3411 1863 3484 tanquam
1891 3414 2101 3466 emotae

2187 3410 2521 3491 ἐπαγομένας
2566 3410 2709 3480 αὒτῷ
2748 3405 2998 3481 Glitium;
3034 3407 3094 3461 0i
3136 3404 3236 3482 γὰρ
3279 3425 3377 3473 της
3411 3404 3579 3460 οἷκίας
3635 3398 3807 3491 πάντες

460 3500 677 3561 mentis
708 3484 1052 3578 quempiam
1104 3505 1476 3578 reputantes,
1509 3495 1828 3577 aliquando
1858 3496 2099 3577 quidem

2187 3504 2255 3566 ὣς
2305 3484 2425 3557 τινα
2454 3497 2766 3576 παράκοπον
2794 3494 2922 3551 ὄντα
2963 3506 3086 3557 ταῖς
3121 3494 3270 3571 φρεσὶ
3322 3491 3662 3569 λογιζόμενοι
3691 3484 3804 3578 ποτὲ

458 3608 594 3652 eum
639 3574 991 3663 irrideba'nt,
1026 3574 1345 3669 aliquando
1376 3574 1573 3647 autem
1608 3574 1833 3666 Valapas
1864 3574 2101 3666 inﬂige-

2187 3596 2282 3670 μὲν
2344 3591 2694 3647 ἀπέσκωπτον
2727 3589 2800 3651 εἷς
2861 3586 3041 3658 αὐτὸν,
3083 3583 3214 3641 ποτὲ
3249 3582 3303 3638 δὲ
3339 3582 3434 3638 καί
3496 3582 3579 3638 ἐπὶ
3633 3574 3805 3653 κόῤῥης

456 3682 624 3756 bant,
651 3689 703 3741 et
736 3697 853 3740 non
887 3668 1334 3739 desistebantei
1363 3674 1643 3737 omnibus
1674 3676 1866 3738 modis
1888 3678 2101 3739 afferre

2188 3668 2487 3763 ἐρῤάπιζον,
2516 3680 2603 3735 καὶ
2634 3677 2807 3735 πάντα
2839 3677 3034 3750 τρόπον
3067 3674 3319 3735 ἀνιῶντες
3368 3673 3429 3729 οὒ
3459 3668 3802 3763 διελίμπανον.

459 3753 824 3831 molestiam.
856 3766 1333 3846 Quotiescunque
1358 3774 1553 3826 autem
1576 3766 1917 3845 contigisset
1943 3785 2101 3841 eum,

2192 3753 2412 3834 ’ὄσάκις
2474 3753 2563 3825 οὖν
2595 3765 2825 3843 συμϐαίη
2876 3772 3061 3823 τοῦτον
3090 3764 3191 3819 ὑπὸ
3242 3767 3347 3817 τῶν
3377 3757 3678 3836 ὁμοδούλων
3718 3753 3805 3846 ἐμ-

457 3858 872 3922 contumelisa
896 3856 1196 3919 conservis
1223 3841 1794 3929 aﬂ'ectum,dormire
1825 3875 1959 3918 cum
1984 3856 2101 3918 ani.

2190 3841 2669 3940 παροινούμενον(
2718 3857 2771 3911 ἐν
2857 3854 2998 3931 λύπῃ
3082 3851 3429 3926 κοιμηθῆναι,
3515 3841 3803 3940 τασαδξέκις

461 3950 543 4011 mi
564 3947 946 4027 aegritudine,
984 3945 1155 4006 toties
1186 3947 1237 4005 ei
1281 3943 1601 4005 assistebat
1629 3950 1687 4003 in
1721 3946 1973 4023 somnis,
2007 3944 2110 4027 qui

460 4039 524 4102 in
550 4039 751 4102 Africa
772 4038 844 4099 ab
869 4055 940 4099 eo
964 4037 1125 4098 visus
1148 4032 1690 4113 fuerat.ferensque
1710 4034 1838 4114 ejus
1863 4045 2108 4116 vestem,

464 4140 523 4191 et
543 4128 798 4210 pretium
825 4126 1067 4205 triginta
1094 4141 1307 4186 aureos
1339 4120 1568 4184 habens
1598 4125 1659 4183 in
1687 4123 1985 4187 manibus:
2020 4127 2109 4187 Ne

463 4220 547 4281 sis
599 4218 808 4293 tristis,
843 4215 1063 4291 aiebat,
1096 4214 1279 4275 frater
1324 4211 1523 4274 Petre.
1566 4210 1687 4292 Ego
1722 4212 1883 4274 enim
1933 4212 2112 4275 etiam

465 4321 633 4372 tuum
666 4308 873 4388 accepi
904 4304 1187 4387 pretium,
1222 4303 1380 4365 sicut
1413 4302 1581 4380 prius
1621 4316 1871 4365 veStem.

2194 3933 2335 4025 αὐτῷ
2364 3949 2489 4027 ὄναρ
2534 3947 2783 4026 ἐφίστατα
2830 3947 2859 4001 ὁ
2916 3944 2969 4001 ἐν
3006 3943 3236 4022 Ἀφρικῇ
3278 3939 3516 4020 δραθείς,
3563 3933 3722 4027 (popth
3756 3946 3804 3983 τε

2193 4047 2351 4103 αὖτοῦ
2419 4041 2481 4094 τὸ
2554 4037 2762 4110 ἱμάτιον
2832 4035 2920 4090 καὶ
2963 4033 3059 4101 τὴν
3130 4031 3294 4104 τιμὴν
3360 4030 3482 4093 τοὺς
3555 4022 3801 4110 τριάκοντα

2194 4138 2421 4213 χρυσοῦς
2462 4107 2597 4198 μετᾶ
2637 4137 2831 4213 χεῖρας
2893 4123 3061 4213 ἕχὼν,
3099 4121 3205 4213 Μὴ,
3239 4119 3451 4213 ἁθόμει,
3488 4138 3567 4213 τς,
3612 4107 3799 4213 ἀδελφὴ

2195 4196 2389 4299 λέγων,
2425 4196 2613 4291 Πέτρε.
2642 4196 2786 4271 τιδὼ
2830 4196 3083 4291 γάρ-ἐγὼ
3123 4211 3212 4266 καὶ
3270 4208 3371 4275 τὴν
3401 4196 3571 4283 τιμὴν
3623 4196 3797 4262 εἴληφα

2196 4311 2293 4378 τὴν
2338 4308 2463 4380 σὴν,
2496 4305 2676 4381 ὥσπερ
2714 4303 2968 4381 πρότερον
3000 4301 3061 4356 τὸ
3105 4299 3343 4374 ἱμάτιον,

544 4376 1056 4461 XLlJntercessit
1076 4376 1444 4474 aliquantum
1466 4399 1584 4453 tem
1594 4396 1849 4473 poris,et
1871 4392 2101 4473 quidam

2254 4376 2423 4455 VMA'.
2448 4376 2675 4472 ⁷Χρόνος
2719 4376 2895 4469 ἐτρίϐη
2942 4391 3002 4446 τὸ
3035 4386 3387 4463 μεταξὺ,’καί
3426 4403 3559 4448 τινες
3599 4376 3787 4478 ἀμάχω·

464 4490 566 4569 qui
596 4495 766 4549 erant
788 4486 1058 4565 ejusdem
1088 4484 1258 4563 cujus
1281 4481 1493 4544 Petrus
1518 4482 1940 4561 regionis,arte
1960 4483 2119 4544 auri-

466 4576 762 4651 ﬁces,voti
785 4592 963 4637 causa
979 4583 1040 4637 et
1064 4572 1431 4636 adorationis
1463 4582 1865 4651 pervenerunt
1892 4572 1963 4634 ad
1991 4572 2120 4633 loca

465 4666 828 4729 veneranda.
850 4664 1011 4736 Quos
1030 4663 1306 4725 dominus
1330 4662 1481 4741 ejus,
1510 4670 1571 4722 ut
1594 4662 1698 4741 qui
1729 4670 1931 4723 essent
1952 4661 2117 4741 ejus-

469 4758 608 4820 dem
628 4755 1041 4822 artis,domum
1064 4754 1274 4814 ductos
1290 4752 1523 4832 accepit
1542 4752 1707 4813 omni
1723 4750 2116 4830 benignitate.

462 4843 676 4908 Petrus
710 4853 910 4905 autem
946 4862 1078 4905 cum
1115 4845 1203 4903 eis
1235 4843 1624 4915 ministraret,
1660 4851 1720 4901 et
1750 4841 1910 4901 viros
1942 4858 2118 4919 agno-

462 4938 673 5011 visset,
706 4935 971 5015 seipsum
1025 4932 1261 4994 celabat
1295 4950 1399 5011 pro
1446 4929 1697 5009 viribus,
1732 4937 1791 4990 et
1840 4929 2121 4990 omnibus

466 5026 666 5088 modis
685 5024 1018 5086 conabatur
1042 5021 1348 5084 Iatcre.llli
1376 5040 1513 5083 vero
1540 5028 1814 5099 tanquam
1841 5036 1944 5100 per
1971 5020 2122 5099 ﬁgu-

464 5135 591 5178 ram
625 5114 895 5196 corporis
924 5131 1061 5174 eum
1091 5112 1465 5189 indagantes,
1492 5120 1887 5189 agnoverunt.
1911 5108 1979 5169 Et
2008 5110 2126 5191 pri-

468 5225 629 5268 mum
664 5206 908 5284 quidem
933 5203 1090 5264 inter
1119 5219 1184 5262 se
1207 5204 1649 5261 susurrabant:
1680 5198 2122 5260 dubitationem

463 5302 619 5359 enim
647 5300 731 5356 eis
752 5294 1020 5355 aﬁ'ei'ebat
1041 5294 1381 5352 similitudo.
1412 5293 1716 5365 Postquam
1746 5301 1936 5349 autem
1958 5292 2122 5351 illum

468 5385 666 5464 ipsum
703 5400 839 5445 esse
869 5390 1076 5463 aperte
1109 5390 1502 5459 agnoverunt,
1537 5376 1934 5440 communiter
1985 5396 2121 5440 cum

547 5559 582 5610 6
607 5556 748 5621 Job.
777 5573 900 5622 XLII
930 5561 1029 5623 12.

2202 4510 2282 4568 ροι
2338 4491 2414 4559 τῷ
2447 4462 2628 4561 Πέτρῳ
2670 4462 3154 4568 ἄγρυροκόποιτξλν
3198 4476 3427 4556 τέχνην,
3653 4462 3783 4568 xi?!”

2202 4556 2288 4633 καὶ
2329 4573 2742 4653 προσκυνήσεως
2825 4570 2946 4634 τοὺς
3018 4564 3339 4638 σεϐασμίους
3391 4556 3679 4662 κατέλαϐονῂ
3702 4565 3777 4662 τί-

2202 4630 2383 4729 ττουςοι
2412 4665 2498 4728 οὒς
2530 4664 2556 4717 ὁ
2587 4658 2846 4726 δεσπότης
2904 4681 2935 4714 α
2966 4661 3125 4716 αὐτοῦ
3166 4654 3259 4710 ἅτε
3291 4652 3602 4732 ὁμοτέχνους
3634 4630 3779 4732 οἵδ’-αὲ

2203 4754 2419 4833 ἀγαγὼν
2489 4751 2626 4807 κατὰ
2696 4755 2871 4805 πᾶσαν
2958 4744 3223 4837 ἐδεξιοῦτο
3291 4728 3782 4837 φιλοφροσὶνηζλζίῗ

2212 4812 2215 4813 ν
2325 4812 2334 4831 Ι
3307 4812 3317 4821 υ
3431 4812 3467 4821 σ-

2204 4812 2384 4918 μέντοι
2449 4840 2641 4917 Πέτρος
2696 4836 3097 4910 διακονούμενος
3160 4832 3261 4907 ὢν,
3318 4851 3408 4887 και
3476 4829 3585 4890 τοὺς
3635 4812 3782 4906 ἄνδρας

2203 4917 2585 5011 ἆναγνωρίσας,
2621 4926 2968 4999 συνέκρυπτεν
3013 4924 3201 4980 ἑαυτὸν
3255 4923 3428 4985 ὁπόση
3459 4917 3674 5011 δύναμις3
3711 4920 3783 4957 και

2207 4995 2380 5079 πάντα
2409 4995 2605 5098 τρόπον
2652 4995 2970 5095 ἐμηχανᾶτο
3029 5012 3233 5070 λαϐεῖν.
3287 5009 3514 5098 Ἐκεῖνοι
3545 5003 3602 5098 δὲ.
3643 4995 3783 5098 ὥςπερ

2206 5110 2291 5168 διὰ
2329 5083 2452 5167 τῶν.
2490 5106 2858 5187 χαρακτώρων
2916 5101 3323 5182 ῥινηλατοῦντες
3380 5097 3535 5154 αὐτὸν
3582 5083 3787 5187 άνετίνυν

2207 5223 2356 5275 σκον,
2407 5173 2530 5253 καὶῆ
2554 5173 2765 5275 πρῶτα·
2800 5173 2925 5269 μὲν·
2968 5192 3315 5280 διεψιθόριζον
3374 5189 3502 5280 πρὸς
3561 5173 3783 5280 ennio?

2203 5253 2556 5369 έέξέδιηάςετο
2595 5253 2717 5362 ’γάρ
2782 5253 2964 5347 iam.
3007 5253 3075 5338 τά
3283 5253 3595 5369 emisse
3630 5253 3787 5369 ξαίὲῖ

2205 5344 2399 5459 ζιριϐὦς
2442 5344 2599 5434 αὐτὸν
2630 5344 2838 5431 ἐκεῖνον
2882 5373 3025 5429 εἶναι
3056 5368 3371 5449 διέγνωσαν,
3404 5344 3545 5429 tinea;
3579 5355 3689 5437 πρὸς
3712 5344 3783 5401 τδν
