4006 6138
328 291 457 356 933

1341 288 1528 354 VITA
1575 292 1635 352 S.
1689 287 2013 353 JOANNIS
2055 285 2698 352 ELEEMOSYNARII.

3582 287 3699 357 934

331 425 644 495 κεκληκότα
697 425 1185 504 κοινολογούμενοι,
1223 425 1283 482 Τί
1311 423 1392 480 ὅτι
1453 447 1559 498 σοι,
1609 425 1790 494 εἶπον,
1848 425 1977 502 ἀνὴρ

2067 423 2266 485 atatim
2292 422 2688 502 alloquentes,
2724 423 2825 504 qui
2850 441 2955 485 eos
2977 423 3367 488 invitaverat:
3401 425 3554 499 Quid
3585 425 3699 489 sibi

327 523 575 580 τοιοῦτος
635 517 707 580 εἷς
769 513 1061 588 διακονίαν,
1125 515 1210 578 εἷς
1285 513 1383 590 μὲν
1444 519 1549 570 τῶν
1605 512 1976 589 συγκλητικῶν

333 607 426 662 καὶ
485 607 763 684 μεγάλων,
809 603 1018 668 οὐδενὸς
1077 602 1131 659 δὲ
1174 604 1274 670 τὴν
1332 601 1642 681 ἐπιφάνειαν
1695 600 1972 680 δεύτερος;

329 694 504 758 Οὗτος
536 695 637 773 γὰρ
677 695 705 750 ὁ
755 693 843 750 νῦν
896 695 1032 769 ἡμῖν
1066 693 1152 750 ἐπὶ
1181 691 1275 760 τῆς
1307 690 1572 768 τραπέζης
1603 693 1974 768 ὒπηρετούμε-

331 805 424 846 νος
470 784 665 861 Πέτρος
723 783 864 839 ἐστὶν
907 786 934 838 ὁ
977 780 1215 849 τελώνης
1250 798 1263 812 ⁸
1306 783 1423 857 περὶ
1463 780 1523 835 οὗ
1555 779 1652 855 μὲν
1684 779 1863 848 πολλὴ
1902 787 1978 855 τῷ

331 872 552 948 βασιλεῖ
582 871 749 952 λύπη,
784 872 962 939 πολλὴ
1027 870 1082 927 δὲ
1125 871 1212 928 καὶ
1253 877 1324 948 τῇ
1369 869 1657 948 συγκλήτῳ
1687 870 1857 946 πάσῃ,
1905 872 1977 935 ὡς

329 959 397 1019 ἂν
428 963 658 1043 ἀφανοῦς
688 965 848 1019 αὒτιιῦ
879 961 1193 1041 γενομένου,

417 1050 560 1114 ΜΒ¹,
608 1051 819 1110 Τούτων
878 1055 905 1108 ὃ
949 1051 1146 1128 Πέτρος
1189 1051 1294 1107 τῶν
1325 1049 1580 1128 ῥημάτων
1624 1047 1976 1123 διομιλουμὲ-

329 1162 442 1196 νων
499 1141 755 1215 ἀκούσας,
803 1140 988 1198 αὐτίκα
1033 1141 1201 1218 ῥίπτει
1233 1140 1332 1211 μὲν
1363 1142 1437 1204 είς
1467 1136 1724 1219 τοῦδαφος
1755 1141 1812 1194 ὃν
1847 1138 1975 1218 εἶχε

331 1231 534 1287 πίνακα
565 1232 702 1307 μετὰ
730 1245 950 1310 χεῖρας,
984 1231 1190 1288 κάτεισι
1223 1228 1278 1286 δὲ
1309 1229 1490 1308 δρόμῳ
1530 1231 1661 1307 πρὸς
1719 1231 1810 1284 τὸν
1867 1251 1974 1288 πυ-

331 1318 505 1392 λῶνα,
552 1321 598 1395 ᾧ
640 1321 818 1401 κωφός
862 1343 944 1386 τις
997 1319 1088 1376 καί
1116 1318 1315 1385 ἄλαλος
1346 1319 1618 1383 νεανίσκος
1665 1318 1722 1375 ἐκ
1753 1319 1974 1396 γενετῆς

329 1410 664 1487 ἓφειστήκει,
720 1411 938 1486 νεύματι
986 1408 1182 1466 κλείειν
1245 1431 1301 1466 τε
1337 1411 1423 1466 καὶ
1455 1408 1684 1486 ἂνοίγειν
1745 1407 1974 1484 δυνάμε-

333 1519 449 1561 νος.
485 1501 621 1577 Πρὸς
653 1500 711 1555 ὃν
740 1502 766 1556 ὁ
816 1500 1037 1578 Πέτρος,
1074 1501 1165 1556 Σοὶ
1209 1498 1372 1578 λέγω,
1407 1497 1532 1579 ἔφη,
1566 1499 1644 1572 τῷ
1682 1504 1848 1577 κωφῷ
1890 1498 1978 1554 καὶ

331 1587 545 1664 ἆλάλῳ,
580 1589 634 1646 ἐν
695 1590 918 1665 ὀνόματι
977 1595 1206 1666 Χριστοῦ
1234 1595 1325 1646 τοῦ
1357 1595 1490 1646 Θεοῦ
1521 1589 1703 1662 ἡμῶν,
1752 1586 1978 1644 ἄκουσόν

337 1682 446 1752 μου
485 1676 572 1735 λαὶ
628 1679 834 1746 ἄνοιξον
872 1701 886 1715 ·
943 1681 971 1736 ὃ
1019 1679 1097 1753 δὲ,
1131 1683 1226 1743 Ὠς
1257 1677 1489 1742 κελεύεις
1520 1699 1600 1757 τε,
1636 1677 1977 1756 ἀπεκρίνατο,

2064 512 2521 589 rult,dixerunt,
2556 513 2709 592 quod
2738 513 2826 574 vir
2845 513 2976 575 talis
3006 512 3112 575 tibi
3146 515 3578 596 ministrat,qui
3609 529 3704 580 est

2064 621 2215 662 unus
2245 603 2487 683 quidem
2521 601 2750 663 ordinis
2801 603 3110 679 senatorii,
3144 604 3472 685 splendore
3501 615 3700 670 autem

2061 689 2211 752 nulli
2243 698 2334 752 est
2361 690 2710 753 secundus?
2743 695 2800 753 Is
2829 692 3014 769 enim,
3051 693 3156 771 qui
3186 713 3347 757 nunc
3373 695 3551 758 nobis
3569 715 3701 759 ser-

2061 780 2139 840 vit
2171 780 2230 840 in
2267 798 2493 857 mensa,
2531 788 2620 842 est
2653 779 2866 844 Petrus
2917 782 3290 863 publicanus,
3325 786 3400 848 de
3431 805 3550 866 quo
3580 787 3701 848 im-

2060 877 2298 950 perator
2318 869 2559 951 quidem
2585 890 2859 952 magnum
2877 872 3095 954 accip§t
3112 873 3698 956 dolorem,magnum

2058 969 2258 1022 autem
2291 960 2548 1022 Senatus
2578 980 2843 1042 quoque,
2881 972 2943 1024 ut
2974 965 3074 1043 qui
3109 967 3453 1028 evanuerit.

2139 1047 2312 1112 XLII.
2349 1050 2467 1112 Eos
2502 1050 2629 1113 hac
2685 1051 2866 1114 verba
2923 1053 3194 1116 dicentes
3245 1073 3380 1116 cum
3411 1056 3704 1119 audiisset

2061 1140 2296 1228 Petrus,
2326 1140 2524 1201 statim
2562 1141 2728 1204 humi
2759 1142 3003 1222 quidem
3052 1143 3201 1222 jacit
3228 1144 3482 1222 discum,
3520 1166 3700 1228 quem

2060 1227 2318 1290 habebat
2353 1229 2413 1291 in
2448 1229 2767 1303 manibus;
2820 1250 3000 1294 cursu
3031 1242 3228 1295 autem
3279 1227 3598 1299 descendit
3625 1237 3701 1300 ad

2059 1319 2439 1395 vestibulum,
2466 1320 2526 1381 in
2558 1340 2678 1399 quo
2708 1321 2938 1383 astabat
2971 1322 3212 1404 quidem
3248 1324 3703 1401 adolescens,ab

2060 1415 2192 1468 ortu
2217 1409 2431 1470 surdus
2455 1419 2514 1470 et
2539 1419 2758 1484 mutus,
2787 1412 2886 1490 qui
2914 1420 3062 1474 nutu
3086 1414 3618 1494 poteratclaudere
3643 1423 3703 1478 et

2061 1496 2440 1575 aperire.Cui
2462 1502 2691 1561 Petrus:
2711 1498 2846 1561 Tibi
2869 1499 3370 1583 dico,inquit,qui
3395 1521 3459 1565 es
3481 1503 3703 1566 surdus

2063 1594 2122 1646 et
2154 1587 2711 1662 mutus,innomiue
2736 1590 2957 1653 Christi
2979 1590 3087 1653 Dei
3110 1592 3467 1665 nostri,audi
3493 1611 3610 1670 me,
3646 1603 3706 1655 et

2062 1675 2250 1754 aperi.
2287 1675 2391 1739 Ille
2422 1685 2646 1753 autem,
2681 1677 2850 1740 Sicut
2872 1678 3401 1760 jubes,respondit
3435 1700 3448 1740 :
3485 1693 3549 1743 et
3578 1692 3703 1745 sta-

334 1769 429 1824 καὶ
471 1770 618 1833 εὐθὺς
649 1767 847 1842 ἤνοιξε,
884 1772 970 1827 καὶ
1002 1771 1056 1835 ὃς
1107 1767 1291 1836 ἐξῆλθε
1321 1767 1598 1846 δρομαῖος,
1629 1771 1750 1824 εἶτα
1779 1770 1806 1823 ὁ
1837 1767 1975 1823 πυλ-

2067 1761 2166 1826 tim
2194 1766 2568 1847 aperuit.llle
2591 1785 2728 1829 vero
2761 1786 3035 1845 currens,
3072 1770 3343 1850 protinus
3372 1779 3464 1834 est
3493 1790 3704 1851 egres-

335 1858 476 1932 πυρὸς
535 1857 793 1935 ἀνελθὼν,
853 1861 952 1927 τὴν
996 1861 1069 1922 εἷς
1118 1859 1272 1918 αὐτὸν
1331 1858 1537 1937 χαίρων
1570 1856 1818 1936 ἐξηγεῖτο
1848 1860 1978 1915 θαυοι

337 1948 689 2026 ματουργίαν,
724 1946 878 2026 ἔλεγέ
916 1968 975 2005 τε
1024 1947 1198 2028 φλόγα
1229 1961 1393 2026 πυρὸς
1424 1953 1518 2003 τοῦ
1561 1947 1826 2022 στόματος
1885 1953 1980 2002 τοῦ

335 2035 578 2114 μεγάλου
665 2037 866 2118 Πέτρου
949 2044 1244 2116 προϊοῦσαν
1314 2037 1622 2116 θεάσασθαι,
1710 2039 1798 2093 καὶ
1871 2042 1978 2094 τῶν

334 2123 489 2182 ὤτων
519 2126 677 2185 αὑτοῦ
735 2125 970 2184 διαδῦναι
1007 2144 1019 2157 ·
1067 2125 1187 2194 ἥτις
1237 2128 1348 2198 καὶ,
1382 2128 1566 2206 φησὶν,
1603 2125 1727 2182 ὅλον
1760 2148 1825 2201 με
1883 2146 1978 2182 πε-

334 2211 679 2296 ριλάμψασα,
739 2216 958 2273 ἀκοῦσαι
1005 2238 1064 2273 τε
1095 2220 1433 2295 παραχρῆμα
1463 2217 1550 2272 καὶ
1580 2214 1809 2282 λαλῆσαι
1873 2235 1976 2271 πε-

334 2304 554 2371 ποίηκε.
587 2312 762 2363 Ταῦτα
805 2305 900 2362 τοῦ
924 2305 1057 2370 τέως
1087 2311 1266 2386 κωφοῦ
1301 2326 1357 2360 τε
1391 2308 1476 2360 καὶ
1521 2303 1720 2365 ἀλάλου
1750 2302 1977 2382 διηγου-

333 2397 523 2468 μένου,
583 2395 758 2469 θαῦμα
799 2417 858 2451 τε
904 2394 999 2451 καῗ
1058 2393 1315 2462 ἔκπληξις
1372 2395 1576 2459 πάντας
1636 2394 1828 2468 εἰσῄει,
1892 2395 1977 2450 καὶ

332 2488 676 2562 παραχρῆμα
734 2487 807 2547 ὡς
869 2485 999 2564 εἶχε
1050 2482 1228 2541 ποδῶν
1258 2483 1505 2562 ἕκαστος,
1545 2483 1756 2539 διώκειν
1785 2482 1976 2560 ὥρμη-

332 2593 460 2633 σαν.
516 2577 806 2653 Πανταχοΰ
861 2571 916 2629 δὲ
951 2573 1416 2652 διερευνησάμενοι
1454 2575 1547 2630 οὒκ
1600 2571 1766 2652 ἔσχον
1809 2594 1976 2628 κατα-

336 2656 530 2717 λαϐεῖν
570 2663 660 2718 τὸν
703 2663 1056 2739 ζητούμενον,
1106 2662 1189 2742 ἐφ’
1233 2663 1280 2737 ᾧ
1321 2664 1406 2718 κα)
1473 2661 1646 2732 πολλή
1677 2685 1758 2726 τις
1790 2663 1977 2724 αὐτοὺς

339 2747 554 2816 εἰσῆλθε
583 2753 858 2828 μετάνοια,
906 2755 1001 2810 γαί
1047 2753 1146 2822 τὴν
1188 2752 1446 2832 προτέραν
1497 2752 1634 2819 ἦσαν
1663 2749 1977 2830 ἀπροσεξίαν

342 2839 814 2917 μετακλαιόμενοι,
874 2841 994 2900 καθ’
1052 2843 1080 2898 ὃ
1126 2844 1218 2899 τὸν
1263 2851 1355 2901 τοῦ
1409 2849 1541 2898 Θεοῦ
1572 2841 1846 2919 ἄνθρωπον
1893 2841 1976 2898 διὰ

341 2929 602 2996 τοσαύτης
649 2931 781 3010 ἦγον
833 2937 932 3000 τῆς
978 2935 1280 3011 παροινίας,
1313 2932 1600 2995 τύπτοντές
1630 2951 1688 2988 τε
1719 2932 1807 2988 καὶ
1837 2953 1974 3010 προ-

336 3017 724 3092 πηλακίζοντες
797 3024 884 3080 καὶ
937 3022 1139 3100 ἡμέρας
1203 3023 1436 3089 ἑκάστης
1489 3023 1564 3084 εἰς
1621 3022 1779 3078 αὐτὸν
1833 3022 1974 3079 ἀπο-

331 3108 700 3176 σκώπτοντες,

2061 1855 2422 1918 sus.Deinde
2454 1857 2788 1920 ascendens
2805 1858 3038 1938 janitor
3058 1859 3523 1934 Imtus,narravit
3543 1863 3704 1939 quod

2063 1944 2124 2006 in
2144 1944 2341 2025 ipsum
2357 1946 2580 2009 fecerat
2601 1946 3410 2012 miraculum.Dicebatenim
3437 1968 3507 2013 ce
3527 1949 3707 2014 vidis-

2062 2051 2127 2095 se
2155 2035 2460 2097 ﬂammam
2488 2034 2645 2116 ignis
2669 2037 3096 2118 procedentem
3122 2057 3194 2100 ex
3219 2058 3323 2101 ore
3352 2040 3552 2121 magni
3583 2041 3702 2104 Pe-

2061 2123 2241 2194 tri,ad
2263 2143 2440 2188 aures
2463 2127 2594 2206 ejus
2619 2128 3164 2208 pervenisseQuae,
3196 2131 3408 2212 inquit,
3436 2150 3572 2193 cum
3610 2149 3706 2193 me

2063 2221 2247 2303 totum
2264 2217 2928 2299 circumfulsisset,repe
2938 2227 3038 2278 nte
3053 2217 3190 2280 fecit
3203 2220 3410 2282 audire
3435 2233 3495 2283 et
3515 2220 3703 2303 loqui.

2062 2299 2199 2365 Haec
2225 2322 2359 2365 cum
2387 2313 2659 2367 narraret
2677 2305 2857 2387 is,qui
2893 2307 3059 2388 prius
3092 2316 3219 2369 erat
3247 2309 3466 2372 surdus
3483 2318 3542 2372 et
3565 2299 3700 2374 mu-

2063 2392 2592 2482 tus,subiitomnes
2604 2403 2812 2476 stupor
2831 2396 3298 2464 etadmiratio,et
3311 2399 3506 2460 statim
3523 2419 3702 2482 quam

2064 2480 2318 2543 maxima
2348 2492 2669 2563 potuerunt
2697 2485 3026 2560 celeritate,
3062 2489 3328 2566 aggressi
3381 2497 3523 2550 sunt
3544 2480 3705 2555 'eum

2063 2573 2518 2652 persequi.Cum
2552 2574 2780 2656 ubique
2810 2583 3013 2637 autem
3043 2577 3290 2638 scrutati
3322 2589 3549 2656 essent,
3585 2601 3706 2644 non

2063 2669 2385 2748 potuerunt
2405 2679 2751 2744 eum,quem
2774 2665 3700 2748 quaerebant,comprehendere.

2062 2747 2465 2842 Quamobrem
2486 2770 2590 2813 eos
2615 2771 2826 2832 magna
2842 2747 3485 2833 subiitpmnitentiamt
3501 2759 3706 2842 deplo-

2063 2839 2272 2931 rabant
2294 2840 2454 2920 quod
2481 2859 2599 2903 non
2627 2842 2812 2922 magis
2835 2843 3100 2906 animum
3122 2847 3551 2919 attendissent,
3582 2839 3706 2931 quo

2062 2927 2282 2992 factum
2333 2938 2482 3004 erat,
2543 2931 2628 2992 uti
2682 2933 2787 2994 Dei
2846 2931 3155 2996 hominem
3191 2935 3369 2997 tantis
3397 2927 3709 3000 afﬁcerent

2063 3018 2472 3095 contumeliis,
2504 3021 2897 3085 verberantes
2959 3031 3018 3085 et
3065 3023 3445 3102 insultantes,
3477 3035 3537 3089 et
3569 3046 3704 3090 eum

1999 3105 2040 3156 ο
2064 3108 2333 3192 quotidie
2370 3109 2716 3174 irridentes.

1877 3273 2124 3339 CAPUT
2172 3272 2327 3338 VIII.

1598 3406 1836 3471 Auente
1867 3409 2118 3472 virtutis
2148 3409 2441 3471 imitatio.

423 3541 538 3601 Ml"
593 3551 820 3602 Τοιαῦτα
889 3547 990 3612 τῆς
1075 3547 1381 3619 συμπαθοῦς
1459 3544 1546 3600 καὶ
1607 3543 1977 3625 φιλανθρώπου

336 3638 527 3714 ψυχῆς
588 3631 834 3691 Ἰωάννου
877 3635 942 3690 τὰ
973 3634 1320 3714 φιλάνθρωπα
1363 3624 1703 3709 διηγήματα.
1741 3624 1834 3699 Ὠς
1877 3636 1978 3715 γὰρ

337 3724 430 3781 hri.
465 3722 750 3797 πλεῖστον,
783 3722 883 3780 ὅσα
913 3725 1046 3803 πρὸς
1078 3723 1410 3799 συμπάθειαν
1434 3723 1639 3798 ἠρέθιζε
1682 3723 1780 3780 καῖ
1825 3723 1979 3804 φιλο-

335 3815 617 3893 πτωχείαν
664 3811 836 3892 λέγειν
894 3835 952 3870 τε
1005 3813 1090 3871 καί
1148 3813 1358 3870 ἀκούειν
1427 3809 1684 3881 ἠϐούλετο
1718 3832 1734 3848 °
1793 3813 1979 3888 ἀμέλει

345 3904 433 3959 καὶ
460 3900 578 3958 ὅσαι
608 3901 740 3981 ὧραι
792 3909 898 3959 τῶν
938 3903 1023 3960 ἐπὶ
1070 3901 1407 3980 ἑλεημοσύνῃ
1465 3899 1810 3980 βεϐοημένων
1869 3910 1980 3961 Πα-

341 3993 512 4071 τέρων
568 3990 811 4072 ἁνίχνευε
863 3993 984 4056 τοὺς
1041 3992 1209 4071 βίους,
1241 3994 1330 4050 καὶ
1355 3992 1510 4071 ἔργον
1541 3999 1684 4067 αυτῴ
1713 4002 1868 4052 τοῦτο
1897 3991 1982 4049 διὰ

341 4083 459 4156 βίου
515 4081 578 4138 τὸ
648 4080 1086 4156 σπουδαιότατον,
1170 4082 1263 4139 ἅτε
1347 4083 1445 4150 τὴν
1518 4083 1682 4150 αὐτὴν
1755 4082 1980 4149 ἐκείνοις

347 4169 548 4228 ὁδεύειν
575 4170 1014 4249 προθυμουμένῳ,

427 4349 574 4414 MA’.
617 4350 675 4409 Ἐ
690 4351 894 4430 δτυχὼν
924 4350 1014 4408 οῦδ
1058 4371 1186 4408 ποτε
1236 4357 1313 4426 τῷ
1341 4358 1434 4408 τοῦ
1464 4352 1603 4408 θείου
1633 4349 1978 4428 Σαραπίωνος

344 4439 452 4512 Βίῳ
483 4442 578 4496 τοῦ
608 4439 879 4514 Σιδωνίου,
941 4440 1002 4498 οὗ
1048 4437 1248 4498 διέλιπε
1278 4442 1369 4497 τὸν
1399 4437 1558 4513 ἄνδρα
1589 4461 1647 4496 τε
1685 4435 1980 4505 ἐκπληττό-

343 4550 506 4605 μενος
556 4528 652 4586 καὶ
701 4530 766 4586 τὰ
825 4529 1026 4586 ἐκείνου
1070 4526 1509 4609 ἐκδιηγούμενος,
1555 4529 1701 4590 ὅπως
1763 4549 1820 4583 τε
1850 4527 1982 4583 ἀπο-

341 4626 518 4696 ροῦντι
568 4619 874 4698 περιτυχὼν
922 4617 1139 4694 πένητι,
1186 4620 1371 4676 καὶτὸ
1415 4619 1653 4687 συνήθως
1685 4615 1980 4694 λεγόμενον

340 4708 646 4788 ὤμοφόριον
691 4706 888 4774 ἀποδὺς
946 4707 1171 4766 δέδωκεν
1205 4725 1222 4744 ⁹
1285 4709 1409 4765 εἶτα
1439 4708 1771 4778 συναντήσας
1817 4706 1980 4784 ἑτέρῳ

339 4797 571 4876 ῥιγοῦντι
597 4799 658 4856 τὸ
703 4798 982 4879 στιχὰριον
1041 4800 1240 4865 ὁμοίως
1310 4798 1640 4877 παρέσχετο,
1677 4797 1763 4853 καὶ
1794 4795 1981 4852 λοιπὸν

340 4887 542 4954 κάθητο
572 4889 796 4968 γυμνὸς,
843 4887 930 4944 ἐπὶ
978 4893 1078 4955 τῆς
1137 4888 1381 4966 ἀγκάλης
1434 4889 1596 4964 μόνον
1625 4886 1875 4966 κατέχων
1921 4888 1981 4943 τὸ

342 4975 690 5058 Εὐαγγὲλιον.
751 4977 890 5035 Εἶτα
936 4977 1068 5057 πρός
1107 5000 1248 5045 τινος
1278 4978 1558 5058 ἐρωτηθεὶς
1588 4999 1667 5043 τις
1700 4979 1726 5034 ὁ
1757 4976 1979 5055 γυμνώ-

342 5088 439 5130 σας
471 5067 590 5135 εἴη.
624 5074 814 5144 Τοῦτο,
846 5066 976 5148 ἔφη,
1006 5066 1178 5135 δείξας
1207 5069 1268 5125 τὸ
1302 5067 1650 5147 Εὖαγγάλιον,
1682 5059 1775 5132 Ὧς
1804 5063 1860 5122 δὲ
1889 5068 1979 5122 καὶ

338 5154 600 5226 πωλήσας
654 5157 755 5224 τὴν
813 5156 944 5236 ὑπὲρ
1005 5159 1162 5214 αὐτοῦ
1218 5158 1381 5233 τιμὴν
1411 5170 1530 5223 τοῖς
1561 5157 1766 5223 πένησο
1796 5152 1978 5212 διενεί-

339 5266 504 5322 ματο,
564 5247 842 5322 πυθομένῳ
895 5247 974 5321 τῷ
1027 5251 1266 5324 μαθητῇ,
1317 5249 1424 5304 Ποῦ
1473 5246 1609 5326 ἐστι,
1676 5247 1870 5325 Πάτερ,
1917 5246 1976 5300 τὸ

343 5334 670 5414 Εὖαγγὲλιον
692 5338 754 5393 τὸ
784 5339 975 5415 μικρόν
1008 5356 1023 5416 ;
1058 5370 1137 5381 -
1169 5337 1474 5410 Πίστευσον,
1507 5335 1635 5416 ἔφη,
1664 5335 1975 5410 πειθόμενος

341 5429 421 5494 τῷ
462 5422 700 5504 λέγοντι,
761 5423 1022 5492 Πώλησόν
1065 5447 1159 5482 σου
1215 5427 1281 5483 τὰ
1346 5425 1683 5505 ὑπάρχοντα,
1747 5427 1833 5482 καὶ
1889 5421 1976 5488 δὸς

423 5600 478 5654 θ’
506 5601 717 5668 Matth.
747 5617 867 5680 xix,
897 5602 996 5665 31.

2140 3541 2338 3606 XLIII.
2372 3540 2546 3603 Tales
2605 3549 2774 3603 erant
2833 3539 3241 3606 misericordis
3302 3553 3360 3606 et
3389 3543 3711 3612 clementis

2059 3630 2305 3695 Joannis
2335 3630 2552 3693 animai
2581 3630 2854 3710 benigna
2883 3639 2939 3692 et
2991 3631 3270 3694 humanae
3301 3637 3703 3702 narrationes.

2069 3723 2330 3784 Maxima
2365 3721 2523 3783 enim
2557 3738 2626 3782 ex
2653 3729 2840 3802 parte,
2869 3738 3246 3802 quascunque
3268 3723 3600 3788 incitabant
3635 3731 3708 3790 ad

2067 3811 2650 3874 commiserationem
2678 3821 2738 3874 et
2761 3829 3026 3872 amorem
3049 3811 3110 3872 in
3133 3830 3531 3894 pauperes,ea
3554 3817 3713 3881 vole-

2067 3899 2166 3963 bat
2189 3901 2392 3963 dicere
2415 3908 2472 3962 et
2494 3899 2988 3962 audire.Assidue
3009 3899 3248 3981 quidem
3275 3911 3438 3965 certe
3462 3905 3710 3968 investi-

2065 3990 2238 4069 gabat
2259 3991 2435 4052 vitam
2469 4008 2675 4051 eorum
2710 3992 2979 4064 Patrum,
3012 3991 3111 4070 qui
3142 3990 3384 4056 fuerunt
3413 3995 3712 4059 celebrati

2066 4089 2310 4160 propter
2338 4079 2804 4160 eleemosynam,
2843 4088 2900 4140 et
2931 4078 2991 4140 in
3025 4079 3138 4141 hoc
3170 4098 3279 4161 per
3311 4090 3493 4146 totam
3530 4085 3702 4148 vitam

2002 4202 2040 4251 ο
2067 4187 2344 4249 magnum
2366 4167 2624 4250 ponebat
2647 4168 3123 4246 studium,utqui
3149 4170 3326 4233 vellet
3345 4172 3554 4236 eadem
3583 4175 3696 4253 via,

2065 4276 2180 4340 qua
2206 4259 2318 4338 illi,
2351 4258 2606 4338 ingredi.

2142 4345 2496 4411 XLIV.Cum
2522 4347 2721 4428 itaque
2742 4347 3060 4428 aliquando
3093 4347 3404 4412 incidisset
3425 4351 3484 4413 in
3508 4352 3700 4417 Vitam

2061 4442 2241 4500 divinI
2280 4441 2610 4514 Serapionis
2631 4441 2871 4506 Sidonii,
2899 4456 3015 4498 non
3047 4443 3306 4501 cessabat
3331 4445 3514 4504 virum
3537 4446 3704 4506 illum

2062 4525 2346 4589 admirari
2377 4539 2441 4588 et
2462 4544 2560 4588 res
2578 4526 2739 4587 illius
2760 4528 3543 4608 narrare,quemadmodum
3567 4550 3704 4596 cum

2063 4616 2382 4696 aliquando
2408 4617 2468 4676 in
2501 4621 2776 4696 egentem
2806 4615 3117 4680 incidisset
3141 4636 3562 4700 pauperem,se
3588 4622 3708 4704 pal-

2064 4706 2145 4766 lio
2178 4711 2340 4768 exuit
2369 4715 2428 4767 et
2477 4707 2530 4767 ei
2563 4705 2748 4767 dedit.
2784 4705 3014 4768 Deinde
3065 4725 3199 4769 cum
3255 4710 3486 4771 obviam
3518 4711 3706 4774 factus

2065 4803 2223 4858 esset
2245 4795 2418 4857 alteri
2444 4795 2686 4873 algenti,
2713 4795 2994 4858 similiter
3017 4796 3072 4858 ei
3101 4797 3359 4878 praebuit
3391 4799 3650 4864 tunicam
3683 4820 3702 4862 :

2066 4893 2124 4947 et
2144 4885 2218 4948 de
2242 4893 2457 4946 caetero
2476 4883 2633 4947 sedit
2656 4884 3042 4958 nudus,ulnis
3063 4886 3255 4947 solum
3281 4895 3490 4949 tenens
3512 4887 3704 4951 Evan-

2063 4973 2308 5055 gelium.
2348 4973 2574 5036 Deinde
2623 4975 2696 5036 ab
2729 4974 2928 5055 aliquo
2972 4976 3398 5057 interrogatus,
3430 4977 3704 5060 quisnam

2063 5084 2194 5126 eum
2217 5067 2661 5137 nudasset,Hoo,
2687 5069 3215 5140 inquit,ostendens
3237 5070 3704 5144 Evangelium".

2063 5149 2208 5212 Cum
2231 5167 2371 5212 vero
2397 5168 2468 5210 eo
2489 5167 2728 5230 quoque
2751 5150 2992 5212 vendito
3019 5169 3125 5232 pro
3149 5169 3220 5213 eo
3242 5162 3552 5233 acceptum
3578 5171 3712 5235 pre-

2063 5240 2210 5302 tium
2243 5238 2650 5300 distribuisset
2683 5240 3069 5320 pauperibus,
3105 5240 3340 5303 cuidam
3376 5241 3704 5322 discipulo,

2062 5328 2167 5406 qui
2191 5346 2328 5389 eum
2353 5325 2577 5405 rogavit
2603 5349 2618 5390 :
2644 5325 2757 5390 Ubi
2787 5338 2899 5405 est,
2923 5331 3124 5404 Pater,
3159 5346 3408 5410 parvum
3436 5331 3709 5410 Evange-

2060 5418 2206 5482 lium
2223 5422 2252 5480 ?
2273 5415 2467 5480 Crede
2492 5415 2665 5496 mihi,
2702 5417 2918 5500 inquit,
2953 5418 3290 5502 ﬁli,parens
3315 5419 3372 5483 ei
3404 5420 3506 5504 qui
3538 5418 3708 5502 dixit,
