4006 6138
410 283 526 351 935

1699 279 1981 345 MENSIS
2021 279 2475 346 JANUARIUS.

3673 281 3774 350 936

419 421 632 485 Vende
663 441 795 504 quae
821 415 1033 498 habes,
1061 429 1120 484 et
1147 421 1221 483 da
1255 415 1638 499 pauperibus,
1667 435 1743 478 ne
1773 418 1882 496 ipsi
1915 414 2040 496 qui«

2140 431 2387 498 πτωχοῖς
2420 415 2536 473 οὐδὲ
2571 420 2732 476 αὐτοῦ
2790 424 2880 474 τοῦ
2921 415 3145 493 βιϐλίου,
3200 417 3252 473 ἐν
3281 420 3327 493 ᾧ
3362 424 3531 474 τοῦτο
3564 418 3777 496 ἐγέγρα-

413 513 550 574 dem
583 512 756 587 libro,
792 512 853 573 in
901 531 1018 593 quo
1051 513 1163 572 hoc
1203 509 1492 588 scriptum
1513 515 1662 582 erat,
1696 505 1872 567 statui
1907 524 2047 586 par—

409 620 569 664 cere.

494 690 669 752 XLV.
708 690 973 752 Addatur
1000 689 1112 748 hoc
1143 703 1380 767 quoque
1434 685 1510 746 iis
1531 703 1664 766 qnaa
1693 684 1850 746 dicta
1881 692 2042 760 sunt,

412 780 669 842 aﬂ‘erens
717 776 1089 840 auditoribus
1146 795 1266 836 non
1304 775 1665 837 mediocrem
1701 774 2044 836 utilitatem.

411 869 662 942 Quidam
699 867 1026 929 monachus
1057 865 1161 926 illo
1214 874 1484 945 tempore
1534 863 1788 945 puellam
1823 865 2051 924 ducens

410 957 765 1036 speciosam,
801 954 1325 1017 obibatcivitatem
1356 977 1368 1012 :
1406 974 1540 1015 cum
1575 962 1772 1015 autem
1807 952 2045 1032 quidam

407 1063 479 1106 ex
510 1045 773 1106 Ecclesia
809 1064 942 1107 eum
976 1045 1266 1105 vidissent
1298 1043 1370 1104 ad
1401 1044 1724 1105 multorum
1759 1043 2045 1103 oil‘ensio-

408 1153 543 1195 nem
577 1153 708 1195 eam
743 1135 1680 1212 circumagentem,introducunt
1712 1133 1783 1192 ad
1813 1132 2048 1192 beatum

406 1225 722 1285 Joannem.
760 1224 865 1286 llle
918 1234 1114 1285 autem
1145 1222 1344 1284 verbis
1372 1223 1610 1283 illorum
1647 1223 1951 1293 inductus,
1986 1231 2050 1284 ut

407 1313 510 1390 qui
542 1313 952 1376 existimasset
981 1331 1083 1374 eos
1113 1314 1238 1374 zelo
1264 1312 1468 1374 divino
1501 1312 1666 1374 illum
1701 1311 2048 1372 admonuis-

405 1420 496 1477 se,
529 1409 726 1482 ipsum
790 1411 848 1464 et
907 1403 1165 1483 puellam
1218 1402 1390 1481 jubet
1448 1401 1840 1462 vehementer
1875 1399 2044 1474 caedi,

411 1493 631 1554 deinde
658 1511 762 1554 eos
792 1493 854 1554 in
886 1495 1136 1554 diversis
1167 1491 1460 1552 custodiis
1493 1491 1742 1552 includi.
1771 1489 1914 1551 Cum
1947 1507 2044 1550 au-

410 1589 533 1642 tem
567 1581 790 1643 factum
833 1590 989 1644 esset
1041 1582 1198 1661 quod
1229 1583 1518 1661 jusserat,
1548 1594 1607 1642 et
1638 1599 1742 1641 eos
1772 1579 2043 1659 accepis-

411 1680 544 1732 sent
573 1671 956 1748 custodiaa,et
985 1690 1099 1732 nox
1126 1671 1250 1750 jam
1282 1672 1680 1744 adventasset,
1718 1671 2048 1731 monachus

2136 530 2263 582 πτο,
2295 509 2569 588 φείσασθαι
2603 505 2679 562 διε
2690 509 2988 583 νοησᾶμην,

2213 687 2354 746 ME'.
2417 688 2752 764 Προσκείσθω
2811 687 2899 743 καὶ
2943 685 3098 743 τοῦτο
3152 700 3270 750 τοῖς
3326 684 3677 764 εἰρημένοις,
3731 689 3782 743 οὗ

2135 777 2351 852 μετρίαν
2408 777 2564 855 φέρον
2615 790 2731 839 τοῖς
2785 776 3075 852 ἂκροαταῖς
3109 777 3208 844 τὴν
3239 776 3522 856 ὠφέλειαν
3557 793 3574 808 ·
3614 782 3780 832 Μονα-

2133 866 2235 945 χός
2265 887 2346 932 τις
2389 866 2508 924 κατ’
2543 866 2721 924 ἐκεῖνο
2763 874 2950 945 καιροῦ
3001 867 3166 944 κόρην
3223 865 3404 931 εὔειδῆ
3454 866 3780 943 ἐπαγόμενος

2131 955 2340 1034 περιῂει
2399 956 2498 1022 τὴν
2561 955 2717 1011 πόλιν
2755 974 2766 990 ·
2824 957 2913 1011 καί
2967 977 3106 1018 τινες
3151 961 3258 1012 τῶν
3310 961 3421 1022 τῆς
3462 953 3781 1019 Ἐιτκλησὶας

2128 1045 2448 1119 θεασάμενοι
2509 1045 2696 1102 τοῦτον
2740 1047 2814 1109 ὡς
2873 1045 2959 1100 ἐπὶ
2991 1043 3272 1117 σκανδέλῳ
3306 1043 3474 1113 δῆθεν
3513 1051 3625 1099 τῶν
3656 1043 3784 1100 πολ·
3823 1053 3826 1056 ’

2133 1135 2242 1190 λῶν
2304 1135 2470 1203 αὐτὴν
2516 1137 2886 1214 περιάγοντα,
2944 1137 3280 1212 εἰσηγοῦνται
3339 1143 3425 1208 τῷ
3493 1135 3782 1210 μακαρίῳ”

2131 1227 2220 1281 καὶ
2272 1225 2327 1290 ὃς
2371 1238 2488 1288 τοῖς
2535 1225 2748 1282 ἐκείνων
2794 1227 3052 1305 ὑπαχθεὶς
3087 1224 3293 1302 λόγοις,
3330 1224 3430 1280 ἅτε
3460 1223 3609 1279 κατὰ
3638 1222 3785 1293 ζῆλον

2130 1317 2276 1370 θεῖον
2337 1316 2530 1381 οἳηθεὶς
2589 1316 2776 1378 αὖτοὺς
2860 1316 2957 1382 τὴν
3047 1314 3344 1388 ὃπόμνησιν
3431 1316 3780 1384 πεποιῆσθαι,

2132 1405 2289 1460 αὖτύν
2343 1427 2401 1460 τε
2460 1407 2548 1461 καὶ
2607 1406 2704 1472 τὴν
2748 1406 2916 1482 κόρην
2964 1403 3167 1459 κελεύει
3222 1408 3491 1481 τυτθῆναι
3525 1399 3781 1480 σφοδρῶς,

2131 1492 2235 1550 εἷθ’
2299 1494 2463 1556 οὕτως
2527 1495 2582 1550 ἐν
2640 1493 2903 1574 φυλακαῖς
2955 1492 3306 1570 διαιρεθέντας
3374 1491 3783 1556 κατακλεισθῆ-

2129 1606 2236 1644 ναι,
2275 1575 2365 1646 Ὡς
2413 1581 2466 1639 δὲ
2535 1583 2720 1662 γέγονε
2752 1585 2813 1639 τὸ
2844 1581 3147 1656 κελευσθὲν,
3181 1585 3267 1638 καὶ
3300 1584 3351 1640 αἱ
3384 1581 3634 1661 φυλακαὶ
3669 1581 3782 1636 τού-

2128 1695 2248 1738 τους
2279 1671 2599 1749 ἐλάμϐανον,
2659 1673 2744 1738 νύξ
2785 1695 2841 1728 τε
2875 1670 2977 1740 ἤδη
3039 1675 3239 1747 παρῆν,
3296 1673 3429 1751 ὄναρ
3477 1678 3561 1744 τῷ
3595 1692 3779 1748 πατρι-

412 1761 468 1822 ei
498 1768 744 1840 apparet
775 1762 836 1822 in
866 1760 1118 1834 somnis,
1151 1760 1478 1821 ostendens
1517 1769 1745 1837 tergum
1780 1767 2040 1818 notatum

2130 1765 2276 1842 ἄρχῃ
2323 1765 2348 1818 ὁ
2412 1768 2650 1843 μοναχὸς
2704 1765 2978 1843 ἐφίσταται
3038 1765 3129 1818 τὸν
3186 1768 3353 1818 νῶτον
3419 1760 3782 1817 ὑποδεικνύων

411 1849 709 1911 vibicibus
738 1860 797 1911 et
837 1850 1237 1930 stigmatibus,
1275 1850 1330 1910 ei
1364 1849 1572 1911 dicens
1603 1848 1958 1927 simpliciter
1988 1855 2047 1908 et

414 1939 648 2019 placide
683 1961 694 1997 :
729 1939 882 2012 Quid
942 1957 1083 2002 vero
1115 1939 1242 2000 haec
1296 1939 1400 1999 tibi
1450 1939 1713 2019 placent,
1747 1935 2047 1998 Domine?

407 2028 628 2104 Crede,
664 2048 824 2091 nunc
852 2029 1095 2109 quidem
1129 2036 1291 2089 certe
1317 2027 1507 2089 semel
1539 2029 1828 2106 deceptus
1869 2043 1954 2099 es,
1985 2033 2049 2085 ut

405 2117 612 2180 homo.

484 2205 682 2268 XLVI.
716 2209 764 2268 A
795 2225 1006 2269 somno
1027 2214 1223 2268 autem
1249 2206 1563 2279 excitatus,
1597 2202 1856 2266 accersit
1884 2202 2045 2264 illico

403 2296 1062 2370 monachum,educens
1084 2315 1222 2358 eum
1248 2317 1280 2358 e
1301 2296 1725 2376 custodia,prte
1750 2295 1934 2374 plagis
1955 2294 2044 2354 vix

402 2386 698 2447 valentem
723 2387 1227 2464 ingredi.Deinde
1251 2405 1384 2448 cum
1410 2386 1470 2447 in
1491 2386 1624 2464 ejus
1646 2385 1870 2445 vultum
1892 2402 2042 2445 con-

390 2477 642 2556 jecisset
673 2477 1308 2555 oculos,agnoviteum
1343 2478 1610 2556 esse,qui
1643 2476 1840 2537 fuerat
1868 2473 1941 2534 ab
1969 2491 2042 2534 eo

395 2564 858 2646 visus.Cumque
891 2566 1071 2628 vellet
1097 2567 1358 2639 scire,an
1382 2575 1501 2626 tam
1535 2565 1748 2625 multas
1766 2562 2042 2642 accepis-

397 2666 487 2716 set
509 2655 914 2735 plagas,quam
943 2657 1156 2717 multas
1177 2657 1404 2717 habens
1424 2655 1485 2715 in
1509 2653 1736 2715 somnis
1757 2669 2042 2732 apparue-

393 2754 512 2819 rat,
537 2745 714 2824 jubet
762 2763 896 2806 eum
921 2746 1107 2807 linteo
1131 2753 1468 2806 succintum
1495 2745 1734 2823 aperire
1765 2744 2039 2802 dorsum.

398 2834 542 2897 Cum
570 2835 770 2896 divina
793 2845 998 2896 autem
1027 2835 1405 2915 providentia
1426 2835 1633 2895 fuisset
1656 2833 1905 2894 linteum
1939 2849 2040 2892 so-

397 2924 843 3005 lutum,apertaa
857 2927 1096 2986 fuerunt
1121 2934 1321 3005 partes
1343 2923 2043 3001 occultae,etconspectus

398 3025 490 3075 est
515 3015 844 3077 monachus
859 3018 1295 3095 prapemodum
1318 3023 1594 3076 exsectus
1616 3022 1676 3074 et
1693 3029 1940 3073 mancus
1965 3011 2042 3071 vi-

399 3102 634 3180 rilibus,
671 3104 899 3164 etiamsi
949 3113 1191 3184 propter
1231 3103 1440 3164 ﬂorem
1465 3102 1652 3164 aetatis
1683 3119 1804 3162 non
1836 3099 2042 3162 fuisset

397 3193 562 3273 prius
587 3195 873 3255 immunis
897 3212 931 3254 a
979 3194 1345 3274 suspicione.
1383 3193 1590 3255 Statim
1643 3210 1786 3269 ergo
1809 3209 1912 3252 eos
1942 3190 2043 3271 qui

393 3282 531 3344 illos
562 3283 923 3360 detulerant,
961 3302 994 3344 a
1044 3282 1168 3344 suis
1191 3283 1481 3362 gradibus
1507 3283 1883 3356 deturbatos,
1919 3290 2041 3342 tres

395 3390 585 3434 annos
615 3384 775 3434 arcet
803 3392 836 3434 a
869 3373 1432 3434 communione.Pio
1466 3391 1606 3434 vero
1633 3372 1921 3434 monacho
1948 3389 2037 3447 se,

394 3472 457 3523 ut
487 3482 592 3543 par
613 3473 761 3539 erat,
796 3464 1118 3539 excusavit,
1154 3475 1215 3524 et
1236 3462 1463 3543 rogavit
1492 3471 1556 3523 ut
1588 3463 1641 3523 ei
1673 3462 2041 3523 condonaret

394 3561 702 3630 peccatum
765 3555 1097 3614 admissum
1163 3570 1269 3633 per
1317 3551 1740 3631 ignorantiam.
1775 3550 1892 3613 Sed
1926 3550 2039 3610 hoc

392 3641 586 3702 solum
621 3641 780 3700 dixit
809 3659 875 3701 se
926 3660 1042 3701 non
1075 3643 1344 3716 laudare,
1383 3641 1545 3722 quod
1574 3640 1740 3700 nullo
1769 3637 2039 3699 adhibito

392 3730 647 3790 custode
677 3730 872 3790 obiret
903 3731 1200 3805 civitates,
1229 3749 1362 3792 cum
1400 3739 1558 3792 esset
1591 3729 1944 3801 monachus,
1982 3739 2041 3789 et

389 3818 696 3880 videretur
725 3819 876 3880 adeo
901 3821 1168 3897 juvenis,
1207 3829 1266 3880 et
1327 3821 1592 3880 traheret
1621 3837 1823 3880 secum
1859 3818 2039 3879 femi-

394 3925 553 3983 nam,
591 3917 650 3970 et
679 3917 839 3970 esset
871 3910 1076 3971 multis
1106 3927 1283 3970 causa
1315 3908 1686 3971 offensionis.

377 4053 379 4056 .
477 3997 827 4059 XLVIlJlle
848 4017 988 4059 vero
1011 4017 1144 4059 cum
1172 4017 1388 4078 ea,qua
1405 3997 2038 4076 parerat,reverentia,

395 4097 454 4150 et
474 4088 770 4150 modestia
795 4106 808 4146 :
834 4088 1194 4150 Benedictus
1217 4087 2032 4166 Dominus,inquit,domine,

392 4197 514 4239 non
549 4179 830 4240 mentior.
862 4177 992 4238 Non
1029 4178 1231 4238 multis
1262 4186 1399 4237 ante
1427 4177 1642 4237 diebus
1673 4194 1806 4236 cum
1839 4194 2031 4237 essem

391 4265 650 4341 Gazm,et
669 4269 836 4328 illinc
857 4268 1204 4328 festinarem
1229 4267 1301 4328 ad
1316 4267 1687 4327 adorandum
1703 4265 2034 4346 SS.Gyrum

390 4363 451 4418 et
475 4356 790 4432 Joannem,
830 4358 956 4418 hac
988 4357 1190 4436 puella
1217 4357 1363 4416 mihi
1394 4374 1648 4436 vespere
1681 4360 1743 4418 ﬁt
1772 4357 2032 4430 obviam,

2127 1852 2563 1930 κατεστιγμένον,
2626 1851 2798 1930 λέγων
2858 1874 2914 1907 τε
2991 1853 3113 1929 πρὸς
3174 1852 3330 1907 αὐτὸν
3389 1849 3594 1912 ἅπλῶς
3655 1848 3782 1904 οὕτω

2127 1945 2216 1998 καὶ
2273 1941 2483 2022 ἀφελῶς
2518 1958 2532 1972 ⁶
2581 1943 2640 2000 Τί
2669 1940 2723 1998 δὲ
2760 1941 2966 2018 ἀρέσκει
3013 1963 3094 1998 σοι
3126 1949 3313 2020 ταῦτα,
3349 1938 3602 1996 δέσποτα
3638 1958 3654 2012 ;
3688 1940 3780 1993 Ili-

2130 2053 2371 2110 στευσον,
2399 2032 2599 2098 ταύτην
2631 2038 2757 2109 γοῦν
2789 2032 2884 2098 τὴν
2916 2031 3042 2106 μίαν
3073 2031 3353 2098 ἠπάτησαι
3385 2030 3483 2085 καὶ
3521 2028 3681 2092 αὐτὸς
3712 2029 3778 2089 ὡς

2131 2120 2403 2200 ἄνθρωπος
2413 2168 2425 2181 .

2212 2210 2374 2284 Μς’,
2422 2209 2649 2273 Ἀνεθεὶς
2695 2209 2750 2266 δὲ
2780 2218 2872 2268 τοῦ
2898 2209 3061 2267 ὕπνου
3117 2209 3550 2285 μεταστέλλεται
3606 2229 3780 2280 παρα-

2128 2305 2320 2380 χρῆμα
2363 2301 2452 2356 τὸν
2501 2303 2768 2380 μοναχὸν,
2807 2298 3006 2378 ἐξάγων
3053 2300 3159 2356 ἀπὸ
3188 2305 3288 2367 τῆς
3320 2299 3581 2378 φυλακῆς
3631 2295 3781 2372 μόλις

2127 2389 2349 2466 βαδίζειν
2411 2389 2700 2466 δυνάμενον
2755 2392 2856 2447 ὑπὸ
2887 2396 2993 2446 τῶν
3025 2388 3250 2467 πληγῶν
3287 2409 3301 2424 ’
3339 2391 3474 2448 εἶτα
3509 2384 3777 2444 ἐπιϐαλὼν

2127 2479 2286 2536 αὐτοῦ
2315 2485 2383 2556 τῇ
2426 2481 2546 2556 ὄψει
2592 2481 2712 2544 τοὺς
2774 2478 3101 2558 ὀφθαλμοὺς,
3151 2478 3358 2557 ἐπέγνω
3409 2485 3609 2534 τοῦτον
3643 2477 3776 2531 εἶναι

2126 2571 2216 2624 τὸν
2273 2569 2522 2626 θεαθέντα
2559 2588 2573 2601 ·
2610 2571 2937 2646 βουλόμενός
2973 2590 3031 2624 τε
3064 2572 3282 2644 μαθεῖν,
3315 2570 3358 2624 εἰ
3389 2568 3486 2624 καὶ
3515 2567 3772 2628 τοσαύτας

2127 2658 2275 2738 φέροι
2321 2658 2560 2736 πληγὰς,
2628 2659 2754 2722 ὅσας
2807 2657 2860 2714 δὲ
2905 2660 2992 2715 καὶ
3048 2659 3184 2714 κατὰ
3213 2659 3333 2720 τοὺς
3369 2658 3578 2721 ὕπνους
3639 2655 3772 2734 ἔχων

2127 2748 2318 2827 ἐφάνη,
2355 2747 2556 2805 κελεύει
2589 2748 2776 2825 λεντίῳ
2837 2747 3230 2824 διαζωσάμενον
3275 2749 3365 2804 τὸν
3416 2753 3595 2804 νῶτον
3639 2748 3769 2801 ὑπο-

2125 2846 2423 2915 γυμνῶσαι.
2487 2841 2755 2915 Κρείττονι
2823 2838 2877 2894 δὲ
2953 2841 3099 2918 τάχα
3146 2839 3365 2917 προνοίᾳ
3428 2847 3529 2896 τοῦ
3575 2835 3773 2892 λεντίου

2125 2925 2454 2994 διαλυθέντος
2513 2929 2840 3010 ἐξεκαλύφθη
2891 2931 2957 2988 τὰ
3022 2928 3363 3007 κεκρυμμένα
3430 2926 3626 3005 μόρια,
3693 2927 3768 2978 καὶ

2124 3018 2296 3092 ὡρᾶτο
2359 3020 2384 3074 δ
2437 3021 2682 3099 μοναχὸς
2718 3019 2994 3083 ἀπόκοπος
3028 3018 3207 3096 ὀλίγον
3252 3019 3338 3074 καὶ
3368 3018 3473 3074 τὸν
3520 3014 3655 3073 αἷδὼ
3684 3032 3768 3069 πε·

2125 3107 2472 3186 πηρωμένος,
2537 3111 2579 3164 εί
2630 3111 2717 3165 καὶ
2751 3107 2839 3165 διὰ
2869 3111 2966 3176 τὴν
2998 3109 3093 3176 τῆς
3128 3107 3341 3176 ἡλικίας
3393 3107 3586 3182 ἀκμὴν
3642 3101 3765 3178 πρό-

2124 3218 2273 3276 τερον
2327 3201 2421 3255 οῦκ
2478 3197 2775 3255 ἀπολέλυτο
2850 3199 3120 3264 ὑπονοίας.
3197 3197 3400 3260 Εὐθέως
3486 3199 3580 3253 οὖν
3655 3193 3766 3251 τοὺς

2124 3288 2475 3351 κατειπόντας
2534 3293 2692 3347 αὐτοῦ
2735 3295 2841 3344 τῶν
2885 3290 3092 3344 οἰκείων
3155 3287 3353 3353 ἐξώσας
3383 3286 3635 3362 βαθμῶν,
3684 3280 3759 3336 ἐπὶ

2123 3379 2260 3455 τρισὶ
2290 3379 2512 3457 χρόνοις
2546 3379 2783 3457 ἀπείργει
2837 3384 2937 3446 τῆς
2983 3377 3308 3444 Ἐκκλησίας
3345 3392 3358 3406 ⁸
3395 3383 3474 3450 τῷ
3506 3373 3560 3429 δὲ
3591 3376 3760 3448 θεοφι-

2123 3466 2202 3523 λει
2237 3473 2464 3547 μοναχῷ
2496 3468 2824 3546 ἀπολογεῖτό
2870 3489 2927 3525 τε
2983 3469 3050 3524 τὰ
3098 3468 3441 3546 προσήκοντα
3503 3465 3592 3520 καὶ
3637 3482 3757 3536 συγ·

2123 3557 2322 3634 γνῶναι
2350 3557 2492 3630 αὒτῷ
2521 3557 2658 3624 ἠξίου
2717 3565 2808 3614 τοῦ
2851 3559 2986 3614 κατὰ
3047 3557 3264 3634 ἄγνοιαν
3296 3555 3708 3634 ἁμαρτήσαντος
3741 3563 3753 3576 ’

2123 3645 2270 3712 Πλὴν
2302 3655 2456 3703 τοῦτο
2487 3647 2651 3723 μόνον
2683 3649 2776 3704 οῦκ
2808 3646 2949 3727 ἔχω,
2983 3646 3190 3726 ἔλεγεν,
3235 3645 3480 3703 ἐπαινεῖν
3523 3645 3586 3699 τὸ
3627 3640 3754 3717 ἀφυ-

2123 3733 2332 3800 λάκτως
2389 3739 2445 3791 ἐν
2491 3750 2616 3801 ταῖς
2683 3737 2903 3794 πόλεσιν
2955 3739 3108 3794 αὺτὸν
3167 3737 3466 3815 περιάγειν,
3519 3729 3752 3807 μοναχὸν

2125 3824 2252 3881 ὄντα
2281 3827 2370 3882 καὶ
2421 3827 2535 3882 νέον
2594 3825 2762 3891 οὕτως
2815 3826 3112 3907 ὁρώμενον,
3144 3826 3373 3905 γυναῖκά
3403 3845 3463 3880 τε
3513 3820 3750 3894 ἐπισύρε-

2123 3919 2264 3990 σθαι,
2302 3916 2389 3972 καὶ
2419 3914 2646 3978 πολλοῖς
2680 3917 2926 3996 ἀφορμὴν
2959 3916 3109 3972 εἶναι
3145 3912 3462 3976 σκανδάλου,

2207 4007 2343 4065 ΜΖ¹.
2398 4003 2469 4062 "0
2515 4003 2569 4062 δί
2603 3993 2741 4080 μετᾶ
2789 3993 2893 4073 τῆς
2955 4006 3336 4082 προσηκούσης
3382 4000 3555 4066 αἰδοῦς
3586 4018 3639 4055 τε
3670 3993 3747 4051 καὶ

2124 4093 2499 4170 μετριότητος,
2566 4097 2868 4173 Εὐλογητὸς
2915 4096 3124 4172 Κύριος,
3184 4092 3438 4171 δέσποτα,
3498 4083 3745 4164 εἶπεν,οὖ

2121 4181 2380 4258 ψεύδομαι
2416 4202 2430 4218 ⁸
2501 4185 2560 4240 οῦ
2613 4183 2849 4246 πολλαῖς
2910 4185 3166 4263 πρότερον
3225 4182 3450 4260 ἡμέραις
3500 4178 3628 4236 κατᾶ
3657 4173 3740 4238 τὴν

2121 4269 2288 4341 Γάζαν
2336 4293 2426 4346 μοι
2475 4271 2771 4350 γενομένῳ,
2829 4272 3075 4328 κάκεῖθεν
3129 4272 3202 4334 εἷς
3240 4269 3598 4342 προσκύνησιν
3647 4265 3736 4316 τῶν

2119 4363 2283 4440 ἁγίων
2344 4364 2531 4440 Κύριον)
2563 4366 2649 4420 καὶ
2693 4362 2944 4421 Ἰωάννου
3001 4364 3359 4441 ἐπειγομένῳ,
3407 4360 3629 4426 συναντᾷ
3657 4369 3732 4426 μοι

391 4454 457 4506 et
485 4446 558 4506 ad
596 4464 762 4506 meos
797 4447 981 4526 pedes
1013 4445 1294 4526 procidit,
1328 4463 1542 4524 regans
1570 4455 1633 4507 ut
1664 4466 1895 4507 mecum
1926 4446 2040 4506 iter

2130 4454 2254 4528 πρὸς
2293 4453 2517 4532 ἑσπέραν
2559 4456 2594 4521 ἡ
2644 4452 2780 4531 κόρη
2823 4453 2984 4533 αῦτη,
3036 4455 3267 4517 καὶτοῖς
3297 4453 3420 4508 ποσὶ
3457 4463 3571 4512 τοῖς
3599 4445 3728 4533 ἐμοῖς

388 4535 914 4613 ingrederetur,eo
942 4536 1102 4615 quod
1137 4535 1319 4596 vellet
1350 4553 1482 4596 esse
1514 4537 1874 4613 Christiana,
1908 4544 2038 4597 erat

2130 4531 2438 4620 προσπίπτει
2501 4542 2808 4600 συνοδεόσαί
2869 4531 2980 4618 μοιῖ
3034 4542 3262 4617 δεομένη
3332 4547 3410 4614 τῷ
3489 4531 3718 4620 βούλεσθξί

388 4629 553 4688 enim
588 4623 990 4704 HebraeaEgo
1013 4633 1217 4685 autem
1237 4624 1343 4686 Dei
1360 4624 1586 4686 veritus
1604 4625 2036 4706 judicium,qui

391 4714 642 4784 dixil,ne
658 4734 727 4775 ex
749 4715 983 4796 pusillis
997 4715 1259 4794 aliquem
1277 4714 2059 4794 despiceremus,obediens.

390 4805 606 4868 admisi
632 4823 760 4867 eam
787 4806 894 4866 viae
912 4806 1218 4880 comitem,
1257 4811 1510 4866 maxime
1533 4805 2036 4885 conlidens,quod

389 4912 524 4955 cum
560 4904 761 4958 essent
783 4896 927 4956 mihi
959 4895 1232 4956 membra
1255 4896 1334 4956 ita
1354 4895 1584 4971 affecta,
1606 4913 1723 4955 non
1756 4907 1918 4957 esset
1948 4895 2034 4956 fa-

389 4983 506 5045 cile
537 4985 785 5046 inimico
813 4985 1130 5047 struerein
1161 5003 1257 5046 me
1283 4982 1862 5046 tentationem.Cum
1894 4983 2035 5046 illuc

387 5083 589 5134 autem
641 5075 966 5155 venissem,
1025 5085 1082 5135 et
1132 5083 1266 5135 vota
1297 5072 1721 5150 reddidissem,
1757 5074 1872 5136 feci
1901 5093 2031 5136 eam

388 5165 760 5226 catechismo
786 5166 998 5226 instrui
1031 5174 1089 5225 et
1122 5163 1435 5244 baptizari,
1476 5172 1534 5223 et
1562 5165 1636 5224 de
1665 5175 1880 5226 caatero
1897 5182 2029 5226 eam

387 5259 762 5318 circumduce
784 5262 839 5316 in
864 5259 1224 5330 simplicitate
1253 5261 1528 5322 cordis,et
1555 5259 1885 5315 mendicans
1908 5274 2033 5315 eam

387 5343 765 5420 alo,studens
785 5353 831 5405 si
855 5346 1078 5424 possim
1113 5363 1245 5404 eam
1272 5343 1571 5404 collocare
1595 5344 1654 5402 in
1677 5345 1874 5423 aliquo
1898 5365 2031 5406 mo-

389 5435 651 5494 nasterio
685 5437 1002 5512 virginum.
1023 5433 1161 5494 Haec
1194 5453 1328 5493 cum
1363 5433 1629 5492 audisset
1659 5433 1759 5493 ille
1791 5436 2029 5513 Beatus,

387 5521 588 5596 Papae,
622 5523 837 5601 inquit,
875 5542 1053 5598 quam
1092 5524 1258 5582 multi
1291 5531 1429 5583 sunt
1463 5521 1681 5581 occulti
1712 5525 1864 5582 servi
1897 5525 2027 5598 Dei,

389 5608 624 5667 etiamsi
655 5611 770 5668 sint
799 5609 973 5670 nobis
1005 5611 1190 5686 ignoti
1217 5619 1228 5670 !
1258 5617 1402 5672 tium
1428 5617 1631 5670 autem
1664 5612 2027 5675 monachum

2120 4616 2359 4709 γενέσθαι
2415 4635 2740 4712 Χριστιανήν
2773 4653 2788 4669 ο
2828 4616 3046 4712 ’ἑϐραία
3089 4616 3188 4711 γαρ
3245 4631 3335 4698 ἧν,
3398 4616 3604 4707 ’Ἔγωγε
3649 4616 3717 4670 0'5"

2117 4723 2180 4778 τό
2220 4721 2324 4778 ἀπὸ
2372 4729 2502 4779 Θεοῦ
2545 4721 2715 4789 δείσας
2777 4724 3080 4800 κατάκριμα
3154 4722 3433 4800 εἰρηκότος
3493 4719 3564 4795 μή
3609 4722 3724 4766 τινοτ·

2120 4826 2476 4890 καταφρονεῖν
2547 4813 2654 4870 τῶν
2719 4819 2952 4893 μικρῶν,
3025 4813 3330 4876 ὑπακούσας
3393 4802 3725 4893 παρεδεξάμην

2117 4901 2216 4968 τὴν
2266 4886 2527 4980 συνοδίαν,
2563 4886 2740 4967 ἄλλως
2772 4886 2834 4959 τέ
2860 4886 2956 4960 καὶ
2989 4902 3251 4982 θαῤῥήσας
3285 4900 3365 4957 ὅτι
3433 4886 3522 4975 μοι
3579 4886 3727 4968 μελῶν

2120 4992 2289 5056 οὕτως
2350 4991 2556 5072 ἔχοντι,
2619 4993 2716 5049 οὒκ
2777 4993 2839 5050 ἂν
2885 4992 2979 5060 εἴη
3022 4998 3099 5065 τῷ
3144 4991 3326 5071 ἐχθρῷ
3357 4987 3531 5066 ῥᾴδιον
3561 4995 3723 5052 πειρα-

2120 5085 2258 5158 σμόν
2328 5104 2417 5159 μοι
2506 5083 2875 5145 ἐπισκευάσαι.
2943 5082 3158 5140 Ἐκεῖσε
3220 5081 3400 5157 μέντοι
3477 5072 3727 5164 γενόμενοί

2122 5174 2207 5228 καὶ
2274 5174 2356 5237 τὰς
2413 5174 2579 5254 εὖχὰς
2629 5172 2910 5253 εἰιποδοὺς,¹
2942 5172 3322 5251 κατηχηθῆναί
3378 5189 3436 5225 τε
3476 5163 3726 5254 αὐτὴν-ξεί

2135 5243 2803 5339 βαπτισθῆναῗπεποὲηκα
2838 5243 2882 5302 ο-
2921 5264 3008 5320 καὶ
3196 5262 3302 5318 ἀπὸ
3349 5255 3497 5316 τοῦδε
3551 5243 3726 5339 καρδίας

2119 5336 2387 5419 ἇπλότητι
2446 5360 2689 5433 περιάγω
2733 5356 2820 5410 καὶ
2883 5357 3186 5432 προσαιτῶν
3245 5349 3441 5430 τρέφω,
3501 5336 3723 5401 σπεύδων,

2119 5444 2162 5497 εἶ
2207 5442 2427 5506 δυνατὸς
2485 5443 2777 5526 γενοίμην,
2835 5445 2925 5500 καὶ
2979 5443 3271 5520 παρθενῶνι
3333 5437 3495 5503 αὐτὴν
3527 5435 3726 5526 ἐγκατέ-

2119 5529 2304 5595 τάξαι,
2371 5536 2544 5589 Ταῦτα
2604 5535 2904 5591 ἀκούσαντα
2947 5535 3037 5589 τὸν
3083 5531 3367 5608 μακάριον,
3419 5523 3590 5598 Βαϐαὶ,
3639 5523 3726 5608 ξτά·

2123 5645 2233 5697 σοι»
2299 5628 2484 5706 φάναι,
2544 5626 2751 5704 κρύφιοι
2803 5630 2892 5680 τοῦ
2925 5629 3058 5682 Θεοῦ
3087 5618 3288 5694 δοῦλοι,
3319 5617 3576 5692 κᾶν-ἡμῖν
3611 5603 3726 5664 οὗτοι
