4006 6138
191 224 344 294 937'
1217 237 1405 305 VITA
1446 241 1509 306 S.
1554 237 1874 308 JOANNIS
1911 235 2567 308 ELEEMOSYNARII.
3487 228 3608 304 938

207 365 572 446 τυγχάνωσιν
601 365 887 456 ἄγνωστοι.
934 371 1036 428 Τὸν
1081 371 1264 446 μέντοι
1303 378 1547 456 μοναχὸν
1589 378 1859 453 νομίσμσο
1882 382 1913 431 Α

2006 383 2196 437 »ηετοι
2250 382 2504 437 centum
2558 371 2847 449 nummis,
2905 371 3013 434 ille
3062 389 3188 435 non
3213 370 3468 451 accepit,
3503 369 3601 433 di-

216 477 317 511 σιν
374 456 563 512 ἑκατὸν
623 455 977 534 δωρουμένου,
1038 460 1245 526 ἐκεῖνος
1287 465 1345 520 ού
1403 455 1746 545 παρεδέξατο.
1811 457 1868 524 (Ο

2006 481 2134 526 ens:
2170 463 2495 525 Monachus
2526 463 2578 525 si
2613 462 2798 525 habet
2836 461 3045 538 fidem,
3082 480 3205 523 non
3241 460 3469 539 indiget
3498 478 3604 541 po-

217 545 500 624 μονᾶχὸς,
549 548 745 618 εἰπὼν,
781 548 825 603 εἶ
854 546 975 629 ἔχοι
1020 551 1214 631 πίστιν,
1251 555 1310 609 οὔ
1343 553 1512 612 δεῖται
1543 557 1868 634 χρημάτών·

2006 551 2186 614 iniis:
2223 554 2315 615 sin
2347 562 2546 616 autem
2603 552 2848 615 omnino
2909 560 3092 629 amat,
3129 559 3221 614 est
3252 550 3502 613 omnino
3533 549 3606 611 fl—

219 634 271 689 εἶ
338 631 391 689 δὲ
450 635 752 713 χρημάτων
798 635 938 702 ὅλως
996 638 1111 718 ἐρᾷ,
1181 643 1410 709 πίστεως
1455 631 1668 709 πάντως
1732 644 1872 701 ἐστὶν

2006 661 2030 704 e
2063 641 2354 707 defectus.
2386 641 2527 706 Hac
2575 661 2715 705 cum
2766 640 3017 705 dixisset
3047 648 3107 704 et
3133 640 3468 715 adorasset,
3500 655 3611 701 re-

219 722 460 801 ἕρημος.
523 732 697 783 Ταῦτα
754 726 917 783 εἰπὼν
974 731 1061 787 καὶ
1092 733 1451 810 προσκύνησιν
1482 734 1871 810 ποιησάμενος,
1960 735 2164 796 cessit.

222 812 411 869 ἀπιὼν
440 813 640 892 ᾣχετο,
3546 866 3553 871 .

317 901 467 961 ΜΗ¹.
516 901 704 968 ’Ὅπως
755 903 809 962 δὲ
857 905 1302 973 ἀξιοσπούδαστον
1332 912 1401 981 ἧν
1442 915 1476 981 ἡ
1521 921 1614 970 τοῦ
1655 913 1878 970 θανάτου

2039 908 2297 975 XLVIII.
2330 909 2517 983 Quam
2545 929 2827 991 magnum
2854 917 3050 972 autem
3075 906 3337 972 studium
3359 916 3614 991 poneret

223 993 433 1069 μνήμη
485 994 563 1068 τῷ
617 996 882 1075 μακαρίῳ,
934 999 1021 1053 καὶ
1077 1001 1151 1062 ὡς
1209 1000 1361 1079 ἔχειν
1407 1002 1572 1082 αύτὴν
1603 1001 1875 1067 ἀνεξάλει-

2006 1009 2265 1073 eatus,nt
2299 1000 2509 1063 mortis
2530 1000 2995 1074 meminisset,et
3013 998 3171 1080 quod
3190 997 3432 1079 plurimi
3457 1000 3615 1064 face-

231 1104 376 1138 πτον
430 1085 547 1160 περὶ
605 1086 804 1150 παντὸς
849 1084 1110 1162 ἐποιεῖτο,
1145 1090 1360 1168 εἴρηται
1406 1091 1503 1165 μὲν
1554 1092 1643 1149 καὶ
1689 1094 1882 1169 πρότε-

2006 1099 2061 1153 ει
2090 1090 2333 1153 efﬁcere
2363 1108 2439 1153 ne
2470 1090 2600 1170 ejus
2629 1087 2970 1151 recordatio
3017 1087 3350 1165 deleretur,
3383 1088 3610 1152 dictum

226 1193 357 1251 ρον,
421 1174 686 1249 εἶρῆσεται
757 1171 810 1229 δὲ
867 1177 958 1232 καὶ
1029 1185 1141 1240 νῦν.
1188 1181 1567 1261 Θιινατηφόρου
1607 1186 1708 1260 γάρ
1752 1202 1884 1237 ποτε

2010 1178 2210 1241 uidem
2264 1187 2353 1240 est
2413 1177 2600 1259 prius,
2654 1177 2893 1240 dicetur
2919 1185 3123 1239 autem
3156 1196 3314 1239 nunc
3341 1195 3608 1260 quoque.

226 1262 401 1319 νόσου
446 1261 544 1328 τὴν
604 1261 758 1319 πόλιν
787 1263 1217 1341 καταλαϐούσης,
1253 1266 1405 1348 ἔργον
1442 1269 1508 1337 ἦν
1538 1271 1719 1344 ἐκείνῳ
1749 1270 1884 1325 πάν-

2006 1267 2115 1330 lam
2149 1287 2283 1329 cum
2304 1265 2546 1330 lethalis
2572 1265 2817 1329 morbus
2836 1265 3158 1348 aliquando
3184 1265 3503 1329 invasisset
3530 1267 3615 1329 ci-

226 1375 355 1409 των
402 1351 847 1429 ἐπιμελέστατον,
893 1355 957 1410 τὰ
1004 1358 1148 1432 θαμὰ
1177 1362 1443 1432 παριέναι,
1479 1362 1608 1436 πρός
1665 1381 1721 1415 τε
1780 1364 1884 1415 τῶν

228 1442 544 1498 νοσούντων
606 1441 884 1518 ἐπίσκεψιν
933 1444 1019 1500 καὶ
1063 1446 1161 1513 τὴν
1203 1453 1309 1502 τῶν
1359 1450 1728 1506 τελευτώντων
1787 1471 1886 1504 τα-

228 1532 354 1609 φήν
383 1549 399 1565 ⁶
466 1529 723 1596 πολλάκις
754 1529 807 1586 δὲ
839 1534 926 1589 καὶ
957 1533 1353 1613 ψυχοῤῥα-ίοῦσι
1383 1538 1745 1617 παρεκάθητο,
1791 1536 1887 1594 καί

228 1621 372 1682 τοὺς
430 1621 733 1698 ὀφθαλμοὺς
793 1620 965 1677 αὐτῶν
1018 1623 1232 1688 οἰκείαις
1266 1628 1450 1704 χερσὶν
1476 1625 1835 1684 ἑπεκάλυπτεν
1873 1645 1885 1657 ·

1968 1357 2232 1429 vitatem,
2270 1356 2545 1420 maximae
2566 1356 2652 1419 illi
2677 1365 2804 1419 erat
2826 1374 2987 1418 cura;
3007 1354 3301 1418 accedere
3317 1356 3392 1418 ad
3418 1374 3612 1437 aegro-

1972 1456 2165 1510 torum
2195 1446 2620 1522 visitationem,
2650 1455 2710 1508 et
2735 1464 2946 1508 eorum
2980 1444 3085 1526 qui
3111 1443 3488 1507 decedebant
3513 1463 3614 1508 se-

1974 1537 2290 1616 pulturam.
2347 1537 2518 1616 Saepe
2576 1544 2775 1597 autem
2835 1534 3014 1596 etiam
3072 1531 3378 1596 assidebat
3406 1532 3485 1596 iis
3514 1532 3619 1614 qui

1972 1625 2333 1688 emittebant
2359 1625 2714 1698 animam,et
2744 1642 2951 1686 eorum
2985 1623 3194 1686 oculos
3224 1622 3350 1685 suis
3382 1623 3618 1703 tegebat

229 1708 509 1787 ἐπέτρεπε
567 1707 622 1764 δὲ
680 1712 766 1766 καὶ
821 1710 915 1771 τὰς
959 1712 1090 1789 ὑπὲρ
1132 1720 1238 1769 τῶν
1294 1716 1702 1791 κεκοιμημένων
1760 1737 1890 1772 συν-

2006 1714 2281 1776 nanibus.
2317 1712 2577 1776 Iubebat
2620 1730 2873 1793 synaxes
2917 1730 3157 1795 quoque
3187 1710 3480 1775 celebrari
3509 1730 3616 1794 pro

230 1799 393 1864 ἄξεις
429 1798 719 1871 ἐπιτελεῖν,
752 1801 1156 1879 ἷσχυριζόμενός
1189 1824 1246 1858 τε
1298 1807 1385 1860 καὶ
1440 1802 1778 1879 διαϐεϐαιῶν,
1824 1808 1891 1862 τὰ

2006 1810 2047 1865 is
2077 1804 2178 1885 qui
2202 1801 2874 1875 dormierant,asserens
2904 1810 2963 1864 et
2985 1800 3288 1863 affirmans
3319 1800 3619 1865 defunctis

232 1888 466 1966 μεγάλα
500 1900 612 1953 τοῖς
643 1889 1059 1969 κατοιχομένοις
1095 1889 1395 1949 λυσιτελεῖν
1423 1894 1516 1959 τὰς
1546 1897 1675 1973 ὑπὲρ
1722 1895 1892 1953 αὐτῶν

2006 1896 2228 1957 nultum
2262 1893 2548 1972 prodesse
2579 1911 2711 1974 qua).
2741 1911 2850 1974 pro
2881 1892 2971 1954 eis
2998 1890 3147 1953 fiunt
3174 1907 3618 1954 commemora-

235 1980 475 2055 μνήμας
507 1981 594 2034 καί
625 1976 976 2057 λειτουργίας.

2006 1984 2175 2047 iones
2207 1991 2268 2044 et
2293 2001 2464 2045 sacra
2495 1982 2852 2046 ministeria.

337 2058 477 2129 MG'.
531 2068 613 2130 Εἷς
660 2067 839 2124 πίστιν
874 2066 929 2124 δὲ
972 2069 1079 2125 τῶν
1110 2069 1414 2147 λεγομενων
1458 2074 1547 2129 καί
1574 2096 1631 2131 τι
1658 2082 1895 2131 τοιοῦτον

238 2157 315 2217 οὗ
358 2158 462 2230 πρὸ
505 2155 708 2213 πολλοῦ
763 2158 1049 2236 γενόμενον
1092 2158 1364 2237 ἐξηγεῖτο.
1427 2162 1622 2241 Ἔλεγε
1667 2166 1767 2242 γὰρ
1825 2166 1897 2230 ὠς

241 2249 358 2304 ὑπὸ
408 2249 622 2324 Περσῶν
667 2269 750 2310 τις
806 2248 877 2311 εἷς
925 2246 1146 2326 Περσίδα
1197 2249 1544 2330 αἰχμάλωτος
1595 2251 1895 2333 ἀπαχθεὶς,

238 2342 308 2395 ἓν
368 2342 438 2412 τῇ
481 2335 691 2413 φυλακῇ
722 2337 754 2403 ἢ
799 2335 935 2393 οὕτω
964 2336 1211 2394 καλεῖται
1245 2341 1420 2420 Λήθη,
1457 2338 1670 2416 δέσμιος
1701 2342 1896 2419 ἐφρου-

242 2441 406 2505 ρεῖτο
441 2443 455 2457 ’
522 2427 682 2501 νόμος
718 2423 771 2480 δὲ
806 2432 945 2505 παρα
981 2428 1207 2502 Πέρσαις
1240 2427 1444 2505 ἐκράτει
1474 2433 1739 2506 τοιοῦτος,
1776 2433 1896 2495 τοὺς

2058 2073 2271 2138 XLIX.
2302 2072 2393 2134 Ad
2447 2072 2626 2135 fidem
2659 2080 2858 2135 autem
2883 2070 3224 2134 faciendam
3251 2089 3460 2134 eorum
3490 2088 3625 2154 qum

1979 2162 2485 2241 dicebantur,tale
2508 2162 2653 2243 quid
2680 2161 2861 2225 etiam
2886 2159 3192 2237 narrabat,
3210 2160 3370 2244 quod
3402 2161 3620 2224 factum

1980 2255 2173 2316 fuerat
2204 2271 2321 2315 non
2368 2252 2448 2313 ita
2496 2252 2683 2313 multo
2732 2248 3148 2315 ante.Dicebat
3180 2251 3367 2327 enim,
3399 2249 3559 2330 quod
3590 2268 3625 2312 a

1982 2341 2181 2406 Persis
2204 2341 2446 2424 quidam
2471 2339 2763 2402 abductus
2788 2340 3078 2421 captivus,
3115 2338 3176 2400 in
3195 2338 3625 2420 custodia,qua

1983 2431 2317 2513 appellatur
2349 2427 2983 2505 Lethe,asservabatur
3016 2425 3405 2490 vinctus.Lex
3427 2435 3626 2491 autem

242 2518 309 2575 ἒν
343 2524 416 2595 τῇ
447 2516 656 2596 φυλακῇ
704 2514 829 2592 τῇδε
877 2516 1283 2596 καθειρχθέντας
1340 2518 1718 2576 ἀνακαλεῖσθαι
1782 2544 1896 2594 μη-

2006 2529 2113 2583 :rat
2140 2521 2297 2602 apud
2330 2518 2638 2594 Persas,ut
2660 2518 2763 2600 qui
2787 2518 3046 2598 conjecti
3070 2520 3320 2580 erantin
3345 2534 3476 2580 eam
3512 2536 3623 2580 cu-

246 2607 452 2664 δέποτε
488 2622 502 2636 ⁸
549 2607 715 2683 ταύτῃ
759 2628 838 2663 τοι
883 2610 969 2665 καὶ
1014 2610 1164 2677 Λήθη
1226 2608 1360 2685 αὒτῇ
1418 2611 1479 2665 τὸ
1537 2609 1707 2684 ὄνομα
1764 2620 1902 2667 κατὰ

2006 2610 2262 2681 ςιοάἰειιη,
2299 2625 2599 2689 nunquam
2661 2615 3134 2670 revocarentur:
3166 2615 3226 2668 et
3270 2624 3343 2668 ea
3389 2604 3627 2668 ratione

246 2697 429 2774 λόγον
488 2694 660 2762 ἐτέθη.
709 2694 955 2752 Ἐκεῖθεν
1011 2695 1097 2753 οὖν
1143 2696 1438 2775 ἀποδρᾶσαι
1497 2720 1635 2764 τινες
1695 2698 1899 2756 δύνατο)

2006 2707 2452 2761 :onsentaneum
2483 2708 2573 2759 est
2602 2714 2735 2758 eam
2785 2696 2968 2759 fuisse
2998 2703 3265 2757 vocatam
3289 2694 3539 2768 Lethen,
3565 2694 3628 2756 id

257 2785 546 2864 γενόμενοι
577 2787 661 2841 καὶ
703 2786 801 2853 τήν
857 2787 1063 2863 Κύπρον
1108 2785 1461 2863 καταλαϐεῖν,
1496 2802 1616 2850 τοῖς
1648 2799 1742 2848 τοῦ
1771 2811 1899 2845 νεα-

2006 2798 2100 2865 ιει,
2128 2787 2519 2849 oblivionem.
2547 2785 2717 2849 Illinc
2741 2799 2939 2847 autem
2972 2804 3106 2849 cum
3134 2784 3376 2866 quidam
3411 2783 3633 2864 potuis-

268 2876 454 2931 νίσκου
497 2876 777 2955 πατράσιν,
843 2877 916 2939 ὡς
991 2876 1084 2943 εἴη
1143 2877 1412 2943 τεθνηκὼς
1470 2877 1525 2933 ἐν
1581 2884 1650 2954 τῇ
1694 2876 1905 2958 φυλακῇ

2006 2886 2124 2940 sent
2153 2876 2469 2956 aufugere,
2504 2885 2562 2936 et
2612 2875 2672 2936 in
2706 2877 2961 2955 Cyprum
2996 2874 3225 2949 venire,
3257 2873 3634 2936 affirmarunt

265 2961 734 3027 διεϐεϐαιώσαντο.
824 2964 1057 3022 Ἐκεῖνοι
1142 2965 1419 3045 τοιγαροῦν
1504 2975 1595 3025 τοῦ
1670 2968 1907 3025 ἐνιαυτοῦ

2006 2967 2340 3049 parentibus
2397 2965 2818 3039 adolescentis,
2854 2983 2990 3026 eum
3046 2982 3179 3027 esse
3239 2969 3544 3049 mortuum
3567 2960 3634 3023 in

264 3068 419 3132 τρεῖς
452 3054 686 3120 συνάξεις
732 3054 803 3119 ὡς
834 3054 927 3111 ἐπὶ
959 3062 1127 3133 νεκρῷ
1155 3057 1325 3131 τούτῳ
1376 3055 1608 3119 ἐποίουν.
1646 3060 1740 3116 Καὶ
1782 3057 1906 3113 τέσ-

2006 3055 2389 3120 :ustodia.Illi
2410 3072 2548 3117 vero
2581 3064 2701 3117 tres
2734 3053 3056 3135 quotannis
3088 3070 3336 3133 synaxes
3364 3048 3633 3145 celebra-

265 3166 430 3223 σαρες
489 3142 625 3200 οὕτω
682 3143 953 3223 παρῆλθυν
1017 3145 1292 3202 ἐνιαυτοί·
1353 3145 1462 3202 εἶθ’
1517 3146 1682 3213 οὕτως
1738 3148 1826 3203 καὶ
1882 3147 1909 3201 ὸ

2006 3155 2446 3226 oant,tanquatn
2478 3163 2550 3206 eo
2586 3146 3126 3218 mortuo.Quatuor
3156 3141 3297 3204 anni
3332 3138 3638 3221 praeterie-

266 3246 408 3297 παῖς
442 3232 645 3289 ἐκεῖθεν
689 3233 941 3313 ἐκφυγεῖν
1000 3231 1260 3308 δυνηθεὶς,
1297 3237 1370 3300 εἰς
1411 3236 1509 3303 την
1541 3237 1707 3293 οἰκίαν
1740 3234 1909 3291 ἐπάν-

2006 3245 2146 3311 t'ant,
2180 3255 2317 3298 cum
2369 3234 2527 3296 filius
2582 3232 2752 3296 illinc
2805 3232 3143 3311 aufugiens,
3176 3230 3334 3292 redit
3362 3229 3634 3290 domum.

271 3345 436 3394 εισιν,
469 3323 528 3378 ’ὃν
560 3324 607 3378 οἱ
663 3336 844 3402 γονεῖς
900 3325 1003 3403 οὐχ
1033 3323 1210 3401 ὥσπερ
1256 3325 1316 3380 ἐκ
1366 3325 1606 3403 φυλακῆς
1652 3325 1905 3404 φυγόντα,

2006 3326 2180 3399 Quem
2213 3343 2349 3387 cum
2404 3332 2683 3403 parentes
2713 3341 2832 3384 non
2861 3330 3142 3401 tanquam
3176 3326 3276 3400 qui
3325 3318 3576 3395 fugisset
3604 3334 3639 3379 ο

269 3411 401 3470 ἀλλ’
454 3416 526 3475 ὡς
583 3411 644 3468 ὲκ
701 3418 900 3491 νεκρῶν
946 3413 1246 3469 ἀναστάντα
1277 3412 1483 3487 μᾶλλον
1516 3414 1607 3470 σὺν
1639 3412 1814 3490 πολλῇ
1845 3418 1912 3489 τῇ

2006 3418 2294 3491 custodia,
2321 3416 2425 3477 sed
2461 3423 2739 3496 tanquam
2773 3414 2874 3494 qui
2907 3412 3267 3474 surrexisset
3295 3428 3328 3471 e
3361 3409 3637 3491 mortuis,

270 3500 531 3571 ἐκπλήξει
561 3502 878 3576 θεασάμενοι
928 3503 1014 3558 καὶ
1064 3500 1375 3581 ἀπορρητως
1436 3502 1756 3570 πλησθέντες
1818 3506 1913 3569 τῆς

2006 3526 2132 3570 cum
2169 3524 2380 3585 magno
2411 3515 2657 3586 stupore
2689 3503 3089 3586 aspexissent,
3109 3510 3169 3563 et
3193 3499 3449 3561 fuissent
3477 3498 3639 3561 inef-

272 3590 498 3663 ἦδονῆς,
546 3590 713 3647 τᾶλλα
744 3612 799 3648 τε
857 3591 1041 3670 ἔλεγον
1084 3593 1172 3647 καὶ
1207 3591 1442 3667 ἐποίουν,
1486 3591 1584 3649 ὅσα
1637 3592 1699 3649 ἂν
1761 3592 1916 3672 ψυχὴ

272 3691 521 3741 τοιοῦτον
577 3679 756 3737 ἰδοῦσα
803 3683 958 3737 πάθοι
1005 3683 1091 3738 καὶ
1135 3680 1308 3756 εἴποι,
1369 3684 1458 3739 καὶ
1493 3680 1638 3747 ὅπως
1669 3685 1743 3747 ὡς
1773 3682 1915 3739 ἀπο-

274 3772 491 3829 θανόντι
541 3769 669 3843 ἤδη,
737 3772 801 3827 τὰ
859 3772 944 3827 ἐπὶ
1005 3775 1216 3829 θανοῦσι
1281 3772 1633 3848 νενομισμένα
1681 3772 1914 3848 ἐποίουν,

276 3862 370 3917 καὶ
425 3862 520 3923 τὰς
581 3860 785 3938 ἡμέρας
844 3859 1243 3926 ἀναδιδάξαντες
1277 3861 1438 3939 αἵπερ
1469 3862 1630 3941 ἦσαν,
1665 3861 1700 3930 ἢ
1730 3883 1786 3916 τε
1814 3868 1918 3918 τῶν

278 3951 450 4030 ἁγίων
495 3952 796 4031 Θεοφανίων
854 3951 1048 4028 ἡμέρα,
1100 3952 1186 4007 καὶ
1230 3952 1264 4019 ἡ
1296 3950 1388 4007 τοῦ
1417 3952 1679 4029 σωτηρίου
1725 3953 1920 4031 Πάσχα

280 4043 373 4098 καὶ
431 4041 529 4108 τῆς
590 4038 744 4119 ἁγίας
801 4045 1203 4108 Πεντηκοστῆς.
1251 4042 1463 4098 Τούτων
1520 4040 1728 4105 ἐκεῖνος
1759 4041 1925 4099 ἀκού-

281 4152 407 4211 σας,
453 4131 541 4187 καὶ
567 4131 640 4192 εἷς
695 4131 918 4205 μνήμην
947 4128 1136 4205 ἐλθὼν,
1173 4129 1316 4209 ὅρκῳ
1372 4130 1492 4195 τοὺς
1550 4133 1803 4196 τεκόντας
1847 4132 1928 4191 δι-

2000 3596 2161 3660 fabili
2192 3595 2492 3677 voluptate
2543 3594 2788 3673 repleti,
2821 3602 2880 3656 et
2908 3590 3027 3654 alia
3054 3588 3354 3653 faciebant
3382 3597 3443 3651 et
3472 3587 3643 3651 dice-

2002 3686 2164 3761 bant,
2199 3703 2333 3762 quae
2361 3685 2590 3759 anima,
2624 3701 2761 3763 quas
2806 3682 2986 3745 talem
3038 3680 3301 3755 vidisset,
3331 3679 3555 3742 faceret
3586 3685 3647 3741 et

2001 3776 2275 3840 diceret:
2305 3785 2364 3837 et
2389 3773 2892 3855 quemadmodum
2927 3771 2984 3834 ei
3016 3779 3294 3852 tanquam
3316 3768 3441 3849 jam
3476 3784 3646 3830 mor-

2006 3877 2107 3931 tuo
2137 3868 2401 3930 fecerant
2424 3866 2752 3945 justa,qum
2783 3865 2932 3926 fiunt
2963 3860 3307 3935 mortuis,et
3337 3877 3476 3922 cum
3507 3876 3647 3920 eum

2005 3959 2620 4037 docuissent,quinam
2648 3962 2848 4017 essent
2878 3953 2921 4016 ii
2951 3952 3328 4037 dies,nempe
3361 3948 3490 4037 dies
3519 3965 3653 4037 san-

2009 4055 2237 4109 ctorum
2274 4034 2898 4124 The—opltaniorum,et
2929 4039 3058 4102 dies
3085 4036 3362 4100 salutaris
3382 4034 3647 4110 Pascbaa,

2012 4146 2070 4198 et
2091 4134 2221 4197 dies
2251 4142 2471 4197 sanctae
2500 4128 3054 4196 Pentecostesliaec
3082 4144 3218 4191 cum
3249 4126 3353 4187 ille
3383 4125 3654 4187 audivis—

284 4219 532 4278 εϐεὸαίου
593 4221 664 4285 ὼς
721 4221 840 4276 κατ’
872 4222 1033 4277 αὑτὰς
1066 4217 1222 4275 τάσδε
1252 4221 1346 4284 τὰς
1378 4220 1602 4299 ἡμέρας,
1638 4223 1727 4277 καὶ
1771 4225 1913 4282 αὐτὸς

2013 4232 2192 4299 set,et
2220 4225 2281 4285 in
2316 4223 2672 4286 memoriam
2702 4226 3069 4291 revocasset,
3108 4215 3456 4298 parentibus
3487 4214 3654 4276 afﬁr—

286 4319 398 4371 τῶν
443 4308 652 4386 δεσμῶν
698 4310 904 4383 ἀνεῖτο,
959 4310 1241 4383 ἐπιστασίᾳ
1299 4308 1802 4389 λαμπροφοροῦντρς
1854 4337 1913 4370 τι·

2017 4314 2238 4389 mabat,
2269 4313 2425 4395 quotl
2452 4313 2544 4375 his
2561 4311 2709 4393 ipsis
2734 4310 2950 4374 diebus
2973 4305 3357 4371 relaxabatur
3376 4324 3413 4395 a
3441 4304 3655 4368 vincu—

289 4425 409 4475 νος,
456 4402 544 4457 καὶ
573 4400 745 4464 ἀδείας
780 4400 1013 4457 ἀπέλαυε
1062 4400 1263 4476 πάσης,
1315 4402 1411 4465 τὰς
1468 4400 1658 4480 ἑφεξῆς
1701 4402 1755 4458 ἐν
1811 4417 1913 4462 τοῖς

2015 4394 2374 4486 lis,adventu
2407 4399 2854 4483 cujusdam,qui
2884 4397 3152 4478 gestabat
3184 4394 3522 4479 lampadem
3550 4416 3567 4471 ς
3600 4398 3663 4454 et

289 4493 516 4569 δεσμοῖς
562 4490 722 4549 πάλιν
787 4489 971 4572 ὥσπερ
1036 4493 1125 4549 καὶ
1191 4499 1386 4569 προτοῦ
1445 4489 1913 4568 καταλαμϐανόμε·

2014 4494 2323 4557 fruebatur
2355 4494 2516 4554 omni
2551 4489 2897 4554 securitate:
2932 4486 3147 4549 diebus
3176 4492 3377 4547 autem
3407 4500 3666 4567 sequen-

290 4606 408 4650 νος.
2017 4584 2178 4648 tibus
2209 4582 2523 4646 tenebatur
2552 4579 2830 4656 vinculis,
2865 4577 3021 4640 sicut
3054 4577 3241 4657 prius.

1779 4748 2021 4814 CAPUT
2083 4748 2184 4813 IX.

1386 4853 1940 4938 Eleemosynarum
1991 4860 2086 4923 vis
2140 4857 2306 4938 apud
2354 4854 2577 4919 Deum.

382 5017 476 5079 N'.
549 5016 819 5079 Τοιούτοις
905 5016 1079 5095 ἔργοις
1135 5018 1224 5074 καὶ
1279 5015 1583 5097 διηγήμασι
1658 5022 1942 5100 χρώμενος

302 5107 539 5171 πολλοῖς
598 5106 833 5174 κατέστη
879 5105 1146 5186 σωτηρίας
1176 5107 1446 5168 ὑπόθεσις.
1487 5106 1585 5163 Διά
1627 5117 1793 5166 ταῦτα
1856 5112 1946 5168 καὶ

301 5198 558 5257 πλεῖστοι
604 5196 784 5254 ἐκεῖνα
816 5197 883 5253 τὰ
926 5197 1033 5253 τῶν
1082 5194 1394 5253 ἀποστόλων
1423 5195 1731 5274 ζηλοῦντες,
1764 5201 1853 5257 καὶ
1882 5202 1948 5257 τὰ

304 5288 437 5347 ὄντα
489 5284 993 5366 διαπιπράσκοντες,
1057 5287 1150 5351 τας
1197 5287 1355 5361 τιμάς
1414 5285 1661 5366 φέροντες
1692 5304 1815 5352 ταῖς
1847 5290 1947 5346 αὒ-

303 5385 403 5438 τοῦ
441 5378 600 5459 χερσὶ
643 5378 974 5452 κατετίθουν,
1020 5375 1280 5441 ἀξιοῦντες
1323 5373 1412 5430 ὑπ’
1476 5377 1635 5433 αὗτθῦ
1676 5390 1793 5443 τοῖς
1847 5378 1949 5435 πέ-

2106 5014 2429 5083 L.Talibus
2452 5023 2626 5079 utens
2647 5013 2816 5077 factis
2835 5020 2891 5076 et
2914 5005 3502 5085 narrationibus,fuit
3526 5001 3678 5069 mul-

2029 5109 2108 5173 tis
2132 5106 2367 5170 occasio
2397 5103 2970 5183 salutis.Propterea
2996 5100 3238 5182 plurimi
3271 5114 3514 5181 quoque
3537 5094 3678 5161 imi-

2035 5206 2228 5261 tantes
2261 5196 2385 5272 illa,
2420 5214 2556 5277 quas
2585 5194 2810 5256 fiebant
2841 5202 3115 5273 tempore
3147 5186 3582 5277 apostolorum,
3620 5194 3684 5247 et

2034 5289 2346 5347 vendentes
2369 5275 2589 5360 eti—quat
2612 5287 3131 5350 habebant,t'orum
3156 5282 3405 5354 pretium
3432 5275 3685 5337 aﬂ‘eren-

2030 5386 2117 5435 tes
2140 5373 2583 5446 deponcbantin
2608 5372 2733 5442 ejus
2758 5368 3047 5435 manibus,
3081 5367 3339 5426 volentes
3364 5364 3419 5422 id
3452 5364 3524 5423 ab
3556 5363 3689 5436 ipso

307 5446 900 5544 νησιηδιανεμηθῆναι,
951 5446 1075 5523 Μεθ’
1120 5468 1194 5519 ὧν
1228 5465 1313 5528 εἷς
1347 5488 1425 5528 τις
1463 5466 1790 5548 προσελθὼν,
1817 5468 1913 5525 ἐπτ

2035 5457 2317 5520 distribui
2345 5454 2739 5538 pauperibus.
2773 5455 2917 5548 Cum
2962 5446 3684 5548 quibusunusquispia‘tn

322 5559 487 5638 ἥμισυ
556 5557 735 5635 λίτρας
821 5565 915 5615 τοῦ
992 5558 1213 5636 χρυσῖου
1282 5560 1570 5632 προσῆγεν,
1637 5554 1913 5615 ἐπιϐεϐαιᾶ

2037 5552 2359 5629 accedens,
2393 5549 2524 5614 auri
2546 5556 2775 5631 septem
2806 5545 2993 5613 libras
3013 5562 3149 5607 cum
3176 5542 3431 5607 dimidia
3451 5539 3692 5613 obtulit,

642 5696 881 5756 PATROL
921 5694 1035 5757 Gn.
1082 5692 1293 5757 CXIV.

3216 5674 3297 5742 30
