4006 6138
481 286 600 358 939
1766 290 2044 354 MENSIS

2192 286 2555 356 NUARTUS.
3709 285 3816 355 940

480 427 785 490 aiﬁrmans
811 423 962 488 nihil
996 425 1250 507 amplius
1278 425 1405 486 auri
1451 424 1605 504 apud
1637 443 1702 486 se
1734 427 2098 488 remansisse

2213 425 2360 483 οὖδὲν
2421 433 2563 501 αὐτῷ
2615 431 2689 490 εἷς
2747 429 2945 509 χρυσὸν
2991 425 3152 484 πλέον
3201 426 3604 504 ὑπολελεῖφθαι.
3643 428 3731 482 Δύο
3769 427 3812 483 δὲ

479 515 728 580 Petebat
757 525 954 578 autem
988 515 1060 576 ab
1092 522 1255 589 eo,ut
1304 514 1448 575 duas
1498 515 1715 594 gratias
1768 516 2070 596 acciperet

2205 517 2330 597 παρ’
2392 517 2550 576 αὐτοῦ
2601 518 2826 597 χάριτας
2859 519 3050 594 ᾐτεῖτο
3081 514 3272 572 λαϐεῖν
3307 533 3321 547 ⁶
3358 519 3598 581 σωθῆναι
3628 516 3714 589 μὲν
3740 519 3813 571 τὸν

481 628 702 690 nempe
730 617 795 671 ut
832 616 888 670 et
921 615 1264 672 servaretur
1300 607 1544 688 quidem
1599 608 1728 687 ejus
1755 608 1911 668 ﬁlius
1963 609 2098 670 illiu:

2206 607 2364 660 αὒτοῦ
2407 603 2575 661 παῖδα
2634 619 2754 666 ταῖς
2807 607 2963 662 αὒτοῦ
3023 604 3240 684 εὗχαῒς,
3306 604 3722 676 ἀνακομισθῆναι
3773 602 3813 658 δὲ

482 700 761 780 precibus
788 719 803 776 ;
836 698 1166 760 referretur
1193 715 1332 758 vero
1368 696 1532 758 navis
1561 696 1786 777 absque
1820 698 1940 759 ullo
1972 700 2094 778 peri

2205 697 2292 750 καὶ
2349 697 2409 750 τὸ
2462 694 2652 752 πλοῖον
2712 693 3010 772 ἀκίνδυνον,
3057 692 3185 772 ὅπερ
3219 693 3411 773 ἔτυχεν
3469 694 3543 757 εἷς
3590 691 3814 771 Ἀφρικὴν

479 788 641 865 culo,
667 806 798 870 qua;
826 786 1068 868 quidem
1103 786 1318 846 emissa
1347 785 1540 846 fuerat
1569 785 1628 846 in
1661 786 1942 847 Africam.
1973 789 2098 850 Cun

2205 784 2528 864 ἐκπεμφθὲν.
2586 785 2733 841 Ἐπεὶ
2791 787 2880 840 οὖν
2956 786 3091 842 μετᾶ
3162 785 3260 850 τὴν
3337 783 3511 862 εὒχὴν
3569 782 3813 859 τριάκοντα

478 883 678 940 aﬁtem
703 883 834 958 post
865 893 1072 956 preces
1101 874 1344 955 triginta
1367 875 1497 937 dies
1529 877 2098 956 praeteriissent,mot

2202 873 2471 949 παρῆλθον
2502 874 2720 952 ἡμέραι,
2756 875 2972 943 θνήσκει
3005 873 3104 945 μὲν
3151 875 3176 927 ὁ
3233 874 3361 946 υἱὸς,
3401 874 3591 949 τρίτην
3623 870 3672 927 δέ
3699 872 3814 945 ἡμέ-

474 967 631 1030 ritur
685 965 927 1047 quidem
988 964 1149 1026 ﬁlius
1210 982 1222 1026 :
1289 965 1464 1026 tertio
1514 984 1652 1027 vero
1703 965 1799 1026 die
1827 977 1957 1046 post
1989 968 2098 1047 eju:

2202 985 2293 1038 ραν
2341 965 2474 1037 μετὰ
2520 965 2609 1018 τὸν
2663 963 2887 1020 θάνατον
2939 965 3000 1018 τὸ
3033 960 3226 1018 πλοῖον
3263 961 3312 1026 ἐξ
3344 959 3612 1040 Ἀφρικῆς
3644 959 3813 1035 ἀναγό-

477 1055 936 1130 mortem,navis
963 1072 1102 1135 quae
1131 1053 1365 1115 redibat
1393 1072 1464 1116 ex
1495 1055 1724 1128 Africa,
1755 1075 1888 1118 cum
1914 1057 2094 1120 fuisse

2202 1075 2382 1127 μενον,
2419 1057 2539 1109 εἶτα
2583 1060 2658 1126 τῷ
2718 1053 2878 1129 Φάρῳ
2929 1052 3245 1113 ἀπεναντίας
3282 1052 3578 1129 γενόμενον
3622 1051 3816 1127 ναυαγίῳ

474 1163 544 1211 ex
567 1145 820 1209 adverso
843 1143 1114 1220 Phari,in
1137 1161 1312 1222 grave
1335 1143 1542 1205 incidit
1565 1145 2098 1224 naufragiumadet

2205 1139 2358 1215 δεινῷ
2388 1143 2718 1221 περιπίπτει,
2781 1145 2853 1204 ὡς
2900 1143 3072 1198 πάντα
3117 1142 3216 1216 μὲν
3260 1143 3352 1197 τὸν
3414 1141 3611 1220 φόρτον
3646 1138 3815 1194 ἁπολὲ-

471 1243 539 1299 ιιῑ
569 1235 914 1298 universum
943 1233 1184 1313 quidem
1207 1251 1360 1295 onus
1389 1235 1657 1314 perierit,
1695 1237 1820 1296 sola
1849 1237 1976 1314 (15‘
2005 1256 2113 1299 au-

473 1333 595 1390 tem
628 1325 794 1388 navis
820 1323 997 1386 fuerit
1018 1324 1178 1386 salva
1199 1341 1333 1384 cum
1365 1323 1882 1388 vectoribus.Cum
1917 1335 2114 1388 autem

472 1415 638 1496 prius
669 1414 870 1478 audito
902 1413 1112 1478 nuntio
1144 1413 1218 1476 de
1263 1413 1408 1486 ﬁlio,
1442 1414 1637 1475 adhuc
1665 1416 1903 1492 vigente
1933 1416 2113 1477 animi

471 1504 951 1586 perturbatione,
985 1503 1241 1568 accessit
1288 1503 1363 1565 de
1409 1521 1556 1565 nave
1587 1504 1854 1575 tristitia,
1887 1505 1943 1566 id
1978 1524 2111 1567 eum

475 1596 655 1674 plane
685 1596 909 1658 obruit.

551 1683 820 1758 LLQuod
845 1683 1087 1766 quidem
1115 1691 1425 1765 postquam
1450 1684 1830 1764 cognovisset
1853 1685 2108 1766 patriar-

467 1779 664 1848 cha,id
686 1779 871 1836 nihilo
897 1779 1180 1835 minorem
1205 1779 1459 1837 eiattulit
1485 1779 1662 1836 animi
1684 1781 2098 1848 aegritudinem.

2193 1772 2392 1828 ἐκείνου
2448 1773 2670 1848 ἀθυμεῖν
2701 1772 2868 1828 ἒποίει
2905 1787 2920 1802 ⁸

467 1863 656 1926 Deum
679 1863 878 1944 itaque
909 1865 1157 1942 rogavit,
1190 1869 1253 1923 ut
1277 1861 1660 1924 invisibiliter
1687 1864 1818 1942 ejus
1848 1865 2105 1926 animam

471 1959 804 2029 attingeret,
838 1966 892 2012 et
915 1954 1241 2028 increparet
1263 1965 1651 2028 tempestatem
1676 1956 1852 2013 animi
1873 1960 2109 2028 aegritu-

471 2042 628 2104 dinis
647 2050 706 2105 et
728 2049 1148 2104 transmutaret
1170 2043 1230 2103 in
1253 2040 1766 2122 tranquillitatem.
1787 2043 1852 2104 In
1881 2046 2107 2108 somnis

467 2131 674 2213 itaque
701 2139 878 2193 nocte
903 2130 1183 2207 sequenti
1205 2130 1291 2192 illi
1313 2139 1559 2212 apparet
1585 2131 1702 2206 vir,
1725 2132 1912 2210 ﬁgura
1945 2144 2001 2195 et
2024 2134 2102 2194 li-

467 2221 806 2284 neamentis
837 2220 1052 2282 similis
1083 2222 1456 2301 patriarchae,
1485 2221 1539 2282 ei
1587 2221 1796 2283 dicens
1830 2239 1843 2281 :
1879 2222 1995 2284 Cur
2023 2223 2102 2286 ita

459 2315 644 2372 victus
663 2327 726 2372 es
749 2329 778 2370 a
800 2312 1025 2370 tristitia
1043 2322 1275 2383 propter
1295 2329 1356 2371 ea
1385 2329 1508 2386 quae
1530 2313 2100 2374 acciderunt‘iNonne

461 2407 525 2461 tu
557 2416 654 2460 me
683 2404 927 2478 rogasti,
963 2405 1030 2458 ut
1049 2397 1176 2460 haec
1199 2397 1481 2479 precibus
1501 2419 1534 2460 a
1555 2397 1676 2460 Deo
1703 2401 2094 2478 postularem,

458 2507 678 2569 nempe
709 2498 771 2550 ut
802 2496 862 2550 et
891 2496 1023 2549 tuus
1055 2487 1252 2549 salvus
1298 2496 1456 2550 esset
1487 2488 1675 2550 ﬁlius?
1698 2488 1765 2549 Et
1793 2508 1935 2551 ecce
1969 2492 2098 2570 ejus

460 2578 649 2660 gratia
671 2587 761 2640 est
790 2577 1008 2652 salvus,
1043 2588 1109 2638 ut
1140 2578 1240 2660 qui
1273 2596 1307 2640 a
1333 2579 1470 2639 vitae
1503 2578 1675 2640 malis
1706 2579 1990 2641 dimissus
2023 2581 2099 2643 sit

456 2669 706 2732 illaesus.
741 2668 803 2731 Si
831 2667 992 2729 enim
1024 2667 1268 2730 vixisset
1308 2668 1565 2746 longius,
1600 2687 1718 2729 non
1752 2667 1964 2742 bonus,
1990 2671 2094 2730 sed

455 2758 772 2841 improbus
795 2768 922 2821 erat
945 2767 1319 2838 evasurus,et
1351 2757 1640 2836 indignus
1657 2778 1727 2820 eo
1747 2760 1843 2839 qui
1864 2779 2096 2822 creave-

452 2857 570 2913 rat.
605 2847 774 2920 Quod
806 2848 879 2909 ad
911 2866 1121 2908 navem
1150 2854 1348 2908 autem
1376 2847 1611 2923 attinet,
1649 2849 1796 2909 nihil
1829 2849 2091 2920 dubites,

454 2939 614 3021 quod
634 2938 750 3000 nisi
786 2937 943 3001 Deus
967 2936 1180 3000 fuisset
1201 2945 1477 2999 exoratus
1498 2957 1528 2998 a
1556 2946 1755 2999 nostra
1780 2939 2096 3000 mediocri-

2202 1234 2344 1305 σθαι,
2382 1234 2546 1307 μόνον
2580 1231 2633 1286 δὲ
2666 1234 2757 1287 σὺν
2786 1229 3062 1296 ἐπιϐάταις
3120 1233 3180 1288 τὸ
3241 1229 3438 1287 πλοῖον
3501 1228 3814 1294 διασωθῆναι.

2207 1313 2299 1386 Ὠς
2353 1324 2465 1395 οὖν,
2528 1327 2627 1388 τῆς
2693 1322 2811 1398 περὶ
2885 1328 2973 1376 τοῦ
3033 1320 3220 1383 παιδὸς
3279 1319 3538 1399 ἀγγελίας
3599 1320 3820 1396 πρότερον

2200 1410 2574 1484 ἀκουσθείσης,
2631 1414 2718 1466 καὶ
2762 1418 2854 1466 τοῦ
2885 1411 3082 1472 πάθους
3114 1411 3189 1466 ἔτι
3222 1417 3571 1488 κρατοῦντος,
3605 1411 3663 1464 τὸ
3719 1411 3814 1485 περὶ

2197 1508 2290 1556 τοῦ
2333 1500 2523 1557 πλοίου
2581 1501 2888 1578 σκυθρωπὸν
2949 1498 3170 1578 ἐπῆλθε,
3205 1498 3386 1554 τέλεον
3419 1500 3585 1556 αὗτὸν
3615 1496 3816 1554 κατεϐα-

2195 1613 2264 1646 πτ
2277 1613 2408 1653 ισεν,

2275 1673 2408 1745 ΝΑ’.
2444 1682 2615 1760 ’Ὅπερ
2647 1684 2840 1760 γνόντα
2883 1683 2974 1737 τὸν
3006 1683 3376 1762 πατριάρχην,
3431 1679 3583 1756 οὒδὲν
3627 1679 3820 1737 ἔλαττον

2976 1769 3176 1828 δεῖσθαι
3221 1794 3278 1828 τε
3311 1779 3401 1829 τοῦ
3433 1770 3577 1826 Πεοῦ
3605 1771 3820 1848 ἀοράτως

2193 1862 2493 1941 ἐφάψασθαι
2540 1863 2638 1930 τῆς
2700 1862 2860 1919 αὐτοῦ
2917 1863 3125 1940 ψυχῆς,
3163 1861 3486 1936 ἐπιτιμῆσαι
3519 1881 3579 1918 τε
3610 1865 3677 1935 τῇ
3706 1859 3820 1934 ζάλῃ

2191 1957 2292 2018 τῆς
2325 1953 2544 2027 ἀθυμίας
2599 1953 2687 2007 καὶ
2735 1952 2806 2013 εἰς
2844 1949 3085 2028 γαλήνην
3116 1948 3475 2024 μεταϐαλεῖν.
3512 1949 3680 2026 Ὀναρ
3721 1950 3819 2005 τοί-

2191 2065 2278 2096 νυν
2323 2043 2396 2105 εἷς
2432 2043 2530 2110 τὴν
2589 2041 2836 2099 ἐπιοῦσαν
2885 2042 3042 2096 νύκτα
3098 2042 3372 2120 ἒφίσταται
3437 2044 3519 2113 τῷ
3577 2039 3817 2117 ἀνθρώπῳ

2189 2131 2347 2211 ἀνὴρ,
2384 2139 2459 2206 τῷ
2484 2139 2576 2188 τοῦ
2603 2131 2935 2209 πατριάρχου
2981 2130 3167 2194 ἐοικὼς
3223 2133 3502 2210 σχήματι,
3553 2132 3614 2187 Τί
3672 2127 3814 2202 οὕτω,

2190 2224 2320 2299 πρὸς
2369 2223 2524 2278 αὐτὸν
2558 2220 2754 2300 λέγων,
2815 2221 2914 2286 τῆς
2961 2219 3053 2276 ἐπί
3109 2233 3229 2283 τοῖς
3263 2219 3672 2295 συμϐεϐηκόσιν
3722 2217 3812 2284 ἧτ-

2694 2311 2818 2390 οὒχὶ
2867 2310 2928 2364 σύ
2987 2331 3053 2384 με
3112 2308 3342 2375 ἠξίωσας
3389 2308 3580 2376 δέησιν
3637 2309 3814 2373 ταύτην

3411 2402 3503 2455 καὶ
3551 2397 3660 2454 ἰδοὺ
3714 2397 3811 2475 χά-

2184 2335 2344 2380 τησαι
2408 2313 2580 2378 λύπης
2616 2332 2632 2391 ς

2183 2400 2435 2469 δεηθῆναι
2499 2402 2628 2457 Θεοῦ
2659 2399 2892 2466 σωθῆναί
2937 2421 3031 2456 σου
3075 2401 3166 2456 τὸν
3196 2399 3305 2455 υἱόν
3340 2420 3354 2479 ;

2183 2514 2286 2569 ριτι
2347 2498 2415 2567 τῇ
2477 2491 2631 2546 αὒτοῦ
2664 2492 2924 2546 σέσωσται
2956 2497 3061 2546 τῶν
3097 2496 3186 2546 τοῦ
3218 2491 3329 2566 βιου
3357 2489 3547 2546 κακῶν
3584 2489 3814 2560 ἀπήμανο

2181 2602 2270 2643 τος
2331 2581 2559 2658 ἀφεθείς.
2615 2581 2671 2637 Et
2734 2582 2833 2658 γὰρ
2889 2584 3218 2658 μακροτέρας
3279 2580 3442 2660 ἔτυχε
3505 2585 3604 2646 τῆς
3659 2582 3805 2649 ζωῆς,

2181 2675 2271 2729 οὖν
2332 2671 2553 2748 ἀγαθὸς,
2622 2669 2758 2724 ἀλλὰ
2835 2672 3113 2750 μοχθηρὸς
3174 2669 3394 2744 ἔμελλεν
3459 2667 3805 2738 ἀποϐήσεσθαι

2185 2762 2271 2817 καὶ
2302 2768 2393 2817 τοῦ
2451 2759 2812 2826 πεποιηκότος
2869 2759 3078 2824 ἀνάξιος
3116 2777 3129 2792 ’
3188 2761 3350 2839 χάριν
3389 2757 3445 2814 δὲ
3506 2762 3600 2815 τοῦ
3643 2756 3803 2814 πλοίου

2270 2848 2404 2884 ην
2517 2849 2716 2905 ιδ’

2182 2869 2349 2926 μηοιν
2383 2873 2472 2906 sco
2545 2873 2602 2906 πι
2637 2856 2832 2921 οιαζων
2925 2871 2996 2914 ω,
3029 2872 3072 2906 ει
3117 2873 3194 2924 μη
3241 2859 3370 2912 Θεος
3402 2873 3509 2906 υπο
3541 2871 3640 2915 της
3671 2868 3806 2919 τιμων

2181 2938 2586 3017 παρακέκληται
2675 2939 3050 3018 μετριότητος,
3125 2938 3407 3017 αὔτανδρον
3501 2937 3689 3012 ἔμελλε
3741 2941 3804 3007 τῷ

452 3037 593 3109 tate,
629 3035 756 3090 erat
782 3047 916 3089 cum
943 3027 1091 3107 ipsis
1123 3026 1268 3088 viris
1299 3027 1357 3087 in
1392 3026 1751 3108 profundum
1788 3029 2094 3088 transmit-

2192 3030 2356 3106 Κυρίῳ
2418 3036 2534 3102 Θεῷ
2575 3031 3150 3109 παραπεμφθήσεσθαι,
3184 3037 3270 3084 καί
3333 3031 3466 3107 πρὸς
3527 3035 3606 3101 τῷ
3647 3027 3804 3106 φόρτῳ

451 3118 723 3194 tenda,et
748 3125 964 3199 praeter
993 3135 1143 3179 onus
1175 3117 1418 3178 fratrem
1443 3136 1678 3197 quoque
1699 3126 1755 3179 et
1778 3117 1928 3178 alios
1950 3119 2096 3178 ami-

2192 3118 2265 3172 (αὶ
2323 3120 2412 3173 τὸν
2470 3117 2696 3198 ἀδελφὸν
2757 3117 2848 3174 καί
2930 3119 3049 3180 τοὺς
3113 3116 3306 3181 ἄλλους
3366 3117 3654 3180 ἀπώλεσας
3727 3114 3798 3172 ἄν.

451 3208 656 3270 sisses.
691 3210 823 3271 Non
854 3215 1089 3288 oportet
1121 3225 1262 3285 ergo
1295 3225 1429 3267 esse
1465 3206 1826 3287 tristem,sed
1854 3217 2098 3287 pr0pter

2192 3205 2380 3264 ῡῦκουν
2425 3209 2645 3282 ἀθυμεῖν
2692 3207 2829 3286 δέον,
2893 3207 3032 3264 ἀλλὰ
3076 3205 3142 3264 δι’
3201 3209 3328 3266 aut?)
3401 3218 3559 3267 τοῦτο
3617 3203 3800 3281 μᾶλλον

457 3297 569 3359 hoc
588 3298 778 3377 ipsum
805 3297 1050 3359 ferenda
1076 3307 1212 3356 sunt
1240 3295 1436 3376 potius
1463 3315 1593 3375 qua;
1631 3296 1912 3357 accidunt
1933 3306 2095 3375 grato

2192 3297 2507 3376 εὐχαρίστως
2593 3300 2657 3353 τὰ
2743 3299 3143 3376 προσπίπτοντα
3202 3298 3595 3372 ὑπομενητὲον.
3660 3292 3800 3352 Οὒδὲν

453 3388 676 3450 animo.
719 3385 876 3448 Nihil
913 3387 1071 3448 enim
1107 3404 1311 3446 eorum
1363 3404 1495 3466 qua;
1527 3386 1698 3461 ﬁunt,
1733 3388 1793 3447 ﬁt
1823 3386 1952 3447 sine
1986 3388 2092 3450 Dei

2192 3389 2276 3467 γὰρ
2335 3394 2441 3443 τῶν
2487 3387 2779 3466 γινομένων
2833 3389 2975 3466 παρὰ
3035 3393 3166 3443 Θεοῦ
3237 3385 3476 3466 ἄκριτον,
3543 3385 3638 3443 κᾶν
3680 3386 3799 3458 ἡμῖν

445 3476 702 3556 judicio,
748 3477 980 3537 etiamsi
1030 3477 1148 3536 sint
1180 3474 1350 3536 nobis
1379 3475 1572 3553 ignota
1606 3475 1794 3537 multa
1826 3495 1892 3537 ex
1927 3477 2091 3540 illius

2192 3477 2423 3555 ἕγνωστα
2481 3478 2545 3533 τὰ
2600 3476 2776 3534 πολλὰ
2854 3483 2959 3533 τῶν
3043 3477 3245 3534 ἐκείνου
3305 3479 3604 3555 κριμάτων.
3663 3472 3797 3530 Ἐπεὶ

445 3566 1045 3646 judiciis.Postquam
1070 3583 1209 3642 ergo
1231 3583 1367 3625 eum
1393 3565 2091 3640 (limisitsomnus,sensit

2192 3568 2262 3622 ιῦν
2287 3569 2375 3622 καὶ
2421 3569 2448 3622 ὁ
2497 3567 2657 3630 ὕπνος
2720 3568 2884 3636 ἀνῆκε
2914 3568 3005 3622 τὸν
3037 3565 3218 3642 ἄνδρα,
3253 3567 3446 3642 ᾔσθετο
3506 3571 3602 3632 τῆς
3658 3564 3798 3618 αὖτοῦ

451 3673 554 3716 cor
579 3673 754 3717 suum
787 3656 929 3716 satis
953 3673 1221 3732 magnam
1256 3660 1562 3735 accepisse
1593 3655 2083 3718 consolationem.

450 3743 782 3820 Statimque
815 3742 1405 3822 profectus,procidit
1437 3744 1508 3802 ad
1545 3743 1698 3805 beati
1732 3744 1838 3804 viri
1877 3746 2083 3823 pedes,

453 3849 697 3910 magnas
723 3833 774 3892 ei
828 3849 1009 3910 agens
1037 3832 1276 3908 gratias,
1309 3839 1368 3891 et
1419 3850 1595 3911 quam
1649 3833 1877 3894 viderat
1909 3843 2086 3896 noctu

452 3937 704 3982 narrans
726 3920 1042 3982 visionem.
1091 3919 1197 3980 llle
1227 3929 1425 3980 autem
1460 3921 1664 3994 suasit,
1703 3931 1764 3983 ut
1794 3941 1912 3984 non
1946 3925 2082 4006 ipsi,

450 4009 556 4071 sed
588 4009 735 4085 Deo,
770 4011 873 4090 qui
923 4009 1125 4071 omnia
1168 4009 1476 4089 dispensat
1505 4012 1575 4071 ad
1605 4012 1944 4087 utilitatem,
1979 4033 2084 4075 ac-

449 4109 682 4180 ceptam
716 4101 866 4162 ferat
896 4099 1168 4178 gratiam.

503 4190 752 4255 LIl.Sed
775 4189 1279 4271 quemadmodum
1307 4205 1425 4248 non
1449 4207 1550 4250 eos
1573 4189 1902 4270 solum,qui
1919 4191 2086 4254 Chri-

2176 3654 2390 3735 καρδίας
2435 3657 2628 3722 ἱκανῶς
2682 3656 3192 3734 παρακεκλημένης,
3257 3658 3344 3712 καὶ
3402 3656 3667 3735 πορευθεὶς
3707 3652 3792 3706 αὖ·

2171 3748 2291 3803 τίκα
2353 3749 2471 3809 τοῖς
2526 3748 2651 3803 ποσὶ
2685 3747 3003 3824 προσπίπτει
3049 3748 3140 3802 τοῦ
3184 3747 3475 3825 μακαρίου,
3510 3742 3705 3804 πολλάς
3743 3759 3792 3795 τε

2171 3838 2313 3910 αὖτῴ
2371 3835 2752 3913 καθομολογῶν
2804 3837 2896 3899 τὰς
2949 3836 3204 3916 χάριτας,
3261 3838 3348 3892 καὶ
3406 3838 3508 3904 τὴν
3581 3833 3694 3909 δ’ψιν
3733 3829 3787 3896 ἣν

2173 3925 2375 4003 ἑώρακε
2432 3929 2530 3991 τῆς
2592 3925 2776 3988 νυκτὸς
2836 3923 3209 4004 διηγούμενος.
3273 3917 3330 3982 Ὀ
3405 3923 3461 3980 δὲ
3522 3927 3612 3981 οὐκ
3665 3923 3789 3990 αὖτῷ

2172 4014 2398 4090 μᾶλλον,
2449 4012 2583 4071 ἁλλὰ
2626 4019 2702 4087 τῷ
2747 4021 2861 4088 Θεῷ
2913 4015 3084 4070 πάντα
3133 4017 3206 4078 ὡς
3240 4013 3332 4070 ἐπί
3363 4015 3625 4096 συμφέρον
3655 4011 3785 4066 οἶκο·

2173 4111 2422 4184 νομοῦντι
2454 4101 2750 4182 λογίζεσθαι
2784 4104 3008 4182 παρῇνει
3039 4106 3140 4171 τὴν
3170 4105 3352 4184 χάριν.

2249 4181 2378 4250 NB‘.
2427 4181 2579 4249 Ἀλλ’
2623 4191 2768 4255 ὅπως
2827 4181 2886 4247 οὖ
2947 4193 3068 4258 τοὺς
3102 4181 3572 4273 καρ-ποφοροῦντας
3601 4191 3781 4268 Χριστῷ

450 4287 540 4341 sto
559 4279 1075 4360 offerebant,et,ut
1100 4277 1246 4338 dicit
1267 4277 1504 4340 divinus
1524 4279 1863 4358 Apostolus,
1887 4282 1946 4342 in
1974 4282 2084 4344 be-

2192 4281 2364 4353 ιὸνον,
2397 4284 2508 4357 καὶ,
2554 4284 2628 4344 ὡς
2687 4304 2847 4362 φησιν
2891 4285 2918 4338 ὁ
2962 4285 3106 4345 θεῖος
3141 4283 3500 4363 Ἀπόστολος,
3540 4281 3615 4339 ἐπ’
3644 4277 3777 4335 εὔλο-

452 4369 796 4430 nedictione
827 4368 1228 4441 seminabant,
1263 4366 1364 4427 ille
1422 4367 1846 4431 benedictione
1876 4372 2087 4452 dignos

2192 4375 2288 4449 τίας
2357 4371 2689 4450 σπείροντας,
2776 4371 3018 4448 εὖλογίας
3096 4371 3302 4437 ἐκεῖνος
3378 4375 3464 4430 καὶ
3535 4367 3774 4444 ἀποδοχῆς

449 4456 618 4521 duxit
648 4467 706 4518 et
735 4457 1168 4566 accipiendos‘;
1204 4456 1306 4517 sed
1342 4474 1444 4518 eos
1473 4458 1784 4539 etiam,qui
1808 4461 1866 4522 in
1892 4463 2084 4544 ipsum

2192 4460 2340 4535 λείου,
2384 4460 2542 4566 ιἱάλλιὶι
2594 4463 2684 4517 καὶ
2726 4462 2849 4525 τοὺς
2908 4460 3264 4541 μικρολόγους
3321 4463 3423 4541 γὰρ
3466 4465 3594 4540 πρὸς
3642 4461 3767 4566 τοῗτο

450 4555 621 4609 erant
642 4547 803 4628 parci
821 4555 877 4609 et
894 4545 1246 4622 illiberales,
1259 4547 1782 4626 prudentiratione
1795 4553 1922 4612 stud
1935 4554 2087 4614 uerit

2192 4550 2258 4607 ιαὶ
2290 4547 2580 4629 φειδωλοὺς
2627 4549 2865 4626 μεθόδοις
2929 4565 3175 4617 συνεταῐς
3223 4551 3473 4608 ἔσπευδεν
3521 4545 3758 4624 ὶπέγεσθαι

445 4636 737 4699 inducere
749 4638 821 4699 ad
841 4637 1627 4717 eleemosynam,declarant
1645 4641 1884 4718 quidem
1908 4643 2083 4704 etiam

2192 4641 2300 4718 πρὸς
2367 4638 2758 4715 ἓλεημοσύνην,
2833 4637 3054 4706 δηλοῦσι
3123 4639 3220 4716 μὲν
3265 4642 3352 4696 καὶ
3411 4639 3552 4698 ἄλλα
3599 4629 3758 4701 πολλὰ,

452 4726 636 4788 multa
665 4726 821 4804 alia;
856 4725 1183 4788 declarabit
1208 4733 1404 4787 autem
1438 4726 1638 4803 etiam,
1676 4729 1832 4808 quod
1865 4731 2084 4794 factum

2192 4727 2332 4794 ἷηλοϊ
2375 4727 2430 4784 δὲ
2461 4731 2549 4785 καὶ
2578 4731 2639 4785 τὸ
2670 4729 2754 4785 ἐπὶ
2799 4737 2878 4803 τῷ
2909 4728 3138 4805 Τρωίλῳ
3166 4736 3242 4804 τῷ
3273 4728 3552 4804 ἐπισκόπψ
3577 4724 3764 4805 γενόμε-

453 4825 545 4876 est
575 4815 638 4877 in
670 4815 934 4878 Troilum
967 4815 1340 4895 episcopum.
1371 4813 1519 4876 Eum
1554 4817 1736 4891 enim,
1759 4837 1893 4880 cum
1928 4833 2087 4884 esset

2192 4841 2282 4878 νον.
2342 4825 2543 4877 Τοῦτον
2592 4821 2688 4898 γὰρ
2741 4818 3066 4899 φιλάργυρον
3123 4819 3249 4876 ὄντα
3307 4822 3393 4876 καὶ
3423 4815 3768 4900 φειδωλότατον

443 4905 831 4969 avarissimus
862 4913 921 4967 et
953 4903 1359 4985 parcissimus,
1405 4905 1606 4966 statuit
1652 4907 1964 4972 traducere
2011 4913 2084 4973 ad

2192 4909 2244 4972 λὶς
2289 4907 2656 4986 ἒλεημοσύνης
2705 4907 2875 4986 ἔρωτα
2925 4912 3238 4984 μεταθεῖναι
3270 4907 3585 4985 διεσκέψατο
3620 4901 3768 4981 τρόπιν

443 5013 711 5057 amorem
726 4995 1120 5075 eleemosynae
1132 4993 1244 5055 hoc
1258 4993 1521 5056 modan
1537 4997 2079 5080 ptochotmpliium,

2192 4995 2355 5072 τοιῷδε
2391 5017 2406 5035 ο
2445 5000 2532 5061 Εἷς
2563 5000 2624 5054 τὸ
2680 5012 3128 5079 πτωχοτροφεϊον
3160 4998 3289 5078 ὅπερ
3315 4999 3473 5065 αὐτὸς
3502 4998 3565 5067 ἦν
3592 4989 3764 5080 οἰκοδο-

449 5085 605 5164 quod
635 5083 766 5166 ipse
796 5090 1302 5164 construxerat,ut
1323 5079 2084 5170 solebat,vadens,assumit

2192 5089 2509 5165 ιησάμενος,
2585 5089 2723 5146 κατᾶ
2769 5090 2829 5145 τὸ
2895 5090 3112 5157 σύνηθες
3181 5091 3375 5166 ἀπιὼν,
3421 5091 3510 5146 καὶ
3561 5079 3764 5166 Τρώῖλον

445 5176 624 5237 etiam
659 5176 954 5240 Troilum.
989 5175 1172 5256 Cujus
1217 5177 1496 5238 comitem
1541 5197 1674 5240 cum
1707 5183 2079 5262 cognovisset

2192 5176 2613 5256 παραλαμϐάνει,
2663 5177 2723 5235 οὗ
2763 5179 2854 5235 τὸν
2911 5177 3196 5236 ἀκολουθον
3225 5181 3298 5244 ὡς
3331 5178 3489 5258 ἔγνω,
3523 5175 3764 5262 τριάχογτι

449 5263 678 5330 habere
708 5267 766 5328 in
803 5268 936 5329 sinu
961 5265 1202 5344 triginta
1230 5265 1415 5329 libras
1435 5268 1589 5341 auri;
1616 5258 1806 5346 Sunt,
1824 5271 2079 5354 inquit,a

2194 5270 2252 5324 οὗ
2324 5268 2545 5348 χρυσίου
2625 5266 2804 5346 λίτρας
2875 5268 3371 5347 ἐγκεκολπωμένον,
3446 5258 3764 5347 Θεραπευτέον

442 5360 503 5416 te
566 5355 748 5418 hodie
803 5354 1076 5427 curandi,
1132 5357 1510 5418 sanctissime
1537 5356 1760 5435 Troile,
1796 5363 1982 5424 nostri
2012 5365 2074 5426 in

2200 5379 2224 5414 ε
2270 5360 2529 5439 σήμερον,
2583 5358 2802 5439 ἔφησεν,
2858 5360 3106 5438 ἱερώτατε
3159 5359 3389 5440 Τρώῒλε,
3423 5361 3545 5423 τοὺς
3580 5361 3628 5412 ἓν
3654 5357 3762 5440 ξρι-

457 5441 692 5507 Christo
721 5445 964 5510 fratres.
999 5443 1103 5507 Ille
1130 5453 1327 5507 autem
1378 5456 1655 5528 tanquam
1691 5467 1762 5511 eo
1793 5469 2076 5518 sermone

2192 5455 2278 5523 τῷ
2325 5451 2484 5527 ἡμῶν
2515 5438 2814 5529 ίάδελφούς,
2871 5440 2936 5516 Ὀ,
2973 5447 3028 5505 δὲ
3087 5450 3266 5531 ὥσπερ
3335 5438 3423 5507 τον
3483 5449 3632 5529 λόγον
3669 5438 3764 5496 δια·

526 5619 662 5700 (15)
692 5621 773 5684 At
800 5619 1081 5682 Leontius
1110 5620 1263 5683 hanc
1293 5640 1527 5707 quoque
1551 5626 1635 5689 ait
1662 5627 1929 5712 periisse,
1964 5634 2142 5701 unica
2169 5633 2398 5718 scapha
2429 5625 2609 5702 alia.
