4006 6138
197 267 311 333 941
1230 276 1412 343 VITA
1461 281 1522 344 s.
1567 244 1891 347 .lOANNIS
1938 284 2085 346 ELE
2104 277 2608 349 EMOSYNARII.
3492 278 3612 357 942

191 410 456 500 τραπεὶς,
478 411 579 500 Ακαὶ
623 411 701 482 μὴ
736 410 1027 500 γλίσχρος,
1079 411 1208 469 ἀλλ’
1251 417 1668 496 ἁπλοΐκώτερος
1727 418 1867 495 μᾶλ-

1960 420 2188 497 pudore
2222 426 2448 500 motus,
2480 429 2541 481 et
2589 419 2793 482 volens
2822 439 2942 483 non
2975 421 3301 485 existimari
3346 433 3518 488 tenax
3547 434 3609 490 et

198 497 298 552 λον
333 497 672 574 ὑπειλῆφθαι
705 499 1049 576 βουλόμενος,
1084 502 1354 582 ἐπιτρέπει
1397 509 1471 581 τῷ
1499 510 1563 563 τὰ
1614 510 1867 587 χρήματα

1960 508 2259 583 sordidus,
2289 511 2393 571 sed
2423 497 2620 589 potius
2654 508 2908 590 simplex
2943 518 3003 572 et
3034 510 3325 591 liberalis,
3347 513 3522 593 jubet
3548 514 3606 578 ei

195 587 656 666 πεπιστευμένῳ,
706 588 914 662 ἑκάστῳ
970 597 1074 646 τῶν
1121 592 1298 650 ἐκεῖσε
1344 598 1588 667 πενήτων
1634 598 1732 653 ἀνὰ
1776 596 1867 653 νό-

1960 597 2050 658 cui
2076 598 2322 661 creditae
2347 587 2584 660 fuerant
2609 587 3232 681 pecuniaa,unicuique
3263 587 3608 684 eorum,qui

194 698 388 748 μισμα
426 690 766 756 παρασχεῖν,

1960 686 2077 749 illic
2106 696 2300 763 erant,
2336 706 2688 768 pauperum,
2723 687 2996 768 praebere
3026 708 3212 752 unum
3264 709 3601 755 nummum.

2041 775 2186 839 LIII.
2224 776 2371 840 Cum
2421 794 2559 840 vero
2593 784 2779 839 totum
2831 796 3038 840 aurum
3063 778 3186 858 jam
3219 779 3428 843 fuisset
3455 798 3606 843 con-

1958 873 2286 945 sumptum,
2322 872 2386 928 et
2424 865 2780 928 adventitius
2811 866 2912 929 ille
2943 878 3002 930 et
3052 886 3172 930 non
3205 886 3274 931 ex
3294 868 3609 933 affectione

1956 953 2135 1015 ardor
2163 953 2235 1015 ad
2270 955 2708 1035 eleemosynam
2741 955 2950 1019 fuisset
2981 955 3390 1035 refrigeratus,
3415 958 3610 1037 gravis

1956 1042 2126 1103 dolor
2157 1051 2217 1103 et
2246 1059 2462 1121 magna
2493 1043 2847 1122 paenitentia
2871 1042 3118 1106 incessit
3138 1044 3606 1108 involuntarium

1955 1128 2422 1207 benefactorem.
2447 1131 2699 1192 Domum
2727 1130 2933 1211 itaque
2963 1150 3269 1209 reversus,
3295 1133 3605 1215 inopinato

1956 1219 2205 1281 horrore
2238 1228 2295 1279 et
2325 1217 2491 1280 febre
2523 1228 2858 1300 correptus,
2893 1220 3292 1283 decumbebat
3322 1220 3384 1283 in
3412 1221 3598 1297 lecto,

1955 1309 2100 1370 Cum
2137 1318 2292 1370 esset
2321 1318 2519 1370 autem
2543 1309 2667 1387 jam
2703 1309 2849 1371 hora
2879 1308 3138 1390 prandii,
3174 1329 3311 1372 eum
3343 1310 3417 1373 ad
3447 1329 3603 1374 con-

284 763 425 828 Nl",
497 758 587 829 Ὠς
633 765 686 822 δε
730 774 833 823 τ.ἆν
880 768 985 837 ἤδη
1034 772 1275 832 ἀνάλωτο
1319 777 1380 832 τὸ
1420 776 1660 855 χρυσίον,
1706 779 1793 834 καὶ
1834 779 1869 845 ἡ

199 852 545 915 ἐπείσακτος
606 854 783 924 ἐκείνη
843 863 931 914 καὶ
984 861 1061 934 μὴ
1093 864 1226 918 κατὰ
1279 866 1340 921 τὸ
1395 852 1688 921 ἐνδιάθετον
1744 869 1872 944 πρὸς

200 941 595 1017 ἐλεημοσύνην
667 947 953 1026 θερμότης,
1027 950 1339 1031 ὑπόψυχρος
1401 954 1640 1031 ἐγεγόνει
1726 941 1871 1020 λύπη

196 1033 408 1110 βαρεῖά
475 1035 560 1089 καὶ
593 1032 736 1102 δεινή
767 1037 1095 1109 μεταμέλεια
1144 1043 1235 1096 τὸν
1267 1040 1515 1099 ἀκούσιον
1575 1041 1874 1116 ἐλάμϐανεν

193 1122 538 1200 εὖεργέτην.
611 1122 809 1181 Οῗκαδε
869 1126 1123 1202 ἐπανιὼν,
1185 1132 1343 1207 φρίκῃ
1415 1131 1707 1209 παραλόγῳ
1778 1136 1872 1190 καῖ

195 1217 426 1287 πυρετῷ
462 1210 793 1289 συλληφθεὶς
824 1214 1142 1283 κλινοπετὴς
1174 1218 1262 1286 ἧν,
1317 1218 1458 1287 ’Ἡδη
1492 1218 1545 1275 δὲ
1588 1227 1686 1287 τῆς
1737 1225 1871 1280 κατὰ

191 1301 257 1355 τὸ
324 1297 551 1378 ἄριστον
608 1302 748 1379 ὥρας
808 1303 1239 1387 καταλαϐούσης,
1273 1307 1449 1366 ἐκάλει
1498 1317 1682 1367 τοῦτον
1743 1334 1868 1368 συν-

194 1390 676 1464 εστιαθησόμενον
708 1394 849 1467 αὐτῴ
896 1396 1113 1470 πέμψας
1151 1400 1173 1453 5
1222 1401 1588 1479 πατριάρχης,
1638 1402 1787 1458 Ἐπεὶ
1817 1399 1867 1457 δὲ

1960 1396 2178 1458 vivium
2215 1399 2422 1459 invitat
2446 1397 2929 1477 patriarcha.Qui
2953 1418 3087 1459 cum
3113 1400 3444 1480 accepisset
3464 1418 3610 1483 que-

196 1481 536 1554 μεμάθηκεν
581 1479 727 1545 ὅπως
762 1481 906 1561 ἔχοι,
944 1487 1031 1540 καί
1068 1487 1167 1554 τὴν
1213 1490 1389 1545 αἰτίαν
1428 1494 1524 1548 οὐκ
1553 1490 1734 1565 ἠγνόει
1775 1497 1867 1558 τῆς

1960 1485 2343 1548 madmodum
2401 1505 2464 1547 se
2514 1485 2786 1560 haberet,
2840 1494 2898 1549 et
2943 1505 3185 1550 causam
3238 1479 3434 1553 morbi
3485 1479 3607 1551 non

194 1570 390 1642 νόσου,
465 1569 572 1648 οὔχ
648 1571 898 1645 ὑπέμεινε
972 1582 1156 1631 τοῦτον
1235 1577 1331 1644 μὲν
1407 1576 1650 1657 παριδεῖν
1710 1579 1867 1637 οὕτως

1960 1576 2281 1654 ignoraret,
2312 1594 2430 1636 non
2488 1574 2771 1637 sustinuit
2829 1594 2965 1638 eum
2999 1576 3238 1657 quidem
3294 1575 3612 1657 despicere

199 1658 470 1714 ἀνιᾶσθαι
515 1662 601 1714 καὶ
650 1661 909 1740 πάσχειν,
947 1665 1100 1726 αὐτὸς
1153 1664 1207 1721 δὲ
1252 1682 1529 1724 κοινωνεῖν
1583 1669 1865 1746 τραπέζης.

1960 1665 2045 1726 sic
2086 1664 2286 1726 vexari
2316 1672 2374 1725 et
2404 1664 2546 1744 pati,
2581 1682 2647 1727 se
2681 1673 2878 1726 autem
2911 1664 3063 1727 inire
3094 1664 3426 1728 convivium
3457 1686 3471 1729 :
3505 1664 3611 1729 sed

196 1745 355 1803 Ἀλλ’
428 1749 581 1811 5-303;
615 1751 844 1815 αναστὰς
902 1754 975 1817 ὡς
1021 1756 1178 1812 αὐτὸν
1234 1755 1537 1835 ἀφικνεῖται
1571 1760 1658 1814 καί
1713 1780 1867 1836 φησιν

1960 1754 2157 1815 statim
2192 1752 2547 1833 surgens,ad
2583 1755 2775 1832 ipsum
2807 1753 3058 1824 venit,et
3088 1754 3235 1818 dicit
3265 1753 3608 1818 subridens:

194 1838 565 1910 ὑπομειδιῶν
630 1841 718 1906 Μὴ
779 1841 897 1896 οἴου
954 1864 1046 1916 με,
1083 1842 1479 1923 συλλειτουργέ,
1541 1849 1680 1924 πρὸς
1729 1846 1866 1914 ἀλή-

1960 1845 2043 1907 Νε
2075 1851 2313 1922 putes,o
2347 1841 2782 1918 comminister,
2819 1862 2915 1905 me
2970 1842 3076 1906 tibi
3109 1862 3246 1906 vere
3271 1842 3515 1922 dixisse,
3543 1854 3612 1905 ut

193 1929 345 1981 θειαν
407 1926 687 2003 εἰρηκέναι
748 1951 829 1985 σοι
890 1929 1214 1988 καταϐαλεῖν
1274 1934 1482 1991 οἴκοθεν
1548 1949 1665 1998 τοῖς
1732 1936 1867 1990 κατὰ

1960 1951 1984 1994 e
2018 1932 2198 1993 domo
2232 1941 2332 1992 tua
2361 1930 2674 2008 largireris
2705 1931 2996 1995 fratribus
3026 1932 3362 1996 secundum
3388 1932 3602 1994 Deum:

199 2017 331 2071 Θεὸν
395 2014 683 2095 ἀδελφοῖς·
720 2015 859 2074 ἀλλὰ
922 2021 998 2095 τῷ
1059 2022 1136 2094 μὴ
1170 2022 1254 2078 ἐπὶ
1314 2038 1505 2102 χεῖρας
1543 2022 1690 2104 ἔχειν
1747 2024 1867 2082 τότε

1960 2021 2053 2083 sed
2088 2020 2368 2101 quoniam
2397 2028 2543 2083 tunc
2574 2038 2785 2083 aurum
2811 2040 2930 2084 non
2964 2020 3223 2085 habebat
3250 2020 3326 2084 ad
3358 2039 3604 2084 manum

198 2106 429 2183 χρυσίον
498 2108 589 2162 τὸν
653 2107 938 2166 ἀκόλουθον
1008 2113 1098 2166 τὸν
1157 2111 1284 2169 ἐμὸν
1343 2115 1414 2177 εἰς
1474 2111 1675 2171 δάνειον
1728 2110 1867 2187 παρᾶ

1960 2128 2158 2173 comes
2211 2127 2404 2191 meus,
2441 2109 2647 2190 accepi
2676 2127 2711 2170 ε
2745 2118 2799 2172 te
2859 2120 3088 2175 mutuo.
3124 2110 3294 2174 Nunc
3323 2129 3463 2174 vero
3493 2111 3606 2174 ad-

201 2204 299 2253 σοῦ
372 2192 601 2251 ἔλαϐον·
664 2199 749 2251 νῧν
814 2197 865 2252 δὲ
926 2199 1172 2276 πάρειμι,
1233 2202 1384 2280 φησι,
1438 2205 1531 2266 τὰς
1588 2204 1867 2281 τριάκοντα

1960 2218 2111 2273 sum,
2146 2198 2412 2276 triginta,
2449 2198 2660 2280 inquit,
2692 2199 2878 2261 libras
2928 2201 3001 2262 ad
3035 2211 3092 2262 te
3145 2201 3426 2273 atterens,
3460 2216 3608 2282 quas

200 2283 387 2362 λίτρας
436 2284 847 2363 ἐπιφερόμενος,
883 2286 1052 2356 ἅσπερ
1110 2288 1175 2357 δὴ
1235 2293 1321 2347 καὶ
1379 2294 1522 2355 σώας
1583 2291 1867 2367 ἀποδίδωμί

1960 2289 2132 2351 etiam
2158 2288 2347 2349 salvas
2380 2288 2567 2351 reddo
2600 2295 2716 2351 tua;
2737 2288 2962 2351 virtuti.
2985 2288 3305 2372 Postquam
3338 2307 3480 2366 ergo
3499 2307 3604 2351 so-

205 2393 299 2428 σου
334 2376 405 2441 τῆ
445 2373 639 2451 ἀρετῖλ,
692 2369 783 2439 Ὠς
830 2378 918 2431 οὖν
963 2375 1073 2434 εἶδε
1104 2380 1267 2452 μόνον
1295 2382 1354 2436 τὸ
1389 2383 1605 2460 χρυσίον
1639 2381 1692 2436 ἐν
1750 2398 1869 2445 ταῖς

198 2469 297 2518 τοῦ
375 2463 724 2543 πατριάρχου
793 2470 981 2544 χερσὶ,
1046 2469 1297 2544 κρείττων
1367 2470 1465 2541 μὲν
1532 2471 1704 2545 ῥίγους
1777 2471 1865 2545 ἦν,

208 2553 468 2628 κρείττων
505 2548 557 2606 δὲ
605 2559 708 2608 τὼν
742 2553 800 2609 ἐκ
844 2562 935 2610 τοῦ
988 2577 1202 2632 πυρετου
1258 2563 1462 2630 κακῶν,
1500 2556 1530 2623 ἥ
1565 2580 1620 2613 τε
1652 2556 1868 2633 δύναμις

204 2640 501 2720 ἐπανήκει,
550 2643 633 2698 καὶ
698 2645 795 2710 τὴν
855 2644 982 2718 ὄψιν
1036 2644 1202 2723 ἐγάνη
1261 2645 1405 2725 ἔχων
1468 2646 1723 2704 ἀνθοῦσαν
1781 2650 1870 2704 καὶ

209 2727 462 2805 θαλερὰν·
540 2732 609 2792 ὼς
680 2731 913 2793 ἐντεῦθεν
1001 2730 1160 2800 δῆλον
1230 2737 1468 2813 γενετθαι
1538 2733 1782 2802 δηλονότι
1841 2736 1868 2792 ὃ

214 2815 429 2882 πάντως
463 2817 720 2875 ἀποδοθαν
764 2823 864 2888 τὴν
907 2821 1050 2880 δόσον
1093 2822 1234 2903 ἔλυε,
1267 2831 1423 2882 τοῦτο
1473 2823 1535 2893 δή
1581 2828 1667 2882 καὶ
1716 2829 1866 2901 πρῶ-

216 2928 307 2963 τον
336 2907 641 2986 ἀφαιρεθὲν,
676 2911 753 2985 μὴ
785 2911 943 2968 οὖσαν
973 2911 1170 2975 ἐκάλει,

294 2997 433 3058 NA’.
476 2998 610 3063 Δοὺς
666 3001 754 3055 οὗν
786 3001 846 3055 τὸ
907 3004 1122 3080 χρυσίον
1158 3005 1228 3068 εἰς
1284 3003 1377 3067 τὰς
1411 3003 1612 3062 ἐκείνου
1670 3018 1865 3084 χεῖρας

1952 2378 2075 2440 lum
2106 2378 2247 2438 vidit
2274 2396 2485 2439 aurum
2512 2378 2572 2438 in
2610 2376 2884 2440 manibus
2905 2378 3602 2459 patriarchm,horrorem

1955 2468 2114 2542 vicit,
2154 2467 2306 2528 mala
2336 2465 2520 2529 febris
2573 2465 2874 2542 discessit,
2910 2467 3065 2530 vires
3095 2468 3148 2530 ei
3178 2466 3512 2546 redierunt,
3545 2475 3605 2530 et

1951 2558 2109 2618 visus
2166 2565 2224 2618 et
2253 2555 2481 2618 habens
2512 2555 2735 2617 vultum
2769 2555 3027 2620 alacrem
3089 2562 3150 2620 et
3176 2557 3486 2620 vividum:
3538 2565 3602 2620 ut

1952 2647 2092 2708 hinc
2143 2647 2309 2707 fieret
2343 2644 2746 2719 manifestum,
2788 2645 2943 2726 quod
2997 2645 3243 2708 omnino
3297 2645 3599 2709 redditum

1951 2735 2226 2797 morbum
2262 2734 2457 2808 solvit,
2493 2733 2607 2795 hoc
2638 2734 2813 2795 etiam
2849 2734 3107 2815 primum
3141 2733 3427 2811 ablatum,
3459 2752 3596 2797 eum

1950 2825 2178 2887 vocavit
2209 2842 2343 2886 cum
2377 2841 2493 2884 non
2527 2830 2709 2886 esset.

2030 3004 2179 3066 LIV.
2217 3000 2359 3066 Cum
2390 3020 2599 3065 aurum
2633 3021 2772 3082 ergo
2796 3001 2856 3064 in
2886 3002 3049 3065 illius
3083 3021 3295 3066 manus
3339 3000 3603 3067 dedisset

211 3085 237 3140 ὁ
297 3088 649 3166 πατριάρχης
697 3087 950 3156 ἐκστῆναι
1003 3092 1143 3167 αὖτῷ
1186 3114 1277 3150 του
1317 3096 1502 3166 μισθοῦ
1560 3094 1867 3172 γράμμασιν

1960 3092 2311 3175 patriarcha,
2338 3090 2671 3185 postulabat
2695 3099 2756 3153 ut
2785 3091 2932 3154 littei
2950 3092 3002 3152 is
3033 3093 3086 3155 ei
3110 3091 3598 3185 mercedecede-

212 3173 434 3249 ἀπῄτει.
506 3177 565 3233 Ὀ
599 3173 652 3233 δέ
708 3177 952 3262 ἀσμένως
983 3180 1083 3247 τὴν
1141 3183 1351 3260 γραφὴν
1383 3180 1691 3261 αὐτοχειρίᾳ
1740 3182 1863 3256 ξέει,

1960 3173 2063 3244 ret.
2093 3181 2203 3244 Ille
2228 3190 2429 3242 autem
2463 3180 2738 3242 lubenter
2768 3200 2877 3243 sua
2909 3199 3084 3242 manu
3115 3180 3440 3244 conscribit
3469 3200 3603 3262 syno

208 3261 443 3341 ἔχουσαν
496 3265 797 3331 ὁιπλοῖκώςι
840 3258 895 3325 Ὀ
930 3271 1059 3334 Θεὸς
1116 3276 1206 3326 τοῦ
1238 3258 1416 3334 ἐλέους
1586 3258 1684 3338 τῆς
1739 3274 1865 3349 φιλ-

1960 3271 2386 3352 grapham.qua2
2399 3269 2486 3330 sic
2505 3270 2950 3333 habebatzDeus
2966 3269 3395 3334 misericordiae
3408 3280 3465 3332 et
3485 3258 3605 3333 cle-

208 3355 535 3431 ανερωπίας,
602 3354 757 3410 αὐτὸν
817 3357 908 3412 τὸν
983 3360 1167 3432 μισθὸν
1234 3357 1430 3422 ἀπόδος
1511 3359 1736 3435 Ἰωάννῃ
1793 3361 1868 3434 τῷ

207 3440 320 3516 ἐμῷ
393 3440 639 3520 δεσπότῃ
696 3446 783 3501 καὶ
845 3448 1151 3527 πατριάρχῃ
1211 3449 1307 3514 τῆς
1371 3445 1713 3527 Ἀλεξάνδρου
1761 3455 1867 3505 τῶν

205 3534 499 3607 τριάκοντα
555 3532 647 3589 τοῦ
706 3536 925 3614 χρυσίου
984 3535 1177 3614 λιτρῶν
1235 3542 1342 3593 τῶν
1404 3537 1690 3614 παρ’ἐμοῦ
1747 3551 1862 3602 τοῖς

206 3618 394 3687 πένησι
461 3620 914 3696 διανεμηθέντων.
969 3623 1113 3702 Ἐγὼ
1157 3625 1256 3702 γὰρ
1314 3623 1586 3681 ἀπέλαϐον
1616 3627 1681 3682 τὰ
1735 3626 1861 3702 ἐμά.

208 3716 246 3764 0
306 3711 395 3765 οὗν
460 3715 808 3791 πατριάρχης
854 3709 1033 3769 λαϐὼν
1094 3714 1152 3769 τὸ
1213 3715 1574 3794 χειρόγραφον
1646 3737 1863 3786 συμπα-

206 3796 540 3881 ραλαμϐάνει
598 3801 850 3857 κάκεῖνον
889 3807 988 3868 τῆς
1039 3806 1304 3878 τραπέζης
1362 3804 1502 3877 αὐτῷ
1557 3803 1859 3881 μεθέξοντα.

205 3874 296 3943 ’⁸ον
360 3890 501 3962 μετὰ
532 3890 592 3945 τὸ
652 3902 848 3969 φαγεῖν
878 3890 1110 3947 omam
1167 3891 1488 3969 βουλόμενος
1521 3894 1548 3949 ο
1601 3896 1730 3958 Θεὸς
1774 3904 1868 3954 τοῦ

209 3976 412 4034 πολλοῦ
476 3976 638 4035 ὕπνου
701 3984 802 4046 τῆς
855 3979 1291 4060 φιλοχρηματίας
1343 3979 1722 4063 διαθαστῆσαι,
1754 4005 1865 4058 μα-

1953 3360 2415 3439 mentiaz,ipsam
2438 3359 2775 3420 mercedem
2800 3358 2987 3420 redde
3008 3357 3391 3435 Joanni,meo
3414 3359 3605 3420 domi-

1953 3469 2027 3512 no
2055 3459 2114 3511 et
2153 3448 2502 3529 patriarchae
2533 3447 2932 3520 Alexandriae,
2971 3447 3214 3527 triginta
3242 3448 3370 3510 auri
3411 3446 3601 3510 libra-

1947 3556 2229 3618 rum,que
2253 3555 2287 3599 a
2311 3555 2406 3598 me
2438 3536 3031 3598 fueruntdistributae
3062 3535 3446 3617 pauperibus.
3479 3536 3602 3616 Ego

1950 3627 2109 3691 enim
2133 3644 2266 3687 mea
2294 3624 2526 3705 accepi.
2559 3624 2902 3687 Patriarcha
2933 3642 3073 3704 ergo
3106 3633 3354 3705 accepto
3391 3625 3600 3688 chiro-

1949 3719 2366 3794 grapho,illum
2388 3732 2620 3789 quoque
2643 3717 2816 3774 simul
2849 3719 3059 3788 accipit
3091 3729 3307 3774 mensae
3339 3717 3601 3777 futurum

1952 3803 2333 3888 participem.
2370 3801 2582 3884 Quem;
2618 3822 2751 3864 cum
2784 3801 3171 3872 comedisset,
3195 3801 3603 3866 dormientem

1949 3896 2151 3957 voleus
2207 3892 2361 3959 Deus
2390 3893 2652 3953 excitare
2682 3909 2715 3953 a
2760 3890 2922 3971 gravi
2955 3909 3166 3952 somno
3225 3891 3511 3967 avaritiae,
3548 3900 3608 3954 et

1952 3985 2188 4047 efficere
2214 3991 2274 4045 ut
2294 3981 2473 4043 sciret
2495 3990 2715 4062 quanta
2744 3981 2923 4043 fuerit
2956 3979 3218 4062 privatus
3247 3998 3600 4043 remunera-

206 4068 313 4124 θεῖν
372 4089 432 4124 τε
476 4068 878 4147 παρασκευάσαι
936 4068 1058 4134 οἵας
1116 4069 1397 4149 ἐστέρηναι
1455 4070 1866 4146 μιοθαποδοσίας

207 4156 294 4211 καὶ
369 4161 707 4232 μεταμαθεῖν
779 4160 841 4215 τὸ
907 4159 1304 4239 φιλάνθρωπον,
1369 4159 1616 4217 ἔκστασιν
1688 4161 1865 4241 ὥσπερ

1960 4163 2128 4225 modo
2160 4160 2464 4234 ecstasim,
2500 4168 2560 4222 et
2609 4157 2921 4222 videbatur
2965 4158 3078 4219 sibi
3110 4155 3316 4219 videre
3357 4158 3601 4221 domum

211 4247 354 4319 αὒτῳ
399 4244 686 4327 ἐμϐάλλει,
729 4249 817 4305 καὶ
890 4251 1018 4326 ὁρᾷν
1090 4247 1260 4304 ἐδόκει
1335 4253 1490 4306 οἷκον
1566 4248 1867 4329 περικαλλῆ

1960 4255 2263 4328 quamdam
2289 4254 2743 4326 pulcherrimam
2767 4263 2821 4311 et
2852 4251 3407 4324 splendidissimam,
3434 4258 3489 4309 et
3506 4255 3605 4310 cui

208 4353 329 4388 τινα
397 4338 485 4390 καὶ
541 4335 951 4416 ὑπέρλαμπρον,
1003 4337 1116 4415 ὥρᾴ
1174 4358 1229 4392 τε
1289 4339 1374 4393 καὶ
1418 4338 1631 4416 μεγέθει
1685 4338 1867 4414 μηδενὶ

1960 4340 2247 4422 elegantia
2265 4355 2321 4402 et
2351 4339 2762 4417 magnitudine
2787 4337 2946 4400 nulla
2966 4345 3194 4418 poterat
3213 4335 3604 4400 conferri.Su-

210 4424 308 4478 τοῦ
338 4425 466 4480 ’ἱσου
504 4439 857 4506 παραχωρεῖν
904 4429 1274 4502 νομιζόμενον,
1307 4427 1419 4483 ἅνω
1478 4426 1531 4482 δέ
1560 4430 1654 4484 τοῦ
1683 4427 1867 4485 πυλώ-

1960 4450 2063 4513 pra
2085 4429 2442 4493 vestibulum
2467 4437 2662 4491 autem
2689 4428 3009 4507 inscriptus
3029 4434 3157 4488 erat
3175 4425 3383 4488 titulus
3402 4426 3604 4489 aureis

212 4532 304 4577 νος
364 4512 548 4570 τίτλον
583 4492 996 4596 ’ἐπίγέγράφθκι
1040 4492 1287 4597 ⁷ίρυσοῖς
1358 4517 1659 4595 γράμμασι,
1726 4520 1867 4586 Μονὴ

1960 4492 2203 4583 litteris:
2231 4518 2485 4582 Mansio
2532 4526 2592 4580 et
2624 4492 2893 4596 requies-
2916 4524 3157 4579 (eterna
3194 4514 3390 4578 Troili
3441 4521 3606 4596 epis-

214 4602 306 4690 καὶ
380 4604 719 4668 ἀνάπανασις
792 4607 974 4664 αἰωνία
1065 4606 1309 4685 Τρωίλου
1391 4614 1484 4663 τοῦ
1555 4605 1867 4677 ἐπισκόπου,

1960 4612 2116 4690 copi.
2143 4612 2461 4690 Postquam
2496 4626 2636 4670 vero
2673 4607 2766 4668 his
2793 4604 2963 4668 lectis
2998 4615 3087 4668 est
3115 4606 3367 4682 Iaztatus,
3393 4606 3607 4668 existi-

219 4678 310 4754 Ὠς
344 4692 434 4749 οὖν
484 4692 627 4761 ἥσθη
681 4702 848 4752 ταῦτα
881 4678 1162 4775 ἀναγνοὺς,
1198 4697 1439 4773 οἰόμενος
1471 4696 1532 4751 ἐκ
1574 4699 1666 4753 τοῦ
1712 4698 1867 4775 βασι-

1960 4678 2125 4761 mans
2147 4678 2390 4759 domum
2417 4696 2532 4759 sibi
2553 4696 2747 4758 datam
2771 4694 2954 4758 fuisse
2982 4696 3058 4757 ab
3083 4678 3466 4777 imperatore,
3496 4713 3605 4757 ac-

216 4775 353 4845 λέως
401 4780 667 4845 δεδόσθαι
734 4784 878 4858 αὐτῷ
936 4787 1025 4842 τὸν
1091 4789 1270 4860 οἷκον,
1327 4782 1732 4860 καταλαμϐάνει
1790 4809 1867 4851 τις

1960 4789 2112 4853 cedit
2133 4787 2472 4869 virquidam
2493 4784 2834 4865 insignis,et
2854 4784 2956 4866 qui
2973 4775 3429 4848 videbaturesse
3451 4802 3605 4847 unus

220 4865 355 4948 ἀνὴρ
420 4871 709 4953 ἐπιφανὴς,
742 4875 831 4930 καὶ
887 4873 971 4937 εἷς
1004 4874 1147 4931 εἶναι
1203 4880 1300 4942 τῆς
1333 4873 1637 4953 συγκλήτου
1682 4878 1867 4955 φαινό-

1960 4898 2034 4940 ex
2059 4865 2508 4957 senatu,habitu
2530 4873 2743 4935 similis
2767 4865 3397 4948 cubiculario,habens
3418 4889 3606 4953 quos-

221 4977 380 5044 μενος
444 4959 871 5043 κουϐικουλαρίῳ
928 4966 988 5020 τὸ
1065 4969 1260 5044 σχῆμα
1318 4964 1533 5038 ἐοικὼς,
1580 4966 1668 5021 καὶ
1728 4988 1867 5031 τινας

1960 4969 2092 5030 dam
2118 4966 2268 5028 alios
2288 4974 2425 5027 ante
2446 4983 2511 5026 se
2533 4961 3040 5035 ambulantes.Qui
3064 4970 3370 5043 postquam
3393 4978 3609 5042 appro-

222 5042 415 5115 ἅλλους
479 5049 624 5133 ἔχων
657 5042 818 5110 αὐτοῦ
870 5042 1360 5134 πρόπορευομὲνου,
1408 5053 1466 5117 ὅς
1515 5053 1630 5111 ἐπεὶ
1684 5052 1867 5134 ἥγγισε

1960 5056 2265 5139 pinquavit
2317 5052 2626 5130 vestibulo,
2660 5051 2959 5133 aspiciens
2994 5042 3077 5113 ad,
3111 5050 3404 5113 satellites
3453 5050 3603 5131 (l6),

1951 4073 2202 4153 tione,et
2226 4072 2485 4133 disceret
2503 4070 3014 4150 benignitatem,ei
3039 4069 3303 4131 immittit
3321 4069 3607 4150 quodam-

222 5137 298 5208 τῷ
355 5137 559 5197 πυλῶνι
600 5140 804 5200 ἀπιδὼν
863 5144 993 5222 πρὸς
1046 5144 1168 5207 τοὺς
1213 5142 1556 5223 δορυφόρους,
1612 5165 1872 5225 κατενεγ-

226 5238 341 5281 κεῖν
401 5227 655 5287 ἐπέταττε
715 5234 807 5288 τὸν
871 5232 1051 5290 τίτλον
1107 5236 1181 5296 ὡς
1240 5233 1437 5312 τάχος,
1484 5234 1768 5291 ἁντιθειναι
1820 5233 1874 5291 δὲ

226 5309 432 5392 ἕτερον,
464 5319 520 5377 ὃν
572 5322 600 5376 ὁ
647 5317 938 5396 δεσπότης,
972 5324 1127 5402 φησὶ,
1161 5325 1258 5389 τῆς
1314 5309 1638 5397 ὀἰκουμένης
1682 5324 1873 5382 κελεύ-

229 5421 411 5470 σειεν,
467 5404 699 5466 Ἐτίθετο
770 5410 945 5467 τοίνυν
1015 5412 1159 5473 εὐθὺς
1234 5410 1408 5488 ἕτερος
1452 5413 1670 5492 γραφὼν
1728 5412 1875 5495 ἒχων

310 5565 432 5651 (16)
464 5570 795 5634 Gentianus
824 5571 989 5651 [ores
1017 5569 1207 5633 vertit.

1956 5146 2126 5228 jubet
2148 5141 2590 5226 quamprimum
2619 5140 2800 5222 dejici
2826 5139 3055 5202 titulum
3087 5162 3100 5200 :
3131 5159 3243 5221 pro
3277 5139 3377 5200 illo
3408 5146 3606 5228 autem

1964 5227 2103 5317 poni
2151 5235 2362 5306 alium,
2395 5248 2597 5313 quem,
2644 5230 2861 5312 inquit,
2889 5229 3065 5309 jubet
3105 5228 3399 5317 Dominus
3444 5227 3609 5292 orbis

1958 5316 2158 5389 terrae.
2192 5321 2404 5384 Statim
2436 5329 2635 5382 autem
2661 5320 2769 5382 fuit
2799 5318 3051 5401 positus,
3078 5319 3233 5380 hanc
3263 5316 3489 5380 habens
3520 5317 3611 5379 in-

1958 5413 2350 5496 scriptionem
2384 5431 2398 5475 :
2435 5409 2678 5474 Mamio
2705 5418 2763 5472 et
2807 5412 3056 5488 requies
3082 5414 3315 5473 caterua
3348 5405 3613 5489 Joannis
