4006 6138
473 271 594 338 943

473 507 637 563 auri.
674 501 720 564 E
740 501 973 563 somnio
1005 498 1210 580 itaque
1239 518 1488 579 surgens
1518 501 1904 582 stupefactus,
1937 523 2123 584 expo-

476 590 597 652 suit
654 590 1006 671 patriarchaa
1063 592 1372 663 visionem,
1409 597 1467 650 et
1513 589 1643 669 ipse
1695 609 1866 652 suum
1917 593 2120 654 vitium

475 680 918 751 animadvertit,
955 686 1014 740 et
1061 695 1260 740 mores
1299 679 1565 753 mutavit,
1601 686 1659 741 et
1710 680 1906 743 facere
1955 683 2116 744 elee-

476 788 781 851 mosynam
815 769 1098 831 ardenter
1127 774 1215 829 est
1265 785 1570 846 agressus,
1607 775 1666 830 et
1696 787 1801 850 pro
1833 789 1928 847 eo,
1959 772 2117 850 quod

474 866 601 922 erat
653 860 818 939 prius
845 875 1058 938 parcus
1105 865 1164 918 et
1205 864 1401 932 tenax,
1437 857 1510 918 ad
1565 857 1827 921 dandum
1881 878 2117 922 manum

473 947 683 1010 habuit
712 945 1243 1028 promptissimam.

538 1126 667 1190 LX.
695 1125 810 1188 Sed
838 1125 1134 1207 Deus,qi1i
1165 1127 1441 1208 permisit
1459 1126 1596 1189 Jobi
1616 1128 1897 1209 dissipari
1919 1133 1980 1192 et
2001 1130 2121 1191 exi-

472 1216 671 1279 naniri
704 1216 942 1279 divitias
973 1217 1046 1278 ad
1079 1216 1210 1296 ejus
1250 1216 1484 1279 virtutis
1516 1217 1850 1280 faciendum
1878 1219 2118 1299 pericu-

469 1307 626 1382 lum,
660 1305 951 1387 permittit
978 1306 1157 1367 etiam
1207 1305 1427 1367 similia
1456 1307 1728 1369 accidere
1773 1309 1914 1369 huic
1944 1308 2118 1370 beato

469 1393 1035 1478 patriarchae.Erant
1059 1395 1218 1456 enim
1243 1395 1530 1456 tredecim
1558 1415 1737 1458 naves
1759 1398 1888 1477 ejus
1904 1396 2113 1459 Ecclev

471 1486 737 1567 sire,quaa
753 1485 997 1563 quidem
1021 1492 1280 1546 oneratae
1292 1503 1424 1546 cum
1449 1495 1651 1548 essent
1673 1487 1731 1547 in
1750 1487 1898 1548 mari
1916 1486 2120 1548 Adria-

1759 277 2039 342 MENSIS
2090 276 2545 345 JANUARIUS.

473 411 914 491 archiepiscopi
944 410 1393 491 Alemandrt'ni,
1422 415 1618 492 empta
1646 413 1907 491 triginta
1932 414 2103 475 libris
2124 423 2164 471 Α
2185 416 2390 472 τοιάνδε
2421 463 2432 475 .

3710 283 3812 350 944

2524 419 2674 482 Μονή
2761 418 2854 472 καὶ
2939 417 3233 481 ἆνάπουσις
3320 417 3512 473 αἰωνία
3595 416 3822 473 ’ωάννου

2211 506 2644 584 ἀρχιεπισκόπου
2757 504 3150 581 Ἀλεξανδρείας
3188 555 3203 585 ,
3285 508 3576 584 τριάκοντα
3657 505 3820 582 λιτρῶν

2209 597 2429 674 χρυσίου
2489 599 2775 673 πραθεῖσα.
2841 594 3192 662 ’Ἑκπληκτος
3251 596 3336 652 οὖν
3392 597 3508 652 ἀπὸ
3553 594 3646 651 τοῦ
3691 595 3824 651 ῗιπνου

2206 684 2489 749 διαταστὰς
2554 684 2806 761 ἐξηγεῖτό
2863 706 2919 740 τε
2962 692 3037 759 τῷ
3081 686 3395 764 πατριάρχῃ
3461 687 3526 741 τὸ
3559 683 3722 762 ὅραμα
3757 689 3826 743 καὶ

2205 776 2359 838 αὐτὸς
2404 775 2475 838 εἷς
2522 777 2860 840 συναίσθησιν
2927 773 3157 854 ἤρχετο,
3202 782 3295 831 του
3349 776 3558 850 τρόπου
3626 796 3680 829 τε
3720 795 3824 847 μετ-

2205 860 2486 943 εϐάλλετο,
2541 862 2636 918 καὶ
2681 865 2885 939 θερμῶς
2947 862 3282 938 ἐλεημοόνης
3343 862 3576 936 ἥπτετο,
3624 865 3706 918 καὶ
3743 863 3825 919 ἀπὸ

2203 962 2293 1011 τοῦ
2349 950 2608 1032 φειδωλὸς
2669 955 2810 1009 εἶναι
2871 953 2959 1009 καὶ
3029 952 3348 1032 μικρολόθος
3392 954 3539 1010 πάνυ
3594 954 3822 1030 προθυμο-

2201 1042 2371 1108 τάτην
2403 1041 2554 1122 ἔχειν
2601 1059 2696 1109 την
2744 1041 2938 1108 δεξιάν.
3815 1041 3820 1044 ’

2287 1130 2422 1192 ΝΕ¹.
2473 1130 2626 1188 Ἀλλ’
2660 1134 2687 1186 ὁ
2732 1133 2822 1188 τὸν
2881 1139 2975 1190 τοῦ
3020 1131 3146 1189 Ἰὼϐ
3204 1132 3434 1190 πλοῦτον
3468 1131 3612 1186 κατὰ
3672 1142 3825 1206 πεῖραν

2203 1226 2300 1286 τῆς
2343 1221 2537 1296 ἀρετῆς
2590 1221 2947 1300 ἐκφορηθῆναι
3009 1224 3416 1302 παραχωρήσας
3483 1221 3644 1295 Θεὸς,
3696 1218 3824 1292 ὅμοια

2204 1313 2291 1366 καὶ
2334 1316 2412 1384 τῷ
2451 1312 2697 1389 μακαρίῳ
2754 1312 2926 1386 τούτῳ
2977 1313 3290 1392 πατριάρχη
3355 1308 3638 1384 συμϐῆναι
3679 1330 3826 1386 παρα·

2203 1413 2400 1479 χωρεῖ.
2455 1409 2611 1477 Τρεῖς
2670 1401 2886 1479 καὶγὰρ
2938 1402 3023 1457 ἆπὶ
3055 1400 3178 1459 δέκα
3225 1402 3347 1468 νῆες
3395 1400 3544 1467 ἦσαν
3596 1403 3692 1464 τῆς
3730 1396 3828 1453 κατ’

2205 1491 2360 1546 αὐτὸν
2402 1488 2755 1565 Ἐκκλησίας,
2790 1490 2996 1552 αἵτινες
3026 1493 3219 1570 φόρτου
3247 1488 3505 1568 πλήρεις,
3542 1487 3632 1543 ὅτε
3663 1494 3733 1560 τῷ
3757 1494 3832 1542 τοῦ

475 1573 894 1649 tico,incidunt
917 1589 1128 1635 omnes
1157 1572 1337 1634 simul
1361 1573 1422 1634 iu
1449 1573 2115 1656 naufragium,peritque

2208 1577 2409 1657 Ἀδρίου
2468 1579 2776 1659 προσέσχον
2806 1579 3054 1660 πελάγει,
3090 1582 3323 1659 ναυαγίῳ
3370 1586 3551 1636 πᾶσαι
3583 1576 3704 1633 κατ’
3749 1578 3830 1632 αὖ·

473 1665 817 1728 universum
849 1681 1024 1745 onus,
1058 1663 1216 1744 quod
1250 1671 1378 1724 erat
1409 1672 1500 1725 ter
1531 1663 1693 1726 mille
1731 1674 1790 1726 et
1819 1673 2115 1728 trecenta-

2208 1670 2294 1724 τὸν
2336 1669 2734 1748 περιπίπτουσι,
2766 1671 2854 1727 καὶ
2885 1672 2912 1726 ὃ
2944 1671 3135 1748 φόρτος
3167 1669 3306 1734 ἄπας
3348 1667 3682 1740 ἀπόλλυται,
3714 1687 3833 1736 τρια·

476 1773 610 1817 rum
663 1753 952 1815 librarum
986 1753 1139 1814 auri.
1172 1751 1222 1814 li
1270 1769 1416 1832 ergo
1448 1753 1666 1831 quibus
1697 1753 1935 1816 fuerant
1963 1774 2115 1816 com-

2208 1760 2397 1814 κοσίων
2455 1777 2512 1813 τε
2543 1759 2633 1814 καὶ
2676 1757 2993 1837 τρισχιλίων
3041 1761 3208 1816 οὒσῶν
3252 1761 3345 1815 τοῦ
3376 1759 3610 1838 χρυσίου
3641 1754 3834 1831 λιτρῶν.

475 1844 682 1908 missae
712 1861 914 1918 naves,
950 1841 1316 1904 adducentes
1343 1843 1453 1904 has
1475 1843 1704 1919 inanes,
1730 1844 2034 1924 appellunt
2057 1845 2115 1906 in

2208 1850 2261 1905 Οἱ
2320 1850 2406 1903 οὖν
2440 1848 2505 1902 τὰ
2566 1846 2732 1904 πλοῖα
2763 1848 3176 1923 πεπιστευμένοι
3221 1849 3347 1904 κενὰ
3380 1847 3558 1904 ταῦτα
3617 1845 3836 1923 γέροντες

482 1942 721 2014 portum
752 1931 1129 1995 Alexandria
1164 1953 1176 1994 :
1226 1932 1341 2012 ipsi
1372 1942 1568 1994 autem
1615 1933 2010 2013 confugerunt
2057 1935 2115 1996 in

2208 1945 2275 2012 τῷ
2327 1937 2424 2004 τῆς
2481 1935 2874 2016 Ἀλεξανδρείας
2929 1940 3336 2016 προσορμίζοοσι
3382 1935 3595 2008 λιμένι,
3636 1932 3836 2015 φυγάδες

471 2023 789 2104 templum.
827 2021 993 2094 Quod
1014 2022 1255 2102 quidem
1292 2040 1427 2083 cum
1457 2023 1833 2101 cognovisset
1861 2023 2115 2104 patriar-

2208 2029 2346 2084 αὕτοὶ
2394 2030 2471 2101 τῷ
2503 2030 2611 2100 ναῷ
2654 2027 2956 2106 γενόμενοι,
3005 2025 3268 2104 ὅπερ[ὡς]
3304 2025 3569 2092 ἐπίδηλον
3628 2023 3837 2089 κατέστη

472 2111 738 2185 cha,Deo
769 2111 1009 2193 quidem
1035 2120 1279 2191 propter
1307 2111 1418 2172 hoc
1441 2131 1679 2192 quoque
1699 2113 1818 2191 agit
1847 2115 2064 2192 gratias
2098 2138 2113 2192 ;

470 2203 546 2264 ad
576 2201 714 2262 illos
765 2219 906 2263 vero
959 2200 1139 2263 mittit
1169 2200 1393 2262 litteras
1441 2202 1836 2277 remissionis,
1873 2221 1942 2264 ea
1995 2204 2119 2265 sola

472 2310 604 2373 quae
659 2290 770 2352 Job
827 2290 997 2366 dixit,
1031 2290 1261 2364 dicens,
1321 2290 1610 2352 Dominus
1654 2292 1845 2366 dedit,
1879 2293 2112 2375 fratres,

468 2381 762 2444 Dominus
809 2379 1073 2440 abstulit.
1108 2377 1476 2456 Egredimini
1509 2397 1674 2457 ergo,
1709 2390 1952 2461 propter
2004 2383 2116 2443 hoc

482 2469 714 2531 nullum
753 2469 1034 2530 timentes
1073 2468 1433 2548 periculum.
1468 2467 1756 2531 Dominus
1816 2470 1974 2532 enim
1995 2467 2120 2532 erit

471 2559 764 2621 sollicitus
803 2559 878 2620 de
907 2558 1190 2621 crastino.

525 2649 828 2712 LVl.Cum
861 2657 1057 2710 autem
1078 2647 1245 2710 multi
1263 2666 1340 2710 ex
1373 2648 1599 2710 civibus
1621 2650 1950 2712 venientad
1978 2671 2111 2713 eum

469 2741 1097 2820 consolandum,prior
1120 2741 1252 2821 ipse
1275 2740 1364 2802 eis
1384 2741 1688 2805 dixit:Non
1721 2753 1953 2822 oportet
1980 2761 2110 2817 vos,

473 2852 508 2894 ο
532 2831 1016 2908 fratres,tristitia
1037 2831 1198 2891 afﬁci
1231 2839 1472 2912 propter
1491 2833 1821 2910 periculum
1849 2833 2110 2907 navium,

2201 2123 2278 2190 τῷ
2319 2117 2657 2195 πατριάρχῃ,
2693 2123 2808 2189 Θεῷ
2853 2116 2949 2190 μὲν
3000 2117 3086 2172 κὰὶ
3136 2118 3307 2188 τούτῳ
3357 2120 3460 2184 τὴν
3509 2116 3675 2195 χάριν
3717 2115 3838 2187 ὁμο-

2199 2205 2372 2263 λοθεὶο
2421 2206 2642 2270 ἐκείνοις
2709 2204 2764 2260 δὲ
2819 2205 3030 2284 ἀφέσως
3086 2205 3379 2280 ὖπιπέμπει
3450 2215 3834 2281 γραμματεῖον,

2200 2299 2338 2371 μόνα
2389 2296 2451 2351 τὰ
2482 2305 2576 2354 τοῦ
2628 2291 2753 2352 Ἰὼϐ
2779 2293 3046 2375 ὶπιλέιξε]
3094 2295 3247 2373 ἔχον.
3300 2285 3355 2352 εΟ
3389 2295 3584 2370 Κύριος
3640 2291 3833 2361 ἔδωκεν,

2200 2385 2434 2464 ἀδελφοὶ,
2470 2387 2497 2440 ὁ
2550 2385 2736 2463 Κύριος
2780 2383 3045 2463 ἀφείλετο.
3096 2383 3362 2449 Ἐξέλθετε
3414 2384 3596 2439 τοίνυν
3651 2379 3831 2454 μηδένα

2197 2476 2325 2554 ὑπὲρ
2395 2477 2582 2534 τούτου
2655 2472 2887 2530 κίνδυνον
2959 2474 3319 2554 ὑφορώμενοι·
3393 2473 3422 2528 ὅ
3494 2473 3684 2550 Κύριος
3749 2472 3832 2547 γὰρ

2197 2566 2314 2641 περὶ
2344 2568 2440 2629 τῆς
2487 2563 2666 2641 αὔριον
2710 2575 2970 2642 φροντιεῖ.

2276 2643 2423 2726 κζ’.
2480 2654 2611 2710 Επεὶ
2640 2651 2695 2707 δὲ
2742 2651 2932 2708 πολλοὶ
2961 2658 3070 2707 τῶν
3126 2655 3223 2720 τῆς
3257 2650 3468 2716 πόλεως
3508 2651 3730 2730 ἐφοίτων
3767 2649 3825 2709 ὡς

2198 2743 2355 2798 αὐτὸν
2408 2744 2481 2806 εἷς
2524 2740 2884 2820 παρακλησιν,
2949 2741 3150 2820 φθάσας
3211 2743 3391 2815 αὐτὸς,
3460 2740 3629 2799 Οὖδὲν
3686 2741 3820 2812 ὑμᾶς,

2194 2832 2323 2912 ἐφη,
2377 2837 2673 2912 προσῆκον,
2710 2829 2945 2908 ἀδελφοὶ,
2991 2831 3386 2907 σκυθρωπάζειν
3451 2830 3543 2886 ἐπὶ
3596 2836 3671 2903 τῷ
3725 2851 3821 2882 κιν-

473 2923 646 3003 cujus
676 2929 806 3002 ipse
837 2923 998 2983 solus
1027 2938 1156 2982 sum
1189 2938 1386 2982 causa.
1425 2919 1549 2981 Nisi
1589 2923 1747 2982 enim
1783 2939 2026 3000 magnos
2057 2930 2115 2983 et

2208 2920 2328 2995 Ξύνῳ
2404 2921 2623 3000 πλοίων,
2681 2919 2739 2977 οὔ
2823 2920 2985 2995 μόνος
3059 2920 3326 2987 κατέστην
3401 2920 3566 2980 αὐτὸς
3645 2915 3822 2976 αἴτιος.

473 3012 659 3074 elatos
683 3011 1077 3090 sumpsissem
1093 3009 1335 3087 spiritus
1349 3019 1594 3090 propter
1613 3010 1943 3072 alienorum
1968 3011 2116 3072 elar-

473 3029 659 3074 elatos
683 3029 1077 3090 sumpsrssem
1093 3029 1335 3087 Spll‘lulS
1349 3029 1516 3160 ιιι-οῗ

467 3102 782 3181 gitionem,
806 3100 930 3162 imo
951 3119 1092 3161 vero
1112 3097 1220 3161 Dei
1244 3100 1456 3179 ipsius,

467 3189 962 3252 cidisset.Volens
985 3189 1184 3269 itaque
1213 3188 1371 3250 Deus
1396 3208 1597 3251 meum
1630 3199 1921 3252 tumorem
1956 3208 2113 3251 com-

465 3281 752 3362 primere,
788 3281 1076 3361 permittit
1127 3280 1278 3341 hanc
1309 3278 1584 3341 accidere
1626 3278 1774 3340 mihi
1804 3280 2112 3342 calamita-

2198 3012 2256 3068 Εἰ
2289 3013 2367 3086 μὴ
2412 3013 2512 3090 γὰρ
2562 3010 3004 3088 ὑψηλοφροσύνης
3057 3011 3289 3084 ἡψάμην
3334 3009 3445 3087 ἐγὼ
3487 3009 3579 3066 ἐπὶ
3635 3013 3700 3082 τῇ
3741 3005 3825 3060 τῶν

1523 3119 1592 3161 oc
1616 3119 1982 3180 nequaquam
2010 3120 2113 3161 ac-

2208 3099 2490 3179 ἰλλοτρίων
2551 3098 2853 3177 μεταδόσει,
2915 3098 3118 3174 μᾶλλον
3171 3097 3226 3154 δὲ
3269 3105 3376 3155 τῶν
3433 3106 3532 3156 τοῦ
3577 3103 3709 3156 Θεοῦ
3749 3097 3826 3152 οὐκ

2196 3189 2258 3247 ἂν
2302 3187 2366 3257 δὴ
2407 3197 2564 3248 τοῦτο
2620 3186 2838 3256 συνέϐη.
2872 3187 3091 3264 Ἀμέλει
3145 3189 3233 3245 καὶ
3283 3187 3614 3265 βουλόμενος
3646 3189 3674 3242 ὁ
3717 3184 3825 3244 Θεὸς

2194 3281 2253 3336 τὸ
2284 3281 2508 3361 φύσημα
2549 3281 2610 3336 τὸ
2657 3278 2786 3354 ἐμὸν
2838 3276 3212 3352 καταστεῖλαι,
3246 3280 3347 3345 τὴν
3393 3278 3674 3358 συμφορὰν
3713 3273 3825 3330 ταύ-

465 3378 608 3431 tem.
644 3370 747 3431 Est
773 3370 933 3430 enim
960 3369 1338 3449 eleemosyna
1356 3388 1513 3448 saepe
1535 3387 1712 3430 causa
1731 3369 2028 3449 superbia;
2058 3371 2111 3431 ei

2208 3390 2293 3436 ςην
2343 3367 2608 3445 συμϐῆναι
2653 3381 3002 3448 παραχωρεῖ.
3039 3365 3195 3426 Οἶδεν
3243 3366 3589 3443 ἐλεημοσύνη
3642 3362 3826 3422 πολλάο

463 3461 565 3541 qui
591 3479 710 3521 non
734 3459 1008 3521 advertit.
1035 3462 1356 3538 Paupertas
1387 3468 1605 3534 autem,
1631 3459 1789 3520 sicut
1817 3461 2105 3540 scriptum

2208 3481 2276 3521 ιις
2307 3459 2756 3538 ὑψηλοφροσύνης
2801 3457 2941 3513 αἰτία
2975 3463 3047 3531 τῷ
3092 3456 3170 3532 μὴ
3201 3457 3533 3536 προσέγοντι
3585 3455 3817 3541 γίνεσθαι.

463 3539 576 3623 est,
600 3550 791 3611 virum
832 3548 1033 3609 reddit
1064 3548 1375 3612 humilem.
1408 3547 1530 3626 Ego
1561 3568 1691 3610 sum
1725 3548 1902 3628 igitur
1931 3539 2107 3611 causa

2208 3549 2340 3604 τενία
2389 3545 2468 3626 δὲ,
2506 3547 2640 3602 κατὰ
2673 3549 2730 3602 τὸ
2784 3544 3178 3624 γεγραμμένον,
3216 3543 3378 3620 ἄνδρα
3407 3555 3680 3601 ταπεινοῖ.
3730 3539 3818 3594 Δύο

463 3638 723 3700 duorum
759 3639 1093 3710 malorum;
1128 3637 1304 3698 unius
1336 3638 1603 3717 quidem,
1636 3640 1791 3719 quod
1827 3640 2106 3702 mercede

2208 3639 2469 3715 τοιγαροῦν
2531 3636 2642 3715 ἰγὼ
2672 3642 2852 3692 κακῶν
2898 3634 3094 3699 αἴτιος·
3142 3635 3256 3697 ἐνὸς
3301 3634 3426 3709 μὲν,
3463 3633 3546 3689 ὅτι
3605 3631 3693 3688 τοῦ
3730 3628 3817 3694 τῆς

464 3727 859 3806 eleemosynse
882 3727 1137 3806 privatus
1161 3746 1291 3788 sum
1318 3716 1559 3807 propter
1589 3716 1794 3789 vanam
1828 3729 2101 3808 gloriam;

2208 3725 2555 3801 ,λεημοσύνης
2612 3729 2801 3800 μισθοῦ
2845 3722 2926 3780 διὰ
2988 3721 3277 3788 κενοδοξίον
3337 3723 3654 3802 ἐστέρημαι,
3711 3716 3813 3774 ἐτέ-

463 3815 706 3878 alterius
727 3816 1054 3894 vero,quod
1078 3829 1321 3895 propter
1349 3806 1478 3876 eam
1509 3817 1817 3896 procuravi
1836 3806 2105 3880 amissio-

2208 3838 2279 3872 >ou
2338 3813 2417 3890 δὲ,
2456 3814 2536 3872 ὅτι
2586 3811 2656 3870 δι’
2715 3814 2880 3880 αὐτην
2914 3814 2999 3870 καὶ
3055 3814 3321 3870 τοσούτων
3370 3815 3669 3891 χρημάτων
3718 3806 3812 3862 ἃπ-

465 3923 602 3966 nem
632 3915 921 3966 tantarum
954 3906 1364 3984 pecuniarum:
1390 3917 1447 3967 et
1470 3926 1628 3967 nunc
1650 3908 1722 3968 ad
1751 3927 1842 3967 me
1874 3910 2103 3970 attraho

2208 3904 2382 3968 ολείας
2445 3903 2712 3971 κατέστην
2785 3901 3060 3983 πρόξενος,
3139 3903 3233 3960 Καὶ
3291 3909 3378 3958 νὺν
3464 3901 3633 3957 ἐλκύω
3697 3897 3808 3974 πρὸς

463 3994 809 4054 universum
826 3993 1122 4072 judicium
1145 3995 1641 4075 animarum,qua9
1662 3997 2011 4075 rediguntur
2032 3997 2103 4059 ad

2208 3995 2418 4068 ;μαυτὸν
2481 3992 2620 4050 ἅπαν
2677 3993 2739 4048 τό
2797 4005 2966 4071 κρῖμα
3027 3999 3133 4049 τῶν
3190 3991 3553 4066 στενουμένων
3615 3992 3805 4066 ψυχῶν·

463 4094 788 4161 angustias.
817 4083 934 4144 Sed
963 4085 1141 4156 Deus,
1170 4084 1401 4144 etiamsi
1428 4104 1543 4144 non
1580 4095 1821 4164 propter
1850 4106 1968 4157 me,
1997 4088 2104 4148 sed

2208 4083 2332 4151 πλὴν
2363 4087 2390 4140 δ
2426 4085 2584 4159 Θεὸς,
2615 4082 2713 4140 κᾶν
2741 4083 2818 4156 μὴ
2851 4081 2916 4137 δι’
2949 4081 3068 4162 ἐμὲ,
3102 4079 3224 4138 ἀλλ’
3255 4081 3344 4138 οὖν
3375 4086 3476 4148 τῆς
3515 4082 3617 4137 τῶν
3645 4076 3808 4164 διομε-

462 4179 660 4234 tamen
687 4182 927 4253 propter
955 4191 1182 4246 curam,
1209 4192 1381 4252 quam
1405 4174 1558 4251 gerit
1584 4163 1792 4235 eorum
1823 4177 1922 4255 qui
1945 4176 2105 4236 indi—

2208 4197 2295 4229 ρων
2338 4173 2500 4252 χάριν
2546 4170 2864 4247 κηδεμονίας
2909 4173 3151 4251 χορηγὸς
3215 4169 3360 4226 ἔσται
3409 4177 3519 4226 τῶν
3561 4170 3683 4246 πρὸς
3721 4163 3803 4227 τὴν

459 4271 624 4342 gent,
658 4260 1063 4341 suppeditabit
1096 4280 1187 4339 ea,
1226 4281 1356 4340 quas
1399 4273 1536 4324 sunt
1568 4264 1640 4325 ad
1671 4283 1846 4324 usum
1903 4284 2108 4327 neces-

2208 4264 2402 4342 (ρείαν.
2456 4264 2527 4319 Τὸ
2561 4263 2684 4340 γὰρ,
2718 4262 2789 4318 Οὔ
2843 4263 2920 4336 μή
2955 4281 3012 4317 σε
3059 4261 3191 4339 ἀνῶ,
3225 4257 3332 4319 οὐδ’
3366 4263 3425 4318 οὖ
3456 4261 3533 4335 μὴ
3575 4279 3627 4314 σε
3655 4258 3796 4331 ὲγκα-

459 4352 652 4412 saria:
688 4349 838 4409 illud
871 4351 1056 4425 enim,
1082 4349 1209 4412 Non
1245 4361 1301 4412 te
1333 4352 1648 4421 dimittam,
1688 4372 1885 4433 neque
1918 4363 1973 4416 te
2001 4374 2105 4417 re-

2208 4352 2418 4427 ιαλίπω,
2458 4351 2657 4408 ἐκείνου
2701 4351 2882 4428 λόγος,
2916 4352 3002 4406 καὶ
3035 4351 3219 4414 πιστὸς
3251 4351 3278 4405 ὁ
3338 4347 3789 4433 ἐπαγγειλάμενος.

462 4435 725 4537 linquam
750 4440 802 4537 7,
837 4438 910 4537 ab
963 4459 1033 4537 eo
1067 4441 1294 4537 dictum
1354 4449 1444 4502 est
1475 4459 1488 4502 :
1538 4442 1733 4503 ﬁdelis
1763 4429 1959 4505 autem
2015 4454 2105 4507 est

2208 4440 2365 4506 )iitwc;
2411 4444 2457 4497 οἱ
2516 4438 2882 4519 παρακαλέσαι
2942 4438 3322 4518 προσελθόντες
3361 4439 3475 4501 θτὸν
3529 4439 3675 4516 ἅγιον,
3704 4429 3786 4484 αὖ-

460 4526 563 4607 qui
611 4528 908 4606 promisit.
963 4531 1061 4592 Sic
1114 4531 1177 4604 ii,
1228 4532 1335 4609 qui
1384 4541 1670 4594 venerant
1703 4534 1774 4594 ad
1826 4543 2096 4595 sanctum

2208 4533 2268 4588 :oi
2340 4529 2545 4608 μᾶλλον
2588 4528 2681 4587 ὑπ’
2747 4531 2950 4587 ἑκείνου
3003 4526 3434 4606 παρακληθέντες
3495 4525 3776 4600 ἑπέμποντου

460 4617 920 4694 consolandum,
977 4620 1091 4700 ipsi
1141 4630 1278 4683 sunt
1335 4621 1538 4702 potius
1591 4622 1666 4683 ab
1702 4621 1808 4683 illo
1870 4623 2103 4686 dimissi

455 4717 700 4786 accepta
728 4708 1154 4771 consolatione.

521 4783 832 4860 LVII.Non
853 4798 1102 4860 multum
1139 4801 1422 4880 temporis
1454 4802 1842 4881 praeterierat,
1867 4810 1925 4864 et
1945 4801 2104 4864 Deus

2265 4790 2391 4863 NZ'.
2441 4800 2516 4859 Οὒ
2560 4798 2724 4864 πολῖις
2784 4797 3022 4877 παρῆλθε
3080 4797 3300 4878 χρόνος,
3338 4799 3427 4854 καὶ
3488 4799 3515 4853 ὃ
3557 4791 3668 4854 Θεὸς
3712 4783 3777 4881 δι·

457 4903 608 4947 novo
631 4884 783 4949 Jobo
803 4888 1068 4968 duplicat
1094 4877 1679 4972 facultateseratque
1703 4893 1760 4953 in
1781 4877 2002 4970 egenos
2026 4892 2100 4952 li-

2208 4891 2470 4962 τλασιάζει
2526 4897 2618 4946 τοῦ
2649 4910 2768 4946 νεου
2811 4885 2935 4945 Ἰὼϐ
2983 4889 3046 4945 τὰ
3085 4877 3437 4968 Ῠῦπάρχοντα,
3473 4888 3556 4943 καὶ
3584 4885 3642 4952 ἧν
3677 4877 3781 4972 πρῖξς

457 4973 720 5039 beralior
753 4987 812 5039 et
838 4964 1282 5040 muniﬁcentior
1315 4999 1486 5060 quam
1523 4964 1847 5060 prius;nori
1868 4983 1926 5042 in
1959 5000 2100 5060 ege-

2208 4983 2309 5047 ῖοὺς
2368 4979 2651 5057 δεομένους
2714 4964 3223 5058 μεγαλοψυχότερός
3249 4964 3322 5034 -τε
3379 4979 3467 5034 καὶ
3525 4964 3779 5060 πολυαρκέέ

457 5081 566 5126 nos
593 5066 783 5128 solum
818 5066 1266 5142 abundantiam,
1301 5055 1405 5131 sed
1439 5071 1496 5130 in
1524 5055 1634 5132 eos
1655 5055 1852 5146 etiam,
1888 5055 2104 5152 quibus

2208 5092 2372 5151 ιτερος
2417 5055 2542 5139 ἢὴτὸ
2587 5055 2866 5149 πρότερον,
2900 5069 2959 5124 οὗ
2989 5055 3140 5146 πρὸς.
3169 5068 3291 5130 τοὺς
3336 5065 3533 5132 ἐνδεεῖς
3561 5064 3699 5142 μόνον
3733 5055 3781 5111 τδ

454 5151 638 5215 ﬁebat
670 5156 912 5235 injuria,
946 5158 1268 5218 ostendens
1304 5151 1922 5222 commiseratione"):
1953 5161 2098 5223 Cum

2208 5160 2427 5236 ῖαψιλὲς,
2463 5158 2600 5214 ἀλλὰ
2631 5159 2716 5214 καὶ
2765 5159 2896 5234 πρὸς
2927 5157 3049 5221 τοὺς
3107 5154 3542 5230 διακονουμένους
3572 5153 3626 5208 τὸ
3665 5165 3778 5236 συμ-

453 5245 612 5304 enim
639 5232 749 5306 iret
770 5247 1090 5326 aliquando
1112 5247 1186 5308 ad
1222 5248 1459 5310 divinos
1488 5260 1772 5330 martyres
1803 5251 2016 5330 Cyrum
2045 5258 2102 5311 et

2208 5232 2348 5315 εαθὲς
2408 5232 2829 5324 ἐνδεικνύμενος..
2899 5246 3139 5304 Ἀπιόντι
3198 5245 3299 5326 γὰρ
3342 5266 3471 5302 ποτε
3527 5243 3645 5330 πρὸς
3681 5232 3780 5330 πρὸς

451 5330 746 5396 Joannem
802 5323 1172 5414 precaturus,
1223 5339 1472 5400 accessit
1523 5339 1596 5400 ad
1641 5323 1775 5401 eum
1831 5323 2097 5419 quaedam

2208 5340 2351 5402 μείους
2427 5323 2690 5418 μάρτυράς
2745 5344 2911 5416 Κῦρον
2953 5337 3042 5392 καὶ
3093 5323 3352 5403 Ἰωάννην
3424 5323 3779 5419 προσευξοιξᾷχφ

455 5409 1074 5502 paupercula,dicens
1106 5409 1172 5488 se
1195 5426 1376 5489 fuisse
1401 5447 1437 5489 a
1455 5445 1675 5507 genero
1703 5409 1865 5506 gravi
1883 5429 2104 5508 injuria

2208 5432 2320 5509 Γυνή
2381 5409 2461 5493 τίς
2505 5409 2740 5507 πενιχρὰ
2798 5409 3066 5504 προσῆλθε
3123 5426 3280 5506 βαρὺν
3335 5409 3478 5501 αὐτῇ⁷
3525 5422 3646 5500 πρὸς
3681 5409 3778 5470 ἄδι-

536 5579 567 5627 ’1
595 5577 782 5646 Hebr.
811 5598 943 5664 ιω,
978 5587 1048 5646 3t
1088 5602 1106 5661 ;
1135 5586 1260 5646 Jos.
1292 5603 1336 5662 ι,
1365 5589 1428 5648 5.
