4006 6138
185 305 331 372 945

1271 303 1460 369 VITA
1505 305 1566 368 S.
1610 301 1934 369 JOANNIS
1975 299 2620 366 ELEEMOSYNARII.

3510 296 3630 364 946

196 443 340 500 κίαν
414 442 788 501 ἑπιτεθιϊσθαι
845 441 936 497 τὸν
1021 437 1260 519 γαμϐρὸν
1339 437 1596 518 λέγουσα,
1661 440 1751 496 καὶ
1807 439 1907 507 τῆς

2005 439 2358 510 affectam,et
2378 456 2442 499 se
2461 437 2590 516 ejus
2611 434 2882 515 indigere
2903 433 3142 496 auxilio.
3169 434 3315 497 Cum
3336 433 3377 494 ii
3397 441 3626 511 autem,

197 531 358 611 παρ’
433 535 604 591 αὐτοῦ
660 529 862 588 δεῖσθαι
919 529 1190 606 βοηθείας.
1243 534 1359 587 Τῶν
1393 527 1480 584 οὖν
1512 527 1906 585 συνοδευόντων

198 622 376 696 αὐτῷ
465 621 528 678 ἐν
586 626 662 694 τῷ
733 619 1082 698 ὑποστρέφειν
1145 615 1612 694 συμϐουλευόντων
1673 617 1907 675 ἐπισκο-

201 718 417 779 πῆσαι
475 713 546 768 τὰ
601 711 720 768 κατ’
790 713 966 782 αὐτὸν,
1035 711 1062 765 6
1121 708 1410 785 συμπαθὴς
1461 708 1557 762 οὒκ
1614 706 1904 787 ἠνέσχετο,

202 800 500 857 ἐπειπών
539 816 552 831 ’
583 799 749 858 Ἀλλὰ
777 807 890 864 πῶς
921 801 948 854 6
983 799 1112 861 Θεὸς
1143 803 1210 873 τῇ
1261 799 1369 872 ιιμῆ
1417 804 1701 876 προσευχῇ
1732 818 1908 873 προσ-

203 889 357 964 έξει,
398 889 577 961 εἴπερ
607 888 716 966 ἐγὼ
757 889 856 956 τὴν
909 887 1074 954 αὗτῆς
1127 886 1434 963 ὓπέρθωμαι
1469 884 1646 952 δέησιν
1679 905 1694 961 ;
1726 887 1812 950 Τίς
1854 885 1908 942 δέ

202 1002 312 1048 μοι
354 982 462 1036 καὶ
503 981 600 1045 τὴν
631 977 808 1054 αὔριον
859 977 1186 1053 ἓγγυήσαιτο
1236 981 1357 1051 ζῇν,
1415 975 1610 1050 καὶμὴ
1645 977 1746 1052 πρὸ
1774 977 1906 1031 ταύ-

205 1074 324 1134 τῆς
365 1069 601 1142 μᾶλλον
633 1067 949 1124 ἀποθανόντι
980 1063 1365 1142 ἀναπολόγητά
1422 1086 1514 1139 μοι
1572 1065 1637 1121 τὰ
1668 1067 1784 1141 περὶ
1813 1064 1908 1131 τῆς

204 1156 542 1224 δεηθείσης
578 1158 720 1213 εἶναι
754 1157 884 1233 πρὸς
929 1157 1020 1211 τὸν
1066 1155 1197 1210 Θεόν
1233 1173 1250 1230 ;
1312 1160 1490 1212 Ταῦτα
1523 1155 1710 1228 εἰπὼν,
1749 1151 1908 1212 οὐδα-

210 1254 352 1322 μῶς
421 1246 648 1314 ἀπέστη
704 1245 798 1301 τοῦ
856 1245 1045 1312 τόπου,
1097 1242 1199 1304 ἕως
1250 1243 1348 1308 τὴν
1409 1243 1783 1320 προσήκουσαν
1835 1248 1911 1314 τῷ

210 1336 440 1410 δικαίῳ
481 1337 651 1414 κρίσιν
685 1334 769 1391 ἰπὶ
790 1341 859 1411 τῇ
889 1331 1290 1412 γυναικὶιὲθετο,

337 1437 354 1452 ν
428 1425 447 1452 1
572 1425 596 1458 τι
784 1424 810 1445 ν
1014 1428 1038 1438 ~
1115 1421 1136 1439 ’κ
1256 1421 1265 1434 ι
1527 1419 1550 1440 ν
1711 1424 1721 1442 υ

307 1433 421 1484 {NH
467 1475 482 1488 .
527 1435 707 1488 Οδτως
753 1447 840 1480 ουν
885 1425 912 1479 6
971 1445 1078 1478 των
1111 1440 1376 1496 οεομενων
1409 1423 1482 1483 είς
1522 1443 1681 1499 ακρον
1713 1443 1908 1496 επιμε-

207 1517 542 1592 λούμενος,
578 1517 693 1594 περί
722 1537 866 1576 τινος
899 1512 1086 1576 παιδὸς
1139 1512 1368 1576 ἀκούσας
1423 1511 1608 1590 ἀνδρὸς
1669 1512 1908 1585 ἐλεήμο-

212 1630 346 1686 νος,
391 1609 478 1672 ὡς
515 1612 610 1662 τοῦ
645 1607 842 1684 πατρὸς
905 1606 1046 1677 αὒτῷ
1095 1601 1541 1673 τελευτήσαντος,
1575 1599 1751 1669 πολλὴ
1783 1608 1911 1658 τοῦ·

211 1720 321 1754 τον
373 1711 665 1775 κατεῖχεν
709 1693 879 1750 ἔνδεια
909 1691 993 1748 διὰ
1023 1693 1083 1748 τὸ
1114 1694 1207 1747 τὸν
1239 1695 1398 1749 αὐτοῦ
1431 1689 1630 1767 πατέρα
1665 1691 1910 1760 πενήτων

1992 529 2090 609 qui
2111 535 2278 591 erant
2300 529 2428 606 ejus
2447 528 2553 588 vite
2574 523 3238 599 comites,consulerent
3258 531 3322 584 ut
3351 522 3491 583 dum
3524 541 3624 584 re-

1991 617 2168 691 diret,
2204 618 2418 678 viseret
2450 626 2510 678 et
2545 615 2979 688 consideraret,
3014 633 3145 695 quae
3172 611 3242 674 ad
3276 631 3405 674 eam
3439 612 3632 693 perti-

1993 709 2508 782 nent;misericors
2529 706 2628 766 ille
2653 724 2768 766 non
2791 705 3092 776 sustinuit,
3109 703 3458 764 dicens:Sed
3483 721 3628 784 quo-

1995 798 2174 858 modo
2216 797 2371 859 Deus
2400 796 2663 858 attendet
2714 813 2874 856 meas
2914 811 3144 873 preces,
3179 793 3227 854 si
3273 811 3382 873 ego
3419 792 3632 855 dnll‘ero

1992 888 2121 967 ejus
2152 887 2680 968 supplicationem?
2709 884 2849 956 Quis
2872 890 3067 945 autem
3094 883 3473 963 ﬁdejusserit,
3503 883 3633 945 fore

1992 987 2054 1038 ut
2078 982 2262 1037 vivam
2297 975 2567 1056 usquein
2600 975 2756 1035 diem
2790 973 3138 1044 crastinum,
3174 983 3230 1034 et
3261 973 3459 1039 non.si
3492 982 3632 1034 ante

1993 1085 2121 1127 eam
2171 1068 2409 1140 moriar,
2449 1066 2709 1125 futurum
2761 1083 2854 1124 me
2893 1063 3046 1143 apud
3078 1063 3265 1123 Deum
3314 1063 3633 1123 inexcusa-

1996 1155 2176 1218 bilem
2205 1163 2448 1236 propter
2477 1157 2606 1234 ejus
2639 1153 3166 1233 supplicationem?
3197 1150 3335 1215 Haec
3367 1172 3498 1213 cum
3532 1151 3630 1212 di-

1994 1245 2201 1320 xisset,
2267 1244 2512 1303 minime
2561 1241 2876 1304 recessita
2926 1240 3081 1318 loco,
3143 1241 3336 1303 donec
3395 1240 3632 1303 mulieri

1985 1334 2212 1413 justum
2247 1332 2608 1394 reddidisset
2631 1330 2949 1411 judicium.

2047 1420 2361 1484 LVlIl.Hic
2383 1421 2652 1500 ergo,qui
2677 1439 2970 1482 summam
2993 1438 3199 1483 curam
3220 1421 3462 1501 gerebat
3480 1420 3638 1481 indi-

1993 1513 2284 1590 gentium,
2307 1529 2441 1571 cum
2467 1508 2789 1570 audivisset
2819 1508 2893 1571 de
2918 1510 3037 1572 filio
3059 1509 3168 1571 viri
3202 1509 3631 1586 misericordis,

1993 1601 2150 1682 quod
2171 1619 2306 1660 cum
2341 1608 2506 1680 pater
2522 1601 2651 1679 ejus
2681 1599 3057 1671 decessisset,
3083 1599 3135 1660 is
3168 1619 3378 1678 magna
3407 1600 3638 1664 labora-

1993 1698 2086 1752 ret
2108 1690 2658 1770 inopia,propterea
2680 1689 2838 1770 quod
2859 1699 3026 1769 pater
3056 1690 3184 1770 ejus
3201 1690 3490 1770 quidquid
3523 1693 3632 1754 ha-

215 1786 460 1862 μᾶλλον
514 1787 759 1864 γενέσθαι
821 1781 1046 1857 πατέρα,
1093 1782 1182 1838 καὶ
1225 1783 1354 1853 πρὸς
1409 1780 1598 1844 αὖτοὺς
1630 1787 1734 1836 πᾶν
1787 1780 1819 1836 6'
1861 1802 1910 1836 τι

2005 1780 2196 1855 bebat,
2235 1779 2508 1840 lubenter
2550 1779 3024 1859 consumpsisset
3065 1780 3125 1840 in
3161 1799 3455 1860 pauperes
3497 1800 3636 1844 eum

217 1876 547 1950 ἐκέκτητο,
596 1873 764 1940 ἡδέως
827 1871 1217 1949 ἐκδαπανῆσαι,
1251 1871 1434 1926 τοῦτον
1466 1867 1522 1924 δὲ
1553 1876 1622 1946 τῇ
1668 1869 1914 1941 Θεοτόκῳ

217 1964 546 2044 ἐπιτρίψαι
593 1963 733 2038 μόνῃ
780 1962 972 2039 Μαρίᾳ,
1034 1960 1097 2028 ἧς
1156 1961 1245 2016 καὶ
1296 1964 1374 2032 τῷ
1431 1962 1540 2032 ναῷ
1598 1958 1758 2015 νύκτα
1817 1958 1912 2015 καί

223 2053 361 2129 μεθ’
425 2054 646 2131 ἡμέραν
678 2049 1002 2129 προσήδρευε
1035 2067 1051 2084 ⁸
1091 2046 1482 2124 μετακαλεῖταί
1530 2069 1647 2102 τινα
1692 2050 1912 2122 νομικὸν

225 2149 326 2203 καὶ
389 2145 720 2209 ὅποτῖθησιν
765 2145 907 2214 αὐτῷ
940 2139 1073 2196 κατὰ
1111 2140 1172 2194 τὸ
1231 2138 1486 2194 λανθάνον
1541 2137 1799 2206 διαθήκην
1856 2140 1910 2193 ἒν

228 2235 478 2308 παλαιῷ
546 2233 725 2311 χάρτῃ
811 2228 1039 2310 χαράξαι
1104 2226 1289 2302 ἀνδρός
1346 2249 1492 2290 τινος
1557 2227 1911 2300 Θεοπὲμπτου

231 2326 456 2400 ὄνομα,
509 2321 666 2394 Ἐμὲ,
725 2321 975 2398 εἰρηκὼς,
1024 2317 1112 2374 καὶ
1183 2319 1274 2372 τὸν
1320 2315 1525 2392 πατέρα
1571 2323 1664 2372 τοῦ
1721 2314 1909 2380 παιδὸς

237 2415 517 2492 γνησίους
554 2412 738 2468 τούτου
789 2409 1035 2484 ἀνεψιοὺς
1085 2406 1464 2484 ἐμφαίνουσαν,
1524 2402 1794 2470 ὑποδεῖξαι
1853 2403 1908 2460 δὲ

228 2512 313 2578 τῷ
365 2501 534 2560 παιδί
579 2503 641 2557 τὰ
692 2505 789 2566 τῆς
836 2499 1094 2566 διαθήκης
1143 2495 1369 2551 ἰσότυπα
1404 2511 1416 2523 ⁸
1452 2494 1592 2551 ὥστε
1622 2493 1906 2572 πεπληρο-

233 2593 565 2671 φορημένον
626 2590 688 2644 τὰ
747 2588 862 2661 περὶ
930 2590 1029 2652 τῆς
1083 2584 1214 2662 πρός
1265 2604 1330 2655 με
1395 2582 1701 2671 συγγενείας
1735 2580 1903 2656 μηδὲν

236 2669 607 2751 ὅπεστάλθαι,
667 2676 806 2733 ἀλλὰ
859 2677 990 2752 πρὸς
1062 2673 1159 2740 τὴν
1221 2671 1357 2745 ἐμὴν
1419 2669 1750 2749 θαρῤούντως
1797 2672 1902 2752 ἀφ-

247 2769 467 2825 ικέσθαι
517 2767 853 2826 ταπείνωσιν,
904 2763 1126 2838 Γέγονεν
1173 2763 1260 2817 οὖν
1303 2762 1368 2815 τὰ
1411 2761 1580 2816 πάντα
1657 2761 1793 2815 κατὰ
1843 2761 1904 2816 τὸ

254 2861 406 2931 αὒτῷ
454 2856 635 2930 δόξαν,
664 2858 752 2912 καὶ
783 2855 947 2935 φοιτᾷ
979 2853 1070 2908 σὺν
1103 2856 1181 2924 τῷ
1211 2849 1312 2922 νέῳ
1343 2853 1472 2927 πρὸς
1507 2851 1596 2904 τὸν
1643 2850 1906 2927 πατριάρ-

253 2970 371 3027 χην
434 2951 462 3005 6
531 2948 775 3019 νομικὸς,
831 2945 866 3011 ἡ
925 2942 1192 3020 ἔγγραφος
1255 2939 1596 3018 ἐμφανίζεται
1655 2938 1909 3012 διαθήκη,

247 3036 529 3114 ὁμολογεῖ⁹
585 3037 685 3100 τὴν
734 3032 1041 3110 συγγένειαν
1085 3033 1111 3086 6
1142 3029 1336 3106 μέγας,
1373 3029 1775 3100 κατασπάζεται
1822 3031 1915 3084 τὸν

1997 1883 2186 1930 autem
2221 1872 2327 1929 soli
2363 1873 2461 1929 Dei
2507 1874 2729 1942 parenti
2753 1873 3210 1930 commendasset
3241 1875 3445 1939 Mariae,
3471 1877 3640 1948 cujus

2000 1959 2222 2037 templo
2245 1957 2547 2019 assidebat
2569 1967 2749 2020 noctu
2775 1966 2832 2018 et
2854 1957 3140 2039 interdiu;
3158 1960 3409 2020 accersit
3431 1980 3640 2042 quem-

1999 2048 2131 2108 dam
2164 2048 2593 2127 jurisperitum,
2620 2056 2676 2108 et
2703 2047 3038 2109 clanculum
3066 2048 3332 2127 jubet,ut
3367 2052 3426 2110 in
3450 2053 3637 2114 veteri

1997 2137 2200 2197 charta
2228 2137 2567 2198 conscribat
2599 2145 3014 2198 testamentum
3036 2138 3346 2216 cujusdam
3376 2139 3640 2215 viri,no-

1999 2227 2160 2286 mine
2190 2226 2605 2306 Theopempti,
2635 2227 2843 2288 (licens
2874 2227 2932 2288 id
2957 2229 3302 2301 ostendere,
3329 2229 3419 2291 Me
3450 2241 3506 2291 et
3532 2250 3639 2311 pa-

1998 2323 2144 2375 trem
2182 2315 2362 2392 hujus
2394 2314 2569 2392 pueri
2599 2333 2731 2376 esse
2763 2332 2933 2376 veros
2983 2325 3040 2376 et
3070 2335 3387 2396 germanos
3421 2337 3640 2381 conso-

1996 2403 2290 2464 brinoszet
2315 2403 2592 2464 ostendat
2622 2421 2804 2483 puero
2833 2405 3174 2485 exemplum
3203 2408 3642 2484 testamenti,ut

1993 2492 2215 2554 certior
2236 2493 2420 2553 factus
2441 2493 2516 2553 de
2541 2511 2631 2568 ea,
2657 2511 2788 2573 quae
2810 2492 2892 2553 illi
2920 2512 3153 2556 mecum
3191 2495 3644 2573 intercedit,co-

1989 2581 2454 2664 gnatione,nihil
2487 2583 2905 2657 formidet,sed
2930 2584 3218 2648 audacter
3235 2587 3307 2648 ad
3335 2607 3526 2650 meam
3553 2609 3646 2666 ve,

1991 2679 2112 2734 niat
2161 2673 2586 2736 humilitatem.
2622 2672 2796 2735 Facta
2845 2692 2986 2735 sunt
3016 2689 3218 2736 autem
3253 2677 3638 2760 omnia,sicu¢

1989 2764 2044 2826 ei
2078 2763 2263 2823 visum
2295 2762 2512 2837 fuerat,
2555 2773 2611 2824 et
2641 2782 2774 2824 cum
2808 2763 3194 2827 adolescente
3228 2767 3384 2828 venit
3413 2769 3486 2830 ad
3519 2789 3646 2849 pa-

1993 2853 2310 2914 triarcham
2337 2851 3056 2934 jurisperitus.Scriptum
3089 2854 3430 2918 ostenditur
3455 2866 3639 2921 testa-

2001 2950 2293 3006 mentum.
2351 2941 2682 3004 Conlitetur
2739 2960 2992 3022 magnus
3039 2943 3141 3004 ille
3199 2947 3645 3026 cognationem,

1999 3032 2382 3111 amplectitur
2402 3032 2846 3094 adolescentem
2882 3041 3160 3114 tanquam
3194 3037 3465 3112 germani
3496 3057 3645 3101 con-

249 3129 393 3202 νέον,
432 3128 534 3183 ἅτε
568 3126 787 3200 ἀδεψιοῡ
823 3122 1034 3202 γνησίου
1089 3122 1198 3179 υἱὸν
1228 3118 1625 3198 γνησιώτατον,
1662 3118 1916 3197 δωρεῖται

2006 3121 2232 3183 sobrini
2283 3123 2468 3182 filium
2519 3123 3070 3201 germanissimum,
3103 3123 3202 3184 dat
3230 3123 3286 3185 ei
3336 3127 3646 3205 pecunias,

249 3218 429 3289 τούτῳ
479 3217 776 3295 χρήματα,
821 3213 1096 3284 κτήματα,
1141 3211 1443 3286 περιουσίαν
1477 3205 1647 3272 ἄλλην
1683 3210 1913 3288 συχνὴν,

251 3307 527 3364 συνάπτει
589 3305 673 3359 καὶ
717 3303 923 3380 γυναικὶ
969 3306 1074 3355 τῶν
1127 3303 1430 3376 περιφανῶν
1489 3298 1624 3352 κατὰ
1657 3295 1916 3361 Ἀλεξάν-

250 3395 438 3473 δρειαν
477 3411 503 3426 ⁶
598 3393 684 3448 καὶ
761 3389 1145 3453 ἀποκαθίστησι
1222 3385 1288 3441 δι’
1349 3386 1529 3463 ὀλίγου
1589 3385 1641 3450 ἐξ
1698 3385 1916 3464 ἀφανῶν

253 3505 570 3562 γνωριμον,
635 3481 688 3546 ἒξ
744 3477 940 3544 ἀδόξων
996 3474 1226 3548 ἔνδοξον,
1281 3475 1499 3551 εὔπορον
1565 3474 1616 3539 ἐξ
1675 3474 1912 3553 ἀπόρων,

253 3572 562 3640 ὴποδεϊξαι
598 3567 896 3630 σπουδάσας
955 3566 1316 3632 ἀληθέστατον
1375 3567 1516 3619 εἶναι
1549 3565 1610 3618 τὸ
1637 3563 1917 3620 θεσπέσιον

253 3663 437 3720 ἐκεῖνο
469 3660 653 3741 ῥῆμα,
687 3661 765 3734 μὴ
798 3655 956 3736 ἰδεῖν,
1007 3655 1186 3733 λέγον,
1249 3652 1452 3710 δίκαιον
1484 3652 1916 3730 ἐγκαταλελειμ-

257 3753 449 3829 μένον,
493 3749 633 3827 μηδὲ
666 3751 724 3804 τὸ
758 3748 970 3825 σπέρμα
1002 3745 1159 3802 cit-3:06
1191 3750 1386 3814 ζητοῦν
1419 3742 1634 3823 ἄρτους.

2007 3211 2596 3290 possessiones,alias
2616 3213 2828 3272 multas
2846 3212 3491 3294 facultates,conjungit
3513 3235 3648 3279 eum

2006 3301 2384 3362 matrimonio
2421 3300 2652 3361 cuidam
2688 3301 2905 3362 illustri
2935 3300 3174 3363 femina
3203 3302 3645 3382 Alexandrinae,

2005 3397 2063 3450 et
2097 3389 2260 3450 brevi
2293 3409 2427 3450 eum
2457 3389 2656 3452 reddit
2689 3408 2760 3450 ex
2788 3389 3040 3452 obscuro
3075 3389 3443 3469 nobilem,ex
3477 3393 3652 3474 abje~

2005 3490 2096 3538 cto
2144 3479 2460 3557 insignem,
2497 3498 2565 3540 ex
2624 3497 2885 3558 paupere
2914 3478 3162 3542 divitem
3197 3498 3211 3544 :
3269 3482 3518 3544 studens
3549 3502 3654 3547 os-

2005 3568 2251 3629 tendere
2303 3585 2432 3629 esse
2467 3567 2842 3630 verissimum
2870 3569 3143 3632 divinum
3195 3569 3339 3633 illud
3373 3572 3644 3651 verbum,

2005 3658 2158 3738 quod
2188 3657 2332 3720 dicit
2361 3675 2427 3719 se
2459 3676 2575 3718 non
2606 3657 2824 3720 vidisse
2847 3659 3082 3738 justum
3119 3659 3498 3740 derelictum,
3536 3681 3654 3726 ne-

2006 3765 2119 3829 que
2151 3765 2355 3810 semen
2388 3748 2519 3827 ejus
2552 3765 2826 3829 quaerens
2858 3765 3102 3827 panem.

1775 3901 2022 3972 CAPUT
2095 3908 2164 3970 X.

1452 4065 1734 4128 Historia
1775 4066 1845 4130 S.
1912 4069 2132 4134 Vitatis
2186 4072 2495 4134 monachi.

360 4233 473 4293 NB'
489 4280 504 4294 .
541 4231 762 4307 ’Έτερος
811 4230 865 4287 δέ
922 4252 1001 4295 τις
1058 4231 1162 4286 τῶν
1194 4226 1483 4306 γερόντων,
1521 4226 1652 4305 ἀνὴρ
1683 4231 1923 4309 μοναχδς

2078 4234 2214 4292 LIX.
2239 4232 2406 4292 Alius
2428 4243 2618 4292 autem
2641 4236 2871 4308 quidam
2898 4250 3074 4294 senex
3102 4239 3550 4312 monachus,qul
3572 4243 3665 4298 vi-

279 4326 372 4380 καὶ
431 4323 548 4399 βίου
627 4320 790 4392 ἄκρου
858 4315 1276 4392 ἐπειλημμένος,
1362 4313 1610 4381 Βιτάλιος
1671 4316 1925 4394 τοῦνομα,

285 4411 568 4490 διάπειραν
622 4417 714 4466 τοῦ
763 4410 998 4486 μεγάλου
1042 4406 1383 4482 ποιούμενος,
1415 4406 1458 4459 εἰ
1508 4406 1637 4482 πρὸς
1680 4420 1796 4472 τοῖς
1830 4407 1931 4463 ἄ).-

287 4499 404 4563 λοις
466 4504 551 4562 οἷς
607 4499 725 4579 ἔχει
769 4497 960 4558 καλοῖς
1016 4495 1132 4553 ουδὲ
1179 4493 1393 4554 εὔκολός
1428 4493 1538 4550 ἐστι
1587 4511 1931 4573 κατακρῖναι,

287 4597 360 4666 τῇ
389 4598 486 4646 τοῦ
519 4611 767 4667 μοναχου
811 4585 1099 4664 Σερίδωνος
1153 4582 1510 4676 ἒφῃσυχάζων
1557 4589 1716 4660 μονῇ,
1766 4608 1936 4642 κατα-

292 4677 557 4750 λαμϐἑνει
603 4679 701 4744 τὴν
751 4673 1176 4752 Ἀλεξάνδρειαν.
1211 4671 1369 4730 "svo:
1402 4671 1466 4739 δὴ
1499 4675 1735 4750 γεγονὼς
1776 4674 1938 4731 πολι-

295 4768 439 4824 τείαν
495 4767 728 4843 μέτεισι,
777 4767 908 4842 πρὸς
970 4765 1066 4840 μὲν
1122 4762 1428 4840 ἀνθρώπους
1482 4764 1572 4816 καὶ
1615 4760 1732 4817 λίαν
1763 4762 1939 4820 εὗδοά-

297 4853 523 4936 ϐλητον,
585 4857 675 4913 καὶ
723 4853 989 4911 σκάνδαλα
1022 4866 1140 4917 τοῖς
1172 4850 1397 4914 πολλοῖς
1429 4848 1662 4907 πλεῖστα
1691 4854 1938 4928 ἐμποιεῖν

301 4944 624 5021 δυναμένην,
684 4945 814 5022 πρὸς
851 4945 982 5000 Θεὸν
1035 4941 1089 4998 δὲ
1134 4943 1222 4997 καὶ
1267 4937 1466 5018 σφόδρα
1513 4942 1936 5020 κεχαρισμένην.

306 5034 567 5091 Εἰσελθὼν
610 5036 710 5113 γὰρ
739 5036 836 5101 τὴν
884 5031 1042 5088 πόλιν
1073 5031 1100 5087 6
1141 5030 1334 5108 γέρων,
1369 5028 1655 5095 ἑξηκοστὸν
1690 5029 1793 5098 ἠδη
1828 5031 1941 5098 ἔτος

301 5122 708 5202 ὑπερϐεϐηκὼς,
743 5122 897 5202 ἔργον
929 5121 1047 5200 [ἦν]
1093 5120 1237 5199 ἔχω»
1283 5117 1540 5194 ἐπιμελὲς
1588 5120 1680 5181 τὰς
1741 5121 1794 5176 ἓν
1824 5135 1941 5186 τοῖς

305 5216 717 5291 χαμαιτυπείοις
751 5213 922 5277 πάσας
954 5210 1352 5289 ἀπογράφεσθαι
1405 5207 1628 5286 πόρνας.
1665 5209 1942 5291 ’Ἂρχεται

305 5301 359 5355 δὲ
417 5304 503 5358 καὶ
560 5302 748 5365 μισθοῦ
834 5299 1095 5358 δουλεύειν
1173 5297 1517 5375 ὁμολογήσας
1578 5296 1780 5356 δώδεκα
1847 5302 1943 5369 τῆς

310 5391 508 5467 ἡμέρας
541 5391 658 5448 ὀδῶ
674 5393 760 5454 οὺς
818 5389 1109 5466 λαμϐάνειν
1143 5405 1158 5420 ⁶
1213 5391 1287 5444 ὧν
1321 5394 1410 5443 τοῦ
1440 5386 1537 5461 μὲν
1573 5388 1688 5453 ἐνὸς
1720 5389 1944 5469 θέρμους

311 5479 634 5560 ὠνούμενος,
665 5481 881 5546 τούτους
941 5481 1077 5556 μετὰ
1131 5477 1328 5552 δυσμὰς
1359 5475 1618 5554 ἐσιτεῖτο,
1667 5480 1790 5544 τοὺς
1823 5481 1943 5539 λοι-

389 5637 421 5690 8
443 5637 600 5706 Psal.
635 5655 835 5718 xxx",
864 5639 966 5706 25.

2014 4326 2130 4407 tam
2152 4320 2364 4398 agebat
2388 4321 3453 4401 perfectam,nomineVitalis,volens
3472 4326 3666 4407 magni

2015 4405 2262 4470 Joannis
2284 4410 2481 4472 facere
2509 4412 3018 4492 periculum,num
3041 4421 3258 4492 praeter
3278 4414 3553 4497 alia,quae
3569 4405 3669 4478 ha-

2023 4497 2198 4560 bebat
2221 4499 2484 4570 bona,ne
2511 4509 2668 4562 esset
2688 4501 2926 4582 quidem
2953 4501 3144 4562 facilis
3174 4503 3244 4564 ad
3271 4505 3672 4570 condemnan-

2023 4588 2334 4664 dum,cum
2359 4591 2626 4668 quietem
2660 4590 3034 4653 etsilentium
3057 4595 3339 4671 ageretin
3373 4607 3670 4659 monaste-

2021 4683 2110 4740 rio
2139 4684 2329 4752 magni
2351 4683 2834 4750 Seridonis,venit
2853 4685 3408 4752 Alexandriamﬂuo
3429 4704 3560 4746 cum
3582 4705 3672 4748 ve-

2022 4769 2221 4832 nisset,
2245 4780 2475 4826 exercet
2500 4771 2630 4827 vitm
2651 4785 2856 4841 genus.
2880 4770 3036 4842 quod
3057 4773 3208 4842 apud
3241 4772 3508 4830 homines
3527 4776 3669 4845 qui-

2023 4854 2147 4908 dem
2167 4863 2244 4908 est
2267 4853 2426 4910 valde
2451 4855 2797 4924 probrosum
2821 4856 3210 4913 etobnoxium
3234 4859 3673 4932 vituperationi,

2023 4948 2079 4995 et
2099 4939 2253 5008 quod
2277 4941 2470 4996 multis
2493 4940 2700 4997 afferre
2725 4950 2908 5011 potest
2925 4940 3454 5011 oﬂensionemmeo
3476 4953 3673 5002 autem

2027 5031 2153 5084 erat
2177 5022 2346 5083 valde
2367 5025 2945 5103 gratumJngressus
2959 5024 3120 5086 enim
3143 5024 3436 5088 civitatem
3463 5045 3672 5110 senex,

2021 5117 2145 5196 jam
2171 5116 2474 5194 sexaginta
2497 5136 2687 5179 annos
2713 5128 2887 5180 natus
2913 5127 2970 5180 et
2997 5119 3272 5199 amplius,
3312 5138 3483 5181 suum
3516 5121 3578 5182 in
3611 5122 3675 5184 id

2031 5209 2372 5271 conferebat
2401 5210 2686 5290 studium,
2724 5219 2784 5272 ut
2817 5211 3184 5274 describeret
3213 5231 3423 5274 omnes
3469 5232 3672 5278 mere-

2031 5309 2373 5382 trices,qua9
2397 5313 2568 5365 erant
2594 5304 2654 5366 in
2683 5303 3052 5385 prostibulis.
3073 5307 3258 5368 Porro
3288 5315 3482 5368 autem
3519 5307 3676 5372 inci-

2030 5393 2114 5472 pit
2141 5394 2319 5454 etiam
2346 5395 2572 5456 servire
2603 5393 2904 5469 mercede,
2941 5403 3110 5474 pacto
3141 5395 3333 5468 initio,
3369 5415 3434 5458 se
3462 5399 3676 5475 quoti-

2027 5482 2126 5545 die
2147 5482 2464 5546 duodecim
2486 5483 2696 5547 obolos
2724 5491 3398 5569 accepturum,quorum
3427 5504 3548 5551 uno
3578 5488 3675 5552 lu-
