4006 6138
429 321 548 394 94⁸7
1714 323 1995 390 MENSIS
2046 321 2085 386 Ι

2168 322 2497 391 ίΗΑΗΙΠὸ.
3678 328 3782 394 948

434 467 610 552 pinos
626 465 871 547 quidem
898 484 1125 543 emens,
1150 485 1251 531 eos
1273 467 1622 531 comedebat
1645 475 1776 547 post
1800 483 2074 528 occasum

2171 460 2296 525 ποὺς
2336 461 2389 518 δὲ
2434 465 2569 522 κατὰ
2608 462 2733 539 μίαν
2789 465 2895 521 τῶν
2952 464 3154 522 νυκτῶν
3204 464 3275 527 εἰς
3304 463 3438 539 μίαν
3472 468 3580 518 τῶν
3609 470 3793 540 πορνῶν

437 558 626 641 solis;
664 557 930 639 reliquos
949 568 1142 620 autem
1176 576 1292 620 una
1321 564 1498 620 nocte
1521 556 1722 629 dabat,
1753 556 1978 618 vadens
2005 554 2078 615 ad

2169 556 2521 630 πορευόμενος
2573 552 2759 627 ἐδίδου,
2814 552 2955 610 Λάϐε
3004 555 3174 628 ταυτὶ,
3208 553 3410 632 λέγων,
3460 553 3551 607 καὶ
3584 554 3796 629 τήρησόν

437 666 617 712 unam
679 666 748 711 ex
797 647 1238 721 meretricibus,
1273 646 1517 709 dicens:
1572 644 1711 709 Haec
1761 646 1991 726 accipe,
2027 652 2084 706 et

2168 665 2259 716 μοι
2290 648 2357 720 τῇ
2389 645 2534 701 νυκτὶ
2568 642 2688 718 τῇδε
2716 645 2942 713 σεαυτὴν
2979 642 3294 720 ἆμόλυντον,

439 756 725 803 conserva
756 745 812 799 te
842 737 988 799 mihi
1018 736 1129 797 hac
1159 744 1333 797 nocte
1366 736 1753 816 impollutam.

496 826 641 891 ιχ.
675 825 841 900 Quod
865 844 1001 887 cum
1037 825 1280 898 faceret,
1305 824 1498 888 stabat
1523 833 1640 887 tota
1671 833 1845 888 nocte
1873 826 1933 886 in
1969 843 2079 885 an-

2246 821 2338 885 Ξ’,
2389 824 2488 881 Καὶ
2518 824 2656 880 οὕτω
2691 831 2850 881 ποιῶν
2883 821 3105 880 διετέλει
3154 821 3279 899 παρ’
3322 821 3468 887 ὅλην
3516 823 3615 888 τὴν
3661 822 3798 879 νύκτα

439 917 577 997 gulo
599 914 922 978 habitaculi
952 914 1116 977 illius
1138 914 1584 996 mulieris,genu
1614 914 1954 996 ﬂectena,et
1975 914 2083 975 lin-

442 1023 613 1081 guam
636 1007 875 1080 psalmis
900 1022 1176 1064 exercens
1208 1007 1450 1075 assidue,
1482 1018 1535 1065 et
1558 1007 1846 1080 supplices
1880 1021 2085 1064 manus

436 1113 548 1176 pro
572 1111 641 1156 ea
662 1093 732 1156 ad
759 1095 946 1158 Deum
973 1094 1245 1156 tendens.
1273 1093 1450 1156 Mane
1470 1105 1665 1155 autem
1692 1094 1918 1171 exiens,
1949 1111 2078 1153 eam

436 1183 710 1263 adigebat
723 1183 1147 1265 jurejurando,
1178 1201 1243 1245 se
1263 1184 1489 1247 nemini
1520 1183 1578 1245 id
1613 1201 1747 1245 esse
1775 1181 2075 1244 indicatu-

2165 913 2297 990 πρὸς
2340 915 2406 989 τῇ
2450 916 2613 990 γωνίᾳ
2657 923 2749 972 τοῦ
2800 913 3138 991 καταγωγίου
3192 918 3286 979 τῆς
3361 913 3624 990 γυναικὸς
3676 912 3795 967 ἐκεί-

2168 1024 2261 1066 νης
2316 1003 2620 1078 ἱστάμενος,
2681 1005 2805 1080 γόνυ
2861 1024 2917 1058 τε
2989 1001 3204 1076 κλίνων,
3266 1003 3353 1059 καὶ
3402 1004 3507 1068 τὴν
3572 999 3829 1076 γλῶσσανκ

2164 1088 2435 1149 ἄπαυστον
2482 1106 2602 1155 τοῖς
2640 1093 2880 1169 ψαλμοῖς
2925 1092 3244 1169 ἐπιτρέπων,
3300 1092 3393 1148 καὶ
3442 1104 3645 1169 χεῖρας
3700 1093 3798 1146 ἱκε-

2162 1181 2302 1243 σίους
2349 1180 2517 1254 α⁹·’ρων
2561 1183 2689 1260 ὑπὲρ
2736 1184 2899 1249 αὖτῆς
2932 1183 3062 1260 πρὸς
3114 1179 3244 1235 Θεόν
3279 1197 3293 1211 ’
3342 1180 3518 1237 ἕωθεν
3573 1176 3629 1233 δὲ
3669 1178 3799 1243 ἐξιὼν

438 1273 791 1339 rum.Unam
814 1273 1014 1355 itaque
1039 1291 1108 1335 ex
1130 1273 1225 1348 iis,
1252 1292 1383 1354 quae
1414 1292 1556 1336 ausa
1579 1272 1768 1334 fuerat
1800 1279 2074 1334 contem-

2168 1266 2337 1347 ὅρκοις
2392 1271 2553 1337 αὒτὶιν
2638 1268 3009 1346 κατελάμϐανε
3088 1268 3274 1344 μηδενὶ
3355 1276 3525 1325 τοῦτο
3602 1268 3799 1334 ποιῆσαι

441 1363 568 1444 ptui
616 1362 841 1425 habere
863 1362 1280 1442 jusjurandum
1315 1372 1375 1427 et
1404 1362 1642 1443 aperire
1672 1380 1910 1442 arcana,
1942 1358 2081 1421 facit

2168 1359 2482 1436 καταφανές,
2559 1361 2690 1416 Μίαν
2762 1360 2928 1416 τοίνυν
3000 1362 3171 1415 αύτῷ-δ
3243 1357 3643 1437 περιρρονῆσαι
3702 1357 3800 1421 τοὺς

441 1470 624 1515 senex
645 1450 923 1535 precibus
954 1452 1245 1532 possideri
1268 1470 1303 1514 a
1331 1454 1626 1532 daemone,
1652 1452 1800 1513 adeo
1833 1460 1896 1513 ut
1919 1449 2080 1510 nulla

2168 1445 2351 1520 ὅρκους
2408 1447 2756 1522 τολμήσασαν
2800 1450 2886 1505 καὶ
2950 1447 3082 1517 δῆλα
3141 1449 3207 1505 τὰ
3268 1447 3559 1525 ἀπόρῥητα
3618 1445 3797 1516 θέσθαι,

442 1542 737 1616 deinceps
755 1559 899 1604 ausa
924 1541 1101 1602 fuerit
1131 1542 1262 1620 ejus
1287 1541 1458 1602 vitam
1483 1539 1959 1619 enuntiare.lpsc
1980 1558 2084 1600 au-

2168 1534 2371 1610 δαίμονι
2415 1538 2653 1618 κάτοχον
2698 1537 2782 1595 διὰ
2832 1537 3132 1619 προσευχῆς
3188 1541 3215 1594 ὁ
3269 1538 3446 1615 γέρων
3482 1549 3684 1592 ποιεῖ’
3740 1537 3803 1596 ὡς

445 1637 563 1693 tem
586 1631 791 1693 volens
814 1630 1074 1710 effugere
1102 1631 1347 1709 gloriam
1381 1650 1450 1693 ex
1477 1629 1841 1707 hominibus,
1863 1638 1922 1692 et
1952 1628 2082 1689 ani-

2168 1626 2359 1700 μηκέτι
2404 1633 2508 1682 τῶν
2554 1627 2728 1683 ἄλλων
2789 1626 3054 1702 μηδεμίαν
3122 1626 3395 1701 τολμῆσαι
3463 1625 3667 1706 ἔκφορα
3723 1627 3804 1679 τοῦ

444 1737 572 1782 mas
596 1719 854 1782 educere
875 1737 906 1781 a
931 1718 1456 1801 peccatis,quando
1489 1728 1617 1782 erat
1641 1718 1794 1799 apud
1819 1718 2079 1800 aliquem

2168 1713 2354 1773 λοιποῦ
2395 1716 2459 1771 τὰ
2519 1717 2651 1773 κατὰ
2693 1718 2784 1773 τὸν
2829 1717 2987 1772 αὺτοῦ
3042 1717 3154 1792 βίον
3200 1717 3427 1781 ποιῆσαι
3469 1734 3484 1750 ·
3552 1714 3704 1778 αυτὸς
3758 1711 3802 1767 δὲ

446 1812 879 1886 mercenarius,
916 1811 1222 1892 accipiens
1258 1812 1413 1894 quod
1447 1812 1644 1874 datum
1696 1811 1909 1885 fuerat,
1941 1827 2074 1871 cum

2168 1801 2469 1884 δίαρεύγειν
2529 1807 2628 1872 τὴν
2683 1805 2736 1871 ἓξ
2794 1806 3084 1882 ἀνθρώπων
3128 1802 3282 1870 δόξαν
3331 1802 3695 1881 βουλόμενος,
3726 1805 3802 1857 καὶ

447 1909 607 1965 esset
654 1900 948 1977 abiturus,
987 1901 1248 1978 ﬁngebat
1279 1892 1432 1983 apud
1465 1920 1529 1964 se
1575 1902 1776 1964 dicere
1806 1897 2083 1961 omnibus

2168 1892 2345 1972 ψυχας
2403 1894 2454 1959 ἐξ
2510 1896 2770 1972 ἁμαρτίας
2840 1894 3108 1972 [ἐξάγειν],
3169 1896 3323 1961 ἡνίκα
3368 1895 3520 1969 παρὰ
3567 1900 3644 1965 τῷ
3702 1896 3805 1965 Θεῷ

445 1991 877 2056 audientibus:
930 1992 1230 2055 Abeamus
1274 1980 1398 2072 jam
1451 1990 1657 2054 infelix
1702 2007 1901 2052 senex.
1953 1988 2083 2050 Scis

2168 1982 2522 2063 ἱμισθοφόρει,
2555 1986 2615 2040 τὸ
2648 1983 2793 2041 δοθὲν
2844 1982 3149 2058 λαμϐάνων,
3185 1985 3256 2046 ὡς
3303 1984 3555 2063 ἀφίεσθαι
3593 1980 3799 2055 ἔμελλε,

447 2081 634 2156 enim,
669 2081 827 2163 quod
862 2081 963 2143 illa
989 2087 1045 2142 te
1069 2091 1400 2162 exspectat:
1427 2081 1586 2142 illam
1619 2079 1985 2160 signiﬁcans,
2008 2078 2078 2139 ad

2168 2087 2545 2150 προσεποιεῖτο
2576 2073 2750 2152 λέγειν
2780 2077 2910 2145 πρὸς
2944 2076 3160 2129 σεαυτὸν
3192 2076 3266 2135 εἰς
3312 2072 3481 2134 ἀκοὰς
3546 2072 3756 2127 πάντων
3787 2090 3799 2104 ·

445 2188 621 2251 quam
658 2160 786 2234 erat
815 2160 1194 2233 diversurusf
1227 2170 1315 2233 Ad
1350 2178 1705 2246 eos‘autem,
1738 2169 1839 2251 qui
1867 2167 2081 2229 irride-

2168 2162 2435 2228 Ἀπίωμεν
2490 2162 2628 2241 ἄρτι,
2689 2166 2905 2221 ταπεινὲ
2962 2164 3131 2241 γέρων
3168 2181 3181 2194 '
3231 2161 3388 2227 οἶδας
3435 2164 3542 2240 γὰρ
3586 2162 3728 2225 ὅπως
3768 2160 3799 2227 ἦ

442 2249 585 2323 bant
615 2268 675 2322 et
696 2279 830 2322 eum
856 2259 1090 2342 probris
1134 2277 1203 2321 ac
1229 2258 1564 2321 maledictis
1594 2249 1983 2339 impetebant,
2017 2275 2082 2318 se

2168 2249 2314 2309 δεῖνα
2365 2255 2637 2329 περιμένει
2682 2276 2740 2310 σε
2777 2273 2791 2288 ⁸
2837 2255 3045 2320 ἐκείνην
3104 2253 3279 2320 δηλῶν
3329 2254 3467 2330 πρὸς
3505 2252 3569 2319 ἣν
3604 2251 3701 2329 ἄρα
3729 2254 3803 2306 καὶ

444 2365 763 2422 excusans,
798 2359 1078 2430 tanquam
1108 2366 1215 2430 pro
1267 2348 1441 2423 mala,
1478 2367 1610 2430 quae
1640 2346 1821 2410 ﬁebat
1848 2364 2077 2420 revera,

441 2437 698 2501 actione:
727 2437 878 2511 Quid
909 2437 1083 2500 vero?
1100 2456 1298 2501 annon
1330 2456 1438 2517 ego
1461 2455 1698 2519 quoque
1730 2456 1860 2499 sum
1896 2436 2080 2510 exiis,

447 2526 548 2609 qui
572 2545 810 2590 carnem
836 2533 1146 2605 gestant,et
1171 2527 1394 2590 cedunt
1413 2530 1545 2606 ejus
1565 2525 1921 2606 legibus‘IAn
1943 2525 2084 2586 solis

413 2615 815 2700 ~prohibitum
851 2623 944 2679 est
985 2616 1293 2678 monachis
1328 2634 1572 2678 manere
1611 2621 1780 2679 extra
1816 2614 2085 2696 corporis

442 2705 934 2787 voluptates?non
959 2713 1100 2766 sunt
1120 2705 1234 2787 ipsi
1256 2724 1496 2787 quoque
1518 2705 1837 2785 participes
1855 2712 2086 2766 natura-

442 2796 591 2859 lium
615 2795 1016 2869 ail‘ectionum,
1041 2794 1318 2856 similiter
1339 2802 1514 2875 atque
1545 2794 1677 2857 alii?
1701 2793 1930 2857 Deinde
1952 2795 2049 2873 qui
2071 2829 2083 2839 ο

445 2884 698 2947 busdam
719 2882 1175 2945 consulentibus
1200 2890 1257 2944 et
1278 2883 1638 2947 dicentibus:
1661 2882 1845 2947 Unam
1871 2883 2084 2945 saltem

446 2971 556 3034 tibi
578 2972 1034 3053 accipe,mutato
1065 2972 1304 3048 vestitu,
1333 2982 1391 3033 et
1412 2991 1489 3035 ne
1511 2973 1592 3035 sis
1618 2982 1733 3034 tam
1762 2973 1964 3034 multis
1993 2973 2085 3034 of—

446 3061 800 3136 fensioni,ut
819 3079 1015 3138 neque
1032 3060 1190 3124 Deus
1213 3080 1321 3142 per
1340 3070 1397 3125 te
1418 3061 2087 3143 blasphemetur,neque

2165 2342 2482 2419 κατάγεσθαι
2541 2341 2754 2417 ἔμελλε.
2836 2344 2970 2419 Πρὸς
3047 2343 3223 2416 μέντοι
3280 2344 3399 2403 τοὺς
3467 2342 3799 2404 σκώπτοντας

2167 2430 2323 2487 at")th
2356 2433 2442 2487 καὶ
2472 2431 2690 2489 ὀνείδεσι
2740 2431 3037 2509 βάλλοντας
3078 2431 3521 2510 ἀπολογούμενος
3576 2434 3649 2492 ὡς
3696 2431 3802 2505 περί

2167 2543 2309 2584 τινος
2339 2521 2537 2599 φαύλου
2595 2522 2834 2599 πράξεως
2885 2527 3016 2598 πρὸς
3062 2520 3313 2589 ἀλήθειαν
3371 2519 3695 2597 γινομένης,
3750 2522 3799 2577 Τί

2167 2610 2221 2668 δέ
2256 2632 2272 2693 ς
2304 2610 2478 2689 ἔλεγε,
2536 2613 2612 2687 μὴ
2664 2613 2761 2689 γὰρ
2795 2610 2880 2667 καὶ
2913 2611 3064 2671 αὒτὸς
3098 2612 3192 2666 οὒκ
3220 2610 3327 2683 εἰμὶ
3358 2616 3469 2665 τῶν
3503 2610 3675 2688 σάρκα
3705 2631 3794 2686 φο-

2168 2700 2394 2776 ρούντων
2440 2701 2527 2756 καὶ
2588 2712 2705 2761 τοῖς
2763 2699 2945 2773 νόμοις
3010 2698 3171 2764 ari-ti}:
3234 2698 3541 2778 εἰκόντων,
3606 2697 3638 2764 ἣ
3696 2710 3794 2758 τοῖς

2169 2802 2441 2869 μοναχοῖς
2477 2789 2759 2867 ἀπείρηται
2792 2794 2997 2861 μόνοις,
3052 2789 3157 2843 τῶν
3201 2794 3292 2843 τοῦ
3321 2786 3579 2861 σώματος
3613 2784 3797 2854 ἡδονῶν

2169 2876 2269 2943 ἔξω
2324 2878 2500 2954 μένειν
2538 2899 2553 2952 ;

2169 2971 2350 3023 παθῶν
2412 2981 2531 3031 τοῖς
2577 2966 2758 3031 ἄλλοις
2816 2967 3065 3041 epeia“;

2619 2882 2677 2935 ού
2723 2878 3012 2958 μετέχουσι
3067 2878 3156 2932 καὶ
3214 2877 3358 2936 αὔτοὶ
3408 2882 3521 2932 τῶν
3581 2880 3793 2954 φυσικῶι

3144 2974 3277 3023 Εῖτα
3336 2963 3792 3039 συμϐουλευόντων

2168 3064 2327 3114 τινῶν
2389 3058 2499 3136 καὶ,
2548 3055 2685 3115 Λάϐε
2740 3064 2864 3134 γοῦν
2919 3058 3044 3131 μίαν
3087 3061 3315 3129 σεαυτῷ,
3361 3054 3659 3133 λεγόντων,
3712 3055 3793 3119 τὴν

450 3153 877 3215 monachorum
903 3156 1196 3231 pretiosus
1213 3149 1452 3213 habitus
1471 3151 1689 3233 probro
1710 3150 2083 3227 afﬁciatur,et

2170 3147 2368 3214 στολὴν
2397 3147 2627 3222 ἀμείψας
2659 3147 2751 3203 καί
2787 3148 2864 3220 μὴ
2895 3143 3186 3202 σκάνδαλον
3219 3144 3355 3202 οὕτω
3414 3162 3537 3209 τοῖς
3584 3143 3791 3203 πολλοῖς

450 3240 716 3304 omnium
741 3239 1033 3322 judicium
1059 3240 1119 3301 in
1151 3247 1322 3303 tuum
1354 3249 1527 3321 caput
1558 3241 1909 3319 attrahatur;
1934 3241 2085 3303 mnl-

446 3331 523 3393 tis
573 3330 699 3394 haec
733 3333 787 3392 ei
835 3329 1201 3395 dicentibus.
1237 3330 1340 3392 ille
1388 3348 1455 3393 se
1486 3330 1776 3393 simulans
1822 3331 1996 3393 irasci
2029 3338 2089 3393 et

446 3438 602 3499 agre
628 3420 810 3495 ferre,
837 3418 953 3483 Sed
979 3438 1097 3481 non
1131 3437 1240 3501 ego
1272 3438 1374 3482 vos
1400 3420 1664 3495 audiam,
1688 3420 1919 3483 dicebat
1950 3440 2085 3483 cum

445 3528 660 3590 magno
682 3509 965 3573 clamore.
987 3510 1141 3584 Quid
1167 3528 1302 3573 mea
1331 3509 1534 3585 refert,
1562 3510 1610 3572 si
1645 3519 1841 3582 vos,ut
1860 3510 2082 3585 dicitis,

443 3598 849 3663 oii'endimini?
873 3599 1174 3665 Discedite
1204 3618 1238 3662 a
1269 3617 1385 3662 me.
1419 3598 1570 3672 Quid
1606 3600 1693 3663 rei
1723 3619 1957 3663 mecum
1994 3609 2084 3663 est

443 3688 663 3751 vobis?
712 3689 799 3752 Ex
846 3698 1067 3765 vestro,
1114 3690 1326 3770 inquit,
1375 3690 1625 3751 consilio
1675 3709 1812 3752 cum
1869 3690 2086 3752 femina

446 3777 778 3857 conjungar
828 3777 1234 3855 matrimonio,
1269 3785 1330 3839 et
1378 3797 1474 3841 me
1501 3779 1764 3859 injiciam
1801 3779 1859 3840 in
1911 3798 2085 3841 curas

446 3865 945 3943 innumerabiles,
979 3874 1039 3930 et
1069 3867 1145 3928 de
1191 3867 1346 3929 victu
1376 3867 1756 3930 sollitudines
1777 3874 1805 3931 ?
1850 3867 2085 3930 Cessate

452 3972 550 4017 me
602 3953 893 4018 ludiﬁcari
924 3964 983 4018 et
1027 3956 1351 4017 criminari.
1405 3957 1534 4019 Non
1581 3957 1723 4019 estis
1754 3957 1915 4019 enim
1970 3958 2085 4019 mei

440 4042 683 4125 judices
709 4065 726 4122 ;
756 4063 855 4108 res
886 4063 1033 4108 mea:
1063 4046 1181 4107 sint
1202 4044 1347 4107 mihi
1379 4064 1560 4110 curae.
1596 4045 1701 4111 Est
1728 4045 1886 4107 enim
1910 4047 2082 4123 alius,

449 4135 549 4216 qui
581 4142 669 4197 est
693 4134 1073 4216 judicaturus
1106 4134 1311 4199 orbem
1365 4142 1569 4211 terrae,
1602 4135 1700 4217 qui
1732 4137 1910 4198 etiam
1943 4135 2085 4198 red—

447 4222 550 4286 det
574 4224 905 4307 unicuique
933 4225 1262 4288 secundum
1295 4243 1445 4308 opus
1473 4243 1672 4288 suum.

2171 3237 2284 3313 ἕσο,
2318 3247 2410 3296 τοῦ
2445 3238 2582 3312 μήτε
2614 3238 2703 3293 τὸν
2739 3238 2867 3292 Θεὸν
2898 3233 2981 3291 διὰ
3010 3243 3101 3292 τοῦ
3153 3235 3619 3314 βλασφημεϊσθαι,
3670 3235 3790 3308 μήτε

2168 3329 2229 3383 τὸ
2257 3332 2367 3383 τῶν
2420 3333 2679 3406 μοναχῶν
2737 3327 2908 3397 τίμιον
2959 3323 3304 3400 ἐξυϐρίζεσθαι
3368 3331 3588 3405 σχῆμα,
3624 3321 3790 3378 xui-.6

2172 3430 2338 3495 κρῖμα
2368 3416 2581 3473 πάντων
2641 3416 2776 3471 κατὰ
2818 3419 2915 3481 τῆς
2974 3421 3194 3470 σεαυτοῦ
3240 3413 3487 3494 φέρεσθαι
3522 3411 3746 3493 κεφαλῆς
3775 3426 3785 3439 ·

2171 3514 2387 3564 τοιαῦτα
2433 3504 2647 3563 πολλῶν
2679 3506 2944 3582 λεγόντων
2979 3503 3146 3577 αύτῷ,
3179 3503 3386 3567 ἐκεῖνος
3443 3506 3534 3560 τὸν
3591 3503 3787 3577 ὀργιζό-

2167 3619 2326 3673 μενον
2370 3596 2453 3652 καί
2487 3593 2949 3650 ἀποδυσπετοῦντα
3002 3595 3443 3670 ὑποκρινόμενος,
3506 3589 3653 3650 Ἀλλ’
3707 3591 3787 3645 οὐκ

2165 3686 2339 3764 ἔγωγε
2398 3684 2692 3757 ἀκούσομαι
2769 3684 2940 3762 ὑμῶν,
2999 3680 3151 3759 ἔλεγε
3236 3684 3370 3745 μετὰ
3444 3681 3646 3748 πολλῆς
3704 3684 3785 3744 τῆς

2167 3777 2426 3854 κραυγῆς.
2463 3772 2526 3830 Τί
2575 3770 2628 3826 δὲ
2690 3773 2777 3827 καὶ
2810 3770 2952 3845 ἐμοὶ,
2988 3771 3074 3827 ἐὰν
3107 3773 3283 3846 ὑμεῖς,
3318 3770 3391 3835 ὥς
3420 3792 3578 3850 φατε,
3635 3791 3782 3824 σκαν-

2168 3863 2445 3934 δαλίζησθε
2482 3879 2498 3936 ;
2533 3861 2805 3927 ἀπόστητε
2838 3859 2931 3917 ἀπ’
2960 3860 3089 3935 ἐμοῦ
3125 3877 3138 3891 ’
3174 3861 3221 3916 τί
3253 3864 3431 3917 κοινὸν
3478 3862 3593 3935 εμοί
3619 3880 3671 3914 τε
3699 3854 3777 3912 καί

2168 3954 2348 4029 opta;
2410 3951 2497 4017 ἘΞ
2553 3950 2831 4028 ὑμετέρας,
2880 3952 3033 4031 φησὶ,
3081 3948 3384 4026 συμϐουλῆς
3446 3949 3650 4027 γυναικὶ
3688 3945 3781 4021 ἐγὼ

2169 4043 2597 4121 συναφθήσομαι,
2665 4042 2752 4097 καὶ
2809 4042 3090 4117 βιωτικαῖς
3142 4040 3520 4119 περιστάσεσιν
3576 4035 3776 4112 ἐμαυτὸν

2167 4132 2384 4208 ἐμϐαλῶ
2412 4147 2429 4205 ;
2460 4132 2734 4187 Παύσασθε
2778 4128 2831 4185 δὲ
2861 4132 2950 4187 καὶ
2978 4140 3069 4189 τοῦ
3127 4132 3192 4187 τὰ
3240 4130 3343 4206 ἐμὰ
3401 4131 3660 4186 σκώπτειν
3704 4122 3775 4178 xii

2167 4219 2469 4281 διαϐάλλειν
2503 4238 2520 4256 ·
2567 4220 2645 4294 μὴ
2679 4221 2780 4297 γὰρ
2813 4219 2968 4296 ὑμεῖς
2998 4220 3297 4286 κατέστητε
3325 4220 3433 4276 τῶν
3477 4219 3616 4294 ἐμῶν
3641 4212 3771 4269 δικα-

447 4316 567 4371 σταί
599 4334 616 4396 ;
679 4302 935 4388 Περὶ-τῶν
995 4317 1201 4374 οἶκείων
1229 4302 1378 4393 ῦμιῦν
1427 4315 1656 4392 μελέτω·
1686 4315 1866 4395 ἕτερος
1910 4316 2010 4394 γάρ
2041 4318 2184 4377 ιεστιν
2212 4316 2240 4373 ό
2271 4324 2449 4390 κρῖναι
2507 4308 2718 4384 μέλλων
2755 4309 2852 4375 τὴν
2911 4308 3252 4384 οἰκουμένην,
3298 4310 3356 4372 ὃς
3389 4310 3479 4365 καί
3541 4302 3766 4363 ἀποδώσει

447 4401 656 4478 ἑκάστῳ
682 4407 819 4463 κατὰ
845 4406 908 4463 τὸ
935 4404 1088 4485 ἔργον
1118 4410 1294 4468 τῦτοῦ.

505 4475 807 4551 LXI.Multl
831 4475 974 4566 ergo
986 4475 1102 4552 haec
1126 4495 1295 4554 verba
1319 4495 1616 4555 audientes
1632 4511 1762 4554 cum
1779 4495 2085 4553 acerbitate

2250 4491 2395 4553 EA’.
2461 4489 2672 4545 Τούτων
2728 4488 2818 4543 οῦν
2881 4486 3069 4545 πολλοὶ
3125 4495 3231 4544 τῶν
3274 4489 3366 4544 σὺν
3427 4484 3657 4562 αὒστηρίᾳ
3680 4475 3756 4532 καί

453 4582 513 4639 et
539 4577 990 4659 vociferatione,
1012 4580 1112 4643 alii
1142 4579 1384 4662 quidem
1421 4581 1733 4643 cessabant
1763 4582 2087 4663 reprehen-

398 4708 403 4711 -
453 4664 764 4748 dere,ejus
786 4669 1217 4750 impudentiam
1243 4669 1530 4731 timentes
1551 4678 1608 4731 et
1631 4670 1964 4746 audaciam;
1986 4666 2088 4731 alii

450 4772 591 4821 vero
604 4757 978 4821 conabantur
997 4776 1133 4821 eum
1154 4758 1309 4840 apud
1331 4767 1605 4821 sanctum
1630 4757 2089 4821 criminari.Sed

394 4898 405 4913 ,
452 4847 639 4914 ille,ut
660 4850 760 4923 qui
784 4867 812 4909 a
842 4851 956 4910 Deo
977 4852 1274 4918 didicerat,
1297 4853 1454 4924 quali
1482 4854 1689 4909 virtute
1720 4862 1869 4910 esset
1890 4866 2087 4921 senex,

453 4935 694 4995 minime
714 4937 1044 4995 attendebat
1065 4952 1287 5008 ea,qua3
1307 4937 1644 4995 dicebantur
1661 4939 1731 4995 ab
1755 4939 1975 5007 ipsis,ut
1991 4937 2090 5009 qui

455 5029 587 5081 ante
607 5021 810 5080 oculos
840 5035 1065 5093 semper
1093 5020 1443 5094 descriptum
1469 5023 1705 5080 haberet
1733 5021 1876 5080 illud
1908 5014 2089 5099 excisi

452 5108 745 5169 monachi.
773 5107 1062 5168 Suadebat
1081 5117 1269 5166 autem
1300 5109 1539 5166 omnino
1566 5109 1744 5165 vitare
1771 5110 2090 5166 accusatio-

451 5206 557 5253 nes
577 5207 707 5265 quae
725 5193 941 5252 ﬂebant
960 5193 1235 5252 adversus
1257 5194 1924 5265 monachos,praeclarum
1947 5193 2091 5251 illud

450 5276 701 5342 verbum
721 5278 1104 5360 imperatoris
1124 5278 1679 5347 Constantini,inter
1698 5277 2093 5359 imperatores

398 5426 401 5429 .
457 5369 977 5447 celeberrimui,in
1008 5390 1116 5436 ore
1132 5371 1499 5454 habens,qui
1518 5373 1577 5434 in
1606 5371 1844 5435 Nicaena
1867 5374 2092 5454 synodo

444 5462 691 5533 libellos
704 5465 1154 5530 accusationum
1178 5465 1349 5528 datos
1379 5464 1453 5528 ad
1463 5482 1666 5528 versus
1687 5464 1918 5546 aliquos
1938 5466 2091 5545 epis-

388 5564 422 5591 -’
448 5573 635 5635 copos
679 5574 799 5617 non
828 5557 1090 5631 admisit,
1125 5557 1374 5620 dicens:
1409 5556 1471 5621 Si
1501 5558 1563 5619 in
1593 5557 1939 5639 episcopum
1990 5566 2090 5620 aut

450 5644 810 5711 monachum
860 5646 1250 5711 fornicantem
1296 5648 2082 5727 incidissem,‘sustulissem

2166 4584 2269 4663 βοῆ
2329 4581 2503 4658 λόγων
2549 4577 2855 4658 ἀκούοντες,
2900 4581 2948 4634 οἶ
3007 4578 3105 4652 μὲν
3175 4579 3434 4634 ἐπαύοντο
3492 4585 3582 4635 τῶν
3627 4566 3754 4670 ἐλὲγνζ

2168 4694 2312 4755 χων,
2342 4667 2794 4741 ὑποστελλόμενοι
2848 4668 2948 4734 τὴν
3000 4665 3153 4733 δῆθεν
3213 4666 3475 4723 ἀναίδειαν
3508 4667 3644 4723 αὖτοῦ
3680 4665 3754 4755 mli

2168 4744 2230 4819 τὸ
2257 4744 2445 4840 θράσος
2478 4777 2491 4792 ⁸
2553 4759 2600 4813 οἶ
2660 4755 2714 4811 δὲ
2770 4754 3076 4812 διαϐάλλειν
3128 4757 3258 4833 πρὸς
3289 4758 3379 4813 τὸν
3408 4756 3550 4813 ὅσιον
3582 4744 3756 4840 Emisit

2172 4833 2324 4928 ρουν.
2354 4844 2505 4904 Ἀλλ’
2557 4844 2767 4906 ἐκεῖνος
2822 4845 2945 4905 οἶος
2973 4848 3039 4912 ἧν
3070 4845 3165 4911 τὴν
3195 4844 3389 4924 ἀρετὴν
3420 4847 3447 4900 ὁ
3490 4844 3643 4921 γέρων
3680 4833 3756 4889 ὕπδ

2173 4926 2307 4996 Θεοῦ
2348 4934 2754 5008 διδασκόμενος,
2798 4933 2991 5000 ἥκιστα
3032 4948 3294 5013 προσεῖχε
3336 4948 3450 4997 τοῖς
3482 4931 3597 5012 παρ’
3626 4926 3758 4984 αότὼν

2172 5026 2509 5105 λεγομένοις,
2570 5024 2908 5101 ἀνάγραπτον
2966 5025 3026 5079 τὸ
3084 5031 3178 5079 τοῦ
3236 5024 3514 5080 ἁποκόπου
3561 5017 3761 5105 paulo“?

2174 5099 2272 5175 xui
2303 5099 2426 5194 ⁷πρὸ
2484 5099 2745 5189 ὀμμάτων
2806 5113 2887 5169 ἀεὶ
2948 5112 3244 5188 τιθέμενος,
3308 5114 3539 5189 Παρῄνει
3591 5109 3638 5165 δὲ
3692 5099 3759 5158 καὶ

2173 5202 2412 5270 καθάπαξ
2469 5203 2729 5261 ἐκκλίνειν
2786 5207 2886 5269 τῆς
2929 5202 3067 5258 κατὰ
3111 5202 3217 5259 τῶν
3278 5204 3536 5281 μοναχῶν
3566 5214 3757 5269 κατηγο·

2175 5296 2314 5374 ρίας,
2354 5295 2415 5351 τὸ
2446 5293 2802 5364 ἀξιοζήλωτον
2835 5291 2918 5348 ὲκε
2934 5305 3014 5348 τνο
3063 5292 3209 5370 ῥῆμα
3269 5293 3646 5350 Κωνσταντίνου
3692 5285 3761 5374 τοῦ

2174 5372 2229 5442 ἓν
2289 5383 2595 5460 βασιλεῦσιν
2648 5381 2893 5457 ἀοιδίμου
2955 5380 3409 5461 ἐπιφθεγγόμενος
3446 5402 3458 5416 ⁸
3512 5381 3566 5445 ὅς
3623 5377 3668 5432 ἐν
3710 5372 3762 5461 τῇ

2172 5455 2309 5529 κατᾶ
2370 5473 2592 5531 Νίκαιαν
2667 5455 2866 5543 συνόδῳ
2937 5455 3215 5534 λιϐἐλλους
3252 5455 3607 5548 κατηγοριῶν
3655 5455 3764 5517 κατά

2170 5583 2328 5619 τινων
2385 5561 2690 5618 ἐπισκόπων
2725 5557 3118 5624 ἐπιδιδοιιένους
3172 5562 3232 5617 οὗ
3278 5557 3609 5638 παρεδέξατο,
3639 5553 3761 5628 εὶρηο

2170 5653 2302 5727 κὼς,
2332 5651 2411 5708 ὅτι
2446 5653 2553 5709 Κᾶν
2610 5648 2912 5729 πορνεύοντι
2965 5648 3241 5724 ἐπισκόπῳ
3280 5648 3314 5718 ἢ
3366 5644 3760 5728 μοναχῷξπεριο
