4006 6138
317 246 444 314 949

1336 247 1521 316 VITA
1565 252 1625 316 S.
1675 251 1997 317 JOANNIS
2038 253 2681 319 ELEEMOSYNARII.

3570 255 3691 326 950

311 389 541 470 ἔτυχον,
574 391 673 458 τήν
703 389 957 472 χλαμύδα
993 392 1091 459 τήν
1135 393 1270 467 ὲμὴν
1301 392 1555 472 ἀνασχὼν
1607 393 1841 460 ἐπέθηκα
1899 393 1942 448 ἃτ

2049 408 2240 452 meam
2270 390 2668 470 chlamydem,
2701 399 2760 451 et
2788 390 2844 452 ei
2880 390 3331 471 imposuissem,
3363 397 3427 453 ut
3456 408 3491 454 a
3519 392 3683 459 nullo

316 478 493 554 αύτῷ,
550 480 689 539 ὥστε
749 483 827 557 μὴ
887 483 986 540 ὃπό
1038 505 1180 546 τινος
1243 481 1516 562 ὀφθαλμοῦ
1577 483 1843 563 ὀφθῆναι’
1908 482 1965 538 εὗ

327 566 482 634 εἰδὼς
543 571 751 638 ἐκεῖνος
810 573 891 630 ὅτι
940 575 999 630 τὰ
1041 577 1149 630 τῶν
1192 572 1443 630 τοιούτων
1490 571 1689 650 ἀνδρῶν
1719 572 1964 630 ἐλαττώ-

325 663 473 733 ματα
516 661 653 729 δῆλα
696 678 815 727 τοῖς
859 663 1088 728 πολλοῖς
1140 663 1531 737 καθιστάμενα,
1579 666 1638 720 οὗ
1695 664 1857 738 μόνον
1899 665 1965 720 τὰ

321 749 503 817 αἰδοῦς
555 751 672 818 ἄξια
726 752 820 809 καί
874 757 1038 829 τιμῆς
1108 754 1558 833 καταφρονεῖσθαι
1618 751 1961 830 παρασκευά-

305 849 519 921 ζουσιν,
580 840 718 899 ἄλλα
776 842 872 900 καί
933 842 1111 912 πολλή
1142 841 1481 922 παράκλησις
1527 844 1599 907 εἰς
1643 843 1835 900 κακίαν
1865 843 1962 900 καΐ

308 930 534 1012 ἀφορμὴ
566 934 808 1009 γίνονται
823 981 837 996 ,

398 1012 537 1085 ΞΒ’,
573 1020 728 1079 Ἀλλ’
757 1024 895 1081 οὕτω
918 1024 1015 1099 μὲν
1046 1026 1074 1081 ὁ
1106 1023 1277 1101 μέγας
1306 1024 1401 1088 τὰς
1433 1024 1571 1082 κατὰ
1598 1024 1692 1081 τοῦ
1722 1022 1959 1101 μεγάλου

311 1113 564 1191 γέροντος
622 1110 876 1176 διαϐολὰς
928 1114 1225 1176 ἀπωθεϊτο,
1282 1114 1530 1178 Ἐκεῖνος
1566 1113 1621 1169 δὲ
1665 1119 1763 1192 τῆς
1794 1112 1958 1192 ἐργα-

312 1205 434 1265 σίας
466 1202 561 1259 οὒκ
590 1201 752 1282 ἔληγε
781 1203 982 1270 ταύτης
1012 1225 1025 1238 ·
1060 1202 1198 1260 ἀλλὰ
1224 1202 1320 1260 κᾶν
1350 1216 1469 1266 τοῖς
1500 1202 1729 1266 πολλοῖς
1761 1204 1958 1283 αἰσχύ-

313 1314 417 1360 νην
460 1292 665 1371 ὤφειλε
692 1294 781 1349 καὶ
824 1290 1046 1368 ὄνειδος,
1095 1294 1253 1357 αὐτὸς
1297 1294 1426 1371 πρὸς
1470 1291 1523 1348 ἓν
1577 1293 1717 1371 ἐώρα
1769 1293 1953 1367 μόνον,

309 1381 416 1451 τήν
475 1390 578 1438 τῶν
610 1387 803 1463 ψυχῶν
836 1385 1104 1461 σωτηρίαν
1144 1402 1157 1417 ⁸
1190 1395 1311 1447 τοῖς
1342 1381 1397 1438 δὲ
1427 1383 1527 1450 τὴν
1556 1381 1807 1459 γλῶσσαν
1837 1380 1957 1440 κατ’

307 1473 473 1530 αὐτού
500 1480 730 1547 κινοῦσι,
782 1474 868 1529 καὶ
915 1496 1013 1549 συγ
1030 1473 1241 1551 (νώμην
1297 1470 1503 1547 μᾶλλον
1562 1477 1661 1539 τῆς
1694 1472 1955 1550 ἁμαρτίας

307 1562 685 1642 προσηύχετο.
720 1559 857 1620 ’Ὅτι
888 1559 943 1617 δὲ
988 1569 1144 1618 τοῦτο
1174 1562 1268 1619 οὒκ
1299 1560 1538 1639 ἄκαρπον
1574 1562 1659 1617 καὶ
1689 1560 1952 1627 ἀνόνητον

306 1652 457 1725 αὔτῷ
498 1650 745 1728 γέγονεν,
809 1649 948 1708 ἀλλὰ
991 1650 1221 1714 πολλοῖς
1279 1650 1457 1708 αἴτιον
1500 1649 1766 1726 σωτηρίας
1824 1672 1947 1707 κατι

2050 480 2221 542 oculo
2250 479 2556 542 videretur
2590 502 2602 538 :
2639 490 2701 541 ut
2733 480 2834 561 qui
2865 488 3029 542 recte
3057 479 3264 555 sciret,
3298 480 3457 562 quod
3489 482 3682 546 delic-

2050 578 2105 630 ta
2134 570 2338 631 talium
2372 568 2656 644 virorum,
2695 570 2745 633 si
2787 570 2985 633 multis
3016 569 3159 632 ﬁant
3191 570 3528 647 manifesta,
3563 591 3683 637 non

2046 660 2239 720 solum
2265 659 2530 721 efficiunt
2554 669 2616 721 ut
2640 667 3099 723 contemnantur
3121 679 3253 741 quae
3281 670 3421 724 sunt
3448 663 3680 726 honore

2048 748 2228 827 digna
2260 758 2316 810 et
2347 749 2685 811 reverentia
2708 769 2727 825 ;
2750 750 2857 811 sed
2886 750 3061 813 etiam
3096 769 3375 830 magnum
3405 750 3683 833 praebent

2044 837 2499 902 incitamentum
2532 851 2592 902 et
2620 841 3000 917 occasionem
3030 840 3105 904 ad
3139 841 3373 907 vitium.

2124 1015 2273 1080 LXII
2306 1015 2421 1080 Sed
2446 1017 2532 1080 sic
2552 1018 2796 1100 quidem
2820 1037 3067 1099 magnus
3087 1018 3191 1083 ille
3213 1020 3547 1101 repellebat
3569 1039 3675 1085 ca-

2043 1106 2463 1188 lumnias,quaa
2492 1108 2934 1171 intentabantur
2962 1109 3247 1171 adversus
3273 1128 3547 1189 magnum
3572 1130 3675 1175 se-

2042 1195 2318 1258 nem.[lle
2347 1212 2545 1260 autem
2581 1217 2699 1259 non
2730 1197 3002 1260 cessabat
3024 1198 3097 1259 ab
3128 1200 3240 1261 hac
3272 1201 3621 1280 operatione
3654 1221 3669 1267 :

2040 1284 2145 1345 sed
2160 1284 2392 1347 etiamsi
2416 1286 2633 1367 probro
2653 1296 2709 1349 et
2722 1287 3067 1350 dedecorea
3084 1287 3283 1350 multis
3301 1289 3670 1368 afﬁceretur,

2039 1374 2168 1452 ipse
2191 1394 2371 1435 unum
2391 1376 2584 1437 solum
2600 1377 3151 1456 spectabat,nempe
3171 1379 3425 1441 salutem
3450 1380 3676 1443 anima-

2036 1466 2281 1526 rum.lis
2305 1465 2573 1545 vero,qui
2591 1465 2874 1527 adversus
2888 1485 3025 1528 eum
3050 1466 3314 1547 linguam
3331 1468 3674 1544 movebant,

2038 1555 2263 1633 peccati
2294 1555 2384 1616 sui
2417 1555 2774 1635 precabatur
2823 1556 3083 1620 veniam.
3129 1555 3297 1628 Quod
3323 1564 3522 1619 autem
3553 1558 3670 1620 hoc

2034 1641 2295 1703 studium
2335 1663 2453 1705 non
2504 1644 2613 1704 fuit
2660 1644 2717 1705 ei
2746 1644 3166 1723 infrugiferum
3199 1653 3259 1707 et
3289 1644 3521 1719 inutile,
3556 1645 3664 1707 sed

305 1739 469 1819 ἐστη,
514 1738 675 1806 δῆλον
716 1744 977 1802 ἒντεῦθεν.
1042 1732 1270 1816 Ὀρῶσαι
1332 1742 1428 1818 γὰρ
1457 1743 1508 1796 αἱ
1538 1752 1792 1815 γυναῖκες
1852 1741 1942 1809 τήν

2036 1731 2237 1792 multis
2253 1732 2444 1794 attulit
2464 1733 2893 1808 salutem,hinc
2912 1743 3006 1797 est
3028 1732 3670 1797 manifestum.Viden-

299 1852 364 1887 τε
409 1832 705 1909 παννύχιον
750 1835 907 1890 αὒτοῦ
957 1832 1143 1887 στάσιν
1194 1833 1284 1887 καὶ
1314 1831 1411 1898 τὴν
1442 1830 1509 1886 τὰ
1537 1833 1658 1887 θεῖα
1691 1827 1776 1885 διὰ
1806 1852 1948 1885 παν-

300 1921 398 1982 τὸς
443 1918 672 1992 ᾅδουσαν
730 1920 1005 2001 γλῶσσαν,
1040 1921 1207 1987 αὐτὴν
1253 1942 1308 1976 τε
1347 1920 1447 1987 τὴν
1478 1919 1611 1999 ὑπὲρ
1642 1921 1741 1985 τῆς
1773 1939 1947 1994 μετα-

299 2007 472 2077 ϐολῆς
519 2012 691 2067 αύτῶν
743 2011 832 2068 καὶ
861 2017 953 2066 τοῦ
987 2012 1318 2080 σωθήσεσθαι
1350 2008 1574 2076 διηνεκη
1606 2009 1944 2088 προσευχὴν,

300 2106 413 2155 τῶν
497 2098 710 2178 φαύλων
789 2100 1145 2178 ἀφιστάμεναι
1230 2097 1493 2177 πράξεων,
1599 2098 1946 2177 σωφροσύνης

302 2187 696 2263 ἐπεμελοῦντο.
761 2191 857 2248 Καὶ
905 2191 957 2246 αἱ
1016 2190 1114 2263 μὲν
1174 2190 1422 2264 νομίμοις
1477 2188 1831 2261 συνήπτοντο,
1898 2189 1949 2243 αἱ

304 2277 365 2335 δὲ
407 2278 575 2340 οὕτως
620 2278 809 2354 ἔμενον
853 2280 1153 2337 ἀποστᾶσαι
1200 2286 1304 2336 τῶν
1375 2284 1624 2356 πονηρῶν
1682 2276 1944 2355 πράξεων,

306 2371 362 2425 αἱ
420 2369 586 2426 δὲκαὶ
629 2367 833 2443 τέλεον,
883 2374 960 2443 τῷ
1002 2371 1193 2442 κόσμῳ
1241 2364 1666 2446 ἀποταξάμεναι,
1699 2368 1791 2423 τὸν
1844 2372 1947 2423 τῶν

305 2458 575 2538 μοναχῶύ
618 2456 830 2514 εἵλοντο
888 2460 1024 2535 βίον.
1059 2456 1237 2521 Οὐδεὶς
1272 2458 1453 2532 μέντοι
1486 2454 1678 2534 διέγνω
1734 2457 1831 2523 τὴν
1891 2455 1945 2511 ἐν

306 2555 387 2622 τῷ
426 2547 623 2627 ἀφανεῖ
671 2549 809 2604 κατὰ
869 2550 998 2605 Θεὸν
1054 2549 1213 2604 αὑτοῦ
1264 2545 1534 2603 πολιτείαν
1566 2544 1696 2625 ἄχρι
1730 2546 1817 2602 καὶ
1868 2553 1945 2620 τῷ

311 2637 414 2712 βίῳ
467 2638 662 2715 περιὼν
717 2639 809 2711 ἦν,
882 2640 969 2694 καὶ
1024 2637 1173 2701 ὅπως
1230 2642 1309 2710 τῷ
1364 2635 1673 2716 φαυλότητα
1718 2637 1943 2715 ὑποκρί-

314 2729 491 2783 νεσθαι
533 2727 597 2783 τὰ
626 2726 794 2807 φαῦλα
827 2728 1015 2806 γύναια
1046 2728 1309 2803 μετετίθει
1341 2732 1435 2783 τοῦ
1464 2727 1685 2804 τρόπου,

394 2893 526 2966 ΞΓ’,
578 2905 675 2963 Διᾶ
707 2903 773 2972 δὴ
818 2912 974 2963 τοῦτο
1019 2908 1104 2962 καὶ
1158 2904 1349 2971 ἐξιόντι
1401 2905 1532 2961 ποτὲ
1568 2906 1660 2962 τοῦ
1692 2926 1943 2984 καταγω-

307 2995 424 3071 γίου
471 2998 568 3061 τῆς
611 3001 718 3050 τῶν
762 2996 969 3072 πορνῶν
1009 2995 1409 3074 πρωτευούσης,
1470 3000 1700 3066 συναντᾷ
1728 3016 1809 3058 τις
1841 3000 1944 3051 τῶν

2036 1828 2125 1881 tes
2154 1820 2313 1882 enim
2350 1822 2634 1884 mulieres
2663 1823 2797 1902 ejus
2828 1842 2935 1904 per
2967 1832 3202 1888 noctem
3234 1825 3576 1901 stationem,
3609 1833 3674 1887 et

2034 1908 2291 1988 linguam
2328 1911 2527 1972 divina
2559 1921 2847 1993 perpetuo
2873 1922 3210 1996 canentem,
3247 1922 3307 1976 et
3331 1932 3436 1994 pro
3458 1930 3663 1976 earum

2036 2000 2384 2075 mutatione,
2417 2009 2478 2062 et
2509 2010 2570 2062 ut
2593 2010 2996 2078 servarentur,
3030 2003 3332 2066 assiduam
3364 2004 3660 2085 precatio-

2035 2107 2196 2163 nem,
2223 2089 2581 2154 desistentes
2601 2110 2634 2153 a
2658 2092 2832 2154 malis
2852 2092 3208 2168 actionibus,
3242 2091 3531 2173 gerebant
3554 2112 3663 2155 cu-

2030 2196 2158 2240 ram
2186 2179 2596 2255 temperantiae
2628 2198 2643 2243 :
2680 2190 2740 2243 et
2794 2182 2929 2245 alia:
2957 2183 3197 2263 quidem
3230 2182 3495 2262 legitimo
3527 2200 3672 2247 con-

2023 2269 2430 2348 jungebantur
2458 2269 2834 2332 matrimonio
2866 2292 2881 2346 ;
2935 2272 3068 2333 alia;
3113 2280 3313 2335 autem
3342 2273 3431 2334 sic
3458 2290 3669 2334 mane—

2032 2358 2563 2435 bant,desistentes
2590 2378 2625 2420 a
2652 2359 2965 2438 ﬂagitiosis
2987 2358 3350 2437 actionibus;
3373 2360 3507 2425 alia;
3529 2379 3668 2425 vero

2030 2448 2256 2509 mundo
2291 2449 2552 2528 perfecte
2576 2452 3199 2527 renuntiantes,vitam
3220 2450 3518 2531 eligebant
3538 2470 3667 2514 mo-

2028 2538 2339 2600 nasticam.
2376 2540 2567 2601 Nemo
2625 2548 2821 2601 autem
2877 2542 3156 2621 cognovit
3205 2540 3502 2625 occultam
3533 2542 3667 2622 ejus

2028 2645 2096 2690 ex
2130 2627 2252 2689 Deo
2286 2628 2483 2701 vitam,
2517 2628 2783 2705 quandiu
2808 2629 2917 2691 fuit
2947 2630 3007 2691 in
3042 2631 3155 2692 vita
3184 2638 3516 2712 superstes;
3553 2647 3666 2692 nec

2028 2716 2535 2797 quemadmodum
2591 2718 2931 2781 simulando
2995 2719 3350 2797 nequitiam,
3405 2737 3442 2782 a
3489 2718 3666 2783 malis

2032 2805 2300 2867 moribus
2330 2805 2593 2869 traduxit
2624 2808 2811 2870 malas
2842 2808 3152 2872 mulieres.

2107 2894 2309 2960 LXIII.
2342 2894 2741 2969 Quamobrem
2765 2915 2902 2959 cum
2926 2898 3247 2981 aliquando
3275 2897 3665 2977 egrederetur

2028 3001 2097 3047 ex
2128 2984 2464 3048 habitacula
2489 2987 2783 3068 ejus,quae
2806 2987 3062 3068 primum
3089 2989 3285 3052 locum
3313 2987 3557 3051 tenebat
3578 2990 3666 3051 in-

302 3081 739 3156 ἆκολάστων,ξπ’
770 3087 895 3142 αὐτὸ
924 3095 1080 3144 τοῦτο
1110 3087 1286 3142 εἰσιὼν
1315 3085 1548 3163 ἐκεῖνος,
1582 3084 1719 3141 ὥστε
1747 3082 1937 3161 βδελυ-

2032 3080 2121 3135 ter
2143 3076 2578 3149 meretrices,ei
2599 3076 2863 3139 occurrit
2878 3077 3118 3158 quidam
3140 3077 3666 3159 libidinosus,pro~

299 3173 417 3249 ρίαν
463 3173 636 3247 ἑαυτῷ
665 3173 981 3250 πράξασθαι,
1013 3177 1102 3231 καὶ
1146 3176 1289 3231 παίει
1347 3176 1438 3230 τὸν
1468 3172 1613 3231 ὅσιον
1647 3174 1778 3231 κατὰ
1811 3173 1941 3252 κόῤ-

2032 3173 2158 3244 pter
2170 3166 2314 3227 hoci
2325 3185 2491 3245 psum
2514 3165 3665 3250 ingrediens,utdatapecunia,explerst

296 3262 398 3340 ρης
431 3259 535 3337 ὅλῃ
580 3264 746 3342 χειρὶ,
779 3259 939 3328 ’Ἐως
969 3264 1136 3338 τίνος,
1169 3264 1431 3343 ἒπειπὼν,
1481 3265 1937 3341 Χριστεμπαίκτα,

299 3357 407 3407 τῶν
452 3350 667 3430 φαύλων
711 3356 806 3411 οὒκ
875 3352 1162 3429 ἀποστήσῃ
1227 3351 1524 3431 πράξεων;
1582 3351 1721 3427 Πρὸς
1779 3358 1941 3409 ταῦτα

300 3441 397 3497 τὸν
452 3441 741 3515 θαυμάσιον
803 3442 1008 3500 ἐκεῖνον
1084 3440 1381 3520 ἄνθρωπον,
1443 3441 1696 3517 Ταπεινὲ,
1754 3440 1937 3518 φάναι,

303 3528 494 3605 μέλλει
524 3552 608 3588 σοι
652 3531 1065 3609 ἐπικροτηθῂναι
1116 3532 1378 3609 ῥάπισμα,
1416 3531 1488 3591 ὡς
1536 3535 1724 3606 μικροῦ
1767 3534 1939 3584 πᾶσαν

301 3620 403 3685 τὴν
486 3616 879 3698 Ἀλεξάνδρειαν
964 3623 1096 3700 πρὸς
1182 3622 1278 3685 τὰς
1360 3620 1456 3684 σὰς
1516 3618 1939 3696 ἐπισυναχθῆναι

303 3708 562 3787 κραυγάς,
610 3711 809 3786 Χρόνος
866 3712 925 3767 τὸ
956 3709 1151 3786 μεταξὺ
1194 3710 1403 3781 ἱκανὰς,
1428 3709 1516 3764 καὶ
1551 3710 1574 3763 '9
1605 3710 1750 3769 θεῖος
1782 3705 1936 3764 ἐκεῖ·

306 3820 395 3863 νος
438 3798 572 3874 ἀνὴρ
627 3800 760 3876 πρὸς
820 3801 1009 3877 Κύριον
1055 3798 1309 3875 ἐκδημεϊ,
1362 3798 1414 3854 ἕν
1455 3820 1562 3854 τινι
1596 3797 1936 3874 σμικροτάτῳ

297 3887 496 3962 κελλίῳ
540 3888 639 3961 ὢν,
686 3890 714 3945 ὃ
757 3890 895 3946 κατὰ
939 3889 1033 3957 την
1065 3888 1363 3966 λεγομένην
1406 3886 1751 3943 Ἡλιούπολιν
1792 3908 1933 3954 κτη-

294 3978 527 4052 σάμενος
568 3980 662 4056 ἧν,
693 3976 809 4035 καθ’
840 3979 906 4047 ἢν
950 3980 1140 4057 μικρὸν
1170 4001 1216 4034 τι
1252 3977 1530 4054 εὖκτήριον
1577 3976 1636 4033 ἐκ
1680 3976 1934 4055 γειτόνων

293 4065 468 4147 ἔχων,
507 4065 710 4130 πολλὰς
742 4070 797 4124 ἒν
826 4068 970 4140 αύτῷ
999 4066 1234 4133 συνάξεις
1282 4066 1469 4129 ἐποίει,
1524 4065 1692 4124 ’Ἔνθα
1735 4066 1801 4133 δὴ
1846 4070 1933 4123 καὶ

287 4158 567 4233 ἠθροίζετο
621 4156 756 4214 πολύ
800 4180 849 4213 τι
894 4164 1002 4215 τῶν
1069 4156 1316 4232 ἆσὲμνων
1378 4158 1642 4233 γυναικῶν
1697 4154 1925 4233 πλῆθος,

286 4249 481 4311 ἱκανῆς
526 4243 648 4323 παρ’
692 4249 847 4304 αὖτοῦ
889 4248 986 4315 τῆς
1048 4247 1327 4324 θεραπείας
1399 4243 1728 4320 ἀξιούμεναι,
1790 4245 1929 4301 ὥστε

290 4334 384 4391 καὶ
441 4335 562 4398 τοὺς
618 4337 707 4391 τὸν
756 4335 972 4412 ἐμπαθῆ
1022 4334 1315 4399 διώκοντας
1374 4335 1512 4412 βίον,
1573 4331 1747 4413 χολᾷν
1788 4338 1931 4408 αὒτῷ

289 4425 382 4480 καὶ
442 4425 760 4505 ὀργίζεσθαι,
826 4432 1062 4518 πονηρορ
1143 4424 1455 4504 πράγματος
1532 4421 1686 4518 δηθεν
1746 4422 1931 4499 ἐκείνῳ

293 4510 791 4591 διαφθονουμὲνους,
838 4516 949 4594 καὶ,
1026 4510 1076 4570 Ὠ
1138 4515 1254 4578 πῶς
1313 4513 1601 4593 ἐξεγένετο,
1649 4512 1925 4592 λέγοντας,

296 4603 376 4677 τῷ
405 4601 674 4658 ἆπατεῶνι
704 4604 962 4667 τοσαύτας
996 4602 1214 4659 ἑλκῦται
1246 4603 1375 4675 πρὸς
1408 4602 1593 4659 ἑαυτόν
1630 4622 1646 4682 ς

379 4689 517 4747 ΞΔ’.
586 4693 946 4766 Κοιμηθέντος
993 4694 1105 4766 οὖν,
1152 4691 1331 4769 ὥσπερ
1364 4689 1604 4768 εἴρηται,
1637 4692 1724 4747 καὶ
1756 4689 1930 4767 μηδι-

299 4781 385 4844 νὸς
431 4780 764 4855 αἰσθομένου,
829 4780 1101 4860 ἱφίσταταί
1142 4803 1224 4855 τις
1288 4785 1628 4860 παραχρῆμα
1691 4778 1931 4860 δύσμορ-

296 4892 394 4951 φος
467 4871 652 4947 Αἰθίοψ
739 4878 815 4945 τῷ
888 4872 1163 4949 ῥαπίσαντι
1241 4871 1398 4928 αὖτὸν
1472 4868 1781 4944 ἀκολάστῳ,
1841 4873 1930 4928 καὶ

293 4960 438 5016 παίει
482 4960 613 5038 βαρ-5
663 4982 713 5016 τι
757 4962 844 5017 καὶ
886 4959 1094 5019 ἔντονον
1147 4964 1289 5036 αὒτῴ
1349 4960 1485 5017 κατᾶ
1528 4961 1633 5016 τῶν
1694 4970 1929 5039 παρειῶν

293 5048 558 5127 ῥάπισμα,
603 5046 772 5113 οὕτως
816 5050 1075 5128 ἰσχυρῶς,
1136 5051 1209 5115 ὡς
1267 5051 1359 5106 τὸν
1417 5047 1604 5128 κρότον
1650 5047 1780 5129 ἄχρι
1837 5052 1932 5106 καὶ

292 5135 558 5212 μηκίστου
600 5147 694 5198 τοῦ
752 5136 1114 5215 διαστήματος
1173 5138 1431 5196 ἀκουστὸν
1467 5138 1729 5218 γενέσθαι,
1764 5139 1925 5195 ἒπει-

290 5241 421 5282 πεϊν
450 5248 506 5281 τε
541 5230 683 5301 αύτῷ
718 5243 731 5257 ⁸
784 5228 941 5295 Δέξαι
974 5231 1119 5286 τουτὶ
1148 5230 1210 5286 τὸ
1238 5229 1503 5308 ῥάπισμα,
1536 5226 1666 5306 ὅπερ
1699 5231 1726 5285 ὁ
1756 5250 1928 5304 μονα·

289 5316 396 5395 χός
440 5337 523 5372 σοι
568 5316 815 5382 Βιτᾶλιος
870 5318 1179 5398 πέπομφεν,
1244 5320 1316 5381 ὡς
1377 5330 1662 5396 προεῖπεν.
1730 5320 1930 5394 Αὐτίκα

2025 3253 2336 3316 libidinem
2366 3277 2377 3318 :
2428 3265 2488 3318 et
2506 3265 2710 3318 sancto
2744 3256 3023 3339 impingit
3043 3256 3384 3338 colaphum,
3420 3258 3659 3332 Quous-

2025 3343 2406 3422 que,dicens,
2443 3363 2475 3405 ο
2493 3343 2719 3406 Christi
2754 3345 2990 3420 illusor,
3010 3365 3127 3408 non
3151 3346 3404 3409 desistes
3426 3365 3461 3408 a
3491 3346 3661 3410 malis

2024 3433 2360 3494 actionibus
2383 3431 2409 3493 ἲ
2430 3432 2523 3493 Ad
2548 3433 2674 3494 haec
2697 3434 2875 3495 homo
2900 3434 3002 3497 ille
3021 3433 3418 3510 admirabilis,
3452 3434 3655 3512 Miser,

2023 3522 2303 3601 inquit,et
2326 3521 2429 3583 tibi
2455 3522 2833 3585 incutiendus
2851 3524 3225 3605 colaphus.ut
3240 3532 3360 3588 tota
3383 3523 3662 3588 fereAle-

2023 3611 2269 3673 xandria
2288 3611 2359 3673 ad
2396 3621 2526 3674 tuos
2556 3612 2850 3675 clamores
2881 3621 3302 3694 congregetur.
3335 3612 3467 3677 Non
3495 3613 3657 3677 mul-

2027 3715 2143 3763 tum
2171 3706 2495 3763 intercessit
2521 3705 2820 3777 temporis,
2847 3716 2901 3766 et
2944 3708 3029 3765 vir
3052 3708 3149 3766 ille
3176 3708 3407 3766 divinus
3441 3707 3659 3781 migra-

2021 3791 2100 3852 vit
2122 3790 2193 3851 ad
2218 3792 2705 3866 Dominum,cum
2728 3801 2889 3856 esset
2907 3793 2970 3856 in
2993 3812 3173 3874 parva
3196 3793 3451 3876 quadam
3475 3793 3650 3867 cella,

2018 3899 2200 3963 quam
2238 3886 2656 3942 construxerat
2685 3881 2744 3942 in
2769 3882 3064 3964 loco,quae
3085 3884 3302 3946 dicitur
3324 3882 3500 3946 Porta
3531 3884 3651 3966 (l7)

2018 3970 2182 4041 solis,
2222 3970 2282 4031 in
2314 3988 2430 4049 qua
2462 3969 2763 4051 quoddam
2789 3990 3030 4051 parvum
3052 3972 3282 4035 habens
3303 3976 3651 4052 oratorium,

2017 4059 2266 4122 faciebat
2289 4060 2348 4120 in
2374 4078 2444 4120 eo
2473 4059 2685 4121 multas
2708 4079 2979 4141 synaxes.
3013 4062 3142 4135 Quo
3165 4063 3378 4125 inloco
3396 4083 3652 4144 congre—

2013 4151 2262 4230 gabatur
2281 4149 2459 4210 etiam
2496 4148 2812 4211 multitudo
2839 4151 3278 4232 impudicarnm
3304 4153 3650 4231 mulierum,

2014 4260 2147 4323 quae
2165 4237 2696 4319 consequebantur
2716 4240 2789 4301 ab
2806 4258 2879 4302 eo
2896 4242 3447 4317 curationem,adeo
3467 4250 3530 4304 nt
3551 4244 3652 4325 qui

2016 4336 2184 4391 vitam
2211 4333 2456 4404 agebant
2480 4331 2848 4390 libidinosam
2873 4345 2927 4391 et
2954 4336 3410 4406 voluptariam.ei
3438 4336 3654 4394 irasce-

2013 4426 2222 4480 rentur
2245 4428 2301 4479 et
2323 4427 2777 4491 suscenserent,
2806 4428 2866 4480 ut
2889 4421 2982 4481 cui
3013 4430 3258 4502 propter
3277 4438 3406 4483 rem
3435 4420 3650 4484 malam

2014 4507 2246 4570 scilicet
2270 4507 2931 4588 inviderent,dicentes:
2956 4510 3268 4583 Quomodo
3288 4511 3414 4574 ﬁeri
3441 4510 3653 4594 potuit,

2012 4606 2077 4659 ut
2108 4597 2202 4657 hic
2235 4596 2526 4676 impostor
2558 4605 2673 4659 tam
2711 4596 2922 4659 multas
2954 4598 3025 4661 ad
3053 4617 3118 4661 se
3150 4600 3508 4663 attraxerit?

2095 4685 2455 4750 LXIV.Cum
2480 4685 2823 4748 dormiisset
2844 4689 3175 4767 ergo,sicut
3194 4690 3422 4753 dictum
3444 4698 3558 4766 est,
3592 4699 3657 4754 et

2017 4795 2194 4839 nemo
2226 4775 2787 4850 sensisset,accedit
2817 4786 3065 4858 repente
3096 4779 3336 4860 quidam
3368 4779 3655 4842 deformis

2016 4865 2289 4947 IEtbiops
2320 4864 2392 4926 ad
2427 4864 2616 4927 virum
2645 4862 3055 4944 libidinosum,
3089 4868 3191 4950 qui
3225 4867 3282 4931 ei
3332 4867 3654 4949 colaphum

2017 4958 2435 5038 impegerat,et
2458 4955 2590 5034 ejus
2612 4954 2785 5032 genis
2807 4955 3020 5019 incutit
3047 4975 3286 5037 gravem
3312 4966 3371 5020 et
3393 4956 3650 5019 validum

2014 5043 2519 5125 colaphum,adeo
2553 5053 2615 5106 ut
2641 5045 2769 5123 ejus
2798 5063 2982 5107 sonus
3008 5046 3081 5108 ad
3107 5046 3428 5109 maximum
3460 5064 3655 5128 usque

2013 5136 2269 5218 spatium
2307 5133 2485 5196 fuerit
2508 5134 2965 5210 exauditus.Qui
2986 5135 3211 5200 deinde
3233 5140 3286 5200 ei
3310 5137 3458 5200 dixit
3483 5155 3497 5201 :
3524 5138 3652 5201 Ac-

2013 5226 2145 5307 cipe
2176 5224 2333 5286 bunc
2365 5222 2704 5302 colaphum,
2728 5243 2905 5305 quem
2936 5225 3011 5288 ad
3036 5235 3092 5288 te
3127 5226 3288 5290 misit
3317 5228 3651 5291 monachus

2013 5312 2404 5391 Vitalis,sicnt
2424 5311 2716 5393 praedixit.
2737 5314 3019 5377 Protinus
3043 5333 3186 5397 ergo
3210 5316 3395 5380 miser
3418 5316 3649 5380 voluta-

373 5493 503 5583 (17)
531 5496 862 5577 Utrumque
888 5495 998 5559 Ms.
1031 5498 1298 5563 Graecum
1330 5487 1668 5578 ’Πλωτώ-ις,
1701 5507 1791 5563 ast
1820 5500 1942 5564 Her

2032 5512 2111 5569 ηε
2168 5492 2312 5577 legit
2346 5486 2693 5573 Ἠλιὸπυλος,
2727 5497 2823 5561 cui
2855 5499 3154 5566 consentit
3185 5501 3373 5570 altera
3401 5500 3523 5571 vita
3553 5517 3663 5583 per

285 5574 631 5641 Leontium.
