  <div class='ocr_page' id='page_1' title='image "/cluster/home/n/w/nwhite01/storage/ocr_20150623/114/mdp.39015028574344/482.png"; bbox 0 0 4006 6138; ppageno 0'>
   <div class='ocr_carea' id='block_1_1' title="bbox 202 330 2617 408">
    <p class='ocr_par' dir='ltr' id='par_1_1' title="bbox 202 330 2617 408">
     <span class='ocr_line' id='line_1_1' title="bbox 202 330 2617 408; baseline -0.005 0"><span class='ocrx_word' id='word_1_1' title='bbox 202 338 350 408; x_wconf 83' lang='grc'><strong>953</strong></span> <span class='ocrx_word' id='word_1_2' title='bbox 1262 337 1449 403; x_wconf 87' lang='lat' dir='ltr'><strong>VITA</strong></span> <span class='ocrx_word' id='word_1_3' title='bbox 1492 335 1552 399; x_wconf 92' lang='lat' dir='ltr'><strong>S.</strong></span> <span class='ocrx_word' id='word_1_4' title='bbox 1595 331 1921 399; x_wconf 78' lang='lat' dir='ltr'><strong>JOANNIS</strong></span> <span class='ocrx_word' id='word_1_5' title='bbox 1964 330 2617 399; x_wconf 82' lang='lat' dir='ltr'><strong>ELEEMOSYNARII.</strong></span> 
     </span>
    </p>
   </div>
   <div class='ocr_carea' id='block_1_2' title="bbox 1756 505 2136 576">
    <p class='ocr_par' dir='ltr' id='par_1_2' title="bbox 1756 505 2136 576">
     <span class='ocr_line' id='line_1_2' title="bbox 1756 505 2136 576; baseline 0.003 -1"><span class='ocrx_word' id='word_1_6' title='bbox 1756 505 1997 575; x_wconf 80' lang='lat' dir='ltr'><strong>CAPUT</strong></span> <span class='ocrx_word' id='word_1_7' title='bbox 2035 507 2136 576; x_wconf 85' lang='lat' dir='ltr'><strong>XI.</strong></span> 
     </span>
    </p>
   </div>
   <div class='ocr_carea' id='block_1_3' title="bbox 1467 668 2423 748">
    <p class='ocr_par' dir='ltr' id='par_1_3' title="bbox 1467 668 2423 748">
     <span class='ocr_line' id='line_1_3' title="bbox 1467 668 2423 748; baseline -0.008 -9"><span class='ocrx_word' id='word_1_8' title='bbox 1467 671 1826 739; x_wconf 79' lang='lat' dir='ltr'><strong>Temeraria</strong></span> <span class='ocrx_word' id='word_1_9' title='bbox 1865 668 2102 748; x_wconf 79' lang='lat' dir='ltr'><strong>iudicia</strong></span> <span class='ocrx_word' id='word_1_10' title='bbox 2143 672 2423 737; x_wconf 72' lang='lat' dir='ltr'><strong>vitanda.</strong></span> 
     </span>
    </p>
   </div>
   <div class='ocr_carea' id='block_1_4' title="bbox 3510 327 3631 397">
    <p class='ocr_par' dir='ltr' id='par_1_4' title="bbox 3510 327 3631 397">
     <span class='ocr_line' id='line_1_4' title="bbox 3510 327 3631 397; baseline 0 0"><span class='ocrx_word' id='word_1_11' title='bbox 3510 327 3631 397; x_wconf 80' lang='grc'><strong>954</strong></span> 
     </span>
    </p>
   </div>
   <div class='ocr_carea' id='block_1_5' title="bbox 304 799 1923 887">
    <p class='ocr_par' dir='ltr' id='par_1_5' title="bbox 304 799 1923 887">
     <span class='ocr_line' id='line_1_5' title="bbox 304 799 1923 887; baseline -0.004 -19"><span class='ocrx_word' id='word_1_12' title='bbox 304 799 477 871; x_wconf 84' lang='grc' dir='ltr'><strong>ΞΖ’.</strong></span> <span class='ocrx_word' id='word_1_13' title='bbox 539 808 778 887; x_wconf 81' lang='grc' dir='ltr'>Ἀρκέσει</span> <span class='ocrx_word' id='word_1_14' title='bbox 820 807 877 865; x_wconf 76' lang='grc' dir='ltr'>δὲ</span> <span class='ocrx_word' id='word_1_15' title='bbox 929 810 1020 866; x_wconf 81' lang='grc' dir='ltr'><strong>καὶ</strong></span> <span class='ocrx_word' id='word_1_16' title='bbox 1070 811 1132 866; x_wconf 83' lang='grc' dir='ltr'>τὸ</span> <span class='ocrx_word' id='word_1_17' title='bbox 1201 806 1522 886; x_wconf 73' lang='grc' dir='ltr'><strong>ῥηθήσεσθαι</strong></span> <span class='ocrx_word' id='word_1_18' title='bbox 1565 801 1765 879; x_wconf 78' lang='grc' dir='ltr'><strong>μέλλον</strong></span> <span class='ocrx_word' id='word_1_19' title='bbox 1822 799 1923 862; x_wconf 64' lang='lat' dir='ltr'><strong>sic.</strong></span> 
     </span>
    </p>
   </div>
   <div class='ocr_carea' id='block_1_6' title="bbox 2009 799 3634 887">
    <p class='ocr_par' dir='ltr' id='par_1_6' title="bbox 2063 799 3634 884">
     <span class='ocr_line' id='line_1_6' title="bbox 2063 799 3634 884; baseline 0.003 -22"><span class='ocrx_word' id='word_1_20' title='bbox 2063 799 2286 865; x_wconf 85' lang='lat' dir='ltr'><strong>LXVII.</strong></span> <span class='ocrx_word' id='word_1_21' title='bbox 2320 800 2584 864; x_wconf 86' lang='lat' dir='ltr'><strong>Sufﬁciet</strong></span> <span class='ocrx_word' id='word_1_22' title='bbox 2613 810 2812 864; x_wconf 90' lang='lat' dir='ltr'><strong>autem</strong></span> <span class='ocrx_word' id='word_1_23' title='bbox 2844 801 2904 865; x_wconf 88' lang='lat' dir='ltr'><strong>id</strong></span> <span class='ocrx_word' id='word_1_24' title='bbox 2954 804 3195 884; x_wconf 83' lang='lat' dir='ltr'><strong>quoque</strong></span> <span class='ocrx_word' id='word_1_25' title='bbox 3225 801 3381 884; x_wconf 89' lang='lat' dir='ltr'><strong>quod</strong></span> <span class='ocrx_word' id='word_1_26' title='bbox 3415 812 3509 866; x_wconf 91' lang='lat' dir='ltr'><strong>est</strong></span> <span class='ocrx_word' id='word_1_27' title='bbox 3533 802 3634 866; x_wconf 89' lang='lat' dir='ltr'><strong>di-</strong></span> 
     </span>
    </p>
   </div>
   <div class='ocr_carea' id='block_1_7' title="bbox 212 891 1923 981">
    <p class='ocr_par' dir='ltr' id='par_1_7' title="bbox 212 892 1902 981">
     <span class='ocr_line' id='line_1_7' title="bbox 212 892 1902 981; baseline -0.008 -22"><span class='ocrx_word' id='word_1_28' title='bbox 212 901 574 981; x_wconf 76' lang='grc' dir='ltr'>μαρτυρίαν,</span> <span class='ocrx_word' id='word_1_29' title='bbox 621 898 769 963; x_wconf 82' lang='grc' dir='ltr'>ὅπως</span> <span class='ocrx_word' id='word_1_30' title='bbox 797 898 989 977; x_wconf 80' lang='grc' dir='ltr'>βραδὺς</span> <span class='ocrx_word' id='word_1_31' title='bbox 1035 901 1109 963; x_wconf 77' lang='grc' dir='ltr'>εἰς</span> <span class='ocrx_word' id='word_1_32' title='bbox 1158 897 1469 972; x_wconf 76' lang='grc' dir='ltr'>κατάκρισιν</span> <span class='ocrx_word' id='word_1_33' title='bbox 1517 895 1810 973; x_wconf 74' lang='grc' dir='ltr'><strong>ἐτύγχανεν</strong></span> <span class='ocrx_word' id='word_1_34' title='bbox 1874 892 1902 947; x_wconf 82' lang='grc' dir='ltr'>ὁ</span> 
     </span>
    </p>
   </div>
   <div class='ocr_carea' id='block_1_8' title="bbox 2009 891 3632 981">
    <p class='ocr_par' dir='ltr' id='par_1_8' title="bbox 2009 891 3632 972">
     <span class='ocr_line' id='line_1_8' title="bbox 2009 891 3632 972; baseline 0.005 -22"><span class='ocrx_word' id='word_1_35' title='bbox 2009 891 2267 962; x_wconf 83' lang='lat' dir='ltr'><strong>:endum,</strong></span> <span class='ocrx_word' id='word_1_36' title='bbox 2292 891 2363 953; x_wconf 88' lang='lat' dir='ltr'><strong>ad</strong></span> <span class='ocrx_word' id='word_1_37' title='bbox 2401 891 2741 954; x_wconf 76' lang='lat' dir='ltr'><strong>testandum</strong></span> <span class='ocrx_word' id='word_1_38' title='bbox 2771 910 2946 972; x_wconf 90' lang='lat' dir='ltr'><strong>quam</strong></span> <span class='ocrx_word' id='word_1_39' title='bbox 2990 900 3147 954; x_wconf 89' lang='lat' dir='ltr'><strong>esset</strong></span> <span class='ocrx_word' id='word_1_40' title='bbox 3178 893 3382 955; x_wconf 85' lang='lat' dir='ltr'><strong>tardus</strong></span> <span class='ocrx_word' id='word_1_41' title='bbox 3410 898 3506 955; x_wconf 83' lang='lat' dir='ltr'><strong>vir</strong></span> <span class='ocrx_word' id='word_1_42' title='bbox 3533 893 3632 958; x_wconf 90' lang='lat' dir='ltr'><strong>ille</strong></span> 
     </span>
    </p>
   </div>
   <div class='ocr_carea' id='block_1_9' title="bbox 209 981 1923 1068">
    <p class='ocr_par' dir='ltr' id='par_1_9' title="bbox 209 984 1901 1068">
     <span class='ocr_line' id='line_1_9' title="bbox 209 984 1901 1068; baseline -0.007 -20"><span class='ocrx_word' id='word_1_43' title='bbox 209 992 564 1067; x_wconf 79' lang='grc' dir='ltr'>θαυμαστὸς</span> <span class='ocrx_word' id='word_1_44' title='bbox 621 988 990 1068; x_wconf 78' lang='grc' dir='ltr'>πατριάρχης.</span> <span class='ocrx_word' id='word_1_45' title='bbox 1024 989 1158 1051; x_wconf 85' lang='grc' dir='ltr'>Νέος</span> <span class='ocrx_word' id='word_1_46' title='bbox 1218 1009 1298 1051; x_wconf 79' lang='grc' dir='ltr'><strong>τις</strong></span> <span class='ocrx_word' id='word_1_47' title='bbox 1354 984 1675 1048; x_wconf 80' lang='grc' dir='ltr'><strong>ἀκολάστοις</strong></span> <span class='ocrx_word' id='word_1_48' title='bbox 1708 985 1901 1061; x_wconf 82' lang='grc' dir='ltr'>ὁρμαῖς</span> 
     </span>
    </p>
   </div>
   <div class='ocr_carea' id='block_1_10' title="bbox 2009 981 3631 1068">
    <p class='ocr_par' dir='ltr' id='par_1_10' title="bbox 2009 981 3631 1063">
     <span class='ocr_line' id='line_1_10' title="bbox 2009 981 3631 1063; baseline 0.004 -23"><span class='ocrx_word' id='word_1_49' title='bbox 2009 981 2359 1044; x_wconf 69' lang='grc' dir='ltr'>ιόηιὶτεὺίιίε</span> <span class='ocrx_word' id='word_1_50' title='bbox 2390 981 2463 1043; x_wconf 90' lang='lat' dir='ltr'><strong>ad</strong></span> <span class='ocrx_word' id='word_1_51' title='bbox 2496 981 3079 1045; x_wconf 66' lang='lat' dir='ltr'><strong>condemnationem.</strong></span> <span class='ocrx_word' id='word_1_52' title='bbox 3112 982 3362 1055; x_wconf 83' lang='lat' dir='ltr'><strong>Quidam</strong></span> <span class='ocrx_word' id='word_1_53' title='bbox 3388 984 3631 1063; x_wconf 79' lang='lat' dir='ltr'><strong>juvenis</strong></span> 
     </span>
    </p>
   </div>
   <div class='ocr_carea' id='block_1_11' title="bbox 213 1070 1923 1162">
    <p class='ocr_par' dir='ltr' id='par_1_11' title="bbox 213 1070 1900 1162">
     <span class='ocr_line' id='line_1_11' title="bbox 213 1070 1900 1162; baseline -0.007 -25"><span class='ocrx_word' id='word_1_54' title='bbox 213 1082 567 1162; x_wconf 83' lang='grc' dir='ltr'>χρώμενος,</span> <span class='ocrx_word' id='word_1_55' title='bbox 630 1078 729 1134; x_wconf 90' lang='grc' dir='ltr'><strong>ἀνά</strong></span> <span class='ocrx_word' id='word_1_56' title='bbox 799 1078 900 1145; x_wconf 76' lang='grc' dir='ltr'>τὴν</span> <span class='ocrx_word' id='word_1_57' title='bbox 956 1078 1115 1135; x_wconf 88' lang='grc' dir='ltr'>πόλιν</span> <span class='ocrx_word' id='word_1_58' title='bbox 1200 1078 1421 1157; x_wconf 87' lang='grc' dir='ltr'>περιιὼν</span> <span class='ocrx_word' id='word_1_59' title='bbox 1478 1070 1900 1162; x_wconf 78' lang='grc' dir='ltr'>Ἀλεξάνδρειαν,</span> 
     </span>
    </p>
   </div>
   <div class='ocr_carea' id='block_1_12' title="bbox 2009 1070 3629 1162">
    <p class='ocr_par' dir='ltr' id='par_1_12' title="bbox 2015 1070 3629 1152">
     <span class='ocr_line' id='line_1_12' title="bbox 2015 1070 3629 1152; baseline 0.002 -21"><span class='ocrx_word' id='word_1_60' title='bbox 2015 1071 2635 1151; x_wconf 81' lang='lat' dir='ltr'><strong>mpudicuscivitatem</strong></span> <span class='ocrx_word' id='word_1_61' title='bbox 2663 1070 2873 1133; x_wconf 85' lang='lat' dir='ltr'><strong>obiens</strong></span> <span class='ocrx_word' id='word_1_62' title='bbox 2898 1072 3481 1152; x_wconf 81' lang='lat' dir='ltr'><strong>Alexandriam,cum</strong></span> <span class='ocrx_word' id='word_1_63' title='bbox 3508 1075 3629 1135; x_wconf 89' lang='lat' dir='ltr'><strong>vir-</strong></span> 
     </span>
    </p>
   </div>
   <div class='ocr_carea' id='block_1_13' title="bbox 210 1161 1923 1249">
    <p class='ocr_par' dir='ltr' id='par_1_13' title="bbox 210 1161 1901 1249">
     <span class='ocr_line' id='line_1_13' title="bbox 210 1161 1901 1249; baseline -0.008 -20"><span class='ocrx_word' id='word_1_64' title='bbox 210 1161 521 1249; x_wconf 73' lang='grc' dir='ltr'>παρθένον</span> <span class='ocrx_word' id='word_1_65' title='bbox 562 1169 681 1226; x_wconf 78' lang='grc' dir='ltr'>τινὰ</span> <span class='ocrx_word' id='word_1_66' title='bbox 706 1173 812 1222; x_wconf 81' lang='grc' dir='ltr'>τῶν</span> <span class='ocrx_word' id='word_1_67' title='bbox 840 1168 934 1224; x_wconf 84' lang='grc' dir='ltr'>τὸν</span> <span class='ocrx_word' id='word_1_68' title='bbox 964 1171 1268 1247; x_wconf 78' lang='grc' dir='ltr'>μοναχικὸν</span> <span class='ocrx_word' id='word_1_69' title='bbox 1313 1168 1427 1243; x_wconf 83' lang='grc' dir='ltr'>βίον</span> <span class='ocrx_word' id='word_1_70' title='bbox 1482 1161 1901 1239; x_wconf 66' lang='grc' dir='ltr'><strong>ἀσπασαμένων,</strong></span> 
     </span>
    </p>
   </div>
   <div class='ocr_carea' id='block_1_14' title="bbox 2009 1161 3633 1249">
    <p class='ocr_par' dir='ltr' id='par_1_14' title="bbox 2009 1161 3633 1242">
     <span class='ocr_line' id='line_1_14' title="bbox 2009 1161 3633 1242; baseline 0.002 -20"><span class='ocrx_word' id='word_1_71' title='bbox 2009 1161 2189 1235; x_wconf 72' lang='lat' dir='ltr'><strong>ginem</strong></span> <span class='ocrx_word' id='word_1_72' title='bbox 2222 1162 2540 1242; x_wconf 84' lang='lat' dir='ltr'><strong>quamdam</strong></span> <span class='ocrx_word' id='word_1_73' title='bbox 2567 1180 2638 1223; x_wconf 84' lang='lat' dir='ltr'><strong>ex</strong></span> <span class='ocrx_word' id='word_1_74' title='bbox 2663 1162 2758 1235; x_wconf 89' lang='lat' dir='ltr'><strong>iis,</strong></span> <span class='ocrx_word' id='word_1_75' title='bbox 2783 1180 2918 1241; x_wconf 84' lang='lat' dir='ltr'><strong>quae</strong></span> <span class='ocrx_word' id='word_1_76' title='bbox 2948 1162 3122 1223; x_wconf 88' lang='lat' dir='ltr'><strong>vitam</strong></span> <span class='ocrx_word' id='word_1_77' title='bbox 3153 1163 3440 1242; x_wconf 67' lang='lat' dir='ltr'><strong>amplexae</strong></span> <span class='ocrx_word' id='word_1_78' title='bbox 3461 1172 3633 1227; x_wconf 86' lang='lat' dir='ltr'><strong>erant</strong></span> 
     </span>
    </p>
   </div>
   <div class='ocr_carea' id='block_1_15' title="bbox 213 1251 1923 1338">
    <p class='ocr_par' dir='ltr' id='par_1_15' title="bbox 213 1251 1905 1338">
     <span class='ocr_line' id='line_1_15' title="bbox 213 1251 1905 1338; baseline -0.008 -19"><span class='ocrx_word' id='word_1_79' title='bbox 213 1266 327 1329; x_wconf 75' lang='grc' dir='ltr'>τῆς</span> <span class='ocrx_word' id='word_1_80' title='bbox 379 1260 601 1324; x_wconf 74' lang='grc' dir='ltr'>εὐθείας</span> <span class='ocrx_word' id='word_1_81' title='bbox 643 1254 1060 1338; x_wconf 72' lang='grc' dir='ltr'>ἀποπλανῆσας,</span> <span class='ocrx_word' id='word_1_82' title='bbox 1120 1260 1248 1314; x_wconf 82' lang='grc' dir='ltr'>εἶτα</span> <span class='ocrx_word' id='word_1_83' title='bbox 1301 1254 1612 1334; x_wconf 63' lang='grc' dir='ltr'>ἐντρνίφημα</span> <span class='ocrx_word' id='word_1_84' title='bbox 1652 1256 1758 1315; x_wconf 81' lang='grc' dir='ltr'>τῶς</span> <span class='ocrx_word' id='word_1_85' title='bbox 1804 1251 1905 1306; x_wconf 76' lang='grc' dir='ltr'>αύ-</span> 
     </span>
    </p>
   </div>
   <div class='ocr_carea' id='block_1_16' title="bbox 2009 1251 3626 1338">
    <p class='ocr_par' dir='ltr' id='par_1_16' title="bbox 2009 1251 3626 1326">
     <span class='ocr_line' id='line_1_16' title="bbox 2009 1251 3626 1326; baseline 0.003 -15"><span class='ocrx_word' id='word_1_86' title='bbox 2009 1251 2401 1326; x_wconf 89' lang='lat' dir='ltr'><strong>nonasticam,</strong></span> <span class='ocrx_word' id='word_1_87' title='bbox 2424 1271 2459 1313; x_wconf 89' lang='lat' dir='ltr'><strong>a</strong></span> <span class='ocrx_word' id='word_1_88' title='bbox 2479 1251 2569 1313; x_wconf 89' lang='lat' dir='ltr'><strong>via</strong></span> <span class='ocrx_word' id='word_1_89' title='bbox 2597 1261 2763 1314; x_wconf 88' lang='lat' dir='ltr'><strong>recta</strong></span> <span class='ocrx_word' id='word_1_90' title='bbox 2783 1252 3217 1325; x_wconf 80' lang='lat' dir='ltr'><strong>abduxisset,et</strong></span> <span class='ocrx_word' id='word_1_91' title='bbox 3244 1252 3463 1314; x_wconf 90' lang='lat' dir='ltr'><strong>deinde</strong></span> <span class='ocrx_word' id='word_1_92' title='bbox 3494 1272 3626 1316; x_wconf 86' lang='lat' dir='ltr'><strong>eam</strong></span> 
     </span>
    </p>
   </div>
   <div class='ocr_carea' id='block_1_17' title="bbox 211 1340 1923 1427">
    <p class='ocr_par' dir='ltr' id='par_1_17' title="bbox 211 1340 1904 1427">
     <span class='ocr_line' id='line_1_17' title="bbox 211 1340 1904 1427; baseline -0.008 -18"><span class='ocrx_word' id='word_1_93' title='bbox 211 1360 321 1409; x_wconf 83' lang='lat'><strong>106</strong></span> <span class='ocrx_word' id='word_1_94' title='bbox 368 1349 613 1423; x_wconf 85' lang='grc' dir='ltr'>θέμενος</span> <span class='ocrx_word' id='word_1_95' title='bbox 645 1345 950 1427; x_wconf 79' lang='grc' dir='ltr'>ἀσελγείας,</span> <span class='ocrx_word' id='word_1_96' title='bbox 1016 1344 1135 1423; x_wconf 87' lang='grc' dir='ltr'>μετ’</span> <span class='ocrx_word' id='word_1_97' title='bbox 1180 1346 1360 1424; x_wconf 67' lang='grc' dir='ltr'>ὁλίγον</span> <span class='ocrx_word' id='word_1_98' title='bbox 1413 1346 1486 1408; x_wconf 84' lang='grc' dir='ltr'><strong>εἰς</strong></span> <span class='ocrx_word' id='word_1_99' title='bbox 1531 1344 1594 1401; x_wconf 79' lang='grc' dir='ltr'>τὸ</span> <span class='ocrx_word' id='word_1_100' title='bbox 1626 1340 1904 1412; x_wconf 81' lang='grc' dir='ltr'>Βυζάντιον</span> 
     </span>
    </p>
   </div>
   <div class='ocr_carea' id='block_1_18' title="bbox 2009 1340 3625 1427">
    <p class='ocr_par' dir='ltr' id='par_1_18' title="bbox 2009 1340 3625 1420">
     <span class='ocr_line' id='line_1_18' title="bbox 2009 1340 3625 1420; baseline 0.003 -20"><span class='ocrx_word' id='word_1_101' title='bbox 2009 1359 2113 1402; x_wconf 63' lang='lat' dir='ltr'><strong>iure</strong></span> <span class='ocrx_word' id='word_1_102' title='bbox 2159 1340 2430 1402; x_wconf 89' lang='lat' dir='ltr'><strong>libidinis</strong></span> <span class='ocrx_word' id='word_1_103' title='bbox 2465 1350 2524 1403; x_wconf 90' lang='lat' dir='ltr'><strong>et</strong></span> <span class='ocrx_word' id='word_1_104' title='bbox 2552 1342 3028 1420; x_wconf 64' lang='lat' dir='ltr'><strong>intemperantia;</strong></span> <span class='ocrx_word' id='word_1_105' title='bbox 3081 1342 3323 1404; x_wconf 80' lang='lat' dir='ltr'><strong>fecisset</strong></span> <span class='ocrx_word' id='word_1_106' title='bbox 3354 1342 3625 1419; x_wconf 86' lang='lat' dir='ltr'><strong>delicias,</strong></span> 
     </span>
    </p>
   </div>
   <div class='ocr_carea' id='block_1_19' title="bbox 217 1424 1923 1515">
    <p class='ocr_par' dir='ltr' id='par_1_19' title="bbox 217 1424 1905 1515">
     <span class='ocr_line' id='line_1_19' title="bbox 217 1424 1905 1515; baseline -0.007 -19"><span class='ocrx_word' id='word_1_107' title='bbox 217 1442 324 1496; x_wconf 82' lang='grc' dir='ltr'>σὺν</span> <span class='ocrx_word' id='word_1_108' title='bbox 362 1441 519 1515; x_wconf 72' lang='grc' dir='ltr'>αὒτῇ</span> <span class='ocrx_word' id='word_1_109' title='bbox 547 1435 767 1514; x_wconf 84' lang='grc' dir='ltr'>ἀπέδρα.</span> <span class='ocrx_word' id='word_1_110' title='bbox 796 1424 965 1514; x_wconf 58' lang='grc' dir='ltr'><strong>τὈττερ</strong></span> <span class='ocrx_word' id='word_1_111' title='bbox 1022 1435 1245 1512; x_wconf 77' lang='grc' dir='ltr'>μαθόντι</span> <span class='ocrx_word' id='word_1_112' title='bbox 1302 1442 1378 1506; x_wconf 85' lang='grc' dir='ltr'>τῷ</span> <span class='ocrx_word' id='word_1_113' title='bbox 1438 1432 1701 1504; x_wconf 83' lang='grc' dir='ltr'><strong>θεσπεσίῳ</strong></span> <span class='ocrx_word' id='word_1_114' title='bbox 1730 1430 1905 1495; x_wconf 80' lang='grc' dir='ltr'>λύπης</span> 
     </span>
    </p>
   </div>
   <div class='ocr_carea' id='block_1_20' title="bbox 2009 1424 3627 1515">
    <p class='ocr_par' dir='ltr' id='par_1_20' title="bbox 2009 1429 3627 1513">
     <span class='ocr_line' id='line_1_20' title="bbox 2009 1429 3627 1513; baseline 0.003 -24"><span class='ocrx_word' id='word_1_115' title='bbox 2009 1430 2164 1491; x_wconf 76' lang='lat' dir='ltr'><strong>)aulo</strong></span> <span class='ocrx_word' id='word_1_116' title='bbox 2186 1438 2321 1508; x_wconf 89' lang='lat' dir='ltr'><strong>post</strong></span> <span class='ocrx_word' id='word_1_117' title='bbox 2356 1449 2490 1491; x_wconf 91' lang='lat' dir='ltr'><strong>curn</strong></span> <span class='ocrx_word' id='word_1_118' title='bbox 2524 1448 2592 1490; x_wconf 92' lang='lat' dir='ltr'><strong>ea</strong></span> <span class='ocrx_word' id='word_1_119' title='bbox 2626 1429 2851 1507; x_wconf 83' lang='lat' dir='ltr'><strong>aufugit</strong></span> <span class='ocrx_word' id='word_1_120' title='bbox 2880 1429 3252 1511; x_wconf 73' lang='lat' dir='ltr'><strong>Byzantium.</strong></span> <span class='ocrx_word' id='word_1_121' title='bbox 3289 1430 3453 1503; x_wconf 88' lang='lat' dir='ltr'><strong>Quod</strong></span> <span class='ocrx_word' id='word_1_122' title='bbox 3486 1431 3627 1513; x_wconf 88' lang='lat' dir='ltr'><strong>qui-</strong></span> 
     </span>
    </p>
   </div>
   <div class='ocr_carea' id='block_1_21' title="bbox 217 1517 1923 1599">
    <p class='ocr_par' dir='ltr' id='par_1_21' title="bbox 217 1517 1905 1597">
     <span class='ocr_line' id='line_1_21' title="bbox 217 1517 1905 1597; baseline -0.009 -9"><span class='ocrx_word' id='word_1_123' title='bbox 217 1528 465 1596; x_wconf 73' lang='grc' dir='ltr'>πολλῆς</span> <span class='ocrx_word' id='word_1_124' title='bbox 532 1527 767 1595; x_wconf 82' lang='grc' dir='ltr'><strong>κατέστη</strong></span> <span class='ocrx_word' id='word_1_125' title='bbox 811 1526 1013 1585; x_wconf 72' lang='grc' dir='ltr'>αἴτιον.</span> <span class='ocrx_word' id='word_1_126' title='bbox 1060 1527 1164 1584; x_wconf 76' lang='grc' dir='ltr'><strong>Καὶ</strong></span> <span class='ocrx_word' id='word_1_127' title='bbox 1218 1532 1375 1583; x_wconf 75' lang='grc' dir='ltr'>τοῦτο</span> <span class='ocrx_word' id='word_1_128' title='bbox 1406 1522 1471 1591; x_wconf 74' lang='grc' dir='ltr'><strong>δὴ</strong></span> <span class='ocrx_word' id='word_1_129' title='bbox 1503 1526 1563 1579; x_wconf 85' lang='grc' dir='ltr'>τὸ</span> <span class='ocrx_word' id='word_1_130' title='bbox 1595 1528 1687 1577; x_wconf 83' lang='grc' dir='ltr'>τοῦ</span> <span class='ocrx_word' id='word_1_131' title='bbox 1719 1517 1905 1597; x_wconf 71' lang='grc' dir='ltr'>λόγου,</span> 
     </span>
    </p>
   </div>
   <div class='ocr_carea' id='block_1_22' title="bbox 2009 1517 3633 1599">
    <p class='ocr_par' dir='ltr' id='par_1_22' title="bbox 2009 1518 3633 1599">
     <span class='ocr_line' id='line_1_22' title="bbox 2009 1518 3633 1599; baseline 0.002 -20"><span class='ocrx_word' id='word_1_132' title='bbox 2009 1518 2126 1579; x_wconf 85' lang='lat' dir='ltr'><strong>lem</strong></span> <span class='ocrx_word' id='word_1_133' title='bbox 2155 1536 2290 1580; x_wconf 89' lang='lat' dir='ltr'><strong>cum</strong></span> <span class='ocrx_word' id='word_1_134' title='bbox 2318 1519 2659 1581; x_wconf 89' lang='lat' dir='ltr'><strong>rescivisset</strong></span> <span class='ocrx_word' id='word_1_135' title='bbox 2682 1518 2768 1579; x_wconf 89' lang='lat' dir='ltr'><strong>vir</strong></span> <span class='ocrx_word' id='word_1_136' title='bbox 2798 1518 3279 1599; x_wconf 82' lang='lat' dir='ltr'><strong>divinus,magno</strong></span> <span class='ocrx_word' id='word_1_137' title='bbox 3302 1519 3511 1583; x_wconf 88' lang='lat' dir='ltr'><strong>dolore</strong></span> <span class='ocrx_word' id='word_1_138' title='bbox 3541 1530 3633 1583; x_wconf 90' lang='lat' dir='ltr'><strong>est</strong></span> 
     </span>
    </p>
   </div>
   <div class='ocr_carea' id='block_1_23' title="bbox 218 1608 1923 1693">
    <p class='ocr_par' dir='ltr' id='par_1_23' title="bbox 218 1610 1909 1693">
     <span class='ocr_line' id='line_1_23' title="bbox 218 1610 1909 1693; baseline -0.008 -16"><span class='ocrx_word' id='word_1_139' title='bbox 218 1622 421 1677; x_wconf 76' lang='grc' dir='ltr'>πάντα</span> <span class='ocrx_word' id='word_1_140' title='bbox 478 1617 630 1675; x_wconf 90' lang='grc' dir='ltr'>λίθον</span> <span class='ocrx_word' id='word_1_141' title='bbox 673 1617 859 1693; x_wconf 77' lang='grc' dir='ltr'>ἐκίνει,</span> <span class='ocrx_word' id='word_1_142' title='bbox 919 1614 1163 1674; x_wconf 79' lang='grc' dir='ltr'>σπεύδων</span> <span class='ocrx_word' id='word_1_143' title='bbox 1225 1616 1414 1678; x_wconf 67' lang='grc' dir='ltr'>αὖτοὺς</span> <span class='ocrx_word' id='word_1_144' title='bbox 1444 1613 1526 1669; x_wconf 80' lang='grc' dir='ltr'>ὅτι</span> <span class='ocrx_word' id='word_1_145' title='bbox 1551 1613 1724 1690; x_wconf 86' lang='grc' dir='ltr'>τάχος</span> <span class='ocrx_word' id='word_1_146' title='bbox 1770 1610 1909 1665; x_wconf 89' lang='grc' dir='ltr'>ἀνα-</span> 
     </span>
    </p>
   </div>
   <div class='ocr_carea' id='block_1_24' title="bbox 2009 1608 3631 1693">
    <p class='ocr_par' dir='ltr' id='par_1_24' title="bbox 2009 1608 3631 1689">
     <span class='ocr_line' id='line_1_24' title="bbox 2009 1608 3631 1689; baseline 0.002 -21"><span class='ocrx_word' id='word_1_147' title='bbox 2009 1608 2408 1682; x_wconf 78' lang='lat' dir='ltr'><strong>tfl&#39;ectus,et,ut</strong></span> <span class='ocrx_word' id='word_1_148' title='bbox 2426 1608 2907 1677; x_wconf 88' lang='lat' dir='ltr'><strong>dicitur,omnem</strong></span> <span class='ocrx_word' id='word_1_149' title='bbox 2936 1610 3208 1670; x_wconf 81' lang='lat' dir='ltr'><strong>movebat</strong></span> <span class='ocrx_word' id='word_1_150' title='bbox 3225 1608 3631 1689; x_wconf 86' lang='lat' dir='ltr'><strong>lapidem,stu-</strong></span> 
     </span>
    </p>
   </div>
   <div class='ocr_carea' id='block_1_25' title="bbox 222 1699 1907 1785">
    <p class='ocr_par' dir='ltr' id='par_1_25' title="bbox 222 1699 1907 1785">
     <span class='ocr_line' id='line_1_25' title="bbox 222 1699 1907 1785; baseline -0.007 -18"><span class='ocrx_word' id='word_1_151' title='bbox 222 1707 443 1767; x_wconf 84' lang='grc' dir='ltr'>λαϐεῖν</span> <span class='ocrx_word' id='word_1_152' title='bbox 472 1730 574 1767; x_wconf 86' lang='grc' dir='ltr'><strong>του</strong></span> <span class='ocrx_word' id='word_1_153' title='bbox 608 1709 921 1781; x_wconf 83' lang='grc' dir='ltr'>πτώματος.</span> <span class='ocrx_word' id='word_1_154' title='bbox 971 1706 1174 1785; x_wconf 78' lang='grc' dir='ltr'>Χρόνου</span> <span class='ocrx_word' id='word_1_155' title='bbox 1203 1703 1259 1762; x_wconf 77' lang='grc' dir='ltr'>δὲ</span> <span class='ocrx_word' id='word_1_156' title='bbox 1322 1706 1382 1761; x_wconf 79' lang='grc' dir='ltr'>τὸ</span> <span class='ocrx_word' id='word_1_157' title='bbox 1438 1702 1630 1779; x_wconf 78' lang='grc' dir='ltr'>μεταξὺ</span> <span class='ocrx_word' id='word_1_158' title='bbox 1661 1699 1907 1777; x_wconf 85' lang='grc' dir='ltr'>διαγενο-</span> 
     </span>
    </p>
   </div>
   <div class='ocr_carea' id='block_1_26' title="bbox 230 1791 1910 1876">
    <p class='ocr_par' dir='ltr' id='par_1_26' title="bbox 230 1791 1910 1876">
     <span class='ocr_line' id='line_1_26' title="bbox 230 1791 1910 1876; baseline -0.006 -20"><span class='ocrx_word' id='word_1_159' title='bbox 230 1800 435 1875; x_wconf 75' lang='grc' dir='ltr'>μένευ,</span> <span class='ocrx_word' id='word_1_160' title='bbox 508 1795 760 1875; x_wconf 80' lang='grc' dir='ltr'>διήγησιν</span> <span class='ocrx_word' id='word_1_161' title='bbox 799 1796 931 1876; x_wconf 80' lang='grc' dir='ltr'>πρός</span> <span class='ocrx_word' id='word_1_162' title='bbox 984 1817 1133 1858; x_wconf 86' lang='grc' dir='ltr'>τινας</span> <span class='ocrx_word' id='word_1_163' title='bbox 1176 1802 1284 1852; x_wconf 86' lang='grc' dir='ltr'><strong>τῶν</strong></span> <span class='ocrx_word' id='word_1_164' title='bbox 1340 1801 1433 1850; x_wconf 82' lang='grc' dir='ltr'><strong>τοῦ</strong></span> <span class='ocrx_word' id='word_1_165' title='bbox 1490 1791 1691 1868; x_wconf 77' lang='grc' dir='ltr'>κλήρου</span> <span class='ocrx_word' id='word_1_166' title='bbox 1721 1793 1910 1869; x_wconf 65' lang='grc' dir='ltr'>ψυχῆς</span> 
     </span>
    </p>
   </div>
   <div class='ocr_carea' id='block_1_27' title="bbox 225 1878 1923 1969">
    <p class='ocr_par' dir='ltr' id='par_1_27' title="bbox 225 1878 1906 1969">
     <span class='ocr_line' id='line_1_27' title="bbox 225 1878 1906 1969; baseline -0.006 -23"><span class='ocrx_word' id='word_1_167' title='bbox 225 1888 527 1969; x_wconf 75' lang='grc' dir='ltr'>ὠφέλειαν</span> <span class='ocrx_word' id='word_1_168' title='bbox 572 1887 823 1961; x_wconf 76' lang='grc' dir='ltr'>ἐμποιεῖν</span> <span class='ocrx_word' id='word_1_169' title='bbox 878 1885 1202 1961; x_wconf 71' lang='grc' dir='ltr'>δυναμένην,</span> <span class='ocrx_word' id='word_1_170' title='bbox 1254 1891 1349 1942; x_wconf 80' lang='grc' dir='ltr'>τοῦ</span> <span class='ocrx_word' id='word_1_171' title='bbox 1395 1882 1658 1956; x_wconf 84' lang='grc' dir='ltr'>μακαρίου</span> <span class='ocrx_word' id='word_1_172' title='bbox 1688 1878 1906 1969; x_wconf 83' lang='grc' dir='ltr'>διηγου-</span> 
     </span>
    </p>
   </div>
   <div class='ocr_carea' id='block_1_28' title="bbox 2009 1878 3636 1969">
    <p class='ocr_par' dir='ltr' id='par_1_28' title="bbox 2009 1879 3636 1962">
     <span class='ocr_line' id='line_1_28' title="bbox 2009 1879 3636 1962; baseline 0.003 -21"><span class='ocrx_word' id='word_1_173' title='bbox 2009 1879 2157 1942; x_wconf 82' lang='lat' dir='ltr'><strong>:lero</strong></span> <span class='ocrx_word' id='word_1_174' title='bbox 2187 1890 2454 1942; x_wconf 84' lang='lat' dir='ltr'><strong>narraret</strong></span> <span class='ocrx_word' id='word_1_175' title='bbox 2473 1880 2683 1942; x_wconf 87' lang='lat' dir='ltr'><strong>beatus</strong></span> <span class='ocrx_word' id='word_1_176' title='bbox 2703 1880 3022 1962; x_wconf 84' lang='lat' dir='ltr'><strong>quamdam</strong></span> <span class='ocrx_word' id='word_1_177' title='bbox 3046 1881 3468 1956; x_wconf 88' lang='lat' dir='ltr'><strong>narrationem,</strong></span> <span class='ocrx_word' id='word_1_178' title='bbox 3502 1901 3636 1962; x_wconf 61' lang='lat' dir='ltr'><strong>quia</strong></span> 
     </span>
    </p>
   </div>
   <div class='ocr_carea' id='block_1_29' title="bbox 228 1967 1923 2056">
    <p class='ocr_par' dir='ltr' id='par_1_29' title="bbox 228 1967 1910 2056">
     <span class='ocr_line' id='line_1_29' title="bbox 228 1967 1910 2056; baseline -0.008 -19"><span class='ocrx_word' id='word_1_179' title='bbox 228 1967 436 2056; x_wconf 82' lang='grc' dir='ltr'>μένου,</span> <span class='ocrx_word' id='word_1_180' title='bbox 491 1977 587 2034; x_wconf 84' lang='grc' dir='ltr'><strong>καὶ</strong></span> <span class='ocrx_word' id='word_1_181' title='bbox 628 1979 664 2045; x_wconf 76' lang='grc' dir='ltr'>ἡ</span> <span class='ocrx_word' id='word_1_182' title='bbox 724 1984 817 2034; x_wconf 80' lang='grc' dir='ltr'>τοῦ</span> <span class='ocrx_word' id='word_1_183' title='bbox 874 1976 993 2032; x_wconf 74' lang='grc' dir='ltr'>νέου</span> <span class='ocrx_word' id='word_1_184' title='bbox 1068 1974 1270 2032; x_wconf 72' lang='grc' dir='ltr'>ἰκείνου</span> <span class='ocrx_word' id='word_1_185' title='bbox 1309 1975 1396 2030; x_wconf 80' lang='grc' dir='ltr'><strong>καὶ</strong></span> <span class='ocrx_word' id='word_1_186' title='bbox 1440 1971 1728 2049; x_wconf 83' lang='grc' dir='ltr'>νεωτερικά</span> <span class='ocrx_word' id='word_1_187' title='bbox 1780 1967 1910 2047; x_wconf 81' lang='grc' dir='ltr'>δρά-</span> 
     </span>
    </p>
   </div>
   <div class='ocr_carea' id='block_1_30' title="bbox 2009 1967 3639 2056">
    <p class='ocr_par' dir='ltr' id='par_1_30' title="bbox 2009 1971 3639 2055">
     <span class='ocr_line' id='line_1_30' title="bbox 2009 1971 3639 2055; baseline 0.001 -23"><span class='ocrx_word' id='word_1_188' title='bbox 2009 1978 2227 2050; x_wconf 65' lang='lat' dir='ltr'><strong>poterat</strong></span> <span class='ocrx_word' id='word_1_189' title='bbox 2255 1989 2463 2032; x_wconf 88' lang='lat' dir='ltr'><strong>eorum</strong></span> <span class='ocrx_word' id='word_1_190' title='bbox 2487 1971 2703 2032; x_wconf 71' lang='lat' dir='ltr'><strong>anima:</strong></span> <span class='ocrx_word' id='word_1_191' title='bbox 2723 1971 2936 2032; x_wconf 76' lang='lat' dir='ltr'><strong>afferre</strong></span> <span class='ocrx_word' id='word_1_192' title='bbox 2959 1971 3463 2050; x_wconf 85' lang='lat' dir='ltr'><strong>utilitatem,illius</strong></span> <span class='ocrx_word' id='word_1_193' title='bbox 3482 1991 3639 2055; x_wconf 88' lang='lat' dir='ltr'><strong>quo-</strong></span> 
     </span>
    </p>
   </div>
   <div class='ocr_carea' id='block_1_31' title="bbox 228 2058 1923 2147">
    <p class='ocr_par' dir='ltr' id='par_1_31' title="bbox 228 2059 1910 2147">
     <span class='ocr_line' id='line_1_31' title="bbox 228 2059 1910 2147; baseline -0.008 -20"><span class='ocrx_word' id='word_1_194' title='bbox 228 2090 442 2132; x_wconf 88' lang='grc' dir='ltr'>σαντος</span> <span class='ocrx_word' id='word_1_195' title='bbox 493 2066 692 2147; x_wconf 79' lang='grc' dir='ltr'>ἔτυχεν</span> <span class='ocrx_word' id='word_1_196' title='bbox 732 2063 897 2131; x_wconf 70' lang='grc' dir='ltr'>οὕτως</span> <span class='ocrx_word' id='word_1_197' title='bbox 929 2065 1326 2146; x_wconf 73' lang='grc' dir='ltr'>παρενεχθῆναι</span> <span class='ocrx_word' id='word_1_198' title='bbox 1363 2083 1377 2097; x_wconf 83' lang='grc'><strong>’</strong></span> <span class='ocrx_word' id='word_1_199' title='bbox 1440 2063 1500 2118; x_wconf 80' lang='grc' dir='ltr'>ὃν</span> <span class='ocrx_word' id='word_1_200' title='bbox 1531 2062 1680 2125; x_wconf 74' lang='grc' dir='ltr'>εὐθὺς</span> <span class='ocrx_word' id='word_1_201' title='bbox 1711 2064 1760 2116; x_wconf 78' lang='grc' dir='ltr'>οἱ</span> <span class='ocrx_word' id='word_1_202' title='bbox 1788 2059 1910 2116; x_wconf 89' lang='grc' dir='ltr'>τότε</span> 
     </span>
    </p>
   </div>
   <div class='ocr_carea' id='block_1_32' title="bbox 2009 2058 3638 2147">
    <p class='ocr_par' dir='ltr' id='par_1_32' title="bbox 2009 2058 3638 2140">
     <span class='ocr_line' id='line_1_32' title="bbox 2009 2058 3638 2140; baseline 0.002 -20"><span class='ocrx_word' id='word_1_203' title='bbox 2009 2078 2112 2140; x_wconf 57' lang='lat' dir='ltr'><strong>que</strong></span> <span class='ocrx_word' id='word_1_204' title='bbox 2134 2059 2399 2139; x_wconf 82' lang='lat' dir='ltr'><strong>juvenis,</strong></span> <span class='ocrx_word' id='word_1_205' title='bbox 2427 2060 2528 2139; x_wconf 91' lang='lat' dir='ltr'><strong>qui</strong></span> <span class='ocrx_word' id='word_1_206' title='bbox 2551 2060 2677 2121; x_wconf 77' lang='lat' dir='ltr'><strong>haec</strong></span> <span class='ocrx_word' id='word_1_207' title='bbox 2699 2061 2966 2122; x_wconf 86' lang='lat' dir='ltr'><strong>recentia</strong></span> <span class='ocrx_word' id='word_1_208' title='bbox 2993 2058 3235 2134; x_wconf 80' lang='lat' dir='ltr'><strong>fecerat,</strong></span> <span class='ocrx_word' id='word_1_209' title='bbox 3263 2060 3433 2122; x_wconf 84' lang='lat' dir='ltr'><strong>ﬁeret</strong></span> <span class='ocrx_word' id='word_1_210' title='bbox 3463 2080 3638 2123; x_wconf 88' lang='lat' dir='ltr'><strong>men-</strong></span> 
     </span>
    </p>
   </div>
   <div class='ocr_carea' id='block_1_33' title="bbox 231 2150 1923 2239">
    <p class='ocr_par' dir='ltr' id='par_1_33' title="bbox 231 2152 1911 2239">
     <span class='ocr_line' id='line_1_33' title="bbox 231 2152 1911 2239; baseline -0.008 -21"><span class='ocrx_word' id='word_1_211' title='bbox 231 2159 523 2239; x_wconf 83' lang='grc' dir='ltr'>παρόντες</span> <span class='ocrx_word' id='word_1_212' title='bbox 558 2157 867 2224; x_wconf 83' lang='grc' dir='ltr'>κατέκρινόν</span> <span class='ocrx_word' id='word_1_213' title='bbox 907 2177 968 2211; x_wconf 88' lang='grc' dir='ltr'><strong>τε</strong></span> <span class='ocrx_word' id='word_1_214' title='bbox 1011 2154 1108 2212; x_wconf 79' lang='grc' dir='ltr'>καῖ</span> <span class='ocrx_word' id='word_1_215' title='bbox 1168 2155 1537 2230; x_wconf 77' lang='grc' dir='ltr'>ἀπεκήρυττον</span> <span class='ocrx_word' id='word_1_216' title='bbox 1589 2154 1662 2217; x_wconf 81' lang='grc' dir='ltr'>ὡς</span> <span class='ocrx_word' id='word_1_217' title='bbox 1693 2152 1754 2207; x_wconf 73' lang='grc' dir='ltr'>ἐκ</span> <span class='ocrx_word' id='word_1_218' title='bbox 1784 2172 1911 2225; x_wconf 87' lang='grc' dir='ltr'>μιας</span> 
     </span>
    </p>
   </div>
   <div class='ocr_carea' id='block_1_34' title="bbox 2009 2150 3637 2239">
    <p class='ocr_par' dir='ltr' id='par_1_34' title="bbox 2009 2150 3637 2231">
     <span class='ocr_line' id='line_1_34' title="bbox 2009 2150 3637 2231; baseline 0.002 -20"><span class='ocrx_word' id='word_1_219' title='bbox 2009 2150 2102 2230; x_wconf 83' lang='lat' dir='ltr'><strong>tio;</strong></span> <span class='ocrx_word' id='word_1_220' title='bbox 2137 2168 2315 2227; x_wconf 88' lang='lat' dir='ltr'><strong>quem</strong></span> <span class='ocrx_word' id='word_1_221' title='bbox 2349 2150 2447 2229; x_wconf 90' lang='lat' dir='ltr'><strong>qui</strong></span> <span class='ocrx_word' id='word_1_222' title='bbox 2481 2158 2621 2211; x_wconf 92' lang='lat' dir='ltr'><strong>tunc</strong></span> <span class='ocrx_word' id='word_1_223' title='bbox 2649 2150 2917 2225; x_wconf 87' lang='lat' dir='ltr'><strong>aderant,</strong></span> <span class='ocrx_word' id='word_1_224' title='bbox 2955 2154 3229 2231; x_wconf 87' lang='lat' dir='ltr'><strong>protinus</strong></span> <span class='ocrx_word' id='word_1_225' title='bbox 3265 2151 3637 2215; x_wconf 88' lang='lat' dir='ltr'><strong>condemna-</strong></span> 
     </span>
    </p>
   </div>
   <div class='ocr_carea' id='block_1_35' title="bbox 237 2240 1923 2324">
    <p class='ocr_par' dir='ltr' id='par_1_35' title="bbox 237 2240 1916 2324">
     <span class='ocr_line' id='line_1_35' title="bbox 237 2240 1916 2324; baseline -0.007 -17"><span class='ocrx_word' id='word_1_226' title='bbox 237 2251 499 2308; x_wconf 73' lang='grc' dir='ltr'>ἅπαντες</span> <span class='ocrx_word' id='word_1_227' title='bbox 548 2245 824 2324; x_wconf 82' lang='grc' dir='ltr'>γλώττης,</span> <span class='ocrx_word' id='word_1_228' title='bbox 875 2246 934 2302; x_wconf 80' lang='lat'><strong>06</strong></span> <span class='ocrx_word' id='word_1_229' title='bbox 962 2243 1053 2302; x_wconf 87' lang='grc' dir='ltr'><strong>δύο</strong></span> <span class='ocrx_word' id='word_1_230' title='bbox 1094 2246 1272 2320; x_wconf 88' lang='grc' dir='ltr'>μόνων</span> <span class='ocrx_word' id='word_1_231' title='bbox 1301 2246 1494 2323; x_wconf 79' lang='grc' dir='ltr'>ψυχῶν</span> <span class='ocrx_word' id='word_1_232' title='bbox 1545 2240 1813 2298; x_wconf 79' lang='grc' dir='ltr'>ἀπώλειαν</span> <span class='ocrx_word' id='word_1_233' title='bbox 1856 2241 1916 2295; x_wconf 81' lang='grc' dir='ltr'>τὸ</span> 
     </span>
    </p>
   </div>
   <div class='ocr_carea' id='block_1_36' title="bbox 2009 2240 3641 2324">
    <p class='ocr_par' dir='ltr' id='par_1_36' title="bbox 2009 2240 3641 2321">
     <span class='ocr_line' id='line_1_36' title="bbox 2009 2240 3641 2321; baseline 0.002 -20"><span class='ocrx_word' id='word_1_234' title='bbox 2009 2240 2164 2313; x_wconf 89' lang='lat' dir='ltr'><strong>bant,</strong></span> <span class='ocrx_word' id='word_1_235' title='bbox 2196 2248 2473 2321; x_wconf 86' lang='lat' dir='ltr'><strong>tanquam</strong></span> <span class='ocrx_word' id='word_1_236' title='bbox 2500 2259 2617 2301; x_wconf 91' lang='lat' dir='ltr'><strong>uno</strong></span> <span class='ocrx_word' id='word_1_237' title='bbox 2651 2258 2757 2302; x_wconf 89' lang='lat' dir='ltr'><strong>ore</strong></span> <span class='ocrx_word' id='word_1_238' title='bbox 2786 2257 2997 2301; x_wconf 87' lang='lat' dir='ltr'><strong>omnes</strong></span> <span class='ocrx_word' id='word_1_239' title='bbox 3026 2240 3316 2316; x_wconf 81' lang='lat' dir='ltr'><strong>dicentes,</strong></span> <span class='ocrx_word' id='word_1_240' title='bbox 3350 2259 3487 2303; x_wconf 87' lang='lat' dir='ltr'><strong>eum</strong></span> <span class='ocrx_word' id='word_1_241' title='bbox 3522 2261 3641 2305; x_wconf 88' lang='lat' dir='ltr'><strong>non</strong></span> 
     </span>
    </p>
   </div>
   <div class='ocr_carea' id='block_1_37' title="bbox 240 2328 1923 2422">
    <p class='ocr_par' dir='ltr' id='par_1_37' title="bbox 240 2328 1911 2422">
     <span class='ocr_line' id='line_1_37' title="bbox 240 2328 1911 2422; baseline -0.008 -25"><span class='ocrx_word' id='word_1_242' title='bbox 240 2341 592 2422; x_wconf 74' lang='grc' dir='ltr'>φαινόμενον</span> <span class='ocrx_word' id='word_1_243' title='bbox 616 2333 797 2416; x_wconf 77' lang='grc' dir='ltr'>ὄφλειν</span> <span class='ocrx_word' id='word_1_244' title='bbox 830 2336 1100 2413; x_wconf 80' lang='grc' dir='ltr'>Λέγοντες,</span> <span class='ocrx_word' id='word_1_245' title='bbox 1139 2333 1277 2422; x_wconf 83' lang='grc' dir='ltr'><strong>ἀλλά</strong></span> <span class='ocrx_word' id='word_1_246' title='bbox 1334 2335 1422 2389; x_wconf 82' lang='grc' dir='ltr'><strong>καὶ</strong></span> <span class='ocrx_word' id='word_1_247' title='bbox 1451 2328 1664 2388; x_wconf 75' lang='grc' dir='ltr'>πολλῶδ</span> <span class='ocrx_word' id='word_1_248' title='bbox 1695 2329 1911 2406; x_wconf 80' lang='grc' dir='ltr'>ἑτέρων,</span> 
     </span>
    </p>
   </div>
   <div class='ocr_carea' id='block_1_38' title="bbox 2009 2328 3644 2422">
    <p class='ocr_par' dir='ltr' id='par_1_38' title="bbox 2009 2329 3644 2422">
     <span class='ocr_line' id='line_1_38' title="bbox 2009 2329 3644 2422; baseline 0.002 -32"><span class='ocrx_word' id='word_1_249' title='bbox 2009 2331 2191 2390; x_wconf 80' lang='lat' dir='ltr'><strong>solum</strong></span> <span class='ocrx_word' id='word_1_250' title='bbox 2215 2330 2476 2422; x_wconf 63' lang='lat' dir='ltr'><strong>duas,fut</strong></span> <span class='ocrx_word' id='word_1_251' title='bbox 2498 2330 2859 2422; x_wconf 74' lang='lat' dir='ltr'><strong>apparebat,</strong></span> <span class='ocrx_word' id='word_1_252' title='bbox 2887 2329 3222 2422; x_wconf 73' lang='lat' dir='ltr'><strong>perdidisse</strong></span> <span class='ocrx_word' id='word_1_253' title='bbox 3247 2330 3501 2401; x_wconf 87' lang='lat' dir='ltr'><strong>animas,</strong></span> <span class='ocrx_word' id='word_1_254' title='bbox 3532 2332 3644 2395; x_wconf 89' lang='lat' dir='ltr'><strong>sed</strong></span> 
     </span>
    </p>
   </div>
   <div class='ocr_carea' id='block_1_39' title="bbox 242 2419 1923 2504">
    <p class='ocr_par' dir='ltr' id='par_1_39' title="bbox 242 2419 1915 2504">
     <span class='ocr_line' id='line_1_39' title="bbox 242 2419 1915 2504; baseline -0.009 -16"><span class='ocrx_word' id='word_1_255' title='bbox 242 2419 339 2494; x_wconf 77' lang='grc' dir='ltr'><strong>οἷς</strong></span> <span class='ocrx_word' id='word_1_256' title='bbox 366 2430 449 2491; x_wconf 75' lang='grc' dir='ltr'>εἰς</span> <span class='ocrx_word' id='word_1_257' title='bbox 483 2427 727 2504; x_wconf 82' lang='grc' dir='ltr'>πονηρὸν</span> <span class='ocrx_word' id='word_1_258' title='bbox 778 2424 1012 2491; x_wconf 83' lang='grc' dir='ltr'>κατέστη</span> <span class='ocrx_word' id='word_1_259' title='bbox 1065 2420 1429 2501; x_wconf 73' lang='grc' dir='ltr'>παράδειγμα.</span> <span class='ocrx_word' id='word_1_260' title='bbox 1476 2423 1691 2481; x_wconf 82' lang='grc' dir='ltr'>Τούτοις</span> <span class='ocrx_word' id='word_1_261' title='bbox 1721 2439 1915 2496; x_wconf 90' lang='grc' dir='ltr'>τοιγα-</span> 
     </span>
    </p>
   </div>
   <div class='ocr_carea' id='block_1_40' title="bbox 2009 2419 3646 2504">
    <p class='ocr_par' dir='ltr' id='par_1_40' title="bbox 2009 2419 3646 2500">
     <span class='ocr_line' id='line_1_40' title="bbox 2009 2419 3646 2500; baseline 0.002 -20"><span class='ocrx_word' id='word_1_262' title='bbox 2009 2427 2059 2481; x_wconf 87' lang='lat' dir='ltr'><strong>et</strong></span> <span class='ocrx_word' id='word_1_263' title='bbox 2079 2427 2196 2480; x_wconf 90' lang='lat' dir='ltr'><strong>tam</strong></span> <span class='ocrx_word' id='word_1_264' title='bbox 2221 2419 2437 2480; x_wconf 91' lang='lat' dir='ltr'><strong>multas</strong></span> <span class='ocrx_word' id='word_1_265' title='bbox 2459 2419 2627 2494; x_wconf 82' lang='lat' dir='ltr'><strong>alias,</strong></span> <span class='ocrx_word' id='word_1_266' title='bbox 2650 2420 2870 2500; x_wconf 87' lang='lat' dir='ltr'><strong>quibus</strong></span> <span class='ocrx_word' id='word_1_267' title='bbox 2893 2420 3002 2481; x_wconf 87' lang='lat' dir='ltr'><strong>hoc</strong></span> <span class='ocrx_word' id='word_1_268' title='bbox 3035 2419 3256 2482; x_wconf 88' lang='lat' dir='ltr'><strong>malum</strong></span> <span class='ocrx_word' id='word_1_269' title='bbox 3291 2427 3417 2481; x_wconf 90' lang='lat' dir='ltr'><strong>erat</strong></span> <span class='ocrx_word' id='word_1_270' title='bbox 3437 2439 3646 2484; x_wconf 84' lang='lat' dir='ltr'><strong>exem-</strong></span> 
     </span>
    </p>
   </div>
   <div class='ocr_carea' id='block_1_41' title="bbox 246 2507 1923 2598">
    <p class='ocr_par' dir='ltr' id='par_1_41' title="bbox 246 2508 1912 2598">
     <span class='ocr_line' id='line_1_41' title="bbox 246 2508 1912 2598; baseline -0.008 -21"><span class='ocrx_word' id='word_1_271' title='bbox 246 2526 377 2598; x_wconf 76' lang='grc' dir='ltr'>ροῦν</span> <span class='ocrx_word' id='word_1_272' title='bbox 413 2524 524 2586; x_wconf 77' lang='grc' dir='ltr'>τῆς</span> <span class='ocrx_word' id='word_1_273' title='bbox 561 2516 860 2595; x_wconf 80' lang='grc' dir='ltr'>προχείρου</span> <span class='ocrx_word' id='word_1_274' title='bbox 909 2515 1108 2580; x_wconf 79' lang='grc' dir='ltr'>ταύτης</span> <span class='ocrx_word' id='word_1_275' title='bbox 1166 2511 1606 2591; x_wconf 74' lang='grc' dir='ltr'>ἐπιμεμφόμενος</span> <span class='ocrx_word' id='word_1_276' title='bbox 1652 2508 1912 2598; x_wconf 73' lang='grc' dir='ltr'>κατακρί-</span> 
     </span>
    </p>
   </div>
   <div class='ocr_carea' id='block_1_42' title="bbox 2009 2507 3640 2598">
    <p class='ocr_par' dir='ltr' id='par_1_42' title="bbox 2009 2507 3640 2598">
     <span class='ocr_line' id='line_1_42' title="bbox 2009 2507 3640 2598; baseline 0.004 -29"><span class='ocrx_word' id='word_1_277' title='bbox 2009 2507 2129 2598; x_wconf 71' lang='lat' dir='ltr'><strong>plar</strong></span> <span class='ocrx_word' id='word_1_278' title='bbox 2158 2510 2552 2598; x_wconf 88' lang='lat' dir='ltr'><strong>propositum.</strong></span> <span class='ocrx_word' id='word_1_279' title='bbox 2578 2507 2795 2598; x_wconf 87' lang='lat' dir='ltr'><strong>Eorum</strong></span> <span class='ocrx_word' id='word_1_280' title='bbox 2820 2509 3020 2589; x_wconf 85' lang='lat' dir='ltr'><strong>itaque</strong></span> <span class='ocrx_word' id='word_1_281' title='bbox 3047 2526 3297 2588; x_wconf 85' lang='lat' dir='ltr'><strong>magnus</strong></span> <span class='ocrx_word' id='word_1_282' title='bbox 3327 2508 3429 2571; x_wconf 89' lang='lat' dir='ltr'><strong>ille</strong></span> <span class='ocrx_word' id='word_1_283' title='bbox 3460 2510 3640 2575; x_wconf 87' lang='lat' dir='ltr'><strong>nimis</strong></span> 
     </span>
    </p>
   </div>
   <div class='ocr_carea' id='block_1_43' title="bbox 249 2596 1923 2683">
    <p class='ocr_par' dir='ltr' id='par_1_43' title="bbox 249 2596 1913 2683">
     <span class='ocr_line' id='line_1_43' title="bbox 249 2596 1913 2683; baseline -0.008 -18"><span class='ocrx_word' id='word_1_284' title='bbox 249 2596 421 2683; x_wconf 83' lang='grc' dir='ltr'>σεως,</span> <span class='ocrx_word' id='word_1_285' title='bbox 490 2605 587 2673; x_wconf 71' lang='grc' dir='ltr'><strong>Μὴ</strong></span> <span class='ocrx_word' id='word_1_286' title='bbox 619 2605 815 2683; x_wconf 85' lang='grc' dir='ltr'>οὕτως,</span> <span class='ocrx_word' id='word_1_287' title='bbox 848 2602 1027 2672; x_wconf 81' lang='grc' dir='ltr'>εἶπεν,</span> <span class='ocrx_word' id='word_1_288' title='bbox 1061 2603 1108 2659; x_wconf 84' lang='grc' dir='ltr'><strong>ὦ</strong></span> <span class='ocrx_word' id='word_1_289' title='bbox 1160 2603 1341 2674; x_wconf 86' lang='grc' dir='ltr'>τέκνα,</span> <span class='ocrx_word' id='word_1_290' title='bbox 1406 2603 1483 2676; x_wconf 74' lang='grc' dir='ltr'>μὴ</span> <span class='ocrx_word' id='word_1_291' title='bbox 1543 2597 1753 2656; x_wconf 75' lang='grc' dir='ltr'>εὔκολοι</span> <span class='ocrx_word' id='word_1_292' title='bbox 1794 2597 1913 2654; x_wconf 77' lang='grc' dir='ltr'>ἐστε</span> 
     </span>
    </p>
   </div>
   <div class='ocr_carea' id='block_1_44' title="bbox 2009 2596 3638 2683">
    <p class='ocr_par' dir='ltr' id='par_1_44' title="bbox 2009 2596 3638 2678">
     <span class='ocr_line' id='line_1_44' title="bbox 2009 2596 3638 2678; baseline 0.006 -20"><span class='ocrx_word' id='word_1_293' title='bbox 2009 2596 2232 2660; x_wconf 71' lang='lat' dir='ltr'><strong>facilem</strong></span> <span class='ocrx_word' id='word_1_294' title='bbox 2283 2597 2745 2676; x_wconf 88' lang='lat' dir='ltr'><strong>reprehendens</strong></span> <span class='ocrx_word' id='word_1_295' title='bbox 2791 2598 3375 2662; x_wconf 88' lang='lat' dir='ltr'><strong>condemnationem.</strong></span> <span class='ocrx_word' id='word_1_296' title='bbox 3419 2601 3638 2678; x_wconf 84' lang='lat' dir='ltr'><strong>Nolite,</strong></span> 
     </span>
    </p>
   </div>
   <div class='ocr_carea' id='block_1_45' title="bbox 252 2686 1923 2774">
    <p class='ocr_par' dir='ltr' id='par_1_45' title="bbox 252 2686 1916 2774">
     <span class='ocr_line' id='line_1_45' title="bbox 252 2686 1916 2774; baseline -0.009 -18"><span class='ocrx_word' id='word_1_297' title='bbox 252 2698 358 2765; x_wconf 68' lang='grc' dir='ltr'>τὴν</span> <span class='ocrx_word' id='word_1_298' title='bbox 418 2694 672 2774; x_wconf 84' lang='grc' dir='ltr'>γλῶτταν</span> <span class='ocrx_word' id='word_1_299' title='bbox 729 2695 786 2751; x_wconf 65' lang='grc' dir='ltr'>ἒν</span> <span class='ocrx_word' id='word_1_300' title='bbox 842 2699 919 2767; x_wconf 82' lang='grc' dir='ltr'>τῷ</span> <span class='ocrx_word' id='word_1_301' title='bbox 952 2703 1233 2749; x_wconf 72' lang='grc' dir='ltr'>κατειπεῖν</span> <span class='ocrx_word' id='word_1_302' title='bbox 1279 2696 1354 2763; x_wconf 84' lang='grc' dir='ltr'>τῷ</span> <span class='ocrx_word' id='word_1_303' title='bbox 1398 2688 1651 2765; x_wconf 88' lang='grc' dir='ltr'>πλησίον,</span> <span class='ocrx_word' id='word_1_304' title='bbox 1682 2688 1798 2744; x_wconf 67' lang='grc' dir='ltr'>επεὶ</span> <span class='ocrx_word' id='word_1_305' title='bbox 1827 2686 1916 2743; x_wconf 84' lang='grc' dir='ltr'><strong>καὶ</strong></span> 
     </span>
    </p>
   </div>
   <div class='ocr_carea' id='block_1_46' title="bbox 2009 2686 3642 2774">
    <p class='ocr_par' dir='ltr' id='par_1_46' title="bbox 2009 2687 3642 2772">
     <span class='ocr_line' id='line_1_46' title="bbox 2009 2687 3642 2772; baseline 0.003 -22"><span class='ocrx_word' id='word_1_306' title='bbox 2009 2688 2215 2769; x_wconf 75' lang='lat' dir='ltr'><strong>inquit,</strong></span> <span class='ocrx_word' id='word_1_307' title='bbox 2243 2706 2277 2748; x_wconf 92' lang='grc' dir='ltr'><strong>ο</strong></span> <span class='ocrx_word' id='word_1_308' title='bbox 2311 2687 2443 2764; x_wconf 84' lang='lat' dir='ltr'><strong>ﬁlii,</strong></span> <span class='ocrx_word' id='word_1_309' title='bbox 2479 2688 2668 2750; x_wconf 90' lang='lat' dir='ltr'><strong>nolite</strong></span> <span class='ocrx_word' id='word_1_310' title='bbox 2699 2705 2833 2749; x_wconf 92' lang='lat' dir='ltr'><strong>esse</strong></span> <span class='ocrx_word' id='word_1_311' title='bbox 2873 2688 3075 2767; x_wconf 79' lang='lat' dir='ltr'><strong>lingua</strong></span> <span class='ocrx_word' id='word_1_312' title='bbox 3122 2697 3238 2750; x_wconf 92' lang='lat' dir='ltr'><strong>tam</strong></span> <span class='ocrx_word' id='word_1_313' title='bbox 3268 2691 3528 2772; x_wconf 84' lang='lat' dir='ltr'><strong>prompti</strong></span> <span class='ocrx_word' id='word_1_314' title='bbox 3566 2695 3642 2755; x_wconf 88' lang='lat' dir='ltr'><strong>ad</strong></span> 
     </span>
    </p>
   </div>
   <div class='ocr_carea' id='block_1_47' title="bbox 258 2776 1923 2861">
    <p class='ocr_par' dir='ltr' id='par_1_47' title="bbox 258 2776 1917 2861">
     <span class='ocr_line' id='line_1_47' title="bbox 258 2776 1917 2861; baseline -0.007 -18"><span class='ocrx_word' id='word_1_315' title='bbox 258 2789 428 2861; x_wconf 78' lang='grc' dir='ltr'>ὑμεῖς</span> <span class='ocrx_word' id='word_1_316' title='bbox 489 2784 706 2845; x_wconf 79' lang='grc' dir='ltr'>πάντως</span> <span class='ocrx_word' id='word_1_317' title='bbox 795 2780 907 2839; x_wconf 88' lang='grc' dir='ltr'>δυσὶ</span> <span class='ocrx_word' id='word_1_318' title='bbox 963 2794 1157 2843; x_wconf 81' lang='grc' dir='ltr'>κακοῖς</span> <span class='ocrx_word' id='word_1_319' title='bbox 1217 2779 1442 2854; x_wconf 79' lang='grc' dir='ltr'>μέλλετε</span> <span class='ocrx_word' id='word_1_320' title='bbox 1517 2779 1728 2835; x_wconf 80' lang='grc' dir='ltr'>πίπτειν</span> <span class='ocrx_word' id='word_1_321' title='bbox 1761 2793 1775 2807; x_wconf 81' lang='grc'><strong>⁸</strong></span> <span class='ocrx_word' id='word_1_322' title='bbox 1842 2776 1917 2832; x_wconf 78' lang='grc' dir='ltr'>ἑνὶ</span> 
     </span>
    </p>
   </div>
   <div class='ocr_carea' id='block_1_48' title="bbox 2009 2776 3642 2861">
    <p class='ocr_par' dir='ltr' id='par_1_48' title="bbox 2009 2777 3642 2859">
     <span class='ocr_line' id='line_1_48' title="bbox 2009 2777 3642 2859; baseline 0.002 -19"><span class='ocrx_word' id='word_1_323' title='bbox 2009 2778 2437 2841; x_wconf 85' lang='lat' dir='ltr'><strong>detrahendum</strong></span> <span class='ocrx_word' id='word_1_324' title='bbox 2484 2777 2774 2856; x_wconf 81' lang='lat' dir='ltr'><strong>proximo.</strong></span> <span class='ocrx_word' id='word_1_325' title='bbox 2812 2779 2961 2841; x_wconf 91' lang='lat' dir='ltr'><strong>Nam</strong></span> <span class='ocrx_word' id='word_1_326' title='bbox 2995 2777 3082 2839; x_wconf 89' lang='lat' dir='ltr'><strong>sic</strong></span> <span class='ocrx_word' id='word_1_327' title='bbox 3107 2779 3350 2859; x_wconf 89' lang='lat' dir='ltr'><strong>quidem</strong></span> <span class='ocrx_word' id='word_1_328' title='bbox 3382 2780 3642 2844; x_wconf 87' lang='lat' dir='ltr'><strong>futurum</strong></span> 
     </span>
    </p>
   </div>
   <div class='ocr_carea' id='block_1_49' title="bbox 265 2866 1923 2952">
    <p class='ocr_par' dir='ltr' id='par_1_49' title="bbox 265 2866 1916 2951">
     <span class='ocr_line' id='line_1_49' title="bbox 265 2866 1916 2951; baseline -0.007 -19"><span class='ocrx_word' id='word_1_329' title='bbox 265 2876 392 2951; x_wconf 73' lang='grc' dir='ltr'>μὲν,</span> <span class='ocrx_word' id='word_1_330' title='bbox 449 2882 546 2932; x_wconf 81' lang='grc' dir='ltr'><strong>τοῦ</strong></span> <span class='ocrx_word' id='word_1_331' title='bbox 591 2873 669 2948; x_wconf 80' lang='grc' dir='ltr'>μὴ</span> <span class='ocrx_word' id='word_1_332' title='bbox 730 2873 832 2949; x_wconf 78' lang='grc' dir='ltr'><strong>πρὸ</strong></span> <span class='ocrx_word' id='word_1_333' title='bbox 890 2876 1077 2949; x_wconf 79' lang='grc' dir='ltr'>καιροῦ</span> <span class='ocrx_word' id='word_1_334' title='bbox 1125 2892 1174 2926; x_wconf 89' lang='grc' dir='ltr'><strong>τι</strong></span> <span class='ocrx_word' id='word_1_335' title='bbox 1232 2871 1426 2947; x_wconf 81' lang='grc' dir='ltr'>κρίνειν</span> <span class='ocrx_word' id='word_1_336' title='bbox 1480 2866 1916 2941; x_wconf 79' lang='grc' dir='ltr'>διακελευομένου</span> 
     </span>
    </p>
   </div>
   <div class='ocr_carea' id='block_1_50' title="bbox 2009 2866 3647 2952">
    <p class='ocr_par' dir='ltr' id='par_1_50' title="bbox 2009 2866 3647 2952">
     <span class='ocr_line' id='line_1_50' title="bbox 2009 2866 3647 2952; baseline 0.002 -23"><span class='ocrx_word' id='word_1_337' title='bbox 2009 2876 2188 2940; x_wconf 87' lang='lat' dir='ltr'><strong>est,ut</strong></span> <span class='ocrx_word' id='word_1_338' title='bbox 2208 2885 2310 2927; x_wconf 90' lang='lat' dir='ltr'><strong>vos</strong></span> <span class='ocrx_word' id='word_1_339' title='bbox 2330 2866 2576 2928; x_wconf 90' lang='lat' dir='ltr'><strong>omnino</strong></span> <span class='ocrx_word' id='word_1_340' title='bbox 2599 2867 2659 2928; x_wconf 89' lang='lat' dir='ltr'><strong>in</strong></span> <span class='ocrx_word' id='word_1_341' title='bbox 2685 2866 2802 2928; x_wconf 86' lang='lat' dir='ltr'><strong>duo</strong></span> <span class='ocrx_word' id='word_1_342' title='bbox 2824 2867 2976 2928; x_wconf 82' lang='lat' dir='ltr'><strong>mala</strong></span> <span class='ocrx_word' id='word_1_343' title='bbox 2992 2866 3481 2937; x_wconf 88' lang='lat' dir='ltr'><strong>incidatis,unum</strong></span> <span class='ocrx_word' id='word_1_344' title='bbox 3505 2871 3647 2952; x_wconf 88' lang='lat' dir='ltr'><strong>qui-</strong></span> 
     </span>
    </p>
   </div>
   <div class='ocr_carea' id='block_1_51' title="bbox 266 2955 1923 3040">
    <p class='ocr_par' dir='ltr' id='par_1_51' title="bbox 266 2956 1916 3039">
     <span class='ocr_line' id='line_1_51' title="bbox 266 2956 1916 3039; baseline -0.006 -18"><span class='ocrx_word' id='word_1_345' title='bbox 266 2966 368 3028; x_wconf 77' lang='grc' dir='ltr'><strong>τήν</strong></span> <span class='ocrx_word' id='word_1_346' title='bbox 423 2961 657 3029; x_wconf 75' lang='grc' dir='ltr'>ὶντολήν</span> <span class='ocrx_word' id='word_1_347' title='bbox 687 2959 1103 3039; x_wconf 75' lang='grc' dir='ltr'>παραϐαίνοντες</span> <span class='ocrx_word' id='word_1_348' title='bbox 1142 2979 1157 2994; x_wconf 84' lang='grc'><em>’</em></span> <span class='ocrx_word' id='word_1_349' title='bbox 1194 2960 1356 3038; x_wconf 81' lang='grc' dir='ltr'>ἑτέρῳ</span> <span class='ocrx_word' id='word_1_350' title='bbox 1386 2957 1466 3034; x_wconf 77' lang='grc' dir='ltr'>δὲ,</span> <span class='ocrx_word' id='word_1_351' title='bbox 1520 2956 1600 3014; x_wconf 80' lang='grc' dir='ltr'><strong>ὅτι</strong></span> <span class='ocrx_word' id='word_1_352' title='bbox 1650 2959 1712 3014; x_wconf 84' lang='grc' dir='ltr'>τὸ</span> <span class='ocrx_word' id='word_1_353' title='bbox 1751 2957 1916 3036; x_wconf 83' lang='grc' dir='ltr'>μέχρι</span> 
     </span>
    </p>
   </div>
   <div class='ocr_carea' id='block_1_52' title="bbox 2009 2955 3650 3040">
    <p class='ocr_par' dir='ltr' id='par_1_52' title="bbox 2009 2955 3650 3040">
     <span class='ocr_line' id='line_1_52' title="bbox 2009 2955 3650 3040; baseline 0.003 -22"><span class='ocrx_word' id='word_1_354' title='bbox 2009 2956 2163 3032; x_wconf 86' lang='lat' dir='ltr'><strong>dem,</strong></span> <span class='ocrx_word' id='word_1_355' title='bbox 2192 2955 2705 3032; x_wconf 67' lang='lat' dir='ltr'><strong>transgredientes</strong></span> <span class='ocrx_word' id='word_1_356' title='bbox 2738 2967 3098 3037; x_wconf 64' lang='lat' dir='ltr'><strong>praeceptum</strong></span> <span class='ocrx_word' id='word_1_357' title='bbox 3132 2957 3318 3034; x_wconf 89' lang='lat' dir='ltr'><strong>illius,</strong></span> <span class='ocrx_word' id='word_1_358' title='bbox 3354 2961 3456 3040; x_wconf 90' lang='lat' dir='ltr'><strong>qui</strong></span> <span class='ocrx_word' id='word_1_359' title='bbox 3478 2960 3650 3038; x_wconf 83' lang='lat' dir='ltr'><strong>jubet</strong></span> 
     </span>
    </p>
   </div>
   <div class='ocr_carea' id='block_1_53' title="bbox 259 3045 1923 3131">
    <p class='ocr_par' dir='ltr' id='par_1_53' title="bbox 259 3046 1917 3131">
     <span class='ocr_line' id='line_1_53' title="bbox 259 3046 1917 3131; baseline -0.007 -19"><span class='ocrx_word' id='word_1_360' title='bbox 259 3055 356 3112; x_wconf 84' lang='lat'><strong>106</strong></span> <span class='ocrx_word' id='word_1_361' title='bbox 377 3063 469 3113; x_wconf 79' lang='grc' dir='ltr'>νῦν</span> <span class='ocrx_word' id='word_1_362' title='bbox 514 3052 809 3131; x_wconf 82' lang='grc' dir='ltr'>γενόμενον</span> <span class='ocrx_word' id='word_1_363' title='bbox 865 3049 1207 3127; x_wconf 81' lang='grc' dir='ltr'>ἀγνοοῦντες,</span> <span class='ocrx_word' id='word_1_364' title='bbox 1270 3049 1454 3125; x_wconf 76' lang='grc' dir='ltr'>κριτάς</span> <span class='ocrx_word' id='word_1_365' title='bbox 1511 3049 1725 3109; x_wconf 78' lang='grc' dir='ltr'>ἑαυτοὺς</span> <span class='ocrx_word' id='word_1_366' title='bbox 1772 3046 1917 3103; x_wconf 80' lang='grc' dir='ltr'>ἐκεί-</span> 
     </span>
    </p>
   </div>
   <div class='ocr_carea' id='block_1_54' title="bbox 2009 3045 3647 3131">
    <p class='ocr_par' dir='ltr' id='par_1_54' title="bbox 2009 3045 3647 3128">
     <span class='ocr_line' id='line_1_54' title="bbox 2009 3045 3647 3128; baseline 0.004 -22"><span class='ocrx_word' id='word_1_367' title='bbox 2009 3065 2123 3107; x_wconf 92' lang='lat' dir='ltr'><strong>non</strong></span> <span class='ocrx_word' id='word_1_368' title='bbox 2145 3045 2421 3122; x_wconf 84' lang='lat' dir='ltr'><strong>judicare</strong></span> <span class='ocrx_word' id='word_1_369' title='bbox 2445 3054 2583 3108; x_wconf 89' lang='lat' dir='ltr'><strong>ante</strong></span> <span class='ocrx_word' id='word_1_370' title='bbox 2618 3054 2859 3127; x_wconf 87' lang='lat' dir='ltr'><strong>tempus</strong></span> <span class='ocrx_word' id='word_1_371' title='bbox 2893 3068 2911 3123; x_wconf 88' lang='lat'><strong>;</strong></span> <span class='ocrx_word' id='word_1_372' title='bbox 2942 3046 3197 3109; x_wconf 89' lang='lat' dir='ltr'><strong>alterum</strong></span> <span class='ocrx_word' id='word_1_373' title='bbox 3228 3056 3451 3125; x_wconf 89' lang='lat' dir='ltr'><strong>autem,</strong></span> <span class='ocrx_word' id='word_1_374' title='bbox 3486 3052 3647 3128; x_wconf 91' lang='lat' dir='ltr'><strong>quod</strong></span> 
     </span>
    </p>
   </div>
   <div class='ocr_carea' id='block_1_55' title="bbox 1992 1697 3630 1779">
    <p class='ocr_par' dir='ltr' id='par_1_55' title="bbox 1992 1697 3630 1779">
     <span class='ocr_line' id='line_1_55' title="bbox 1992 1697 3630 1779; baseline 0.002 -20"><span class='ocrx_word' id='word_1_375' title='bbox 1992 1697 2143 1759; x_wconf 92' lang='lat' dir='ltr'><strong>dens</strong></span> <span class='ocrx_word' id='word_1_376' title='bbox 2175 1715 2279 1760; x_wconf 90' lang='lat' dir='ltr'><strong>eos</strong></span> <span class='ocrx_word' id='word_1_377' title='bbox 2301 1717 2334 1760; x_wconf 92' lang='lat' dir='ltr'><strong>a</strong></span> <span class='ocrx_word' id='word_1_378' title='bbox 2366 1699 2533 1779; x_wconf 91' lang='lat' dir='ltr'><strong>lapsu</strong></span> <span class='ocrx_word' id='word_1_379' title='bbox 2555 1716 2856 1761; x_wconf 85' lang='lat' dir='ltr'><strong>revocare.</strong></span> <span class='ocrx_word' id='word_1_380' title='bbox 2890 1697 3201 1779; x_wconf 85' lang='lat' dir='ltr'><strong>Aliquauto</strong></span> <span class='ocrx_word' id='word_1_381' title='bbox 3244 1708 3441 1760; x_wconf 90' lang='lat' dir='ltr'><strong>autem</strong></span> <span class='ocrx_word' id='word_1_382' title='bbox 3474 1706 3630 1762; x_wconf 91' lang='lat' dir='ltr'><strong>tem-</strong></span> 
     </span>
    </p>
   </div>
   <div class='ocr_carea' id='block_1_56' title="bbox 1994 1790 3635 1872">
    <p class='ocr_par' dir='ltr' id='par_1_56' title="bbox 1994 1790 3635 1872">
     <span class='ocr_line' id='line_1_56' title="bbox 1994 1790 3635 1872; baseline 0.003 -22"><span class='ocrx_word' id='word_1_383' title='bbox 1994 1808 2137 1869; x_wconf 88' lang='lat' dir='ltr'><strong>pore</strong></span> <span class='ocrx_word' id='word_1_384' title='bbox 2168 1790 2506 1871; x_wconf 90' lang='lat' dir='ltr'><strong>interjecto,</strong></span> <span class='ocrx_word' id='word_1_385' title='bbox 2539 1790 2757 1852; x_wconf 87' lang='lat' dir='ltr'><strong>accidit</strong></span> <span class='ocrx_word' id='word_1_386' title='bbox 2788 1800 2852 1851; x_wconf 89' lang='lat' dir='ltr'><strong>ut</strong></span> <span class='ocrx_word' id='word_1_387' title='bbox 2891 1809 3025 1852; x_wconf 88' lang='lat' dir='ltr'><strong>cum</strong></span> <span class='ocrx_word' id='word_1_388' title='bbox 3054 1791 3212 1870; x_wconf 89' lang='lat' dir='ltr'><strong>apud</strong></span> <span class='ocrx_word' id='word_1_389' title='bbox 3242 1791 3528 1872; x_wconf 82' lang='lat' dir='ltr'><strong>quosdam</strong></span> <span class='ocrx_word' id='word_1_390' title='bbox 3561 1811 3635 1855; x_wconf 78' lang='lat' dir='ltr'><strong>ex</strong></span> 
     </span>
    </p>
   </div>
   <div class='ocr_carea' id='block_1_57' title="bbox 261 3134 1919 3218">
    <p class='ocr_par' dir='ltr' id='par_1_57' title="bbox 261 3134 1919 3218">
     <span class='ocr_line' id='line_1_57' title="bbox 261 3134 1919 3218; baseline -0.007 -19"><span class='ocrx_word' id='word_1_391' title='bbox 261 3167 353 3202; x_wconf 89' lang='grc' dir='ltr'><strong>νου</strong></span> <span class='ocrx_word' id='word_1_392' title='bbox 405 3143 553 3202; x_wconf 84' lang='grc' dir='ltr'><strong>κατά</strong></span> <span class='ocrx_word' id='word_1_393' title='bbox 611 3139 818 3208; x_wconf 76' lang='grc' dir='ltr'>πολλὴν</span> <span class='ocrx_word' id='word_1_394' title='bbox 868 3140 1106 3210; x_wconf 73' lang='grc' dir='ltr'>καθίζετε</span> <span class='ocrx_word' id='word_1_395' title='bbox 1164 3139 1263 3207; x_wconf 76' lang='grc' dir='ltr'><strong>τὴν</strong></span> <span class='ocrx_word' id='word_1_396' title='bbox 1323 3138 1626 3218; x_wconf 75' lang='grc' dir='ltr'>εὐχέρειαν.</span> <span class='ocrx_word' id='word_1_397' title='bbox 1668 3134 1919 3202; x_wconf 68' lang='grc' dir='ltr'>’Ἄδηλον</span> 
     </span>
    </p>
   </div>
   <div class='ocr_carea' id='block_1_58' title="bbox 261 3222 1917 3313">
    <p class='ocr_par' dir='ltr' id='par_1_58' title="bbox 261 3222 1917 3313">
     <span class='ocr_line' id='line_1_58' title="bbox 261 3222 1917 3313; baseline -0.006 -23"><span class='ocrx_word' id='word_1_398' title='bbox 261 3235 365 3313; x_wconf 77' lang='grc' dir='ltr'><strong>γὰρ</strong></span> <span class='ocrx_word' id='word_1_399' title='bbox 409 3234 637 3297; x_wconf 78' lang='grc' dir='ltr'>πάντως</span> <span class='ocrx_word' id='word_1_400' title='bbox 681 3229 796 3287; x_wconf 76' lang='grc' dir='ltr'>εἴτε</span> <span class='ocrx_word' id='word_1_401' title='bbox 857 3230 931 3293; x_wconf 80' lang='grc' dir='ltr'><strong>εἰς</strong></span> <span class='ocrx_word' id='word_1_402' title='bbox 991 3226 1141 3306; x_wconf 74' lang='grc' dir='ltr'>δεῦρο</span> <span class='ocrx_word' id='word_1_403' title='bbox 1185 3231 1262 3301; x_wconf 82' lang='grc' dir='ltr'>τῷ</span> <span class='ocrx_word' id='word_1_404' title='bbox 1290 3229 1637 3304; x_wconf 73' lang='grc' dir='ltr'>ἁμαρτήματι</span> <span class='ocrx_word' id='word_1_405' title='bbox 1667 3222 1917 3304; x_wconf 85' lang='grc' dir='ltr'>παραμέ-</span> 
     </span>
    </p>
   </div>
   <div class='ocr_carea' id='block_1_59' title="bbox 261 3316 1917 3398">
    <p class='ocr_par' dir='ltr' id='par_1_59' title="bbox 261 3316 1917 3398">
     <span class='ocr_line' id='line_1_59' title="bbox 261 3316 1917 3398; baseline -0.005 -20"><span class='ocrx_word' id='word_1_406' title='bbox 261 3346 436 3397; x_wconf 85' lang='grc' dir='ltr'>νουσι,</span> <span class='ocrx_word' id='word_1_407' title='bbox 470 3322 511 3391; x_wconf 70' lang='grc' dir='ltr'><strong>ἢ</strong></span> <span class='ocrx_word' id='word_1_408' title='bbox 545 3317 913 3398; x_wconf 82' lang='grc' dir='ltr'>μετεϐάλοντο</span> <span class='ocrx_word' id='word_1_409' title='bbox 955 3319 1086 3393; x_wconf 82' lang='grc' dir='ltr'>πρὸς</span> <span class='ocrx_word' id='word_1_410' title='bbox 1121 3316 1424 3396; x_wconf 85' lang='grc' dir='ltr'>διόρθωσιν,</span> <span class='ocrx_word' id='word_1_411' title='bbox 1457 3317 1602 3394; x_wconf 85' lang='grc' dir='ltr'><strong>Ἐγὼ</strong></span> <span class='ocrx_word' id='word_1_412' title='bbox 1632 3316 1732 3394; x_wconf 84' lang='grc' dir='ltr'><strong>γάρ</strong></span> <span class='ocrx_word' id='word_1_413' title='bbox 1761 3335 1917 3387; x_wconf 89' lang='grc' dir='ltr'>ποτε,</span> 
     </span>
    </p>
   </div>
   <div class='ocr_carea' id='block_1_60' title="bbox 262 3406 1915 3493">
    <p class='ocr_par' dir='ltr' id='par_1_60' title="bbox 262 3406 1915 3493">
     <span class='ocr_line' id='line_1_60' title="bbox 262 3406 1915 3493; baseline -0.007 -24"><span class='ocrx_word' id='word_1_414' title='bbox 262 3412 392 3493; x_wconf 75' lang='grc' dir='ltr'>ἔφη,</span> <span class='ocrx_word' id='word_1_415' title='bbox 424 3413 547 3491; x_wconf 82' lang='grc' dir='ltr'>βίον</span> <span class='ocrx_word' id='word_1_416' title='bbox 578 3412 722 3473; x_wconf 75' lang='grc' dir='ltr'>τινὸς</span> <span class='ocrx_word' id='word_1_417' title='bbox 757 3414 860 3465; x_wconf 60' lang='grc' dir='ltr'>τῶν</span> <span class='ocrx_word' id='word_1_418' title='bbox 912 3406 1166 3487; x_wconf 76' lang='grc' dir='ltr'>μεγάλων</span> <span class='ocrx_word' id='word_1_419' title='bbox 1212 3408 1463 3483; x_wconf 81' lang='grc' dir='ltr'>Πατέρων</span> <span class='ocrx_word' id='word_1_420' title='bbox 1511 3406 1915 3484; x_wconf 70' lang='grc' dir='ltr'>ἀναγινώσκων,</span> 
     </span>
    </p>
   </div>
   <div class='ocr_carea' id='block_1_61' title="bbox 2000 3136 3643 3218">
    <p class='ocr_par' dir='ltr' id='par_1_61' title="bbox 2000 3136 3643 3218">
     <span class='ocr_line' id='line_1_61' title="bbox 2000 3136 3643 3218; baseline 0.002 -21"><span class='ocrx_word' id='word_1_421' title='bbox 2000 3136 2347 3215; x_wconf 77' lang='lat' dir='ltr'><strong>ignorantes</strong></span> <span class='ocrx_word' id='word_1_422' title='bbox 2366 3137 2526 3215; x_wconf 90' lang='lat' dir='ltr'><strong>quod</strong></span> <span class='ocrx_word' id='word_1_423' title='bbox 2559 3137 2875 3213; x_wconf 82' lang='lat' dir='ltr'><strong>hucusque</strong></span> <span class='ocrx_word' id='word_1_424' title='bbox 2905 3137 3124 3201; x_wconf 86' lang='lat' dir='ltr'><strong>factum</strong></span> <span class='ocrx_word' id='word_1_425' title='bbox 3153 3145 3266 3208; x_wconf 89' lang='lat' dir='ltr'><strong>est,</strong></span> <span class='ocrx_word' id='word_1_426' title='bbox 3290 3157 3394 3200; x_wconf 90' lang='lat' dir='ltr'><strong>vos</strong></span> <span class='ocrx_word' id='word_1_427' title='bbox 3425 3157 3643 3218; x_wconf 79' lang='lat' dir='ltr'><strong>magna</strong></span> 
     </span>
    </p>
   </div>
   <div class='ocr_carea' id='block_1_62' title="bbox 2004 3226 3646 3307">
    <p class='ocr_par' dir='ltr' id='par_1_62' title="bbox 2004 3226 3646 3307">
     <span class='ocr_line' id='line_1_62' title="bbox 2004 3226 3646 3307; baseline 0.002 -20"><span class='ocrx_word' id='word_1_428' title='bbox 2004 3226 2292 3288; x_wconf 80' lang='lat' dir='ltr'><strong>facilitate</strong></span> <span class='ocrx_word' id='word_1_429' title='bbox 2347 3226 2712 3289; x_wconf 88' lang='lat' dir='ltr'><strong>constituitis</strong></span> <span class='ocrx_word' id='word_1_430' title='bbox 2751 3227 3016 3307; x_wconf 88' lang='lat' dir='ltr'><strong>judices.</strong></span> <span class='ocrx_word' id='word_1_431' title='bbox 3052 3226 3154 3289; x_wconf 87' lang='lat' dir='ltr'><strong>Est</strong></span> <span class='ocrx_word' id='word_1_432' title='bbox 3202 3227 3364 3289; x_wconf 87' lang='lat' dir='ltr'><strong>enim</strong></span> <span class='ocrx_word' id='word_1_433' title='bbox 3399 3228 3646 3290; x_wconf 89' lang='lat' dir='ltr'><strong>omnino</strong></span> 
     </span>
    </p>
   </div>
   <div class='ocr_carea' id='block_1_63' title="bbox 2004 3316 3647 3395">
    <p class='ocr_par' dir='ltr' id='par_1_63' title="bbox 2004 3316 3647 3395">
     <span class='ocr_line' id='line_1_63' title="bbox 2004 3316 3647 3395; baseline 0.002 -20"><span class='ocrx_word' id='word_1_434' title='bbox 2004 3316 2407 3385; x_wconf 74' lang='lat' dir='ltr'><strong>incertum.an</strong></span> <span class='ocrx_word' id='word_1_435' title='bbox 2430 3316 2744 3393; x_wconf 88' lang='lat' dir='ltr'><strong>hucusque</strong></span> <span class='ocrx_word' id='word_1_436' title='bbox 2775 3324 3165 3393; x_wconf 85' lang='lat' dir='ltr'><strong>permaneant</strong></span> <span class='ocrx_word' id='word_1_437' title='bbox 3192 3316 3254 3377; x_wconf 91' lang='lat' dir='ltr'><strong>in</strong></span> <span class='ocrx_word' id='word_1_438' title='bbox 3288 3325 3647 3395; x_wconf 87' lang='lat' dir='ltr'><strong>peccato,an</strong></span> 
     </span>
    </p>
   </div>
   <div class='ocr_carea' id='block_1_64' title="bbox 2005 3403 3642 3486">
    <p class='ocr_par' dir='ltr' id='par_1_64' title="bbox 2005 3403 3642 3486">
     <span class='ocr_line' id='line_1_64' title="bbox 2005 3403 3642 3486; baseline 0 -20"><span class='ocrx_word' id='word_1_439' title='bbox 2005 3405 2212 3466; x_wconf 86' lang='lat' dir='ltr'><strong>mutati</strong></span> <span class='ocrx_word' id='word_1_440' title='bbox 2263 3403 2384 3465; x_wconf 85' lang='lat' dir='ltr'><strong>sint</strong></span> <span class='ocrx_word' id='word_1_441' title='bbox 2409 3404 2483 3468; x_wconf 88' lang='lat' dir='ltr'><strong>ad</strong></span> <span class='ocrx_word' id='word_1_442' title='bbox 2536 3412 3004 3468; x_wconf 88' lang='lat' dir='ltr'><strong>correctionem.</strong></span> <span class='ocrx_word' id='word_1_443' title='bbox 3038 3403 3159 3483; x_wconf 81' lang='lat' dir='ltr'><strong>Ego</strong></span> <span class='ocrx_word' id='word_1_444' title='bbox 3205 3404 3394 3478; x_wconf 89' lang='lat' dir='ltr'><strong>enim,</strong></span> <span class='ocrx_word' id='word_1_445' title='bbox 3425 3405 3642 3486; x_wconf 88' lang='lat' dir='ltr'><strong>inquit,</strong></span> 
     </span>
    </p>
   </div>
   <div class='ocr_carea' id='block_1_65' title="bbox 262 3492 1923 3578">
    <p class='ocr_par' dir='ltr' id='par_1_65' title="bbox 262 3495 1915 3578">
     <span class='ocr_line' id='line_1_65' title="bbox 262 3495 1915 3578; baseline -0.006 -19"><span class='ocrx_word' id='word_1_446' title='bbox 262 3503 495 3577; x_wconf 82' lang='grc' dir='ltr'>τοιούτῳ</span> <span class='ocrx_word' id='word_1_447' title='bbox 523 3501 637 3558; x_wconf 83' lang='grc' dir='ltr'>τινὶ</span> <span class='ocrx_word' id='word_1_448' title='bbox 684 3497 941 3578; x_wconf 64' lang='grc' dir='ltr'>ὠφελείας</span> <span class='ocrx_word' id='word_1_449' title='bbox 985 3504 1168 3574; x_wconf 81' lang='grc' dir='ltr'>μεστῷ</span> <span class='ocrx_word' id='word_1_450' title='bbox 1223 3495 1520 3574; x_wconf 84' lang='grc' dir='ltr'>διηγήματι</span> <span class='ocrx_word' id='word_1_451' title='bbox 1574 3504 1915 3572; x_wconf 72' lang='grc' dir='ltr'>περιέτυχον,</span> 
     </span>
    </p>
   </div>
   <div class='ocr_carea' id='block_1_66' title="bbox 2009 3492 3655 3578">
    <p class='ocr_par' dir='ltr' id='par_1_66' title="bbox 2009 3492 3655 3573">
     <span class='ocr_line' id='line_1_66' title="bbox 2009 3492 3655 3573; baseline 0.001 -19"><span class='ocrx_word' id='word_1_452' title='bbox 2009 3493 2326 3573; x_wconf 84' lang='lat' dir='ltr'><strong>aliquando</strong></span> <span class='ocrx_word' id='word_1_453' title='bbox 2381 3493 2588 3572; x_wconf 85' lang='lat' dir='ltr'><strong>legens</strong></span> <span class='ocrx_word' id='word_1_454' title='bbox 2619 3494 2795 3555; x_wconf 64' lang='lat' dir='ltr'><strong>vitam</strong></span> <span class='ocrx_word' id='word_1_455' title='bbox 2829 3492 3140 3571; x_wconf 87' lang='lat' dir='ltr'><strong>cujusdam</strong></span> <span class='ocrx_word' id='word_1_456' title='bbox 3190 3493 3389 3573; x_wconf 83' lang='lat' dir='ltr'><strong>magni</strong></span> <span class='ocrx_word' id='word_1_457' title='bbox 3420 3512 3491 3555; x_wconf 81' lang='lat' dir='ltr'><strong>ex</strong></span> <span class='ocrx_word' id='word_1_458' title='bbox 3541 3493 3655 3556; x_wconf 88' lang='lat' dir='ltr'><strong>Pa-</strong></span> 
     </span>
    </p>
   </div>
   <div class='ocr_carea' id='block_1_67' title="bbox 266 3590 736 3673">
    <p class='ocr_par' dir='ltr' id='par_1_67' title="bbox 266 3590 736 3673">
     <span class='ocr_line' id='line_1_67' title="bbox 266 3590 736 3673; baseline -0.002 -23"><span class='ocrx_word' id='word_1_459' title='bbox 266 3593 412 3673; x_wconf 75' lang='grc' dir='ltr'>Εἶχε</span> <span class='ocrx_word' id='word_1_460' title='bbox 442 3590 500 3649; x_wconf 76' lang='grc' dir='ltr'>δὲ</span> <span class='ocrx_word' id='word_1_461' title='bbox 532 3590 736 3653; x_wconf 74' lang='grc' dir='ltr'>οὕτως.</span> 
     </span>
    </p>
   </div>
   <div class='ocr_carea' id='block_1_68' title="bbox 344 3760 1921 3848">
    <p class='ocr_par' dir='ltr' id='par_1_68' title="bbox 344 3760 1921 3848">
     <span class='ocr_line' id='line_1_68' title="bbox 344 3760 1921 3848; baseline -0.007 -19"><span class='ocrx_word' id='word_1_462' title='bbox 344 3760 495 3832; x_wconf 76' lang='grc' dir='ltr'><strong>ΞΗ’.</strong></span> <span class='ocrx_word' id='word_1_463' title='bbox 550 3772 643 3835; x_wconf 80' lang='grc' dir='ltr'>Εἰς</span> <span class='ocrx_word' id='word_1_464' title='bbox 681 3770 844 3848; x_wconf 90' lang='grc' dir='ltr'>Τύρον</span> <span class='ocrx_word' id='word_1_465' title='bbox 890 3770 990 3838; x_wconf 81' lang='grc' dir='ltr'><strong>τὴν</strong></span> <span class='ocrx_word' id='word_1_466' title='bbox 1046 3769 1202 3828; x_wconf 80' lang='grc' dir='ltr'>πόλιν</span> <span class='ocrx_word' id='word_1_467' title='bbox 1247 3769 1487 3847; x_wconf 80' lang='grc' dir='ltr'>μοναχοὶ</span> <span class='ocrx_word' id='word_1_468' title='bbox 1532 3766 1622 3825; x_wconf 87' lang='grc' dir='ltr'><strong>δύο</strong></span> <span class='ocrx_word' id='word_1_469' title='bbox 1650 3764 1921 3823; x_wconf 84' lang='grc' dir='ltr'>διακονίαν</span> 
     </span>
    </p>
   </div>
   <div class='ocr_carea' id='block_1_69' title="bbox 265 3856 1920 3941">
    <p class='ocr_par' dir='ltr' id='par_1_69' title="bbox 265 3856 1920 3941">
     <span class='ocr_line' id='line_1_69' title="bbox 265 3856 1920 3941; baseline -0.004 -24"><span class='ocrx_word' id='word_1_470' title='bbox 265 3859 437 3932; x_wconf 76' lang='grc' dir='ltr'>δήπου</span> <span class='ocrx_word' id='word_1_471' title='bbox 499 3860 836 3939; x_wconf 75' lang='grc' dir='ltr'>πληροῦντες</span> <span class='ocrx_word' id='word_1_472' title='bbox 894 3859 1146 3941; x_wconf 66' lang='grc' dir='ltr'>ἀφίκοντο</span> <span class='ocrx_word' id='word_1_473' title='bbox 1174 3878 1188 3895; x_wconf 78' lang='grc'><strong>⁸</strong></span> <span class='ocrx_word' id='word_1_474' title='bbox 1236 3858 1441 3937; x_wconf 77' lang='grc' dir='ltr'>θατέρῳ</span> <span class='ocrx_word' id='word_1_475' title='bbox 1489 3856 1543 3913; x_wconf 75' lang='grc' dir='ltr'>δὲ</span> <span class='ocrx_word' id='word_1_476' title='bbox 1593 3857 1793 3913; x_wconf 86' lang='grc' dir='ltr'>τούτων</span> <span class='ocrx_word' id='word_1_477' title='bbox 1844 3856 1920 3918; x_wconf 77' lang='grc' dir='ltr'>εἷς</span> 
     </span>
    </p>
   </div>
   <div class='ocr_carea' id='block_1_70' title="bbox 270 3943 1924 4029">
    <p class='ocr_par' dir='ltr' id='par_1_70' title="bbox 270 3943 1924 4029">
     <span class='ocr_line' id='line_1_70' title="bbox 270 3943 1924 4029; baseline -0.004 -21"><span class='ocrx_word' id='word_1_478' title='bbox 270 3950 434 4008; x_wconf 85' lang='grc' dir='ltr'>τόπον</span> <span class='ocrx_word' id='word_1_479' title='bbox 496 3950 750 4029; x_wconf 83' lang='grc' dir='ltr'>παριόντι</span> <span class='ocrx_word' id='word_1_480' title='bbox 812 3951 928 4006; x_wconf 80' lang='grc' dir='ltr'>τινὰ</span> <span class='ocrx_word' id='word_1_481' title='bbox 982 3952 1078 4024; x_wconf 85' lang='grc' dir='ltr'><strong>μία</strong></span> <span class='ocrx_word' id='word_1_482' title='bbox 1148 3955 1257 4007; x_wconf 82' lang='grc' dir='ltr'><strong>τῶν</strong></span> <span class='ocrx_word' id='word_1_483' title='bbox 1300 3950 1530 4027; x_wconf 81' lang='grc' dir='ltr'>πορνῶν,</span> <span class='ocrx_word' id='word_1_484' title='bbox 1579 3948 1646 4015; x_wconf 78' lang='grc' dir='ltr'><strong>ἧς</strong></span> <span class='ocrx_word' id='word_1_485' title='bbox 1690 3943 1924 4020; x_wconf 76' lang='grc' dir='ltr'>τοῦνομα</span> 
     </span>
    </p>
   </div>
   <div class='ocr_carea' id='block_1_71' title="bbox 273 4036 1920 4121">
    <p class='ocr_par' dir='ltr' id='par_1_71' title="bbox 273 4036 1920 4121">
     <span class='ocr_line' id='line_1_71' title="bbox 273 4036 1920 4121; baseline -0.003 -25"><span class='ocrx_word' id='word_1_486' title='bbox 273 4044 569 4121; x_wconf 74' lang='grc' dir='ltr'>Πορφυρία,</span> <span class='ocrx_word' id='word_1_487' title='bbox 600 4039 789 4096; x_wconf 76' lang='grc' dir='ltr'>εἵπετο</span> <span class='ocrx_word' id='word_1_488' title='bbox 820 4040 1085 4118; x_wconf 83' lang='grc' dir='ltr'>κράζουσα</span> <span class='ocrx_word' id='word_1_489' title='bbox 1120 4054 1133 4069; x_wconf 88' lang='lat'><strong>&#39;</strong></span> <span class='ocrx_word' id='word_1_490' title='bbox 1192 4039 1363 4116; x_wconf 73' lang='grc' dir='ltr'>Πάτερ</span> <span class='ocrx_word' id='word_1_491' title='bbox 1398 4038 1594 4121; x_wconf 34' lang='grc' dir='ltr'>τίμιεη</span> <span class='ocrx_word' id='word_1_492' title='bbox 1622 4036 1796 4093; x_wconf 82' lang='grc' dir='ltr'>σῶσόν</span> <span class='ocrx_word' id='word_1_493' title='bbox 1830 4056 1920 4111; x_wconf 86' lang='grc' dir='ltr'><strong>με,</strong></span> 
     </span>
    </p>
   </div>
   <div class='ocr_carea' id='block_1_72' title="bbox 277 4117 1925 4205">
    <p class='ocr_par' dir='ltr' id='par_1_72' title="bbox 277 4117 1925 4205">
     <span class='ocr_line' id='line_1_72' title="bbox 277 4117 1925 4205; baseline -0.005 -18"><span class='ocrx_word' id='word_1_494' title='bbox 277 4131 375 4187; x_wconf 84' lang='grc' dir='ltr'>οἷοί</span> <span class='ocrx_word' id='word_1_495' title='bbox 400 4117 538 4187; x_wconf 75' lang='grc' dir='ltr'>ποτε</span> <span class='ocrx_word' id='word_1_496' title='bbox 569 4129 670 4196; x_wconf 81' lang='grc' dir='ltr'><strong>τὴν</strong></span> <span class='ocrx_word' id='word_1_497' title='bbox 715 4128 919 4203; x_wconf 86' lang='grc' dir='ltr'>πόρνην</span> <span class='ocrx_word' id='word_1_498' title='bbox 970 4127 1176 4194; x_wconf 80' lang='grc' dir='ltr'>Ἰησοῦς</span> <span class='ocrx_word' id='word_1_499' title='bbox 1230 4131 1256 4183; x_wconf 83' lang='grc' dir='ltr'>ὁ</span> <span class='ocrx_word' id='word_1_500' title='bbox 1300 4128 1543 4205; x_wconf 83' lang='grc' dir='ltr'>Χριστός.</span> <span class='ocrx_word' id='word_1_501' title='bbox 1580 4117 1638 4186; x_wconf 66' lang='grc' dir='ltr'><strong>Ὀ</strong></span> <span class='ocrx_word' id='word_1_502' title='bbox 1670 4124 1724 4183; x_wconf 79' lang='grc' dir='ltr'>δὲ</span> <span class='ocrx_word' id='word_1_503' title='bbox 1758 4123 1925 4200; x_wconf 78' lang='grc' dir='ltr'>μηδὲν</span> 
     </span>
    </p>
   </div>
   <div class='ocr_carea' id='block_1_73' title="bbox 278 4215 1924 4298">
    <p class='ocr_par' dir='ltr' id='par_1_73' title="bbox 278 4215 1924 4298">
     <span class='ocr_line' id='line_1_73' title="bbox 278 4215 1924 4298; baseline -0.002 -23"><span class='ocrx_word' id='word_1_504' title='bbox 278 4225 384 4275; x_wconf 83' lang='grc' dir='ltr'>τῶν</span> <span class='ocrx_word' id='word_1_505' title='bbox 438 4219 783 4298; x_wconf 86' lang='grc' dir='ltr'>ἀνθρωπίνων</span> <span class='ocrx_word' id='word_1_506' title='bbox 855 4215 1341 4296; x_wconf 71' lang='grc' dir='ltr'>ὑπολογισάμενος,</span> <span class='ocrx_word' id='word_1_507' title='bbox 1410 4215 1704 4291; x_wconf 78' lang='grc' dir='ltr'>λαϐόμενος</span> <span class='ocrx_word' id='word_1_508' title='bbox 1758 4219 1924 4281; x_wconf 75' lang='grc' dir='ltr'>αὐτῆς</span> 
     </span>
    </p>
   </div>
   <div class='ocr_carea' id='block_1_74' title="bbox 278 4302 1927 4387">
    <p class='ocr_par' dir='ltr' id='par_1_74' title="bbox 278 4302 1927 4387">
     <span class='ocr_line' id='line_1_74' title="bbox 278 4302 1927 4387; baseline -0.002 -23"><span class='ocrx_word' id='word_1_509' title='bbox 278 4307 379 4376; x_wconf 72' lang='grc' dir='ltr'><strong>τῆς</strong></span> <span class='ocrx_word' id='word_1_510' title='bbox 425 4310 618 4387; x_wconf 82' lang='grc' dir='ltr'>χειρὸς</span> <span class='ocrx_word' id='word_1_511' title='bbox 676 4308 780 4365; x_wconf 79' lang='grc' dir='ltr'><strong>ὑπὸ</strong></span> <span class='ocrx_word' id='word_1_512' title='bbox 811 4306 1027 4366; x_wconf 79' lang='grc' dir='ltr'>πολλῶν</span> <span class='ocrx_word' id='word_1_513' title='bbox 1060 4308 1308 4382; x_wconf 80' lang='grc' dir='ltr'>ὁρώντων</span> <span class='ocrx_word' id='word_1_514' title='bbox 1354 4319 1471 4370; x_wconf 91' lang='grc' dir='ltr'>τοῖς</span> <span class='ocrx_word' id='word_1_515' title='bbox 1506 4305 1808 4387; x_wconf 60' lang='grc' dir='ltr'>ὀφθαλμοῖς</span> <span class='ocrx_word' id='word_1_516' title='bbox 1843 4302 1927 4361; x_wconf 79' lang='grc' dir='ltr'>διὰ</span> 
     </span>
    </p>
   </div>
   <div class='ocr_carea' id='block_1_75' title="bbox 284 4394 1929 4473">
    <p class='ocr_par' dir='ltr' id='par_1_75' title="bbox 284 4394 1929 4473">
     <span class='ocr_line' id='line_1_75' title="bbox 284 4394 1929 4473; baseline 0.001 -23"><span class='ocrx_word' id='word_1_517' title='bbox 284 4395 462 4469; x_wconf 81' lang='grc' dir='ltr'>μέσης</span> <span class='ocrx_word' id='word_1_518' title='bbox 494 4401 594 4463; x_wconf 75' lang='grc' dir='ltr'><strong>τῆς</strong></span> <span class='ocrx_word' id='word_1_519' title='bbox 621 4395 831 4459; x_wconf 74' lang='grc' dir='ltr'>πόλεως</span> <span class='ocrx_word' id='word_1_520' title='bbox 864 4394 1047 4462; x_wconf 76' lang='grc' dir='ltr'>ἔξεισι.</span> <span class='ocrx_word' id='word_1_521' title='bbox 1094 4396 1265 4471; x_wconf 69' lang='grc' dir='ltr'>Φήμη</span> <span class='ocrx_word' id='word_1_522' title='bbox 1315 4402 1596 4473; x_wconf 80' lang='grc' dir='ltr'>τοιγαροῦν</span> <span class='ocrx_word' id='word_1_523' title='bbox 1646 4403 1929 4473; x_wconf 81' lang='grc' dir='ltr'>πανταχοῦ</span> 
     </span>
    </p>
   </div>
   <div class='ocr_carea' id='block_1_76' title="bbox 283 4482 1928 4565">
    <p class='ocr_par' dir='ltr' id='par_1_76' title="bbox 283 4482 1928 4565">
     <span class='ocr_line' id='line_1_76' title="bbox 283 4482 1928 4565; baseline 0.001 -26"><span class='ocrx_word' id='word_1_524' title='bbox 283 4482 603 4563; x_wconf 78' lang='grc' dir='ltr'>διέρρευοεν,</span> <span class='ocrx_word' id='word_1_525' title='bbox 658 4487 732 4550; x_wconf 82' lang='grc' dir='ltr'>ὡς</span> <span class='ocrx_word' id='word_1_526' title='bbox 784 4485 878 4552; x_wconf 80' lang='grc' dir='ltr'><strong>εἴη</strong></span> <span class='ocrx_word' id='word_1_527' title='bbox 938 4488 966 4542; x_wconf 84' lang='grc' dir='ltr'>ὁ</span> <span class='ocrx_word' id='word_1_528' title='bbox 1024 4488 1272 4565; x_wconf 84' lang='grc' dir='ltr'>μοναχὸς</span> <span class='ocrx_word' id='word_1_529' title='bbox 1327 4488 1539 4548; x_wconf 68' lang='grc' dir='ltr'>ὶκεῖνος</span> <span class='ocrx_word' id='word_1_530' title='bbox 1591 4486 1666 4546; x_wconf 82' lang='grc' dir='ltr'>εἷς</span> <span class='ocrx_word' id='word_1_531' title='bbox 1698 4496 1928 4562; x_wconf 84' lang='grc' dir='ltr'>γυναῖκα</span> 
     </span>
    </p>
   </div>
   <div class='ocr_carea' id='block_1_77' title="bbox 284 4572 1930 4655">
    <p class='ocr_par' dir='ltr' id='par_1_77' title="bbox 284 4572 1930 4655">
     <span class='ocr_line' id='line_1_77' title="bbox 284 4572 1930 4655; baseline 0.001 -27"><span class='ocrx_word' id='word_1_532' title='bbox 284 4573 384 4640; x_wconf 77' lang='grc' dir='ltr'><strong>τὴν</strong></span> <span class='ocrx_word' id='word_1_533' title='bbox 412 4576 712 4655; x_wconf 73' lang='grc' dir='ltr'>Πορφυρίαν</span> <span class='ocrx_word' id='word_1_534' title='bbox 770 4572 973 4637; x_wconf 82' lang='grc' dir='ltr'>λαϐών.</span> <span class='ocrx_word' id='word_1_535' title='bbox 1013 4584 1228 4634; x_wconf 81' lang='grc' dir='ltr'>Διιοῦσα</span> <span class='ocrx_word' id='word_1_536' title='bbox 1263 4572 1315 4630; x_wconf 77' lang='grc' dir='ltr'>δὲ</span> <span class='ocrx_word' id='word_1_537' title='bbox 1345 4575 1380 4643; x_wconf 79' lang='grc' dir='ltr'><strong>ἡ</strong></span> <span class='ocrx_word' id='word_1_538' title='bbox 1413 4575 1583 4653; x_wconf 89' lang='grc' dir='ltr'>πόρνη</span> <span class='ocrx_word' id='word_1_539' title='bbox 1636 4574 1727 4631; x_wconf 84' lang='grc' dir='ltr'>σὺν</span> <span class='ocrx_word' id='word_1_540' title='bbox 1762 4577 1930 4646; x_wconf 61' lang='grc' dir='ltr'>,αὒτῷ</span> 
     </span>
    </p>
   </div>
   <div class='ocr_carea' id='block_1_78' title="bbox 288 4661 1927 4746">
    <p class='ocr_par' dir='ltr' id='par_1_78' title="bbox 288 4661 1927 4746">
     <span class='ocr_line' id='line_1_78' title="bbox 288 4661 1927 4746; baseline -0.001 -28"><span class='ocrx_word' id='word_1_541' title='bbox 288 4661 478 4725; x_wconf 76' lang='grc' dir='ltr'>πόλεις</span> <span class='ocrx_word' id='word_1_542' title='bbox 531 4685 590 4720; x_wconf 92' lang='grc' dir='ltr'><strong>τε</strong></span> <span class='ocrx_word' id='word_1_543' title='bbox 642 4665 731 4720; x_wconf 82' lang='grc' dir='ltr'><strong>καὶ</strong></span> <span class='ocrx_word' id='word_1_544' title='bbox 786 4664 1002 4739; x_wconf 85' lang='grc' dir='ltr'>κώμας,</span> <span class='ocrx_word' id='word_1_545' title='bbox 1060 4665 1241 4746; x_wconf 81' lang='grc' dir='ltr'>βρέφει</span> <span class='ocrx_word' id='word_1_546' title='bbox 1308 4665 1687 4743; x_wconf 79' lang='grc' dir='ltr'>περιτυγχάνει</span> <span class='ocrx_word' id='word_1_547' title='bbox 1744 4662 1927 4741; x_wconf 70' lang='grc' dir='ltr'>χαμαὶ</span> 
     </span>
    </p>
   </div>
   <div class='ocr_carea' id='block_1_79' title="bbox 287 4750 1928 4834">
    <p class='ocr_par' dir='ltr' id='par_1_79' title="bbox 287 4750 1928 4834">
     <span class='ocr_line' id='line_1_79' title="bbox 287 4750 1928 4834; baseline 0 -28"><span class='ocrx_word' id='word_1_548' title='bbox 287 4751 519 4825; x_wconf 79' lang='grc' dir='ltr'>κειμένῳ</span> <span class='ocrx_word' id='word_1_549' title='bbox 552 4768 568 4784; x_wconf 85' lang='grc'>⁶</span> <span class='ocrx_word' id='word_1_550' title='bbox 635 4753 767 4831; x_wconf 81' lang='grc' dir='ltr'>ὅπερ</span> <span class='ocrx_word' id='word_1_551' title='bbox 812 4756 902 4810; x_wconf 74' lang='grc' dir='ltr'><strong>ἒπὶ</strong></span> <span class='ocrx_word' id='word_1_552' title='bbox 944 4754 1022 4828; x_wconf 82' lang='grc' dir='ltr'>τῷ</span> <span class='ocrx_word' id='word_1_553' title='bbox 1051 4754 1342 4834; x_wconf 84' lang='grc' dir='ltr'>ἀναθρέψαι</span> <span class='ocrx_word' id='word_1_554' title='bbox 1371 4752 1758 4834; x_wconf 70' lang='grc' dir='ltr'>φιλανθρώπως</span> <span class='ocrx_word' id='word_1_555' title='bbox 1802 4750 1928 4806; x_wconf 80' lang='grc' dir='ltr'>ἀνε-</span> 
     </span>
    </p>
   </div>
   <div class='ocr_carea' id='block_1_80' title="bbox 2004 3582 3655 3664">
    <p class='ocr_par' dir='ltr' id='par_1_80' title="bbox 2004 3582 3655 3664">
     <span class='ocr_line' id='line_1_80' title="bbox 2004 3582 3655 3664; baseline 0 -17"><span class='ocrx_word' id='word_1_556' title='bbox 2004 3582 2222 3659; x_wconf 91' lang='lat' dir='ltr'><strong>tribus,</strong></span> <span class='ocrx_word' id='word_1_557' title='bbox 2256 3583 2444 3645; x_wconf 89' lang='lat' dir='ltr'><strong>incidi</strong></span> <span class='ocrx_word' id='word_1_558' title='bbox 2472 3585 2530 3645; x_wconf 91' lang='lat' dir='ltr'><strong>in</strong></span> <span class='ocrx_word' id='word_1_559' title='bbox 2570 3584 2746 3645; x_wconf 87' lang='lat' dir='ltr'><strong>talem</strong></span> <span class='ocrx_word' id='word_1_560' title='bbox 2780 3582 3183 3645; x_wconf 85' lang='lat' dir='ltr'><strong>narrationem</strong></span> <span class='ocrx_word' id='word_1_561' title='bbox 3219 3582 3455 3664; x_wconf 89' lang='lat' dir='ltr'><strong>plenam</strong></span> <span class='ocrx_word' id='word_1_562' title='bbox 3485 3584 3655 3647; x_wconf 87' lang='lat' dir='ltr'><strong>utili-</strong></span> 
     </span>
    </p>
   </div>
   <div class='ocr_carea' id='block_1_81' title="bbox 2006 3674 3582 3737">
    <p class='ocr_par' dir='ltr' id='par_1_81' title="bbox 2006 3674 3582 3737">
     <span class='ocr_line' id='line_1_81' title="bbox 2006 3674 3582 3737; baseline 0.001 -2"><span class='ocrx_word' id='word_1_563' title='bbox 2006 3682 2144 3737; x_wconf 86' lang='lat' dir='ltr'><strong>tate.</strong></span> <span class='ocrx_word' id='word_1_564' title='bbox 2181 3674 2281 3737; x_wconf 92' lang='lat' dir='ltr'><strong>Sic</strong></span> <span class='ocrx_word' id='word_1_565' title='bbox 2313 3684 2510 3736; x_wconf 86' lang='lat' dir='ltr'><strong>autem</strong></span> <span class='ocrx_word' id='word_1_566' title='bbox 2544 3674 2806 3737; x_wconf 85' lang='lat' dir='ltr'><strong>habebat</strong></span> <span class='ocrx_word' id='word_1_567' title='bbox 2838 3695 2854 3736; x_wconf 87' lang='lat'><strong>:</strong></span> <span class='ocrx_word' id='word_1_568' title='bbox 3576 3710 3582 3715; x_wconf 90' lang='lat'><strong>-</strong></span> 
     </span>
    </p>
   </div>
   <div class='ocr_carea' id='block_1_82' title="bbox 2083 3763 3643 3846">
    <p class='ocr_par' dir='ltr' id='par_1_82' title="bbox 2083 3763 3643 3846">
     <span class='ocr_line' id='line_1_82' title="bbox 2083 3763 3643 3846; baseline 0.001 -19"><span class='ocrx_word' id='word_1_569' title='bbox 2083 3763 2334 3828; x_wconf 85' lang='lat' dir='ltr'><strong>LXVIII.</strong></span> <span class='ocrx_word' id='word_1_570' title='bbox 2368 3766 2433 3827; x_wconf 92' lang='lat' dir='ltr'><strong>In</strong></span> <span class='ocrx_word' id='word_1_571' title='bbox 2464 3764 2681 3846; x_wconf 82' lang='lat' dir='ltr'><strong>Tyrum</strong></span> <span class='ocrx_word' id='word_1_572' title='bbox 2708 3764 3006 3826; x_wconf 88' lang='lat' dir='ltr'><strong>civitatem</strong></span> <span class='ocrx_word' id='word_1_573' title='bbox 3040 3776 3329 3827; x_wconf 86' lang='lat' dir='ltr'><strong>venerant</strong></span> <span class='ocrx_word' id='word_1_574' title='bbox 3359 3765 3476 3828; x_wconf 90' lang='lat' dir='ltr'><strong>duo</strong></span> <span class='ocrx_word' id='word_1_575' title='bbox 3510 3784 3643 3828; x_wconf 86' lang='lat' dir='ltr'><strong>m0-</strong></span> 
     </span>
    </p>
   </div>
   <div class='ocr_carea' id='block_1_83' title="bbox 2007 3854 3646 3935">
    <p class='ocr_par' dir='ltr' id='par_1_83' title="bbox 2007 3854 3646 3935">
     <span class='ocr_line' id='line_1_83' title="bbox 2007 3854 3646 3935; baseline 0.001 -18"><span class='ocrx_word' id='word_1_576' title='bbox 2007 3855 2206 3929; x_wconf 87' lang='lat' dir='ltr'><strong>nachi,</strong></span> <span class='ocrx_word' id='word_1_577' title='bbox 2240 3855 2439 3935; x_wconf 89' lang='lat' dir='ltr'><strong>aliquo</strong></span> <span class='ocrx_word' id='word_1_578' title='bbox 2471 3856 2788 3934; x_wconf 82' lang='lat' dir='ltr'><strong>fungentes</strong></span> <span class='ocrx_word' id='word_1_579' title='bbox 2822 3854 3185 3917; x_wconf 84' lang='lat' dir='ltr'><strong>ministerio.</strong></span> <span class='ocrx_word' id='word_1_580' title='bbox 3206 3855 3482 3919; x_wconf 78' lang='lat' dir='ltr'><strong>Alterum</strong></span> <span class='ocrx_word' id='word_1_581' title='bbox 3506 3873 3646 3919; x_wconf 88' lang='lat' dir='ltr'><strong>vero</strong></span> 
     </span>
    </p>
   </div>
   <div class='ocr_carea' id='block_1_84' title="bbox 2006 3944 3644 4027">
    <p class='ocr_par' dir='ltr' id='par_1_84' title="bbox 2006 3944 3644 4027">
     <span class='ocr_line' id='line_1_84' title="bbox 2006 3944 3644 4027; baseline 0.002 -20"><span class='ocrx_word' id='word_1_582' title='bbox 2006 3963 2383 4019; x_wconf 90' lang='lat' dir='ltr'><strong>eorum,cum</strong></span> <span class='ocrx_word' id='word_1_583' title='bbox 2407 3944 2671 4008; x_wconf 90' lang='lat' dir='ltr'><strong>venisset</strong></span> <span class='ocrx_word' id='word_1_584' title='bbox 2692 3944 2753 4005; x_wconf 94' lang='lat' dir='ltr'><strong>in</strong></span> <span class='ocrx_word' id='word_1_585' title='bbox 2777 3944 3098 4025; x_wconf 88' lang='lat' dir='ltr'><strong>quemdam</strong></span> <span class='ocrx_word' id='word_1_586' title='bbox 3124 3944 3344 4021; x_wconf 90' lang='lat' dir='ltr'><strong>locum,</strong></span> <span class='ocrx_word' id='word_1_587' title='bbox 3376 3946 3644 4027; x_wconf 79' lang='lat' dir='ltr'><strong>quaedam</strong></span> 
     </span>
    </p>
   </div>
   <div class='ocr_carea' id='block_1_85' title="bbox 2009 4033 3654 4115">
    <p class='ocr_par' dir='ltr' id='par_1_85' title="bbox 2009 4033 3654 4115">
     <span class='ocr_line' id='line_1_85' title="bbox 2009 4033 3654 4115; baseline 0.003 -21"><span class='ocrx_word' id='word_1_588' title='bbox 2009 4033 2317 4098; x_wconf 85' lang='lat' dir='ltr'><strong>meretrix.</strong></span> <span class='ocrx_word' id='word_1_589' title='bbox 2355 4039 2451 4095; x_wconf 91' lang='lat' dir='ltr'><strong>cui</strong></span> <span class='ocrx_word' id='word_1_590' title='bbox 2486 4052 2709 4095; x_wconf 83' lang='lat' dir='ltr'><strong>nomen</strong></span> <span class='ocrx_word' id='word_1_591' title='bbox 2743 4042 2876 4095; x_wconf 90' lang='lat' dir='ltr'><strong>erat</strong></span> <span class='ocrx_word' id='word_1_592' title='bbox 2906 4034 3254 4115; x_wconf 73' lang='lat' dir='ltr'><strong>l’orphyria,</strong></span> <span class='ocrx_word' id='word_1_593' title='bbox 3287 4035 3654 4114; x_wconf 79' lang='lat' dir='ltr'><strong>sequebatur</strong></span> 
     </span>
    </p>
   </div>
   <div class='ocr_carea' id='block_1_86' title="bbox 2008 4121 3659 4199">
    <p class='ocr_par' dir='ltr' id='par_1_86' title="bbox 2008 4121 3659 4199">
     <span class='ocr_line' id='line_1_86' title="bbox 2008 4121 3659 4199; baseline 0.002 -14"><span class='ocrx_word' id='word_1_594' title='bbox 2008 4123 2666 4186; x_wconf 88' lang='lat' dir='ltr'><strong>clamans:Venerande</strong></span> <span class='ocrx_word' id='word_1_595' title='bbox 2683 4121 3061 4197; x_wconf 86' lang='lat' dir='ltr'><strong>Pater,serva</strong></span> <span class='ocrx_word' id='word_1_596' title='bbox 3087 4123 3370 4199; x_wconf 89' lang='lat' dir='ltr'><strong>me,sicut</strong></span> <span class='ocrx_word' id='word_1_597' title='bbox 3396 4124 3538 4186; x_wconf 93' lang='lat' dir='ltr'><strong>olim</strong></span> <span class='ocrx_word' id='word_1_598' title='bbox 3560 4123 3659 4188; x_wconf 85' lang='lat' dir='ltr'><strong>Je-</strong></span> 
     </span>
    </p>
   </div>
   <div class='ocr_carea' id='block_1_87' title="bbox 2007 4211 3659 4277">
    <p class='ocr_par' dir='ltr' id='par_1_87' title="bbox 2007 4211 3659 4277">
     <span class='ocr_line' id='line_1_87' title="bbox 2007 4211 3659 4277; baseline 0 -1"><span class='ocrx_word' id='word_1_599' title='bbox 2007 4233 2111 4276; x_wconf 88' lang='lat' dir='ltr'><strong>sus</strong></span> <span class='ocrx_word' id='word_1_600' title='bbox 2157 4213 2434 4277; x_wconf 83' lang='lat' dir='ltr'><strong>Christus</strong></span> <span class='ocrx_word' id='word_1_601' title='bbox 2485 4211 2890 4274; x_wconf 82' lang='lat' dir='ltr'><strong>meretricem.</strong></span> <span class='ocrx_word' id='word_1_602' title='bbox 2944 4212 3052 4276; x_wconf 92' lang='lat' dir='ltr'><strong>llle</strong></span> <span class='ocrx_word' id='word_1_603' title='bbox 3075 4222 3210 4275; x_wconf 89' lang='lat' dir='ltr'><strong>aute</strong></span> <span class='ocrx_word' id='word_1_604' title='bbox 3260 4214 3659 4276; x_wconf 87' lang='lat' dir='ltr'><strong>humanarum</strong></span> 
     </span>
    </p>
   </div>
   <div class='ocr_carea' id='block_1_88' title="bbox 2010 4302 3658 4384">
    <p class='ocr_par' dir='ltr' id='par_1_88' title="bbox 2010 4302 3658 4384">
     <span class='ocr_line' id='line_1_88' title="bbox 2010 4302 3658 4384; baseline 0.001 -19"><span class='ocrx_word' id='word_1_605' title='bbox 2010 4322 2210 4365; x_wconf 91' lang='lat' dir='ltr'><strong>rerum</strong></span> <span class='ocrx_word' id='word_1_606' title='bbox 2248 4302 2394 4365; x_wconf 85' lang='lat' dir='ltr'><strong>nihil</strong></span> <span class='ocrx_word' id='word_1_607' title='bbox 2419 4313 2813 4383; x_wconf 87' lang='lat' dir='ltr'><strong>reputans,ea</strong></span> <span class='ocrx_word' id='word_1_608' title='bbox 2835 4320 3014 4364; x_wconf 88' lang='lat' dir='ltr'><strong>manu</strong></span> <span class='ocrx_word' id='word_1_609' title='bbox 3041 4311 3309 4384; x_wconf 85' lang='lat' dir='ltr'><strong>accepta,</strong></span> <span class='ocrx_word' id='word_1_610' title='bbox 3336 4304 3541 4366; x_wconf 85' lang='lat' dir='ltr'><strong>multis</strong></span> <span class='ocrx_word' id='word_1_611' title='bbox 3567 4306 3658 4367; x_wconf 89' lang='lat' dir='ltr'><strong>vi-</strong></span> 
     </span>
    </p>
   </div>
   <div class='ocr_carea' id='block_1_89' title="bbox 2014 4392 3664 4469">
    <p class='ocr_par' dir='ltr' id='par_1_89' title="bbox 2014 4392 3664 4469">
     <span class='ocr_line' id='line_1_89' title="bbox 2014 4392 3664 4469; baseline 0.004 -15"><span class='ocrx_word' id='word_1_612' title='bbox 2014 4392 2632 4469; x_wconf 78' lang='lat' dir='ltr'><strong>dentibus,egreditur</strong></span> <span class='ocrx_word' id='word_1_613' title='bbox 2660 4410 2769 4468; x_wconf 84' lang='lat' dir='ltr'><strong>per</strong></span> <span class='ocrx_word' id='word_1_614' title='bbox 2791 4392 3045 4454; x_wconf 90' lang='lat' dir='ltr'><strong>mediam</strong></span> <span class='ocrx_word' id='word_1_615' title='bbox 3072 4393 3664 4460; x_wconf 85' lang='lat' dir='ltr'><strong>civitatem.Manavit</strong></span> 
     </span>
    </p>
   </div>
   <div class='ocr_carea' id='block_1_90' title="bbox 2009 4482 3664 4563">
    <p class='ocr_par' dir='ltr' id='par_1_90' title="bbox 2009 4482 3664 4563">
     <span class='ocr_line' id='line_1_90' title="bbox 2009 4482 3664 4563; baseline 0.001 -18"><span class='ocrx_word' id='word_1_616' title='bbox 2009 4483 2210 4563; x_wconf 88' lang='lat' dir='ltr'><strong>itaque</strong></span> <span class='ocrx_word' id='word_1_617' title='bbox 2250 4482 2406 4543; x_wconf 88' lang='lat' dir='ltr'><strong>fama</strong></span> <span class='ocrx_word' id='word_1_618' title='bbox 2430 4482 2491 4543; x_wconf 93' lang='lat' dir='ltr'><strong>in</strong></span> <span class='ocrx_word' id='word_1_619' title='bbox 2530 4501 2741 4544; x_wconf 90' lang='lat' dir='ltr'><strong>omnes</strong></span> <span class='ocrx_word' id='word_1_620' title='bbox 2772 4491 2991 4563; x_wconf 84' lang='lat' dir='ltr'><strong>partes,</strong></span> <span class='ocrx_word' id='word_1_621' title='bbox 3015 4483 3172 4562; x_wconf 87' lang='lat' dir='ltr'><strong>quod</strong></span> <span class='ocrx_word' id='word_1_622' title='bbox 3195 4482 3300 4545; x_wconf 92' lang='lat' dir='ltr'><strong>ille</strong></span> <span class='ocrx_word' id='word_1_623' title='bbox 3330 4483 3664 4547; x_wconf 82' lang='lat' dir='ltr'><strong>monachus</strong></span> 
     </span>
    </p>
   </div>
   <div class='ocr_carea' id='block_1_91' title="bbox 2011 4570 3664 4653">
    <p class='ocr_par' dir='ltr' id='par_1_91' title="bbox 2011 4570 3664 4653">
     <span class='ocr_line' id='line_1_91' title="bbox 2011 4570 3664 4653; baseline 0.002 -20"><span class='ocrx_word' id='word_1_624' title='bbox 2011 4572 2070 4633; x_wconf 89' lang='lat' dir='ltr'><strong>in</strong></span> <span class='ocrx_word' id='word_1_625' title='bbox 2091 4589 2336 4633; x_wconf 84' lang='lat' dir='ltr'><strong>uxorem</strong></span> <span class='ocrx_word' id='word_1_626' title='bbox 2361 4572 2693 4649; x_wconf 84' lang='lat' dir='ltr'><strong>accepisset</strong></span> <span class='ocrx_word' id='word_1_627' title='bbox 2713 4570 3277 4652; x_wconf 78' lang='lat' dir='ltr'><strong>Porphyriam.Cum</strong></span> <span class='ocrx_word' id='word_1_628' title='bbox 3304 4572 3435 4653; x_wconf 90' lang='lat' dir='ltr'><strong>ipso</strong></span> <span class='ocrx_word' id='word_1_629' title='bbox 3454 4573 3664 4637; x_wconf 88' lang='lat' dir='ltr'><strong>obiens</strong></span> 
     </span>
    </p>
   </div>
   <div class='ocr_carea' id='block_1_92' title="bbox 2014 4661 3665 4736">
    <p class='ocr_par' dir='ltr' id='par_1_92' title="bbox 2014 4661 3665 4736">
     <span class='ocr_line' id='line_1_92' title="bbox 2014 4661 3665 4736; baseline 0.002 -14"><span class='ocrx_word' id='word_1_630' title='bbox 2014 4662 2309 4723; x_wconf 86' lang='lat' dir='ltr'><strong>meretrix</strong></span> <span class='ocrx_word' id='word_1_631' title='bbox 2338 4662 2519 4724; x_wconf 88' lang='lat' dir='ltr'><strong>urbes</strong></span> <span class='ocrx_word' id='word_1_632' title='bbox 2553 4670 2611 4723; x_wconf 93' lang='lat' dir='ltr'><strong>et</strong></span> <span class='ocrx_word' id='word_1_633' title='bbox 2641 4661 3057 4736; x_wconf 87' lang='lat' dir='ltr'><strong>vicos,incidit</strong></span> <span class='ocrx_word' id='word_1_634' title='bbox 3085 4661 3146 4722; x_wconf 90' lang='lat' dir='ltr'><strong>in</strong></span> <span class='ocrx_word' id='word_1_635' title='bbox 3177 4661 3461 4724; x_wconf 81' lang='lat' dir='ltr'><strong>infantem</strong></span> <span class='ocrx_word' id='word_1_636' title='bbox 3497 4663 3665 4726; x_wconf 88' lang='lat' dir='ltr'><strong>humi</strong></span> 
     </span>
    </p>
   </div>
   <div class='ocr_carea' id='block_1_93' title="bbox 2007 4749 3660 4832">
    <p class='ocr_par' dir='ltr' id='par_1_93' title="bbox 2007 4749 3660 4832">
     <span class='ocr_line' id='line_1_93' title="bbox 2007 4749 3660 4832; baseline 0.001 -20"><span class='ocrx_word' id='word_1_637' title='bbox 2007 4752 2334 4831; x_wconf 89' lang='lat' dir='ltr'><strong>jacentem.</strong></span> <span class='ocrx_word' id='word_1_638' title='bbox 2354 4750 2544 4824; x_wconf 88' lang='lat' dir='ltr'><strong>Quem</strong></span> <span class='ocrx_word' id='word_1_639' title='bbox 2568 4750 2810 4832; x_wconf 89' lang='lat' dir='ltr'><strong>quidem</strong></span> <span class='ocrx_word' id='word_1_640' title='bbox 2840 4769 2975 4811; x_wconf 92' lang='lat' dir='ltr'><strong>cum</strong></span> <span class='ocrx_word' id='word_1_641' title='bbox 3000 4749 3263 4830; x_wconf 81' lang='lat' dir='ltr'><strong>benigne</strong></span> <span class='ocrx_word' id='word_1_642' title='bbox 3293 4751 3660 4825; x_wconf 80' lang='lat' dir='ltr'><strong>sustulisset,</strong></span> 
     </span>
    </p>
   </div>
   <div class='ocr_carea' id='block_1_94' title="bbox 289 4837 1923 4929">
    <p class='ocr_par' dir='ltr' id='par_1_94' title="bbox 289 4837 1923 4929">
     <span class='ocr_line' id='line_1_94' title="bbox 289 4837 1923 4929; baseline -0.001 -32"><span class='ocrx_word' id='word_1_643' title='bbox 289 4837 493 4916; x_wconf 84' lang='grc' dir='ltr'>λομένη</span> <span class='ocrx_word' id='word_1_644' title='bbox 518 4842 860 4929; x_wconf 10' lang='grc' dir='ltr'>,βαστάζουσα</span> <span class='ocrx_word' id='word_1_645' title='bbox 911 4845 1004 4911; x_wconf 75' lang='grc' dir='ltr'>ἦν.</span> <span class='ocrx_word' id='word_1_646' title='bbox 1042 4844 1227 4922; x_wconf 83' lang='grc' dir='ltr'>Χρόνῳ</span> <span class='ocrx_word' id='word_1_647' title='bbox 1287 4842 1343 4899; x_wconf 87' lang='grc' dir='ltr'><strong>δέ</strong></span> <span class='ocrx_word' id='word_1_648' title='bbox 1371 4854 1471 4900; x_wconf 78' lang='grc' dir='ltr'>τινι</span> <span class='ocrx_word' id='word_1_649' title='bbox 1500 4843 1717 4920; x_wconf 65' lang='grc' dir='ltr'>ὕστερον</span> <span class='ocrx_word' id='word_1_650' title='bbox 1753 4842 1923 4918; x_wconf 88' lang='grc' dir='ltr'>Τύριοι</span> 
     </span>
    </p>
   </div>
   <div class='ocr_carea' id='block_1_95' title="bbox 2009 4837 3658 4929">
    <p class='ocr_par' dir='ltr' id='par_1_95' title="bbox 2014 4837 3658 4929">
     <span class='ocr_line' id='line_1_95' title="bbox 2014 4837 3658 4929; baseline 0.001 -28"><span class='ocrx_word' id='word_1_651' title='bbox 2014 4848 2078 4901; x_wconf 89' lang='lat' dir='ltr'><strong>ut</strong></span> <span class='ocrx_word' id='word_1_652' title='bbox 2106 4842 2292 4902; x_wconf 89' lang='lat' dir='ltr'><strong>aleret</strong></span> <span class='ocrx_word' id='word_1_653' title='bbox 2317 4858 2522 4903; x_wconf 80' lang='lat' dir='ltr'><strong>secum</strong></span> <span class='ocrx_word' id='word_1_654' title='bbox 2559 4857 2693 4929; x_wconf 87' lang='lat' dir='ltr'><strong>eum</strong></span> <span class='ocrx_word' id='word_1_655' title='bbox 2722 4838 3024 4920; x_wconf 89' lang='lat' dir='ltr'><strong>portabat.</strong></span> <span class='ocrx_word' id='word_1_656' title='bbox 3054 4837 3197 4902; x_wconf 86' lang='lat' dir='ltr'><strong>Cum</strong></span> <span class='ocrx_word' id='word_1_657' title='bbox 3231 4839 3431 4920; x_wconf 88' lang='lat' dir='ltr'><strong>aliquo</strong></span> <span class='ocrx_word' id='word_1_658' title='bbox 3461 4848 3658 4903; x_wconf 85' lang='lat' dir='ltr'><strong>autem</strong></span> 
     </span>
    </p>
   </div>
   <div class='ocr_carea' id='block_1_96' title="bbox 289 4928 1363 5010">
    <p class='ocr_par' dir='ltr' id='par_1_96' title="bbox 289 4928 1363 5010">
     <span class='ocr_line' id='line_1_96' title="bbox 289 4928 1363 5010; baseline 0.004 -26"><span class='ocrx_word' id='word_1_659' title='bbox 289 4928 680 4996; x_wconf 78' lang='grc' dir='ltr'>καταλαϐόντες</span> <span class='ocrx_word' id='word_1_660' title='bbox 728 4931 847 4989; x_wconf 77' lang='grc' dir='ltr'>ἔνθα</span> <span class='ocrx_word' id='word_1_661' title='bbox 902 4935 1048 4990; x_wconf 77' lang='grc' dir='ltr'>οὗτοι</span> <span class='ocrx_word' id='word_1_662' title='bbox 1104 4931 1363 5010; x_wconf 82' lang='grc' dir='ltr'>διέτριϐον</span> 
     </span>
    </p>
   </div>
   <div class='ocr_carea' id='block_1_97' title="bbox 1372 4928 1923 5013">
    <p class='ocr_par' dir='ltr' id='par_1_97' title="bbox 1372 4929 1923 5013">
     <span class='ocr_line' id='line_1_97' title="bbox 1372 4929 1923 5013; baseline -0.009 -22"><span class='ocrx_word' id='word_1_663' title='bbox 1372 4981 1388 5013; x_wconf 93' lang='grc'><strong>,</strong></span> <span class='ocrx_word' id='word_1_664' title='bbox 1453 4934 1543 4990; x_wconf 85' lang='grc' dir='ltr'><strong>καὶ</strong></span> <span class='ocrx_word' id='word_1_665' title='bbox 1598 4932 1660 4988; x_wconf 77' lang='grc' dir='ltr'>τὰ</span> <span class='ocrx_word' id='word_1_666' title='bbox 1723 4929 1923 4988; x_wconf 74' lang='grc' dir='ltr'>παιδίον</span> 
     </span>
    </p>
   </div>
   <div class='ocr_carea' id='block_1_98' title="bbox 2009 4928 3665 5013">
    <p class='ocr_par' dir='ltr' id='par_1_98' title="bbox 2014 4928 3665 5011">
     <span class='ocr_line' id='line_1_98' title="bbox 2014 4928 3665 5011; baseline 0 -19"><span class='ocrx_word' id='word_1_667' title='bbox 2014 4941 2287 5011; x_wconf 89' lang='lat' dir='ltr'><strong>tempore</strong></span> <span class='ocrx_word' id='word_1_668' title='bbox 2319 4933 2583 4993; x_wconf 87' lang='lat' dir='ltr'><strong>venisset</strong></span> <span class='ocrx_word' id='word_1_669' title='bbox 2610 4928 2769 5010; x_wconf 79' lang='lat' dir='ltr'><strong>Tyrii</strong></span> <span class='ocrx_word' id='word_1_670' title='bbox 2809 4929 2869 4990; x_wconf 90' lang='lat' dir='ltr'><strong>in</strong></span> <span class='ocrx_word' id='word_1_671' title='bbox 2904 4947 3041 4990; x_wconf 88' lang='lat' dir='ltr'><strong>eum</strong></span> <span class='ocrx_word' id='word_1_672' title='bbox 3074 4929 3294 5000; x_wconf 88' lang='lat' dir='ltr'><strong>locum,</strong></span> <span class='ocrx_word' id='word_1_673' title='bbox 3330 4928 3431 4990; x_wconf 90' lang='lat' dir='ltr'><strong>ubi</strong></span> <span class='ocrx_word' id='word_1_674' title='bbox 3460 4947 3665 4992; x_wconf 86' lang='lat' dir='ltr'><strong>versa-</strong></span> 
     </span>
    </p>
   </div>
   <div class='ocr_carea' id='block_1_99' title="bbox 292 5017 1923 5102">
    <p class='ocr_par' dir='ltr' id='par_1_99' title="bbox 292 5018 1923 5102">
     <span class='ocr_line' id='line_1_99' title="bbox 292 5018 1923 5102; baseline 0.001 -35"><span class='ocrx_word' id='word_1_675' title='bbox 292 5018 393 5075; x_wconf 76' lang='grc' dir='ltr'>ὑπό</span> <span class='ocrx_word' id='word_1_676' title='bbox 435 5041 499 5098; x_wconf 77' lang='grc' dir='ltr'><strong>γε</strong></span> <span class='ocrx_word' id='word_1_677' title='bbox 545 5027 643 5090; x_wconf 81' lang='grc' dir='ltr'>τῆς</span> <span class='ocrx_word' id='word_1_678' title='bbox 691 5021 896 5102; x_wconf 70' lang='grc' dir='ltr'>πόρνης</span> <span class='ocrx_word' id='word_1_679' title='bbox 923 5020 1122 5085; x_wconf 70' lang='grc' dir='ltr'>ἰδόντες</span> <span class='ocrx_word' id='word_1_680' title='bbox 1166 5022 1593 5101; x_wconf 72' lang='grc' dir='ltr'>ἧγκαλισμέδον,</span> <span class='ocrx_word' id='word_1_681' title='bbox 1625 5022 1805 5098; x_wconf 81' lang='grc' dir='ltr'>ὥσπερ</span> <span class='ocrx_word' id='word_1_682' title='bbox 1835 5021 1923 5099; x_wconf 73' lang='grc' dir='ltr'><strong>ἔγ.</strong></span> 
     </span>
    </p>
   </div>
   <div class='ocr_carea' id='block_1_100' title="bbox 2009 5017 3667 5102">
    <p class='ocr_par' dir='ltr' id='par_1_100' title="bbox 2018 5017 3667 5091">
     <span class='ocr_line' id='line_1_100' title="bbox 2018 5017 3667 5091; baseline 0.002 -11"><span class='ocrx_word' id='word_1_683' title='bbox 2018 5020 2256 5091; x_wconf 86' lang='lat' dir='ltr'><strong>bantur,</strong></span> <span class='ocrx_word' id='word_1_684' title='bbox 2293 5029 2352 5081; x_wconf 91' lang='lat' dir='ltr'><strong>et</strong></span> <span class='ocrx_word' id='word_1_685' title='bbox 2397 5019 2780 5080; x_wconf 84' lang='lat' dir='ltr'><strong>meretricem</strong></span> <span class='ocrx_word' id='word_1_686' title='bbox 2835 5018 3126 5080; x_wconf 90' lang='lat' dir='ltr'><strong>vidissent</strong></span> <span class='ocrx_word' id='word_1_687' title='bbox 3173 5018 3234 5079; x_wconf 90' lang='lat' dir='ltr'><strong>in</strong></span> <span class='ocrx_word' id='word_1_688' title='bbox 3266 5017 3408 5081; x_wconf 88' lang='lat' dir='ltr'><strong>ultis</strong></span> <span class='ocrx_word' id='word_1_689' title='bbox 3457 5025 3667 5083; x_wconf 82' lang='lat' dir='ltr'><strong>tenero</strong></span> 
     </span>
    </p>
   </div>
   <div class='ocr_carea' id='block_1_101' title="bbox 291 5105 1923 5194">
    <p class='ocr_par' dir='ltr' id='par_1_101' title="bbox 291 5107 1923 5194">
     <span class='ocr_line' id='line_1_101' title="bbox 291 5107 1923 5194; baseline 0.003 -32"><span class='ocrx_word' id='word_1_690' title='bbox 291 5107 578 5186; x_wconf 79' lang='grc' dir='ltr'>γελῶντες,</span> <span class='ocrx_word' id='word_1_691' title='bbox 610 5114 700 5170; x_wconf 81' lang='grc' dir='ltr'><strong>καὶ</strong></span> <span class='ocrx_word' id='word_1_692' title='bbox 757 5119 848 5169; x_wconf 82' lang='grc' dir='ltr'><strong>τοῦ</strong></span> <span class='ocrx_word' id='word_1_693' title='bbox 907 5116 1150 5191; x_wconf 78' lang='grc' dir='ltr'>γενναίου</span> <span class='ocrx_word' id='word_1_694' title='bbox 1211 5114 1364 5173; x_wconf 79' lang='grc' dir='ltr'>τοῦδε</span> <span class='ocrx_word' id='word_1_695' title='bbox 1422 5112 1608 5194; x_wconf 84' lang='grc' dir='ltr'>ἀνδρὸς</span> <span class='ocrx_word' id='word_1_696' title='bbox 1662 5134 1923 5190; x_wconf 86' lang='grc' dir='ltr'>κατειρω-</span> 
     </span>
    </p>
   </div>
   <div class='ocr_carea' id='block_1_102' title="bbox 2009 5105 3669 5194">
    <p class='ocr_par' dir='ltr' id='par_1_102' title="bbox 2014 5105 3669 5185">
     <span class='ocr_line' id='line_1_102' title="bbox 2014 5105 3669 5185; baseline 0.001 -16"><span class='ocrx_word' id='word_1_697' title='bbox 2014 5108 2329 5181; x_wconf 89' lang='lat' dir='ltr'><strong>infantem,</strong></span> <span class='ocrx_word' id='word_1_698' title='bbox 2368 5108 2551 5169; x_wconf 82' lang='lat' dir='ltr'><strong>veluti</strong></span> <span class='ocrx_word' id='word_1_699' title='bbox 2583 5107 2935 5180; x_wconf 86' lang='lat' dir='ltr'><strong>irridentes,</strong></span> <span class='ocrx_word' id='word_1_700' title='bbox 2970 5114 3030 5169; x_wconf 90' lang='lat' dir='ltr'><strong>et</strong></span> <span class='ocrx_word' id='word_1_701' title='bbox 3058 5105 3364 5185; x_wconf 70' lang='lat' dir='ltr'><strong>egregium</strong></span> <span class='ocrx_word' id='word_1_702' title='bbox 3396 5108 3556 5170; x_wconf 87' lang='lat' dir='ltr'><strong>hunc</strong></span> <span class='ocrx_word' id='word_1_703' title='bbox 3587 5110 3669 5171; x_wconf 88' lang='lat' dir='ltr'><strong>vi-</strong></span> 
     </span>
    </p>
   </div>
   <div class='ocr_carea' id='block_1_103' title="bbox 298 5196 1923 5282">
    <p class='ocr_par' dir='ltr' id='par_1_103' title="bbox 298 5197 1923 5282">
     <span class='ocr_line' id='line_1_103' title="bbox 298 5197 1923 5282; baseline 0.005 -34"><span class='ocrx_word' id='word_1_704' title='bbox 298 5197 592 5274; x_wconf 79' lang='grc' dir='ltr'>νευόμενοι,</span> <span class='ocrx_word' id='word_1_705' title='bbox 625 5200 892 5274; x_wconf 80' lang='grc' dir='ltr'>Ἀληθῶς,</span> <span class='ocrx_word' id='word_1_706' title='bbox 929 5201 1114 5281; x_wconf 80' lang='grc' dir='ltr'>ἔλεγον</span> <span class='ocrx_word' id='word_1_707' title='bbox 1158 5206 1289 5281; x_wconf 82' lang='grc' dir='ltr'>πρὸς</span> <span class='ocrx_word' id='word_1_708' title='bbox 1336 5203 1524 5277; x_wconf 77' lang='grc' dir='ltr'>αύτὴν,</span> <span class='ocrx_word' id='word_1_709' title='bbox 1560 5202 1663 5282; x_wconf 66' lang='grc' dir='ltr'>οὔχ</span> <span class='ocrx_word' id='word_1_710' title='bbox 1692 5203 1923 5279; x_wconf 65' lang='grc' dir='ltr'>ἥμαρτες</span> 
     </span>
    </p>
   </div>
   <div class='ocr_carea' id='block_1_104' title="bbox 2009 5196 3667 5282">
    <p class='ocr_par' dir='ltr' id='par_1_104' title="bbox 2014 5196 3667 5280">
     <span class='ocr_line' id='line_1_104' title="bbox 2014 5196 3667 5280; baseline 0.001 -19"><span class='ocrx_word' id='word_1_711' title='bbox 2014 5217 2148 5261; x_wconf 89' lang='lat' dir='ltr'><strong>rum</strong></span> <span class='ocrx_word' id='word_1_712' title='bbox 2202 5198 2622 5259; x_wconf 86' lang='lat' dir='ltr'><strong>ludiﬁcantes:</strong></span> <span class='ocrx_word' id='word_1_713' title='bbox 2659 5196 2746 5260; x_wconf 80' lang='lat' dir='ltr'><strong>Re</strong></span> <span class='ocrx_word' id='word_1_714' title='bbox 2778 5214 2941 5273; x_wconf 87' lang='lat' dir='ltr'><strong>vera,</strong></span> <span class='ocrx_word' id='word_1_715' title='bbox 2976 5198 3031 5259; x_wconf 91' lang='lat' dir='ltr'><strong>ei</strong></span> <span class='ocrx_word' id='word_1_716' title='bbox 3086 5196 3387 5273; x_wconf 88' lang='lat' dir='ltr'><strong>dicebant,</strong></span> <span class='ocrx_word' id='word_1_717' title='bbox 3422 5215 3454 5258; x_wconf 88' lang='lat' dir='ltr'><strong>a</strong></span> <span class='ocrx_word' id='word_1_718' title='bbox 3482 5217 3667 5280; x_wconf 89' lang='lat' dir='ltr'><strong>scopo</strong></span> 
     </span>
    </p>
   </div>
   <div class='ocr_carea' id='block_1_105' title="bbox 295 5286 1923 5372">
    <p class='ocr_par' dir='ltr' id='par_1_105' title="bbox 295 5291 1923 5372">
     <span class='ocr_line' id='line_1_105' title="bbox 295 5291 1923 5372; baseline 0.002 -31"><span class='ocrx_word' id='word_1_719' title='bbox 295 5291 387 5342; x_wconf 79' lang='grc' dir='ltr'>τοῦ</span> <span class='ocrx_word' id='word_1_720' title='bbox 432 5298 634 5348; x_wconf 74' lang='grc' dir='ltr'>σκοποῦ</span> <span class='ocrx_word' id='word_1_721' title='bbox 669 5307 681 5318; x_wconf 93' lang='grc'>·</span> <span class='ocrx_word' id='word_1_722' title='bbox 728 5291 893 5347; x_wconf 84' lang='grc' dir='ltr'>καλὸν</span> <span class='ocrx_word' id='word_1_723' title='bbox 924 5293 1023 5369; x_wconf 83' lang='grc' dir='ltr'><strong>γάρ</strong></span> <span class='ocrx_word' id='word_1_724' title='bbox 1056 5310 1138 5348; x_wconf 87' lang='grc' dir='ltr'><strong>σοι</strong></span> <span class='ocrx_word' id='word_1_725' title='bbox 1171 5293 1232 5348; x_wconf 76' lang='grc' dir='ltr'>τὸ</span> <span class='ocrx_word' id='word_1_726' title='bbox 1263 5292 1322 5347; x_wconf 77' lang='grc' dir='ltr'>ἐκ</span> <span class='ocrx_word' id='word_1_727' title='bbox 1352 5300 1443 5348; x_wconf 81' lang='lat'><strong>106</strong></span> <span class='ocrx_word' id='word_1_728' title='bbox 1475 5298 1720 5372; x_wconf 79' lang='grc' dir='ltr'>μοναχοῦ</span> <span class='ocrx_word' id='word_1_729' title='bbox 1746 5291 1923 5349; x_wconf 66' lang='grc' dir='ltr'>τέκνον</span> 
     </span>
    </p>
   </div>
   <div class='ocr_carea' id='block_1_106' title="bbox 2009 5286 3669 5372">
    <p class='ocr_par' dir='ltr' id='par_1_106' title="bbox 2018 5286 3669 5352">
     <span class='ocr_line' id='line_1_106' title="bbox 2018 5286 3669 5352; baseline 0.001 -2"><span class='ocrx_word' id='word_1_730' title='bbox 2018 5307 2138 5350; x_wconf 94' lang='lat' dir='ltr'><strong>non</strong></span> <span class='ocrx_word' id='word_1_731' title='bbox 2170 5288 2480 5350; x_wconf 87' lang='lat' dir='ltr'><strong>aberrasti.</strong></span> <span class='ocrx_word' id='word_1_732' title='bbox 2520 5288 2778 5351; x_wconf 87' lang='lat' dir='ltr'><strong>Pulcher</strong></span> <span class='ocrx_word' id='word_1_733' title='bbox 2796 5287 2953 5349; x_wconf 89' lang='lat' dir='ltr'><strong>enim</strong></span> <span class='ocrx_word' id='word_1_734' title='bbox 2974 5286 3083 5350; x_wconf 88' lang='lat' dir='ltr'><strong>tibi</strong></span> <span class='ocrx_word' id='word_1_735' title='bbox 3107 5287 3263 5349; x_wconf 80' lang='lat' dir='ltr'><strong>filius</strong></span> <span class='ocrx_word' id='word_1_736' title='bbox 3282 5295 3457 5349; x_wconf 89' lang='lat' dir='ltr'><strong>natus</strong></span> <span class='ocrx_word' id='word_1_737' title='bbox 3477 5298 3567 5349; x_wconf 91' lang='lat' dir='ltr'><strong>est</strong></span> <span class='ocrx_word' id='word_1_738' title='bbox 3596 5309 3669 5352; x_wconf 81' lang='lat' dir='ltr'><strong>ex</strong></span> 
     </span>
    </p>
   </div>
   <div class='ocr_carea' id='block_1_107' title="bbox 298 5373 1923 5460">
    <p class='ocr_par' dir='ltr' id='par_1_107' title="bbox 298 5373 1923 5460">
     <span class='ocr_line' id='line_1_107' title="bbox 298 5373 1923 5460; baseline 0.005 -31"><span class='ocrx_word' id='word_1_739' title='bbox 298 5373 684 5444; x_wconf 72' lang='grc' dir='ltr'>ἀποκεκύηται.</span> <span class='ocrx_word' id='word_1_740' title='bbox 745 5382 814 5437; x_wconf 76' lang='grc' dir='ltr'><strong>Οἳ</strong></span> <span class='ocrx_word' id='word_1_741' title='bbox 856 5383 945 5436; x_wconf 86' lang='grc' dir='ltr'><strong>καὶ</strong></span> <span class='ocrx_word' id='word_1_742' title='bbox 988 5383 1062 5445; x_wconf 85' lang='grc' dir='ltr'><strong>είς</strong></span> <span class='ocrx_word' id='word_1_743' title='bbox 1106 5383 1270 5453; x_wconf 89' lang='grc' dir='ltr'>Τύρον</span> <span class='ocrx_word' id='word_1_744' title='bbox 1328 5382 1731 5456; x_wconf 79' lang='grc' dir='ltr'>ἐπανελθόντες,</span> <span class='ocrx_word' id='word_1_745' title='bbox 1779 5379 1923 5460; x_wconf 58' lang='grc' dir='ltr'>λόγοι</span> 
     </span>
    </p>
   </div>
   <div class='ocr_carea' id='block_1_108' title="bbox 2009 5373 3667 5460">
    <p class='ocr_par' dir='ltr' id='par_1_108' title="bbox 2023 5378 3667 5460">
     <span class='ocr_line' id='line_1_108' title="bbox 2023 5378 3667 5460; baseline 0.002 -22"><span class='ocrx_word' id='word_1_746' title='bbox 2023 5379 2461 5451; x_wconf 84' lang='lat' dir='ltr'><strong>monacho.Qui</strong></span> <span class='ocrx_word' id='word_1_747' title='bbox 2490 5378 2668 5439; x_wconf 75' lang='lat' dir='ltr'><strong>etiam</strong></span> <span class='ocrx_word' id='word_1_748' title='bbox 2691 5379 2909 5460; x_wconf 82' lang='lat' dir='ltr'><strong>Tyrum</strong></span> <span class='ocrx_word' id='word_1_749' title='bbox 2935 5378 3187 5455; x_wconf 89' lang='lat' dir='ltr'><strong>reversi,</strong></span> <span class='ocrx_word' id='word_1_750' title='bbox 3213 5395 3341 5440; x_wconf 87' lang='lat' dir='ltr'><strong>eam</strong></span> <span class='ocrx_word' id='word_1_751' title='bbox 3377 5396 3499 5439; x_wconf 91' lang='lat' dir='ltr'><strong>rem</strong></span> <span class='ocrx_word' id='word_1_752' title='bbox 3526 5378 3667 5441; x_wconf 84' lang='lat' dir='ltr'><strong>ubi-</strong></span> 
     </span>
    </p>
   </div>
   <div class='ocr_carea' id='block_1_109' title="bbox 292 5460 1923 5550">
    <p class='ocr_par' dir='ltr' id='par_1_109' title="bbox 292 5460 1923 5550">
     <span class='ocr_line' id='line_1_109' title="bbox 292 5460 1923 5550; baseline 0.004 -33"><span class='ocrx_word' id='word_1_753' title='bbox 292 5460 609 5550; x_wconf 76' lang='grc' dir='ltr'>ἀπανταχοῦ</span> <span class='ocrx_word' id='word_1_754' title='bbox 638 5466 964 5547; x_wconf 86' lang='grc' dir='ltr'>διέσπειραν,</span> <span class='ocrx_word' id='word_1_755' title='bbox 1024 5469 1084 5525; x_wconf 67' lang='grc' dir='ltr'>ἐκ</span> <span class='ocrx_word' id='word_1_756' title='bbox 1129 5476 1224 5525; x_wconf 81' lang='lat'><strong>106</strong></span> <span class='ocrx_word' id='word_1_757' title='bbox 1266 5478 1510 5550; x_wconf 82' lang='grc' dir='ltr'>μοναχοῦ</span> <span class='ocrx_word' id='word_1_758' title='bbox 1571 5472 1769 5537; x_wconf 89' lang='grc' dir='ltr'>ταύτην</span> <span class='ocrx_word' id='word_1_759' title='bbox 1800 5491 1923 5525; x_wconf 92' lang='grc' dir='ltr'>παι-</span> 
     </span>
    </p>
   </div>
   <div class='ocr_carea' id='block_1_110' title="bbox 2009 5460 3666 5550">
    <p class='ocr_par' dir='ltr' id='par_1_110' title="bbox 2019 5467 3666 5550">
     <span class='ocr_line' id='line_1_110' title="bbox 2019 5467 3666 5550; baseline 0.002 -22"><span class='ocrx_word' id='word_1_760' title='bbox 2019 5486 2134 5546; x_wconf 89' lang='lat' dir='ltr'><strong>que</strong></span> <span class='ocrx_word' id='word_1_761' title='bbox 2158 5468 2653 5542; x_wconf 74' lang='lat' dir='ltr'><strong>disseminarunt,</strong></span> <span class='ocrx_word' id='word_1_762' title='bbox 2689 5467 2846 5548; x_wconf 86' lang='lat' dir='ltr'><strong>quod</strong></span> <span class='ocrx_word' id='word_1_763' title='bbox 2874 5484 2943 5529; x_wconf 92' lang='lat' dir='ltr'><strong>ea</strong></span> <span class='ocrx_word' id='word_1_764' title='bbox 2964 5486 3037 5529; x_wconf 80' lang='lat' dir='ltr'><strong>ex</strong></span> <span class='ocrx_word' id='word_1_765' title='bbox 3065 5468 3361 5530; x_wconf 91' lang='lat' dir='ltr'><strong>monacho</strong></span> <span class='ocrx_word' id='word_1_766' title='bbox 3388 5469 3666 5550; x_wconf 88' lang='lat' dir='ltr'><strong>peperis-</strong></span> 
     </span>
    </p>
   </div>
   <div class='ocr_carea' id='block_1_111' title="bbox 297 5545 1923 5639">
    <p class='ocr_par' dir='ltr' id='par_1_111' title="bbox 297 5545 1923 5639">
     <span class='ocr_line' id='line_1_111' title="bbox 297 5545 1923 5639; baseline 0.007 -36"><span class='ocrx_word' id='word_1_767' title='bbox 297 5545 401 5606; x_wconf 88' lang='grc' dir='ltr'>δίον</span> <span class='ocrx_word' id='word_1_768' title='bbox 458 5552 769 5630; x_wconf 83' lang='grc' dir='ltr'>ἀποτελεῖν,</span> <span class='ocrx_word' id='word_1_769' title='bbox 831 5545 1020 5638; x_wconf 72' lang='grc' dir='ltr'>σαφεῖς</span> <span class='ocrx_word' id='word_1_770' title='bbox 1079 5558 1281 5615; x_wconf 67' lang='grc' dir='ltr'>ἐκείνου</span> <span class='ocrx_word' id='word_1_771' title='bbox 1309 5545 1563 5631; x_wconf 63' lang='grc' dir='ltr'>διασωζον</span> <span class='ocrx_word' id='word_1_772' title='bbox 1609 5561 1728 5625; x_wconf 86' lang='grc' dir='ltr'>τοὺς</span> <span class='ocrx_word' id='word_1_773' title='bbox 1759 5580 1923 5639; x_wconf 82' lang='grc' dir='ltr'>χαρα·</span> 
     </span>
    </p>
   </div>
   <div class='ocr_carea' id='block_1_112' title="bbox 2009 5545 3665 5639">
    <p class='ocr_par' dir='ltr' id='par_1_112' title="bbox 2015 5545 3665 5638">
     <span class='ocr_line' id='line_1_112' title="bbox 2015 5545 3665 5638; baseline 0.002 -19"><span class='ocrx_word' id='word_1_774' title='bbox 2015 5545 2106 5619; x_wconf 85' lang='grc' dir='ltr'><strong>εει</strong></span> <span class='ocrx_word' id='word_1_775' title='bbox 2150 5557 2367 5629; x_wconf 82' lang='lat' dir='ltr'><strong>ﬁlium,</strong></span> <span class='ocrx_word' id='word_1_776' title='bbox 2398 5557 2500 5638; x_wconf 87' lang='lat' dir='ltr'><strong>qui</strong></span> <span class='ocrx_word' id='word_1_777' title='bbox 2532 5545 3075 5636; x_wconf 31' lang='lat' dir='ltr'><strong>illius—expressam</strong></span> <span class='ocrx_word' id='word_1_778' title='bbox 3136 5545 3511 5621; x_wconf 75' lang='lat' dir='ltr'><strong>conservavit</strong></span> <span class='ocrx_word' id='word_1_779' title='bbox 3543 5558 3665 5622; x_wconf 83' lang='lat' dir='ltr'><strong>elli-</strong></span> 
     </span>
    </p>
   </div>
   <div class='ocr_carea' id='block_1_113' title="bbox 296 5640 1923 5731">
    <p class='ocr_par' dir='ltr' id='par_1_113' title="bbox 296 5640 1923 5727">
     <span class='ocr_line' id='line_1_113' title="bbox 296 5640 1923 5727; baseline 0.004 -28"><span class='ocrx_word' id='word_1_780' title='bbox 296 5640 513 5720; x_wconf 75' lang='grc' dir='ltr'>κτῆρας.</span> <span class='ocrx_word' id='word_1_781' title='bbox 545 5644 696 5703; x_wconf 63' lang='grc' dir='ltr'>Οὕτω</span> <span class='ocrx_word' id='word_1_782' title='bbox 724 5644 920 5725; x_wconf 76' lang='grc' dir='ltr'>σχεδὸν</span> <span class='ocrx_word' id='word_1_783' title='bbox 974 5648 1021 5705; x_wconf 75' lang='grc' dir='ltr'>οἱ</span> <span class='ocrx_word' id='word_1_784' title='bbox 1064 5645 1336 5726; x_wconf 74' lang='grc' dir='ltr'>ἅνθρωποι</span> <span class='ocrx_word' id='word_1_785' title='bbox 1397 5647 1609 5727; x_wconf 80' lang='grc' dir='ltr'>ἕτοιμοι</span> <span class='ocrx_word' id='word_1_786' title='bbox 1647 5655 1923 5707; x_wconf 84' lang='grc' dir='ltr'>πιστεῦσαι</span> 
     </span>
    </p>
   </div>
   <div class='ocr_carea' id='block_1_114' title="bbox 2009 5640 3662 5731">
    <p class='ocr_par' dir='ltr' id='par_1_114' title="bbox 2014 5644 3662 5731">
     <span class='ocr_line' id='line_1_114' title="bbox 2014 5644 3662 5731; baseline 0.004 -25"><span class='ocrx_word' id='word_1_787' title='bbox 2014 5648 2196 5730; x_wconf 82' lang='lat' dir='ltr'><strong>giem.</strong></span> <span class='ocrx_word' id='word_1_788' title='bbox 2230 5647 2316 5709; x_wconf 89' lang='lat' dir='ltr'><strong>Ita</strong></span> <span class='ocrx_word' id='word_1_789' title='bbox 2343 5645 2471 5713; x_wconf 80' lang='lat' dir='ltr'><strong>fere</strong></span> <span class='ocrx_word' id='word_1_790' title='bbox 2500 5653 2640 5709; x_wconf 89' lang='lat' dir='ltr'><strong>sunt</strong></span> <span class='ocrx_word' id='word_1_791' title='bbox 2670 5644 2948 5708; x_wconf 89' lang='lat' dir='ltr'><strong>homines</strong></span> <span class='ocrx_word' id='word_1_792' title='bbox 2993 5646 3259 5731; x_wconf 87' lang='lat' dir='ltr'><strong>prompti</strong></span> <span class='ocrx_word' id='word_1_793' title='bbox 3290 5645 3367 5711; x_wconf 87' lang='lat' dir='ltr'><strong>ad</strong></span> <span class='ocrx_word' id='word_1_794' title='bbox 3399 5646 3662 5713; x_wconf 85' lang='lat' dir='ltr'><strong>creden-</strong></span> 
     </span>
    </p>
   </div>
  </div>
