4006 6138
456 296 573 371 955

1752 278 2034 361 MENSIS
2069 294 2523 361 IANUARIUS.

3698 296 3799 367 956

456 435 600 498 dum
627 430 1074 515 suspicionibus
1100 439 1157 494 et
1180 429 1436 493 maxime
1459 429 1560 511 qui
1585 437 1722 493 sunt
1748 430 1889 492 mali
1919 439 1976 494 et
1993 432 2086 492 lla-

2177 444 2300 495 ταϊς
2360 434 2655 508 ὑπονοίαις,
2713 434 2801 492 καὶ
2871 431 3107 508 μάλιστα
3153 434 3342 517 φαῦλοι
3400 438 3502 494 καὶ
3548 439 3803 518 μοχθηροὶ

455 522 683 605 gitiosi,
716 532 776 587 et
804 541 839 585 a
867 541 933 584 se
964 523 1186 584 habent
1244 528 1546 600 acceptam
1578 518 1867 583 credendi
1912 537 2096 583 occa-

457 616 718 677 sionem.
753 612 962 677 Statim
996 629 1152 672 enim
1188 618 1463 689 tanquam
1494 627 1527 671 e
1564 608 1897 690 propinquo
1930 615 2093 690 seip-

458 723 559 766 sos
589 712 771 766 testes
799 699 1186 781 accipientes,
1216 698 1368 760 alios
1396 707 1679 761 accusant
1707 698 2095 774 facile;simul

458 793 699 874 quidem
731 810 796 854 se
843 791 1112 852 volentes
1139 787 1382 868 explere
1427 787 1665 849 deliciis
1695 788 1898 849 talium
1929 794 2097 868 cogi-

459 884 746 945 tationum
793 888 851 941 et
908 877 1255 953 verborum,
1289 886 1348 940 et
1400 877 1712 957 cupientes
1760 896 1894 939 esse
1948 878 2097 940 alios

456 972 733 1033 similiter
762 967 1098 1049 improbos;
1120 975 1180 1030 et
1210 968 1297 1028 sic
1320 967 1630 1029 studentes
1660 966 1843 1029 vitare
1868 968 2091 1048 plagas,

456 1080 586 1142 quae
635 1059 976 1121 inferuntur
1007 1057 1095 1120 eis
1125 1077 1159 1119 a
1205 1056 1592 1119 conscientia.
1626 1057 1953 1119 Monachus
1982 1076 2092 1119 au-

454 1159 571 1213 tem
605 1168 741 1211 cum
777 1148 1137 1210 totondisset
1168 1147 1579 1227 Porphyriam,
1613 1156 1671 1209 et
1720 1147 1775 1208 ei
1808 1147 2093 1209 monasti-

453 1258 587 1303 cum
643 1237 1027 1317 imposuisset
1061 1236 1349 1311 habitum,
1384 1244 1552 1298 vocat
1594 1254 1726 1299 eam
1762 1235 2088 1315 Pelagiam,

453 1339 514 1393 et
560 1327 841 1392 concedit
882 1329 961 1403 ei,
996 1334 1058 1388 ut
1106 1326 1167 1387 in
1222 1325 1583 1389 monasterio
1628 1325 1919 1407 virginum
1962 1335 2095 1404 agat

452 1420 780 1482 silentium.

510 1507 709 1573 LXIX.
732 1507 875 1570 Cum
898 1524 1041 1569 vero
1061 1504 1451 1586 praescivisset
1476 1504 1635 1566 diem
1659 1507 1756 1566 sui
1779 1505 2086 1582 decessus,

452 1600 553 1661 illa
574 1616 819 1676 quoque
847 1596 1278 1676 accepta,redit
1298 1597 1513 1674 Tyrum
1548 1596 1692 1657 Eam
1718 1607 1916 1657 autem
1944 1615 2094 1677 puer

2174 519 2348 601 ὄντες,
2406 525 2497 580 καὶ
2539 522 2752 581 οἴκοθεν
2796 522 2944 603 ἔχειν
2989 525 3083 588 τὰς
3125 531 3218 583 τοῦ
3270 526 3548 583 πιστεύειν
3582 526 3804 605 ἄφορμὲις

2175 608 2474 686 δυνάμενοι,
2525 613 2680 674 Εὐθὺς
2741 614 2867 694 γὰρ,
2910 613 3091 693 ὥσπερ
3149 615 3363 680 ἑαυτοὺς
3405 614 3476 672 ἐκ
3522 624 3622 674 τοῦ
3660 616 3805 695 ἐγγυο

2175 700 2335 761 τάτου
2391 699 2752 777 λαμϐάνοντες
2803 705 3097 782 μάρτυρας,
3144 713 3515 784 κατηγοροῦσι
3577 711 3681 762 τῶν
3719 706 3808 763 ἆλ-

2179 788 2287 846 λων
2329 789 2543 868 ῥᾳδίως,
2580 792 2693 867 ἅμα
2736 794 2834 868 μὲν
2863 806 2982 857 τοῖς
3014 794 3275 856 τοιούτοις
3319 796 3571 869 νοήμασί
3618 816 3676 850 τε
3732 796 3809 852 καί

2177 879 2409 955 ῥήμασιν
2471 880 2725 961 ἐντρυφᾷν
2785 881 3129 963 βουλόμενοι,
3184 883 3296 959 ἅμα
3347 881 3404 940 δὲ
3463 883 3563 941 καὶ
3626 882 3813 962 ἑτέρως

2178 969 2249 1031 εἷς
2285 971 2587 1049 μοχθηρίαν
2648 971 2860 1045 ὁμοίους
2912 970 3063 1051 ἔχειν
3106 972 3517 1048 ἐπιθυμοῦντες,
3576 974 3667 1028 καὶ
3697 972 3815 1031 οὕτω

2177 1058 2388 1140 φεύγειν
2420 1056 2805 1129 σπουδάζοντες
2848 1060 2943 1124 τὰς
2974 1061 3037 1117 ἐκ
3064 1063 3159 1118 τοῦ
3210 1061 3525 1127 συνειδότος
3588 1061 3811 1140 πληγάς.
3868 1053 3875 1057 θ

2181 1139 2239 1203 Ὀ
2295 1146 2477 1222 μέντοι
2537 1151 2780 1229 μοναχὸς
2866 1149 3146 1227 ἀποκείρας
3212 1154 3309 1221 τὴν
3363 1139 3816 1231 Πορφυρίαν,καὶ

2176 1238 2237 1292 τὸ
2279 1242 2386 1293 τῶν
2448 1243 2706 1317 μοναχῶν
2778 1239 2911 1316 αὐτῇ
2975 1244 3172 1320 σχῆμα
3230 1241 3495 1320 περιθεὶς,
3564 1239 3815 1318 Πελαγίαν

2177 1326 2525 1402 μετονομάζει
2554 1330 2641 1384 καὶ
2672 1329 2746 1391 εἰς
2776 1332 3083 1407 παρθενῶνα
3116 1328 3324 1387 δίδωσιν
3354 1330 3694 1410 ἡσυχάζειν.

2256 1505 2401 1568 ΞΘ¹,
2446 1504 2601 1563 Ἐπεὶ
2646 1505 2700 1563 δὲ
2746 1506 2991 1584 προέγνω
3018 1511 3117 1579 τὴν
3161 1511 3369 1589 ἡμέραν
3399 1512 3508 1579 τῆς
3543 1509 3816 1579 τελευτῆς,

2175 1592 2499 1672 παραλαϐὼν
2539 1595 2811 1673 κᾶκείνην,
2842 1596 3088 1656 ἐπάνεισι
3120 1604 3252 1680 πρὸς
3279 1602 3377 1669 τὴν
3412 1601 3595 1667 Τύρον
3633 1618 3649 1635 ο
3683 1600 3747 1667 ἦν
3773 1596 3818 1654 δὲ

453 1705 691 1770 quoque
723 1685 1253 1767 sequebatur,jam
1283 1693 1510 1764 septem
1549 1703 1737 1746 annos
1770 1693 1963 1749 natus.
1999 1685 2086 1747 Ad

2177 1685 2271 1740 καί
2298 1686 2360 1741 τὸ
2394 1683 2599 1741 παιδίον
2644 1689 2778 1762 αὒτῇ
2810 1690 3190 1764 συνεπόμενον,
3227 1691 3362 1748 ἑπτὰ
3406 1692 3659 1770 χρόνους
3692 1709 3819 1767 σχε-

451 1756 664 1841 omnes
695 1756 838 1839 vero
867 1775 1137 1857 pervenit
1157 1775 1311 1836 fama
1348 1756 1555 1836 eorum
1581 1774 1893 1848 adventus,
1928 1775 2086 1856 quod

2174 1770 2262 1829 δὸν
2294 1776 2537 1851 γεγονός,
2589 1773 2809 1843 Διεδόθη
2849 1774 2907 1832 δὲ
2950 1779 3123 1835 αὐτῶν
3161 1781 3237 1843 εἰς
3289 1756 3505 1842 πάντας
3560 1782 3595 1846 ἡ
3632 1756 3815 1857 aquas,

453 1868 688 1931 scilicet
735 1867 1053 1929 revertitur
1099 1864 1426 1946 Porphyria
1467 1883 1603 1927 cum
1657 1866 1947 1927 monacho
1982 1884 2089 1926 suo

451 1959 731 2038 conjuge.
767 1956 994 2018 Deinde
1019 1974 1151 2018 cum
1196 1963 1520 2034 agrotasset
1555 1955 1909 2030 monachus,
1930 1964 1986 2016 et
2015 1955 2089 2017 ad

454 2059 711 2110 mortem
730 2047 850 2124 jam
878 2045 1439 2126 spectaret,plurimi
1459 2044 1529 2105 ad
1551 2062 1684 2105 enm
1705 2055 2090 2106 accesserunt

452 2157 524 2201 ex
565 2136 1019 2218 habiiatoribus,
1050 2137 1181 2217 ejus
1204 2134 1479 2196 visitandi
1501 2135 1706 2212 gratia.
1740 2132 1804 2194 In
1834 2152 2084 2215 quorum

448 2235 772 2307 conspectu
794 2245 928 2289 cum
939 2225 1220 2304 jussisset
1240 2224 1441 2286 all‘erri
1463 2222 1828 2286 thuribulum
1846 2223 2088 2302 plenum

449 2316 845 2381 candentibus
875 2314 1263 2390 carbonibus,
1296 2313 1515 2395 accipit
1553 2333 1656 2377 eos
1684 2313 1997 2386 carbones,
2034 2322 2094 2375 et

449 2408 711 2471 infundit
728 2407 787 2470 in
814 2406 1107 2480 sinum,et
1128 2403 1409 2467 omnibus
1429 2402 2093 2468 audientibuszBenedi-

448 2497 823 2577 ctus,inquit,
854 2494 1168 2569 Dominus,
1187 2494 1288 2576 qui
1310 2494 1450 2556 olim
1473 2494 1687 2555 rubum
1714 2494 1967 2555 servavit
1991 2491 2088 2554 in-

449 2587 721 2651 combus:
743 2587 793 2647 is
820 2586 966 2647 mihi
990 2584 1170 2647 fuerit
1193 2584 1360 2646 testis
1383 2583 1765 2659 ﬁdelis,quod
1790 2582 2089 2664 quomodo

448 2695 613 2740 meas
644 2683 840 2738 vestes
866 2694 983 2736 non
1018 2674 1209 2753 attigit
1236 2674 1361 2735 haec
1394 2691 1524 2752 quae
1543 2681 1633 2734 est
1664 2673 1725 2733 in
1747 2673 1887 2751 igne
1916 2691 2089 2735 uren-

446 2767 508 2828 di
551 2767 667 2841 vis,
701 2766 783 2828 ita
814 2783 925 2826 nec
956 2782 1069 2841 ego
1100 2762 1266 2842 attigi
1299 2762 1610 2824 mulierem
1667 2770 1787 2823 toto
1815 2770 2086 2843 tempore

446 2858 579 2918 vita;
610 2873 780 2916 mete.
820 2851 923 2916 His
964 2852 1185 2915 auditis
1231 2869 1442 2912 omnes
1472 2851 1929 2930 obstupuerunt,
1962 2851 2084 2913 Deo

444 2944 655 3008 dantes
683 2941 957 3023 gloriam,
982 2960 1081 3021 qui
1114 2960 1237 3015 eos,
1261 2941 1360 3020 qui
1388 2940 1584 3020 ipsum
1617 2940 1678 3001 in
1714 2940 1950 3002 occulto
1976 2960 2080 3002 co-

446 3034 599 3109 lunt,
618 3035 732 3095 scit
771 3040 979 3113 aperte
1007 3029 1365 3110 gloriﬁcare.
1400 3028 1537 3092 Haac
1560 3047 1696 3091 cum
1722 3030 1997 3092 lecissset
2026 3038 2083 3093 et

2171 1865 2246 1927 ὡς
2289 1866 2324 1931 ἡ
2375 1865 2636 1943 Πορφυρία
2691 1867 2827 1937 μετά
2884 1888 2946 1944 γε
3002 1876 3093 1925 τοῦ
3139 1877 3384 1948 μοναχοῦ
3429 1867 3636 1945 ἀνδρὸς
3670 1870 3819 1933 αὖτῆς

2172 1952 2427 2020 ἐπανήκει
2463 1972 2480 1990 ⁶
2539 1954 2644 2011 εἶθ’
2695 1955 2860 2018 οὕτως
2921 1959 3209 2027 νοσήσαντι
3267 1961 3352 2016 καὶ
3414 1960 3563 2037 πρὸς
3606 1957 3819 2014 θάνατον

2172 2041 2435 2122 ἀφορῶντι
2494 2051 2571 2117 τῷ
2631 2052 2886 2125 μοειαχῴ,
2932 2045 3183 2104 πλεῖστοι
3215 2055 3321 2125 τῶν
3351 2048 3671 2123 οἰκητόρων
3700 2046 3819 2101 ἐπι-

2172 2131 2416 2207 σκέψεως
2460 2134 2621 2213 χάριν
2670 2136 2813 2209 «sup
2863 2124 3219 2214 προσέϐαλον.
3255 2124 3352 2193 Ὠν
3412 2134 3507 2195 ἐπ’
3542 2137 3702 2212 ὄψεσι
3733 2140 3818 2193 θυ-

2174 2223 2458 2300 μιατήριον
2543 2223 2828 2303 ἐνεχθῆναι
2909 2226 3162 2292 κελεύσας
3249 2227 3535 2306 ἀνθράκων
3625 2226 3817 2302 πλήρεις

2173 2313 2358 2387 πυρὸς,
2427 2309 2604 2368 λαϐὼν
2661 2313 2918 2394 καταχέει
2973 2322 3066 2373 τοῦ
3111 2315 3317 2374 κόλπου
3370 2317 3498 2381 τοὺς
3538 2313 3811 2393 ἄνθρακας,

2174 2402 2261 2456 καὶ
2323 2402 2399 2464 εἰς
2442 2401 2607 2464 ἀκοάς
2665 2402 2900 2475 πάντων,
2952 2403 3256 2482 Εὐλογητὸς
3319 2406 3542 2481 Κύριᾳς,
3606 2405 3736 2481 ἔφη,
3785 2406 3810 2459 ὁ

2173 2489 2342 2546 πάλαι¹
2398 2491 2498 2558 τὴν
2549 2492 2709 2568 βάτον
2767 2495 3007 2571 τηρήσας
3050 2493 3314 2573 ἄφλεκτον
3352 2513 3365 2527 ⁸
3400 2495 3565 2558 οὗτός
3597 2515 3691 2569 μοι
3730 2493 3809 2561 εἴη

2173 2580 2369 2658 μάρτυς
2419 2581 2630 2651 πιστὸς,
2695 2579 2777 2636 ὅτι
2806 2580 2987 2661 ὥσπερ
3016 2586 3121 2663 οὐχ
3150 2583 3332 2659 ἥψατο
3362 2590 3474 2642 τῶν
3507 2587 3661 2658 ἒμῶν
3690 2585 3807 2656 ἱμα-

2171 2669 2294 2726 τίων
2325 2671 2359 2738 ἡ
2390 2670 2651 2737 καυστικὴ
2698 2670 2802 2739 ἤδη
2852 2675 2948 2728 τοῦ
2976 2675 3139 2751 πυρὸς
3171 2672 3419 2754 δύναμις,
3470 2672 3650 2737 οὕτως
3705 2668 3805 2729 οὐδὲ

2169 2760 2277 2837 ἐγὼ
2306 2761 2554 2838 γυναικὸς
2603 2762 2832 2838 ἡψάμην
2891 2761 3018 2842 παρ’
3065 2761 3192 2822 ὅλον
3222 2765 3315 2821 τὸν
3348 2769 3446 2832 τῆς
3478 2770 3637 2837 ζωῆς
3679 2762 3803 2843 χρό-

2170 2870 2280 2908 νον.
2315 2858 2479 2908 Τοῦτο
2521 2847 2716 2914 πάντες
2773 2852 3096 2918 ἀκούσαντες
3155 2852 3612 2932 κατεπλάγησαν,
3668 2850 3803 2916 δόξαν

2166 2945 2242 3012 τῷ
2292 2944 2408 3011 Θεῷ
2450 2937 2709 3014 διδόντες,
2767 2940 2825 3005 ὅς
2870 2963 2932 3020 γε
2978 2943 3100 3007 τοὺς
3156 2943 3210 2999 ἐν
3254 2950 3332 3018 τῷ
3361 2947 3594 3019 κρυπτῷ
3652 2942 3796 3000 αὐτὸν

2167 3029 2556 3105 θεραπεύοντας
2607 3038 2847 3110 φανερῶς
2904 3029 3024 3089 οἵδε
3067 3030 3329 3104 δοξάζειν.
3367 3040 3551 3092 Ταῦτα
3589 3033 3799 3101 ποιήσας

446 3123 694 3185 dixisset
724 3121 1142 3192 monachus,in
1169 3138 1377 3182 manus
1399 3121 1502 3183 Dei
1537 3119 2086 3200 deponitanimam.

2172 3140 2229 3174 τε
2251 3120 2340 3176 καὶ
2370 3117 2521 3184 λέξας
2552 3122 2580 3176 ὁ
2611 3123 2879 3201 μοναχὸς,
2926 3123 3000 3185 εἰς
3032 3129 3164 3178 Θεοῦ
3223 3135 3418 3201 χεῖρας
3478 3124 3583 3191 τὴν
3631 3121 3797 3200 ψυχὴν

447 3213 771 3294 Propterea
793 3210 956 3273 vobis
977 3208 1256 3272 omnibus
1287 3210 1572 3285 suadeo,o
1594 3209 1700 3270 lilii
1721 3209 2085 3290 Spirituales,

445 3302 602 3365 sicut
623 3302 799 3363 etiam
835 3300 999 3382 prius
1021 3299 1166 3372 dixi,
1202 3317 1322 3360 non
1344 3317 1477 3361 esse
1498 3307 1802 3378 promptos
1832 3300 1904 3361 ad
1936 3318 2085 3361 con-

446 3389 1187 3469 demnationem.Contigit
1209 3388 1368 3450 enim
1394 3405 1847 3468 nonnunquam,
1873 3395 1936 3449 ut
1956 3389 2086 3470 ejns

446 3481 712 3563 quidem,
748 3481 848 3561 qui
873 3488 964 3542 est
992 3479 1448 3554 fornicatus,aut
1477 3478 1701 3558 aliquid
1740 3478 1902 3539 aliud
1929 3476 2083 3541 deli-

443 3572 593 3650 quit,
631 3578 942 3650 peccatum
975 3579 1183 3650 aperte
1213 3569 1443 3636 factum,
1462 3568 1740 3639 sciamus,
1761 3568 1825 3630 in
1854 3567 2084 3629 occulto

445 3670 643 3723 autem
668 3659 887 3720 factum
907 3658 1256 3738 ignoremus
1278 3656 1967 3738 pcenitentiam.0portet
1986 3676 2085 3719 au-

444 3759 561 3810 tem
622 3747 990 3809 Dominicam
1024 3766 1262 3828 quoque
1296 3748 1509 3810 timere
1566 3765 1794 3822 vocem,
1827 3764 1958 3827 qua:
1989 3745 2086 3807 di-

445 3839 528 3901 cit
562 3859 576 3896 :
618 3858 645 3897 (
681 3839 743 3899 1n
776 3854 891 3917 quo
918 3836 1147 3915 judicio
1187 3836 1499 3915 judicatis,
1526 3835 1943 3915 judicabimini
1971 3835 2024 3899 9.
2059 3861 2077 3891 ι

2171 3209 2515 3287 παρατίθησι.
2554 3212 2651 3266 Διὰ
2692 3210 2758 3279 δὴ
2816 3218 2981 3268 ταῦτα
3037 3213 3166 3288 ὑμῖν
3208 3218 3608 3291 παρεγγυῶμαι
3658 3216 3796 3285 πᾶσι,

2169 3300 2329 3356 τέκνα
2386 3301 2739 3374 πνευματικὰ,
2797 3301 3033 3381 καθάπερ
3088 3300 3155 3369 δὴ
3206 3304 3296 3358 καὶ
3337 3303 3608 3381 πρότερον
3652 3299 3793 3380 ἔφην,

2170 3389 2249 3463 μὴ
2302 3389 2621 3469 προχείρους
2679 3390 2823 3447 εἶναι
2895 3392 3025 3468 πρὸς
3083 3394 3183 3456 τὴν
3241 3391 3588 3470 κατάκρισιν.
3646 3388 3797 3447 ’Ἔστι

2168 3479 2268 3555 γὰρ
2319 3477 2406 3535 ὅτε
2452 3480 2538 3535 καὶ
2582 3478 2857 3554 συμϐαίνει
2914 3480 3011 3548 τὴν
3071 3481 3170 3555 μὲν
3227 3483 3322 3537 τοῦ
3351 3475 3793 3559 πορνεύσαντοςῆ

2168 3569 2256 3624 καὶ
2286 3565 2417 3625 ἄλλο
2459 3592 2509 3626 τι
2567 3568 3102 3645 πεπλημμεληκότος
3141 3570 3399 3650 ἃμαρτίαν
3453 3571 3511 3629 ἰν
3569 3572 3646 3643 τῷ
3695 3588 3792 3647 φα-

2170 3666 2302 3737 νερῷ
2354 3672 2694 3738 πραχθετσαν
2751 3658 2970 3740 εἰδέναι,
3005 3660 3102 3728 τὴν
3133 3657 3189 3715 δὲ
3238 3660 3528 3735 μετάνοιαν
3571 3658 3703 3716 κατὰ
3741 3655 3790 3709 τὸ

2170 3748 2398 3825 κρυπτὸν
2430 3747 2795 3823 τελεσθεῖσαν,
2829 3749 3072 3826 ἀγνοεῖν,
3101 3749 3216 3827 Χρὴ
3257 3746 3312 3804 δὲ
3344 3753 3429 3807 καὶ
3458 3751 3561 3817 τὴν
3596 3755 3788 3803 Δεσπο-

2169 3838 2326 3905 τικὴν
2356 3838 2538 3918 φωνήν
2570 3835 2793 3895 δεδιέναι
2844 3839 2943 3906 τὴν
2986 3838 3248 3917 λέγουσαν
3281 3856 3297 3875 ⁸
3337 3862 3366 3895 ι
3394 3838 3488 3897 Ἐν
3517 3840 3563 3914 ᾦ
3593 3837 3785 3916 κρίματι

2170 3927 2395 4005 κρίνετε,
2426 3928 2759 4006 κριθὴσεσθε.
2799 3951 2827 3984 n

1914 4092 2155 4159 CAPUT
2193 4093 2321 4160 ΧΠ.

1273 4219 1536 4283 Pietatis
1565 4230 1621 4283 et
1651 4221 2004 4283 divinorum
2039 4221 2475 4300 mysteriorum
2502 4221 2969 4283 commentario.

524 4359 693 4424 LXX.
731 4358 939 4438 Neque
987 4374 1124 4420 vero
1157 4355 1445 4419 suadebat
1470 4355 1667 4417 solum
1711 4374 1926 4418 cavere
1976 4357 2086 4419 hoc

2251 4355 2330 4414 0'.
2383 4355 2454 4414 Οὔ
2484 4354 2582 4430 μὲν
2614 4354 2743 4435 ἄχρι
2785 4362 2878 4412 τοῦ
2933 4353 3312 4431 ἐλαττώματος
3367 4349 3766 4436 πεφυλαγμένους

442 4449 864 4519 delictum;sed
888 4465 1094 4511 eorum
1120 4448 1294 4509 etiam
1319 4447 1419 4526 qui
1443 4445 1642 4507 divina
1670 4458 1966 4526 praecepta
1985 4466 2082 4509 ne-

441 4536 900 4618 gligunt.volens
923 4536 1222 4612 corrigere
1249 4534 1726 4602 socordiam,tale
1748 4534 1890 4611 quid
1917 4535 2082 4612 fecit,

442 4626 686 4706 dignum
713 4627 871 4702 quod
900 4626 1217 4687 mandetur
1244 4622 1725 4687 memorimﬁum
1756 4624 1915 4686 enim
1939 4643 2085 4704 cog-

440 4717 704 4779 novisset
726 4714 945 4797 multos
968 4714 1431 4795 negligentiores
1455 4721 1583 4793 post
1599 4713 1917 4775 lectionem
1943 4713 2087 4775 divi-

441 4824 653 4869 norum
674 4803 1131 4884 Evangeliorum
1158 4804 1322 4865 exire
1353 4821 1425 4865 ex
1452 4802 1800 4874 ecclesia,et
1823 4804 1987 4865 vanis
2011 4822 2080 4866 ac

440 4894 652 4958 otiosis
696 4913 906 4956 vacare
938 4893 1343 4968 sermonibus,
1380 4891 1635 4953 solemni
1664 4892 1920 4973 quodam
1956 4892 2077 4968 die,

437 4985 650 5047 relicto
674 4984 990 5065 sacriﬁcio,
1017 4984 1144 5064 ipse
1174 5000 1409 5064 quoque
1433 5000 1466 5043 e
1499 4982 1721 5061 templo
1750 4982 2079 5062 egreditur,

440 5088 496 5138 et
516 5078 671 5136 sedet
693 5092 824 5134 cum
850 5076 1117 5134 universa
1154 5074 1536 5134 multitu'line.
1573 5072 1861 5151 Omnibus
1890 5084 2080 5134 autem

440 5162 553 5225 hoc
583 5161 1125 5242 stupentibus,Non
1147 5158 1943 5240 oportet,inquit,admirari.
1968 5158 2083 5224 Ubi

444 5252 605 5315 enim
638 5260 775 5314 sunt
804 5270 966 5326 oves,
1000 5251 1120 5312 illic
1162 5250 1408 5313 omnino
1445 5256 1681 5329 oportet
1708 5268 1843 5313 esse
1873 5260 2076 5331 pasto-

441 5340 737 5404 rem.Nam
758 5360 892 5404 cum
918 5348 1162 5422 propter
1180 5358 1287 5401 vos
1309 5347 1630 5401 etvestram
1655 5338 1960 5401 utilitatem
1981 5358 2082 5401 so-

441 5429 673 5493 leamus
699 5447 948 5510 synaxes
977 5428 1309 5504 celebrare,
1338 5428 1386 5489 si
1410 5444 1512 5488 vos
1544 5435 1739 5489 autem
1765 5428 1911 5490 foris
1940 5446 2077 5490 ver-

443 5518 680 5590 semini,
713 5519 1008 5599 contingit
1036 5516 1309 5579 inutilem
1355 5536 1388 5579 a
1418 5514 1592 5579 nobis
1623 5518 1753 5598 capi
1784 5516 2074 5591 laborem,

524 5682 558 5735 9
582 5681 788 5750 Matth.
816 5698 920 5759 vn,
948 5682 1008 5744 2.

2168 4447 2312 4502 εἶναι
2356 4445 2584 4523 παρήνει
2620 4464 2632 4479 ·
2694 4443 2832 4502 ἀλλὰ
2883 4446 2971 4502 καὶ
3017 4447 3119 4501 τῶν
3149 4448 3255 4501 τῶν
3283 4447 3437 4504 θείων
3471 4438 3756 4523 προστάξων

2170 4533 2659 4613 κατολιγορούντων
2714 4536 2774 4591 τὸ
2827 4535 3056 4610 ῥᾴθυμον
3119 4532 3448 4611 βουλόμενος
3507 4527 3745 4613 {Steph-57?

2169 4628 2307 4698 σθαι,
2342 4611 2582 4681 τοιοῦτόν
2613 4646 2663 4679 τι
2712 4622 3029 4691 ἐπετήδευσε
3062 4624 3287 4698 μνήμης
3318 4623 3487 4690 ἄξιον.
3521 4617 3643 4681 Ἐπεὶ

2168 4713 2307 4792 ἔγνω
2350 4712 2581 4777 πολλοὺς
2625 4720 2731 4771 τῶν
2784 4712 3157 4791 ἆμελεστέρων
3201 4714 3339 4788 μετὰ
3376 4714 3475 4781 τὴν
3506 4710 3749 4792 ἀνάγνωσιν

2162 4787 2269 4860 uin
2312 4805 2466 4859 θείων
2514 4787 2848 4880 Εὒαγγελίων
2905 4787 3135 4867 ἐξιόντας
3190 4787 3291 4870 τῆς
3367 4800 3636 4869 ἐκκλησίας
3682 4787 3748 4845 tu“

2164 4891 2502 4970 ἆργολογίαις
2583 4891 2972 4969 σχολάζοντας,
3055 4890 3109 4947 ἐν
3186 4897 3284 4966 μιᾷ
3347 4898 3447 4947 τῶν
3517 4884 3748 4970 ἐπισήμιξιν

2165 4967 2342 5060 ἡμέρᾲ
2379 4967 2501 5049 ⁷τὴν
2557 4967 2696 5039 θείαν
2754 4981 3046 5059 ἱερουργίαν
3104 4979 3251 5060 ἀφεὶς
3308 4979 3467 5046 ἔξεισι
3517 4978 3596 5035 καὶ
3625 4967 3746 5029 αὒτδς

2163 5078 2254 5129 τοῦ
2313 5078 2461 5146 ναοῦ,
2494 5072 2580 5128 καὶ
2634 5072 2726 5127 σὺν
2774 5071 2852 5145 τῷ
2893 5068 3045 5151 ὄχλῳ
3076 5071 3231 5127 παντὶ
3279 5070 3529 5137 κάθηται,
3574 5063 3748 5151 [livth

2164 5160 2252 5218 οὗν
2297 5158 2366 5217 δι’
2395 5145 2723 5236 ἐκπλήξεως
2736 5161 2879 5217 τουτὶ
2909 5145 3262 5236 ποιουμένων,
3296 5159 3523 5234 ἐκεῖνος,
3554 5156 3618 5215 Οὗ
3640 5145 3744 5236 χρὴ,

2163 5250 2291 5329 ἔφη,
2349 5251 2657 5326 θαυμάζειν.
2703 5233 2873 5308 ηΟπου
2918 5249 3017 5328 γὰρ
3069 5233 3154 5304 ⁷τὰ
3214 5246 3476 5329 πρόϐατα,
3510 5233 3640 5304 ἐκεῖ
3685 5235 3749 5329 δξτ

2162 5328 2377 5403 πάντως
2420 5339 2564 5396 εἶναι
2625 5340 2712 5396 καὶ
2757 5340 2846 5395 τὸν
2905 5337 3136 5414 ποιμένα
3167 5355 3184 5370 ⁸
3230 5337 3347 5395 ἐπεὶ
3388 5338 3489 5416 γὰρ
3544 5333 3601 5392 δι’
3638 5328 3745 5416 ὑμᾶς

2161 5429 2249 5487 καὶ
2311 5429 2410 5496 τὴν
2467 5428 2724 5503 ὑμετέραν
2783 5427 3044 5509 ὠφέλειαν
3111 5428 3368 5502 εἰώθαμεν
3424 5428 3517 5492 τὰς
3558 5415 3746 5482 cava?“

2162 5517 2460 5593 ἐπιτελεῖν,
2511 5519 2654 5595 ὅμῷν
2691 5516 2744 5576 δὲ
2788 5516 2890 5589 ἔξω
2918 5515 3294 5600 διατριϐόντων
3352 5517 3600 5588 ἀνόνητον
3637 5510 3745 5582 ἡμῖν
