4006 6138
276 348 407 418 95⁸7

270 492 380 549 τὰν
449 491 615 549 κόπον
689 488 962 566 συμϐαίνει
1036 492 1293 570 γίνεσθαι·

265 579 475 646 ἔξιοῦσί
526 602 584 638 τε
631 583 762 656 ὑμῖν
810 579 1239 659 σρνεξέρχεσθαι,
1272 581 1361 636 καὶ
1413 570 1569 645 αὖθις
1600 574 1929 659 ἐἰσερχομέ-

267 692 393 733 νοις
453 667 855 749 συν[εισ]ιέναι.
913 668 1150 730 Πολλοὺς
1194 672 1350 726 τοῦτο
1406 666 1686 745 διώρθωσί
1714 670 1929 735 καὶτῆς

265 760 356 832 μή
389 757 570 821 καλῶς
601 758 894 836 γινομένης
927 756 1536 840 ἀπήλλαξελσυνηθεὶας,

362 837 1248 906 οΑὀ’ἐί“>”>
1464 845 1883 866 ""“

481 897 497 912 ,
588 871 654 904 υκ
713 870 771 904 κε
798 870 916 912 νους
946 869 1001 905 οε
1060 870 1249 922 μονου.⁹
1280 844 1520 924 βελτιουν
1565 862 1782 904 εσπευοε
1815 869 1929 912 τους

264 935 376 1004 ἔξω
437 943 535 1005 τῆς
593 937 862 1007 συνήξεως
906 925 1249 1015 ἀργολογίαις
1308 936 1762 1016 ἑνευκαιρουντας,
1796 936 1932 993 ἀλλά

265 1027 372 1084 ita?
408 1027 530 1090 τοὺς
565 1025 712 1083 ἓνδον
757 1028 889 1103 πρὸς
935 1024 1205 1093 ἀλλήλους
1234 1024 1552 1103 ἀλογώτατα
1584 1024 1929 1102 κοινολογου-

267 1117 499 1193 μένους·
536 1117 623 1173 καὶ
656 1114 897 1191 μάλιστα
931 1113 996 1181 δὴ
1040 1115 1163 1176 τοὺς
1201 1122 1292 1172 τοῦ
1322 1115 1592 1191 βήματος.
1632 1115 1686 1171 Εἰ
1719 1110 1848 1171 ποτε
1878 1113 1931 1170 δὲ

266 1228 402 1262 τινα
445 1206 584 1280 μετὰ
629 1206 754 1279 μίαν
804 1206 894 1261 καὶ
953 1202 1194 1279 δευτέραν
1238 1204 1548 1282 παρὰίνεσιν
1612 1201 1928 1282 ἀδιόρθωτον

268 1292 418 1369 ἴδοι,
451 1293 551 1359 ἔξω
583 1294 729 1357 εὗθὺς
774 1291 991 1365 ἔϐαλλε,
1028 1293 1128 1359 τὴν
1181 1294 1516 1360 Δεσποτιριὴν
1573 1294 1754 1355 αὖτοϊς
1805 1292 1929 1348 ἐπι-

266 1382 461 1461 λέγων
509 1383 713 1463 φωνήν.
756 1405 783 1438 α
816 1385 917 1441 Τὸν
951 1386 1103 1440 οἷκον
1159 1391 1253 1440 τοῦ
1285 1389 1417 1439 Θεοῦ
1461 1395 1611 1439 οϊκυν
1643 1383 1726 1437 δεῖ
1756 1404 1928 1460 προσ-

270 1481 455 1552 soli:
531 1473 699 1529 εἶναι·
739 1494 762 1526 ι)
836 1470 1068 1547 ἔμπαλιν
1145 1469 1200 1527 δὲ
1263 1471 1383 1533 τοὺς
1448 1473 1568 1549 περὶ
1635 1471 1730 1535 τὰς
1790 1471 1929 1532 θείας

268 1561 525 1627 συνάξεις
597 1559 1063 1638 σπουδαιοτέρους,
1123 1558 1421 1640 ἀπεδεχετο
1479 1566 1578 1626 τῆς
1654 1559 1930 1641 φιλοθεϊας

270 1652 373 1708 καὶ
419 1651 774 1728 προσεπῄνει·
823 1650 961 1709 ἀλλὰ
1008 1652 1096 1708 καὶ
1139 1662 1443 1728 προκοπαῖς
1490 1650 1643 1725 ἐτίμα
1686 1651 1926 1726 βαθμῶν’

272 1739 418 1820 ὅπερ
467 1738 531 1809 δὴ
561 1741 656 1797 καί
698 1740 1023 1820 καιρέστερον
1066 1740 1128 1797 τὸ
1173 1737 1372 1815 μέλλον
1415 1740 1738 1817 ῥηθήσεσθαι
1788 1762 1931 1817 γνω-

270 1843 416 1909 pter.

367 2017 451 2067 ΟΒ
466 1998 494 2070 ’.
536 2010 638 2065 Δύο
669 2008 806 2073 τινὲς
840 2007 1213 2085 κληρικοΐτῆς
1243 2006 1364 2066 κατ’
1391 2009 1546 2065 at?)th
1578 2007 1924 2080 Ἐκκλησίας,

1318 355 1506 418 VITA
1551 356 1614 418 S.
1656 348 1989 419 JOANNIS
2026 350 2618 415 ELEMOSYNARII.

1380 490 1613 548 πέπεικα
1701 489 1930 565 ἐμαυτὸν

2020 486 2190 549 statui
2242 504 2376 548 cum
2431 483 2879 565 egredientibus
2923 486 3092 550 vobis
3120 484 3298 551 simul
3331 489 3560 569 egredi,
3595 498 3655 553 et

3537 353 3652 421 958

2012 594 2220 637 rursus
2251 574 2483 655 ingredi
2543 594 2679 637 cum
2731 576 3230 655 ingredientibus.
3282 578 3409 643 Hoc
3436 580 3654 643 multos

2015 665 2293 738 correxit,
2330 672 2391 728 et
2417 674 2454 725 a‘
2487 665 2643 726 mala
2673 664 2923 727 abduxit
2955 669 3410 732 consuetudine.

2097 753 2292 819 LXXI.
2319 753 2447 816 Non
2472 754 2605 815 illos
2631 772 2765 816 vero
2790 756 2952 818 solos
2975 757 3198 819 studuit
3222 758 3655 840 corrigere,qui

2015 853 2179 908 extra
2221 846 2742 923 congregationem
2799 845 3004 908 otiosis
3040 847 3325 909 vacabant
3363 849 3655 911 sermoni-

2014 935 2149 1010 bus;
2176 934 2282 996 sed
2303 952 2406 995 eos
2424 934 2597 995 etiam
2613 935 2730 1014 ,qui
2752 934 2898 996 citra
2915 936 3207 998 rationem
3232 938 3394 1000 intus
3414 938 3572 1000 inter
3589 955 3656 1000 se

2014 1022 2404 1085 conferebant
2424 1041 2758 1098 sermones,
2797 1033 2855 1087 et
2881 1026 3137 1087 maxime
3159 1044 3299 1088 vero
3323 1027 3525 1089 altaris
3548 1027 3653 1088 mi-

2014 1112 2257 1176 nistros.
2293 1112 2354 1176 Si
2384 1112 2621 1192 quando
2654 1122 2851 1175 autem
2880 1114 3131 1177 vidisset
3156 1117 3496 1196 quempiam
3527 1126 3656 1196 post

2013 1221 2188 1263 unam
2217 1210 2273 1263 et
2303 1202 2551 1264 alteram
2579 1201 3047 1266 admonitionem
3078 1221 3452 1286 nequaquam
3478 1224 3654 1287 posse

2013 1293 2398 1372 corrigi,eum
2422 1292 2617 1353 statim
2643 1292 3106 1374 ejiciebat,apud
3135 1312 3235 1357 eos
3256 1313 3458 1357 vocem
3484 1313 3654 1358 usur-

2015 1400 2163 1463 pans
2184 1380 2580 1456 Dominicam,
2615 1406 2641 1437 α
2672 1382 2917 1443 domum
2956 1382 3060 1444 Dei
3084 1394 3363 1463 oportere
3388 1403 3520 1445 esse
3551 1384 3655 1447 do-

2016 1490 2175 1532 mum
2202 1471 2487 1533 orationis
2505 1470 2580 1531 9⁵.
2620 1497 2645 1527 ι
2685 1470 2904 1532 Contra
2936 1480 3135 1533 autem
3188 1491 3424 1545 eorum,
3460 1475 3561 1553 qui
3594 1474 3651 1534 in

2015 1560 2244 1622 divinas
2276 1562 2770 1640 congregationes
2801 1569 2971 1621 erant
3003 1560 3418 1638 studiosiores,
3446 1563 3529 1624 illi
3560 1582 3655 1624 ac-

2014 1661 2186 1731 cepta
2218 1659 2342 1712 erat
2375 1652 2584 1731 pietas,
2618 1669 2840 1731 eosque
2900 1660 2959 1711 et
3012 1651 3292 1713 laudabat
3321 1662 3380 1712 et
3409 1652 3481 1712 ad
3514 1671 3652 1732 gra-

2014 1739 2123 1801 dus
2156 1741 2546 1820 provebebat.
2581 1739 2749 1812 Quod
2795 1740 3040 1821 quidem
3074 1746 3337 1822 apertius
3366 1740 3656 1804 indicabit

1957 1856 1990 1905 Β
2014 1828 2097 1905 id,
2127 1830 2281 1909 quod
2310 1831 2432 1909 jam
2467 1837 2557 1891 est
2582 1829 2931 1891 dicendum.

2093 1916 2316 1979 LXXII.
2351 1917 2480 1979 Duo
2512 1917 2715 1979 clerici
2741 1918 2871 1997 ejus
2902 1915 3211 1997 Ecclesiae,
3257 1925 3442 1978 artem
3476 1934 3653 1978 exer-

2012 2021 2222 2069 centes
2276 2006 2583 2069 incidendi
2645 2010 2898 2082 corium,
2964 2014 3137 2070 erant
3167 2007 3324 2069 inter
3353 2026 3418 2068 se
3450 2006 3650 2068 vicini.

270 2102 687 2175 σκυτοτομικήν
719 2098 992 2176 μετιόντες
1024 2097 1252 2179 τέχνην,
1286 2098 1346 2155 ἐκ
1385 2098 1638 2175 γειτόνῐυν
1670 2097 1928 2167 ἀλλήλοις

2020 2096 2278 2169 Quorum
2314 2116 2468 2159 unus
2498 2097 2741 2178 quidem
2780 2096 3015 2160 mulieri
3049 2097 3409 2178 coniunctus
3442 2096 3653 2158 matri-

272 2190 498 2266 ἕμενον·
561 2190 635 2242 ὧν
688 2190 715 2246 ὁ
759 2189 880 2263 μὲν,
930 2189 1137 2266 γυναικὶ
1181 2188 1590 2267 συνεζευγμένος
1639 2186 1734 2243 καῖ
1769 2187 1929 2244 τέκνα

271 2280 460 2360 ἔχων,
497 2277 702 2356 πατέρα
744 2299 802 2333 τε
832 2278 922 2333 καὶ
974 2277 1184 2353 μητέρα
1227 2285 1598 2339 συνοικοῦντας
1640 2281 1806 2350 αὐτῷ,
1837 2278 1926 2339 οὒς

270 2369 486 2431 πάντας
535 2365 595 2423 ἐκ
652 2367 759 2423 τῶδ
803 2365 1005 2447 χειρῶν
1062 2364 1247 2444 ἔτρεφε
1289 2371 1395 2422 τῶν
1429 2364 1594 2440 ἰδίων,
1633 2365 1779 2440 ὅμως
1830 2371 1935 2421 τῶν

274 2454 550 2522 συνάξεων
606 2456 701 2513 οῦκ
731 2454 945 2531 ἠμέλει.
1018 2454 1246 2532 Θάτερος
1293 2454 1370 2524 δὲ,
1408 2455 1580 2512 καίτοι
1632 2453 1932 2527 μνῖνος”ὢν,

277 2549 388 2613 τὴν
450 2545 649 2625 τέχνην
705 2566 761 2601 τε
805 2542 1198 2622 ἀκριϐέστερος.
1265 2545 1350 2599 οιαὶ
1396 2544 1492 2611 τὴν
1522 2544 1768 2621 ἐργασίαν
1811 2543 1934 2599 ἐπι-

284 2634 631 2714 μελὲστερος,
688 2632 805 2694 οὐδὲ
865 2634 1007 2707 αὒτῴ
1068 2634 1216 2708 μόνῳ
1267 2633 1490 2710 πορίζειν
1547 2636 1615 2688 τὰ
1657 2635 1788 2710 πρὸς
1839 2632 1935 2701 τήν

288 2727 480 2806 χρείαν
510 2722 728 2788 δυνασὸς
775 2725 865 2790 ἦν.
926 2728 1014 2795 Τῷ
1047 2725 1134 2779 οῦν
1178 2721 1464 2801 ὁμοτέχιῳ
1495 2720 1934 2801 διαφθονοῦμενος

289 2816 383 2871 καὶ
445 2812 635 2888 μηκέτι
679 2813 854 2893 φέρειν
897 2810 1188 2887 δυνάμενος
1232 2813 1331 2879 τὴν
1368 2810 1538 2868 ὠδῖνα
1580 2817 1679 2878 τῆς
1723 2812 1932 2888 βασκα-

289 2904 428 2983 νίας,
488 2902 725 2983 ἐντυχὼν
777 2901 920 2975 αὒτῴ
976 2902 1116 2958 κατὰ
1168 2901 1358 2980 μόνας,
1419 2893 1641 2978 Ὀρκίζω
1683 2923 1741 2957 σε
1799 2901 1936 2959 κατὰ

287 3000 382 3050 τοῦ
440 2999 592 3069 Θεοῦ,
624 2992 750 3072 ἔφη,
799 2993 876 3067 μὴ
926 2991 1261 3066 ἀποκρύψειν
1317 2991 1411 3047 ἀπ’
1466 2991 1599 3065 ἐμοῦ
1644 2988 1781 3047 ἆλλὰ
1824 3011 1932 3070 φα-

284 3083 437 3156 νερόν
501 3104 589 3156 μοι
651 3083 795 3140 τουτὶ
851 3081 1054 3152 θέσθαι,
1100 3082 1259 3136 πόθεν
1318 3080 1472 3143 αὒτὸς
1534 3080 1634 3150 μὲν
1689 3079 1934 3136 πλουτῶν

281 3170 580 3250 διατελεῖς,
612 3172 700 3227 καὶ
743 3175 933 3243 ταῦτα,
965 3168 1063 3224 ὅσα
1113 3190 1175 3246 γε
1224 3170 1297 3234 εἷς
1339 3170 1437 3237 τήν
1467 3169 1714 3247 ἐργασίαν
1771 3170 1933 3246 ῥᾴθυ-

279 3282 386 3338 μος
438 3260 535 3336 ὢν,
574 3261 691 3335 ἐμοὶ
737 3257 790 3315 δὲ
852 3257 1107 3333 ἐπιμελεῖ
1157 3258 1236 3315 ὅτι
1269 3258 1355 3315 καὶ
1397 3258 1668 3338 φιλοπόνῳ
1709 3259 1933 3315 τοῦναν-

275 3352 396 3408 τίον
428 3351 528 3426 μὲν
559 3346 857 3424 συμϐοίνει,
884 3345 1090 3424 μᾶλλον
1121 3348 1206 3404 καὶ
1251 3349 1322 3411 εἷς
1354 3347 1596 3426 ἐσχάτην
1644 3345 1747 3415 ἤδη
1777 3368 1935 3427 περιη-

277 3440 490 3506 έστηκα
520 3440 730 3496 πενίαν.
781 3428 839 3494 Ὀ
885 3435 962 3511 δὲ,
999 3434 1326 3513 βουλόμενος
1376 3435 1534 3494 αὐτὸν
1578 3436 1933 3511 ἐπιμελέστεο

281 3552 371 3608 ρον
444 3529 625 3585 θέσθαι
694 3528 812 3606 περὶ
886 3526 981 3590 τὰς
1057 3525 1319 3601 συνάξεις,
1388 3524 1661 3604 ὀλιγώρως
1711 3525 1929 3605 ἔχοντα,

283 3620 436 3695 Κάμὲ
496 3618 778 3697 πρότερον,
823 3616 1005 3690 εἶπεν,
1051 3612 1267 3695 ἀδελφέ,
1317 3613 1497 3682 πολλὴ
1542 3615 1796 3679 στένωσις
1840 3615 1927 3672 εἷ-

289 3728 414 3791 χεν·
455 3708 550 3789 ἀφ’
586 3710 647 3765 οὗ
691 3705 744 3785 δὲ
785 3704 1082 3786 σχολάζειν
1109 3707 1245 3778 πρὸς
1295 3705 1388 3768 τὰς
1421 3703 1655 3769 συνάξεις
1708 3704 1933 3780 ἐμαυτὸν

280 3799 496 3874 ἔπειτα,
532 3797 676 3855 ’ἐστιν
738 3794 828 3852 ὅτέ
863 3796 948 3851 καὶ
978 3796 1199 3874 χρυσίον
1258 3794 1482 3871 εὒρίσκω
1514 3795 1652 3850 κατὰ
1683 3795 1783 3850 τὶν
1815 3791 1935 3849 ὁδὸν

284 3889 484 3945 ἀπιώνο
544 3886 662 3944 ὅθεν
703 3885 769 3953 δὴ
820 3885 907 3941 καὶ
951 3882 1302 3950 ὲπισυνῆκται
1333 3889 1508 3939 πᾶσαν
1550 3883 1731 3960 [forte
1761 3883 1934 3962 πᾶσα]

250 3978 353 4047 ’ἣν
397 3980 521 4052 ὁρᾷς
562 3976 835 4054 εὐπορίαν.
902 3971 1054 4029 Ἀλλ’
1096 3971 1149 4027 εἴ
1188 3994 1239 4028 τι
1284 3972 1402 4045 ἐμοὶ
1446 3973 1623 4049 πείθῃ,
1674 3973 1805 4030 ἕπου
1848 3976 1937 4031 καὶ

285 4068 446 4130 αὐτὸς
517 4067 731 4123 ἀπιόντι
790 4086 907 4139 μοι,
953 4061 1041 4117 καὶ
1108 4062 1443 4140 παραμυθίαν
1499 4060 1736 4118 ἐντεῦθεν
1805 4060 1937 4128 ἕξεις

280 4162 341 4217 οὐ
398 4157 496 4225 τὴν
554 4162 848 4236 τυχοῦσαν.
898 4152 1135 4208 Πείθεται
1191 4164 1311 4214 τοῖς
1380 4151 1540 4210 αὒτοῦ
1594 4150 1800 4230 λόγοις,
1850 4148 1937 4236 xui:

280 4244 401 4304 καθ’
461 4246 696 4303 ἑκάστην
742 4239 950 4306 σύναξιν
983 4245 1182 4318 φοιτῶν
1232 4241 1323 4296 σὺν
1370 4239 1533 4315 αῦτῳ,
1570 4238 1763 4316 ᾔσθετο
1814 4227 1937 4316 μετ’

282 4335 344 4391 οῦ
396 4332 532 4390 πολὺ
563 4332 805 4411 εὖλογίας
837 4331 979 4407 παρὰ
1022 4334 1155 4385 Θεοῦ
1189 4329 1492 4407 γενομένης
1526 4331 1600 4394 εἷς
1661 4331 1749 4387 τὸν
1782 4331 1940 4387 αῦτοῦ

281 4424 465 4496 οἶκον,
499 4425 582 4480 καὶ
633 4427 710 4496 τῷ
764 4421 951 4498 ἆγαγῷ
996 4415 1283 4494 συμϐούλῳ
1323 4420 1422 4486 τὴν
1454 4419 1614 4498 χάριν
1654 4420 1936 4492 ἀνωμολό-

278 4535 389 4593 γει,
438 4503 497 4571 Ὀ
542 4510 597 4568 δὲ
641 4513 789 4576 εὐθὺς
850 4510 948 4577 τὴν
1000 4508 1209 4575 σκηνὴν
1255 4505 1457 4586 διάρας,
1490 4516 1730 4587 φανερῶς
1790 4508 1936 4588 λέγει

280 4586 359 4675 υἱῷ
417 4600 704 4681 ὁμοτέχνῲ
745 4602 818 4662 ὡς
871 4596 1124 4656 οὒὲἑποτε
1168 4597 1388 4677 χρυσίον
1445 4586 1589 4672 αῦτῷ
1646 4599 1782 4657 κατὰ
1837 4586 1934 4666 τὴν
1962 4586 2005 4634 ο

282 4689 404 4754 ὁδὸν
462 4693 720 4770 εὑρεθείη.
774 4686 946 4745 Ἀλλὰ
1003 4686 1354 4765 βουλόμενος,
1386 4687 1538 4767 φησὶ,
1591 4684 1938 4757 διαναττῆσαί

279 4802 345 4852 σε
377 4783 507 4858 πρὸς
553 4781 619 4836 τὰ
647 4780 791 4842 θείὰς
835 4778 1174 4856 ἀφικνεῖσθαι
1219 4774 1480 4855 συνάξεις,
1514 4777 1613 4844 τὴν
1658 4784 1748 4834 τοῦ
1791 4801 1931 4857 χρυ-

314 4874 428 4929 σίου
472 4868 676 4946 εὕρεσιν
732 4866 1075 4938 ἒπλασαμην,
1135 4871 1301 4922 Τοῦτο
1344 4867 1419 4928 εἰς
1466 4865 1578 4922 ὦτα
1620 4873 1697 4939 τῷ
1754 4889 1936 4941 μακα-

286 4960 533 5043 ριωτάτῳ
591 4956 814 5032 Ἰωάννῃ
876 4954 1050 5029 ἐλθὸν,
1103 4954 1202 5021 τῆς
1259 4976 1316 5011 τε
1373 4955 1575 5043 ἀγαθῆς
1634 4955 1933 5034 προθέσεως

299 5052 460 5108 αῦτὸν
506 5047 831 5126 ἀποδέχεται
875 5047 1093 5110 καὶτῆς
1149 5050 1241 5100 τοῦ
1288 5042 1635 5123 πρεσϐυτέρου
1678 5066 1931 5125 χειροτο-

287 5141 401 5204 νίας
430 5136 700 5203 καταξιοϊ,

361 5315 429 5367 9"
472 5314 678 5379 Matth.
710 5330 832 5390 XXI,
873 5316 963 5378 l3.

2014 2186 2595 2267 monio,habensque
2620 2187 2772 2247 ﬁlios
2804 2194 2861 2248 et
2889 2196 3115 2265 patrem
3142 2195 3201 2248 et
3233 2196 3481 2247 matrem
3515 2204 3650 2247 cum

2016 2274 2148 2356 ipso
2181 2274 2541 2351 habitantes,
2579 2293 2726 2355 quos
2783 2275 3023 2356 quidem
3059 2276 3257 2336 alebat
3287 2293 3497 2336 omnes
3526 2274 3650 2336 suis

2021 2364 2317 2445 manibus,
2370 2384 2487 2428 non
2539 2365 2878 2444 negligebat
2912 2373 3107 2427 tamen
3138 2365 3368 2426 divinas
3394 2382 3649 2443 congre-

2015 2459 2288 2536 gationes
2319 2477 2331 2517 :
2366 2459 2520 2519 alter
2550 2467 2748 2520 autem
2779 2458 2889 2518 etsi
2923 2465 3048 2519 erat
3079 2457 3333 2532 solus,et
3364 2457 3507 2519 artis
3537 2476 3648 2538 pe-

2016 2546 2210 2621 ritior,
2247 2557 2304 2609 et
2335 2548 2394 2609 in
2428 2546 2733 2628 operando
2764 2546 3128 2625 diligentior,
3164 2564 3239 2609 ne
3266 2544 3377 2607 sibi
3403 2545 3640 2626 quidem

2018 2635 2129 2697 soli
2167 2655 2376 2715 parare
2408 2645 2659 2717 poterat,
2696 2654 2826 2715 quae
2862 2643 3030 2697 erant
3058 2636 3129 2697 ad
3164 2655 3331 2697 usum
3370 2653 3652 2698 necessa-

2018 2727 2126 2788 ria.
2161 2725 2229 2786 Ei
2261 2726 2484 2807 itaque,
2521 2724 2622 2807 qui
2676 2733 2804 2787 erat
2853 2725 3119 2804 ejusdem
3154 2725 3319 2797 artis,
3354 2725 3648 2800 invidens,

2016 2823 2074 2878 et
2104 2834 2222 2877 non
2256 2816 2515 2897 amplius
2543 2815 2704 2876 ferre
2735 2814 2938 2876 valens
2987 2833 3169 2892 quam
3198 2815 3398 2876 animo
3430 2833 3653 2876 conce-

2016 2914 2183 2985 perat
2213 2904 2520 2984 invidiam,
2549 2921 2683 2965 eutn
2714 2902 3035 2984 aliquando
3064 2902 3257 2965 solum
3290 2903 3602 2966 offendens
3638 2920 3652 2961 :

2016 2994 2243 3075 Adjuro
2274 3003 2352 3071 te,
2388 2994 2609 3075 inquit,
2644 3013 2753 3074 per
2806 2995 3023 3066 Deum,
3082 3011 3157 3054 ne
3204 3010 3299 3054 me
3329 2992 3514 3067 celes,
3548 2991 3653 3053 sed

2016 3083 2132 3145 hoc
2165 3084 2311 3145 mihi
2343 3084 2713 3165 aperias,qui
2745 3083 2833 3155 fit,
2868 3081 3024 3162 quod
3059 3089 3120 3143 tu
3151 3080 3232 3143 sis
3264 3100 3503 3163 semper
3529 3081 3659 3159 qui-

2018 3172 2153 3233 dem
2188 3173 2375 3247 dives,
2414 3173 2597 3254 idque
2628 3191 2760 3234 cum
2795 3171 2960 3233 sisin
2985 3172 3290 3251 operando
3325 3171 3656 3250 negligens;

2019 3262 2167 3323 mibi
2198 3271 2423 3337 autem,
2450 3264 2551 3345 qui
2582 3282 2712 3324 sum
2745 3261 3002 3339 diligens
3032 3269 3091 3322 et
3122 3260 3480 3335 laboriosus,
3505 3280 3655 3323 con-

2015 3357 2106 3411 tra
2132 3351 2349 3413 accidit
2378 3361 2441 3413 ut
2458 3360 2581 3430 jam
2610 3350 2888 3413 redactus
2918 3349 3028 3411 sim
3062 3348 3136 3409 ad
3165 3358 3489 3411 extremam
3516 3368 3660 3429 pau-

2018 3448 2304 3521 pertatem
2330 3447 2357 3503 ‘?
2411 3441 2517 3504 Ille
2565 3447 2762 3503 autem
2813 3439 3017 3499 volens
3049 3456 3185 3499 eum
3220 3437 3479 3499 reddere
3512 3438 3655 3500 dili-

2014 3528 2373 3609 gentiorem,
2408 3530 2511 3612 qui
2559 3539 2685 3592 erat
2735 3529 3045 3608 negligens
3094 3528 3154 3588 in
3186 3527 3481 3589 adeundis
3506 3545 3654 3589 con-

2014 3618 2490 3698 gregationibus,
2529 3637 2661 3699 quae
2714 3618 2862 3678 ﬁunt
2917 3634 3224 3678 sacrorum
3254 3634 3437 3677 causa
3471 3633 3485 3678 :
3520 3616 3661 3678 Mihi

2016 3726 2277 3788 quoque,
2314 3707 2529 3788 inquit,
2562 3727 2595 3769 ο
2621 3707 2831 3783 frater,
2866 3725 2965 3768 res
2994 3714 3122 3768 erat
3154 3708 3395 3767 redacta
3422 3705 3494 3766 ad
3530 3724 3658 3767 ma-

2016 3796 2204 3858 ximas
2234 3797 2562 3877 angustias.
2596 3798 2680 3860 Ex
2704 3816 2828 3877 'quo
2862 3806 3056 3859 autem
3092 3795 3239 3858 mihi
3272 3796 3541 3876 persuasi
3573 3795 3659 3857 di-

2019 3884 2172 3947 vinis
2222 3904 2430 3949 vacare
2475 3886 3066 3967 congregationibus,
3127 3903 3552 3966 nonnunquam
3585 3902 3658 3948 eo

2020 3977 2267 4052 vadens,
2296 3994 2504 4039 aurum
2539 3977 2596 4037 in
2632 3976 2723 4037 via
2768 3975 3029 4055 invenio,
3064 3993 3181 4056 quo
3230 3975 3448 4036 factum
3481 3984 3571 4036 est
3601 3984 3663 4036 ut

2024 4066 2168 4126 mihi
2195 4066 2313 4127 sint
2342 4071 2713 4146 congregatae
2745 4085 2977 4141 omnes,
3035 4083 3180 4146 quas
3212 4064 3403 4138 vides,
3442 4064 3656 4145 copia}.

2024 4152 2141 4216 Sed
2174 4154 2224 4216 si
2262 4173 2355 4216 me
2386 4154 2614 4229 audias,
2677 4155 2807 4236 ipse
2870 4174 3108 4236 quoque
3160 4172 3255 4215 me
3285 4159 3524 4214 euntem
3558 4170 3658 4215 se-

2023 4261 2234 4325 quere,
2269 4250 2326 4305 et
2357 4243 2496 4305 hinc
2530 4263 2647 4305 non
2681 4244 2982 4323 vulgarem
3014 4241 3263 4305 habebis
3292 4241 3660 4303 consolatio-

2023 4350 2183 4396 nem.
2222 4335 2395 4395 Paret
2427 4332 2626 4403 dictis.
2663 4326 2723 4396 et
2753 4333 2827 4395 ad
2858 4332 3122 4412 singulas
3152 4330 3382 4394 divinas
3408 4349 3663 4413 synaxes

2021 4440 2155 4482 cum
2189 4421 2317 4503 ipso
2348 4422 2661 4499 ventitans,
2697 4422 2994 4486 sentiebat
3041 4422 3243 4482 domat
3291 4438 3414 4482 suae
3442 4421 3660 4483 factam

2021 4528 2054 4571 a
2085 4510 2207 4572 Deo
2236 4511 2742 4587 benedictionem,
2796 4518 2854 4573 et
2885 4512 3042 4573 bono
3088 4509 3420 4572 consultori
3452 4510 3665 4589 agebat

2019 4601 2262 4680 gratias.
2298 4602 2404 4664 Ille
2432 4610 2655 4676 autem,
2689 4620 2870 4663 scena
2901 4620 3035 4663 mox
3079 4611 3306 4679 aperta,
3346 4600 3656 4661 manifeste

2017 4690 2162 4752 dicit
2193 4692 2378 4767 socio,
2414 4710 2479 4753 se
2515 4710 2816 4772 nunquam
2850 4709 3060 4753 aurum
3113 4689 3175 4750 in
3203 4691 3293 4749 via
3325 4689 3650 4762 invenisse,

2016 4779 2132 4841 Sed
2166 4781 2390 4856 volens,
2421 4780 2639 4862 inquit,
2667 4787 2725 4842 te
2757 4779 3017 4841 excitare
3050 4785 3114 4840 ut
3141 4779 3380 4839 venires
3404 4777 3478 4838 ad
3511 4777 3656 4839 divi-

2020 4886 2126 4931 nas
2155 4870 2671 4949 congregationes,
2698 4870 2841 4932 ﬁnxi
2874 4870 3027 4931 hanc
3057 4869 3185 4929 auri
3221 4866 3649 4927 inventionem.

2016 4957 2143 5022 Hoc
2171 4978 2306 5020 cum
2337 4960 2705 5040 pervenisset
2734 4958 2808 5019 ad
2837 4975 3012 5021 aures
3038 4954 3371 5019 beatissimi
3406 4955 3651 5035 patriar-

2015 5048 2166 5122 chas,
2227 5056 2286 5111 et
2332 5048 2464 5128 ejus
2496 5048 2714 5110 bonum
2748 5050 3131 5109 commendat
3162 5046 3557 5126 propositum,
3594 5054 3651 5107 et

2014 5154 2150 5200 eum
2183 5136 2418 5200 ordinat
2450 5136 2884 5218 presbyterum.
