4006 6138
427 302 545 374 959

1726 315 2008 382 MENSIS
2047 317 2502 384 JANUARIUS.

1894 481 2143 548 CAPUT
2184 483 2338 550 XIII.

1684 622 1756 684 S.
1797 623 2060 686 Joannis
2110 619 2286 701 fuga,
2334 623 2560 693 obitus.

513 779 767 845 LXXIII.
805 780 927 872 Hic,
968 798 1174 844 revera
1206 782 1398 849 bonus
1430 791 1653 863 pastor,
1687 784 1939 857 divinus,
1977 784 2073 845 in-

2242 786 2366 848 OI".
2403 789 2566 855 Οὗτος
2611 793 2637 847 ὁ
2671 789 2834 857 καλὸς
2865 799 2941 869 τῷ
2973 793 3083 850 ὄντι
3113 794 3345 868 ποιμὴν,
3385 793 3418 848 ὃ
3451 794 3643 864 θεῖος,
3675 794 3822 872 φημὶ,

435 871 1278 951 quam,patriarcha,credens
1306 873 1563 954 principi
1591 883 1891 953 pastorum
1909 874 2074 936 Chri-

432 962 649 1040 sto,qui
669 961 840 1036 jubet
861 961 938 1035 10,
968 963 1328 1042 sipersecuti
1352 963 1678 1038 fuerint,ex
1702 984 1816 1025 una
1840 965 2074 1026 civitate

431 1050 602 1112 fuere
653 1053 710 1111 in
759 1051 978 1129 aliam;
1031 1071 1164 1114 cum
1200 1061 1360 1114 esset
1392 1054 1753 1116 Alexandria
1787 1055 2077 1117 tradenda

431 1139 704 1201 manibus
727 1143 1068 1213 Persarum,
1093 1143 1294 1204 divina
1325 1143 1700 1223 providentia
1738 1143 1903 1204 illinc
1936 1145 2073 1224 qui-

431 1230 565 1290 dem
591 1231 844 1306 recedit,
875 1233 1085 1310 migrat
1123 1242 1317 1296 autem
1369 1233 1429 1294 in
1480 1253 1644 1294 suam
1681 1233 1930 1314 patriam
1965 1234 2076 1315 Cy-

431 1336 806 1396 prum,suum
837 1323 888 1382 ei
912 1341 1131 1402 corpus
1153 1324 1574 1400 largiturus,ut
1600 1343 1730 1402 quae
1753 1343 1886 1384 eum
1916 1324 2076 1385 alue-

432 1419 544 1472 rat:
574 1411 947 1490 praesciverat
980 1413 1139 1473 enim
1183 1413 1306 1492 jam
1357 1413 1838 1493 appropinquare
1860 1412 2073 1473 deces-

433 1499 651 1560 sum.Is
677 1501 1078 1581 itaque,cujus
1101 1521 1259 1584 saepe
1285 1511 1646 1563 mentionem
1674 1504 2070 1581 fecimus,pa-

433 1594 642 1654 tricius
664 1593 926 1667 Nicetas,
953 1604 1195 1676 accepta
1217 1595 1529 1657 occasione
1554 1615 1619 1657 ex
1645 1615 1715 1656 eo
1743 1596 1900 1677 quod
1929 1599 2072 1658 Per-

433 1701 514 1744 sa!
542 1683 900 1760 irruperant,
935 1684 1214 1746 obsecrat
1258 1685 1446 1746 virum
1469 1686 1760 1758 divinum,
1790 1697 1851 1747 ut
1881 1688 2077 1747 veniat

435 1790 626 1852 usque
643 1773 712 1833 ad
742 1775 964 1852 regiam
993 1775 1598 1854 civitatcm,precihus
1622 1783 1679 1836 et
1706 1775 2073 1837 benedictio-

434 1880 510 1924 ne
530 1862 943 1940 impertiturus
976 1864 1539 1944 imperatorem.Ille
1564 1874 1759 1926 autem
1787 1885 1918 1926 cum
1951 1866 2072 1926 sci-

433 1953 920 2032 ret.qualisesset
939 1953 1089 2015 ﬁdes
1112 1953 1219 2014 viri
1243 1954 1807 2029 clarissimi,annuit
1827 1956 2071 2036 quidem

436 2045 704 2120 petitioni
740 2066 752 2108 :
782 2063 918 2106 cum
944 2046 1121 2107 ambo
1143 2054 1344 2108 autem
1401 2065 1546 2108 nave
1593 2048 1986 2118 veherentur,
2019 2053 2078 2108 et

2159 878 2524 958 πατριάρχης,
2579 887 2656 954 τῷ
2714 882 3062 960 ἆρχιποιμένι
3123 888 3338 960 Χριστῷ
3413 880 3705 936 κελεύοντι
3757 883 3826 936 εί-

2159 986 2290 1038 κων,
2328 963 2685 1042 διωκομένους
2735 973 2797 1027 ἐκ
2827 969 2988 1038 τῆσδε
3045 976 3145 1037 τῆς
3204 969 3434 1033 πόλεως
3488 969 3715 1048 φεύγειν
3765 970 3826 1032 εἷς

2159 1054 2258 1120 τὴν
2330 1056 2536 1137 ἑτέραν,
2597 1059 2754 1126 ἡνίκα
2823 1062 2856 1127 ἡ
2931 1058 3293 1138 ’ἤλεξάνδρεια
3372 1061 3552 1140 χερσὶ
3632 1064 3828 1130 Περσῶν

2161 1143 2617 1221 παραδοθήσεσθαι
2691 1147 2906 1224 ἔμελλε,
2959 1150 3069 1222 θεία
3140 1150 3366 1222 προνοίᾳ
3450 1149 3678 1205 ἐκεῖθεν
3747 1148 3830 1223 μὲν

2159 1233 2538 1310 ἀπανίσταται,
2602 1239 2729 1315 πρὸς
2789 1237 2841 1294 δὲ
2899 1250 2998 1306 την
3042 1241 3227 1296 ἑαυτοῦ
3272 1236 3525 1317 πατρίδα
3572 1239 3676 1304 τὴν
3737 1240 3828 1294 Κύ-

2160 1346 2289 1402 προν
2336 1327 2670 1401 μεθίσταται,
2721 1330 2782 1386 τὸ
2827 1331 3025 1386 οἰκεῖον
3071 1329 3207 1396 αὔτῆ
3255 1335 3456 1404 σῶμα,
3510 1330 3593 1392 ὡς
3646 1330 3830 1406 θρεψο-

2159 1413 2320 1489 μὲνῃ,
2353 1417 2738 1494 χαριούμενος·
2765 1418 3009 1496 προέγνω
3030 1419 3129 1497 γὰρ
3159 1416 3255 1485 ἤδτ
3288 1421 3392 1486 τὴν
3430 1418 3548 1484 τὴν
3583 1418 3828 1482 τελευτὴν

2157 1501 2280 1558 ὅσον
2313 1502 2460 1560 οὔπω
2517 1505 2848 1582 ἐγγίζουσαν,
2889 1510 2948 1564 Ὀ
3003 1516 3127 1584 γοῦν
3161 1505 3427 1569 πολλάκις
3464 1503 3562 1562 διὰ
3617 1506 3830 1580 μνήμης

2156 1594 2291 1665 ἡμῖν
2376 1594 2691 1675 γενόμενος,
2768 1595 2802 1652 δ’
2882 1597 3158 1664 πατρίκιος
3244 1595 3470 1664 δηλαδῆ
3569 1595 3829 1672 Νικήτις,

2156 1680 2403 1760 ἀφορμῆς
2460 1688 2561 1752 τῆς
2612 1686 2716 1742 ἀπὸ
2792 1691 2896 1742 τῶν
2955 1692 3168 1762 Περσῶν
3242 1686 3446 1765 ἐφόδου
3508 1682 3828 1762 λαϐόμενος,

2156 1768 2377 1848 λιπαρεῖ
2433 1776 2523 1829 τὸν
2571 1775 2872 1852 θεσπέσιον,
2909 1776 3074 1856 μέχρι
3123 1799 3211 1833 και
3245 1782 3344 1844 τῆς
3389 1773 3690 1852 βασιλίδος
3734 1778 3830 1828 τῶν

2158 1859 2368 1918 πόλεών
2424 1862 2728 1944 ἀφικέσθαι,
2787 1869 2953 1946 εὐχῆς
3013 1868 3098 1922 καὶ
3168 1866 3420 1944 εὐλογίας
3489 1878 3622 1928 τοῖς
3681 1864 3831 1939 βασι·

2159 1949 2368 2007 λεύουσι
2414 1953 2814 2028 μεταδώσοντα.
2884 1955 3046 2019 Εἰδὼς
3093 1957 3181 2013 οὗν
3237 1957 3462 2017 ἐκεῖνος
3515 1954 3617 2010 οἵα
3666 1954 3700 2020 ἡ
3747 1955 3830 2009 τοῦ

2161 2039 2538 2121 λαμπροτάτου
2597 2045 2771 2118 μίστις
2831 2044 3040 2123 ἀνδρὸς,
3087 2046 3314 2102 ἐπινεύει
3375 2046 3492 2120 μὲν
3541 2044 3683 2122 πρὸς
3743 2042 3831 2108 τὴν

427 2135 550 2213 jam
579 2143 779 2196 essent
805 2134 864 2195 in
892 2134 1089 2196 medio
1116 2135 1641 2208 mari,inciduntin
1668 2154 1905 2214 gravem
1933 2143 2075 2197 tem-

2165 2131 2404 2211 αἴτησιν,
2467 2131 2551 2189 διὰ
2596 2133 2785 2192 πλοίου
2846 2134 2900 2190 δὲ
2961 2135 3253 2216 ἀμφότεροι
3309 2133 3691 2215 ἀναχθέντες,
3749 2137 3828 2191 καὶ

436 2231 748 2300 pestatem.
784 2222 928 2285 Cum
955 2241 1092 2286 vero
1121 2224 1286 2285 navis
1312 2233 1428 2286 tam
1464 2226 1855 2287 vehementer
1873 2234 2076 2306 quate-

432 2320 598 2373 retur
627 2311 928 2384 ﬂuctibus,
965 2331 1022 2374 et
1047 2331 1183 2375 mox
1224 2321 1384 2374 esset
1424 2315 1793 2376 mittendain
1825 2315 2073 2395 profun-

434 2400 600 2470 dum,
635 2401 794 2462 visus
817 2415 906 2463 est
931 2411 1106 2464 nocte
1136 2403 1385 2479 illa,qua
1420 2404 1612 2466 fuerat
1639 2405 1889 2466 excitata
1919 2413 2073 2465 tem-

436 2491 1020 2570 pestas,patriciusin
1043 2492 1274 2556 somnis
1297 2493 1498 2555 videre
1514 2494 1919 2574 patriarcham
1939 2513 2072 2555 cum

435 2581 821 2661 pauperibus,
857 2583 1176 2662 aliquando
1221 2583 1464 2657 quidem
1512 2602 1616 2664 per
1650 2591 1826 2644 totam
1865 2603 2071 2646 navem

433 2669 1355 2752 circumcursantem,aliquando
1390 2682 1586 2734 autem
1611 2692 1744 2734 cum
1775 2672 1918 2752 ipsis
1945 2691 2074 2734 ma-

437 2777 547 2820 nus
571 2761 1020 2821 eXIendentom.
1057 2769 1115 2820 et
1147 2781 1176 2821 e
1201 2761 1370 2822 caelis
1417 2770 1715 2839 petentem
1761 2764 2072 2824 auxilium.

435 2848 578 2910 Cum
603 2858 796 2910 autem
816 2851 940 2928 jam
967 2849 1025 2910 in
1056 2851 1332 2910 Rhodum
1359 2850 1610 2910 insulam
1637 2852 2071 2930 pervenissent,

436 2938 537 2998 ille
557 2937 686 3016 ipse
713 2939 1049 3017 patriarcha
1072 2957 1203 2998 cum
1233 2957 1266 2999 a
1288 2939 1980 3011 sediscessisset,revera
1998 2942 2079 3001 vi-

435 3025 624 3094 det,et
646 3045 763 3086 non
789 3027 846 3086 in
871 3027 1119 3099 somnis,
1147 3027 1528 3107 splendidum
1579 3029 1767 3090 virum
1796 3031 2074 3092 eunucho

436 3115 977 3194 similem,aureum
1008 3127 1308 3196 sceptrum
1339 3117 1656 3179 habentem
1679 3119 1738 3179 in
1775 3119 2069 3194 manibus,

435 3213 495 3266 et
514 3204 584 3266 ad
610 3223 744 3266 eum
768 3205 1154 3266 accedentem
1175 3207 1397 3268 dicere:
1421 3208 1603 3268 Vocat
1620 3216 1674 3268 te
1691 3209 1816 3271 Rex
1840 3228 2070 3288 regum,

433 3295 644 3358 Statim
667 3315 806 3375 ergo
838 3299 1126 3359 accersito
1168 3297 1439 3378 patricio,
1474 3319 1608 3360 cum
1643 3300 1894 3362 dixisset
1923 3320 2076 3381 qua-

435 3387 549 3448 lem
584 3387 895 3447 habuisset
917 3388 1202 3448 visionem
1231 3387 1357 3450 :Tu
1376 3389 1646 3469 quidem,
1677 3389 1892 3471 inquit,
1929 3409 1962 3450 ο
1993 3391 2080 3450 vir

2158 2221 2324 2294 μέσον
2367 2221 2469 2290 ἤδη
2517 2234 2610 2283 τοῦ
2653 2227 2920 2302 πελάγους
2977 2227 3278 2303 γενόμενοι,
3313 2227 3559 2305 χαλεπῇ
3608 2221 3825 2299 περιπί-

2159 2334 2346 2368 πτοδσι
2401 2314 2558 2391 ζάλῃ.
2599 2321 2796 2378 Δεινῶς
2839 2314 2893 2371 δὲ
2924 2315 3028 2383 ἤδη
3073 2323 3166 2372 τοῦ
3209 2316 3398 2373 πλοίου
3465 2312 3812 2396 χειμαζομέ-

2159 2425 2271 2480 νοο,
2305 2405 2395 2460 καὶ
2436 2404 2616 2482 ὀλίγου
2674 2404 2965 2480 μέλλοντος
3022 2409 3099 2479 τῷ
3140 2407 3280 2482 βυθῴ
3324 2405 3818 2483 παραπέμπεσθαι,

2159 2489 2300 2556 ἔδοξε
2354 2499 2450 2560 τῆς
2496 2495 2677 2558 νυκτὸς
2725 2494 2932 2562 ἐκείνης
2977 2493 3092 2552 καθ’
3137 2496 3201 2564 ἢν
3253 2495 3387 2568 ζᾶλη
3443 2497 3750 2573 ἐγήγερτο,
3791 2493 3814 2547 ὁ

2159 2583 2436 2659 ματρίριιος
2481 2584 2604 2659 ὄναρ
2649 2586 2773 2660 ὁρᾷν
2831 2585 2918 2640 τὸε
2972 2585 3318 2661 πατριάργην
3363 2587 3516 2659 μετὰ
3571 2591 3679 2640 τῶν
3720 2603 3814 2637 πε-

2158 2671 2358 2743 νήτων,
2394 2673 2481 2728 ὅτε
2527 2673 2623 2746 μὲν
2678 2673 2822 2730 ἅπαν
2878 2674 2940 2730 τὸ
2986 2673 3178 2730 πλοῖον
3235 2675 3589 2753 περιθέοντα,
3641 2672 3727 2730 ὅτε
3767 2668 3812 2726 δὲ

2161 2762 2252 2818 σὺν
2313 2767 2497 2825 αὐτοῖς
2533 2764 2626 2828 τὰς
2671 2777 2866 2842 χεῖρας
2909 2764 2981 2828 εἷς
3025 2763 3241 2840 οὐρανὸν
3301 2765 3536 2842 όρέγοντ
3581 2761 3679 2820 καί
3713 2759 3816 2842 ,τὴν

2159 2851 2366 2908 ἐκεῖθεν
2423 2841 3099 2928 βοήθειανέξαιτούμενον.
3139 2844 3229 2916 εΩς
3274 2841 3343 2908 δέ
3381 2856 3478 2910 καὶ
3528 2855 3671 2926 πρὸς
3705 2841 3813 2906 (Pd-

2159 2938 2243 2996 δον
2318 2940 2420 3008 ἢδη
2495 2942 2654 3010 νῆσον
2726 2940 3049 3022 κατέλαϐον,
3112 2941 3268 3007 αὐτὸς
3324 2942 3544 3008 ἐκεῖνος
3619 2945 3648 2998 ὃ
3711 2960 3810 2994 πει-

2159 3032 2450 3111 τριάρχης,
2513 3032 2565 3088 ἐν
2632 3031 2878 3088 ἐκστάσει
2944 3032 3257 3109 γενόμενος,
3321 3031 3466 3110 ὕπαρ
3529 3035 3632 3090 οὖσι
3700 3028 3811 3102 ὄναρ

2158 3126 2252 3195 ὁρᾷ
2302 3121 2548 3199 λαμπρὸν
2577 3120 2738 3199 ἄνδρα
2797 3121 3040 3201 εὐνούχῳ
3099 3121 3343 3196 ἐοικότα,
3379 3124 3629 3202 χρύσεον
3685 3116 3806 3202 axi,-

2158 3233 2320 3288 πτρον
2365 3211 2420 3266 ἐν
2466 3212 2651 3290 χερσὶν
2708 3211 2929 3290 ἔχοντα,
2992 3211 3136 3286 αὒτῷ
3190 3233 3245 3267 τε
3308 3211 3708 3287 προσελθόντα,
3757 3197 3806 3263 Ὀ

2164 3300 2440 3372 Κασιλευς,
2474 3301 2659 3378 φάναι,
2686 3301 2790 3358 τῶν
2843 3299 3233 3376 βασιλευόντων
3276 3299 3435 3358 καλεῖ
3470 3323 3561 3364 σε.
3626 3295 3808 3355 Αὐτίκα

2159 3397 2283 3463 γοῦν
2344 3391 2433 3444 τὸν
2507 3391 2782 3465 πατρίκιον
2852 3390 3355 3463 μετακαλεσάμενος
3427 3392 3523 3448 καὶ
3597 3389 3664 3445 τὰ
3718 3388 3809 3452 τῆς

433 3477 942 3555 splendidissime,
975 3477 1256 3542 studuisti
1317 3498 1425 3539 nos
1455 3478 1758 3541 deducere
1788 3480 1860 3540 ad
1913 3499 2074 3556 eum,

2165 3477 2335 3553 ὅψεως
2395 3481 2466 3544 ὡς
2498 3480 2658 3559 εἶχεν
2711 3480 2894 3552 εἰπὼν,
2930 3481 3005 3534 Σὺ
3035 3480 3157 3553 μὲν,
3185 3480 3231 3535 ὦ
3273 3478 3655 3558 λαμπρότατε,
3687 3477 3802 3553 ἔφη,

434 3565 534 3646 qui
567 3576 775 3644 regnat
806 3568 862 3627 in
900 3577 1059 3630 terra
1089 3586 1101 3630 :
1133 3567 1234 3646 qui
1265 3577 1460 3628 autem
1499 3570 1714 3631 caelum
1770 3578 1830 3632 et
1857 3578 2075 3630 terram

435 3664 491 3716 et
523 3657 720 3716 omnia
748 3675 853 3718 sua
908 3664 1069 3719 tenet
1120 3657 1370 3734 ditione,
1408 3658 1568 3737 prior
1598 3658 1669 3719 ad
1704 3677 1769 3720 se
1797 3660 2074 3723 accersit.

434 3745 538 3808 Ille
572 3763 709 3806 vero
743 3747 858 3806 hoc
891 3745 1051 3808 dicto
1087 3748 1327 3808 tristitia
1381 3749 1634 3810 allectus
1667 3757 1722 3810 et
1749 3749 1956 3810 dolore
1985 3768 2079 3811 re-

435 3835 651 3914 pletus,
685 3854 804 3894 non
843 3835 1030 3914 potuit
1060 3837 1303 3916 quidem
1332 3856 1468 3898 eum
1494 3838 1910 3901 retinere.Sed
1940 3858 2075 3900 cum

432 3923 860 3985 venerabilium
913 3926 1044 4004 ejus
1095 3945 1339 4006 precum
1377 3927 1640 3989 fructum
1667 3929 1939 4007 jucunde
1969 3948 2074 3991 ac-

434 4013 714 4092 cepisset,
745 4033 922 4094 quam
961 4017 1150 4096 potuit
1182 4017 1674 4080 ofﬁcisiosissime
1709 4037 1843 4080 eum
1877 4018 2075 4080 dimit-

435 4103 502 4164 tit
534 4103 592 4165 in
626 4102 903 4183 Cyprum.

520 4193 928 4257 LXXIV.Cum
949 4203 1144 4256 autem
1168 4195 1226 4257 in
1251 4215 1420 4258 suam
1449 4197 1750 4259 civitatem
1775 4199 2079 4276 pervenis-

439 4291 529 4346 set
565 4286 1195 4365 Amathuntem,jussit
1213 4287 1429 4348 scribis
1448 4295 1512 4348 ut
1532 4286 1871 4348 scriberent
1894 4298 2078 4349 testa—

441 4382 732 4447 mentum,
767 4375 927 4455 quod
948 4376 1034 4437 sic
1064 4375 1321 4436 habebat
1356 4394 1368 4439 ξ
1394 4376 1659 4440 Joannes
1680 4377 1926 4438 humilis
1954 4380 2082 4458 qui-

440 4461 574 4522 dem
600 4481 806 4524 servus
828 4483 1138 4526 servorum
1169 4465 1551 4545 Dei,propter
1567 4474 1762 4526 autem
1793 4467 1936 4528 mihi
1965 4468 2079 4529 im-

443 4551 692 4630 positam
721 4555 1098 4630 pontiﬁcatus
1129 4555 1503 4633 dignitatem,
1540 4556 1726 4634 gratia
1752 4555 1969 4617 Christi
2003 4558 2078 4619 li-

441 4639 684 4718 ber,ago
711 4640 812 4702 tibi
847 4644 1086 4720 gratias,
1124 4643 1375 4705 Domine
1409 4647 1568 4706 Deus
1594 4645 1951 4724 meus,quod
1991 4665 2083 4707 me

441 4728 685 4807 dignum
709 4740 1038 4812 censueris,
1074 4733 1180 4812 qui
1211 4741 1306 4793 tua
1330 4732 1438 4794 tibi
1466 4733 1746 4794 otl‘errem
1784 4749 1800 4795 :
1835 4743 1894 4796 et
1925 4736 2082 4815 quod

439 4838 508 4881 ex
536 4820 740 4882 mundi
764 4819 936 4883 bonis
979 4823 1128 4884 nihil
1153 4822 1311 4883 aliud
1335 4824 1412 4884 sit
1451 4823 1595 4883 mihi
1617 4823 1943 4903 reliquum,
1971 4827 2084 4887 nisi

439 4911 610 4972 tertia
633 4929 774 4991 pars
798 4913 1050 4992 nummi;
1080 4929 1256 4988 quam
1280 4914 1465 4990 ipsam
1485 4911 1669 4992 jubeo
1693 4933 1930 4992 quoque
1954 4909 2084 4975 dari

441 4999 932 5080 pauperibus,qui
965 5011 1102 5061 sunt
1126 5002 1267 5061 mihi
1296 5001 1507 5063 fratres
1533 5002 1590 5063 in
1618 5001 2088 5074 Christo.Quan-

441 5088 516 5149 do
541 5089 699 5149 enim
716 5089 820 5152 Dei
844 5090 1241 5168 promissione
1261 5101 1496 5152 creatus
1515 5091 1592 5152 fui
1609 5091 1930 5173 episcopus
1948 5093 2087 5156 Ale-

442 5177 724 5250 xandriae,
764 5177 960 5238 inveni
995 5178 1052 5238 in
1109 5197 1240 5240 meo
1297 5180 1648 5259 episcopatu
1679 5181 1922 5242 circiter
1952 5190 2086 5243 octo

441 5267 626 5328 millia
659 5266 945 5327 librarum
980 5269 1133 5329 auri:
1171 5289 1239 5329 ex
1276 5269 1582 5330 oblatione
1613 5278 1813 5331 autem
1846 5271 2083 5350 piorum

443 5357 662 5417 millies
694 5357 782 5417 his
826 5358 1150 5437 ampliores
1173 5359 1385 5437 collegi
1413 5360 1699 5438 pecunias
1731 5380 1743 5421 :
1772 5379 1918 5438 quas
1947 5379 2083 5421 cum

439 5459 847 5520 cognoscerem
875 5467 1002 5507 esse
1024 5451 1260 5518 Christi,
1296 5453 1520 5509 Christo
1550 5455 1720 5508 etiam
1745 5453 1880 5509 da:e
1906 5453 2081 5515 volui,

441 5533 531 5591 cui
561 5551 719 5593 nunc
749 5553 988 5614 quoque
1041 5534 1207 5596 trado
1258 5537 1544 5598 animam.
1579 5539 1726 5598 Cum
1754 5537 1864 5599 hoc
1899 5546 2083 5602 testa-

516 5663 570 5712 ίο
598 5662 799 5725 Matth
835 5682 897 5744 χ,
933 5666 1046 5730 es.

2109 4876 2154 4927 D

2162 3571 2294 3644 πρὸς
2349 3571 2436 3626 τὸν
2467 3569 2560 3625 ἐπὶ
2607 3570 2709 3646 γῆς
2737 3568 3088 3646 βασιλεύοντα
3141 3568 3375 3637 σπουδὴν
3405 3572 3618 3632 ἐποίεις
3673 3569 3807 3640 ἡμᾶς

2161 3659 2412 3734 ἆγαγεϊν³
2474 3662 2500 3715 ὁ
2533 3659 2586 3715 δί
2618 3659 2840 3736 οὐρανοῦ
2885 3660 2972 3716 καὶ
3028 3664 3130 3737 γῆς
3186 3661 3273 3716 καὶ
3303 3660 3524 3718 πάντων
3581 3655 3799 3736 κρατῶν,

2161 3748 2360 3826 φθάσας
2435 3751 2566 3827 πρὸς
2653 3751 2838 3806 ἑαυτὸν
2925 3748 3329 3824 μετεστείλατο.
3417 3746 3802 3826 Σκυθρωπᾶσας

2161 3837 2250 3894 οῦν
2307 3839 2392 3894 ἐπὶ
2435 3846 2511 3912 τῷ
2559 3837 2705 3916 λόγῳ
2735 3838 2968 3909 ἐκεῖνος,
3001 3841 3096 3894 καί
3154 3837 3328 3904 λύπης
3373 3834 3682 3908 πληρωθεὶς
3710 3831 3798 3896 τὴν

2159 3927 2394 4007 καρδίαν,
2433 3929 2691 4008 ἐπισχεῖν
2738 3927 2834 4003 μὲν
2869 3930 3024 3992 αὐτὸς
3087 3927 3190 4009 οὒχ
3225 3928 3343 3993 οἶός
3375 3949 3430 3985 τε
3481 3929 3576 4008 ἧν,
3608 3931 3709 3981 τῶν
3749 3919 3797 3976 δὲ

2159 4020 2346 4094 τιμίων
2404 4021 2566 4076 αὐτοῦ
2621 4019 3038 4097 κατατρυφήσας
3101 4018 3302 4097 εὐχῶν,
3355 4018 3494 4093 μετὰ
3553 4014 3791 4074 πλείστης

2160 4105 2291 4172 ὅσης
2324 4113 2425 4174 τῆς
2457 4108 2708 4184 θεραπίας
2755 4108 2888 4185 πρὸς
2923 4107 3020 4174 τὴν
3053 4107 3265 4186 Κύπρον
3293 4106 3582 4182 ἐκπέμπει.

2241 4197 2372 4257 ΟΔ’.
2422 4198 2570 4254 Ἐπεὶ
2601 4197 2690 4252 οὖν
2719 4195 2818 4263 τὴν
2846 4194 2978 4252 ἰδίαν
3009 4195 3168 4254 πόλιν
3211 4195 3549 4272 Ἀμαθοῦντα
3578 4189 3786 4250 κατέλα-

2161 4285 2243 4360 ϐεν
2301 4285 2571 4355 διαθήκην
2626 4299 2745 4348 τοῖς
2812 4287 3204 4365 ὑπογραφεῦσιν
3275 4285 3525 4343 ἐκέλευσε
3594 4281 3785 4362 γράφειδ

2163 4379 2397 4457 ἔχουσαν
2455 4375 2578 4434 ὦδε.
2616 4375 2872 4441 Ἰωάννης
2933 4372 3119 4442 δοῦλος
3153 4375 3250 4451 μὲν
3297 4374 3518 4442 εὐτελὴς
3549 4377 3646 4430 τῶν
3671 4368 3782 4424 Θεοῦ

2163 4466 2391 4541 δούλων,
2445 4466 2527 4522 διὰ
2587 4463 2643 4520 δὲ
2704 4468 2764 4520 τὸ
2825 4463 3065 4521 ἐπιτεθέν
3126 4489 3216 4535 μοι
3257 4464 3354 4533 τῆς
3411 4457 3774 4546 ἀρχιερωσύνης

2167 4556 2396 4632 ἀξίωμα,
2461 4557 2646 4635 χάριτι
2701 4561 2929 4633 Χριστοῦ
2986 4555 3280 4634 ἐλεύθερος,
3343 4554 3768 4646 εὖχαριστῶισοι,

2171 4647 2322 4723 Κύριε
2381 4648 2408 4702 ὁ
2475 4646 2606 4709 Θεός
2651 4665 2774 4723 μου,
2822 4643 2903 4699 ὅτι
2967 4666 3035 4719 με
3097 4644 3434 4712 κατηξίωσας
3491 4643 3552 4700 τὰ
3605 4635 3663 4694 cit
3695 4635 3768 4723 νςδῖ

2167 4718 2582 4814 προσενεγκεῖν·
2648 4718 2734 4791 καὶ
2758 4718 2770 4723 ⁷
2795 4732 2924 4808 μηδ’
2970 4718 3147 4791 ὁτιοῦν
3175 4733 3306 4791 ἄλλο
3358 4755 3450 4808 μοι
3481 4739 3593 4826 νῦνῇ
3607 4731 3672 4798 τῷ

2170 4807 2565 4904 περιλειφψθῆνρι
2627 4824 2710 4881 ὅτι
2910 4825 3084 4901 τρίτον
3158 4807 3511 4902 νομίσματος,
3567 4819 3679 4891 ὅπερ
3723 4807 3773 4871 δῆ

2171 4917 2256 4972 καὶ
2313 4916 2441 4974 αὗτὸ
2475 4927 2594 4976 τοῖς
2641 4914 2834 4980 πένησι
2881 4926 3001 4977 τοῖς
3041 4916 3098 4970 ἐν
3159 4917 3372 4992 Χριστῷ
3413 4913 3657 4991 ἀδελφοῖς
3694 4918 3775 4977 μου

2170 5003 2385 5070 δοθῆναι
2442 5004 2667 5061 κελεύω.
2717 5001 2846 5059 ’Ὅτε
2904 5003 3004 5080 γὰρ
3065 5004 3202 5060 κατᾶ
3252 5011 3401 5068 ,Θεοῦ
3471 5003 3774 5079 συγχώρησιν

2171 5091 2559 5170 Ἀλεξανδρέων
2618 5093 2910 5156 ἐπίσκοπος
2956 5091 3315 5172 προεϐλήθην,
3351 5095 3467 5171 περὶ
3498 5092 3591 5151 τὰς
3643 5085 3775 5141 ὀκτα-

2170 5182 2442 5262 κιςχιλίας
2481 5189 2573 5238 τοῦ
2627 5183 2850 5261 χρύσίου
2898 5181 3076 5258 λίτρας
3122 5182 3176 5236 ἐν
3231 5189 3310 5256 τῷ
3341 5178 3658 5248 έπισκοπείῷ
3697 5185 3774 5243 μου

2171 5273 2328 5332 οὔσας
2388 5273 2627 5352 ἐφεῦρον,
2663 5273 2722 5327 ἐκ
2781 5277 3139 5350 προσαγωγῆς
3204 5272 3259 5326 δὲ
3309 5269 3573 5351 φιλοθέων
3627 5277 3779 5353 ptumo"

2170 5361 2371 5418 πλάσια
2415 5365 2617 5418 τούτων
2660 5363 2965 5439 συνήγαγον
3009 5363 3294 5440 χρήματα·
3359 5359 3392 5414 ἃ
3453 5361 3543 5414 τοῦ
3596 5364 3777 5434 Χριστου

2169 5449 2259 5507 ὀ¹ντ
2329 5453 2607 5527 γινώσκων
2636 5498 2651 5526 ,
2714 5450 2930 5530 Χριστῶ
3001 5452 3088 5506 καὶ
3159 5451 3336 5506 δοῦναι
3421 5441 3778 5526 προεθυμήθην,

2167 5543 2314 5616 ὥπερ
2371 5546 2454 5596 νῦν
2490 5541 2576 5596 καὶ
2631 5545 2730 5607 την
2761 5541 2946 5621 ψυχὴν
3005 5536 3364 5619 παραδίδωμι,
3421 5544 3595 5598 Ταῦτα
3635 5531 3764 5589 οὕτως
