4006 6138
288 271 428 342 961

1315 274 1503 341 VITA
1550 276 1609 338 S.
1656 266 1977 338 JOANNIS
2019 271 2668 339 ELEEMOSYNARII.

3558 278 3677 346 962

293 413 327 465 ὁ
409 413 578 488 μέγας
621 419 715 468 τοῦ
772 418 904 468 Θεοῦ
961 409 1234 490 ἅνθρωπος
1292 407 1619 486 διαθέμενος,
1653 410 1724 473 εἷς
1757 419 1952 488 χεῖρας

2051 417 2305 470 mentum
2341 409 2431 470 sui
2482 410 2728 471 fecisset
2785 409 2885 472 ille
2916 427 3168 491 magnus
3200 412 3376 476 homo
3409 415 3540 491 Dei,
3575 415 3677 478 de-

293 504 450 557 Θεοῦ
478 507 675 572 ζῶντος
707 503 768 557 τὸ
799 508 1005 576 πνεῦμα
1036 500 1292 578 παρέθετο

402 590 530 648 OE'.
593 598 779 665 Θαῠμα
835 588 891 646 δὲ
951 592 1150 669 γίνεται
1212 589 1337 668 περῖ
1398 591 1494 655 τὴν
1540 591 1700 648 αὐτού
1758 588 1952 666 ταφὴν,

296 679 529 743 οὐδενὸς
604 680 711 736 τῶν
778 680 1000 736 πώποτε
1054 678 1628 758 θαυματουργηθέντων
1689 676 1951 756 δεύτερον.

299 772 470 828 Κατὰ
501 771 600 849 γὰρ
630 771 720 826 τὸν
782 771 1060 848 εὒκτήριον
1092 770 1248 827 οἶκον
1297 777 1390 826 τοῦ
1443 772 1841 846 θαυματουργοῠ
1901 766 1955 821 ’έν

297 878 422 915 τινι
483 861 630 939 σοφῷ
673 857 760 916 δύο
797 859 1022 934 σώματα
1068 859 1377 915 ἐπισκόπων
1423 857 1725 934 κρυπτούσῃ
1782 877 1956 911 κατα-

297 948 548 1006 τίθεσθαι
606 949 920 1025 μέλλοντος,
965 949 1030 1016 ἦν
1089 947 1225 1006 ἰδεῖν
1265 951 1332 1005 τὰ
1390 948 1547 1026 νεκρὰ
1582 946 1731 1003 ταύτὶ
1763 945 1956 1021 σώμα-

298 1060 404 1113 τα,
446 1037 626 1118 ὥσπερ
689 1039 1062 1120 ἐμψυχωμένα
1121 1037 1276 1102 σέϐας
1323 1041 1398 1113 τῷ
1456 1037 1703 1115 μακαρίῳ
1746 1041 1957 1110 σώματι

300 1126 574 1203 νέμοντα.
637 1127 934 1186 Ἐκστάντα
1001 1129 1100 1206 γὰρ
1161 1127 1255 1185 ἄπ’
1305 1127 1579 1199 ἀλλήλων,
1629 1125 1790 1202 μέσον
1833 1125 1960 1181 αὐτὸ

300 1216 717 1298 παραδέχονται
754 1235 769 1250 ⁸
832 1219 928 1276 καί
962 1226 1120 1276 τοῦτο
1149 1219 1247 1294 μὲν
1278 1219 1397 1296 περὶ
1453 1216 1551 1283 τήν
1595 1217 1767 1294 ταφὴν
1797 1213 1960 1293 γενό-

299 1328 508 1382 μενον,
557 1308 790 1372 πολλαῖς
823 1310 1006 1384 ὄψεσιν
1040 1309 1226 1384 ἐθεάθη
1265 1325 1278 1339 ’
1309 1308 1489 1388 ἕτερον
1533 1306 1588 1362 δὲ
1618 1308 1710 1363 οὒκ
1741 1305 1959 1361 ἔλαττον

293 1397 508 1454 τούτου
538 1400 746 1473 προϊὼν
773 1401 800 1455 ὂ
831 1398 990 1478 λόγος
1027 1398 1281 1467 δηλώσει.

2043 498 2239 575 posuit
2269 499 2546 577 spiritum
2582 500 2640 558 in
2676 517 2886 560 manus
2913 501 3020 562 Dei
3052 500 3321 563 viventis.

2121 584 2340 649 LXXV.
2377 589 2440 650 ln
2474 589 2604 664 eius
2634 597 2831 649 autem
2863 589 3172 668 sepultura
3205 593 3266 651 fit
3296 589 3672 665 miraculum,

2040 676 2198 750 quod
2225 676 2372 736 nulli
2398 677 2554 737 cedit
2578 696 2647 737 ex
2670 677 2908 758 iis.quae
2927 697 3190 755 unquam
3219 680 3371 740 facta
3397 687 3538 742 sunt
3569 679 3678 740 mi-

2037 763 2424 827 rabilia.Nam
2448 784 2582 828 cum
2607 776 2763 828 esset
2784 768 3251 846 deponendusin
3278 771 3404 830 aede
3421 769 3682 830 oratoria

2039 853 2484 916 admirabilium
2509 875 2756 934 operum
2783 857 3081 918 eil‘ectoris
3103 859 3494 938 Tychonis,in
3528 877 3679 940 qua-

2039 940 2174 1002 dam
2200 949 2466 1022 capsa,in
2501 963 2618 1024 qua
2643 955 2812 1006 erant
2835 946 3077 1008 condita
3117 948 3234 1008 duo
3257 967 3511 1027 corpora
3545 947 3676 1028 epi-

2040 1049 2386 1113 scoporum;
2413 1034 2616 1096 videre
2640 1033 2857 1096 licebat
2885 1036 3007 1097 haec
3027 1049 3260 1098 mortua
3286 1056 3537 1118 corpora
3552 1038 3680 1099 vel-

2044 1123 2128 1182 uti
2159 1123 2420 1183 animata
2455 1123 2723 1186 tribuere
2751 1126 2971 1187 cultum
2998 1125 3171 1188 beato
3195 1129 3450 1207 corpori.
3469 1125 3612 1188 Nam
3646 1146 3682 1190 a

2043 1229 2107 1272 se
2136 1211 2388 1274 invicem
2422 1215 2785 1293 sejuncta,id
2816 1216 3077 1277 medium
3109 1217 3433 1297 accipiunt.
3462 1219 3533 1280 Et
3563 1218 3679 1278 hoc

2043 1301 2311 1380 quidem,
2346 1305 2505 1380 quod
2541 1305 2736 1366 evenit
2767 1306 2827 1366 in
2859 1306 2990 1385 ejus
3018 1307 3343 1386 sepultura,
3369 1307 3557 1368 visum
3591 1318 3681 1368 est

2047 1390 2366 1452 multorum
2397 1393 2585 1454 oculis
2619 1411 2633 1455 :
2669 1394 2918 1455 alterum
2953 1403 3149 1456 autem
3195 1415 3266 1458 eo
3307 1415 3423 1458 non
3459 1399 3677 1472 minus,

2047 1481 2381 1558 procedens
2403 1483 2731 1547 declarabit
2764 1485 2979 1547 oratio.

1784 1587 2022 1653 CAPUT
2067 1586 2216 1651 XlV.

1425 1698 1735 1764 Miracula
1764 1705 1904 1780 post
1931 1698 2064 1774 ejus
2094 1706 2351 1758 martem
2382 1701 2571 1776 facta.

404 1823 548 1898 OC'.
587 1826 806 1884 Γύναιον
835 1826 936 1906 γάρ
966 1849 1016 1883 τι
1047 1826 1140 1894 τῆς
1172 1825 1536 1904 ἐνεγκαμένης
1567 1824 1659 1879 τὸν
1691 1822 1956 1895 πατριάρ-

2051 1905 2061 1910 μ
2123 1817 2373 1883 LXXVI.
2410 1823 2690 1895 Quadam
2724 1825 2885 1887 enim
2921 1826 3140 1889 mulier
3170 1835 3299 1889 orta
3329 1828 3388 1890 in
3419 1829 3681 1910 oppidu-

298 1936 435 1993 χην
467 1914 730 1995 πολίχνης
787 1917 1126 1995 ὁρμώμενον,
1179 1918 1296 1973 insi
1332 1915 1525 1991 ἔμαθεν
1570 1913 1675 1980 ἤδη
1743 1911 1958 1987 μέλλειν

303 2004 482 2058 αὐτὸν
546 2006 676 2081 πρὸς
756 2005 941 2082 Κύριον
1025 2003 1304 2080 ἐκδημεῖν,
1385 2005 1524 2082 μέγα
1579 2025 1628 2058 τι
1687 2005 1773 2058 καὶ
1830 2003 1961 2077 βαρδ

305 2092 620 2171 ἁμάρτημα
664 2095 826 2170 ἑαυτῇ
869 2093 1160 2172 συνειδυῖα,
1219 2094 1540 2174 προστρέχει
1583 2099 1660 2166 τῷ
1719 2090 1960 2168 μακαρίῳ

304 2183 541 2258 θερμοῖς
601 2181 818 2263 δάκρυσι
878 2192 985 2241 τῶν
1038 2189 1198 2244 αὒτοῦ
1257 2184 1434 2242 ποδῶν
1506 2183 1809 2257 ἁπτομένη,
1872 2178 1959 2235 διὰ

313 2277 636 2351 προσευχῆς
694 2272 896 2330 ἐκείνου
951 2272 1100 2330 λύσιν
1171 2277 1361 2350 ᾐτεῖτο
1403 2283 1495 2331 τοῦ
1537 2273 1959 2347 ἧμαρτήματοςο

315 2359 385 2417 Ὀ
420 2359 498 2433 δὲ,
540 2364 596 2418 Εἰ
658 2364 947 2432 πιστεύεις,
983 2363 1109 2444 ἔφη,
1144 2365 1224 2422 ὅτι
1257 2387 1338 2420 σοι
1371 2362 1455 2419 διὰ
1486 2362 1583 2430 τῆς
1615 2362 1752 2435 ἐμῆς
1785 2383 1959 2438 προσ-

321 2452 498 2530 ευχῆς
543 2455 604 2507 τὸ
645 2453 941 2531 ἁμάρτημα
975 2453 1177 2528 λύεται,
1213 2452 1703 2532 ἐξομολογήσ>··“οαί
1751 2472 1833 2505 σοι
1878 2449 1963 2505 δεῖ

318 2540 536 2606 πάντως
587 2541 736 2603 αὐτό,
781 2542 930 2599 Ἐπεὶ
992 2541 1047 2599 δὲ
1111 2543 1189 2618 μη
1235 2541 1479 2599 δύνασθαι
1511 2545 1665 2598 τοῦτο
1697 2541 1803 2596 τῶν
1831 2560 1961 2617 χει-ι

320 2628 464 2685 λέων
523 2646 869 2710 προενεγκεῖν
931 2632 1101 2711 ἔλεγε,
1171 2631 1254 2688 διὰ
1313 2634 1521 2712 γραφῆς
1587 2631 1715 2687 αὖτὸ
1767 2629 1964 2695 δηλοῦν

322 2720 682 2797 προετρέπετο
718 2737 732 2752 ·
795 2725 869 2785 ὡς
928 2720 981 2777 δὲ
1013 2724 1099 2779 καὶ
1131 2725 1262 2799 πρὸς
1295 2723 1421 2778 αὐτὸ
1463 2720 1962 2798 δυσανασχετοῠσαν

2046 1905 2126 1984 lo,
2162 1910 2320 1988 quod
2357 1912 2568 1974 tulerat
2623 1915 3044 1994 patriarcham,
3097 1927 3408 1998 postquam
3442 1905 3688 1984 rescivit

2045 2014 2178 2058 eum
2206 1999 2335 2078 jam
2369 2019 2505 2064 esse
2563 2006 2950 2083 migraturum
3001 2006 3074 2068 ad
3113 2007 3455 2082 Dominum,
3491 2010 3690 2087 magni

2046 2096 2106 2147 et
2153 2089 2350 2165 gravis
2406 2093 2639 2172 peccati
2688 2095 2802 2156 sibi
2863 2095 3106 2157 conscia
3135 2098 3398 2158 accurrit
3431 2097 3502 2158 ad
3537 2096 3687 2160 bea-

2046 2182 2218 2240 tum:
2274 2188 2332 2240 et
2389 2181 2599 2243 calidis
2662 2184 2937 2264 lacrymis
2982 2186 3257 2264 profusis,
3321 2189 3449 2264 ejus
3502 2188 3686 2267 pedes

2048 2273 2318 2344 tangens,
2356 2271 2594 2348 petebat
2627 2273 2788 2334 illius
2821 2275 3048 2354 peccati
3081 2275 3543 2339 absolutionem.
3579 2277 3684 2338 llle

2044 2362 2241 2444 autem
2280 2377 2295 2418 :
2333 2359 2381 2419 si
2409 2362 2633 2435 credis,
2669 2363 2884 2443 inquit,
2920 2365 3070 2426 meis
3106 2364 3387 2444 precibus
3439 2378 3495 2425 te
3551 2384 3685 2427 esse

2043 2436 2254 2505 abhoc
2297 2458 2540 2526 peccato
2571 2436 3011 2530 absolvendam,
3049 2436 3282 2532 oportet
3331 2454 3574 2515 omnino
3628 2462 3684 2517 te

2046 2532 2103 2593 id
2140 2536 2304 2612 prius
2353 2541 2647 2603 confiteri.
2711 2541 2855 2604 Cum
2914 2551 3116 2604 autem
3168 2541 3413 2606 dixisset
3467 2563 3532 2606 se
3563 2563 3681 2606 non

2048 2641 2223 2700 posse
2257 2625 2314 2686 id
2341 2626 2524 2690 labris
2557 2631 2846 2710 proferre,
2875 2632 3056 2711 jussit
3089 2633 3145 2693 id
3179 2634 3418 2712 scriptis
3450 2635 3682 2713 signiﬁ-

2044 2729 2204 2773 care.
2240 2714 2385 2777 Cum
2418 2736 2558 2779 vero
2589 2720 2813 2781 videret
2846 2740 2973 2781 eam
3007 2723 3064 2782 id
3098 2741 3254 2798 aegre
3284 2723 3461 2797 ferre,
3512 2723 3687 2802 jubet

325 2805 546 2883 ἔϐλεπε,
601 2816 866 2890 γραφῆναι
929 2811 1133 2868 κελεύει
1212 2811 1266 2867 ἐν
1328 2817 1394 2887 τῇ
1453 2810 1704 2891 σφραγῖδι
1762 2817 1961 2874 ταύτης

2051 2810 2110 2892 ut
2140 2808 2265 2882 ipsa
2298 2806 2354 2866 id
2389 2809 2630 2882 scribat,
2669 2820 2725 2870 et
2756 2829 2860 2871 suo
2897 2813 3082 2892 ipsius
3108 2812 3306 2890 sigillo
3342 2813 3591 2886 muniat,
3629 2823 3688 2874 et

325 2897 741 2978 ἀσφαλισθῆναι,
822 2904 910 2958 καὶ
981 2902 1147 2966 οὕτως
1220 2905 1363 2974 αὐτῷ
1444 2903 1504 2956 τὸ
1588 2910 1962 2977 γραμματεῖον

2051 2891 2130 2952 sic
2165 2892 2219 2954 ei
2283 2896 2477 2957 tradat
2532 2891 2932 2962 schedulamf
2970 2903 3118 2963 Cum
3172 2901 3259 2962 sic
3289 2921 3429 2980 ergo
3461 2901 3683 2962 factum

323 2986 749 3067 ἐγχειρισθῆναι.
803 2990 982 3056 Οὕτως
1038 2991 1127 3047 οὖν
1172 2991 1460 3070 γενομένου
1509 2993 1597 3047 καὶ
1628 2993 1700 3053 εἰς
1732 2989 1826 3053 τὰς
1862 2988 1959 3044 αὒ-

2051 2989 2206 3043 esset
2260 2991 2317 3044 et
2349 2985 2406 3045 in
2440 2986 2570 3065 ejus
2604 3007 2812 3050 manus
2873 2990 3086 3051 tradita
3137 2990 3346 3051 fuisset
3377 2989 3687 3068 obsignata

321 3085 422 3134 τοῦ
480 3093 675 3159 χεῖρας
706 3079 1208 3158 διασεσημασμένου
1258 3079 1626 3144 πιστευθέντος
1657 3079 1752 3136 τοῦ
1781 3101 1962 3158 γραμ-

2051 3071 2356 3154 schedula,
2391 3076 2632 3154 rogabat
2669 3080 2886 3140 mulier
2916 3099 3050 3140 eum
3079 3080 3415 3155 obtestans,
3443 3088 3506 3141 ut
3535 3081 3684 3141 nihil

319 3169 570 3246 ματείου,
618 3168 792 3228 ὲὸεϊτο
842 3173 876 3238 ἡ
935 3172 1070 3250 γυνὴ
1130 3170 1308 3249 ὅρκοις
1339 3173 1496 3229 αὐτὸν
1530 3168 1954 3250 ἀσφαλιζομέθη,

2051 3178 2273 3237 eorum,
2308 3183 2438 3242 quae
2460 3165 2717 3245 inerant,
2749 3169 2978 3231 veniret
3005 3169 3077 3231 ad
3107 3171 3458 3250 cujusquam
3483 3175 3684 3250 cogni-

319 3257 516 3336 μηδενὶ
577 3259 746 3336 μηδέν
820 3283 868 3318 τι
929 3261 1034 3318 τῶν
1093 3261 1418 3340 ἔγκειμένων
1479 3263 1550 3325 εἷς
1612 3260 1808 3339 γνῶσιν
1868 3257 1964 3314 ἒλ-
2051 3250 2296 3314 tionem.

316 3353 464 3410 θεῖν.

408 3437 531 3500 ΟΖ’.
567 3440 727 3496 Πέντε
762 3441 824 3496 1‘0
854 3439 960 3497 ἀπὸ
992 3439 1141 3497 τοῦδε
1181 3439 1451 3519 παρῆλθον
1509 3438 1728 3516 ἡμέραι,
1791 3439 1878 3494 καὶ
1937 3439 1964 3493 ὁ

330 3529 501 3607 μέγας
541 3531 629 3585 τὸν
661 3530 773 3606 βίον
802 3529 1108 3604 ἀπολιπὼν,
1156 3532 1295 3608 πρὸς
1337 3532 1431 3594 τὰς
1462 3531 1566 3585 τῶν
1599 3526 1813 3583 δικαίων
1845 3527 1962 3592 ἒξε-

328 3616 487 3694 δήμει
519 3620 747 3694 σκηνὰς,
780 3617 896 3676 οὐδὲ
925 3621 1043 3698 περὶ
1073 3620 1260 3676 τούτο.)
1296 3621 1358 3676 τὸ
1389 3619 1637 3694 παράπαν
1669 3617 1801 3694 πρός
1845 3638 1962 3671 τινα

326 3707 579 3787 εἰρηκώς.
615 3707 765 3764 Ἐπεὶ
795 3706 847 3762 δὲ
877 3706 913 3775 ἡ
944 3711 1102 3787 γυνὴ,
1130 3709 1266 3766 κατὰ
1296 3709 1439 3764 θείαν
1468 3705 1602 3771 ἴσως
1633 3705 1960 3780 οἷιιονομίαν,

325 3801 424 3856 οὒκ
456 3797 618 3878 ἔτυχε
647 3803 886 3874 παροῦσα
925 3803 1026 3865 τῆς
1056 3799 1260 3874 ἡμέρας
1293 3795 1410 3854 καθ’
1441 3797 1508 3865 ἣν
1543 3796 1695 3859 οὗτος
1724 3802 1819 3850 τοῦ
1851 3796 1963 3870 βίου

324 3889 605 3968 ἀφίστατο,
649 3889 790 3945 κατὰ
831 3887 928 3955 τὴν
991 3889 1088 3954 τῆς
1147 3893 1320 3967 ταφῆς
1381 3885 1814 3964 παραγενομένη,
1877 3886 1965 3940 καὶ

327 3979 705 4035 ὕποπτεύσασα
785 3979 994 4052 μήποτε
1077 3979 1138 4033 τὸ
1225 3979 1503 4034 πιστευθὲν
1590 3987 1964 4054 γραμματεῖον

334 4067 626 4144 ἀμεληθὲν,
699 4069 787 4124 καὶ
849 4073 927 4142 τῷ
989 4067 1314 4142 ἒπισκοπείῳ
1370 4065 1744 4147 καταλειφθὲν,
1799 4064 1966 4130 οὕτως

331 4157 650 4237 κατάφωρον
705 4158 926 4234 γένηται
990 4170 1108 4222 τοϊς
1159 4164 1312 4236 πᾶσι,
1361 4166 1552 4232 μικροῦ
1612 4158 1701 4212 καὶ
1760 4155 1967 4235 ἔκφρων

335 4249 403 4323 τῇ
455 4246 600 4323 λύπῃ
643 4246 850 4326 γέγονε,
898 4247 1072 4303 πίστει
1117 4244 1170 4301 δὲ
1216 4247 1517 4322 θερμοτάτῃ
1567 4245 1726 4301 πάλιν
1775 4246 1968 4312 ἑαυτὴν

332 4337 772 4411 ἀνακτησαμένη,
834 4341 907 4402 ὼς
952 4337 1082 4415 εἶχε
1139 4337 1338 4416 τάχους
1397 4337 1494 4403 τὴν
1541 4335 1742 4392 ἐκείνου
1801 4358 1967 4392 κατα-

331 4423 597 4500 λαμϐάνει
653 4427 807 4504 σορόν
839 4443 853 4459 ⁶
897 4427 992 4484 καῖ
1039 4427 1218 4504 ὥσπερ
1267 4432 1461 4496 ζῶντος
1495 4425 1655 4482 αὒτοῦ
1687 4423 1917 4482 κατεϐόα
1951 4443 1964 4457 ⁸

333 4517 396 4574 Τί
425 4523 580 4574 τοῦτο
609 4517 936 4590 πεποίηκας,
959 4519 1004 4572 ὦ
1023 4516 1292 4593 θεσπέσιε,
1327 4517 1414 4572 ἐπ’
1439 4517 1580 4591 ἓμοὶ,
1616 4514 1867 4593 λέγουσα,
1899 4523 1968 4592 τῇ

2126 3429 2402 3495 LXXVII.
2443 3435 2716 3516 Quinque
2746 3437 2873 3498 dies
2896 3436 3113 3499 abhinc
3147 3439 3593 3518 praeterieram:
3628 3450 3688 3502 et

2053 3537 2299 3608 magnus
2321 3523 2422 3585 ille
2445 3526 2741 3587 excedens
2769 3546 2800 3588 e
2821 3527 2957 3602 vita,
2983 3527 3250 3606 migravit
3280 3528 3350 3588 ad
3377 3530 3683 3608 justorum

2051 3607 2456 3688 tabernacula,
2494 3634 2626 3676 cum
2661 3616 2809 3678 nihil
2844 3616 2918 3678 de
2949 3635 3017 3678 ea
3039 3636 3105 3678 re
3122 3607 3394 3697 cuiquam
3430 3618 3685 3681 dixisset

2049 3701 2312 3761 omnino.
2348 3703 2491 3765 Cum
2519 3715 2716 3766 autem
2742 3707 2976 3779 mulier,
3012 3707 3218 3769 divina
3249 3707 3505 3784 quadam
3535 3709 3688 3772 forte

2052 3790 2445 3867 providentia,
2471 3814 2586 3854 non
2605 3795 2890 3855 adfuisset
2922 3795 3024 3857 illo
3059 3797 3176 3872 die,
3214 3817 3332 3877 quo
3367 3799 3624 3859 excessit
3656 3818 3688 3860 e

2048 3877 2186 3964 vita,
2216 3899 2284 3941 ea
2310 3883 2604 3944 accedens
2653 3886 2723 3945 ad
2785 3885 3175 3964 sepulturam,
3208 3895 3267 3947 et
3296 3886 3575 3948 dubitans
3610 3907 3684 3948 ne

2049 3962 2203 4029 forte
2229 3989 2359 4050 quae
2379 3972 2507 4050 ejus
2533 3973 2669 4033 fidei
2693 3962 3014 4035 commissa
3034 3962 3229 4036 fuerat
3250 3977 3685 4052 schedula,ne-

2049 4059 2244 4137 glecta
2265 4073 2322 4122 et
2348 4062 2406 4121 in
2428 4063 2770 4143 episcopatu
2801 4064 3008 4125 relicta
3031 4067 3586 4143 deprehenderetur
3604 4067 3680 4129 ab

2051 4149 2566 4222 omnibus,dolore
2584 4153 2932 4226 aﬂ‘ecta,ase
2954 4155 3380 4234 propemodum
3398 4157 3690 4218 discesse-

2053 4253 2157 4301 rat:
2186 4244 2286 4300 sed
2313 4259 2442 4300 cum
2469 4244 2578 4300 ﬁde
2604 4245 3006 4304 ardentissima
3031 4263 3090 4304 se
3111 4263 3313 4305 rursus
3334 4249 3682 4321 collegisset,

2052 4345 2230 4404 quam
2265 4328 2520 4388 maxima
2554 4329 2740 4406 potuit
2769 4331 3077 4395 celeritate
3113 4332 3270 4393 venit
3296 4334 3368 4393 ad
3403 4332 3559 4395 illius
3581 4351 3687 4396 ca-

2054 4436 2243 4496 psam;
2280 4426 2338 4478 et
2372 4426 2647 4498 tanquam
2681 4438 2751 4480 eo
2776 4420 3251 4495 vivo,clamabat:
3280 4421 3432 4493 Quid
3467 4423 3580 4484 hoc
3610 4424 3692 4485 fe-

2053 4507 2210 4580 cisti,
2240 4525 2273 4568 o
2297 4507 2386 4568 vir
2409 4506 2786 4582 divine,mihi
2812 4510 3156 4589 peccatrici,
3192 4521 3255 4572 ut
3276 4530 3435 4573 nunc
3465 4512 3693 4575 afﬁciar

334 4604 650 4684 ἆμᾶρτολῷ,
715 4607 802 4662 καὶ
856 4613 944 4663 νῦν
997 4607 1228 4687 αἰσχύνη
1274 4589 1368 4662 ⁷καὶ
1437 4589 1630 4670 ὄνειδος
1689 4589 1766 4677 τῷ
1812 4589 1962 4662 παντῖ

2051 4595 2124 4658 ab
2151 4596 2430 4658 omnibus
2454 4597 2670 4676 probro
2696 4607 2753 4659 et
2775 4599 3282 4672 dedecore‘IQuod
3304 4602 3464 4662 enim
3485 4621 3560 4663 ne
3585 4601 3693 4664 tibi

333 4697 528 4772 ἔσομαι
561 4715 579 4775 ;
620 4687 679 4753 Ὀ
710 4696 810 4775 γὰρ
840 4694 956 4754 οὐδὲ
987 4697 1070 4752 σοὶ
1101 4693 1398 4772 ἐκκαλύψαι
1425 4693 1510 4750 διὰ
1539 4696 1639 4761 τὴν
1668 4692 1967 4772 ὑπερϐολὴν

329 4785 423 4843 τοῦ
493 4784 804 4866 σφάλματος
861 4784 1160 4861 ἠδυνάμην,
1220 4792 1374 4842 τοῦτο
1429 4797 1548 4847 τοῖς
1621 4791 1748 4841 πᾶσι
1805 4783 1968 4851 δῆλον

331 4876 664 4954 προκείσετε.
712 4874 839 4932 Εἴθε
898 4872 1162 4951 μηδαμῶς
1197 4897 1280 4932 σοι
1311 4876 1430 4954 περὶ
1459 4875 1648 4933 τούτου
1681 4874 1818 4949 μηδὲ
1874 4873 1964 4930 ἐν-

333 4977 526 5045 τυχεῖν
557 4965 836 5034 διενοήθην
857 4979 871 4994 ⁶
909 4964 1128 5038 οἰομένη
1160 4967 1258 5043 γὰρ
1289 4961 1373 5021 διὰ
1403 4986 1498 5021 σου
1539 4965 1638 5032 τὴν
1668 4963 1966 5039 μέλλουσαν

329 5052 482 5121 δίκην
526 5052 829 5133 διαφυγεῖν,
889 5054 1075 5110 τούτου
1120 5076 1173 5112 τε
1234 5052 1547 5134 διήμαρτον,
1601 5055 1688 5109 καὶ
1732 5053 1831 5121 τήν
1875 5052 1964 5107 ὲν·

328 5148 506 5201 τεῦθεν
577 5143 844 5223 αἰσχύνην
918 5145 1399 5221 προσεκτησάμην.
1481 5141 1650 5201 Ἀλλὰ
1705 5144 1804 5222 γὰρ
1872 5142 1968 5200 οὒκ

328 5233 707 5308 ἀποστήσομαί
750 5254 844 5290 σου
899 5239 993 5290 τοῦ
1033 5233 1223 5312 τάφου,
1295 5233 1415 5290 οὔτε
1474 5234 1582 5309 μὴν
1639 5232 1778 5296 ὅλως
1825 5232 1966 5290 ἔνθεν

334 5320 788 5401 ἔξαναστήσομαι,
847 5319 953 5379 οὐδ’
1013 5321 1312 5402 ἐνοχλοῦσά
1369 5345 1450 5380 σοι
1496 5323 1789 5401 παύσομαι,
1837 5319 1966 5402 ἄχρι

334 5418 459 5492 γοῦν
512 5412 604 5467 καὶ
681 5409 1039 5492 πληροφορίαν
1096 5413 1215 5489 περὶ
1271 5415 1376 5469 τῶν
1435 5413 1754 5480 αἱτηθέντων
1798 5411 1968 5488 λήψο-

340 5523 438 5579 μαι
473 5515 488 5531 ⁹
555 5502 850 5576 πέπεισμαι
895 5502 994 5579 γὰρ
1037 5502 1109 5566 ὡς
1152 5501 1211 5558 οὐ
1256 5502 1532 5578 τέθνηκας,
1576 5501 1696 5560 ἀλλ’
1754 5501 1807 5558 ἐν
1854 5510 1968 5579 Θεῷ

333 5598 458 5670 ζῇς,
519 5591 617 5652 καὶ,
668 5587 792 5666 παρ’
849 5591 994 5665 αὒτῷ
1061 5589 1159 5648 ὅσα
1245 5590 1311 5658 δὴ
1368 5595 1454 5650 καὶ
1502 5593 1680 5670 βούλει
1745 5590 1968 5656 διανύειν

2051 4687 2294 4763 quidem
2317 4691 2473 4767 potui
2493 4688 2731 4768 aperire
2745 4697 2986 4769 propter
2999 4688 3227 4770 lapsum
3250 4690 3694 4770 iusignem,hoc

2053 4777 2165 4837 erit
2191 4776 2470 4838 omnibus
2515 4777 2918 4840 manifestum.
2954 4777 3191 4840 Utinam
3229 4798 3304 4841 ne
3333 4780 3692 4859 cogitassem

2051 4866 2290 4946 quidem
2310 4875 2366 4928 te
2385 4866 2460 4928 de
2473 4867 2582 4928 hac
2596 4868 3389 4931 reconvenire.Existimans
3406 4872 3564 4931 enim
3588 4887 3694 4949 per

2052 4964 2108 5018 te
2129 4974 2332 5036 pmnas
2347 4955 2575 5018 futuras
2596 4957 2952 5036 eﬂ'ugere,et
2968 4958 3082 5020 hoc
3104 4977 3220 5019 non
3238 4977 3371 5020 sum
3392 4968 3690 5040 assecuta,

2051 5054 2113 5108 et
2140 5046 2298 5126 quod
2325 5064 2394 5108 ex
2429 5065 2500 5108 eo
2532 5047 3016 5120 oritur,dedecus
3050 5048 3195 5109 mihi
3228 5049 3691 5110 conciliavi.Sed

2055 5137 2210 5198 enim
2245 5155 2365 5197 non
2392 5136 2672 5199 recedam
2703 5156 2735 5198 a
2768 5146 2865 5200 tuo
2897 5137 3199 5218 sepulcro,
3228 5155 3423 5218 neque
3446 5140 3688 5199 omnino

2051 5225 2190 5288 hinc
2211 5244 2476 5306 surgam,
2505 5245 2701 5307 neque
2721 5229 2967 5288 cessabo
2993 5235 3048 5288 te
3073 5226 3595 5308 interpellare,nisi
3617 5227 3693 5288 de

2055 5316 2154 5396 iis,
2185 5335 2317 5398 qum
2348 5317 2544 5396 peiivi,
2580 5336 2675 5378 me
2705 5317 2928 5379 feceris
2952 5321 3295 5380 certiorem.
3332 5319 3690 5379 Persuasum

2057 5407 2217 5468 enim
2251 5406 2441 5468 habeo
2476 5415 2532 5468 te
2566 5425 2686 5467 non
2719 5424 2855 5468 esse
2890 5415 3212 5483 mortuum,
3241 5409 3346 5468 sed
3375 5406 3436 5466 in
3459 5405 3580 5466 Deo
3610 5404 3698 5466 vi-

2055 5516 2218 5574 vere,
2255 5504 2315 5560 ει
2344 5503 2402 5558 te
2431 5496 2588 5578 apud
2621 5514 2757 5560 eum
2792 5514 2992 5578 posse,
3027 5515 3160 5580 qua
3190 5496 3276 5559 vis
3302 5495 3524 5561 facere.

2039 5594 2279 5656 δύνασαι,
