3996 6178
411 237 530 311 963

1711 240 1992 305 MENSIS
2029 238 2474 309 JANUARIUS.

3663 243 3765 311 964

491 378 796 444 LXXVIII.
832 380 972 444 Haac
996 379 1293 456 dicens,et
1311 378 1426 440 alia
1457 377 1552 439 his
1582 376 1825 450 similia,
1858 376 2035 438 tribus

2214 371 2345 439 OH'.
2394 383 2568 438 Ταῦτα
2629 382 2716 438 καὶ
2774 380 2910 437 ἄλλα
2966 383 3164 439 τούτων
3237 385 3471 440 πλείονα
3530 381 3769 459 λέγουσα,

409 472 627 535 diebus
652 479 710 532 et
743 472 988 535 totidem
1019 470 1294 533 noctibus
1316 467 1670 528 venerandae
1700 467 1833 545 ejus
1855 484 2050 545 capsas

408 561 724 634 assedit,at
743 563 808 642 (0
831 561 940 623 Dei
963 559 1304 639 miracula!)
1322 558 1529 619 ultima
1547 566 1722 618 nocte
1742 557 2049 634 egreditur

412 670 443 711 ο
464 670 635 726 capsa
660 666 743 710 var
764 654 863 711 ille
879 653 1232 711 admirabilis
1254 649 1428 707 simul
1446 663 1583 706 cum
1600 651 1796 721 iis,qui
1823 665 1951 706 cun.
1980 666 2046 705 eo

402 739 708 819 jacebant,
743 733 1385 819 episcopis(ejusmodi
1418 734 1577 794 enim
1614 741 1739 795 erat
1769 732 1852 813 id,
1888 733 2047 814 quod

408 826 782 908 apparebat),
808 835 866 888 et
894 826 945 886 ei
980 825 1129 888 dixit
1158 842 1172 885 :
1210 823 1552 904 Quousque,
1592 841 1627 883 0
1650 825 1884 899 mulier,
1920 825 2047 887 cla-

411 935 580 979 mans
606 936 671 978 es
701 918 772 977 iis
796 916 894 996 qui
921 916 1018 976 hic
1040 925 1182 977 sunt
1207 913 1487 975 molesta?
1512 911 1724 974 Nostra
1750 914 1908 974 enim
1942 932 2046 975 ve-

406 1005 823 1084 stimentajam
852 1012 965 1064 tuae
1007 1006 1434 1066 humectarunt
1456 1002 1755 1081 Iacrymaz,
1789 1003 2049 1064 ﬂuentes

406 1095 593 1155 instar
619 1092 803 1156 ﬂuvii.
830 1091 973 1154 Cum
1010 1094 1136 1154 haec
1167 1091 1451 1168 dixisset,
1487 1092 1667 1152 tradit
1701 1090 1756 1151 ei
1779 1091 2045 1153 schedu-

403 1185 545 1262 lam,
581 1184 735 1245 sicut
758 1182 990 1259 erat,ab
1022 1183 1121 1244 illa
1146 1180 1806 1261 obsignatam.Deinde,
1841 1181 2045 1260 Agno-

402 1273 599 1335 scisne
629 1273 807 1347 hanc,
832 1272 1000 1348 dixit,
1036 1291 1071 1333 o
1100 1272 1311 1334 mulier
1332 1270 1362 1329 ‘I
1391 1273 1616 1350 Accipe
1649 1288 1810 1349 ergo,
1839 1280 1897 1331 et
1920 1272 2042 1351 jam

404 1363 643 1425 solvens
662 1362 802 1423 vide
816 1361 923 1424 Dei
938 1379 1120 1442 opera
1144 1359 1700 1423 admirabilia.Cum
1727 1360 1827 1421 illa
1846 1370 2042 1422 autem

402 1453 850 1528 surrexisset,et
878 1453 952 1514 ad
985 1471 1050 1514 se
1082 1451 1547 1527 rediisset,vidit
1569 1450 1809 1531 quidem
1840 1468 2049 1514 rursus

403 1550 642 1604 sanctos
664 1560 832 1603 suam
865 1560 1105 1623 capsam
1131 1540 1693 1621 ingressos,habens
1718 1558 1854 1602 vero
1876 1543 2036 1603 sche-

402 1632 604 1694 dulam
632 1637 691 1693 in
719 1632 1210 1707 manibus,illzeso
1245 1640 1523 1694 manente
1541 1628 2041 1709 signaculo.Quod

2131 472 2297 547 τρισὶν
2328 471 2554 549 ἡμέραις
2589 472 2675 526 καὶ
2716 468 2863 534 ἴσαις
2908 470 3014 537 νυξὶ
3058 477 3126 547 τῇ
3182 474 3328 544 τιμία
3389 471 3594 532 τούτου
3648 478 3776 548 σορῷ

2130 558 2454 638 προσήδρευε
2488 607 2503 635 ,
2589 561 2675 617 καὶ
2755 559 2822 639 (ὣ
2882 567 2987 617 τῶν
3040 569 3132 618 τοῦ
3190 563 3493 633 τεραστίων
3523 559 3571 639 ἶ)
3632 560 3775 625 ἓξεισι

2130 650 2197 724 τῇ
2230 648 2500 721 τελευταίᾳ
2545 654 2688 705 νυκτί
2726 655 2825 716 τῆς
2881 658 3040 729 σοροῦ
3087 652 3114 705 6
3141 652 3477 730 θαυμάσιος,
3514 650 3631 724 ἅμα
3674 662 3777 711 τοῖς

2130 738 2496 816 συγκειμένοις
2557 743 2700 810 αὐτῷ
2755 736 2896 797 δυσὶν
2966 739 3278 806 ἐπισκόποις
3361 745 3643 817 (τοιοῦτον
3693 741 3783 816 γὰρ

2128 831 2195 895 ἦν
2250 829 2311 883 τὸ
2357 828 2719 906 φαινόμενον),
2768 830 2854 884 καὶ
2897 831 3029 907 πρὸς
3074 831 3262 905 αὔης-ἦν,
3300 830 3492 910 Μέχρι
3539 851 3705 903 τινος,
3739 829 3776 881 ὦ

2127 917 2304 994 γύναι,
2337 915 2676 993 καταϐοῶςα,
2711 919 2864 996 φησὶ,
2901 916 2968 973 δι’
3001 917 3172 997 ὄχλου
3203 932 3321 981 τοῖς
3370 919 3611 975 ἐνταῦθα
3641 917 3772 993 γίνῃ,

2134 1002 2467 1085 Διαϐρόχους
2538 1007 2637 1083 γὰρ
2701 1005 2803 1073 ἤδη
2866 1008 2961 1070 τὰς
3019 1008 3285 1085 ἡμετέρας
3350 1007 3568 1069 στολὰς
3615 1008 3682 1061 τὰ
3722 1008 3779 1062 σὲ
3878 1044 3883 1047 »

2130 1095 2423 1160 κατέστησε
2490 1094 2708 1175 δάκρυα,
2784 1095 2881 1152 ῗσα
2938 1098 3023 1152 καὶ
3082 1111 3355 1171 ποταμοῖς
3424 1095 3779 1175 ἀπορρέοντα,

2131 1191 2305 1241 Ταῦτα
2351 1186 2511 1240 εἰπὼν
2544 1186 2835 1264 ἓγχειρίζει
2879 1187 2940 1241 τὸ
2983 1201 3357 1265 γραμματεῖον
3404 1188 3555 1262 αῦτῇ
3613 1186 3785 1264 ὥσπερ

2128 1277 2193 1341 ἧν
2237 1273 2325 1328 ὕπ’
2373 1273 2579 1341 ἐκείνης
2625 1274 3044 1353 ἐσφραγισμένον
3073 1295 3085 1308 ·
3122 1280 3267 1348 εἶτα,
3325 1275 3779 1352 Ἐπιγινώσκεις,

2130 1361 2308 1437 εἶπεν,
2346 1365 2391 1417 ὧ
2434 1363 2606 1439 γύναι,
2660 1362 2857 1443 τουτί,
2914 1362 3054 1421 Λάϐε
3092 1375 3398 1445 τοιγαροῦν,
3442 1366 3543 1421 καὶ
3589 1363 3783 1419 λύσασι

2130 1458 2263 1507 Θεοῦ
2318 1453 2410 1509 θέα
2467 1451 2597 1531 ’ἔργα
2648 1451 2939 1531 παράδοξα,
3019 1461 3357 1511 Διαναττᾶαα
3425 1460 3567 1531 γοῦν
3614 1452 3781 1517 ἐκείνη

2129 1540 2215 1595 καὶ
2273 1539 2618 1615 ἀνανήψασα,
2692 1543 2813 1605 τοὺς
2856 1543 2953 1616 μὲν
2999 1544 3179 1619 ἁγίους
3240 1542 3599 1604 εἰσελθόντας
3647 1542 3783 1602 αὖθις

2128 1630 2200 1692 εἷς
2225 1631 2325 1696 τὴν
2355 1632 2524 1686 αὐτῶν
2552 1632 2723 1699 θήκην
2763 1633 2854 1708 δρᾷ
2889 1649 2903 1665 ⁶
2935 1635 2996 1688 τὸ
3041 1630 3095 1687 δὲ
3142 1644 3533 1710 γραμματεῖον
3566 1631 3624 1685 ἐν
3655 1648 3784 1708 χερ-

403 1721 650 1798 quidem
684 1740 819 1783 cum
845 1722 1401 1803 solvisset,priorem
1426 1720 1668 1797 quidem
1692 1726 2035 1799 scripturam

2130 1719 2209 1774 σὶν
2253 1717 2455 1798 ἔχουσα
2498 1724 2597 1784 τῆς
2639 1718 2932 1798 σφραγῖδος
2978 1721 3213 1786 ἀπαθοῦς
3245 1721 3553 1796 μενούσης.
3617 1718 3788 1794 ’Ὅπερ

403 1811 632 1874 invenit
657 1811 1205 1892 deletam,alienam
1228 1819 1422 1872 autem
1448 1808 1608 1871 videt
1630 1810 1878 1889 positam
1901 1810 2043 1871 sub-

400 1901 815 1981 scriptionem,
853 1918 985 1983 quae
1015 1900 1103 1961 sic
1135 1899 1391 1961 habebat
1423 1917 1439 1961 :
1470 1901 1719 1978 Propter
1748 1896 2039 1961 Joannem

401 2007 640 2052 servum
675 2008 872 2052 meum
905 1990 1165 2051 deletum
1195 1996 1285 2050 est
1316 1996 1478 2049 tuum
1512 2006 1790 2066 magnum
1822 2006 2040 2068 pecca-

402 2087 556 2144 tum.
582 2079 920 2142 Declarabit
950 2084 1149 2141 autem
1182 2077 1241 2140 id
1275 2096 1533 2158 quoque,
1562 2078 1719 2156 quod
1755 2076 1830 2138 de
1852 2096 1923 2139 eo
1947 2078 2040 2138 di-

398 2169 657 2231 cendum
691 2179 805 2241 est,
841 2176 1059 2249 quanta
1088 2175 1248 2229 esset
1278 2167 1385 2228 viri
1420 2169 1623 2242 virtus,
1650 2176 1713 2227 et
1754 2174 2037 2243 quantam

399 2256 832 2320 beatitudinem
866 2276 936 2319 ex
968 2275 1038 2320 ea
1071 2255 1146 2317 sit
1179 2263 1511 2319 assecutus.

480 2345 727 2410 LXXIX.
754 2346 901 2410 Nam
921 2347 1009 2408 vir
1039 2346 1562 2427 quidam,nomine
1593 2344 2034 2421 Sabinus,tem-

398 2447 680 2518 peranter
700 2437 1026 2499 admodum
1047 2445 1106 2497 et
1121 2454 1154 2497 e
1181 2436 1393 2498 virtute
1410 2437 2034 2511 vivens,monasticam

398 2536 458 2588 et
480 2544 515 2586 a
532 2526 785 2603 negotiis
803 2535 1094 2589 remotam
1119 2526 1293 2587 vitam
1319 2544 1611 2588 exercens
1629 2524 2031 2601 Alexandriae,

396 2615 544 2677 hora
565 2634 682 2697 qua
720 2616 927 2678 beatus
950 2616 1209 2676 decessit
1241 2617 1528 2695 Joannes,
1572 2615 1820 2692 putabat
1842 2616 2034 2674 exsis-

398 2716 531 2766 tens
564 2705 622 2765 in
654 2713 868 2767 ecstasl
902 2723 967 2766 se
998 2723 1131 2765 eum
1168 2704 1372 2766 videre
1393 2722 1701 2781 egressum
1724 2721 1792 2764 ex
1813 2704 2037 2783 episco-

396 2803 532 2873 patu
593 2813 729 2855 cum
788 2796 1070 2855 universo
1122 2795 1307 2868 clero,
1370 2794 1684 2854 habentem
1737 2793 1796 2852 in
1853 2810 2033 2853 manu

393 2882 756 2963 lampadem,
792 2892 852 2943 et
880 2881 995 2944 iter
1052 2883 1125 2943 ad
1176 2900 1376 2960 regem
1411 2882 1872 2960 ingredientem,
1906 2880 2033 2941 viro

393 2973 652 3051 quodam
684 2971 1194 3053 splendidissimo,
1235 2972 1435 3033 habitu
1471 2970 1861 3044 cubiculario,
1898 2989 2032 3031 eum

2126 1805 2191 1875 δὴ
2251 1806 2454 1864 λύσασα
2497 1809 2595 1875 τὴν
2665 1810 2764 1883 μὲν
2820 1811 3080 1889 προτέραν
3138 1809 3619 1886 ἆπαληλιμμένην
3678 1806 3785 1885 εὗρε

2125 1898 2354 1975 γραφὴν,
2405 1897 2555 1964 Ξένην
2612 1896 2666 1953 δὲ
2733 1899 3052 1980 ὑπογραφὴν
3115 1900 3373 1975 κειμένην
3448 1899 3555 1976 ὃρᾳ
3621 1897 3785 1976 ἔχου..

2124 2008 2222 2042 σαν
2256 1985 2422 2051 οὕτως
2457 2007 2470 2022 ·
2512 1988 2609 2044 Διὰ
2668 1985 2923 2055 Ἰωάννην
2953 1991 3043 2046 τὸν
3091 1987 3276 2047 δοῦλόν
3309 2007 3411 2065 μου
3465 1986 3786 2059 ἐξήλειπταί

2124 2097 2219 2131 σου
2260 2076 2321 2130 τὸ
2363 2075 2504 2154 μέγα
2547 2076 2864 2152 ἁμάρτημα.
2903 2078 3153 2144 Δηλώσει
3199 2077 3254 2134 δὲ
3298 2079 3387 2135 καὶ
3420 2080 3491 2135 τὸ
3524 2076 3617 2133 ἐπ’
3651 2080 3787 2148 αὑτῷ

2122 2162 2552 2245 λεχθησόμενον,
2616 2163 2718 2232 ὅση
2770 2188 2827 2222 τε
2881 2167 3033 2234 ἢτοῦ
3060 2166 3243 2245 ἀνδρὸς
3274 2168 3470 2245 ἀρετὴ,
3524 2168 3617 2223 καὶ
3663 2164 3781 2228 οἵας

2123 2252 2284 2333 ἔτυχε
2314 2258 2411 2319 τῆς
2443 2253 2648 2310 ἐκεῖθεν
2679 2256 3110 2333 μακαριότητος.

2202 2341 2329 2401 ΟΘ’.
2387 2343 2551 2420 Ἀνὴρ
2593 2344 2694 2422 γάρ
2751 2367 2830 2408 τις
2885 2346 3119 2420 τοῦνομα
3170 2344 3431 2421 Σαϐῖνος,
3506 2345 3778 2423 ἒγκρατῶς

2120 2429 2200 2486 ὅτι
2256 2430 2489 2505 μάλιστα
2548 2438 2655 2501 ζὼν
2713 2435 2801 2489 καὶ
2843 2433 3171 2512 φιλαρέτως,
3216 2438 3307 2491 τὸν
3351 2435 3666 2501 ἀσκητικὸν
3697 2432 3780 2488 καὶ

2120 2520 2438 2599 ἀπράγμονα
2483 2523 2681 2593 μετιὼν
2741 2522 2795 2577 ἐν
2855 2522 3233 2603 Ἀλεξανδρείᾳ
3284 2525 3422 2601 βίον,
3495 2524 3640 2580 κατὰ
3684 2522 3775 2588 τήν

2117 2609 2258 2686 ὥραν
2314 2615 2411 2675 τῆς
2469 2617 2560 2667 τοῦ
2604 2612 2843 2685 μάκαρος
2908 2611 3181 2695 τελευτῆς,
3244 2618 3369 2692 ὸρᾷν
3431 2613 3604 2669 αύτὸν
3645 2613 3773 2685 ᾣετο

2118 2698 2172 2753 ἐν
2236 2698 2483 2754 ἐκστάσει
2553 2700 2863 2775 γενόμενος,
2945 2711 3039 2758 τοῦ
3095 2703 3444 2760 ἐπισκοπείου
3502 2704 3602 2757 σὺν
3668 2700 3771 2773 ἅμα

2115 2786 2301 2866 κλήρῳ
2356 2787 2521 2843 παντί
2581 2788 2875 2863 ἐξελθόντα,
2926 2790 3179 2867 λαμπάδα
3250 2813 3308 2848 τε
3364 2792 3513 2865 μετᾶ
3576 2802 3771 2869 χεῖρας

2117 2875 2337 2956 ἔχοντα,
2372 2880 2459 2934 καὶ
2486 2880 2584 2944 τὴν
2617 2877 2842 2951 πορείαν
2875 2883 2949 2945 ὡς
2981 2884 3073 2938 τὸν
3124 2881 3349 2958 βασιλέα
3405 2880 3769 2954 ποιούμενον,

2117 2964 2304 3042 ἀνδρὸς
2335 2966 2490 3021 αὐτὸν
2535 2966 2914 3042 λαμπροτάτου
2974 2973 3111 3027 κατὰ
3157 2975 3353 3051 σχῆμα
3405 2966 3772 3026 κουϐικουλα-

393 3069 779 3136 accersente;
837 3072 895 3121 et
946 3061 1145 3142 puella
1174 3060 1429 3141 quadam
1465 3059 1936 3141 speciosissima,
1972 3066 2035 3120 ut

2122 3056 2227 3133 ρίου
2282 3054 2810 3137 μετακαλεσαμένου,
2875 3059 3040 3134 κόρης
3104 3060 3161 3116 τέ
3230 3082 3374 3123 τινος
3422 3056 3635 3137 σφόδρα
3681 3056 3770 3121 τὴν

395 3149 626 3213 diceret
652 3151 831 3212 etiam
866 3151 1058 3230 ipsum
1090 3151 1279 3212 solem
1337 3157 1388 3211 ei
1438 3150 1658 3231 primas
1710 3159 1906 3229 partes
1938 3167 2033 3210 ce-

392 3239 537 3301 dere
564 3240 627 3300 in
659 3239 1128 3320 pulchritudine,
1167 3240 1264 3301 cui
1296 3249 1423 3301 erat
1455 3248 1633 3320 caput
1675 3239 1824 3300 olea;
1852 3256 2031 3298 coro-

392 3347 469 3390 na
523 3330 895 3404 redimitum,
930 3336 991 3391 et
1047 3329 1371 3410 aliquando
1419 3329 1660 3409 quidem
1699 3347 1835 3388 eum
1872 3345 2032 3406 prte-

390 3419 664 3494 cedente,
698 3419 1022 3501 aliquando
1077 3432 1271 3481 autem
1327 3436 1569 3479 manum
1625 3434 1863 3498 quoque
1899 3418 2031 3478 tan-

388 3516 588 3586 gente,
622 3509 796 3570 simul
828 3508 1169 3571 incedente.
1223 3512 1368 3571 Cum
1421 3517 1616 3569 autem
1651 3508 1810 3568 diem
1838 3507 2029 3567 adno-

392 3605 575 3659 tasset
602 3598 678 3680 is,
731 3599 830 3677 qui
891 3599 1113 3659 viderat
1163 3596 1316 3677 (erat
1352 3614 1490 3660 vero
1525 3596 1815 3659 memoria
1844 3596 2033 3659 Mente

390 3686 591 3764 magni
621 3687 947 3766 martyris),
985 3694 1125 3747 tunc
1156 3698 1354 3748 autem
1384 3687 1690 3748 venissent
1720 3685 1963 3766 quidam
1998 3703 2031 3747 θ

389 3773 605 3854 Cypro,
641 3774 715 3835 ab
748 3775 895 3854 ipsis
950 3776 1205 3856 accepit,
1259 3777 1417 3856 quod
1450 3776 1554 3837 illo
1589 3776 1722 3855 ipso
1756 3775 1876 3850 die,
1912 3793 2028 3855 quo

390 3864 517 3923 haec
549 3864 674 3925 visa
704 3871 866 3944 sunt,
921 3863 1177 3944 inclytus
1226 3867 1489 3928 Joannes
1522 3864 1783 3926 excessit
1815 3882 1884 3926 ex
1916 3864 2030 3926 hoc

387 3952 635 4015 mundo.

472 4039 701 4105 LXXX.
724 4039 826 4104 Vir
846 4042 1085 4122 quidam
1108 4043 1261 4105 alius
1282 4042 1749 4125 Alexandrinus,
1776 4044 1877 4124 qui
1902 4053 2029 4107 erat

391 4133 523 4214 ipse
542 4150 782 4214 quoque
823 4150 891 4194 ex
915 4133 1121 4214 iis,qui
1146 4143 1283 4195 sunt
1306 4134 1523 4214 pietate
1560 4134 1851 4214 insignes,
1886 4135 2031 4196 vidit

389 4241 460 4285 ea
487 4223 618 4303 ipsa
647 4232 821 4285 nocte
853 4241 1101 4285 examen
1136 4241 1461 4305 pauperum
1496 4233 1554 4286 et
1585 4225 2024 4285 multitudinem

389 4313 797 4395 orphanorum
814 4314 1361 4395 etviduarum,qua3
1380 4333 1631 4377 numero
1656 4333 1775 4376 non
1801 4321 2032 4394 poterat

389 4402 1174 4482 comprehendi,habentem
1210 4409 1269 4465 in
1302 4404 1579 4466 manibus
1610 4421 1809 4467 ramos
1840 4404 2027 4465 oliva-

391 4502 616 4571 rum,et
646 4493 1084 4573 praecedentem
1116 4494 1514 4574 patriarcham
1540 4502 1783 4556 euntem
1817 4494 1889 4555 ad
1923 4512 2026 4573 sy-

392 4582 618 4645 naxim.
650 4583 967 4645 Sufﬁciunt
993 4584 1119 4646 haec
1149 4584 1493 4645 testimonia
1524 4587 1801 4646 maximae
1832 4585 2029 4663 magni

388 4670 638 4735 Joannis
666 4673 739 4735 ad
771 4672 957 4736 Deum
991 4673 1236 4736 ﬁducia.
1270 4672 1435 4746 Quod
1489 4683 1685 4736 autem
1720 4683 1811 4736 est
1841 4675 2027 4736 maxi-

388 4780 581 4837 mum,
610 4772 669 4825 et
716 4772 880 4827 caret
908 4763 1076 4825 omni
1111 4762 1488 4825 dubitatione
1522 4783 1535 4826 :
1570 4763 2031 4826 celebrabantur

386 4853 793 4917 anniversaria
827 4856 1019 4933 magni
1052 4864 1111 4916 et
1139 4854 1581 4915 admirabilium
1607 4870 1854 4934 operum
1889 4853 2030 4915 οσο-

388 4943 572 5005 ctoris
595 4942 926 5023 Tychonis:
953 4944 1176 5007 deinde
1198 4963 1333 5006 cum
1362 4954 1747 5025 perageretur
1767 4943 1843 5005 de
1864 4961 2028 5005 more

390 5033 734 5114 hymnodia,
760 5042 819 5097 et
847 5035 1026 5097 simul
1052 5044 1210 5098 esset
1231 5043 1585 5115 congregata
1602 5034 1805 5115 populi
1828 5034 2029 5095 multi-

388 5124 727 5201 tudo,Deus
741 5124 1427 5200 admirabilium,volens
1447 5134 1720 5206 apertum
1746 5123 2025 5200 reddere,

388 5223 671 5294 quantam
704 5214 880 5276 fuerit
920 5215 1076 5296 apud
1109 5232 1246 5277 eum
1279 5216 1531 5296 gloriam
1563 5223 1922 5277 consecutus
1952 5215 2025 5294 is,

396 5305 496 5383 qui
529 5304 720 5367 fuerat
749 5305 880 5384 ejus
910 5303 1520 5387 benignitatis,qnoad
1555 5304 1686 5384 ejus
1708 5304 1838 5365 ﬁeri
1864 5312 2030 5385 pote-

397 5401 514 5467 rat,
548 5393 881 5471 aemulator,
925 5392 1207 5470 .Ioannes,
1263 5395 1529 5475 inquam,
1563 5394 1664 5474 qui
1696 5410 2030 5473 cognomen

390 5483 634 5561 accepit
664 5501 699 5544 a
726 5482 1168 5561 misericordia;
1226 5484 1411 5546 voluit
1436 5493 1505 5546 ut
1531 5500 1601 5544 ex
1653 5485 1783 5561 ejus
1812 5481 2031 5545 divinis

393 5571 674 5652 reliquiis
699 5571 941 5654 copiosa
961 5579 1324 5635 scaturirent
1344 5579 1665 5654 unguenta,
1697 5569 2033 5638 emittentia

2117 3143 2259 3221 ὥραν
2318 3143 2695 3221 περικαλλοῦς,
2729 3150 2803 3209 ὡς
2842 3149 2931 3204 καὶ
2963 3148 3120 3204 αὐτὸν
3153 3149 3311 3226 φάναι
3344 3150 3439 3205 τὸν
3475 3146 3640 3216 ἣλιον
3670 3150 3766 3201 τῶν

2116 3233 2391 3311 πρωτείων
2479 3238 2614 3310 αὖτῇ
2695 3243 2788 3293 τοῦ
2848 3236 3077 3301 κάλλους
3139 3251 3526 3317 παραχωρεῖν,
3594 3234 3766 3296 ἐλαίας

2116 3324 2358 3401 στεφάνῳ
2400 3323 2499 3389 τὴν
2564 3324 2804 3404 κεφαλὴν
2861 3326 3226 3407 ἐστεμμένης,
3285 3326 3382 3383 καΐ
3460 3326 3598 3383 ποτὶ
3670 3324 3763 3397 μὲν

2114 3411 2503 3491 προοδευούσης
2549 3418 2731 3488 αὐτοῦ,
2778 3416 2908 3472 ποτὲ
2948 3414 3004 3472 δὲ
3049 3418 3136 3472 καὶ
3179 3422 3278 3484 τῆς
3337 3418 3535 3496 χειρὸς
3594 3414 3761 3470 ἀπτο-

2115 3500 2282 3577 μένης
2334 3507 2422 3558 καὶ
2465 3524 2963 3580 συμπορευομενης,
3026 3505 3136 3573 Τὴν
3194 3506 3398 3580 ἡμέραν
3463 3505 3556 3562 οὖν
3587 3506 3614 3559 6
3655 3504 3756 3557 ἑω-

2115 3592 2289 3668 ρακὼς
2333 3591 2813 3667 ἐπισημηνάμενος
2876 3592 2933 3673 (ἡ
2979 3595 3171 3670 μνήμη
3230 3592 3283 3650 δὲ
3333 3595 3399 3662 ἦν
3456 3599 3619 3661 Μηνᾶ
3672 3596 3759 3645 τοῦ

2114 3680 2639 3760 μεγαλομάρτυρος),
2687 3683 2801 3739 ἒπεί
2855 3705 2995 3747 τινες
3058 3684 3252 3761 ἔτυχον
3304 3685 3424 3740 τότε
3489 3689 3589 3750 τῆς
3650 3680 3752 3738 Κύ-

2113 3792 2249 3847 πρου
2291 3770 2633 3842 ἐληλυθότες,
2680 3770 2871 3846 ἔμαθεν
2929 3773 3055 3851 παρ’
3112 3772 3286 3829 αὐτῶν
3336 3775 3408 3838 ὡς
3439 3771 3561 3830 κατ’
3596 3769 3751 3834 αυτὴν

2112 3858 2321 3926 ἐκείνην
2353 3861 2454 3928 τὴν
2484 3862 2715 3937 ἡμέραν,
2753 3860 2841 3917 ὅτε
2869 3870 3035 3918 ταῦτα
3087 3863 3290 3940 ὡράθη,
3342 3864 3432 3920 καὶ
3474 3864 3568 3920 τὸν
3597 3856 3748 3915 ἀοίδι-

2113 3971 2213 4025 μον
2247 3949 2500 4017 Ἰωάννην
2531 3949 2764 4026 ἔκδημον
2791 3951 3031 4028 γενέσθαι
3061 3958 3167 4008 τῶν
3199 3951 3526 4030 ἐγκοσμίων.

2196 4038 2282 4100 [Γ.
2316 4038 2536 4117 ’Έτερός
2596 4063 2675 4105 τις
2725 4040 2860 4119 ἀνὴρ
2905 4040 3301 4120 Ἀλεξανδρεὺς,
3341 4045 3428 4098 καὶ
3460 4042 3618 4104 αὐτὸς
3646 4037 3741 4093 τῶν

2113 4128 2199 4186 ἐπ’
2277 4126 2514 4201 εὐσεϐείᾳ
2581 4127 2938 4210 περιϐοήτων,
3028 4131 3169 4209 ἐώρα
3225 4132 3363 4187 κατὰ
3420 4132 3523 4198 τὴν
3587 4125 3740 4189 αὐτὴν

2113 4219 2271 4274 νύκτα
2350 4224 2554 4289 σμῆνος
2616 4220 2887 4299 πενήτων,
2961 4220 3164 4288 πλῆθός
3222 4241 3279 4278 τε
3351 4219 3596 4299 ὀρφανῶν
3648 4212 3734 4270 καῖ

2114 4313 2304 4386 χηρῶν
2361 4306 2478 4364 οὐδὲ
2529 4308 2734 4384 ἀριθμῷ
2767 4306 3197 4389 λαμϐανόμενον,
3233 4308 3458 4374 κλάδους
3506 4309 3559 4364 ἐν
3615 4324 3733 4384 χερ-

2114 4399 2193 4453 σὶν
2252 4396 2477 4476 ἔχοντας
2534 4398 2749 4463 ἐλαιῶν,
2814 4401 2903 4455 καὶ
2963 4401 3055 4454 τοῦ
3097 4404 3435 4478 πατριάρχου
3487 4399 3607 4477 πρὸς
3646 4392 3729 4455 τήν

2112 4486 2319 4551 σύναξιν
2391 4487 2648 4551 ἀπιόντος
2723 4485 2877 4555 δῆθεν
2961 4489 3149 4552 αὐτοὺς
3230 4487 3714 4568 προπορευομένοδςυ

2114 4567 2290 4634 Ἰιιανὰ
2333 4584 2499 4634 ταῦτα
2542 4579 2798 4656 μαρτύρια
2871 4583 2970 4645 τῆς
3030 4579 3293 4657 μεγίστης
3370 4567 3462 4635 τοῦ
3520 4571 3712 4654 μεγάλου

2110 4667 2241 4743 πρὸς
2283 4667 2413 4722 Θεὸν
2456 4666 2773 4745 παῤῥησίαςο
2823 4668 2897 4725 Τὸ
2956 4667 3011 4724 δέ
3065 4690 3125 4746 γε
3178 4669 3368 4743 μεῖζον
3401 4670 3489 4723 καὶ
3520 4657 3714 4737 ἀναμφί-

2114 4753 2293 4831 ϐολον,
2362 4758 2622 4836 παννυχὶς
2668 4757 2907 4814 ἐτελεῖτο
2949 4756 3168 4833 λαμπρὰ
3212 4763 3312 4827 τῆς
3367 4756 3565 4821 διετοῦς
3599 4748 3720 4828 μνή-

2115 4866 2221 4921 μης
2277 4845 2371 4902 τοῦ
2416 4846 2651 4924 μεγάλου
2701 4848 2787 4903 καὶ
2837 4849 3240 4927 θαυματουργοῦ
3273 4849 3527 4927 Τύχωνος
3562 4864 3574 4879 ·
3619 4838 3721 4927 εἶτα

2114 4934 2206 5001 τῆς
2253 4933 2305 5000 ἐξ
2362 4923 2511 4999 ἔθους
2562 4934 2979 5011 ἐπιτελουμένης
3038 4923 3302 5011 ὕμνιρδίας
3336 4923 3469 4997 ίκαί
3511 4933 3602 5002 τῆς
3650 4923 3726 4982 τοῦ

2117 5025 2244 5079 λαοῦ
2294 5021 2524 5090 πληθύος
2569 5023 2653 5079 ἐπὶ
2710 5025 2772 5080 τὸ
2818 5025 2946 5083 αὐτὸ
3003 5025 3372 5104 συνηγμένης,
3419 5025 3448 5079 ὃ
3480 5030 3583 5080 τῶν
3614 5020 3721 5073 θαι)-

2116 5113 2321 5189 μασίων
2353 5116 2481 5180 Θεὸς
2516 5113 2765 5181 ἐπίδηλον
2808 5114 2986 5171 θέσθαι
3047 5113 3392 5195 βουλόμενος,
3440 5112 3560 5177 οἵας
3592 5109 3726 5183 ἔτυχε

2113 5204 2211 5269 τῆς
2273 5202 2398 5281 παρ’
2457 5203 2616 5264 αὺτοῦ
2677 5202 2835 5272 δόξης
2888 5206 2916 5261 6
2970 5210 3067 5272 τῆς
3130 5204 3289 5261 αὐτοῦ
3365 5198 3723 5283 φιλανθρωπίις

2117 5291 2251 5349 κατά
2312 5314 2374 5370 γε
2422 5294 2482 5349 τὸ
2534 5292 2752 5350 δυνατὸν
2800 5292 3076 5370 ζηλωτὴς,
3136 5296 3164 5350 ὁ
3205 5302 3296 5351 τοῦ
3358 5294 3557 5364 ἐλέους,
3587 5283 3723 5368 φημὶ,

2122 5381 2398 5457 ἐπώνυμος
2451 5380 2727 5464 Ἰωάννης,
2786 5382 3044 5451 εὐδόκησε
3088 5382 3180 5440 τοῦ
3237 5385 3376 5440 θείου
3429 5385 3584 5440 αὐτοῦ
3630 5376 3722 5432 λει-

2120 5471 2289 5548 ψάνου
2362 5471 2499 5550 μύρα
2554 5470 2755 5549 δαψιλῆ
2817 5472 3028 5550 βλύσαι,
3089 5471 3305 5533 εὐωδίαν
3364 5474 3554 5533 ἷάσεων
3602 5467 3721 5523 ἀπο-

2123 5561 2406 5641 πέμποντα
2441 5578 2455 5594 '
2519 5565 2593 5622 ὧν
2648 5568 2697 5624 οἱ
2754 5564 3153 5646 παρατυχόντες
3230 5564 3718 5649 κατατρυφήσαντες,
