3996 6178
293 279 418 349 965
1646 276 1832 349 VITA
1876 278 1938 346 S.
1983 275 2322 346 BABYLIE.
3551 271 3669 346 966

289 424 460 494 κοινῇ
536 419 631 474 τὸν
694 417 826 474 Θεὸν
883 418 975 475 τὸν
1019 414 1159 472 οὕτω
1226 415 1343 482 τοὺς
1416 414 1728 488 δοξάζοντας
1786 415 2465 478 αὐτὸνΑευεινθοῐεῃιθω
2488 414 2791 477 odoremc

2026 415 2465 478 suaveolentem
2488 414 2734 477 odorem
2772 414 3171 477 curationum.
3201 415 3432 489 Quibus
3461 413 3667 477 fruen-

289 506 485 581 πολλῷ
530 512 607 580 τῷ
663 505 867 564 πλείονι
950 504 1232 576 δοξάζοντι
1293 506 1630 585 εὖψαρίστοις
1690 504 1939 572 ἐδόξασαν
2024 512 2140 566 tem
2169 505 2363 586 quiin
2393 522 2465 566 ea
2492 503 2791 566 incideran

2024 512 2140 566 tem
2169 505 2271 586 qui
2301 505 2363 566 in
2393 522 2465 566 ea
2492 503 2848 577 inciderant,
2883 505 3286 567 communiter
3317 506 3531 577 Deum,
3567 503 3670 584 qui

291 595 565 676 χείλεσιν,
600 590 665 677 f(.1
728 594 821 652 καὶ
856 597 994 671 ἡμᾶς
1020 596 1119 662 τὴν
1163 596 1535 673 προσήκουσαν
1599 596 1938 672 προσοιστέον
2021 595 2107 655 sic
2132 614 2233 658 eos
2263 595 2363 675 qui
2395 595 2587 675 ipsum
2623 593 2791 669 glorit

2021 595 2107 655 sic
2132 614 2233 658 eos
2263 595 2363 675 qui
2395 595 2587 675 ipsum
2623 592 2960 669 gloriﬁcant
2989 594 3169 673 longe
3200 593 3454 674 amplius
3485 593 3671 672 glori-

286 687 665 766 εὐχαριστίαν,
699 681 1011 756 δοξάζοντας
1059 684 1288 760 Πατέρκ,
1334 687 1412 743 καὶ
1468 687 1611 758 Υἱὸν,
1666 687 1754 742 καὶ
1784 685 1938 763 ἅγιον
2021 683 2179 765 ﬁcat,
2213 684 2396 763 gratis
2447 683 2631 745 labris
2662 683 2791 763 glor

2021 683 2179 765 ﬁcat,
2213 684 2396 763 gratis
2447 683 2631 745 labris
2662 683 3094 763 gloriﬁcarunt.
3133 684 3243 748 Cui
3293 702 3401 745 nos
3432 700 3671 764 quoque

288 780 538 851 Πνεῦμα,
586 775 682 841 τὴν
714 775 838 848 μίαν
870 774 923 830 ἓν
950 775 1083 852 τρισὶ
1116 774 1344 841 Θεότητπι
1372 796 1426 830 τε
1458 775 1544 831 καὶ
1575 772 1813 854 δύνπιμιν³
1849 784 1937 834 νῦν
2020 782 2255 853 oportet
2279 792 2453 854 quam
2479 774 2756 835 convenit
2787 798 2791 827 ι

2020 782 2255 853 oportet
2279 792 2453 854 quam
2479 774 2756 835 convenit
2787 774 3002 834 oﬁ‘erre
3023 773 3520 852 gloriﬁcationem
3539 773 3668 852 glo-

282 865 381 921 καὶ
416 863 498 920 ἀεὶ
527 866 619 922 καὶ
658 864 731 928 εἰς
754 862 875 926 τοὺς
908 864 1099 928 αἰῶνας
1132 870 1239 920 τῶν
1268 865 1498 923 αἰώνων.
1531 862 1731 939 Ἀμήν.
2019 863 2325 925 riﬁcantes
2351 865 2609 937 Patrem,
2639 870 2694 924 et
2725 861 2786 923 FI

2020 863 2325 925 riﬁcantes
2351 865 2609 937 Patrem,
2639 870 2694 924 et
2725 861 2967 939 Filium,
2990 873 3051 924 et
3080 861 3366 943 Spiritum
3398 871 3666 924 sanctum

2020 972 2198 1014 unam
2234 953 2294 1014 in
2321 952 2513 1015 tribus
2546 951 2914 1014 divinitatem
2956 960 3015 1015 et
3038 954 3385 1032 potentiam,
3420 971 3581 1014 nunc
3610 961 3671 1014 et

2021 1061 2259 1124 semper
2291 1051 2349 1104 et
2378 1043 2438 1104 in
2470 1042 2687 1104 szecula
2711 1042 3089 1103 saeculorum.
3127 1044 3342 1105 Amen.

285 1233 1396 1265 κεπτ-τε.-

1262 1388 1441 1495 DE
1536 1387 2075 1497 SANCTO
2170 1390 2706 1507 BABYLA
2788 1298 2791 1299 ξ

1530 1637 1886 1704 EPISCOPO
1936 1638 2427 1705 ANTIOCHENO

732 1818 828 1880 ET
871 1817 1209 1895 URBANO,
1258 1816 1724 1899 PBlLlDlANO,
1770 1816 2171 1896 EPOLONIO,
2222 1815 2511 1893 PUERIS,
2560 1812 2735 1881 EJUS
2787 1814 3219 1880 DlSClPULlS.

1029 1995 1252 2067 (Saecqu
1278 2009 1364 2061 III,
1405 1996 1630 2055 Januarii
1658 1996 1730 2052 24
1786 1997 1920 2055 Acta
1964 1994 2044 2052 SS
2100 1995 2354 2055 Bottand.
2385 1995 2445 2052 ad
2484 1995 2620 2052 hanc
2649 1994 2779 2053 diem
2824 1997 2918 2070 (α).

341 2339 818 2407 Celeberrimum
853 2344 916 2411 S.
951 2343 1183 2426 Babyla:
1215 2344 1481 2427 episcopi
1518 2361 1763 2419 nomen,
1788 2344 2119 2425 praesertim
2142 2352 2274 2425 post
2295 2345 2713 2426 triumphatam
2737 2344 3033 2425 Apostatae
3056 2347 3277 2410 Juliani
3299 2348 3663 2428 impietatem

277 2426 699 2511 indictumque
728 2432 1101 2515 Daphniticis
1134 2426 1392 2499 orarulis
1421 2432 1747 2494 silentium.
1776 2432 2036 2495 Diversis
2066 2430 2307 2507 diebus,
2334 2442 2395 2495 ut
2430 2434 2648 2515 passim
2679 2435 3018 2509 multorum,
3049 2426 3495 2515 ascriptum—est
3521 2435 3664 2499 Fas-

278 2523 358 2583 tis
395 2539 410 2584 :
446 2520 668 2585 Graecis
692 2524 886 2604 pridie
914 2522 1112 2586 Nonas
1141 2522 1538 2605 Septembris,
1568 2522 1856 2585 Romanis
1879 2541 1934 2585 Ix
1964 2522 2094 2587 Kal.
2127 2522 2459 2585 Februarii.
2489 2522 2578 2585 An
2602 2524 2752 2585 alter
2781 2524 3093 2602 martyrio,
3126 2527 3492 2589 translationi
3513 2527 3668 2588 alter

280 2610 517 2672 dicatus
566 2613 660 2683 sit,
694 2613 914 2691 ambigi
969 2622 1166 2694 potest
1200 2635 1213 2676 :
1250 2621 1351 2675 aut
1400 2612 1599 2675 duone
1630 2611 1854 2675 fuerint
1881 2611 2117 2694 Babylaa
2168 2613 2480 2676 antistites.
2521 2612 2671 2686 Quid
2707 2621 2960 2693 utroque
3008 2614 3107 2675 die
3141 2615 3548 2697 Martyrologia
3591 2615 3667 2677 de

279 2700 500 2780 Babyla
531 2701 878 2779 praedicent,
913 2721 1089 2784 quem
1149 2700 1478 2784 Babyllam
1511 2720 1775 2784 quoque,
1814 2703 2169 2784 Babyllum,
2205 2702 2516 2777 Babilam,
2553 2713 2610 2764 et
2644 2702 2951 2765 Bubilium
3006 2704 3332 2785 appellant,
3370 2705 3662 2769 dicamus.

279 2787 472 2851 Vetus
498 2788 829 2855 Romanum
863 2810 896 2854 a
923 2792 1255 2875 Bosweydo
1288 2791 1513 2853 editum
1552 2813 1565 2855 :
1607 2815 1633 2845 α
1666 2790 1999 2853 Antiochiae
2032 2790 2092 2856 S.
2151 2791 2385 2870 Babylac
2414 2792 2699 2873 episcopi.
2730 2814 2759 2849 ›
2796 2793 2905 2854 Ms.
2943 2790 3004 2853 S.
3031 2790 3379 2873 Hieronymi
3418 2811 3432 2857 :
3472 2814 3499 2853 ι
3531 2796 3660 2857 An-

283 2877 531 2941 tiochiae
558 2878 778 2941 Babilaa
818 2881 1086 2962 episcOpi
1118 2899 1253 2943 cum
1307 2881 1499 2942 tribus
1528 2881 1813 2962 parvulis.
1851 2905 1873 2936 ι
1932 2881 2109 2944 Paria
2145 2880 2204 2942 in
2239 2880 2441 2941 multis
2473 2882 2706 2943 excusis
2734 2899 2801 2942 ac
2852 2898 3030 2942 manu
3064 2883 3320 2943 exaratis
3369 2881 3664 2961 leguntur.

289 2964 591 3029 Usuardus
623 2986 637 3032 :
677 2989 705 3029 ι
744 2969 916 3050 Apud
947 2969 1329 3033 Antiochiam
1363 2970 1574 3032 natalis
1605 2968 1668 3034 S.
1703 2969 1940 3051 Babylaa
1973 2969 2264 3050 episcopi,
2299 2969 2400 3049 qui
2434 2971 2849 3047 persecutione
2904 2970 3091 3042 Decii,
3129 2978 3510 3051 posteaquam
3542 2970 3666 3033 fre-

278 3066 537 3138 quenter
566 3058 942 3137 passionibus
972 3060 1097 3121 suis
1147 3078 1219 3122 ac
1248 3060 1614 3122 crucnatibus
1644 3059 2080 3138 gloriﬁcaverat
2142 3060 2483 3134 Dominum,
2522 3060 2791 3136 gloriosa:
2820 3060 2956 3119 vita:
2983 3060 3160 3120 ﬁnem
3196 3068 3284 3121 est
3314 3062 3561 3123 sortitus
3603 3060 3664 3122 in

273 3147 555 3208 vinculis.
613 3148 981 3211 Referuntur
1009 3149 1187 3213 etiam
1222 3150 1377 3231 passi
1433 3169 1566 3211 cum
1602 3168 1672 3211 eo
1705 3158 1826 3210 tres
1886 3148 2138 3229 parvuli,
2173 3147 2229 3209 i'l
2287 3161 2401 3222 est,
2437 3147 2735 3223 Urbanus,
2771 3148 3104 3211 Prilidanus
3135 3159 3192 3210 et
3244 3149 3594 3230 Epolonius.
3632 3169 3662 3211 ι

275 3236 514 3299 Eadem
550 3237 679 3299 fere
708 3239 1187 3320 Martyrologium
1220 3238 1576 3315 Romanum,
1614 3238 1903 3313 Bellinus,
1929 3237 2100 3300 Viola
2123 3239 2228 3300 SS.
2263 3238 2383 3300 MS.
2418 3237 2703 3313 Florium,
2734 3238 3008 3300 Cenisius
3036 3238 3276 3319 aliique,
3312 3238 3466 3312 Ado,
3505 3239 3664 3301 Beda

272 3326 573 3405 vulgatus,
604 3326 870 3389 Molanus
900 3329 960 3389 in
993 3328 1179 3390 addit.
1204 3328 1277 3390 ad
1308 3326 1666 3403 Usuardum,
1702 3328 1775 3389 ad
1810 3327 2065 3406 elogium
2099 3346 2167 3387 ex
2197 3325 2467 3389 Usuardo
2496 3328 2620 3407 jam
2650 3327 2986 3407 recitatum,
3014 3328 3305 3405 adjiciunt
3326 3346 3392 3389 ex
3421 3328 3661 3390 Rufﬁno

273 3415 439 3479 haud
462 3434 652 3497 pauca
680 3417 754 3478 de
786 3417 1131 3499 triumphali
1162 3436 1195 3480 e
1218 3416 1467 3498 Daphne
1498 3417 1960 3480 transvectione.
1997 3416 2248 3494 Attingit
2279 3434 2409 3476 eam
2445 3417 2706 3478 breviter
2735 3416 3029 3478 Notkerus
3058 3426 3113 3477 et
3145 3417 3437 3480 Canisius.
3463 3419 3664 3495 Agunt

277 3506 357 3567 de
389 3523 458 3568 eo
488 3524 726 3588 quoque
758 3508 1150 3589 Maurolycus,
1185 3507 1490 3583 Rabanus,
1524 3504 2015 3582 Wandalbertus,
2047 3524 2114 3567 ac
2148 3504 2346 3566 caeteri
2383 3505 2594 3569 Latini.
2626 3505 2696 3567 Et
2728 3506 2945 3567 colitur
2974 3506 3034 3566 in
3067 3506 3425 3583 quibusdam
3458 3506 3660 3569 eccle-

276 3594 385 3658 siis
414 3596 609 3658 ofﬁcio
642 3596 820 3658 trium
849 3596 1202 3674 lectionum,
1235 3596 1295 3657 in
1327 3595 1460 3658 aliis
1492 3596 1738 3657 omnino
1770 3595 2048 3669 solemni,
2086 3601 2150 3655 ut
2180 3593 2495 3656 Mediolani
2530 3615 2542 3657 :
2577 3594 2719 3656 alibi
2752 3614 2886 3656 cum
2917 3595 3115 3656 ofﬁcio
3148 3596 3222 3657 de
3243 3597 3303 3658 S.
3343 3594 3657 3659 Timotheo

274 3685 343 3746 ﬁt
369 3685 446 3747 de
477 3704 551 3749 eo
581 3687 1092 3749 commemoratio.

359 3776 546 3840 Graeci
582 3793 640 3839 Iv
669 3775 1045 3856 Septembris
1073 3794 1207 3838 eum
1240 3774 1565 3839 celebrant.
1602 3777 1688 3838 Ita
1716 3774 2117 3855 Anthologion
2148 3793 2182 3836 a
2211 3774 2520 3837 Clemente
2556 3790 2664 3834 vm
2699 3774 3115 3855 approbatum:
3154 3796 3175 3830 α
3206 3774 3372 3838 Sacri
3395 3774 3660 3857 Martyris

270 3864 514 3946 Babylaa
543 3863 810 3946 episcopi
847 3866 1210 3928 Antiochize:
1246 3865 1349 3948 qni
1396 3865 1830 3929 Numerianum
1864 3865 2310 3947 imperatorem,
2346 3864 2407 3924 in
2447 3863 2791 3944 ecclesiam;
2824 3864 2917 3927 cui
2948 3863 3075 3944 ipse
3118 3875 3389 3946 praeerat,
3424 3865 3660 3946 ingredi

270 3955 580 4018 volentem
611 3954 860 4035 repulit,
890 3955 1047 4036 quod
1101 3956 1286 4018 ﬁlium
1319 3955 1478 4034 regis
1509 3957 1854 4031 Persarum,
1885 3954 2159 4018 obsidem
2189 3953 2303 4016 sibi
2349 3954 2575 4029 datum,
2606 3953 2987 4017 trucidasset.
3021 3952 3396 4037 Quapropter
3426 3957 3660 4018 catenis

270 4040 495 4108 ferreis
525 4044 754 4106 vinctus
785 4044 1233 4106 circumductus
1267 4045 1339 4106 ad
1373 4062 1650 4126 pompam
1686 4054 1777 4107 est
1809 4044 2073 4126 Babylas,
2108 4061 2364 4124 cumque
2399 4042 2587 4107 tribus
2621 4043 2825 4125 pueris
2865 4043 3072 4124 plexus
3103 4044 3317 4125 capite.
3353 4070 3381 4101 »
3431 4046 3654 4109 Eadem

268 4134 455 4197 habet
483 4132 886 4210 Menologium
914 4132 989 4195 ab
1019 4134 1287 4198 Henrico
1316 4133 1557 4197 Canisio
1590 4134 1841 4210 editum,
1879 4135 2128 4213 Menses,
2158 4133 2508 4216 Cythereus.

270 4310 940 4441 nogfgrtrgpllircetagtam
990 4311 1252 4370 ediderunt
1302 4313 1636 4380 Bollandiani,
1669 4328 1778 4371 eam
1829 4321 2026 4371 tantum
2078 4312 2257 4372 damus
2298 4329 2449 4386 quam
2497 4314 2786 4387 composuit
2832 4315 2907 4370 vel
2952 4314 3221 4387 descripsit
3283 4312 3657 4385 Metaphrastes
