3996 6178
438 235 555 306 967

1725 246 2005 313 MENSIS
2042 246 2495 313 JANUARIUS.

442 429 3755 459 mw

1693 571 2521 737 ΑΘΛΗΣΙΣ

528 884 873 1013 ΤΟΥ
986 884 1522 1015 ΑΓΙΟΥ
1632 882 2897 1017 ΙΕΡΟΜΑΡΥΡΟΣ
3011 889 3722 1022 ΒΑΒΥΛΑ

1592 1142 2141 1197 ΑΡΧΙΕΠΙΣΚΟΠΟΥ
2200 1144 2635 1198 ΑΝΤΙΟΧΕΙΑΣ.

1745 1468 2304 1576 CERTAM
2324 1466 2504 1576 EN

1119 1737 1887 1826 SACROSANCTI
1971 1736 2543 1821 MARTYRIS
2615 1738 3077 1827 BABYIuE

1577 1935 2145 2005 ARCHIEPISCOPI
2200 1936 2661 2003 ANTIOCHUE.

750 2114 989 2184 (Gmcus
1027 2120 1207 2171 textus
1232 2128 1370 2169 nunc
1397 2111 1616 2184 primum
1656 2109 1817 2182 prodit
1848 2125 1910 2164 ex
1938 2106 2108 2164 codice
2138 2105 2300 2173 Regio
2331 2107 2613 2169 Parisiensi
2648 2130 2699 2170 n.
2736 2115 2873 2175 1607
2904 2123 3096 2184 notato,
3130 2118 3308 2174 saeculi
3335 2122 3498 2191 ml.)

510 2389 559 2455 Ι.
588 2390 732 2456 Cum
764 2389 1174 2455 Nnmerianus
1198 2397 1432 2471 sceptra
1462 2388 1863 2452 Romanorum
1895 2407 2072 2453 acce-

2240 2389 2330 2449 A'.
2397 2400 2754 2471 Νυυμεριανοῠ
2820 2398 2886 2454 τὰ
2973 2388 3249 2472 Ῥωμαίων
3322 2401 3588 2474 σκῆπτρα
3673 2398 3806 2475 παρὰ

433 2481 621 2562 pisset
669 2500 703 2542 a
730 2480 1102 2564 parentibus,
1137 2480 1343 2542 fuisset
1374 2488 1568 2542 autem
1605 2479 1795 2541 haeres
1836 2479 2076 2541 illorum

427 2569 1139 2650 impietatis,movebatur
1162 2587 1344 2648 grave
1367 2577 1425 2630 et
1453 2567 1715 2630 immane
1734 2567 1959 2630 bellum
1980 2568 2081 2629 ad-

428 2678 638 2723 versus
660 2658 1270 2724 Christianos.0mnia
1294 2659 1456 2720 enim
1483 2667 1714 2731 aetas,et
1732 2676 1919 2735 genus
1946 2677 2079 2719 om-

432 2768 509 2812 ne
530 2749 866 2829 eorum,qui
894 2749 1172 2828 pietatem
1199 2747 1800 2827 delegeranl.acerbis
1823 2754 2079 2810 tormen-

431 2837 507 2898 tis
528 2845 587 2898 et
606 2836 766 2915 gravi
788 2846 979 2898 morte
998 2835 1440 2900 interibant.Im
1451 2842 1583 2917 pius
1609 2854 1749 2915 ergo
1771 2834 2080 2898 Numeria-

427 2944 540 2987 nus
559 2926 896 2989 Antiochiae
917 2925 1240 3005 aliquando
1262 2943 1668 3004 versans,quaa
1689 2926 1859 2986 estad
1877 2925 2080 3005 Daph-

425 3033 570 3095 nen,
598 3034 674 3077 ne
696 3014 988 3076 abstinuit
1012 3014 1253 3095 quidem
1283 3032 1311 3075 a
1340 3032 1510 3076 sacro
1533 3013 1754 3094 templo
1790 3015 2080 3078 Christia-

424 3122 667 3180 norum,
699 3105 806 3167 sed
859 3105 1038 3167 etiam
1091 3104 1379 3165 adversus
1428 3104 1487 3164 id
1535 3103 1709 3166 struit
1759 3104 2080 3186 quemdam

428 3192 659 3256 dolum.
686 3193 755 3255 Et
778 3213 913 3255 cum
947 3193 1323 3255 daemonibus
1347 3193 1422 3254 de
1461 3211 1628 3256 more
1657 3195 2077 3266 sacriﬁcasset,

435 3290 494 3346 et
513 3284 735 3347 caedem
759 3283 1002 3346 fecisset
1022 3285 1281 3346 maxime
1306 3283 1961 3364 nefariam(l),infante
1979 3284 2083 3345 illo

435 3374 595 3450 regis
617 3373 764 3447 ﬁlio,
786 3391 963 3453 quem
992 3391 1028 3434 a
1050 3381 1218 3452 patre
1245 3391 1348 3453 pro
1374 3373 1534 3453 pacis
1559 3372 1803 3452 pignore
1825 3392 2081 3455 accepe-

427 3471 541 3538 rat,
570 3462 992 3525 crudelissime
1012 3462 1530 3543 occiso,pergebat
1559 3463 1631 3523 ad
1664 3462 2005 3539 ecclesiam,
2027 3472 2086 3524 et

430 3553 540 3617 Dei
559 3553 844 3633 templum
872 3553 1201 3614 conabatur
1225 3554 1539 3632 profanare
1555 3571 1661 3632 per
1676 3571 1848 3613 suum
1869 3552 2081 3614 introi-

430 3640 738 3704 tum.Nam
764 3641 876 3703 hoc
894 3660 1130 3723 quoque
1151 3641 1524 3703 existimabat
1545 3660 1677 3703 esse
1702 3661 1818 3703 non
1839 3659 2079 3723 parvum

2164 2476 2407 2567 πατέρων
2469 2481 2838 2561 ἐκδεξαμένου,
2886 2487 3228 2567 κληρονόμου
3256 2486 3308 2542 δὲ
3343 2489 3437 2543 καὶ
3470 2492 3575 2554 τῆς
3607 2486 3804 2543 ἐκείνων

2162 2563 2407 2632 ἀσεϐείας
2490 2576 2870 2653 γεγενημένου,
2931 2578 3092 2654 βαρὺς
3155 2580 3181 2633 ὁ
3265 2576 3406 2635 κατὰ
3486 2582 3802 2653 Χριστιανῶν

2163 2655 2399 2731 πόλεμος
2446 2660 2702 2745 ἐκινεῖτο,
2761 2668 2848 2723 καὶ
2879 2664 3104 2746 σφοδρὸν
3137 2665 3285 2724 ἔπνει
3314 2670 3411 2723 καὶ
3448 2665 3801 2745 ἀγριώτατον.

2166 2747 2317 2802 Πᾶσά
2361 2770 2416 2805 τε
2474 2753 2573 2829 γὰρ
2618 2754 2800 2823 ἡλικία
2843 2757 2934 2812 καὶ
2982 2756 3137 2833 γένος
3194 2754 3332 2812 ἂπαν
3385 2758 3500 2812 τῶν
3548 2752 3801 2812 εὐσέϐειαν

2165 2833 2432 2910 ἑλομένων
2483 2842 2734 2916 βασάνοις
2778 2860 3000 2923 πικραῖς
3052 2847 3141 2902 καὶ
3183 2845 3395 2918 θανάτῳ
3442 2843 3683 2926 χαλεπῷ
3735 2841 3799 2898 δι-

2164 2926 2487 3014 εφθείροντο,
2555 2923 2611 2989 Ὀ
2665 2934 2834 2990 τοίνυν
2898 2932 3253 2999 ἀσεϐέστατος
3316 2923 3712 3014 Νουμέριανὸς,
3752 2933 3801 2988 ἒν

2168 3011 2474 3096 Ἀντιοχείᾳ
2518 3027 2584 3097 τῇ
2617 3024 2748 3100 πρὸς
2804 3026 3018 3104 Δάφνην
3064 3047 3197 3082 ποτε
3227 3022 3542 3099 διατρίϐων,
3581 3022 3695 3084 οὐδὲ
3724 3028 3800 3079 τοῦ

2165 3103 2306 3180 ἱεροῦ
2349 3109 2456 3163 τῶν
2514 3116 2842 3188 Χριστιανῶν
2899 3103 3150 3188 τεμένους
3184 3114 3491 3194 ὰπέσχετο,
3526 3112 3668 3170 ἀλλά
3696 3133 3802 3169 τινα

2165 3196 2253 3251 καὶ
2290 3194 2409 3253 κατ’
2451 3200 2608 3260 αὐτοῦ
2650 3200 2802 3258 δόλον
2851 3203 3080 3282 ὑφαίνει.
3147 3204 3245 3261 Καὶ
3301 3201 3580 3284 δαίμοσιν,
3637 3202 3799 3278 ὥσπερ

2165 3283 2278 3348 ἔθος
2315 3289 2480 3367 αὐτῷ,
2537 3290 2723 3364 θύσας,
2775 3312 2863 3349 και
2914 3292 3127 3350 πάντων
3187 3283 3795 3372 ἐναγέστατονέργασά-

2169 3395 2326 3450 μενος
2372 3378 2556 3457 φόνον,
2587 3381 2648 3435 τὸ
2682 3380 2887 3438 παιδίον
2941 3381 3117 3439 ἐκεῖνο
3149 3383 3209 3439 τὸ
3252 3380 3564 3459 βασιλικὸν,
3598 3381 3628 3438 ὃ
3669 3380 3799 3458 παρὰ

2167 3470 2258 3521 τοῦ
2316 3467 2513 3544 πατρὸς
2563 3469 2795 3550 ἀσφαλὲς
2839 3470 3087 3551 ἐνέχυρον
3144 3476 3249 3538 τῆς
3292 3472 3518 3548 εἰρήνης
3573 3470 3790 3550 εἰλήφειν

2166 3552 2511 3618 ἀπηνέστατα
2561 3559 2926 3640 κατασφάξας,
2998 3562 3124 3640 πρὸς
3183 3562 3281 3627 τὴν
3340 3560 3639 3629 ἐκκλησίαν
3690 3559 3791 3626 ἧπ-

2167 3642 2361 3719 είγετο,
2423 3647 2511 3702 καὶ
2566 3645 2871 3723 βεϐηλῶσαι
2916 3650 2976 3705 τὸ
3043 3656 3123 3707 τοῦ
3166 3657 3299 3709 Θεοῦ
3326 3649 3556 3724 τέμενος
3588 3647 3671 3705 διὰ
3707 3648 3791 3712 τῆς

430 3731 657 3794 cultum
682 3730 1014 3793 deorum.si
1036 3729 1109 3791 ab
1136 3750 1207 3792 eo
1235 3732 1687 3811 profanarentur
1709 3744 1767 3793 et
1788 3731 2079 3793 contami-

2167 3732 2361 3795 οἰκείας
2423 3736 2555 3806 πρὸς
2613 3739 2678 3793 τὰ
2722 3736 2864 3795 ἔνδον
2923 3737 3196 3818 ἐπεχείρει
3222 3736 3483 3818 παρόδου,
3515 3736 3788 3816 Θεραπεεαν

433 3828 721 3881 narentur
741 3828 945 3882 sancta
967 3819 1718 3884 Christianorum.Divinus
1746 3830 1941 3884 autem
1964 3822 2082 3883 Ba-

431 3908 598 3990 bylas
611 3928 681 3971 eo
702 3919 1123 3990 tempore,quo
1143 3910 1240 3972 hic
1264 3920 1429 3974 actus
1443 3911 2077 3987 adornabatur,curam

432 4017 654 4079 gerens
675 4000 828 4062 sacri
852 4001 1048 4079 gregis
1076 4000 1523 4073 Antiocheni,et
1553 4001 1758 4063 sedem
1791 4001 2079 4063 adminis-

432 4094 598 4151 trans
622 4090 1197 4170 episcopalem,cum
1222 4089 1324 4151 diu
1341 4090 1650 4169 ante,quid
1678 4090 1877 4152 animo
1899 4094 2080 4170 agita-

427 4187 522 4242 ret
562 4188 620 4242 et
653 4178 1044 4241 meditaretur
1098 4188 1404 4260 tyrannus,
1440 4188 1497 4241 et
1545 4179 1708 4256 quod
1738 4197 2089 4250 accessurus

429 4277 581 4351 erat,
611 4277 671 4331 et
715 4288 972 4350 quonam
1009 4269 1209 4343 modo,
1243 4269 1687 4347 intellexisset;
1740 4288 1997 4350 cumque
2024 4270 2088 4332 in

431 4359 656 4439 templo
699 4374 1059 4438 congregata
1089 4358 1367 4422 universa
1389 4360 1627 4439 piorum
1674 4359 2086 4438 multitudine,

432 4448 577 4509 satis
601 4465 705 4510 eos
727 4447 1061 4524 incitasset,
1084 4457 1147 4510 ut
1168 4467 1342 4529 opem
1364 4450 1592 4511 ferrent
1612 4449 1720 4512 Dei
1742 4449 1998 4529 legibus,
2025 4452 2085 4512 in

428 4554 576 4617 quas
601 4536 992 4599 exercebatur
1025 4541 1307 4619 tyrannis,
1337 4538 1738 4621 precibusque
1769 4548 1828 4601 et
1850 4539 2085 4620 suppli-

427 4626 764 4689 cationibus
781 4626 887 4689 Dei
917 4627 1254 4691 invocasset
1275 4628 1584 4704 auxilium,
1613 4644 1833 4709 magno
1863 4638 1919 4690 et
1947 4629 2083 4698 forti

422 4718 624 4779 animo
651 4725 763 4779 stat
785 4726 925 4781 ante
947 4726 1146 4799 portas
1172 4719 1396 4800 templi.
1439 4717 1510 4779 Et
1540 4736 1675 4780 cum
1709 4722 2082 4800 perrupisset

422 4806 1059 4887 supercilliumeorum
1085 4810 1184 4888 qui
1210 4806 1954 4888 praacedebant,etfastum
1984 4826 2081 4870 eo-

425 4895 684 4978 rum.qui
709 4896 973 4977 gloriose
999 4907 1058 4960 et
1075 4897 1337 4980 superbe
1362 4895 1719 4959 incedebant
1736 4896 2077 4975 satellitum,

427 4984 696 5066 inquam,
725 4995 781 5048 et
804 4988 1177 5068 stipatorum,
1207 4987 1566 5050 sceleratum
1591 4985 1759 5047 illum
1785 4986 2079 5048 acceden-

427 5080 550 5137 tem
606 5075 960 5158 increpavit,
994 5086 1053 5139 et
1086 5077 1171 5158 (2)
1210 5079 1511 5141 dexteram
1548 5077 1677 5156 ejus
1713 5076 1939 5158 pectori
1968 5078 2079 5139 ad-

429 5164 696 5246 movit;et
721 5166 810 5228 sic
836 5166 1157 5229 retardavit
1179 5166 1309 5248 ejus
1331 5166 1619 5248 impetum
1647 5167 1704 5227 in
1737 5167 2074 5247 ecclesiam,

425 5262 485 5316 et
514 5254 689 5316 illum
724 5274 759 5317 a
788 5259 978 5318 sacris
1009 5256 1235 5338 repulit
1262 5256 1612 5320 ambitibus.
1649 5257 1941 5337 Loquenti
1971 5277 2080 5319 au-

426 5352 542 5406 tem
592 5344 932 5408 libertatem
966 5347 1292 5408 admiratus
1346 5344 1770 5427 Numerianus,
1804 5356 1864 5407 et
1911 5346 2074 5409 illius

422 5431 640 5496 famam
676 5443 965 5514 praeterea
1009 5436 1324 5511 reveritus,
1357 5454 1484 5516 quae
1514 5442 1641 5497 erat
1684 5453 1896 5515 magna
1922 5445 1981 5498 et
2008 5437 2072 5499 in

499 5568 581 5636 (t)
612 5564 884 5624 Pluribus
938 5565 1112 5638 hujus
1142 5564 1248 5623 ﬂlli
1287 5567 1439 5638 regis
1468 5579 1669 5624 necem
1699 5566 1971 5626 describit
2006 5568 2063 5627 S.

428 5633 878 5707 Chrysostomus
909 5633 1145 5694 homilia
1177 5633 1380 5694 contra
1407 5638 1672 5708 gentiles.

2166 3820 2290 3906 γὰρ,
2312 3819 2427 3901 ᾔδει
2460 3827 2547 3881 καὶ
2604 3834 2759 3883 τοῦτο
2802 3825 3070 3902 δαιμόνων
3103 3831 3161 3887 οὐ
3193 3829 3407 3906 μικρὰν,
3446 3831 3493 3885 εἰ
3520 3825 3785 3904 βεϐηλωθῇ

2166 3904 2293 3985 παρ’
2349 3909 2506 3968 αὕτοὸ
2557 3916 2642 3970 καὶ
2700 3916 2956 3995 χρανθείη
3006 3916 3072 3972 τὰ
3117 3917 3223 3973 τῶν
3256 3904 3589 3995 Χριστιανῶν
3648 3913 3782 3990 ἅγια.

2167 3997 2404 4068 Βαϐύλας
2436 4001 2490 4059 δὲ
2523 4006 2549 4060 ὸ
2578 4009 2745 4085 θεῖος,
2773 4009 2912 4064 κατὰ
2941 4010 3032 4065 τὸν
3096 4011 3276 4089 καιρὸν
3328 4008 3537 4067 ἐκεῖνον
3581 4003 3693 4063 καθ’
3728 4000 3780 4057 ὅν

2162 4092 2223 4147 τὸ
2282 4089 2454 4171 δρᾶμα
2499 4104 2929 4172 συνεσκευάζετο,
2978 4102 3075 4165 τῆς
3136 4102 3277 4176 ἱερᾶς
3330 4105 3438 4154 τῶν
3476 4092 3779 4173 Ἀντιοχέων

2171 4179 2403 4255 ποίμνης
2451 4183 2892 4262 ἐπιμελούμενος,
2954 4189 3040 4244 καὶ
3082 4189 3173 4243 τὸν
3225 4194 3317 4244 τοῦ
3352 4187 3639 4245 ἐπισκόπου
3665 4181 3772 4259 690'-

2172 4292 2261 4326 νον
2318 4268 2536 4349 διέπων,
2567 4276 2667 4343 τὴν
2727 4276 2960 4334 ἐπίνοιαν
3012 4276 3219 4343 ἐκείνην
3268 4279 3329 4334 in
3358 4276 3560 4335 πολλοῦ
3587 4275 3663 4332 καὶ
3688 4270 3770 4334 ἰἦν

2171 4358 2427 4438 μελέτην,
2488 4367 2576 4420 καὶ
2630 4365 2717 4422 ὅτε
2768 4368 2795 4423 ὁ
2860 4368 3109 4444 τύραννος
3174 4365 3448 4441 ὶὶτισταίη,
3513 4367 3593 4424 καὶ
3644 4362 3767 4420 ὅπως

2170 4452 2377 4531 μαθὼν,
2425 4455 2765 4533 συναθροίσας
2811 4457 2871 4511 τὸ
2923 4453 3135 4518 εὐσεϐὲς
3167 4456 3306 4514 ἅπαν
3337 4458 3477 4514 κατὰ
3529 4457 3609 4512 τὸν
3656 4449 3759 4504 νιόν

2168 4537 2465 4621 πλήρωμα,
2519 4543 2614 4600 καὶ
2647 4545 2863 4609 τούτους
2906 4546 3099 4621 ἀμῦναι
3156 4560 3271 4611 τοῖς
3323 4558 3417 4605 ’τοῦ
3460 4544 3581 4604 Θεοῦ
3606 4540 3751 4612 νόμοις

2166 4631 2601 4706 τυραννουμένοις
2658 4635 2851 4697 ἱκανῶς
2928 4636 3255 4713 παραθήξας,
3315 4639 3405 4693 καὶ
3478 4634 3657 4705 δεήσεσι
3702 4624 3750 4679 τὸ

2168 4724 2326 4775 Θεϊον
2357 4722 2444 4777 καὶ
2475 4737 2812 4804 προσευχαῖς
2847 4726 2921 4790 εἰς
2953 4726 3269 4805 συμμαχίαν
3300 4725 3554 4799 καλέσας,
3586 4716 3751 4805 ἀνδρίιῗ

2165 4808 2330 4865 ότατα
2385 4814 2486 4890 πρὸ
2529 4818 2632 4871 τῶν
2674 4820 2768 4870 τοῦ
2824 4821 2953 4871 ναοῦ
3010 4813 3192 4872 πυλῶν
3233 4815 3480 4896 ἵσταται,
3510 4816 3592 4873 καὶ
3617 4802 3756 4866 διᾶκό·

2169 4901 2273 4972 ψας
2323 4900 2420 4967 ’τὴν
2481 4902 2640 4981 ὀφρὺν
2699 4910 2806 4962 τῶν
2867 4905 3310 4984 προηγουμένων,
3358 4910 3465 4963 τῶν
3506 4899 3756 4963 σοόούντων

2166 4988 2255 5043 τὸν
2312 4990 2493 5070 στύφον,
2551 5002 2671 5056 τοὺς
2728 4991 3069 5074 δορυφόρους,
3116 4996 3237 5061 τοὺς
3284 4997 3628 5063 ὑπασπιστὰς.
3677 4985 3754 5042 ii“

2166 5077 2387 5153 ετίμησε
2420 5081 2496 5155 τῷ
2532 5088 2706 5159 μιαρῷ
2752 5081 2937 5158 ἐκείνῳ
2993 5087 3287 5163 προσιόντι,
3347 5088 3437 5143 καὶ
3479 5087 3574 5154 τὴν
3624 5074 3757 5142 δεξιὰν

2165 5167 2238 5230 εἷς
2296 5170 2356 5224 τὸ
2382 5171 2576 5237 στῆθος
2607 5171 2894 5248 ἀπήρεισε,
2927 5175 3014 5231 καὶ
3044 5171 3215 5240 οὕτως
3265 5176 3420 5234 αὐτὸν
3451 5180 3550 5243 τῆς
3598 5172 3658 5234 εἰς
3682 5163 3753 5229 τὴν

2166 5254 2455 5323 ἐδυιλτλεῒῖαιν
2512 5260 2683 5338 ἀρμῆς
2740 5261 3033 5344 ἀνέστειλε,
3096 5266 3184 5320 καὶ
3235 5272 3342 5321 τῶν
3369 5267 3521 5344 ἱὲρῶν
3550 5263 3756 5320 ἀπώσατο

2164 5345 2482 5424 περιϐόλων.
2532 5350 2639 5416 Τὴν
2686 5351 2983 5429 παῤῥησίαν
3036 5353 3209 5410 τοίνυν
3254 5354 3610 5433 καταπλαγεὶς
3646 5354 3754 5433 Νέου·

2159 5437 2437 5517 μεριανὸς,
2482 5439 2613 5516 πρὸς
2658 5437 2713 5495 δὲ
2772 5443 2860 5498 καὶ
2905 5442 3003 5509 τὴν
3060 5449 3153 5499 τοῦ
3195 5441 3386 5522 ἀνδρὸς
3418 5432 3601 5520 φήμην
3627 5432 3755 5493 56h-

2223 5570 2309 5649 (2)
2331 5571 2786 5649 Chrysostomus
2807 5596 2827 5649 _:
2847 5573 3540 5649 ‘aDexteramAimpactam
3581 5576 3630 5632 tn
3654 5577 3756 5641 pec-

2156 5652 2251 5703 tus
2270 5644 2528 5703 ﬁrmavit
2548 5646 2635 5705 ira
2663 5644 2977 5720 turgidum
3009 5660 3077 5706 ac
3104 5646 3260 5707 caede
3285 5644 3531 5718 fervens,
3565 5668 3588 5703 ι
3615 5651 3703 5703 etc.

2333 5762 2341 5769 ς
