3996 6178
207 294 333 362 969

1576 299 1758 365 VITA
1803 303 1863 364 S.
1913 292 2256 364 BABYL/E.

3471 296 3592 362 970

201 432 397 501 ϐηθεὲς
444 434 665 513 (πολὺς
709 435 808 513 γὰρ
852 434 920 502 ἦν
968 432 1218 514 ταύτην),
1253 437 1463 499 ἓκεῖνος
1497 432 1565 491 δι’
1611 435 1859 492 ἁπάντων

1955 453 2182 495 omnem
2213 441 2436 514 partem
2472 432 2857 514 pervadebat;
2882 451 2954 494 an
2978 428 3191 494 audaci
3218 436 3356 491 tunc
3382 437 3583 511 coepto

200 524 423 604 ἒχώρει
456 541 471 555 ·
535 529 631 589 τῆς
678 530 916 599 πονηρᾶς
964 524 1093 587 τέως
1139 524 1419 602 ἀπέσχετο
1478 524 1708 600 τόλμης,
1751 524 1865 581 εἴτε

200 615 406 669 στάσιν
452 635 565 669 τινα
626 617 756 688 πρὸς
818 622 911 669 τοῦ
970 612 1143 694 ὄχλου
1188 615 1511 690 γενήσεσθαι
1546 613 1862 689 ὕπιδόμενος

201 703 321 779 (καὶ
388 704 490 780 γὰρ
577 701 714 759 πολὺ
793 701 995 769 πλῆθος
1068 706 1189 758 ἐκεῖ
1248 701 1702 768 συνεληλύθεισαν
1759 710 1865 759 τῶν

200 796 477 870 πιστῶν),
513 791 625 847 ε’ἷτε
656 790 721 859 δὴ
747 794 835 848 καὶ
867 791 1045 853 ἄλλως
1091 793 1230 865 αὒτῷ
1260 790 1567 868 βουλευθέν,
1605 791 1863 871 χαλεπῶς

202 881 404 955 μέντοι
437 883 526 937 καὶ
559 881 791 959 βαρέως,
825 888 953 958 σιγῇ
986 879 1040 937 δέ
1093 880 1243 955 ὅμως
1291 887 1387 947 τὴν
1421 878 1568 960 ὕϐριν
1603 881 1861 958 ἐνεγκὼν,

201 971 566 1050 ἀναστρέφειν
597 969 802 1027 κελεύει
836 973 966 1050 πρὸς
992 972 1057 1027 τὰ
1087 969 1355 1047 βασίλεια,

290 1060 388 1121 Β’.
439 1068 517 1137 Τῇ
547 1061 600 1117 δὲ
634 1060 752 1128 ἑξῆς
785 1064 877 1117 τὸν
930 1059 1187 1140 ἀρχιερέα
1220 1061 1733 1138 παραστησάμενος,
1766 1063 1865 1129 τὴν

209 1160 301 1208 τοὺ
366 1158 499 1208 ναοῦ
556 1149 787 1209 κώλυσιν
845 1152 917 1215 ὡς
948 1150 1181 1229 φανερὰν
1211 1146 1364 1227 ὕϐριν
1398 1151 1541 1221 αἰτῷ
1597 1149 1862 1231 ἐνεκάλει,

200 1242 320 1313 καὶ,
359 1241 473 1297 Τίνι
496 1239 718 1319 θαῤῥῶν,
759 1238 966 1318 ἔλεγεν,
999 1241 1043 1293 ὦ
1083 1239 1287 1294 πάντων
1321 1237 1617 1295 ἀθλιώτατε
1647 1243 1732 1311 σὺ,
1767 1246 1865 1307 τῆς

200 1328 279 1391 εἷς
329 1330 430 1383 τὸν
461 1329 586 1384 ναῆν
621 1325 825 1384 εἰσόδου
857 1330 916 1383 τὸ
976 1327 1106 1401 ἐμὸν
1152 1328 1345 1404 κράτος
1379 1325 1688 1402 ἐτόλμησας
1742 1328 1864 1385 ἐπι-

201 1431 381 1496 σχεῖν
417 1437 435 1491 ;
466 1417 500 1485 ἦ
533 1417 751 1494 ἀγνοεῖς
784 1418 906 1473 ὅσον
929 1417 1068 1474 ἐστὶν
1100 1420 1263 1473 κακὸν
1293 1419 1327 1487 ἡ
1362 1419 1434 1480 εἷς
1467 1416 1689 1493 βασιλέα
1721 1416 1864 1498 ὕϐρις

199 1509 294 1564 καὶ
327 1507 609 1583 παρονίας
676 1500 733 1564 Ὀ
793 1506 869 1579 δὲ,
922 1514 1038 1563 Τῶν
1070 1506 1154 1563 ἐπὶ
1189 1513 1288 1584 γῆς
1325 1506 1421 1580 μὲι
1469 1507 1662 1586 ούδενὶ,
1709 1510 1863 1588 φησὶ,

197 1602 281 1669 τῷ
343 1598 404 1652 ἐν
438 1598 684 1667 οὖρανοῖς
716 1595 770 1652 δὲ
799 1598 1066 1661 πεποιθὼς
1114 1595 1354 1672 βασιλεῖ,
1408 1596 1464 1660 ὅς
1501 1619 1567 1670 με
1614 1602 1700 1654 καὶ
1736 1621 1863 1654 ποι-

201 1686 344 1758 μένα
392 1690 502 1741 τῶν
549 1687 708 1742 αὐτοῦ
739 1684 1022 1764 προϐάτων
1081 1685 1248 1758 ἔθετο,
1316 1687 1408 1742 καί
1466 1688 1598 1761 πρὸς
1630 1688 1727 1753 τὴν
1775 1698 1865 1747 τ·ίῦ

200 1775 374 1832 λύκου
408 1773 681 1832 καθεύδειν
739 1775 926 1854 ἔσοδον
982 1778 1076 1832 οὒκ
1109 1776 1168 1847 ἐᾷ
1202 1793 1214 1806 ·

1948 523 2198 596 destitit,
2232 521 2356 584 sive
2387 523 2726 605 suspicatus
2774 523 3029 590 futuram
3065 519 3379 602 quamdam
3414 537 3446 581 a
3474 538 3586 599 po-

1941 612 2086 693 pulo
2144 612 2503 675 seditionem
2566 613 2731 694 (illuc
2781 613 2942 674 enim
2978 617 3346 672 convenerat
3379 626 3591 686 magna

1951 701 2266 762 multitudo
2302 702 2621 782 ﬁdelium),
2674 703 2801 765 sive
2852 701 3052 782 aliquo
3084 699 3200 762 alio
3233 718 3266 761 a
3317 718 3382 760 se
3414 705 3587 778 capto

1950 791 2221 865 consilio,
2255 811 2425 872 aeque
2457 793 2699 874 quidem
2749 802 2810 855 et
2866 790 3147 870 graviter,
3209 788 3313 852 sed
3348 787 3589 851 silentio

1950 889 2145 943 tamen
2178 881 2380 944 ferens
2410 881 2861 959 contumeliam,
2888 890 2945 943 et
2976 896 3253 943 reversus
3279 889 3370 941 est
3400 878 3458 940 in
3492 895 3586 940 re-

1945 977 2125 1048 giam.

2032 1058 2215 1122 ILDie
2244 1070 2443 1123 autem
2469 1062 2744 1144 sequenti
2774 1080 2912 1123 cum
2933 1059 3008 1123 ad
3028 1078 3093 1121 se
3131 1058 3583 1141 producendum

1948 1160 2211 1212 curasset
2227 1151 2760 1232 pontiﬁcem,quod
2777 1167 2842 1213 se
2860 1169 2892 1212 a
2906 1149 3126 1229 templo
3147 1148 3580 1229 prohibuisset,

1949 1246 2225 1320 tanquam
2264 1242 2574 1303 manilesta
2606 1239 2857 1303 affectus
2909 1238 3294 1314 contumelia,
3327 1257 3460 1300 eum
3495 1252 3587 1301 est

1946 1329 2324 1410 criminatus;
2359 1341 2441 1406 et,
2476 1329 2774 1405 Quonam,
2810 1331 3027 1410 inquit,
3062 1328 3273 1403 fretus,
3310 1349 3343 1391 ο
3377 1338 3438 1390 tu
3461 1348 3588 1390 om-

1949 1423 2111 1479 nium
2142 1427 2665 1495 miserrimemusus
2689 1439 2751 1482 es
2776 1438 2960 1481 meam
2987 1423 3584 1493 retinerepotentiam,

1952 1522 2023 1563 ne
2048 1509 2101 1563 in
2135 1516 2167 1564 t-
2195 1510 2412 1579 mplnm
2436 1508 2810 1580 ingrederer?
2828 1507 3026 1566 Nescis
3049 1516 3329 1579 quantum
3353 1505 3420 1562 sit
3464 1522 3588 1563 ma-

1948 1590 2070 1652 lum
2108 1592 2324 1672 probro
2353 1602 2410 1655 et
2438 1592 2796 1654 contumelia
2837 1591 3078 1653 afﬁcere
3109 1589 3534 1670 imperatorem
3560 1595 3588 1653 ?

1947 1681 2052 1744 ille
2074 1694 2291 1760 autem,
2317 1684 2490 1748 Nullo
2518 1684 2784 1766 quidem,
2821 1684 3038 1763 inquit,
3073 1700 3283 1745 eorum
3316 1682 3412 1762 qui
3447 1692 3589 1743 sunt

1277 1779 1369 1832 οὒκ
1414 1777 1487 1839 εἷς
1519 1777 1743 1852 βασιλέα
1802 1800 1862 1856 γε

1955 1773 2005 1833 in
2033 1782 2212 1848 terra,
2245 1774 2347 1835 sed
2379 1774 2565 1837 fretus
2595 1772 2754 1853 Rege
2813 1771 2911 1855 qui
2937 1781 3025 1866 est
3047 1773 3104 1833 in
3129 1772 3320 1846 caelis,
3355 1772 3585 1866 qui_me

201 1868 318 1939 μην
372 1863 565 1942 ὕϐρισα
621 1862 856 1943 (αὔθαδες
914 1866 1015 1943 γὰρ
1058 1864 1132 1927 ὠς
1192 1863 1403 1930 ἂληθῶς
1456 1872 1614 1922 τοῦτο
1666 1868 1752 1921 καὶ
1806 1869 1865 1924 οὔ

1955 1864 2122 1925 etiam
2148 1863 2287 1925 fecit
2313 1873 2608 1943 pastorem
2627 1882 2870 1926 suarum
2894 1862 3428 1944 ovium,nequerne
3452 1860 3590 1922 dor-

202 1951 394 2031 πόῤῥιυ
430 1953 673 2033 μανίας),
728 1951 848 2008 ἀλλ’
883 1954 956 2015 εἰς
987 1954 1052 2011 τὰ
1084 1950 1209 2027 ἅγια
1244 1950 1509 2028 ἐνυϐρίσαι
1542 1954 1865 2024 πειραθέντα

199 2042 476 2122 ἐπέσχον,
539 2028 692 2099 Ὥστε
738 2045 825 2099 καὶ
870 2042 1031 2122 χίριν
1076 2041 1135 2098 οἶὶ
1193 2065 1242 2097 τι
1296 2044 1491 2120 μικρὰν
1524 2040 1712 2099 εἰδέναι
1771 2067 1863 2119 μοι

202 2130 423 2195 δίκαιος
457 2131 517 2187 ἄν
550 2133 698 2205 εἴης,
735 2131 815 2188 ὅτι
862 2152 922 2187 σε
969 2131 1211 2187 τοιούτου
1268 2130 1566 2188 διεκώλυσα
1600 2132 1863 2211 ἐγχειρή-

204 2244 414 2300 ματος,
446 2221 533 2301 61’
562 2224 624 2279 οὗ
652 2224 785 2286 ποές
816 2221 1051 2301 ἔσχατον
1083 2221 1142 2276 ἃν
1202 2221 1551 2301 κατηνέχθης
1603 2222 1861 2300 βάραθρον

204 2312 489 2375 ἀπωλείας
519 2314 591 2376 εἷς
627 2313 784 2369 αὒτὸν
819 2312 1094 2389 ἁμαρτὼν,
1129 2310 1188 2365 οὗ
1244 2311 1300 2366 τὸ
1352 2314 1606 2366 ἒκπεσεῗν
1637 2314 1862 2368 θανάτου

207 2404 417 2460 παντὸς
454 2401 867 2481 χαλεπώτερον,
907 2402 1001 2459 Καὶ
1034 2403 1060 2456 6
1087 2403 1473 2475 Νουμεριανὸς,
1514 2399 1667 2476 Δέον,
1703 2403 1854 2481 φησὶ,

208 2490 298 2547 ἐπὶ
357 2505 482 2555 τοῖς
535 2494 764 2571 φθάσασι
812 2490 1258 2565 μεταεαελεῖσθαι,
1320 2489 1459 2546 ἀλλὰ
1493 2491 1615 2568 σύγε
1649 2512 1857 2567 μακρο-

209 2579 371 2657 τέρας
438 2583 577 2654 ἡμῖν
615 2582 905 2662 καταχέεις
958 2581 1053 2642 τὰς
1092 2578 1383 2656 λοιδορίας,
1425 2581 1518 2636 Καὶ
1576 2582 1601 2636 6
1658 2582 1857 2657 μάρτυς

212 2665 532 2742 ὕπολαὸὼν,
590 2674 699 2729 Οὔκ
729 2668 897 2735 ἔξεστι
932 2669 1030 2743 μὲν
1065 2671 1203 2743 ἡμῖν
1234 2670 1361 2746 τάγε
1394 2666 1554 2742 ἄλλα,
1601 2667 1729 2749 ἔφη,
1761 2668 1858 2722 ἆν-

215 2759 448 2833 θρώπων
494 2757 655 2815 οὕδενὶ
715 2756 1097 2836 λοιδορεῖσθαι,
1136 2755 1323 2814 οῧκουν
1369 2755 1484 2816 οὔδε
1536 2759 1616 2813 σοὶ
1673 2755 1858 2812 λοιδο-

222 2846 454 2923 ρούμεθα
490 2863 504 2877 ’
551 2854 661 2910 πῶς
715 2850 815 2926 γὰρ
870 2848 1004 2902 Θεοῦ
1057 2845 1277 2921 πλάσμα
1311 2846 1446 2917 ὄντι,
1481 2848 1569 2903 καὶ
1601 2852 1667 2923 τῇ
1702 2849 1860 2903 αὒτοῦ

223 2936 387 2991 εἰκόνι
419 2938 760 3012 τετιμημένῳ
796 2954 811 3011 ;
851 2939 904 2994 Εἰ
936 2934 990 2991 δὲ
1022 2937 1141 3014 περὶ
1169 2938 1298 2991 Θεὸν
1326 2938 1351 2992 6
1383 2936 1749 3000 κίνδυνος....,

1950 1953 2097 2014 mire
2126 1951 2293 2030 sinit,
2331 1973 2463 2015 cum
2517 1954 2694 2034 lupus
2748 1951 2943 2031 irruit,
3007 1952 3431 2031 imperatorem
3466 1969 3585 2011 non

1947 2040 2119 2103 aﬁeci
2143 2044 2506 2105 contumelia
2524 2051 2703 2119 (esset
2725 2042 2886 2104 enim
2904 2041 3014 2103 hoc
3038 2041 3587 2121 insolentiaaetpro-

1948 2131 2267 2210 petundum
2298 2132 2594 2212 insaniae),
2615 2131 2723 2195 sed
2748 2150 2881 2193 cum
2908 2130 3087 2193 vellet
3117 2138 3321 2192 sancta
3346 2128 3603 2192 allicere

1946 2221 2328 2295 contumelia,
2363 2222 2654 2284 continui.
2688 2219 3090 2292 Quamobrem
3150 2218 3407 2281 deberes
3442 2218 3584 2280 mihi

1948 2329 2064 2369 non
2092 2328 2322 2389 parvam
2350 2312 2463 2373 hoc
2484 2317 2725 2373 nomine
2747 2327 2923 2389 agere
2943 2307 3386 2390 gratiam,quod
3407 2308 3582 2371 talem

1948 2412 2105 2459 tuum
2124 2413 2395 2460 conatum
2420 2402 2915 2475 prohibuerim,ex
2943 2418 3056 2475 quo
3083 2401 3587 2459 detuibatusesses

1946 2489 2003 2549 in
2024 2497 2355 2549 extremum
2378 2488 2721 2550 barathrum
2741 2488 3181 2562 interitus,cum
3203 2493 3262 2548 in
3285 2505 3420 2549 eum
3447 2505 3584 2569 pec-

1944 2595 2143 2639 casses
2173 2598 2205 2639 a
2238 2598 2351 2658 quo
2386 2578 2668 2640 excidere
2700 2586 2790 2640 est
2833 2579 3039 2659 quavis
3080 2586 3270 2640 morte
3319 2577 3581 2655 gravius.

1944 2667 2343 2730 Numerianus
2367 2677 2563 2729 autem
2595 2688 2608 2727 :
2639 2666 2786 2729 Cum
2815 2667 3423 2748 te,inquit,oporteret
3454 2686 3585 2748 pte-

1946 2755 2140 2817 nitere
2165 2773 2368 2817 eorum
2394 2774 2524 2838 quae
2576 2766 3038 2837 praecesserunt,
3076 2765 3138 2820 tu
3161 2774 3269 2817 nos
3293 2756 3584 2837 prolixio-

1942 2844 2109 2906 ribus
2130 2846 2397 2925 aspergis
2427 2846 3004 2926 maletlictisJ/lartyr
3027 2856 3220 2907 autem
3254 2844 3585 2926 excipiens:

1944 2933 2503 3016 Nobis,inqnit,non
2528 2935 2671 2997 licet
2695 2935 2915 3017 alioqui
2940 2934 3125 2997 ullum
3148 2935 3453 2998 hominem
3476 2954 3589 3016 ap-

223 3035 429 3106 petere
460 3026 835 3089 maledictis:
874 3043 983 3087 nec
1033 3043 1180 3103 ergo
1212 3033 1268 3086 te
1303 3024 1635 3086 maledictis
1690 3023 2047 3106 appetimus.
2085 3023 2396 3097 Quomodo
2449 3028 2634 3101 enim,
2672 3044 2803 3088 cum
2857 3027 2938 3087 sis
2971 3023 3079 3088 Dei
3127 3026 3497 3105 ﬁgmentum,
3533 3036 3596 3090 et

218 3114 349 3195 ejus
384 3115 710 3178 honoratus
742 3116 1002 3195 imagine
1033 3116 1059 3175 ?
1091 3113 1205 3178 Sed
1240 3115 1286 3175 si
1316 3116 1391 3177 de
1418 3113 1539 3176 Deo
1570 3124 1875 3195 agatur....

300 3196 380 3268 F‘.
433 3210 528 3263 Καὶ
574 3210 600 3262 6
647 3208 1031 3285 Νουμεριανὸς,
1079 3205 1346 3281 ἐπικύψας
1399 3208 1544 3278 αύτῷ
1574 3208 1674 3274 τὴν
1734 3229 1858 3262 συν-

1984 3202 2494 3267 Il[.Numerianus
2510 3204 3193 3287 autem,interrumpens
3218 3216 3561 3269 contextum

218 3294 430 3366 ἐπειαν,
491 3294 660 3351 Ἀλλά
711 3296 920 3375 χαίρειν
964 3296 1154 3366 εἰπὼν,
1210 3293 1337 3375 ἔφη,
1372 3300 1441 3371 τῇ
1487 3293 1668 3370 πολλῇ
1696 3295 1863 3372 ταύτῃ

218 3390 323 3439 τῶν
387 3384 566 3462 λόγων
595 3386 773 3465 ἰσχύϊ,
810 3382 864 3441 εἴ
893 3406 953 3462 γε
985 3382 1049 3451 δὴ
1089 3386 1174 3441 καὶ
1206 3381 1485 3462 διαφυγεῖν
1518 3382 1735 3460 βούλοιο
1767 3384 1865 3451 τὴν

222 3472 307 3530 ἐπὶ
346 3480 425 3531 τῶ
457 3473 757 3552 ἐγκλήματι
802 3474 981 3555 δίκην³
1032 3486 1153 3539 τοῖς
1201 3474 1476 3553 μεγίστοις
1507 3477 1662 3533 θῦσον
1692 3476 1860 3539 θεοῖς.

229 3565 325 3620 Καὶ
369 3566 396 3619 6
438 3564 638 3643 μάρτυς
688 3563 947 3643 πρότερον
990 3564 1123 3642 πρὸς
1179 3564 1279 3630 τὴν
1333 3562 1592 3641 ἔγκλησιν
1651 3561 1862 3619 ἀπολο-

224 3653 553 3731 γησάμενος,
585 3656 675 3711 καὶ
706 3655 880 3733 φήσας
910 3654 1042 3730 ὑπὲρ
1074 3660 1167 3710 τοῦ
1195 3653 1449 3727 ποιμνίου
1509 3653 1684 3713 πάντα
1731 3653 1868 3727 μετὰ

220 3745 514 3821 προθυμίας
585 3747 853 3821 αἱρεῖσθαι
926 3746 1144 3817 παθεῖν,
1205 3742 1394 3799 ἔπειτα
1454 3740 1746 3811 διαλακὼν,
1797 3746 1870 3802 Οὒ

220 3830 467 3913 δυνατὸν,
512 3832 720 3910 ἔλεγεν,
766 3835 812 3888 ὧ
876 3831 1117 3909 βασιλεῦ,
1178 3838 1271 3890 τοῦ
1331 3832 1497 3895 ὅντως
1564 3831 1873 3893 ἀποστάντα

224 3921 358 3979 Θεοῦ
408 3922 771 3999 ψευδωνύμως
815 3921 1109 4002 προσέχειν
1144 3922 1324 4003 θεοῖς,
1369 3926 1455 3987 οἷς
1487 3923 1575 3979 καὶ
1606 3923 1872 3999 ὀνομάσαι

224 4014 394 4088 μόνον
449 4013 685 4094 αἰσχύνη
729 4029 849 4077 τοὶς
897 4010 1139 4070 εὐσεϐεῖν
1183 4012 1554 4089 βουλομένοις.
1596 4002 1653 4071 c0
1685 4012 1763 4087 δὲ,
1800 4013 1875 4071 Τὰ

222 4103 459 4181 πρότερά
488 4124 571 4159 σοι
602 4103 691 4160 καὶ
744 4102 906 4159 πάλιν
939 4102 1065 4179 ἐρῶ,
1101 4105 1233 4183 φησι
1268 4121 1282 4136 ⁸
1315 4103 1436 4164 τοὺς
1491 4103 1728 4179 μακροὺς
1765 4100 1872 4171 λή-

224 4211 349 4270 ρους
386 4190 572 4266 ἐάσας,
619 4197 776 4251 θῦσον
828 4205 947 4257 τοῖς
999 4196 1145 4255 θεοῖς
1180 4208 1195 4225 ⁸
1232 4193 1277 4248 εἷ
1307 4188 1351 4247 δ’
1386 4192 1500 4267 οὖν,
1536 4190 1675 4248 ἀλλὰ
1706 4190 1871 4248 κακόν

226 4303 287 4338 σε
317 4282 504 4348 κακῶς
536 4284 596 4339 τὸ
639 4282 769 4358 ἐμὸν
822 4280 1078 4339 ἀπολέσει
1132 4280 1348 4360 κράτος.
1391 4283 1486 4338 Καὶ
1518 4284 1545 4338 6
1577 4278 1818 4346 Βαϐύλας
1852 4299 1868 4317 ⁶

227 4367 391 4448 Ἐμοὶ
422 4369 489 4428 δι’
530 4372 698 4453 εὐχῆς
725 4374 793 4439 ἦν
826 4371 964 4430 ὥστε
1027 4371 1113 4428 καὶ
1170 4372 1229 4427 σὲ
1274 4371 1371 4437 τῆς
1432 4370 1872 4452 περικεχυμένης

230 4483 312 4519 σοι
356 4463 556 4529 ταύτης
588 4463 898 4541 ἀνενεγκεῖν
931 4461 1163 4543 ἀχλύος,
1198 4459 1354 4539 εἴπερ
1403 4461 1501 4517 κᾶἰν
1535 4462 1630 4525 τὰς
1664 4462 1873 4539 μακρὰς

1950 3294 2078 3374 ejus
2102 3294 2789 3375 orationis,Sedjubens,
2820 3295 3035 3376 inquit,
3061 3294 3260 3358 valere
3283 3297 3435 3357 hanc
3472 3314 3591 3357 ma-

1947 3402 2121 3459 gnam
2147 3389 2261 3444 vim
2286 3389 2676 3453 verborum,si
2705 3389 2840 3445 velis
2864 3402 3059 3458 pcenas
3083 3386 3334 3460 eﬁugere
3358 3401 3594 3462 propter

1946 3473 2175 3532 crimen
2207 3470 2573 3547 subeundas,
2612 3471 2885 3534 maximis
2917 3472 3031 3532 diis
3059 3471 3355 3533 sacriﬁca.
3377 3472 3590 3553 Martyr

1949 3570 2146 3623 autem
2186 3580 2319 3624 cum
2366 3562 2532 3643 prius
2555 3563 2968 3643 respondisset
2988 3561 3061 3624 ad
3086 3561 3590 3638 criminationem,

1952 3660 2010 3715 et
2040 3650 2286 3713 dixisset
2316 3669 2381 3714 se
2414 3663 2695 3734 prompto
2741 3661 2800 3715 et
2821 3651 3005 3715 alacri
3044 3651 3244 3714 animo
3275 3670 3382 3731 pro
3412 3669 3593 3731 grege

1953 3741 2174 3824 quaevis
2197 3760 2328 3804 esse
2348 3760 2689 3823 passurum,
2721 3740 2943 3804 deinde
2969 3758 3341 3822 prosequens
3373 3760 3386 3805 :
3409 3739 3594 3823 Fieri,

1954 3832 2301 3912 inquit,non
2326 3840 2583 3912 potest,o
2605 3831 2956 3913 imperator,
2992 3838 3111 3893 uta
3131 3847 3270 3893 vero
3292 3829 3416 3893 Deo
3440 3828 3596 3892 deﬁ-

1958 3922 2148 3995 ciens,
2184 3939 2288 3983 eos
2312 3920 2529 3996 colam,
2557 3921 2659 4003 qui
2691 3920 2839 3983 falso
2873 3920 3254 4003 appellantur
3285 3918 3410 4001 dii;
3443 3938 3597 3998 quos

1958 4012 2044 4074 vel
2073 4011 2266 4073 solum
2316 4012 2631 4075 nominare
2674 4020 2764 4075 est
2785 4029 3071 4091 magnum,
3099 4010 3363 4073 dedecus
3392 4011 3468 4072 iis
3499 4010 3602 4091 qui

1957 4100 2163 4162 volunt
2188 4119 2319 4163 esse
2343 4101 2565 4183 pii.Ille
2592 4110 2814 4165 autem:
2845 4099 3297 4181 Eadem,inquit
3317 4099 3598 4178 tibidico,

1961 4208 2091 4272 quae
2115 4195 2280 4271 prius
2313 4212 2326 4253 :
2368 4190 2628 4271 prolixas
2667 4191 2911 4254 mittens
2933 4207 3120 4272 nugas
3135 4189 3256 4251 diis
3282 4190 3552 4253 sacriﬁca
3584 4208 3599 4253 :

1954 4280 2048 4341 sin
2080 4279 2299 4355 minus,
2335 4290 2390 4342 te
2454 4282 2672 4345 malum
2708 4280 2858 4344 male
2892 4300 3025 4345 mea
3058 4279 3272 4361 perdet
3306 4280 3597 4361 potentia.

1957 4368 2203 4450 Babylas
2227 4378 2428 4432 autem
2468 4387 2481 4430 :
2513 4371 2684 4452 Mihi,
2729 4371 2946 4452 inquit,
2978 4377 3106 4433 erat
3128 4370 3189 4431 in
3224 4370 3398 4448 votis,
3431 4377 3494 4432 ut
3523 4368 3599 4432 ab

1959 4460 2094 4536 hac,
2128 4477 2242 4540 qua
2273 4478 2336 4521 es
2368 4460 2794 4535 circumfusus,
2834 4460 3094 4540 caligine
3125 4458 3472 4523 liberareris
3506 4477 3521 4524 :
3555 4459 3607 4521 si

230 4550 435 4617 ὲκείνας
490 4553 578 4609 καὶ
633 4552 925 4617 ἀθανάτους
982 4551 1243 4631 τιμωρίας
1309 4547 1535 4629 διέδρας,
1597 4548 1768 4607 Ἀλλὰ
1815 4552 1866 4605 οἱ

1960 4566 2076 4629 qua
2096 4550 2329 4611 ratione
2353 4551 2480 4612 ﬁeri
2507 4559 2730 4631 posset,
2747 4558 2813 4613 ut
2837 4550 3010 4630 longa
3034 4549 3137 4612 illa
3158 4557 3220 4610 et
3239 4548 3611 4612 immortalia

232 4643 322 4698 καὶ
376 4639 571 4708 ἄλλους
631 4641 719 4698 ἐπὶ
777 4643 976 4709 ταύτην
1028 4639 1390 4721 παρακαλεῖς,
1423 4641 1643 4715 μείζονα
1703 4642 1866 4715 ἑαυτᾷ

1963 4638 2259 4716 effugeres
2290 4639 2608 4722 supplicia.
2642 4640 2762 4703 Sed
2825 4649 2886 4702 tu
2916 4639 3068 4702 alios
3100 4656 3337 4720 quoque
3369 4637 3443 4700 ad
3475 4656 3609 4701 eam

234 4731 335 4799 τὴν
385 4730 767 4807 ἠπειλημένην
798 4731 1050 4793 ἀνάπτων
1080 4731 1300 4810 γέενναν
1337 4749 1348 4762 ⁸
1390 4736 1524 4786 Θεοῦ
1553 4730 1655 4809 γὰρ
1685 4737 1881 4801 ζῶντος

1965 4727 2327 4805 adhortaris,
2393 4731 2680 4811 majorem
2747 4729 2853 4792 tibi
2904 4728 3244 4792 accendens
3273 4729 3610 4809 gehennam

237 4817 525 4901 διαφυγεῖν
549 4833 747 4902 χεῖρας
778 4821 1090 4902 ἀμήχανον.
1128 4821 1200 4879 Τὸ
1232 4818 1286 4877 δὲ
1321 4821 1410 4878 καὶ
1431 4818 1635 4876 ἁλῶναι
1665 4820 1866 4877 ταύταις

1967 4818 2142 4899 cujus
2192 4819 2370 4881 minis
2424 4828 2561 4882 sunt
2591 4819 2702 4882 tibi
2733 4819 3065 4882 intentatis.
3100 4818 3264 4897 Fieri
3296 4817 3456 4881 enim
3490 4834 3613 4878 non

237 4911 451 4991 ἡλίκον,
487 4913 515 4968 6
546 4910 687 4978 ἅπαξ
716 4912 968 4990 ἐμπεσὼν
1017 4910 1246 4968 εἴσεται.

330 5176 423 5241 A'.
466 5186 643 5239 Ταῦτα
705 5178 859 5256 εἶπε,
887 5179 976 5237 καὶ
1006 5177 1180 5236 πάντα
1209 5177 1393 5261 ὥσπερ
1424 5179 1684 5259 ὀστράκου
1716 5199 1890 5253 μετα-

1972 4915 2187 4989 potest,
2222 4916 2287 4970 ut
2317 4908 2565 4988 eﬁ‘ugias
2594 4927 2808 4971 manus
2835 4907 2942 4972 Dei
2968 4909 3242 4971 viventis.
3265 4905 3614 4988 Cuiusmodi

1970 5005 2170 5060 autem
2203 4997 2278 5060 sit
2308 4997 2381 5061 ab
2411 5000 2497 5061 eis
2528 5017 2661 5063 esse
2690 4999 3165 5081 apprehensum,
3211 4997 3360 5061 sciet
3389 4996 3494 5075 qui
3523 5014 3614 5059 se-

1974 5086 2091 5149 mel
2121 5086 2184 5148 in
2216 5105 2316 5150 eas
2342 5088 2638 5154 inciderit.

2054 5175 2159 5241 IV.
2186 5176 2324 5240 Haec
2346 5178 2515 5241 dixit:
2540 5190 2602 5243 et
2624 5179 2828 5243 omnia
2854 5178 3104 5262 perinde
3125 5197 3193 5242 ac
3217 5179 3266 5240 si
3292 5194 3619 5242 conversus

244 5270 503 5335 πεσόντος
553 5272 645 5329 ἱεπὶ
694 5272 752 5329 τὸ
796 5269 1035 5328 ἐναντίον
1093 5269 1292 5349 ὲχώριι
1329 5284 1343 5299 '
1391 5268 1492 5335 τὴν
1538 5269 1639 5350 γὰρ
1682 5267 1866 5326 σύνεσι

1977 5276 2139 5332 esset
2165 5266 2249 5351 (3)
2275 5268 2794 5348 calculus,mutata
2813 5269 3040 5333 suntin
3064 5269 3461 5333 contrarium.
3496 5268 3617 5332 Viri

333 5436 429 5522 (3)
453 5440 660 5504 Graece
708 5440 908 5522 ὥσπερ.
944 5440 1207 5522 ὀστράκου
1240 5438 1664 5522 μεταπεσόντος,
1705 5460 1730 5496 α
1770 5447 1889 5502 tes.

250 5516 371 5580 tuta
400 5516 845 5592 transmutata.)
863 5516 1782 5592 ’οοσοιτοοίεωοβυθηείοῖυῃι
1808 5533 1900 5592 ge-

251 5604 390 5652 nere
424 5605 527 5664 per
560 5590 821 5650 calculos
851 5605 917 5649 ac
956 5588 1136 5653 fabas,
1191 5598 1245 5646 et
1277 5588 1606 5648 ostracinda
1646 5588 1770 5650 ludi
1800 5588 1904 5663 ἐθ-

574 5708 813 5769 ΡΑτιιοι.
854 5704 971 5771 Gn.
1016 5702 1227 5768 CXIV.

1978 5453 2139 5503 nere,
2175 5439 2329 5513 unde
2351 5439 2621 5513 adagium
2654 5442 2765 5498 hoc
2797 5436 3438 5512 desumptum,consule
3475 5438 3613 5497 Era-

1980 5526 2169 5570 smum
2204 5514 2261 5569 in
2294 5511 2552 5584 Adagi‘is.

3150 5706 3221 5772 31
