3996 6178
427 258 536 324 971

1726 256 2008 319 MENSIS
2047 255 2503 321 JANUARIUS.

3658 265 3757 333 972

432 396 592 458 enim
618 393 970 477 sapientiam
999 391 1324 453 admiratus
1347 389 1849 478 Numerianus,ab
1874 392 2072 453 irade-

2167 399 2248 448 τοῦ
2291 393 2473 471 ἀνδρὸς
2522 398 2548 450 ὁ
2595 397 2958 472 Νουμεριανὸς
3002 398 3274 471 θαυμάσας
3344 405 3446 466 τῆς
3516 400 3666 478 ὀργῆς
3717 425 3765 459 τε

430 487 862 564 sinit,eumque
885 482 1118 563 placide
1143 481 1414 542 etamice
1437 479 1677 542 intuens
1711 499 1723 542 :
1757 477 1804 543 Ο
1834 482 2070 559 doctor,

434 575 653 654 inquit,
691 590 1038 653 puerorum,
1077 577 1324 648 potesne
1360 569 1564 630 dicere
1590 570 1746 648 quod
1785 571 1856 630 sit
1893 569 2077 632 Deus?

435 663 544 725 Ille
573 674 766 725 autem
803 681 816 722 :
850 661 955 723 Dei
1002 658 1270 740 quidem,
1329 658 1548 738 inquit,
1585 669 1887 738 naturam,
1920 677 1994 718 ne
2025 659 2075 718 si

439 753 688 814 multum
741 749 989 830 quidem
1041 747 1357 819 laboraris,
1419 747 1745 810 inveneris.
1782 749 2072 810 Estenim

437 840 850 913 inetfabilis,et
872 837 976 918 qui
1001 855 1112 898 nec
1139 844 1332 916 potest
1356 838 1934 918 comprehendi,nec
1959 839 2073 898 hu-

443 937 629 992 manis
652 933 912 1003 indagari
940 931 1410 1002 cogitationibus;
1441 935 1792 1002 principium
1820 936 2073 991 universi

441 1030 498 1080 et
533 1017 904 1092 constitutio,
938 1015 1180 1097 Rexque
1217 1024 1274 1076 et
1300 1015 1588 1078 Dominus
1613 1016 1933 1080 etCreator
1953 1038 2076 1082 om-

437 1109 623 1171 nium.
657 1109 805 1172 Cum
839 1112 1037 1168 autem
1074 1105 1148 1166 sit
1170 1124 1412 1185 semper
1435 1107 1656 1168 nullius
1690 1109 1778 1169 rei
1803 1108 2080 1188 indigens

439 1199 598 1280 (talis
620 1208 712 1258 est
759 1195 918 1258 enim
944 1195 1154 1274 Deus),
1190 1194 1326 1257 fecit
1354 1196 1600 1274 angelos
1634 1197 1745 1278 (4),
1781 1206 1839 1259 et
1869 1217 2079 1260 omnes

436 1291 582 1352 alias
606 1286 899 1350 essentias
924 1286 1441 1364 incorporeorum.
1479 1285 1620 1347 Post
1641 1288 1851 1348 horum
1878 1299 2076 1350 autem

439 1379 828 1450 creationem,
876 1374 1016 1437 fecit
1067 1376 1398 1451 hominem,
1436 1383 1494 1436 et
1526 1377 1684 1437 hunc
1735 1379 2076 1438 universum

443 1466 757 1541 mundum,
786 1473 844 1527 et
895 1482 1030 1525 eum
1067 1463 1279 1543 implet
1309 1465 1484 1526 bonis
1513 1466 2074 1539 innumerabilibus,

445 1556 838 1637 pronuntians
857 1553 1052 1633 ipsum
1076 1553 1132 1614 id
1158 1553 1364 1615 essein
1383 1555 1732 1636 terra,quod
1757 1556 1886 1636 ipse
1909 1555 2078 1618 estin

441 1643 784 1708 cmlis.Eum
809 1661 944 1704 cum
969 1642 1025 1702 in
1053 1650 1213 1704 tanto
1239 1643 1469 1722 honore
1493 1644 1922 1721 constituisset,
1961 1655 2082 1707 tan-

445 1753 622 1816 quam
655 1732 782 1812 regi
813 1732 1062 1811 regiam,
1103 1730 1156 1792 ei
1211 1750 1408 1793 rerum
1447 1741 1818 1796 terrenarum
1853 1754 1947 1814 pax
1962 1744 2078 1797 tem
2109 1751 2142 1798 P.

441 1823 715 1886 attribuit
748 1821 1460 1904 pulcherrimam,nempe
1488 1823 1928 1904 paradisum.Et
1951 1845 2081 1886 cum

446 1926 652 1989 praeter
669 1919 794 1973 hmo
818 1915 988 1972 vellet
1011 1916 1060 1971 ei
1090 1914 1325 1973 aliunde
1348 1921 2080 1989 ostendere,quantumalia

445 2010 758 2084 superaret
780 2000 1123 2075 animantia,
1159 2000 1322 2062 ducit
1343 2003 1416 2063 ad
1438 2020 1572 2064 eum
1601 2011 1887 2079 omnia,et
1916 2004 2083 2085 jubet

349 2103 354 2107 ’
443 2111 580 2155 eum
614 2092 861 2152 nomina
883 2091 1198 2170 imponere
1239 2090 1537 2155 omnibus.
1571 2093 1717 2156 Cum
1749 2103 1941 2156 autem
1980 2115 2086 2176 per

439 2184 566 2243 haec
585 2180 1035 2244 docuisseteum
1061 2197 1194 2240 esse
1211 2181 1477 2242 omnium
1497 2183 2081 2262 praestantissimum,

444 2282 584 2334 tunc
608 2279 774 2332 creat
799 2269 977 2330 etiam
1007 2267 1428 2347 mulierem,ea
1450 2289 1694 2351 quoque
1715 2291 1849 2333 eum
1876 2291 2086 2338 rursus

441 2361 772 2432 honorans,
808 2367 865 2419 et
897 2357 1278 2420 manifestum
1315 2359 1601 2430 reddens.
1652 2362 1811 2440 quod
1841 2372 2086 2444 propter

439 2452 638 2531 ipsum
668 2449 820 2512 facta
836 2447 935 2510 sit.
970 2448 1101 2510 Non
1128 2449 1220 2509 his
1244 2457 1441 2510 autem
1466 2450 1660 2512 solum
1685 2454 1941 2528 ornavit,
1976 2455 2078 2515 sed

442 2541 621 2606 etiam
645 2539 754 2601 soli
775 2558 843 2600 ex
877 2537 1160 2600 omnibus
1184 2539 1238 2600 ei
1261 2539 1430 2601 dedit
1452 2541 1839 2617 rationem,et
1867 2544 1920 2603 ei
1943 2563 2083 2606 con-

441 2631 626 2694 cessit
644 2638 705 2692 ut
725 2628 1026 2691 frueretur
1048 2627 1182 2708 ejus
1200 2629 1782 2694 consuetudine.llle
1807 2651 1944 2694 vero
1967 2635 2080 2693 ini-

442 2721 661 2782 micum
680 2726 947 2780 statuens
972 2721 1160 2797 magis
1185 2716 1304 2779 fide
1328 2717 1577 2797 dignum
1601 2737 1671 2782 eo
1699 2723 1798 2800 qui
1821 2723 1946 2783 haec
1969 2723 2084 2784 de-

439 2814 700 2888 derat,et
718 2812 938 2872 nullam
958 2811 1490 2873 ducensrationem
1513 2814 1773 2875 mandati
1789 2816 2086 2878 Creatoris

441 2902 757 2982 sui,pluris
781 2901 918 2963 fecit
941 2901 1360 2980 deceptionem
1387 2902 1653 2982 ejus,qui
1678 2923 1815 2965 eum
1840 2906 2086 2969 omnino

440 2992 1386 3064 studuitconterere,etomnibus
1407 2991 1582 3054 bonis
1594 2993 1770 3054 simul
1790 3005 2085 3070 evertere;

2155 480 2445 565 EnoMYSt,
2494 486 2580 539 καὶ
2622 481 2821 560 ἥμερόν
2867 506 2914 539 τι
2961 487 3123 543 αὐτὸν
3156 488 3245 542 καὶ
3287 485 3466 565 φίλιον
3510 487 3764 563 προσιδὼν,

2155 557 2219 623 Ὦ
2253 568 2537 627 διδάσκαλε
2583 570 2811 651 παίδων,
2859 575 3053 651 φησίν,
3103 573 3257 654 ἔχοις
3289 578 3352 630 ἂν
3385 577 3560 632 εἰπεῖν
3590 583 3634 632 τί
3660 600 3767 635 ποτε

2157 658 2255 737 ἄρα
2287 659 2380 727 εἴη
2414 663 2541 726 Θεός
2572 681 2586 735 ;
2619 662 2690 717 ”Ο
2719 659 2799 735 δὲ,
2833 669 2967 718 Θεοῦ
2996 663 3097 737 μὲν
3128 665 3306 743 φύσιν,
3343 665 3532 738 εἶπεν,
3565 664 3693 746 οὒδὲ,
3721 669 3769 724 ἂν

2159 748 2333 804 πολλὰ
2377 747 2603 825 κάμοις,
2640 752 2882 828 εὑρήσεις
2919 772 2931 784 ·
2969 750 3082 808 ἔστι
3114 755 3216 831 γὰρ
3247 752 3505 832 ἅῤῥητος,
3540 752 3770 835 ἄληπτος,

2159 836 2450 915 λογισμοῖς
2483 839 2832 917 ἀνθρωπίνοις
2885 838 3316 918 ἀνεξερεύνητος,
3351 844 3509 922 ἀρχὴ
3545 852 3633 903 τοῦ
3659 867 3772 902 παν-

2159 927 2249 990 τὸς
2293 931 2390 983 καὶ
2440 931 2713 1002 συνουσία,
2761 929 3018 1005 βασιλεύς
3063 952 3120 987 τε
3165 933 3253 989 καὶ
3308 933 3504 1010 Κύριος
3552 935 3638 989 καὶ
3684 946 3770 1001 Δη-

2160 1019 2412 1095 μιουργὸς
2470 1017 2718 1076 ἁπάντων
2753 1036 2766 1051 ⁶
2831 1017 3084 1088 ἀνενδεὴς
3143 1021 3198 1077 δὲ
3249 1021 3322 1079 ὢν
3391 1023 3479 1080 ἀεὶ
3546 1020 3771 1102 (τοιοῦτον

2161 1108 2262 1184 γὰρ
2307 1108 2367 1164 τὸ
2430 1106 2637 1187 Θεϊον),
2687 1107 2939 1175 ἐποίησεν
2993 1109 3256 1189 ἀγγέλους
3288 1112 3377 1168 καὶ
3409 1111 3776 1191 ἆρχαγγέλσυς,

2163 1195 2328 1260 ἄλλας
2374 1219 2429 1253 τε
2475 1198 2655 1261 πάσας
2699 1203 2807 1254 τῶν
2840 1198 3145 1274 ἆσωμάτων
3190 1203 3415 1257 οὗσιῶν·
3457 1201 3595 1275 μετὰ
3625 1199 3674 1256 δὲ
3699 1202 3776 1268 τὴν

2162 1287 2362 1341 τούτων
2433 1283 2785 1365 δημιουργίαν
2860 1301 3010 1344 ποιεῖ
3069 1291 3155 1344 καὶ
3214 1293 3308 1346 τὸν
3351 1289 3657 1366 ἄνθρωπον,
3711 1292 3778 1346 καί

2160 1374 2372 1431 ἅπαντα
2415 1375 2566 1432 τόνδε
2607 1379 2696 1432 τοι.
2742 1381 2968 1452 κόσμον,
3022 1383 3118 1435 καὶ
3162 1384 3360 1454 μυρίων
3420 1377 3586 1434 αὐτὸν
3641 1378 3778 1454 limi-

2163 1463 2361 1530 πλησιν
2422 1463 2656 1542 ἆγαθῶν,
2707 1466 2864 1523 τοῦτὸ
2918 1468 3076 1525 αὐτὸν
3109 1468 3397 1548 ἀποφήνας
3433 1467 3524 1524 ἐπὶ
3551 1468 3646 1536 τῆς
3674 1473 3781 1546 γῆς,

2163 1553 2294 1628 ὅπερ
2339 1553 2477 1610 ἐστὶν
2513 1557 2667 1616 αὐτὸς
2711 1558 2763 1611 ἓν
2797 1570 2917 1619 τοῖς
2949 1560 3221 1634 οὐρανοῖς,
3257 1565 3462 1614 Τοῦτον
3494 1557 3548 1614 ἐν
3581 1559 3784 1633 τοσαύτῃ

2163 1650 2294 1719 τιμῇ
2354 1644 2722 1717 καταστήσας,
2757 1646 2996 1722 καθάπερ
3025 1646 3274 1723 βασίλεια
3305 1646 3558 1726 βασιλεῖ,
3593 1650 3651 1703 τὸ
3676 1646 3784 1703 κᾶλ-

2165 1732 2346 1790 λιστον
2380 1737 2520 1807 αὖτῷ
2565 1734 2725 1812 μέρος
2770 1739 2876 1790 τῶν
2929 1735 3182 1812 ἐπιγείων
3215 1737 3450 1802 ὰπέταξε
3500 1737 3593 1793 τὸν
3633 1737 3782 1814 παρᾶο

2167 1822 2342 1880 δεισικν
2377 1843 2390 1857 '
2427 1825 2514 1880 καὶ
2552 1826 2680 1899 πρὸς
2715 1825 2924 1888 τούτοις
2969 1825 3298 1902 βουλόμενος
3333 1827 3485 1901 αύτῷ
3517 1825 3681 1892 δεῖξαι
3709 1826 3787 1883 καῖ

2168 1912 2388 1969 ἄλλοθεν
2433 1911 2556 1969 ὅσον
2613 1915 2676 1970 τὰ
2728 1913 2863 1969 ἄλλα
2909 1912 3243 1992 ὑπερϐέϐηκε
3302 1917 3445 1996 ζῶα,
3507 1915 3624 1993 ὄὶγει
3680 1917 3788 1994 πρὸς

2170 2006 2325 2061 α-Βτὸν
2371 2002 2602 2075 ἅπαντα,
2666 2007 2753 2060 καὶ
2799 2007 3038 2078 ὀνόματα
3083 2007 3351 2062 ἒπιθεῖντιι
3385 2005 3597 2062 κελεύει
3651 2011 3788 2062 πᾶσιν

2170 2093 2328 2149 αὐτόν
2365 2110 2376 2122 ·
2413 2096 2503 2150 καὶ
2541 2091 2626 2148 διὰ
2681 2095 2885 2150 τούτων
2918 2091 3126 2158 διδάξας
3157 2095 3316 2150 aiith
3345 2094 3434 2150 ὅτι
3467 2095 3679 2151 πάντων
3709 2097 3788 2150 αὖ·

2169 2184 2255 2246 τός
2303 2183 2412 2238 ἐστι
2471 2184 2818 2257 τιμιώτερος,
2852 2183 2974 2238 τότε
3005 2180 3071 2250 δὴ
3107 2184 3270 2254 κτίζει
3302 2186 3390 2240 καὶ
3424 2185 3526 2252 τὴν
3557 2197 3785 2261 γυναῖκα,

2168 2275 2254 2328 καὶ
2313 2273 2484 2344 τούτῳ
2537 2273 2701 2327 πάλιν
2763 2272 2917 2328 αὺτὸν
2962 2278 3092 2348 τιμᾷ
3157 2275 3245 2329 καὶ
3274 2275 3510 2353 φανερὸν
3553 2286 3698 2330 ποιεῖ
3722 2272 3789 2327 ὅτι

2169 2362 2233 2418 δι’
2281 2363 2438 2417 αὐτὸν
2471 2361 2710 2439 γέγονεν.
2748 2365 2820 2419 Οὐ
2847 2361 3057 2424 τούτοις
3090 2360 3144 2417 δὲ
3177 2363 3343 2436 μόνον
3400 2363 3562 2419 αὐτὸν
3609 2361 3784 2418 ἀπεσό-

2167 2472 2382 2527 μνυνεν,
2411 2449 2549 2506 ἀλλὰ
2581 2452 2665 2508 καὶ
2699 2449 2862 2527 λόγον
2894 2452 3044 2525 μόνῳ
3069 2453 3174 2507 τῶν
3208 2452 3468 2508 ἀπάντων
3493 2452 3786 2530 ἐχαρίσατο,

2169 2544 2255 2598 καὶ
2311 2540 2528 2615 ὁμιλίας
2589 2541 2686 2608 τῆς
2743 2541 2904 2597 αὑτοῦ
2974 2538 3201 2597 δέδωκεν
3260 2541 3582 2602 ἀπολαύειν.
3647 2532 3696 2598 ’0
3740 2537 3783 2595 δὲ

2169 2652 2483 2706 πιστοτερον
2541 2639 2634 2687 τοῦ
2677 2638 2842 2686 ταῦτα
2881 2627 3264 2707 δωρησαμένου
3295 2631 3385 2687 τὸν
3420 2631 3620 2710 ἐχθρὸν
3646 2630 3782 2703 θέμε-

2339 2723 2427 2776 καὶ
2482 2720 2582 2787 τῆς
2643 2719 2868 2786 ἐντολῆς
2926 2729 3020 2779 τοῦ
3103 2720 3434 2789 ποιήσαντος
3511 2720 3779 2796 ἀλογήσας,

2169 2813 2496 2889 προετίμησε
2543 2811 2640 2878 τὴν
2669 2809 2883 2876 ἀπάτην
2927 2817 3022 2867 τοῦ
3065 2807 3346 2873 παντελῶς
3381 2810 3548 2866 αύτὸν
3570 2807 3782 2886 ἐκτρίψαι

2169 2898 2592 2973 σπουδάσαντος,
2625 2901 2713 2956 καὶ
2772 2899 2984 2955 πάνιων
3014 2899 3215 2972 ἀθρόως
3260 2905 3367 2956 τῶν
3399 2899 3614 2976 ἀγαθῶν
3643 2893 3778 2952 ἔκϐα-

2168 2991 2311 3068 λετς,
2349 2987 2497 3046 οὒδὲν
2543 2987 2662 3045 οὕτε
2711 2989 2851 3067 μέγα
2903 2986 3022 3045 οξῖτε
3057 2989 3250 3065 μικρὸν
3281 2989 3593 3066 εὐεργεσίας
3633 2986 3782 3042 ἕνεκεν

2168 2743 2280 2796 νος,

443 3101 578 3144 cum
610 3082 716 3144 ille
745 3100 853 3144 nec
886 3099 1125 3158 magno,
1154 3100 1263 3143 nec
1290 3099 1467 3160 parvo
1485 3099 1621 3143 eum
1645 3081 1944 3146 atiecisset
1976 3085 2081 3147 be-

2170 3077 2545 3154 ἐπιδεξαμένου
2588 3079 2719 3156 πρὸς
2779 3079 2936 3135 «sum
2986 3078 3215 3156 ἐκείνου,
3245 3075 3384 3134 ἀλλὰ
3437 3077 3585 3156 ῥῆμα
3637 3095 3781 3151 προσ-

443 3170 802 3245 neticio,sed
828 3169 1014 3231 verbo
1040 3170 1168 3231 solo
1191 3189 1327 3232 cum
1351 3189 1421 3231 eo
1446 3170 1930 3250 egisset.Eumne
1947 3191 2087 3253 ergo

442 3265 604 3325 Deus
635 3259 908 3322 delevit?
941 3259 1024 3320 Ex
1080 3260 1313 3322 ratione
1339 3259 1500 3322 enim
1527 3260 1786 3340 justitiae
1821 3263 1930 3324 hoc
1963 3273 2089 3326 erat

443 3362 940 3415 consentaneum.
980 3349 1088 3412 Ille
1147 3368 1285 3413 vero
1321 3370 1438 3412 non
1475 3351 1674 3413 minus
1711 3371 1887 3434 quam
1923 3354 2089 3430 prius

445 3441 919 3524 perseveravitei
939 3439 1654 3515 benefacere,ostendens
1676 3443 1829 3524 quod
1855 3443 2088 3506 etiamsi

443 3533 660 3593 millies
683 3548 946 3605 βείομαι
965 3534 1262 3597 imus,non
1283 3531 1511 3589 desistit
1538 3547 1727 3590 iamen
1761 3535 1885 3606 ipse
1921 3537 2089 3594 nobis

443 3633 772 3696 procurare
801 3632 932 3694 quae
965 3613 1268 3694 pertinent
1293 3614 1365 3674 ad
1391 3614 1664 3676 salutem.
1687 3614 2089 3696 Numerianus

443 3713 642 3767 autem
669 3703 793 3764 haec
815 3704 1316 3774 audiens,eorum
1338 3723 1472 3766 vero
1495 3704 1949 3786 intelligentiam
1981 3708 2087 3769 mi-

447 3795 605 3855 nime
635 3793 842 3853 valens
876 3794 1167 3873 consequi
1221 3793 1546 3874 (quomodo
1600 3796 1757 3856 enim
1793 3796 1850 3856 id
1886 3805 2089 3876 posset

445 3882 668 3957 anima,
693 3900 827 3963 quae
849 3882 1077 3943 divinas
1102 3902 1219 3944 non
1245 3883 1500 3960 gustavit
1521 3884 1833 3961 gratias,et
1858 3905 1932 3948 ne
1956 3905 2085 3967 par-

445 3992 573 4033 vam
599 3973 844 4054 quidem
879 3971 1136 4035 habebat
1166 3973 1549 4053 sapientiam,
1576 3983 1818 4055 eratque
1841 3977 2086 4039 omnino

446 4063 627 4126 stulta
651 4073 708 4125 et
731 4062 1103 4144 inerudite?)
1129 4071 1412 4124 setamen
1448 4081 1582 4124 esse
1621 4064 1768 4125 adeo
1795 4083 2085 4144 crassum,

445 4161 508 4216 et
541 4153 899 4214 nullosensu
933 4153 1246 4232 praeditum
1285 4152 1655 4214 erubescens
1672 4155 1994 4218 ostendere
2015 4157 2090 4220 iis

446 4244 545 4325 qui
573 4242 1332 4313 circumsistebant,induit
1354 4261 1674 4321 personam
1700 4246 2084 4324 cognitionis,

447 4345 505 4394 et
530 4332 763 4413 Babylaa
788 4333 1092 4405 dixit,rem
1119 4331 1274 4393 bene
1299 4350 1364 4392 se
1387 4331 1637 4406 habere,
1675 4341 1890 4395 etcum
1917 4355 2088 4398 accu-

447 4437 566 4483 rata
595 4441 793 4482 eorum
815 4441 942 4496 quae
965 4435 1098 4483 sunt
1127 4427 1649 4495 comprehensione
1693 4443 1822 4484 eum
1849 4444 2092 4502 respon-

448 4509 630 4570 disse.
657 4510 889 4572 Deinde
920 4527 1056 4571 eum
1092 4528 1330 4589 quoque
1370 4527 1576 4570 rursus
1599 4511 2090 4590 interrogatquid

448 4599 522 4659 sit
545 4597 861 4660 homo.llle
881 4597 1422 4674 autem,0mnium,
1453 4599 1736 4680 inquit,in
1773 4620 1901 4681 qu'e
1933 4605 2092 4666 cadit

446 4689 906 4764 interitus,sicut
939 4688 1626 4761 diximus,animantium
1664 4695 2051 4770 praestantissi
2073 4730 2091 4742 ο

2170 3169 2455 3248 ενέγκατος
2487 3169 2651 3243 μόνον
2695 3167 2864 3243 αύτῷ,
2919 3161 3036 3235 Ἆρ’
3087 3167 3178 3224 οὖν
3241 3164 3531 3243 ἐξήλειψεν
3573 3167 3717 3224 αὐτὸν
3761 3163 3783 3216 ὃ

2172 3259 2356 3331 θεόςς
2408 3265 2568 3316 Τοῦτο
2613 3258 2710 3332 μὶν
2755 3257 2856 3334 γὰρ
2900 3257 3037 3314 κατὰ
3082 3257 3175 3313 τὸν
3234 3259 3330 3314 τοῦ
3391 3254 3600 3313 δικαίου
3650 3251 3782 3330 λόγον

2171 3348 2459 3406 ἀκόλουθον
2488 3348 2577 3416 ἧν,
2610 3347 2681 3404 "0
2725 3345 2780 3402 δὲ
2812 3349 2917 3426 οὐχ
2946 3349 3110 3415 ἦττον
3141 3347 3299 3404 αύτὸν
3349 3345 3386 3414 ἢ
3433 3348 3682 3424 πρότερον
3709 3342 3784 3397 εὖ·

2172 3439 2402 3518 εργετιῦν
2451 3435 2740 3510 διετέλεσε,
2775 3434 2980 3498 δεικνὺς
3032 3435 3115 3492 ὅτι
3163 3435 3263 3492 κᾶν
3323 3438 3573 3513 μυριάκις
3628 3431 3780 3506 ἀμάρ-

2169 3550 2374 3601 τωμεν,
2403 3526 2469 3583 τὰ
2499 3528 2629 3603 πρὸς
2681 3526 2953 3603 σωτηρίαν
3009 3526 3147 3598 ἡμῖν
3181 3527 3339 3588 αὐτὸς
3371 3527 3672 3598 οἰκονομεῖν
3704 3519 3782 3575 οὔκ

2168 3618 2480 3698 ἀφίσταται.
2515 3616 2875 3691 Νουμεριανός
2905 3615 3102 3687 τοίνυν,
3142 3622 3309 3672 ταῦτα
3351 3615 3582 3693 ἀκούων,
3614 3611 3698 3666 τὸν
3734 3605 3777 3662 δὲ

2168 3708 2375 3771 τούτοις
2435 3705 2742 3784 ἐγκείμενον
2793 3703 2912 3761 νοῦν
2968 3703 3304 3778 συμϐαλλεϊν
3334 3707 3440 3784 οὐχ
3487 3703 3628 3783 ἔχων
3659 3700 3774 3764 (πῶς

2170 3798 2270 3875 γὰρ
2335 3797 2490 3875 ψυχὴ
2532 3796 2684 3850 θείων
2732 3793 2989 3871 ἄγευστος
3045 3795 3309 3872 χαρίτων,
3367 3799 3459 3851 καὶ
3488 3790 3620 3867 μηδὲ
3645 3787 3774 3865 ὀλίγα

2171 3887 2437 3950 συνέσεως
2494 3889 2869 3964 μετασχοῦσα,
2955 3885 3046 3941 καὶ
3133 3882 3273 3949 ὅλως
3349 3881 3650 3944 ἀπαίδευτος
3697 3878 3770 3933 καὶ

2171 3976 2323 4052 μωρά
2357 3982 2395 4054 ς)
2469 3973 2497 4028 ὃ
2556 3975 2680 4048 μὲν,
2745 3972 2927 4050 παχὺς
2992 3971 3132 4028 οὕτω
3189 3973 3277 4029 καὶ
3322 3970 3622 4039 ἀναίσθητος
3672 3974 3766 4024 τοῖς

2173 4062 2493 4141 περιεστῶσι
2539 4061 2707 4134 δόξαι,
2740 4059 2807 4117 δι’
2842 4063 3104 4142 αἰσχύνης
3135 4060 3309 4142 ἔχων,
3344 4061 3433 4120 ἐπὶ
3468 4066 3765 4138 προσωπεῖον

2174 4175 2424 4232 γνωσεως
2483 4151 2832 4230 καταφεύγει,
2876 4152 2973 4206 καί
3045 4149 3226 4214 καλῶς
3287 4149 3438 4231 ἔχειν
3485 4151 3601 4206 εἷπε
3639 4149 3770 4200 ταῦτα

2172 4246 2304 4323 πρὸς
2351 4245 2437 4299 τὸν
2485 4238 2750 4314 Βαϐύλαν,
2797 4241 2886 4296 καὶ
2949 4241 3042 4297 σὺν
3106 4237 3324 4318 ἀκριϐεῖ
3372 4246 3485 4297 τῶν
3537 4234 3764 4323 ὄντωνῄτῇ

2173 4333 2477 4407 καταλήψει
2520 4332 2677 4387 αὑτὸν
2733 4329 3146 4405 ἀποκρίνασθαι.
3181 4328 3373 4386 ’Ἔνθεν
3405 4327 3609 4407 torui,
3636 4317 3762 4407 πάλιν

2175 4422 2335 4481 αὒτοῦ
2395 4420 2682 4477 πυθάνεται
2718 4440 2734 4490 ;
2782 4419 2842 4477 Τί
2899 4417 3047 4474 ἐστιν
3092 4417 3370 4497 ἅνθρωπος
3401 4440 3418 4490 ;
3482 4403 3537 4475 n0
3563 4412 3608 4470 δέ
3631 4430 3643 4446 ο
3667 4405 3753 4497 Tel-Iv

2171 4518 2183 4535 ς
2506 4509 2518 4525 τ
2591 4510 2602 4529 ρ
2838 4508 2863 4530 υ
2956 4529 2977 4540 ,
3054 4505 3077 4526 ν
3190 4493 3201 4497 “
3390 4509 3402 4531 ,
3558 4505 3568 4525 ι
3679 4493 3742 4549 ώ-

2173 4515 2447 4589 επικήρων
2496 4531 2770 4583 απαντων,
2830 4529 3009 4586 ωσπερ
3055 4529 3287 4588 εφημεν,
3338 4516 3496 4580 ζωων
3521 4528 3568 4563 το
3593 4517 3678 4589 ειμι

2173 4585 2352 4680 τερον,
2410 4600 2638 4675 ἣμεροι),
2689 4585 3028 4674 κοινωνικὸν,
3077 4585 3442 4676 φιλάλληλον,
3494 4585 3737 4653 sinitau-

2178 4695 2296 4754 τοὺς
2324 4693 2502 4766 θηρῶν
2526 4687 2841 4762 ὠπλίσαμεν
2878 4684 3228 4765 ἀγριώτερον,

449 4797 637 4856 mum,
664 4788 1064 4852 mansuetum,
1092 4787 1292 4838 natum
1326 4778 1396 4838 ad
1430 4763 1780 4840 societatem
1813 4790 1870 4841 et
1899 4763 2413 4855 communionem,
2446 4775 2604 4858 quod
2637 4783 2839 4837 mutuo
2867 4763 3073 4838 amore
3106 4783 3344 4838 tenetur
3371 4774 3604 4838 alterum
3628 4763 3742 4827 alle-

445 4874 571 4931 rius
609 4888 624 4942 ;
657 4869 890 4929 etiamsi
921 4867 1073 4928 alter
1102 4867 1161 4927 in
1203 4867 1450 4928 alterum
1489 4867 1784 4928 bellemus
1816 4871 2123 4948 quibusvis
2153 4870 2360 4940 bestiis
2389 4865 2735 4930 immanius.

527 4957 596 5018 V.
630 4957 1029 5020 Numerianus
1057 4975 1188 5017 vero
1216 4976 1321 5036 pro
1347 4957 1630 5018 miraculo
1655 4958 1883 5019 (lucens
1913 4981 2090 5044 expe-

447 5049 628 5110 ditam
655 5048 916 5126 linguam
953 5046 1276 5127 Babylte,et
1306 5047 1481 5106 simul
1517 5047 1703 5107 crassi
1737 5048 2091 5134 hebetisque

445 5138 672 5217 ingenii
705 5139 908 5198 volens
943 5135 1136 5198 labem
1164 5137 1532 5214 abstergere,
1568 5137 1750 5215 quod,
1790 5149 1854 5200 ut
1886 5151 2093 5205 contra

448 5247 581 5289 cum
615 5227 862 5300 diceret,
905 5227 1052 5288 nihil
1088 5235 1288 5305 posset
1319 5226 1560 5299 atl‘erre,
1588 5245 1695 5306 per
1717 5232 2091 5311 suosjuravit

451 5316 594 5378 deos
626 5318 956 5395 sapientem
997 5335 1136 5377 esse
1171 5316 1544 5396 Babylam,et
1575 5336 1690 5377 non
1716 5337 1848 5380 esse
1880 5322 2086 5384 falsam

451 5425 580 5484 quae
603 5406 679 5467 de
699 5425 769 5467 eo
793 5405 1210 5467 celebrabatur
1232 5406 1286 5467 fa
1299 5408 1532 5481 mam,si
1558 5407 1938 5472 solummodo
1971 5413 2087 5473 diis

2259 4962 2336 5022 E’.
2376 4956 2732 5034 Νουμεριανὸς
2763 4956 2874 5026 οὖν,
2909 4957 2983 5016 ὡς
3012 4955 3238 5030 ἑτοίμως
3275 4956 3403 5034 εἶχε
3434 4960 3530 5022 τῆς
3553 4947 3741 5034 γλώττης

2174 5057 2201 5111 ὁ
2243 5029 2819 5126 θαυμαστδςνΒαεύλας
2855 5043 2908 5100 ἐν
2964 5029 3197 5118 θαύματι
3255 5029 3504 5125 θέμενος,
3555 5039 3638 5126 διαὶ⁸

2173 5146 2273 5210 τῆς
2333 5118 2531 5200 οἰκείας
2598 5135 2919 5213 παχύτητος
2977 5133 3378 5191 ἂπολούσασθαι
3435 5118 3532 5202 την
3591 5118 3742 5185 ἀδοξίαν

2172 5231 2392 5305 ἐθέλων,
2471 5224 2550 5281 ὅτι
2604 5212 2743 5298 μηδὲ
2804 5221 3112 5300 ἀντιλογίαν
3171 5221 3314 5296 αύτῷ
3391 5212 3743 5305 χωριτνξὲχι,

2171 5322 2292 5388 τοὺς
2351 5298 2508 5379 ἰδίους
2565 5312 2744 5387 ὤμνυε
2787 5315 2966 5392 θεοὺς,
3007 5298 3110 5368 καὶ
3171 5311 3336 5390 σοφὸν
3365 5298 3510 5368 εἰναι
3541 5298 3742 5392 Βαϐύλαν,

2168 5413 2260 5468 καὶ
2282 5387 2398 5476 τὴν
2443 5405 2559 5483 περὶ
2590 5401 2750 5461 αὐτοῦ
2777 5387 2968 5482 φήμην
2999 5399 3147 5458 οὐδὲν
3199 5387 3578 5477 διαψεύδεσθαι,
3627 5387 3745 5464 μόνον

534 5576 608 5652 tl“
641 5575 817 5635 Addit
846 5576 1158 5650 Hervetus,
1203 5601 1224 5630 α
1264 5579 1652 5657 archangelos
1686 5598 1701 5654 ;
1737 5604 1764 5641 »
1796 5585 1955 5664 quod
1990 5586 2157 5650 deest
2186 5586 2244 5647 in
2277 5581 2480 5645 Graeco
2514 5595 2626 5640 ms.
