3996 6178
220 317 341 381 973
1552 314 1736 378 VITA
1789 316 1849 378 S.
1907 311 2259 376 BABYLAS.
3478 307 3595 373 974

221 455 268 508 εἰ
338 455 426 508 καὶ
485 456 630 515 θεοῖς
687 453 884 523 θύσειε,
950 451 1035 507 καὶ
1093 451 1157 506 τὰ
1215 450 1429 506 ἐκείνων
1490 447 1750 516 αἰδεσθείη
1807 467 1914 504 tea

1999 445 2396 521 tcriﬁcaverit,
2438 462 2662 525 eosque
2682 443 2974 504 reveritus
2996 444 3265 518 fuerit,et
3286 445 3346 508 in
3369 448 3601 510 honore

223 546 310 600 καὶ
374 544 676 616 τιμήσειεν.
716 542 826 598 Ἐνὶ
877 543 977 618 γὰρ
1035 542 1236 597 τούτων
1295 541 1455 616 μόνον
1488 541 1729 613 ὑστερεῖν
1772 545 1870 598 αὖ-

1999 535 2250 598 abuerit.
2287 537 2411 596 Hoc
2435 534 2596 598 enim
2624 533 2820 595 solum
2844 531 3081 595 dicebat
3099 534 3156 596 ei
3179 534 3414 612 deesse,
3441 538 3600 619 quod

221 635 318 689 τὸν
371 633 574 709 ἔλεγεν,
638 631 821 707 ὅτιπερ
879 631 1016 688 οὕτω
1073 633 1236 710 σοφὸς
1295 632 1393 704 ὧν,
1450 632 1516 686 τὰ
1579 639 1683 686 τὼν
1742 634 1874 687 θεῶν

1999 644 2092 686 um
2121 633 2280 687 esset
2300 624 2449 686 adeo
2468 622 2872 703 sapiens,deos
2887 621 3134 684 haberet
3154 627 3606 707 contemptui.et

227 725 445 798 ἀτιμοῖ,
482 722 567 776 καὶ
619 721 886 796 γλῶτταν,
925 719 1127 790 ὁπλίζει
1172 719 1292 775 κατ’
1335 720 1508 775 αὐτῶν
1552 718 1873 778 ἀκόλαστον.

1999 735 2019 775 ι
2044 733 2147 776 eos
2174 715 2431 791 linguam
2458 721 2719 775 armaret
2748 713 3276 792 intemperantem.
3308 714 3457 778 Eum
3491 717 3605 779 ita-

227 808 556 884 Συμϐλέψας
601 810 686 865 οὖν
739 811 879 881 αὑτῷ
929 809 1110 878 πάλιν,
1163 815 1350 878 Θῦσον,
1386 807 1590 885 ἔλεγεν,
1646 808 1690 863 ὤ
1742 827 1875 884 πρε-

1999 823 2080 883 ue
2102 822 2314 864 rursus
2334 803 2595 864 intuens:
2623 801 2925 876 Sacriﬁca,
2951 801 3212 877 dicebat,
3237 823 3270 865 ο
3291 823 3475 868 senex
3506 825 3607 869 sa-

227 898 398 956 σϐῠτα
437 900 739 978 σοφώτατε,
773 901 859 954 καὶ
905 899 1092 955 αὐτίκα
1123 900 1323 968 πατρὸς
1361 898 1478 969 ἐμοὶ
1509 896 1676 968 τάξιν,
1711 897 1882 953 ἴστω-

2007 892 2434 969 ientissime,et
2455 891 2832 964 statim,deos
2864 909 3073 952 omnes
3096 895 3431 970 testor,eris
3463 897 3608 959 mihi

231 1012 318 1045 σιν
382 993 427 1045 οἱ
478 987 592 1044 θεοί
653 989 874 1061 πάντες,
909 987 1196 1067 ἀπολήψῃ,
1247 989 1333 1042 καὶ
1391 987 1465 1042 ὧν
1509 987 1617 1062 ἐγὼ
1671 988 1882 1042 πάντων

1999 1002 2099 1043 nco
2137 982 2340 1061 patris,
2378 989 2435 1043 et
2457 981 2579 1042 eris
2607 980 2888 1042 dominus
2917 981 3181 1042 omnium
3214 1001 3348 1062 quae
3379 994 3517 1046 sunt
3545 985 3609 1046 in

231 1077 418 1156 ἄρχω,
452 1078 627 1151 κύριος
687 1073 805 1151 gap,
871 1079 964 1133 Καὶ
1025 1073 1350 1154 δυσχεράνας
1413 1078 1438 1130 6
1501 1072 1737 1138 Βαϐύλας
1797 1074 1884 1128 γαὶ

1999 1091 2102 1134 meo
2153 1072 2430 1150 imperio.
2468 1070 2648 1150 Egre
2678 1083 2879 1132 autem
2917 1069 3118 1131 ferens
3146 1072 3416 1152 Babylas,
3449 1075 3610 1154 quod

231 1166 426 1231 δεινῶς
480 1166 710 1243 ἐνεγκὼν
744 1166 824 1222 ὅτι
870 1167 964 1222 καί
1014 1165 1175 1222 πάλιν
1214 1167 1372 1223 αὐτὸν
1403 1167 1541 1220 θύειν
1587 1166 1876 1241 ἠνάγκαζε,

2007 1181 2106 1224 um
2142 1179 2351 1222 rursus
2384 1167 2628 1240 cogeret
2657 1159 3020 1234 sacriﬁcare,
3055 1169 3113 1220 et
3141 1171 3516 1240 exspectaret
3547 1183 3612 1226 se

229 1259 323 1312 καὶ
372 1255 511 1319 ὅλως
547 1257 702 1312 αύτόν
733 1255 879 1312 ἱλεῖν
936 1259 1021 1312 καὶ
1052 1256 1298 1334 χρήμασι
1346 1268 1531 1310 πεῖσαι
1574 1255 1662 1310 καὶ
1693 1264 1880 1324 τιμαῐς¹

230 1344 562 1422 προσεδόκα,
611 1349 732 1424 Ναὶ,
767 1347 946 1421 φησὶν,
985 1345 1120 1400 ἀλλὰ
1152 1348 1213 1400 τὸ
1254 1344 1543 1424 κεφάλαιον
1590 1343 1883 1418 ζημιώσεις

229 1439 345 1491 τῶν
403 1436 615 1491 ἀλαθὼν
641 1439 740 1502 τὴν
776 1433 1065 1508 εὐσέϐειαν,
1105 1437 1164 1490 οὗ
1194 1435 1360 1513 χωρὶς
1395 1435 1547 1488 πενία
1572 1456 1662 1507 μοι
1696 1439 1880 1509 ταῦτα,

227 1527 328 1582 καὶ
374 1523 519 1602 ὕϐρις
573 1524 809 1603 ἒσχσίτη,
842 1524 938 1580 καί
987 1529 1158 1582 αὖτὼν
1200 1527 1274 1579 ὧν
1319 1523 1432 1603 ἔχιν
1475 1534 1560 1582 νῦν
1610 1522 1880 1599 στέρησις.

323 1791 405 1820 ρο

233 1885 336 1938 καὶ
379 1883 515 1957 ὀργη
547 1879 825 1957 διακρκής⁶
890 1881 975 1936 καὶ
1007 1881 1322 1956 προστάττει
1355 1888 1429 1954 τῷ
1488 1878 1628 1937 δουγὶ
1663 1883 1894 1937 Οὒΐκτε-

238 1976 377 2049 ρίντμ
429 1970 558 2047 (τὴν
589 1971 848 2043 ὡμότητα
879 1969 980 2048 γάρ
1029 1973 1116 2024 καὶ
1143 1971 1238 2035 τὴν
1285 1969 1529 2026 ἀσέϐειαν
1560 1971 1710 2030 οὗτος
1754 1968 1898 2028 αὒτῶ

236 2062 308 2129 ἧν
349 2063 374 2116 6
435 2059 877 2137 διαφορώτατος),
913 2059 1094 2115 κλοιόν
1125 2081 1182 2115 τε
1226 2059 1501 2138 περιθέντα
1530 2063 1607 2132 τῷ
1637 2057 1897 2136 τραχήλῳ

241 2153 342 2205 καὶ
381 2147 595 2224 σίδηρον
625 2163 743 2211 τοῖς
787 2153 924 2204 ποσὶ
973 2144 1351 2225 περιϐαλόντα,
1384 2147 1601 2219 θέατρον
1646 2152 1714 2223 τῇ
1757 2169 1895 2202 παν-

241 2261 359 2295 των
419 2236 537 2312 ὅψὲι
595 2235 680 2292 διὰ
733 2238 896 2310 μέσου
954 2239 1050 2303 τῆς
1115 2236 1295 2300 πόλιος
1359 2237 1443 2292 ἐπὶ
1497 2236 1596 2302 την
1656 2235 1896 2312 φυλακὴν

244 2330 413 2385 αὐτὸν
459 2327 633 2402 ἄγειν·
670 2325 834 2402 Εἴπερ
879 2325 975 2382 κᾶν
1024 2328 1057 2393 ἡ
1110 2329 1239 2405 πρὸς
1289 2328 1376 2382 τον
1415 2325 1583 2399 δῆμον
1641 2327 1895 2402 αἰσχύνη,

1965 1271 2103 1313 eum
2125 1251 2373 1311 omnino
2410 1268 2584 1330 posse
2615 1249 2951 1322 vincere,et
2976 1249 3032 1311 ei
3064 1252 3332 1329 pecuniis
3355 1270 3612 1332 persua-

1967 1340 2111 1402 dere
2163 1357 2336 1418 posse
2367 1347 2428 1401 et
2474 1339 2830 1411 honoribus,
2863 1338 3098 1401 scilicet
3141 1339 3195 1401 id
3243 1340 3610 1416 faciendum,

1969 1428 2178 1509 inquit,
2214 1427 2330 1490 Sed
2367 1428 2520 1507 ejus,
2555 1426 2712 1508 quod
2759 1436 2850 1488 est
2881 1426 3173 1488 bonorum
3221 1429 3612 1511 praecipuum,

1970 1537 2188 1598 nempe
2223 1517 2484 1596 pietatis,
2521 1516 2666 1578 mihi
2726 1517 3010 1578 damnum
3045 1517 3280 1594 aﬂ'eres,
3319 1521 3450 1582 sine
3501 1538 3616 1600 qua

1971 1609 2098 1670 haec
2132 1607 2282 1668 mihi
2312 1614 2452 1668 sunt
2494 1615 2836 1687 paupertas,
2870 1615 2929 1667 et
2957 1615 3227 1670 extrema
3264 1609 3616 1687 ignominia,

1972 1707 2029 1758 et
2061 1715 2267 1758 eorum
2301 1714 2432 1776 qum
2463 1714 2624 1756 nunc
2657 1695 2847 1757 habeo
2881 1696 3150 1775 privatio.

323 1791 432 1865 ς’.
482 1796 613 1848 Εἶτα
656 1793 819 1865 θυμός
864 1813 919 1846 τε
965 1790 1129 1855 πολὺς
1166 1793 1254 1847 επὶ
1297 1792 1500 1848 τούτοις
1537 1797 1892 1868 Νουμεριανοῦ

2056 1789 2153 1848 Vl.
2191 1786 2415 1847 Deinde
2448 1793 2695 1865 propter
2730 1785 2856 1846 haec
2905 1785 3243 1848 vehementi
3288 1787 3379 1850 ira
3421 1797 3624 1852 motus

1978 1876 2089 1938 fuit
2111 1877 2538 1946 Numerianus,
2570 1872 2816 1954 etjuhet
2836 1873 3148 1937 Victorino
3176 1877 3255 1951 (is
3275 1886 3472 1940 autem
3497 1889 3628 1942 erat

1979 1964 2340 2027 crudelitate
2371 1973 2429 2024 et
2450 1963 2760 2044 impietate
2793 1963 3076 2045 eximius)
3126 1965 3209 2047 (5)
3237 1967 3445 2030 collari
3471 1967 3627 2030 collo

1981 2057 2110 2135 ejus
2141 2053 2440 2132 imposito,
2467 2062 2528 2114 et
2553 2052 2806 2132 pedibus
2837 2053 2971 2133 ejus
3003 2053 3389 2118 circumdatis
3415 2056 3631 2120 ferreis

1979 2141 2397 2223 compedibus,
2439 2159 2544 2223 per
2572 2141 2830 2203 mediam
2865 2143 3194 2218 civitatem,
3223 2155 3285 2207 ut
3316 2155 3476 2209 esset
3506 2166 3631 2209 om.

1983 2233 2160 2295 nibus
2213 2231 2581 2312 spectaculo,
2617 2231 2840 2293 ducere
2885 2251 3020 2293 eum
3055 2233 3115 2294 in
3161 2235 3534 2297 custodiam:
3570 2236 3633 2298 Si

1983 2324 2159 2402 forte,
2195 2320 2410 2391 aiebat,
2445 2320 2637 2401 pudor
2669 2320 2874 2400 populi
2905 2321 3118 2383 durum
3152 2322 3331 2402 hujus
3361 2334 3634 2405 penetret

245 2417 416 2494 φησί,
447 2421 543 2481 τῆς
591 2415 823 2493 σκληρᾶς
856 2420 1042 2494 ψυχῆς
1075 2417 1272 2481 ταύτης
1317 2419 1606 2484 καθίκοιτο,
1653 2416 1740 2469 καί
1785 2435 1901 2468 τινα

1999 2413 2274 2489 animum,
2301 2418 2359 2472 et
2387 2412 2644 2487 aliquam
2675 2409 2883 2472 afferat
2913 2411 3530 2494 mutationem.Atque
3545 2413 3635 2476 sic

250 2504 568 2577 μεταϐολὴν
614 2505 925 2576 ἐμποιήσοι.
973 2505 1172 2582 ’Ἠγετο
1201 2505 1296 2577 μὲν
1357 2505 1444 2559 οὖν
1477 2507 1503 2559 ὁ
1549 2503 1744 2579 μάρτυς
1803 2502 1904 2556 ὑπὸ

1999 2501 2232 2578 quidem
2269 2507 2487 2579 martyr
2516 2498 2848 2560 ducebatur
2877 2498 2936 2560 in
2988 2499 3267 2574 vinculis,
3302 2520 3544 2565 auream
3576 2511 3638 2564 et

251 2593 504 2668 δεσμοῖς,
567 2597 774 2671 χρυσῆν
829 2614 947 2648 τινα
1008 2595 1093 2647 καὶ
1147 2592 1405 2669 -ίλυκεῦαν
1466 2587 1760 2668 διατριϐὴν,
1808 2590 1905 2644 τὴν

1999 2608 2228 2652 suavem
2280 2607 2314 2649 a
2344 2606 2408 2650 se
2450 2587 2585 2664 degi
2638 2587 2840 2661 vitam,
2871 2587 3011 2649 dum
3066 2595 3188 2650 tam
3237 2589 3638 2670 ignominiosa

258 2685 454 2757 ἄτιμον
539 2703 884 2759 περιαγωγτ,ν
957 2683 1155 2747 ταύτην
1239 2681 1580 2754 ποιούμενος,
1657 2678 1738 2734 ὅτι
1811 2676 1907 2733 καὶ

1999 2680 2433 2752 traduceretur,
2458 2677 2780 2751 arbitrans,
2818 2678 2978 2754 quod
3013 2678 3269 2740 vinculis
3298 2681 3511 2761 dignus
3540 2701 3638 2744 es-

261 2772 476 2846 δεσμῶν
521 2769 602 2825 διά
628 2773 718 2827 τὸν
772 2772 948 2827 κοινὸν
981 2771 1336 2848 ἐλευθερωτὴν
1394 2770 1642 2827 ἁπάντων
1685 2768 1902 2836 ἠξίωτο.

1999 2779 2083 2830 set
2115 2767 2346 2829 eahitus
2376 2775 2622 2846 prapter
2674 2784 3054 2827 communem
3087 2768 3354 2830 omnium
3386 2770 3636 2833 Libera-

268 2873 622 2937 Νουμεριανος
668 2861 841 2916 τοίνυν
892 2859 1032 2916 οὕτω
1079 2882 1137 2915 τε
1197 2860 1354 2916 αὐτὸν
1412 2859 1611 2937 ἔχοντα
1659 2857 1749 2913 καί
1807 2858 1907 2912 ὑπὸ

1999 2867 2209 2920 torem.
2244 2857 2438 2932 Atque
2495 2854 2899 2917 Numerianus
2927 2856 3170 2936 quidem
3205 2876 3339 2920 cum
3373 2876 3508 2921 eum
3539 2879 3639 2922 as-

267 2950 488 3024 δεσμοῖς
560 2950 804 3024 βαίνοντα
865 2951 1218 3028 θεασάμενος,
1276 2949 1356 3013 Νὴ
1414 2949 1534 3010 τοὺς
1600 2948 1767 3011 θεοὺς,
1812 2945 1908 3000 ἂν·-

1999 2950 2257 3026 pexisset
2288 2946 2372 3006 sic
2405 2945 2710 3018 aﬂ‘ectum,
2741 2955 2802 3006 et
2829 2944 2915 3006 sic
2949 2944 3209 3008 vinctum
3234 2947 3639 3013 incedentem:

263 3041 481 3118 ἐκραγε,
519 3035 748 3113 Βαϐύλα,
785 3039 973 3114 πρέπει
1005 3061 1082 3094 σοι
1129 3041 1215 3094 καὶ
1250 3041 1275 3093 ὁ
1309 3037 1486 3101 κλοιὸς
1516 3037 1604 3092 καὶ
1638 3038 1698 3091 τὰ
1744 3033 1912 3110 δεσμὰ

1999 3040 2109 3098 Per
2152 3037 2320 3108 deos,
2356 3033 2754 3110 exclamabat,
2809 3033 3050 3115 Babyla,
3086 3035 3258 3098 decet
3308 3046 3366 3099 te
3411 3049 3472 3100 et
3513 3039 3645 3100 col-

258 3132 348 3186 καὶ
394 3130 454 3182 το
509 3126 767 3203 βάδισμα⁶
834 3129 1008 3182 οἰκεῖα
1063 3129 1163 3204 γὰρ
1224 3137 1386 3185 ταὺτα
1439 3131 1516 3198 τῷ
1583 3123 1914 3200 πρεσϐυτικῷ

1999 3126 2144 3195 lare,
2183 3134 2242 3186 et
2300 3124 2556 3197 vincula,
2594 3133 2652 3185 et
2701 3124 3020 3185 incessus:
3075 3129 3437 3188 conveniunt
3483 3128 3644 3189 enim

263 3243 359 3276 σου
409 3220 584 3289 τούτῳ
614 3224 699 3272 καί
732 3219 869 3274 κατὰ
911 3218 1109 3272 κόσκον
1156 3218 1436 3291 κινήματι,
1475 3207 1532 3272 Ὀ
1580 3214 1660 3292 δὲ,
1694 3215 1768 3269 Σὺ
1819 3214 1914 3287 μὲν

1999 3216 2134 3276 huic
2168 3222 2269 3274 tuo
2301 3213 2475 3274 senili
2506 3222 2565 3274 et
2593 3213 2845 3274 honesto
2878 3214 3090 3274 motui.
3125 3214 3232 3276 Ille
3261 3223 3460 3277 autem
3495 3236 3510 3276 :
3556 3214 3646 3279 Tn

261 3309 351 3365 ἐπὶ
389 3307 684 3386 χκευασμῷ
727 3314 891 3362 ταῦτα
925 3308 1012 3361 καὶ
1062 3304 1398 3382 καταγέλωτι
1445 3303 1658 3383 λαλεῖς,
1691 3303 1914 3381 ἁπεκρί-

2001 3303 2270 3385 quidem,
2306 3302 2521 3382 inquit,
2558 3302 2682 3364 haec
2713 3301 2887 3378 dicis,
2921 3320 2998 3362 ne
3057 3302 3318 3365 irridens
3353 3312 3412 3365 et
3442 3304 3648 3366 luditi-

265 3420 418 3458 νατο,
453 3397 562 3473 ἐγὼ
591 3395 644 3450 δὲ
676 3403 929 3452 τοσοῦτον
961 3398 1142 3460 αὐτοῖς
1189 3396 1513 3470 σεμνύνομαι
1545 3391 1774 3472 μᾶλλον,
1811 3391 1914 3463 ὅσῳ

2004 3411 2193 3456 cans:
2250 3411 2358 3472 ego
2412 3401 2610 3452 autem
2643 3393 2730 3452 eis
2774 3390 2962 3468 magis
3007 3391 3233 3467 glorior
3283 3411 3458 3473 quam
3493 3403 3578 3469 tu,
3613 3413 3648 3455 ο

268 3485 408 3562 μηδὲ
437 3487 617 3564 αὐτὸς,
657 3487 702 3538 ὠ
729 3485 970 3560 βασιλεῦ,
1006 3491 1074 3561 τῇ
1103 3484 1402 3560 ἔπανθούσῃ
1457 3505 1540 3538 σοι
1569 3483 1736 3556 ταύτῃ
1783 3501 1914 3558 πορ-

2007 3483 2354 3561 imperator,
2389 3481 2500 3541 hac
2550 3489 2646 3541 tua
2677 3478 2889 3541 ﬂorida
2934 3498 3203 3560 purpura
3228 3491 3287 3543 et
3333 3481 3648 3562 splendido

271 3574 436 3655 φυρίδι
461 3576 546 3630 καὶ
578 3582 658 3642 κῷ
687 3576 918 3651 λαμπρῴ
964 3573 1270 3649 διαδήματι,

2002 3571 2365 3633 diademate.

353 3663 437 3726 Z'.
502 3665 599 3721 Καὶ
657 3665 684 3719 6
731 3664 1112 3738 Νουμέριανὸς,
1161 3671 1351 3738 Θῦσον,
1401 3661 1567 3741 ὕθλιε,
1614 3659 1700 3716 καὶ
1757 3657 1914 3718 πάλιν

2083 3659 2621 3722 VlI.Numerianus
2649 3666 2874 3720 autem:
2904 3657 3455 3739 Sacriﬁca,inl‘elix,
3482 3671 3540 3724 et
3569 3661 3650 3722 li-

268 3755 402 3834 ἔφη,
435 3754 524 3809 καὶ
577 3751 936 3828 ἅπαλλαγήσῃ
1000 3753 1099 3826 μὲν
1159 3753 1314 3816 αὐτὸς
1378 3752 1650 3828 βασάνων,
1703 3749 1914 3828 φροντί-

2004 3748 2315 3813 beraberis
2362 3747 2608 3828 quidem
2643 3747 2772 3827 ipse
2828 3765 2862 3808 a
2891 3748 3234 3824 tormentis,
3271 3766 3380 3810 nos
3426 3759 3654 3826 autem,

270 3832 377 3898 διον
424 3839 478 3896 δὲ
527 3842 672 3916 ἡμᾶς
715 3840 1022 3920 ἀπολύσεις,
1071 3842 1114 3895 εἰ
1173 3842 1250 3916 μὴ
1296 3861 1355 3896 σε
1415 3843 1480 3896 τὰ
1536 3835 1720 3895 παιδία
1774 3832 1921 3892 ταυτὶ

273 3932 408 4010 πρὸς
469 3939 628 4009 τῦφον
701 3930 941 4008 ἐπαίρει
977 3931 1064 3984 καὶ
1124 3929 1435 4007 φαντασίαν,
1482 3925 1796 3984 διδάσκαλόν
1868 3945 1926 3980 σε

271 4019 563 4093 καλοῦντα,
630 4021 716 4076 καὶ
774 4024 869 4078 οὒκ
940 4020 1000 4090 ἐᾷ
1072 4022 1280 4097 πρῶτον
1339 4020 1524 4074 ἑαυτὸν
1587 4013 1926 4092 μεταδιδάξαι

271 4112 411 4189 ἅπερ
444 4108 630 4166 εἰδέναι
662 4109 866 4189 χρεών.
918 4109 1020 4166 Καὶ
1052 4109 1152 4186 γὰρ
1184 4108 1341 4188 ἔτυχε
1386 4108 1507 4164 τότε
1539 4121 1684 4183 τρεῖς
1729 4102 1927 4170 παῖδας

277 4200 427 4274 αὐτῷ
456 4200 841 4278 παραθέοντας,
874 4197 1132 4278 ἀδελφοὺς
1163 4201 1225 4254 τὸ
1269 4199 1448 4276 γένος,
1481 4195 1678 4271 κομιδῇ
1728 4191 1924 4254 παῖδας

277 4290 384 4355 τὴν
434 4288 669 4361 ἠλικίαν,
704 4288 922 4352 πολιοὺς
954 4289 1014 4343 τὸ
1066 4287 1338 4366 φρόνημα,
1371 4286 1690 4366 φιλοπόνους
1723 4305 1781 4339 τε
1831 4283 1926 4350 τὴν

2008 3840 2232 3920 eripies
2253 3857 2284 3899 a
2316 3836 2846 3900 sollicitudinibus:
2883 3836 2998 3897 nisi
3019 3837 3172 3899 forte
3198 3837 3259 3899 hi
3291 3839 3465 3918 pueri
3495 3848 3552 3902 te
3580 3843 3654 3902 ad

2010 3929 2352 4009 superbiam
2378 3926 2725 4003 eii‘erunt,et
2747 3932 2986 3987 inanem
3011 3927 3574 4005 gloriam,vocantes
3602 3939 3660 3992 te

2014 4021 2388 4099 magistrum;
2422 4026 2478 4079 et
2499 4037 2620 4078 non
2642 4017 2846 4078 sinunt
2870 4025 2925 4076 te
2949 4019 3114 4097 prius
3135 4025 3194 4079 te
3213 4019 3408 4097 ipsum
3441 4020 3661 4082 docere

2014 4129 2248 4190 ea,quae
2268 4108 2427 4170 scire
2451 4126 2603 4189 opus
2625 4116 2736 4170 est.
2759 4109 2936 4168 Forte
2968 4107 3126 4168 enim
3151 4116 3292 4168 tunc
3309 4108 3660 4188 contigerat,

2009 4208 2075 4262 ut
2106 4209 2229 4260 tres
2261 4197 2431 4278 pueri
2465 4197 2538 4258 ad
2572 4215 2708 4257 eum
2735 4205 3142 4272 accurrentes,
3167 4215 3388 4273 genere
3418 4198 3657 4273 fratres,

2013 4300 2183 4352 aetate
2211 4287 2453 4369 quidem
2484 4285 2796 4366 pueri,sed
2815 4287 2950 4347 cani
2973 4285 3311 4366 prudentia,
3345 4286 3666 4367 diligenter

282 4375 582 4457 εὐσέϐειαν,
617 4377 1021 4434 ἐκπαιδεύεσθαι
1073 4377 1163 4432 ὑπ’
1196 4378 1376 4455 αὐτου,
1411 4377 1497 4432 καὶ
1552 4373 1690 4450 μηδὲ
1750 4372 1914 4428 ιιλοιὸι

2014 4379 2086 4441 ab
2106 4398 2177 4440 eo
2203 4377 2568 4438 docerentur
2582 4375 3079 4456 pietatem,quem
3097 4394 3172 4437 ne
3191 4375 3402 4438 collari
3418 4377 3664 4457 quidem

283 4467 424 4525 οὕτω
467 4469 831 4546 περικείμενον
876 4468 964 4523 καὶ
994 4465 1162 4540 δεσμὰ
1221 4465 1510 4522 ἀπολιπεῖν
1540 4467 1632 4519 τὸν
1676 4460 1914 4517 διδάσκεις

2017 4477 2076 4530 et
2096 4465 2354 4529 vinculis
2386 4464 2823 4526 circumdatum
2857 4463 3136 4527 velebant
3164 4466 3514 4547 relinquere
3545 4485 3672 4528 ma-

281 4558 378 4614 λον
405 4531 623 4620 ἔθελον,
660 4531 828 4614 ’λλλά
881 4559 989 4633 μὴν
1019 4560 1046 4613 6
1075 4531 1219 4621 ὁεῖος
1252 4553 1513 4633 Βαϐύλας,
1551 4553 1719 4630 Εἴπερ
1763 4553 1914 4608 αὐτὼε

2018 4554 2553 4638 gistrum.Divinus
2576 4563 2775 4615 autem
2807 4552 3079 4634 Babylas:
3104 4554 3163 4616 Si
3188 4531 3421 4633 eorum,
3447 4557 3668 4634 inquit,

289 4663 506 4728 πεῖραν,
557 4646 656 4728 ἔφη
701 4645 909 4722 λάϐοις,
943 4649 989 4702 ὦ
1047 4645 1290 4724 βασιλεῦ,
1325 4645 1451 4720 ε’ίσῃ
1490 4644 1702 4705 πάντως
1735 4641 1830 4697 οἷα
1873 4642 1914 4696 τί

2022 4647 2241 4708 feceris
2264 4644 2666 4725 periculum,o
2689 4643 3209 4723 imperator,scies
3235 4646 3483 4708 omnino
3507 4647 3674 4724 cuju-

289 4739 397 4793 τῶν
449 4738 580 4812 ἐμοῦ
609 4738 782 4814 λόγων
818 4735 1096 4814 σπέρματα
1150 4735 1356 4811 μᾶλλον
1401 4731 1456 4788 δὲ
1487 4739 1581 4789 τοῦ
1608 4739 1772 4788 ταῦτα
1806 4731 1913 4805 ἡμϊ

2025 4735 2216 4797 smodi
2243 4734 2365 4796 sint
2395 4733 2627 4793 semina
2658 4751 2926 4794 mearum
2961 4735 3326 4808 orationum,
3351 4736 3442 4797 vel
3477 4737 3674 4816 potius

291 4825 527 4892 διδόντος
579 4833 731 4888 Θεοῦ,
769 4827 1060 4902 Παρίστησι
1103 4827 1276 4882 τοίνυν
1339 4827 1368 4880 6
1414 4823 1661 4900 βασιλεὺς
1724 4821 1809 4876 ἐπὶ
1853 4841 1912 4875 το

2026 4825 2137 4888 Dei
2166 4825 2268 4905 qui
2305 4843 2374 4885 ea
2406 4823 2609 4885 donat.
2645 4823 2826 4885 Curat
2877 4823 3075 4902 itaque
3104 4824 3431 4903 imperator
3460 4841 3676 4905 pueros

292 4918 540 4993 βήματος
599 4916 770 4989 ἐαυτῷ
797 4917 864 4970 τὰ
906 4913 1112 4993 παιδία,
1147 4912 1241 4972 καί
1295 4914 1482 4992 πρῶτα
1513 4912 1609 4988 μὲν
1641 4911 1685 4966 εἰ
1741 4909 1911 4988 μητέρ

2029 4914 2330 4976 sistendos
2362 4930 2468 4992 pro
2515 4911 2823 4984 tribunali,
2852 4922 2909 4973 et
2932 4913 3187 4992 primum
3211 4914 3457 4994 quidem
3488 4913 3676 4976 inter-

296 5007 481 5086 ἔχοιεν
542 5005 884 5066 ἐπυνθάνετο.
948 5009 1024 5060 Τὰ
1079 5002 1158 5083 δὲ,
1193 5005 1291 5061 Καὶ
1349 5004 1529 5079 μήτηρ
1586 5003 1724 5076 ἡμῖν
1781 4997 1945 5073 ἔστιν,

298 5101 485 5168 εἷπον,
531 5097 616 5152 καὶ
676 5092 992 5158 διδάσκαλος
1050 5093 1285 5155 Βαϐύλας
1331 5093 1390 5147 ὃν
1440 5092 1536 5147 καί
1581 5096 1681 5155 τῆς
1747 5090 1949 5168 μητρὸς

293 5188 462 5262 ἡμεῖς
508 5184 673 5242 πλέον
703 5184 984 5265 φιλοῦμεν,
1038 5186 1104 5239 Ἠ
1151 5181 1249 5257 μέν
1292 5183 1391 5260 γὰρ
1453 5181 1693 5259 ἐγείνατο
1763 5180 1946 5254 μόνον’

298 5280 326 5332 6
371 5273 427 5330 δὲ
485 5277 620 5353 πρὸς
652 5276 882 5350 μάθησίν
924 5294 983 5329 τε
1023 5273 1160 5348 ἡμᾶς
1207 5271 1450 5349 ἐκπονετ,
1485 5271 1571 5326 καὶ
1623 5270 1754 5340 πρὸς
1799 5267 1952 5326 εὗσέ-

293 5364 445 5422 ϐειαν
508 5364 748 5443 ἐξασκεῖ,
808 5366 897 5420 καὶ
943 5365 1005 5419 τὸ
1048 5363 1171 5418 ὅλον
1229 5361 1391 5428 δῆλός
1457 5360 1568 5416 ἐστι
1612 5364 1711 5426 τῆς
1769 5361 1956 5436 ψυχῆς

2038 5003 2284 5082 rogavit,
2317 5001 2389 5062 ad
2416 5010 2666 5062 matrem
2701 4998 3014 5063 haberent.
3046 5001 3134 5062 Illi
3157 5011 3382 5065 autem:
3408 5004 3484 5066 Et
3506 5005 3681 5068 nobis

2037 5103 2152 5168 est,
2188 5091 2496 5171 inquiunt,
2531 5099 2743 5171 mater,
2779 5100 2836 5152 et
2868 5091 3154 5170 magister
3197 5091 3466 5172 Babylas,
3501 5112 3681 5174 quem

2037 5201 2150 5244 nos
2185 5181 2362 5241 etiam
2397 5180 2536 5258 plus
2564 5198 2742 5259 quam
2775 5188 3028 5242 matrem
3074 5199 3365 5244 amamus.
3400 5179 3547 5244 Nam
3581 5184 3685 5246 illa

2037 5271 2280 5353 quidem
2305 5287 2414 5330 nos
2434 5269 2626 5330 solum
2651 5271 2878 5349 genuit,
2907 5269 3010 5332 ille
3043 5289 3182 5332 vero
3209 5291 3314 5333 nos
3336 5271 3592 5334 instituit
3621 5272 3684 5334 in

2038 5358 2402 5441 disciplinis,
2424 5368 2482 5421 et
2510 5367 2750 5421 exercet
2777 5360 2850 5421 ad
2883 5359 3260 5441 pietatem,et
3287 5362 3362 5424 ad
3387 5379 3687 5426 summam

367 5533 546 5608 (5)48.
591 5531 1038 5608 Chrysostotnus
1067 5532 1332 5608 oratione
1382 5529 1414 5584 9
1480 5529 1541 5585 in
1574 5527 1760 5608 Epist.
1793 5525 1959 5608 Pauli
2041 5529 2302 5608 eamdem
2333 5525 2408 5584 ob
2435 5541 2690 5590 causam.
2714 5529 2797 5608 iob
2829 5542 3004 5600 quam
3037 5529 3289 5608 Joannes
3321 5549 3335 5599 ;
3376 5541 3438 5591 ut
3470 5533 3570 5607 qui
3603 5549 3693 5595 re-

299 5598 398 5691 ad'f
429 5598 750 5688 Ephesios,
805 5625 828 5656 ε
865 5606 925 5660 υ.
995 5604 1258 5674 Babytas,
1317 5603 1524 5673 inquit,
1573 5602 1800 5656 tinctus
1857 5598 1963 5656 fuit
2042 5602 2402 5677 geminique
2433 5612 2495 5657 se
2526 5607 2821 5671 gerentem
2845 5598 3125 5675 arguerit.
3164 5622 3187 5653 ι
