3996 6178
435 327 551 392 975

1717 333 1882 396 ΜΕΝ
1889 333 2000 396 SIS
2052 332 2514 399 JANUARIUS.

3717 337 3823 402 976

443 472 652 544 aperte
684 472 905 527 nostra;
947 465 1162 527 animae
1189 470 1459 526 amanter
1505 480 1709 526 curam
1744 466 1922 543 gerit.
1962 469 2068 528 Ma-

2173 470 2328 542 ἡμῶν
2372 469 2741 550 φιλοστόργως
2803 471 3218 548 ἐπιμελόμενος.
3269 471 3684 531 Μετακσλεῐται
3740 480 3821 542 τὴν

446 559 597 613 trem
624 571 868 635 quoque
885 554 1140 617 accersit
1161 554 1511 632 imperator,
1538 560 1594 613 et
1605 551 1778 632 jubet
1801 573 1930 616 eam
1965 575 2093 617 res-

445 641 1043 724 pondere,quomodo
1065 643 1193 722 ipsa
1222 650 1488 716 vocetur,
1512 650 1570 703 et
1589 659 1663 702 an
1690 643 1766 702 sit
1796 653 1992 706 mater
2016 643 2094 705 il-

445 729 782 793 lorum.llla
805 730 1174 792 auteszihi
1208 729 1476 810 quidem,
1503 730 1720 810 inquit,
1755 750 1971 793 nomen
2005 739 2098 793 est

441 819 823 882 Christodula
850 843 864 890 ;
918 821 978 881 hi
1009 839 1148 882 vero
1179 831 1321 882 sunt
1350 819 1574 881 fructus
1605 821 1723 881 mei
1757 827 2003 894 ventris,
2040 830 2098 884 et

443 927 547 971 eos
575 913 692 971 mei
731 920 938 990 partus
968 910 1261 990 primitias
1291 908 1412 971 Deo
1460 908 1646 972 obtuli
1683 931 1696 972 :
1732 910 1967 972 conﬁdo
1995 929 2098 972 au-

441 1007 558 1060 tem
606 1000 756 1074 fore,
792 1009 854 1060 ut
891 999 948 1060 in
979 1000 1112 1062 ιωιι
1141 1000 1382 1062 horreis
1436 1018 1541 1060 eos
1572 1010 1827 1079 reponat
1857 1001 2095 1082 sapiens

438 1085 690 1166 Babylas
726 1109 742 1165 ;
781 1088 867 1150 illi
899 1090 1062 1152 enim
1095 1107 1202 1150 eos
1233 1088 1488 1152 credidi.

519 1176 679 1241 VIII.
734 1178 872 1240 Haec
904 1197 1038 1240 cum
1075 1179 1363 1251 audisset,
1398 1177 1486 1238 ira
1541 1177 1830 1258 impletur
1861 1180 2092 1241 Nume-

430 1267 663 1342 rianus,
700 1277 756 1330 et
781 1268 958 1348 jubet
993 1269 1045 1329 ei
1077 1266 1294 1330 faciem
1342 1267 1598 1347 percuti,
1633 1275 1687 1327 et
1721 1267 1983 1328 dictitari
2017 1286 2094 1329 ne

438 1365 556 1418 tam
593 1366 821 1419 temere
851 1357 1260 1438 alloqueretur
1291 1358 1747 1437 imperatorem.
1781 1355 1960 1417 Pueri
1993 1375 2096 1418 au-

432 1455 553 1509 tem
587 1446 862 1509 videntes
926 1453 1174 1508 matrem
1211 1445 1457 1524 pulsari,
1493 1445 1694 1506 animo
1745 1445 1910 1507 fuere
1939 1465 2089 1508 con-

437 1536 756 1612 turbati,et
785 1536 1092 1598 dixerunt:
1125 1537 1455 1616 Imperator
1477 1545 1727 1597 matrem
1753 1535 1925 1598 caedit
1960 1554 2091 1598 vera

431 1623 766 1688 dicentem.
799 1629 932 1706 Ipse
963 1634 1161 1688 autem
1192 1625 1337 1686 iram
1374 1624 1512 1686 ludo
1545 1624 2095 1704 temperans.jubet

432 1716 724 1795 majorem
784 1715 1029 1796 quidem
1063 1733 1130 1776 ex
1178 1715 1378 1796 pueris
1427 1713 1747 1776 duodecim
1779 1715 1968 1795 plagis
2011 1716 2093 1777 af-

2179 560 2386 638 μητέρα
2444 563 2470 616 ὁ
2507 559 2802 637 ξβασιλεὺς,
2836 565 2917 620 καῖ
2975 561 3123 622 ὅπως
3169 565 3301 630 αὕτη
3344 561 3617 641 καλοῖτο,
3646 565 3733 619 καί
3785 567 3822 619 εἰ

2179 649 2363 726 μήτηρ
2422 649 2634 705 ἐκείνων
2713 649 2804 716 εἴη
2862 651 3241 729 ἀποκρίνασθαι
3311 650 3558 714 κελεύει,
3640 643 3699 709 ’Β
3757 650 3820 732 ἶὶ,

2180 735 2538 815 Χριστοδούλη
2585 737 2682 812 μὲν
2743 739 2884 814 ἐμοὶ,
2931 742 3112 820 φησὶν,
3175 742 3367 816 ὄνομα⁹
3442 745 3549 809 τῆς
3609 742 3741 816 ἐμῆς
3778 741 3824 798 δὲ

2180 825 2385 892 κοιλίας
2446 836 2587 884 οὗτοι
2660 828 2885 905 καρποῖ,
2945 833 3033 886 καὶ
3105 834 3324 892 τούτους
3404 830 3674 910 ἀπαρχάξ
3733 838 3824 888 τῶν

2179 914 2322 990 ἐμῶν
2385 914 2582 973 ὠδίνων
2644 920 2984 996 προσήνεγκα
3033 925 3110 991 τῷ
3169 927 3309 994 Θεῷο
3360 921 3605 977 πέποιθα
3649 919 3702 976 δὲ
3757 921 3825 976 ὅτι

2175 1009 2265 1061 καὶ
2338 1007 2412 1068 εἷς
2471 1008 2536 1061 τὰ
2578 1019 2801 1080 ταμιεῖα
2861 1010 2968 1062 τῶν
3037 1011 3272 1087 οὖρανῶν
3315 1011 3344 1066 ὃ
3409 1011 3589 1088 σοφὸς
3660 1011 3826 1072 αὖτοὺς

2176 1094 2505 1165 ἀποϐήσεται
2555 1093 2818 1159 Βαϐύλαςο
2867 1095 3052 1171 ἐκείνῳ
3107 1098 3209 1176 γάρ
3251 1100 3452 1158 αὐτοὺς
3512 1098 3823 1178 ἐνεχείρισα.

2259 1183 2348 1244 Η’.
2397 1185 2595 1241 Τούτου
2642 1184 2904 1260 ἀκούσας,
2931 1186 3096 1263 ὀργῆς
3149 1186 3585 1258 ὑποπίμπλαται
3636 1197 3826 1262 Νουμε-

2177 1275 2384 1350 ριανὸς,
2448 1275 2536 1329 καὶ
2588 1275 2763 1330 πκίειδ
2821 1274 2985 1340 αὐτὴν
3043 1276 3179 1332 κατά
3235 1274 3441 1354 κόρῤης
3493 1277 3825 1355 προστάττει,

2175 1363 2263 1419 καὶ
2304 1361 2598 1440 ἐπιλέγειν,
2631 1364 2708 1434 μὴ
2751 1371 2972 1420 τοιαῦτα
3019 1367 3147 1441 πρὸς
3197 1366 3289 1422 τὸν
3327 1366 3577 1442 βασιλέα
3635 1387 3827 1443 προπε-

2173 1459 2280 1516 τῶς
2347 1451 2687 1531 φθέγγεσθαι.
2735 1463 2811 1510 Ta
2872 1451 3050 1510 παιδία
3101 1456 3274 1514 τοίνυν
3331 1455 3698 1531 τυπτομένην
3747 1457 3828 1518 τήν

2174 1541 2385 1619 μητέρα
2437 1544 2664 1617 ὁρῶντα,
2697 1540 2930 1620 διέφθορε
2989 1544 3078 1600 τὸν
3132 1544 3273 1611 νοῦν,
3332 1543 3716 1614 «indignant
3755 1545 3833 1608 τὰς

2173 1631 2389 1710 φρένας,
2452 1621 2510 1688 Ὀ
2577 1629 2852 1706 βασιλεὺς,
2915 1630 3118 1708 ἔλεγον,
3177 1639 3275 1700 τὴν
3347 1634 3581 1712 μητέρα
3639 1633 3831 1699 τάληθῆ

2175 1719 2435 1797 λέγουσαν
2493 1721 2770 1791 αἰκίζεται.
2829 1721 2964 1778 Εἶτα
3023 1723 3207 1794 παιὸιᾷ
3239 1726 3268 1778 ὁ
3314 1721 3588 1798 βασιλεὺς
3619 1725 3714 1778 τὸν
3753 1726 3835 1777 θυ-

438 1803 559 1878 fici,
595 1805 933 1868 secundum
984 1811 1183 1865 autem
1237 1822 1471 1878 novem,
1509 1811 1566 1865 et
1619 1803 1894 1864 ultimum
1950 1823 2055 1886 sep

2177 1812 2278 1885 μὸν
2335 1809 2668 1883 ἀνακεράσας
2743 1808 2949 1866 κελεύει
3016 1812 3104 1866 τὸν
3177 1812 3276 1884 μὲν
3346 1811 3678 1892 προέχοντα
3743 1817 3834 1868 τῶν

437 1902 581 1976 tem,
612 1897 871 1976 aequales
902 1911 1154 1956 numero
1181 1891 1381 1971 plagas
1415 1895 1731 1974 imponens
1762 1893 2088 1975 unicuique

435 2003 543 2064 pro
607 2003 863 2048 numero
919 2001 1212 2045 annorum
1269 1981 1479 2047 aetatis.
1543 1983 1632 2044 Illi
1691 1994 1886 2044 autem
1947 2003 2082 2046 cum

438 2074 639 2154 ﬂagris
687 2077 1094 2145 caederentur,
1134 2072 1460 2136 laudabant
1511 2073 1829 2136 Dominum
1865 2093 1881 2149 ;
1914 2092 2080 2154 quie-

431 2164 648 2228 rebant
704 2175 900 2227 autem
967 2164 1340 2242 magistrum,
1375 2179 1510 2224 cum
1543 2179 1615 2225 eo
1663 2161 2080 2226 desiderantes

431 2254 611 2316 etiam
646 2252 873 2316 versari
903 2253 962 2314 in
997 2269 1264 2315 carcere.

507 2433 606 2496 IX.
639 2432 1044 2496 Numerianus
1066 2451 1208 2511 ergo
1239 2450 1374 2495 cum
1399 2450 1468 2493 ex
1503 2430 1786 2495 tribunali
1809 2431 2072 2513 impera-

429 2526 580 2588 torio
616 2543 723 2605 per
755 2524 1063 2585 ministros
1095 2529 1351 2585 matrem
1396 2521 1700 2584 eduxisset
1729 2532 1788 2585 et
1835 2542 2070 2603 pueros,

423 2613 700 2694 Babylam
738 2611 1045 2674 accersite
1075 2611 1366 2684 custodia,
1395 2619 1454 2672 et
1485 2609 1736 2690 perinde
1765 2629 1834 2672 ac
1865 2611 2077 2673 ludens

424 2705 483 2765 in
539 2719 743 2782 scena,
778 2708 880 2763 aut
933 2701 1290 2762 histrionem
1343 2700 1563 2761 stultus
1615 2717 1842 2778 agens:
1895 2699 2072 2778 Ecce,

421 2794 638 2873 inquit,
673 2791 780 2852 tibi
813 2788 1032 2852 cecidit
1062 2806 1275 2866 magna
1312 2797 1407 2849 tua
1440 2787 1712 2865 gloriatio
1744 2796 1802 2848 et
1829 2789 2068 2868 jactan-

425 2882 526 2955 tia,
561 2889 619 2942 et
667 2879 840 2941 aliter
865 2896 962 2940 res
993 2876 1180 2939 cessit
1207 2895 1384 2957 quam
1435 2876 1692 2957 putabas
1723 2879 1924 2957 pueris
1959 2901 1975 2955 ;
2026 2881 2067 2942 ii

423 2972 584 3033 enim
620 2978 757 3032 sunt
791 2969 984 3049 parati
1007 2967 1123 3030 diis
1154 2966 1494 3029 sacrificare
1527 2965 1636 3029 Ille
1663 2977 1859 3028 autem
1886 2968 2068 3038 (scie-

422 3063 527 3123 bat
553 3061 712 3122 enim
759 3057 968 3139 quales
1001 3077 1106 3120 eos
1141 3057 1476 3137 peperisset
1505 3056 1768 3138 spiritu),
1802 3055 2062 3134 Videris,

2172 1896 2374 1955 παίδων
2432 1895 2675 1973 πληγαῖς
2745 1896 3057 1956 δυοκαίδεκα
3113 1899 3445 1973 αἰκισθῆναι,
3519 1902 3618 1956 τὸν
3662 1898 3835 1977 ἑφεξῆς

2169 1983 2224 2042 δὲ
2273 1987 2444 2064 ἐννέα,
2480 1989 2569 2044 καὶ
2611 1985 2747 2044 ἅπτά
2802 1989 2894 2043 τὸν
2940 1987 3196 2066 ἔσχατον,
3249 1989 3575 2066 ἰσαρίθμους
3636 1989 3832 2061 ἕκάστῳ

2169 2077 2259 2137 τὰς
2320 2075 2535 2152 πληγὰς
2584 2091 2695 2139 τοῖς
2737 2081 2835 2143 τῆς
2897 2077 3113 2144 ἡλικίας
3171 2077 3367 2143 ἐπιθεὶς
3433 2078 3616 2140 ἔτεσι.
3657 2080 3728 2136 τὰ
3781 2077 3829 2133 δέ

2167 2163 2265 2243 ἄρα
2325 2167 2410 2222 καὶ
2469 2166 2833 2242 μαστιζόμενα
2889 2165 3098 2244 εὕλόγει
3142 2167 3240 2229 μὲν
3280 2169 3374 2224 τὸν
3440 2169 3610 2247 θεὸν,
3668 2168 3826 2239 έζήτει

2161 2251 2216 2310 δὲ
2261 2257 2352 2310 τὸν
2381 2253 2718 2329 διδάσκαλον,
2752 2268 2990 2312 συνεῖναι
3035 2257 3176 2331 αὒτῷ
3224 2258 3308 2313 καὶ
3367 2256 3428 2314 ἒν
3484 2263 3570 2329 τῷ
3633 2254 3828 2332 δεσμωο

2159 2347 2324 2422 τηρίῳ
2354 2343 2680 2423 γλιχόμενα.

2242 2431 2330 2496 Θ¹,
2395 2436 2752 2512 Νουμεριαιὸς
2811 2434 2923 2509 οὗν,
2956 2435 3050 2492 τοῦ
3089 2435 3368 2512 βασιλικοῦ
3427 2436 3688 2514 βήματος
3743 2435 3817 2493 διά

2159 2531 2264 2579 τῶν
2320 2523 2762 2600 ὑπηρετουμένων
2819 2524 2917 2592 τὴν
2975 2527 3180 2604 μητέρα
3231 2529 3319 2584 καὶ
3374 2530 3444 2585 τὰ
3491 2526 3681 2583 παιδία
3733 2526 3809 2592 ἐξ·

2160 2615 2404 2691 αγαγὼν,
2464 2614 2872 2688 μεταπέμπεται
2927 2615 3025 2682 τῆς
3095 2614 3334 2694 φυλακῆς
3394 2618 3496 2673 τὸν
3557 2615 3808 2696 Βαϐύλαν,

2157 2706 2245 2760 καὶ
2307 2703 2542 2780 καθάπερ
2592 2703 2645 2758 ὲν
2675 2709 2849 2780 σκηνῇ
2901 2705 3102 2774 παίζων
3158 2702 3398 2782 ἢδρᾶμα
3461 2707 3808 2784 ὑποκρινόμε-

2159 2815 2246 2855 νος
2307 2795 2334 2847 ὁ
2379 2791 2632 2866 ἀνόητος,
2670 2789 2800 2848 Ἰδού
2853 2815 2959 2871 σοι,
3015 2795 3168 2872 φησὶ,
3205 2795 3422 2852 πάντως
3474 2795 3808 2852 διαπέπτωκε

2149 2883 2211 2938 τὸ
2243 2878 2620 2961 μεγάκαυχον,
2653 2883 2741 2936 καὶ
2785 2884 2846 2937 τὸ
2889 2888 2995 2937 τῶν
3039 2880 3262 2940 παιδίων
3307 2887 3433 2961 περὶ
3493 2885 3562 2941 τά
3615 2883 3805 2941 έναντίσ

2150 2983 2348 3050 χωρεῖ’
2400 2977 2563 3026 ταῦτα
2607 2971 2707 3049 γάρ
2749 2971 2888 3027 θύειν
2945 2973 3054 3028 εστὶ
3111 2985 3234 3035 τοῖς
3291 2977 3442 3039 θεοῖς
3490 2973 3710 3049 ἕτοιμα,
3756 2963 3803 3028 ’0

2149 3056 2203 3115 δὲ
2259 3056 2406 3137 (ᾔδει
2467 3060 2564 3138 γάρ
2614 3059 2761 3123 τίνας
2815 3059 3022 3124 ἐκεῖνος
3089 3063 3166 3134 τῷ
3238 3063 3510 3138 πνεύματι
3576 3060 3796 3140 ὤδινεν),

419 3152 633 3233 inquit,
685 3170 719 3214 ο
779 3151 1126 3243 imperator,
1185 3148 1440 3243 teipsnm
1494 3147 1690 3243 potius
1744 3147 1973 3243 fallere,
2008 3159 2066 3209 et

2160 3148 2399 3224 Ἔοικας,
2459 3150 2643 3228 φησὶν,
2696 3149 2743 3205 ὦ
2797 3147 3041 3225 βασιλεῦ,
3101 3153 3324 3209 σεαυτὸν
3381 3150 3694 3228 ψεύδεσθαι,
3724 3150 3798 3206 καὶ

419 3241 523 3303 tibi
579 3239 839 3302 inaniter
870 3237 1206 3316 indulgere.
1259 3233 1411 3299 Oves
1471 3235 1633 3297 enim
1671 3237 1785 3298 mei
1845 3238 2063 3317 gregis,

417 3349 550 3412 qua;
604 3339 740 3392 sunt
773 3327 995 3392 Christi
1027 3327 1170 3400 mei,
1205 3333 1264 3388 et
1301 3326 1434 3404 agni
1488 3326 1761 3406 pastoris,
1800 3326 2064 3388 alienum

417 3438 722 3500 nunquam
775 3415 966 3478 secuti
999 3415 1264 3477 fuerint:
1305 3416 1408 3475 sed
1469 3433 1663 3476 meam
1716 3433 1945 3490 vocem,
1978 3425 2068 3478 sat

415 3511 565 3590 scio,
599 3509 945 3572 desiderant
979 3527 993 3582 ;
1046 3523 1163 3566 non
1197 3505 1419 3578 minus,
1456 3523 1630 3584 quam
1681 3508 1815 3582 agni
1850 3505 2064 3568 inclusi

414 3600 476 3660 in
507 3599 738 3661 aedibus
773 3605 995 3658 matres
1019 3613 1152 3674 quae
1184 3595 1342 3674 ipsos
1371 3602 1734 3672 genuerunt.
1773 3593 1848 3655 Et
1877 3595 1927 3656 si
1963 3594 2060 3656 lu-

415 3707 525 3768 pus
558 3706 660 3748 eos
692 3685 980 3764 rapuerit,
1013 3685 1140 3744 sive
1171 3682 1372 3763 aliqua
1402 3681 1518 3743 alia
1560 3681 1752 3744 bestia
1783 3701 1887 3745 eos
1917 3683 2060 3745 abs-

414 3776 680 3849 traxerit,
714 3773 983 3845 abibunt,
1018 3781 1081 3834 et
1123 3770 1550 3833 abstrahentur
1581 3790 1676 3832 me
1707 3773 2056 3838 clamantes:

413 3876 471 3926 et
518 3865 692 3944 lupus
725 3882 875 3942 agno
908 3862 1106 3943 potius
1161 3861 1543 3941 persuaserit,
1581 3864 1823 3943 propria
1871 3873 2060 3927 matre

412 3955 648 4028 relicta,
683 3971 817 4014 eum
864 3949 1058 4030 sequi,
1093 3969 1268 4031 quam
1301 3949 1344 4011 ii
1375 3949 1804 4014 obliviscantur
1835 3954 2061 4034 proprii

412 4043 634 4107 amoris
661 4044 721 4105 in
757 4051 1078 4123 pastorem.

490 4221 560 4285 Χ.
588 4222 726 4286 Haec
753 4239 871 4284 non
896 4221 1101 4282 ferens
1123 4216 1541 4284 Numerianus:
1580 4220 1654 4284 At
1678 4238 1811 4300 ego,
1836 4220 2058 4302 inquit,

411 4314 662 4375 efficiam
698 4321 759 4373 ut
791 4305 1186 4389 opportunius
1216 4308 1401 4370 utaris
1441 4307 1961 4389 responsionibus.
1991 4308 2062 4370 Et

411 4402 610 4463 statim
638 4402 694 4462 in
722 4400 881 4478 ligno
917 4400 972 4460 in
999 4397 1185 4458 altum
1217 4397 1485 4459 sublatus
1517 4407 1607 4460 est
1628 4397 1872 4473 athleta,
1902 4407 1959 4460 et
1988 4417 2056 4460 ex

2154 3238 2395 3313 ματαίως
2455 3239 2931 3318 καταχᾶρίζεσθιι’
2980 3239 3055 3302 ὡς
3085 3241 3215 3318 τάγε
3266 3246 3363 3309 τῆς
3400 3241 3544 3318 ἐμῆς
3578 3243 3796 3316 ποίμνης

2149 3327 2452 3407 θρέμματα,
2486 3329 2552 3384 τὰ
2592 3335 2686 3385 τοῦ
2729 3328 2861 3404 ἐμοῦ
2919 3336 3144 3403 Χριστοῦ
3174 3331 3268 3387 γαῖ
3315 3332 3576 3409 ποιμένος
3633 3329 3788 3409 ἀρνία,

2154 3417 2247 3474 οὒκ
2289 3417 2353 3472 ἂν
2399 3438 2525 3475 ποτε
2575 3417 2838 3498 ἀλλοτρίῳ
2881 3418 3259 3494 ἀκολούθήσοι,
3293 3419 3435 3478 ἀλλά
3496 3423 3597 3489 τὴν
3638 3418 3783 3495 ἕμὴν,

2150 3505 2298 3585 οῖδα,
2333 3508 2516 3586 φωνὴν
2558 3506 2781 3564 ἀκούσαι
2826 3510 3034 3587 ποθεῖ,,
3068 3510 3173 3590 οὐχ
3212 3512 3378 3578 ἦττον
3421 3511 3460 3580 ἢ
3492 3511 3560 3567 τά
3602 3509 3784 3566 ἀποκε-

2146 3595 2436 3672 κλεισμένα
2492 3595 2546 3652 ἐν
2577 3597 2795 3672 οἰκίσκῳ
2846 3597 2996 3675 ἀρνία
3055 3605 3163 3657 τῶν
3208 3600 3625 3678 γεννησαμένων
3664 3595 3783 3653 αὐτά

2146 3686 2416 3764 μητέρων
2479 3684 2580 3741 κᾶν
2608 3685 2764 3751 λύκος
2809 3686 3024 3766 ἁρπάσῃ
3073 3687 3228 3766 αὐτὰ,
3265 3688 3362 3746 κᾶν
3403 3687 3541 3748 ἄλλο
3587 3710 3638 3745 τι
3674 3684 3778 3742 δια-

2147 3780 2256 3847 σπᾷ
2286 3775 2492 3853 θηρίον,
2525 3773 2620 3849 ἐμὲ
2651 3774 2915 3833 καλοῦντα
2947 3777 3232 3856 οἰχήσεται
3263 3782 3357 3835 καί
3404 3777 3774 3844 διασπασθήσν

2140 3886 2251 3945 ται,
2291 3865 2376 3922 καὶ
2432 3863 2564 3942 ἄρνα
2619 3864 2876 3944 πρὸτερον
2928 3864 2990 3924 ἂν
3047 3864 3207 3932 λύκος
3249 3870 3452 3927 πνίσειε
3505 3866 3603 3936 τῆς
3654 3862 3770 3927 ἰδίας

2143 3956 2348 4034 μητρὸς
2406 3954 2670 4032 ἀφέμενον
2701 3956 2844 4030 αἶντῷ
2887 3977 2945 4014 τε
2992 3955 3216 4015 ἓπεσθπι
3263 3959 3351 4015 καὶ
3408 3961 3555 4017 αὐτῶ
3605 3964 3772 4012 cavat-

2143 4066 2251 4124 ναι,
2291 4044 2320 4112 ἢ
2363 4043 2527 4101 ταῦτα
2571 4044 2670 4114 τῆς
2727 4047 2858 4123 πρὸς
2907 4045 2996 4104 τὸν
3030 4047 3232 4105 οἰκεῖον
3278 4049 3511 4124 ποιμένα
3563 4041 3764 4122 στοργῆς

2145 4133 2470 4196 ἐπιλάθοιτο.

2227 4215 2288 4287 Γ.
2348 4233 2523 4283 Ταῦτα
2565 4225 2645 4300 μὴ
2688 4222 2921 4304 ἐνεγκὼν
2966 4227 3350 4304 Νουμεριανὸς,
3399 4225 3549 4286 Ἀλλ’
3601 4226 3758 4282 εὖκιι-

2143 4314 2354 4392 ρότερόν
2414 4335 2472 4371 σε
2535 4327 2659 4378 ταῖς
2722 4313 3068 4393 ἀποκρίσεσιν
3134 4317 3245 4392 ἑγὼ
3318 4321 3553 4396 χρῆσθαι
3603 4331 3754 4389 παρα·

2143 4403 2410 4476 σκευάσω,
2443 4403 2597 4482 φησί’
2669 4404 2756 4460 καὶ
2808 4403 2995 4461 αὐτίκα
3053 4403 3319 4484 μετέωρος
3362 4405 3454 4464 ἐπὶ
3489 4408 3573 4464 ’ιοῦ
3620 4398 3744 4466 ξύλου

410 4490 663 4553 adverso
698 4490 866 4570 pueri
900 4487 1113 4548 ferreis
1163 4486 1662 4568 discerpebantur
1691 4487 1952 4566 ungulis.
1987 4487 2056 4549 Et

2160 4512 2168 4548 ι
2218 4489 2480 4564 ἀθλητὴς,
2537 4491 2752 4570 ἅντικρυ
2799 4494 2888 4550 καὶ
2943 4494 3010 4550 τά
3067 4492 3249 4552 παιδία
3305 4493 3546 4573 σιδηροῖς
3588 4484 3732 4557 ξαινό-

409 4581 532 4642 illis
566 4577 806 4659 quidem
841 4576 1046 4638 divina
1063 4577 1334 4656 quaedam
1365 4576 1627 4656 desuper
1645 4577 1908 4638 animum
1941 4578 2052 4640 ad-

2137 4603 2276 4656 μενα
2319 4579 2482 4646 ὄνυξι.
2535 4582 2630 4638 Καὶ
2660 4593 2781 4646 τοῖς
2825 4581 2924 4656 μὲν
2975 4583 3213 4663 θειοτέρα
3243 4604 3325 4650 τις
3376 4583 3560 4642 ἄνωθεν
3591 4577 3720 4658 χάρις

409 4670 560 4732 dens
583 4668 1274 4756 gratia,promptumque
1307 4674 1376 4756 et,
1395 4666 1597 4756 alacre
1617 4684 1842 4756 augens
1869 4667 2056 4756 animi

2160 4673 2321 4748 θάρσος
2388 4669 2689 4746 ἐμπνέουσά
2760 4672 2849 4728 καὶ
2920 4671 3210 4740 αὒξάνουσα
3292 4675 3393 4742 τὴν
3469 4666 3724 4756 προὼμίανι

407 4759 699 4832 studium,
735 4754 1028 4819 reddebat
1071 4772 1178 4816 eos
1207 4754 1415 4816 statuis
1447 4754 1634 4834 magis
1665 4755 2048 4836 impatibiles.

486 4847 582 4911 XI.
618 4846 702 4910 Ex
733 4847 804 4907 iis
848 4852 1077 4922 autem,
1110 4849 1210 4925 qui
1248 4844 1739 4921 circumstabant,
1774 4844 2056 4908 dicebant

405 4937 646 5019 quidam
681 4935 882 4998 divino
914 4933 1148 5014 Babylze
1177 4955 1189 4992 :
1227 4932 1551 5011 Quousque
1581 4935 1701 4996 eris
1733 4952 1962 5016 amens,
1998 4942 2058 4998 et

405 5030 561 5090 male
595 5026 702 5088 tibi
726 5025 1008 5088 consules
1032 5023 1062 5082 ‘I
1084 5022 1170 5085 Ne
1205 5041 1526 5104 puerorum
1551 5023 1792 5105 quidem
1825 5023 2056 5105 species

404 5118 586 5181 ﬂectit
616 5118 730 5178 hoc
765 5126 928 5177 tuum
985 5132 1090 5176 cor
1120 5114 1338 5176 durum
1379 5125 1436 5176 et
1466 5113 1720 5190 immite,
1753 5132 1885 5196 quas
1933 5122 2053 5176 tam

405 5207 624 5269 misere
660 5206 832 5286 perit,
861 5212 920 5266 et
945 5213 1085 5266 ante
1118 5209 1381 5283 tempus?
1414 5203 1655 5266 Illorum
1685 5220 1826 5282 ergo
1859 5201 2055 5266 verbis

405 5307 626 5378 martyr
655 5313 1004 5369 conversus,
1043 5303 1101 5355 et
1131 5303 1339 5374 aperte
1372 5293 1702 5355 ostendens
1731 5311 1795 5355 se
1841 5311 2051 5356 eorum

400 5386 585 5447 vicem
621 5403 776 5464 aegre
803 5384 957 5447 ferre
992 5394 1054 5445 et
1075 5384 1306 5446 dolere:
1344 5381 1626 5455 Quasnam
1653 5383 1777 5444 haec
1808 5393 1921 5458 est,
1949 5390 2050 5446 in-

402 5477 750 5554 quit,gravis
772 5485 831 5535 et
851 5473 1180 5552 caliginosa
1211 5473 1567 5553 nubes,quze
1586 5475 1806 5534 mentis
1835 5484 2052 5536 vestrae

403 5559 662 5621 obstruit
679 5563 1032 5636 oculos,nec
1063 5560 1205 5622 sinit
1236 5560 1453 5625 caelum
1485 5561 1842 5643 intueri,sed
1864 5562 2050 5625 deor-

401 5663 536 5708 sum
559 5648 808 5708 inclinat
832 5659 890 5710 et
925 5659 1101 5710 terra:
1126 5649 1284 5726 cogit
1312 5647 1548 5710 afﬂxum
1583 5657 1744 5713 esse?
1773 5650 1925 5726 Quid
1958 5671 2046 5731 es,

2135 4758 2454 4838 ἀνδριάντων
2483 4759 2870 4838 ἀπαθεστέρους
2898 4760 3180 4843 ἀπέφαινε,

2218 4848 2328 4910 IA'.
2391 4852 2508 4908 Τῶν
2537 4849 2594 4906 δὲ
2647 4841 3028 4927 neptuni)th
3048 4853 3216 4934 τινὲς,
3248 4857 3392 4935 παρά
3419 4861 3500 4918 τῶ
3549 4841 3726 4935 γενναεειξ

2139 4941 2354 5002 στάντες
2414 4937 2646 5015 Βαϐύλᾳ,
2695 4938 2870 5019 Μέχρι
2923 4943 3090 5019 τίνος,
3153 4928 3360 5024 nimi,
3417 4928 3608 5016 ἁπονοῇ
3657 4928 3726 5024 tu!

2137 5028 2364 5106 βουλεύῃ
2418 5031 2537 5102 περὶ
2602 5039 2796 5088 σαυτοῦ
2854 5053 2921 5088 κα
2933 5037 3084 5114 ιιῶςς
3145 5021 3275 5094 Οὐδὲ
3419 5043 3524 5094 τῶν
3573 5021 3728 5114 παίδων

2138 5119 2250 5199 ὥρα
2294 5119 2393 5188 τὴν
2427 5117 2666 5195 σκληράν
2713 5141 2806 5176 σου
2853 5113 3182 5191 ταύτηνίκαὶ
3224 5125 3502 5184 ἀτίθασσον
3539 5113 3729 5188 insidit“

2135 5231 2258 5268 πτει
2317 5205 2556 5287 καρδίαν,
2605 5209 2794 5289 ἀώρως
2838 5210 2977 5268 οὕτω
3005 5215 3093 5269 καὶ
3137 5212 3340 5281 ἀθλίως
3383 5205 3727 5287 ἀπολλυμένηὶ

2138 5299 2499 5378 Ἐπιστρεφὴς
2529 5300 2700 5357 τοίνυν
2733 5301 2908 5360 τοίνυν
2935 5315 3052 5368 τοῖς
3084 5302 3299 5361 ἐκείνων
3317 5305 3498 5384 λόγοις
3525 5306 3551 5361 ὁ
3573 5295 3731 5376 μάρτυς

2135 5388 2446 5469 γενόμενος,
2490 5390 2579 5446 καὶ
2635 5388 2798 5457 δῆλος
2853 5389 2928 5448 ὢν
2976 5392 3288 5472 ὑπεραλγῶν
3332 5395 3476 5452 αὗτῶ
3521 5391 3596 5451 καὶ
3639 5400 3717 5472 ῆι·

2133 5468 2496 5559 ρικαιόμενος,
2546 5480 2603 5538 Τί
2657 5481 2721 5538 τὸ
2774 5481 2903 5559 βαρὺ
2945 5468 3122 5558 τοῦτο,
3167 5468 3337 5562 λέγει,
3395 5488 3480 5544 καὶ
3534 5468 3719 5562 ζοφῶᾇε

2134 5568 2312 5647 νέφος,
2346 5565 2374 5623 ὅ
2418 5589 2480 5646 γε
2537 5568 2630 5632 τάς
2679 5571 2780 5637 τῆς
2841 5568 3073 5635 διανοίας
3123 5559 3274 5649 ὄψεις
3299 5575 3449 5651 ὑμῶν
3503 5559 3716 5652 ὶμγρεεΙΪ

2134 5644 2226 5719 οὐκ
2257 5657 2317 5733 ἰᾷ
2359 5644 2490 5738 πρὸς
2523 5659 2614 5716 τὸν
2668 5660 2888 5741 οδρανὸν
2917 5659 3076 5745 ἰδοῐν,
3110 5644 3248 5722 ἀλλά
3299 5644 3447 5725 siin»
3472 5644 3615 5724 νεύειν
3660 5644 3726 5709 ιιδῖ
