3996 6178
295 293 420 366 977
1641 297 1823 363 VITA
1877 295 1908 361 ε

2006 295 2353 362 ΒΑΒΥΙιιΕ.
3563 292 3681 359 978

293 437 438 512 πρὸς
480 437 580 504 τὴν
610 437 713 512 γῆν
759 431 1053 515 κεχηνέναι
1106 433 1392 513 βιάζεταις
1449 433 1509 492 Τί
1536 433 1598 489 τὸ
1649 439 1908 510 γοητεῦσα

2006 432 2192 512 ιουοὰ
2229 439 2484 496 vestram
2547 429 2634 492 sic
2661 427 2986 492 incantavit
3035 425 3322 504 animam,
3356 435 3415 490 et
3439 429 3586 493 talia
3611 429 3674 493 in

291 526 402 592 τήν
451 525 712 603 ὑμετέραν
755 525 942 605 ψυχὴν
991 525 1086 580 καί
1137 533 1357 582 τοιαῦτα
1409 522 1641 600 κεράσαν
1670 520 1792 578 κατ’
1850 523 1908 578 αὖ

2037 539 2167 584 eam
2197 522 2408 585 elludit
2440 521 2780 602 pharmaca,
2817 527 2883 580 ut
2916 536 3018 580 vos
3049 525 3202 580 totos
3231 518 3437 598 alliget
3463 520 3678 582 interi-

288 615 399 682 τῆς
448 615 728 694 φάρμακα,
760 617 834 678 ὡς
885 615 1038 678 ὅλους
1085 614 1220 686 ὑμᾶς
1253 611 1548 690 προσὸἧσαι
1578 613 1644 687 τῇ
1687 611 1908 684 ἀπωλείᾳ

2037 611 2148 686 tui,
2184 621 2247 674 et
2279 629 2388 672 nec
2434 611 2592 672 sinat
2620 628 2723 671 vos
2753 609 2934 670 ullam
2969 609 3178 671 salutis
3207 609 3430 672 ducere
3486 609 3677 672 ratio-

291 705 387 760 καὶ
457 705 536 776 μὴ
603 705 812 770 ὑπόσην
909 703 999 758 οὖν
1069 701 1316 783 φροντίδα
1388 703 1652 780 σωτηρίας
1725 703 1908 757 τίθεσθε

2037 702 2204 763 ιιοωῖ
2235 702 2352 779 Ego
2378 707 2672 782 autem,ut
2694 699 2770 761 de
2799 697 3162 760 Numeriano
3185 717 3346 760 nunc
3378 699 3672 774 omittam,

293 807 658 872 συγγωρεῖν;
722 793 889 870 Ἐγὼ,
951 792 1042 847 ἶνα
1101 793 1166 848 τὰ
1236 794 1361 872 περὶ
1435 791 1796 867 Νουμέριανοῦ
1857 796 1908 846 νῦ

2033 791 2184 852 nihil
2229 793 2390 852 enim
2423 808 2558 852 eum
2585 789 2830 870 jnverit,
2867 788 3101 850 etiamsi
3161 788 3360 850 milies
3411 788 3678 851 videatur

291 881 582 938 καταλίπω
637 879 773 950 (οὑδὲ
825 883 923 959 γὰρ
979 880 1041 937 ἂν
1102 884 1286 938 τοῦτον
1343 882 1578 953 ὀνήσειε,
1627 882 1670 936 εί
1712 882 1798 936 καὶ
1843 901 1945 954 μο-

290 972 473 1047 ριὰκις
518 969 768 1044 βασιλεὺς
815 974 958 1026 εἶναι
1017 968 1251 1042 δοκοίη),
1299 968 1421 1025 ἀλλ’
1463 970 1593 1045 ὑπὲρ
1648 969 1800 1043 ὑμῶν
1861 969 1946 1024 καὶ

288 1061 395 1125 τῆς
471 1060 754 1138 ὑμετέρας,
813 1061 956 1138 φεῦε
1018 1057 1289 1121 ἀπωλείας
1360 1057 1621 1121 πολλάκις
1681 1080 1772 1132 μοι
1843 1061 1942 1113 καὶ

287 1153 488 1226 μικρὸν
561 1149 791 1228 προῆλθε
863 1148 1141 1225 δακρῦσαι,
1204 1151 1292 1205 καὶ
1362 1149 1584 1224 οἰμῶξαι
1656 1147 1816 1225 μέγα,
1866 1146 1945 1203 ὅτι

281 1237 440 1315 λόγῳ
471 1239 800 1312 τιμηθέντες,
839 1237 1070 1316 ἀλόγων,
1105 1241 1179 1301 ὡς
1226 1240 1354 1314 ὁρῶ,
1393 1239 1643 1313 γεγόνατε
1679 1235 1943 1312 ἀλογώτε-

279 1345 396 1401 ροιι⁶
454 1329 540 1384 καὶ
582 1325 699 1384 δίον
758 1330 848 1384 τὸν
892 1328 1093 1383 οἰκεῦον
1155 1327 1442 1405 ἐπιγνῶναι
1493 1326 1852 1402 Δημιουργὸν,
1886 1324 1940 1380 εἴ

276 1438 369 1478 τις
430 1415 703 1490 αἴσθησις,
739 1415 862 1472 ἀλλ’
905 1417 1060 1490 ὑμεῖς
1093 1417 1224 1492 πρὸς
1274 1417 1431 1471 αὔτὸν
1463 1414 1626 1490 μόνον
1669 1414 1824 1490 ὁρᾶτε
1857 1414 1936 1483 (τὸ

279 1508 649 1582 ’Νουμεριανὸς
712 1507 954 1584 προσθείς
1019 1503 1237 1584 ὄνομα),
1288 1505 1374 1560 καὶ
1429 1506 1524 1570 τῆς
1585 1503 1743 1560 αύτοῦ
1786 1507 1936 1566 σλιᾶς

274 1599 376 1652 καὶ
445 1605 538 1655 τοῦ
604 1602 915 1673 τυραννικοῦ
987 1593 1310 1670 ἑκκρὲμσσθε
1383 1595 1664 1668 νεύματος.
1741 1593 1816 1650 Τὰ
1883 1589 1937 1646 δὲ

274 1685 414 1755 ἐμὰ,
472 1687 626 1762 ὁρᾶτε
703 1686 776 1749 ὡς
848 1686 1173 1764 ἓπιχουφίζει
1250 1699 1381 1757 μοῖς
1459 1683 1640 1746 πόνοις
1710 1681 1737 1736 ὃ
1807 1681 1936 1754 ἐμὸς

2029 899 2164 942 esse
2222 881 2575 962 imperator,
2609 878 2715 941 sed
2743 879 2817 940 de
2864 876 3034 939 vobis
3067 885 3126 940 et
3155 885 3349 940 vestro
3403 878 3675 959 interitu,

2029 989 2190 1050 saepe
2219 971 2381 1032 venit
2413 970 2472 1030 in
2505 977 2767 1030 mentem
2827 967 3048 1030 acerbe
3078 967 3414 1048 lacrymari,
3451 976 3510 1030 et
3535 986 3676 1044 gra-

2028 1060 2180 1121 viter
2236 1061 2486 1140 ejulare,
2523 1057 2684 1139 quod
2725 1075 2860 1119 cum
2911 1055 3043 1119 sitis
3092 1055 3367 1119 honorati
3416 1058 3672 1138 ratione,

2029 1149 2325 1225 evasistis,
2361 1159 2425 1210 ut
2465 1149 2665 1229 video,
2700 1152 2898 1208 minus
2949 1147 3187 1228 praediti
3217 1147 3450 1210 ratione
3493 1166 3672 1230 quam

2028 1239 2199 1302 bruta
2233 1259 2246 1300 :
2301 1248 2358 1300 et
2391 1256 2528 1300 cum
2564 1245 2891 1319 oporteret,
2927 1237 2978 1300 si
3031 1237 3190 1299 ullus
3221 1246 3380 1300 esset
3429 1255 3669 1313 sensus,

2021 1338 2278 1391 vestrum
2312 1345 2639 1409 agnoscere
2656 1327 3024 1407 Creatorem,
3053 1345 3160 1389 vos
3185 1326 3258 1388 ad
3287 1328 3448 1390 hunc
3472 1327 3666 1390 solum

2023 1417 2339 1480 intuemini
2368 1418 2628 1496 (adjecto
2663 1417 2910 1478 nomine
2938 1415 3329 1493 Numeriani),
3356 1426 3413 1477 et
3433 1421 3506 1480 ab
3538 1419 3668 1497 ejus

2023 1506 2236 1568 umbra
2269 1515 2326 1568 et
2354 1506 2518 1568 vultu
2549 1506 2856 1586 tyrannico
2888 1505 3182 1588 pendetis.
3237 1505 3407 1579 Quod
3440 1507 3513 1568 ad
3572 1525 3670 1570 me

2021 1608 2218 1660 autem
2255 1596 2488 1670 attinet,
2523 1595 2817 1658 videtisne
2855 1594 3360 1676 quemadmodum
3394 1594 3670 1658 Christus

2024 1703 2190 1747 meos
2247 1683 2488 1747 labores
2537 1684 2780 1758 allevet,
2828 1693 2886 1746 et
2937 1702 3006 1745 ex
3055 1692 3264 1745 sancto
3324 1681 3668 1746 habitaculo

278 1777 534 1852 Χριστὸς,
595 1775 683 1830 καί
737 1796 832 1849 μοι
894 1776 1146 1850 βοήθειαν
1215 1774 1267 1836 ιε
1317 1774 1469 1849 ἁγίου
1524 1770 1908 1846 κατοικητηρίο

2020 1775 2251 1838 emittat
2303 1773 2616 1854 auxilium,
2648 1781 2708 1836 et
2757 1773 2972 1836 incitet
3002 1772 3078 1835 ad
3127 1772 3388 1846 labores,
3423 1780 3483 1835 et
3527 1773 3664 1833 ani-

273 1863 575 1937 ἐγπέμπει,
623 1864 716 1919 καί
779 1865 909 1939 πρὸς
969 1863 1091 1926 τοὺς
1148 1861 1335 1926 ἁθλους
1383 1862 1596 1940 ἐγείρει,
1658 1861 1742 1916 καὶ
1803 1861 1930 1934 πρὸς

272 1953 405 2017 τοὺς
457 1953 666 2029 ἀγῶνας
716 1950 1082 2030 επιθαρῤύνει;
1139 1953 1213 2008 Τὰ
1265 1953 1364 2024 μὲν
1422 1950 1488 2019 δὴ
1529 1961 1621 2009 τοῦ
1666 1951 1929 2028 μάρτυρος

272 2045 414 2118 πρὸς
459 2045 575 2107 τοὺς
603 2041 821 2114 δημίοῦς
856 2047 1098 2102 τοιαῦτα.

366 2131 469 2194 IB'.
537 2129 706 2188 Ἀλλὰ
738 2131 848 2205 μὴν
897 2129 1015 2188 οὐδέ
1051 2131 1109 2186 τὰ
1148 2128 1321 2186 παιδία
1373 2139 1461 2188 τοῦ
1493 2129 1739 2202 τ’)ράννοτ
1787 2129 1928 2202 ἠμέ-

276 2218 389 2276 λει·
437 2219 558 2276 ἀλλ’
589 2220 643 2276 ἐν
697 2219 805 2291 ὅσῳ
837 2222 923 2276 καὶ
968 2225 1130 2275 ταῦτα
1187 2219 1428 2298 μετέωρα
1477 2219 1606 2297 εἶχε
1636 2219 1695 2274 τὸ
1756 2217 1930 2292 Ξύλον,

271 2317 383 2366 τῶν
441 2307 837 2386 καταρρεόντων
881 2309 978 2383 μὲν
1023 2319 1114 2367 τοῦ
1175 2309 1424 2384 σώματος
1477 2307 1655 2382 μελῶν
1715 2305 1929 2382 ἀμελῶς

273 2401 408 2480 εἶχε
457 2400 541 2454 καί
575 2399 842 2475 ῥᾳθύμως
880 2403 1022 2454 πᾶσα
1069 2395 1122 2453 δὲ
1154 2397 1351 2453 τούτων
1385 2399 1457 2461 εἰς
1495 2398 1584 2452 τὸν
1615 2394 1928 2453 διδὶσκαλον

270 2490 570 2567 ἐτέτραπτο
627 2489 660 2556 ἡ
693 2487 873 2566 ψυχῦ,
908 2487 1003 2542 καί
1047 2487 1176 2564 ὑπὲρ
1207 2487 1408 2543 ἑκείνου
1447 2493 1624 2548 κανῶς.
1661 2486 1798 2542 οὕτω
1841 2483 1930 2541 τὸν

268 2582 531 2656 τύραννον
600 2576 808 2653 ἔλεγον·
885 2578 993 2633 Οὐκ
1062 2576 1206 2652 αἰδῇ,
1281 2575 1450 2648 ἄθλιε,
1524 2577 1598 2639 εἰς
1672 2575 1926 2641 τοιαύτην

2020 1884 2180 1927 mum
2233 1865 2413 1926 addat
2445 1863 2515 1925 ad
2573 1863 2960 1925 certamina?
3010 1867 3204 1944 Atque
3235 1863 3361 1925 haec
3410 1862 3656 1940 quidem

2015 1954 2255 2017 dicebat
2285 1966 2531 2016 sanctus
2564 1951 2975 2016 carniﬁcibus.

2097 2131 2224 2196 ΧΠ.
2253 2132 2406 2205 Quin
2437 2133 2615 2194 etiam
2651 2150 2761 2194 nec
2787 2133 2955 2213 pueri
2987 2132 3230 2213 quidem
3267 2132 3491 2195 redditi
3522 2133 3659 2196 fue-

2016 2232 2150 2284 rant
2179 2222 2516 2284 imbecilles
2552 2241 2564 2284 :
2606 2222 2712 2283 sed
2746 2221 2887 2283 dum
2920 2220 2961 2282 ii
3009 2221 3356 2302 pendebant
3388 2221 3447 2282 in
3498 2221 3661 2302 ligno

2015 2311 2327 2386 sublimes,
2362 2312 2609 2374 ﬂuentia
2633 2309 2878 2388 quidem
2937 2309 3206 2372 membra
3233 2317 3502 2390 corporis
3541 2330 3662 2374 non

2014 2400 2307 2463 curabant
2342 2421 2355 2463 :
2391 2403 2476 2464 eis
2498 2409 2696 2462 autem
2729 2407 2890 2461 totus
2916 2399 3154 2461 animus
3185 2417 3509 2463 conversus
3535 2410 3664 2463 erat

2013 2490 2086 2554 ad
2125 2492 2498 2570 magistrum,
2537 2499 2594 2550 et
2623 2507 2730 2571 pro
2778 2489 2880 2550 illo
2909 2490 2996 2551 sic
3028 2489 3366 2551 maledictis
3395 2490 3657 2552 insecta-

2011 2579 2227 2643 bantur
2285 2591 2594 2662 tyrannum
2631 2599 2646 2641 :
2681 2581 2815 2644 Non
2848 2587 2906 2640 te
2964 2579 3170 2660 pudet,
3206 2599 3239 2640 ο
3273 2579 3502 2660 infelix,
3537 2590 3654 2643 tam

273 2668 452 2733 οὕτως
510 2667 689 2741 τιμίαν
740 2664 977 2745 κεφαλὴν
1036 2664 1367 2742 ὶνυϐρίζων;
1425 2665 1532 2723 Οὔκ
1565 2662 1908 2742 ἔγκαλύπτῃῑ

2008 2671 2416 2733 venerandum
2447 2676 2624 2750 caput
2647 2676 2806 2732 tanta
2830 2668 3067 2730 afﬁcere
3097 2669 3492 2732 contumelia?
3519 2672 3654 2734 Non

901 2753 1312 2812 μηδυλῶ
1434 2755 1496 2808 ί»
1749 2754 1908 2788 κε

329 2783 350 2813 J
381 2772 578 2829 οεοιας,
613 2777 834 2817 σΑοτοκ
865 2775 1024 2816 αύτος
1087 2777 1146 2812 Ου
1181 2777 1236 2816 ος
1316 2777 1368 2833 ν,
1398 2777 1432 2810 κ
1457 2775 1589 2829 ιρυκι
1629 2775 1802 2833 φωτο,
1835 2774 1903 2808 κα

2006 2759 2342 2834 erubescis,
2378 2778 2514 2823 cum
2548 2763 2633 2820 sis
2685 2760 2814 2839 ipso
2846 2757 3007 2819 ﬁlius
3053 2756 3465 2834 tenebrarum,
3500 2758 3652 2823 lucis

267 2843 515 2922 ὑπηρέτῃ
558 2843 907 2923 προσϐάλλων
938 2893 954 2917 ,
1015 2846 1122 2901 Οὖκ
1154 2845 1386 2924 αἰσχύνῃ
1432 2841 1632 2900 παίδων
1675 2843 1908 2921 παίγνιοι

2006 2868 2343 2929 praeconem
2380 2859 2438 2911 et
2472 2849 2820 2910 ministrum
2849 2847 2936 2908 sic
2969 2854 3224 2909 tractare
3253 2847 3285 2906 ?
3330 2847 3505 2910 Nullo
3539 2867 3652 2930 pu-

269 2936 376 2991 ὑπὸ
438 2949 555 2998 ταῖς
586 2947 795 2998 κοιναῖς
853 2934 1010 3009 ὂψεσι
1055 2934 1275 2996 ταύταις
1305 2932 1584 3010 γινόμενος
1621 2951 1637 3006 ;
1696 2933 1768 2988 Σὺ
1817 2933 1908 3006 μὲν

2006 2939 2147 3000 dore
2172 2939 2566 3006 sutfunderis.
2605 2937 2766 3019 quod
2797 2955 3002 2999 coram
3063 2936 3343 2998 omnibus
3373 2937 3651 3001 habearis

265 3026 368 3101 γὰρ
429 3024 683 3100 ταράττῃ,
747 3025 835 3080 καὶ
893 3023 1168 3097 μέμηνας,
1216 3025 1304 3079 καὶ
1374 3019 1589 3097 διακαίῃ
1631 3024 1695 3076 τὰ
1767 3019 1908 3078 ἔνδον

2006 3027 2205 3108 pueris
2237 3027 2497 3090 ludibrio
2529 3035 2556 3090 ?
2589 3029 2738 3091 Nam
2775 3035 2834 3088 tu
2865 3027 3108 3107 quidem
3163 3025 3563 3103 conturbaris,
3590 3037 3652 3090 et

260 3125 381 3174 τοῖς
442 3122 535 3173 τοῦ
563 3116 730 3187 θυμοῦ
763 3111 1091 3190 ψλεγὸμεκος
1126 3110 1384 3188 ἄνθραξιν·
1443 3113 1604 3186 ἡμεῖς
1637 3109 1690 3166 δὲ
1732 3110 1908 3188 ὥσπερ

2006 3116 2172 3193 luris,
2206 3127 2263 3179 et
2320 3117 2479 3178 intus
2511 3117 2705 3178 ureris
2759 3117 2866 3177 irin
2894 3115 3180 3177 incensus
3231 3114 3594 3190 carbonibus
3629 3137 3642 3181 :

259 3201 474 3259 ἔνθεσιν
535 3201 772 3279 ἐαρινοῖς
829 3216 943 3267 to";

255 3290 305 3348 δι
315 3289 743 3365 αποικιλλόμεθα
754 3339 768 3354 ,

344 3379 455 3442 ll".
524 3381 882 3458 Νουμεριανὶς
939 3381 1111 3436 τοίνυν
1171 3383 1374 3436 εκεῖθεν
1438 3379 1567 3438 αὒτᾶ
1626 3381 1761 3454 μετὰ
1817 3389 1910 3438 τοῦ

256 3469 580 3527 διδασκάλου
635 3470 980 3547 καταγαγὼν,
1016 3470 1108 3526 τὸν
1158 3471 1264 3544 μὰν
1324 3471 1481 3526 αὑτοῦ
1525 3491 1624 3525 που
1677 3468 1908 3536 πλησίον

262 3561 368 3616 ὑπὸ
413 3573 529 3621 τοῖς
565 3557 806 3638 σιδηροῖς
855 3558 1074 3623 ἐκείνοις
1107 3558 1182 3616 ἔτι
1233 3557 1453 3633 δεσμοῖς
1485 3558 1624 3636 παρά
1671 3558 1768 3613 τίνι
1799 3581 1902 3614 κα-

253 3647 454 3706 ταλείει
530 3649 804 3722 οίκῖσκῳ·
896 3649 1374 3726 παροστησάμενος
1458 3646 1509 3704 δὲ
1588 3647 1652 3702 τὰ
1721 3645 1903 3704 παιδία

250 3739 404 3816 (ῥᾷον
451 3740 551 3816 γὰρ
609 3740 740 3794 asta
810 3736 894 3793 διὰ
952 3739 1012 3794 τὸ
1069 3737 1274 3794 ἀπαλον
1333 3743 1432 3804 τῆς
1491 3737 1696 3816 φύσεως
1756 3736 1902 3793 ἑλεῖν

246 3828 442 3909 ᾤετο),
490 3827 744 3889 ποικίλως
791 3828 1054 3885 ἑθώπευεν
1116 3829 1246 3886 αὐτὰ
1288 3829 1377 3884 καὶ
1418 3827 1686 3906 ὑπέρχετο
1743 3826 1900 3884 τέκνα

246 3918 433 3975 καλῶν
463 3966 480 3992 ,
535 3919 621 3974 καὶ
693 3916 849 3984 ἤθους
925 3919 1167 3993 γενναίου
1230 3915 1426 3981 παῖδας
1463 3964 1478 3989 ,
1552 3917 1638 3972 καὶ
1694 3917 1900 3995 φύσεως

253 4009 477 4083 ἀρίστης
553 4007 734 4087 ψυχὰς
774 4055 789 4081 ,
847 4009 934 4062 καὶ
1008 4009 1267 4085 χρήματα
1338 4005 1509 4070 διδοὺς
1583 4007 1671 4061 mi
1740 4007 1897 4080 τιμὰς

247 4097 702 4178 ὑπισχνούμενος,
767 4095 862 4152 καί
921 4094 1150 4160 πολλοῖς
1216 4109 1490 4175 τρυφεροῖς
1563 4097 1693 4171 πρὸς
1768 4096 1899 4154 αὐτὰ

248 4190 345 4244 καὶ
379 4186 694 4248 ιολακικοῖς
728 4198 846 4249 τοῖς
874 4184 1074 4262 ῥήμασι
1107 4187 1412 4265 χρώμενος.
1468 4186 1543 4243 Τὰ
1573 4183 1650 4258 δὲ,
1683 4186 1757 4249 ὼς
1811 4185 1899 4264 ὕφ’

251 4275 337 4333 ἐνί
397 4274 642 4350 λογισμῶ
686 4278 771 4330 καὶ
827 4275 1045 4353 γλάτττ,
1105 4283 1230 4350 μιᾷ,
1288 4275 1466 4353 Δόλιε,
1524 4274 1760 4352 λέγουσι,
1811 4277 1898 4331 καὶ

249 4372 544 4442 πανοῦργε,
589 4367 638 4420 τί
681 4363 864 4439 δέλεαρ
921 4367 1058 4438 ἡμῖν
1105 4374 1268 4422 ταῦτα
1327 4364 1644 4442 προτείνεις,
1691 4363 1891 4421 σδλλα-

249 4453 372 4512 δεῖν
423 4455 517 4510 οἶα
549 4453 788 4530 στρουθία
821 4453 885 4529 τῇ
929 4455 1108 4530 παγίίῖι
1146 4453 1469 4531 βουλόμενος
1503 4472 1520 4528 ;
1556 4457 1662 4512 Οὔκ
1719 4453 1887 4531 ἀρνη-

249 4544 453 4618 σόμεθα
513 4565 595 4615 σε,
654 4549 824 4622 μ’ξ,τερ
871 4541 1239 4624 Εὐσέϐεια,ο·5
1296 4542 1598 4620 ψειδσύμεθά
1658 4564 1738 4616 σε,
1773 4542 1887 4622 φίλε

246 4631 501 4690 παιδευεὸ.
565 4629 798 4688 Bai-3:511.
863 4634 979 4712 Οὒχ
1016 4635 1222 4710 αἱρήσει
1278 4631 1526 4710 βασιλεὺς
1569 4633 1711 4706 ἡμᾶς
1770 4631 1885 4691 οὒδὲ

239 4726 353 4793 εἷς,
414 4721 512 4777 κᾶν
583 4723 626 4778 εἰ
698 4723 785 4778 καὶ
853 4722 1038 4779 πολλὼ
1113 4728 1468 4801 Νουμεριανοῦ
1543 4718 1888 4800 σφοδρότερον

238 4812 506 4871 πνεύσειε.

326 4990 440 5051 Μ’.
480 4999 652 5048 Ταῦτα
685 4999 788 5047 τῶν
825 4991 1025 5047 παίδων
1068 4994 1302 5073 ἰσχυρῶς
1341 4995 1467 5069 πρὸς
1519 4995 1606 5050 τὸν
1639 4994 1886 5072 τύραννον

236 5079 670 5154 διατεινομένων,
706 5083 791 5137 καὶ
836 5082 976 5158 μέγα
1027 5082 1302 5158 βοώντων,
1353 5082 1379 5138 ὃ
1437 5096 1654 5159 γενναῖς
1715 5080 1886 5139 Βαϐύ-

241 5169 338 5230 λας
388 5171 472 5225 καὶ
529 5169 694 5234 ὄντως
753 5169 967 5226 ἐκείνων
1027 5168 1364 5243 διδάσιιαλυς,
1425 5171 1652 5238 πλησίον
1708 5172 1762 5227 ἐν
1805 5175 1882 5246 τῷ

1002 3204 1106 3256 τῶν
1169 3208 1276 3256 σῶν
1336 3209 1606 3280 τιμωριῶν
1657 3221 1908 3278 στίγμασι

2006 3227 2108 3269 nos
2151 3217 2378 3280 autem,
2417 3215 2702 3284 tanquam
2754 3206 2961 3267 vernis
3002 3204 3275 3281 floribus,
3308 3206 3643 3288 supplicio-

1994 3317 2128 3360 rum
2164 3297 2464 3357 variamur
2496 3293 2893 3374 stigmatibus.

2074 3385 2236 3451 XIII.
2275 3383 2682 3448 Numerianus
2700 3393 2900 3446 autem
2922 3403 3056 3446 cum
3083 3402 3184 3445 eos
3206 3401 3323 3445 una
3347 3403 3479 3446 cum
3514 3403 3642 3447 ma-

1990 3478 2181 3558 gistrp
2216 3476 2383 3537 illinc
2408 3472 3064 3554 deduxisset,Babylam
3089 3473 3328 3553 quidem
3363 3493 3549 3556 prope
3575 3495 3640 3538 se

1989 3566 2204 3628 ferreis
2237 3565 2356 3626 illis
2387 3565 2653 3625 vinctum
2683 3564 2955 3639 vinculis,
2993 3562 3248 3624 includit
3278 3562 3338 3624 in
3385 3565 3637 3644 quadam

1989 3655 2538 3717 domuncula.Cum
2561 3671 2784 3734 pueros
2801 3662 3001 3714 autem
3028 3653 3102 3714 ad
3133 3671 3198 3715 se
3228 3663 3497 3716 curasset
3525 3656 3634 3716 ad-

1989 3743 2302 3806 ducendos
2321 3742 2589 3823 (putabat
2617 3741 2780 3804 enim
2813 3760 2879 3805 se
2902 3742 3139 3804 facilius
3157 3760 3259 3804 eos
3286 3760 3418 3804 esse
3449 3761 3634 3824 supe-

1985 3842 2249 3895 raturum
2279 3840 2525 3913 propter
2554 3831 2744 3894 aetatis
2776 3831 3271 3912 teneritudinem)
3294 3833 3546 3894 includit
3573 3835 3633 3897 in

1984 3924 2098 3985 alia
2121 3922 2486 3986 donuncula:
2525 3929 2586 3984 et
2605 3921 2768 3984 varie
2792 3923 2877 3983 eis
2909 3921 3350 3996 assentabatur,
3378 3930 3434 3982 et
3456 3921 3631 3984 blan-

1985 4012 2286 4085 diebatur,
2315 4021 2370 4072 et
2405 4030 2468 4072 se
2501 4011 2589 4072 eis
2619 4009 2986 4084 insinuabat,
3009 4028 3113 4071 eos
3141 4027 3357 4072 vocans
3389 4010 3634 4085 ﬁlios,et

1985 4102 2242 4182 egregia:
2275 4101 2494 4162 indolis
2525 4119 2745 4180 pueros
2770 4108 2826 4162 et
2855 4099 3126 4180 praeclari
3159 4098 3408 4175 ingenii,
3444 4098 3630 4162 dans-

1983 4211 2099 4271 que
2132 4193 2222 4253 eis
2255 4189 2537 4271 pecunias
2568 4198 2625 4252 et
2673 4189 2936 4252 honores
2969 4189 3283 4269 pollicens,
3310 4188 3630 4271 multisque

1979 4279 2218 4343 blandis
2253 4290 2313 4342 et
2343 4278 2624 4341 dulcibus
2654 4278 2854 4341 verbis
2887 4279 3042 4361 apud
3080 4297 3184 4340 eos
3214 4277 3507 4342 utens.Illi
3529 4299 3627 4341 au-

1979 4380 2122 4447 tem,
2158 4370 2338 4433 veluti
2362 4390 2480 4433 una
2506 4379 2707 4432 mente
2738 4380 2796 4432 et
2826 4389 2944 4431 uno
2969 4387 3096 4431 ore:
3122 4369 3363 4444 Dolose,
3388 4369 3620 4447 dicunt,

1979 4471 2038 4524 et
2065 4461 2546 4540 malitiose,quod
2574 4461 2699 4522 haec
2724 4459 3209 4540 nobis,tanquam
3247 4475 3446 4520 escam
3480 4478 3620 4539 por-

1915 4523 2142 4631 Drigis,
2175 4543 2384 4612 volens
2408 4523 2547 4623 inos,
2585 4559 2867 4629 tanquam
2905 4523 3178 4629 passeres
3207 4547 3436 4629 laqueo
3465 4523 3625 4612 dom-

1973 4640 2377 4721 prehendere.
2402 4640 2535 4702 Non
2571 4647 2627 4700 te
2660 4636 3040 4716 negabimus,
3079 4646 3270 4699 mater
3301 4637 3490 4716 pietas
3511 4640 3618 4718 (6),

1971 4729 2102 4792 Non
2137 4739 2191 4790 te
2222 4729 2521 4804 fallemus,
2548 4729 2730 4790 chare
2757 4728 2972 4789 doctor
3001 4725 3242 4806 Babyla.
3281 4727 3492 4790 Nullus
3513 4747 3622 4791 nos

1971 4821 2169 4899 capiet
2221 4818 2576 4899 imperator,
2634 4818 2868 4880 etiamsi
2929 4816 3297 4879 Numeriano
3355 4817 3617 4879 furorem

1970 4907 2686 4990 spiraritAvohementius.

2030 4988 2328 5052 XlVJIznc
2351 4990 2505 5070 apud
2533 4997 2844 5068 tyrannum
2874 4987 3073 5068 pueris
3093 4988 3620 5061 afﬁrmantibus,et

1972 5097 2185 5158 magna
2211 5098 2354 5140 voce
2377 5077 3088 5156 clamantibus,egregius
3117 5075 3452 5158 Babylas,et
3479 5096 3618 5140 vere

1970 5168 2207 5230 illorum
2225 5165 2544 5250 magister,
2570 5167 2674 5249 qui
2696 5175 2825 5228 erat
2845 5167 3114 5229 inclusus
3137 5169 3194 5229 in
3221 5167 3612 5244 domuncula,

239 5261 459 5332 οίκίσκῳ
518 5258 1022 5336 συγκεκλσισμὲνος,
1057 5263 1142 5316 καὶ
1177 5261 1362 5317 τούτου
1408 5260 1616 5317 diro-Sum
1675 5263 1880 5336 μεστὴν

2006 5267 2025 5320 ι
2079 5278 2183 5319 eos
2216 5259 2519 5333 audiebat,
2555 5265 2800 5340 propter
2829 5257 2956 5320 haac
3015 5257 3128 5320 fuit
3159 5275 3372 5335 magna
3422 5259 3616 5341 reple-

236 5349 400 5428 εἶχεν
461 5346 652 5416 ﬁeri":
710 5350 808 5416 τὴν
853 5351 1038 5428 ψυχὴν
1091 5365 1208 5412 τοῖς
1267 5357 1514 5427 παροΰσι,
1562 5352 1648 5406 καὶ
1705 5351 1875 5408 οὖκέτι

2006 5367 2057 5410 lS
2089 5347 2294 5410 laetitia
2328 5369 2342 5430 ;
2379 5366 2574 5430 neque
2605 5354 2734 5410 erat
2755 5347 3015 5429 amplius
3036 5348 3112 5410 de
3138 5347 3334 5411 futuro
3368 5348 3611 5424 dubius,

232 5435 321 5494 ἔπ’
383 5435 664 5515 ἀμφιϐόλῳ
707 5439 782 5514 τῷ
843 5437 1094 5514 μέλλοντι
1134 5441 1224 5513 ἠν,
1259 5438 1420 5518 ἀλλὰ,
1455 5440 1610 5519 Εὖγε,
1643 5443 1688 5495 ὦ
1734 5441 1872 5519 φίλοι

2006 5438 2088 5502 ad:
2115 5437 2302 5517 Euge,
2326 5438 2630 5514 dicebat,o
2659 5436 2824 5500 chari
2849 5439 3037 5520 pueri!
3068 5457 3239 5521 euge,
3261 5457 3394 5502 mea
3425 5439 3610 5502 disci-

313 5597 398 5678 t6)
427 5595 634 5660 Graece
666 5604 836 5678 μῆτερ
872 5596 1144 5660 Bassam.
1185 5598 1277 5659 An
1312 5595 1427 5663 hoc
1460 5602 1665 5662 matris
1699 5600 1893 5682 potius
1925 5618 2149 5662 nomen
2181 5616 2354 5685 quam
2389 5596 2746 5660 Theodula?
