3996 6178
425 278 544 347 979
1722 279 2007 345 MENSIS
2043 280 2500 344 JANUARIUS.
3677 276 3788 344 980

431 415 615 498 plina!
641 413 872 498 accipio
906 410 1248 477 mercedem
1279 427 1429 475 mea
1455 410 2110 494 educationis,colligo.

2211 405 2379 486 αἶ’δες,
2442 413 2647 492 ἔλεγεν,
2711 414 2855 488 εὖγε,
2912 411 2968 467 ὦ·
3014 408 3234 466 παιδεία
3291 411 3426 483 ἐμή⁸
3499 408 3687 489 ἀπέχω
3736 414 3793 466 τὰ

433 507 698 587 majores
727 507 958 568 fructus
989 503 1289 565 laborum.
1313 506 1442 580 Ago
1475 501 1584 562 tibi
1616 504 1860 581 gratias,
1886 505 2086 566 divina

2202 519 2412 584 ροφεϊα,
2465 505 2709 578 μείζονας
2769 505 2872 557 τῶν
2941 501 3114 556 πόνων
3174 498 3441 573 δρέπομαι
3506 501 3625 562 τοὺς
3678 524 3796 572 καρ-

432 597 495 658 in
529 615 638 658 nos
685 595 1082 678 providentia,
1116 592 1272 673 quod
1322 610 1416 653 me
1445 591 1691 670 dignum
1743 597 2082 670 censueris,

2202 596 2321 657 τούς.
2389 596 2704 673 Εὖχαριστῶ
2747 615 2850 658 σοι,
2886 592 2996 646 θεία
3041 591 3147 645 τῶν
3207 591 3324 654 περὶ
3371 592 3526 664 ἡμᾶς
3574 591 3797 664 Πρόνοια,

431 687 537 766 qui
565 703 814 748 vocarer
847 684 1128 763 magister
1158 680 1387 760 talium,
1424 699 1544 742 non
1592 700 1948 762 puerorum,
1981 684 2085 746 sed

2202 707 2251 740 τι
2306 685 2560 740 τοιούτων
2619 704 2686 755 με
2756 679 3020 747 κληθῆναι
3093 678 3412 735 διδάσκαλον
3492 679 3805 744 κατηξίωσας

433 776 677 838 fortium
733 775 931 856 potius
981 774 1301 850 virorum;
1351 789 1472 832 non
1525 778 1697 834 atate
1745 772 2085 848 infantium,

2203 777 2231 830 ὖ
2274 773 2498 843 παίδων,
2553 771 2674 827 ἀλλ’
2733 770 3013 848 ἀριστέων,
3048 773 3108 828 οὗ
3165 769 3371 835 νηπίων
3438 771 3543 836 τὴν
3598 767 3809 847 ἡλικίαν,

435 866 540 928 sed
576 867 795 927 virtute
826 863 1257 944 perfectorum.

2202 863 2312 919 ιλλὰ
2355 861 2569 918 τελείων
2602 861 2698 925 τὴν
2730 859 2946 934 ἀρετήν,

516 954 900 1018 Χν.1ηιθι·ἰῐη
935 961 1134 1014 autem
1168 970 1304 1014 eum
1337 970 1579 1032 quoque
1609 951 1738 1014 sisti
1769 962 1940 1016 curat
1968 952 2089 1014 Nu-

438 1042 1077 1108 merianuszetzNonne
1105 1049 1249 1104 sunt
1270 1041 1705 1122 tui,inquit,isti
1728 1041 2090 1123 pueri?nam,

438 1153 548 1216 per
595 1135 823 1207 Jovem,
862 1141 1002 1194 sunt
1053 1131 1151 1193 isti
1200 1131 1307 1192 tibi
1363 1131 1667 1193 sententia
1695 1131 1880 1194 animi
1923 1130 2092 1192 valde

439 1223 696 1287 similes.
721 1223 829 1286 Ille
857 1230 1054 1284 autem
1092 1239 1106 1283 :
1144 1219 1395 1302 Spiritu,
1432 1222 1645 1301 inquit,
1669 1241 1704 1284 ο
1737 1223 2088 1302 imperator,

440 1321 582 1376 sunt
613 1313 743 1388 ﬁlii,
773 1331 892 1374 non
918 1329 1125 1392 carne;
1147 1310 1427 1392 corporei
1459 1310 1618 1372 enim
1652 1313 1874 1374 amoris
1906 1321 1963 1371 et
1993 1329 2095 1370 cu-

439 1403 582 1466 bilis
611 1420 856 1465 sensum
910 1401 981 1462 ad
1016 1401 1129 1462 hoc
1175 1419 1364 1482 usque
1396 1408 1634 1481 tempus
1663 1420 1781 1462 non
1823 1397 2091 1482 percepi.

443 1491 561 1556 Sed
585 1510 694 1555 cur
716 1510 859 1566 non,
888 1491 1086 1572 inquit
1114 1489 1550 1560 Numerianus,
1576 1489 1693 1550 cito
1722 1489 2090 1567 sacriﬁcans,

444 1591 506 1644 et
536 1589 594 1645 te
625 1590 684 1644 et
717 1599 829 1642 nos
859 1579 1080 1641 liberas
1100 1598 1133 1640 a
1165 1578 1484 1641 molestiis?
1504 1577 1609 1641 Sin
1639 1587 1841 1642 autem
1873 1597 1991 1639 non
2019 1579 2095 1638 si-

447 1679 597 1734 nunt
617 1688 705 1733 ea
726 1687 862 1748 qua
886 1676 1330 1746 pracesserunt
1353 1667 1664 1742 molestia,
1689 1668 1792 1730 sed
1823 1667 2098 1728 mordent

2260 952 2374 1012 IE'.
2437 955 2536 1010 Καὶ
2585 949 2779 1024 μεταξὺ
2839 950 3125 1026 παρίστησι
3165 949 3252 1005 καὶ
3301 951 3472 1006 αὐτὸν
3539 959 3813 1022 Νουμερια-

2177 1048 2290 1116 νὸς,
2325 1044 2438 1120 καὶ,
2471 1035 2603 1114 Ἀρα
2648 1039 2771 1118 οὒχὶ
2800 1040 2866 1095 σά
2921 1039 3032 1095 ἐστι
3077 1041 3224 1094 ταυτὶ
3255 1040 3318 1094 τᾶ
3378 1037 3584 1094 παιδία
3625 1057 3641 1111 ;
3685 1040 3811 1117 ῳησί,

2178 1135 2256 1200 Νὴ
2320 1143 2414 1186 Δια
2446 1146 2529 1207 γε’

2175 1221 2254 1293 δὲ,
2306 1227 2392 1293 Τῷ
2449 1219 2732 1292 πνεύματι,
2787 1217 3027 1296 βασιλεῦ,
3081 1217 3202 1294 ἔφη,
3258 1222 3348 1271 καὶ
3401 1218 3468 1272 οὔ
3532 1219 3602 1292 τῇ
3663 1217 3816 1292 σαρκί⁹

2177 1311 2372 1386 ἔρωτος
2401 1309 2501 1386 γὰρ
2559 1306 2668 1384 ἐγὼ
2696 1306 3004 1380 σωματικοῦ
3058 1308 3130 1369 εἰς
3162 1305 3279 1362 τόδε
3324 1309 3540 1385 χρόνου
3575 1308 3664 1362 καὶ
3717 1309 3816 1361 κοί-

2594 1130 2729 1185 πάνυ
2761 1130 2858 1206 γάρ
2916 1151 2997 1185 σοι
3028 1128 3126 1195 τὴν
3185 1129 3416 1204 γνώμην
3465 1128 3727 1187 ἐοίκασιν.
3769 1130 3816 1183 Ὀ

2176 1422 2276 1464 της
2335 1396 2614 1472 ἄγευστος,
2649 1395 2816 1452 Ἀλλὰ
2848 1405 2894 1450 τι
2925 1400 3002 1467 μη
3030 1399 3218 1451 θᾶττον
3273 1398 3470 1474 θύσας,
3505 1400 3653 1474 φησι
3699 1405 3819 1452 Νου-

2179 1489 2450 1565 μεριανος,
2485 1487 2814 1562 πραγμάτων
2852 1488 2940 1540 καὶ
2972 1487 3162 1542 σαυτὸν
3211 1487 3303 1541 καῖ
3334 1489 3493 1559 ἡμᾶς
3559 1484 3823 1539 ἀπαλλατ-

2177 1600 2286 1642 τεις
2323 1595 2338 1653 ;
2375 1579 2432 1634 Εἰ
2475 1574 2528 1631 δὲ
2573 1577 2636 1633 τὰ
2667 1572 3005 1649 προλαϐόντα
3051 1574 3194 1631 δεινὰ
3221 1575 3316 1633 όιῖικ
3346 1577 3436 1646 ἒᾷ,
3478 1573 3628 1629 ἀλλὰ
3671 1571 3824 1629 δάκνει

2177 1669 2266 1724 καὶ
2320 1665 2476 1738 ὀδυνᾷ
2535 1666 2620 1720 καὶ
2678 1666 2750 1728 εἰς
2816 1664 2965 1719 ἀνίαν
3021 1663 3298 1738 ἓμϐἀλλειο
3376 1664 3529 1720 ἄλλά
3589 1664 3826 1735 δυναίμην

445 1779 515 1822 ac
537 1759 891 1823 excruciant
912 1766 970 1820 et
987 1758 1260 1820 dolorem
1282 1758 1631 1818 aﬁ‘erunt:at
1653 1776 1762 1836 ego
1777 1767 1832 1818 te
1850 1774 2093 1836 possum

2202 1757 2246 1812 iv
2302 1756 2473 1834 ἔγωγε
2505 1755 2708 1828 μείζοσί
2736 1775 2793 1809 σε
2828 1753 3014 1827 πολλῷ
3057 1758 3144 1810 καὶ
3173 1754 3382 1812 πλείοσι
3431 1769 3562 1814 τοῖς
3596 1774 3825 1832 χρηστο-

445 1849 823 1912 remunerari
851 1849 1029 1926 longe
1060 1846 1333 1928 pluribus
1357 1855 1415 1907 et
1449 1846 1782 1926 majoribus
1811 1845 2011 1913 bonis.
2045 1852 2104 1905 et

2202 1849 2356 1924 ιέροις
2416 1846 2740 1918 ἀμείψασθα,
2790 1845 2877 1900 καὶ
2935 1847 3008 1908 εἰς
3067 1843 3236 1912 λήθην
3297 1846 3526 1900 ἐκείνων
3591 1844 3825 1921 ἁφαγεῖν.

447 1939 738 2002 inducere
763 1938 835 2000 ad
859 1938 1096 2000 illarum
1128 1935 1768 2000 oblivionem.Deinde
1793 1935 2108 1997 videbatur

449 2029 627 2091 etiam
668 2029 726 2092 ei
777 2029 998 2088 bonum
1035 2025 1181 2087 dare
1214 2024 1536 2087 consilium
1573 2025 1644 2086 ad
1675 2044 1744 2088 ea
1775 2045 1906 2104 qua
1935 2033 2109 2087 erant

450 2121 1077 2195 proposita:0porteret
1100 2129 1314 2187 autem,
1341 2119 1599 2188 dicens,o
1625 2121 1918 2190 magister,
1945 2129 2106 2174 tuam

457 2205 734 2268 canitiem
759 2221 1084 2284 suggerere
1104 2221 1431 2284 puerorum
1458 2204 1614 2265 atati
1639 2203 1697 2264 id
1729 2202 1889 2283 quod
1911 2203 2106 2263 decet.

461 2305 522 2358 et
546 2295 636 2358 eis
659 2295 1050 2376 persuadere,
1078 2312 1153 2356 ne
1173 2292 1326 2354 adeo
1361 2292 1870 2372 intempestive,et
1895 2292 1954 2352 in
1979 2291 2108 2371 ipso

458 2387 610 2450 ﬂore
661 2391 1034 2448 marcescant
1088 2382 1542 2444 miserabiliter.
1604 2382 1854 2444 Divinus
1911 2390 2106 2442 autem

466 2474 738 2556 Babylas,
773 2474 986 2537 videns
1017 2472 1180 2534 illam
1214 2471 1564 2534 Numeriani
1611 2471 2100 2542 sollicitudinem,

463 2576 525 2626 et
554 2566 616 2626 in
651 2583 717 2626 se
741 2564 938 2645 ipsum
973 2571 1032 2625 et
1053 2562 1112 2623 in
1139 2580 1357 2639 pueros
1378 2569 1786 2641 comparatam
1817 2560 2106 2622 callidita-

461 2663 582 2716 tem
618 2671 631 2716 :
667 2654 934 2734 Videris,
967 2651 1188 2732 inquit,
1222 2670 1256 2713 o
1282 2651 1634 2731 imperator,
1666 2652 1861 2712 valere
1886 2650 2108 2730 jubens

460 2742 777 2813 Barbaros,
803 2761 940 2804 cum
995 2741 1213 2822 quibus
1247 2749 1305 2802 te
1355 2742 1612 2802 maxime
1642 2748 1944 2820 oporteret
1974 2740 2107 2802 bel-

462 2832 586 2895 lum
614 2839 921 2910 gerere,et
949 2830 1215 2891 externis
1237 2830 1402 2891 curis
1424 2829 1712 2905 dimissis,
1737 2831 1798 2890 in
1831 2847 1942 2891 nos
1967 2829 2105 2890 uni-

465 2939 707 2983 versum
731 2919 1104 2983 convertisse
1124 2919 1542 2994 studium;non
1567 2937 1638 2980 eo
1664 2927 1823 2980 tuum
1844 2919 2111 2997 dirigens

465 3019 839 3091 apparatum,
874 3018 938 3070 ut
963 3019 1074 3071 tua
1095 3027 1255 3070 cura
1278 3008 1353 3069 iis
1384 3007 1733 3089 prosintqui
1768 3017 1867 3069 tuo
1901 3019 2114 3088 parent.

464 3099 722 3194 imperio
755 3121 776 3194 ;_
805 3101 910 3163 sed
939 3107 1000 3159 ut
1029 3107 1324 3194 tormenta
1356 3098 1679 3194 excogites,
1716 3115 1822 3178 per
1850 3116 1980 3180 qua
2009 3098 2113 3157 ira
2131 3143 2174 3194 ο

465 3196 582 3250 tua
612 3187 924 3266 indulgeas
957 3196 1014 3249 et
1042 3187 1264 3248 feritati
1297 3187 1578 3249 naturali.

547 3274 702 3339 XVI.
739 3275 845 3339 His
876 3284 1000 3339 toto
1033 3277 1218 3338 corde
1249 3275 1549 3338 ebulliens
1601 3284 1660 3338 et
1688 3277 1970 3338 incensus
2001 3274 2118 3336 Nu-

473 3368 800 3442 merianus,
831 3367 1006 3446 jubet
1035 3366 1106 3427 ad
1143 3375 1395 3427 mortem
1430 3374 1595 3428 recta
1637 3365 1775 3428 duci
1805 3373 2116 3446 martyres.

465 3457 659 3536 Atque
691 3455 779 3516 illi
833 3456 1075 3536 quidem
1141 3453 1517 3516 ducebantur
1560 3454 1847 3534 latantes,
1882 3463 1940 3515 et
1997 3457 2120 3516 hac

464 3546 673 3624 lingua
726 3550 979 3606 canebat
1009 3561 1143 3606 cum
1187 3542 1402 3621 gaudio
1438 3564 1451 3607 :
1515 3544 1896 3616 Benedictus,
1930 3543 2112 3625 Deus,

465 3636 566 3715 qui
602 3634 741 3695 olim
775 3632 1016 3712 quidem
1044 3649 1112 3694 ex
1146 3631 1476 3694 infantibus
1511 3641 1569 3694 et
1600 3632 1964 3695 lactentibus
1998 3633 2119 3693 Iau-

465 3723 603 3785 dem
641 3723 948 3802 perfecisti
984 3740 1000 3795 ;
1054 3740 1213 3783 nunc
1263 3730 1462 3785 autem
1498 3741 1566 3784 ex
1618 3723 1972 3795 infantibus,
2007 3721 2118 3784 etsi

467 3829 590 3872 non
650 3809 1038 3882 lactentibus,
1074 3820 1132 3871 et
1193 3829 1262 3872 ex
1326 3829 1474 3872 cano
1534 3829 1680 3873 sene
1730 3811 2115 3887 sacrificium,

467 3900 819 3979 sanguinem
854 3917 1060 3960 eorum
1097 3900 1343 3978 accipis.
1378 3899 1484 3961 His
1517 3917 1679 3977 ergo,
1708 3909 1769 3962 et
1797 3901 1893 3978 (Ἰ)
1924 3900 2122 3961 multis

464 3988 602 4052 aliis
649 3997 1043 4050 contexentes
1086 3988 1407 4066 gratiarum
1467 3990 1791 4069 actionem,
1825 4007 2118 4070 pervene-

465 4087 607 4140 runt
663 4077 737 4139 ad
792 4078 990 4140 locum
1052 4077 1342 4158 martyrii.
1397 4077 1466 4139 Et
1524 4097 1656 4140 cum
1704 4088 2122 4141 sacrosanctos

466 4179 608 4231 ante
664 4186 729 4229 se
763 4185 987 4248 pueros
1041 4169 1348 4228 statuisset
1389 4169 1456 4230 B.
1519 4167 1786 4249 Babylas,
1822 4167 1956 4229 illos
1997 4187 2120 4230 sua

469 4259 760 4322 doctrina
791 4257 1110 4339 pulchrum
1145 4256 1402 4319 fructum
1435 4257 1556 4320 Duo
1589 4257 1822 4320 obtulit.

532 4435 718 4500 XVII.
742 4435 1062 4516 Postquam
1090 4443 1289 4497 autem
1316 4435 1452 4497 illos
1481 4434 1625 4496 vidit
1653 4444 2117 4511 consummatos,

2190 1941 2325 1993 Εἶτα
2397 1936 2484 1990 καὶ
2527 1931 2822 2006 σύμϐουλος
2881 1933 3024 2004 αύτῷ
3070 1931 3239 1988 ἐδόκει
3311 1935 3570 2011 χρηστὸς
3646 1935 3717 1991 εἰς
3781 1933 3834 1986 τὲ

2191 2025 2516 2101 προκείμενα
2572 2022 2828 2100 γίνεσθαι·
2883 2021 3084 2099 Ἐχρῆν
3142 2021 3195 2076 δὲ
3268 2021 3388 2096 ἄρα,
3448 2022 3655 2097 λέγων,
3701 2019 3832 2074 διδα-

2193 2112 2381 2192 σκαλε,
2416 2113 2510 2178 τὴν
2569 2111 2670 2177 σὴν
2701 2109 2890 2166 πολιὰν
2921 2116 2988 2184 τῇ
3021 2113 3126 2165 τῶν
3183 2108 3382 2166 παίδων
3414 2109 3614 2182 ἡλικίᾳ
3646 2112 3705 2164 τὸ
3735 2108 3832 2162 δέον

2189 2205 2488 2272 ὑποθεῖναι,
2549 2203 2634 2256 καὶ
2709 2214 2892 2256 πεῖσαι
2949 2200 3026 2272 μὴ
3099 2199 3270 2276 ἄωρον
3340 2200 3490 2256 οὕτω
3567 2201 3657 2254 καὶ
3728 2197 3831 2272 παρ’

2191 2292 2355 2359 αὐτὴν
2413 2292 2511 2356 τὴν
2570 2289 2701 2355 ἄνθη
2764 2287 3005 2349 ἐλεεινῶς
3065 2287 3540 2367 ἆπομαρανθῆναι.
3611 2279 3668 2345 t0
3712 2292 3835 2349 θεῖος

2188 2384 2355 2439 τοίνυν
2418 2377 2655 2442 Βαεύλας
2702 2379 2762 2433 τὸ
2814 2376 3066 2451 ἐπιμελὲς
3112 2378 3288 2432 ἐκεῖνο
3335 2377 3712 2455 Νουμεριανοῦ
3762 2378 3832 2432 καὶ

2188 2469 2371 2532 δεινῶς
2431 2469 2728 2543 πανοῦργον
2760 2467 2876 2542 περὶ
2931 2467 3086 2522 αὒτὸν
3129 2469 3216 2522 καὶ
3274 2469 3398 2530 τοὺς
3431 2467 3645 2528 παῖδας
3702 2465 3830 2537 ἰδὼν,

2188 2560 2436 2631 »νΕοιχας,
2469 2557 2594 2637 ἔφη,
2630 2555 2872 2632 βασιλεῦ,
2905 2557 2968 2610 τὰ
3017 2559 3147 2633 πρὸς
3194 2558 3314 2619 τοὺς
3363 2557 3679 2634 Βαρϐάρους
3714 2557 3827 2634 χαί.

2191 2671 2298 2726 ρειν
2331 2650 2514 2722 ἱάσας,
2550 2651 2636 2710 οἷς
2687 2668 2746 2701 σε
2779 2646 2992 2702 πάντων
3032 2648 3262 2719 μάλιστα
3310 2646 3590 2719 πολεμεῖν
3622 2647 3824 2724 ἐρχρὴν,

2190 2741 2278 2795 καὶ
2321 2738 2459 2800 ὅλως
2499 2743 2603 2793 τῶν
2647 2734 2819 2800 ἕξοθεν
2868 2733 3153 2812 φροντίδων
3197 2736 3492 2814 ἀφέμενος,
3530 2737 3631 2802 τὴν
3675 2742 3823 2790 σπου-

2193 2827 2288 2893 δὴν
2357 2828 2568 2883 ἃπασαν
2639 2824 2720 2903 ἐφ’
2791 2827 2937 2899 ἡμᾶς
3007 2825 3293 2902 τρέψασθαι
3349 2829 3440 2882 καὶ
3512 2826 3618 2893 τήν
3673 2846 3826 2900 παρα·

2194 2917 2412 2996 σκευὴν,
2447 2917 2550 2993 οὔχ
2603 2914 2748 2977 ὅπως
2779 2913 3066 2992 ὠφελήσῃς
3100 2937 3148 2970 τι
3211 2917 3269 2970 τὸ
3300 2917 3545 2982 ξιπήκοον
3579 2914 3664 2971 διὰ
3693 2915 3822 2989 μερί-

2194 3030 2334 3082 μνης
2387 3006 2679 3078 τιθέμενος,
2713 3002 2833 3059 ἁλ)’
2862 3003 2999 3061 ὥστε
3047 3004 3291 3080 βασάνων
3322 3004 3515 3061 λαϐεῖν
3581 3005 3822 3083 ἀφορμὰς,

2196 3095 2263 3152 δι’
2322 3098 2394 3151 ὧν
2425 3096 2486 3151 ἃν
2546 3099 2621 3167 τῷ
2679 3097 2826 3168 θυμῷ
2883 3095 3086 3172 χαρίσῃ
3145 3095 3231 3149 καὶ
3286 3100 3354 3170 τῇ
3403 3100 3610 3173 φυσικῇ
3663 3094 3824 3170 ἀγριό-

2199 3209 2345 3254 τητμ

2283 3273 2406 3349 ις’.
2475 3275 2692 3339 Τούτοις
2752 3271 2886 3338 ὅλῆν
2949 3271 3233 3350 ὑπερζέσας
3305 3273 3406 3339 τὴν
3478 3271 3697 3341 καρδίαν
3758 3268 3826 3325 καί

2203 3363 2526 3444 ἀναφλεγεῖς
2600 3363 2983 3440 Νουμεριανὸς,
3042 3361 3258 3438 ἄγεσθαι
3328 3363 3430 3429 τὴν
3490 3363 3578 3419 ἐπὶ
3646 3359 3829 3427 θανάτῳ

2203 3454 2406 3510 κελεύει
2451 3453 2570 3516 τεὺς
2615 3453 2910 3530 μάρτυρας,
2943 3453 3002 3508 Οἱ
3057 3450 3156 3525 μὲν
3184 3449 3248 3517 δὴ
3284 3453 3594 3530 χαίροντες,
3629 3449 3822 3525 ἤγοντο,

2201 3545 2286 3600 καὶ
2326 3545 2357 3610 ἡ
2387 3541 2602 3621 γλῶττα
2653 3539 2926 3616 ὒπὲψαλλε
2958 3547 3122 3596 ταῦτα
3178 3541 3268 3596 σῖιν
3299 3539 3493 3617 ἡδονῇ·
3546 3538 3824 3613 Εὐλογητὸς

2201 3637 2275 3708 εἷ,
2312 3635 2340 3688 ὁ
2399 3634 2552 3710 Θεὸς,
2587 3633 2614 3687 ὁ
2671 3629 2835 3686 πάλαι
2866 3631 2965 3703 μὲν
3018 3629 3080 3686 ἐκ
3134 3631 3334 3695 νηπίων
3365 3634 3456 3688 καὶ
3509 3629 3824 3698 θηλαζόντων

2202 3722 2354 3778 αἶνον
2413 3734 2890 3797 καταρτισαμενος’
2926 3724 3012 3773 νῦν
3061 3717 3115 3773 δὲ
3167 3719 3227 3774 ἐκ
3281 3721 3512 3793 νηπίων,
3547 3715 3706 3774 εἰκαί
3754 3713 3818 3787 μὴ

2201 3811 2566 3881 θηλαζόντων,
2599 3809 2688 3865 καὶ
2734 3807 2928 3864 πολιοῦ
2976 3807 3221 3885 γέροντος
3277 3809 3458 3864 θυσίαν
3517 3809 3582 3863 τὰ
3638 3804 3819 3877 α’ἷματα

2203 3901 2376 3957 αὐτῶν
2447 3897 2902 3976 προσδεχόμενος,
2993 3899 3206 3959 Τούτοξς
3280 3897 3369 3955 οὗν
3451 3897 3548 3953 καί
3615 3892 3814 3951 πολλοῖς

2201 3989 2386 4052 ἄλλοις
2448 3987 2826 4048 διαπλέκοντες
2857 3988 2958 4053 τὴν
3017 3987 3386 4066 εὐχαριστίαν,
3420 3989 3513 4042 τὸν
3559 3993 3646 4042 τοῦ
3692 4001 3812 4056 μαρ-

2203 4083 2377 4159 τυρίου
2442 4077 2605 4134 τόπον
2667 4075 2986 4138 κατέλαϐον,
3040 4078 3134 4134 Καὶ
3175 4074 3310 4142 δῆτα
3370 4078 3493 4138 τοὺς
3544 4067 3809 4152 ἱερόπαιδας

2203 4172 2231 4226 ὁ
2289 4169 2549 4245 μακάριος
2623 4165 2864 4229 Βαϐύκας
2910 4168 3101 4222 ἑαυτοῦ
3155 4166 3592 4240 προστησάμενος
3639 4160 3809 4231 καρπὸν

2202 4258 2404 4328 ὥραϊον
2467 4258 2656 4321 αὐτοὺς
2716 4257 2812 4322 τῆς
2873 4257 3070 4320 οἰκείας
3115 4253 3454 4316 διδασκαλίας
3519 4252 3801 4333 προσήνεγκε

2201 4356 2279 4420 τῷ
2309 4355 2448 4421 Θεῳ.

2286 4435 2386 4495 ΙΖ’.
2453 4433 2611 4493 Ἐπεὶ
2641 4434 2695 4491 δὲ
2727 4438 2815 4491 καὶ
2875 4434 3251 4500 τελειωθέντας
3285 4433 3424 4507 εἶδε,
3459 4437 3558 4498 τὴν
3584 4424 3792 4504 μακαρίαν

473 4525 704 4587 beatam
736 4502 1136 4587 illam'emisit
1179 4542 1384 4587 vocem
1417 4546 1430 4584 :
1466 4523 1620 4586 Ecce
1652 4544 1781 4604 ego,
1817 4527 2028 4607 inquit,
2067 4502 2110 4587 ei

2207 4527 2382 4592 ἐκείνη
2438 4527 2611 4605 ἀφῆκε
2643 4524 2846 4604 φωνήν·
2914 4523 3042 4580 Ἰδοὺ
3099 4524 3209 4599 ἐγὼ
3251 4524 3336 4578 καὶ
3368 4502 3431 4578 τὰ
3478 4502 3628 4578 παιόιά
3653 4515 3683 4569 ἆ
3713 4528 3783 4607 μοι

472 4613 822 4696 pueri,quos
843 4613 1012 4676 dedit
1043 4614 1191 4676 mihi
1213 4614 1394 4677 Deus.
1430 4617 1614 4676 Porro
1637 4624 1836 4676 autem
1869 4634 1972 4677 eos
2003 4632 2123 4693 quo

468 4705 720 4785 que,qui
742 4702 1278 4781 aderant,rogavit,
1307 4712 1368 4764 ut
1387 4702 1517 4782 ipsa
1541 4703 1711 4782 signa
1727 4705 2122 4764 certaminum

470 4811 605 4856 cum
638 4811 711 4854 eo
755 4792 1110 4873 sepelirent.
1156 4795 1288 4873 ipsa
1321 4795 1480 4854 enim
1529 4801 1774 4874 propter
1818 4792 2123 4854 Christum

471 4881 706 4944 amabat
728 4891 786 4944 et
812 4881 1314 4962 amplectebatur;
1337 4891 1396 4942 et
1425 4900 1537 4943 nec
1561 4881 1795 4943 volebat
1817 4900 1886 4944 ea
1907 4881 2126 4942 auferri

2207 4616 2402 4672 ἔδωκεν
2461 4617 2672 4677 ὁΘεός.
2739 4615 2835 4672 Καὶ
2885 4615 3006 4678 τοὺς
3067 4615 3333 4691 παρόντας
3392 4613 3537 4680 ἠξίου
3561 4607 3660 4665 αὕτα
3701 4603 3781 4691 τῶγ

2208 4704 2380 4762 ἄθλων
2430 4707 2574 4776 αὐτῷ
2605 4704 2862 4778 noventsz
2925 4705 2985 4759 τὰ
3032 4686 3293 4777 σύμϐολα
3357 4703 3528 4781 ἐφίλει
3563 4701 3645 4777 γὰρ
3691 4686 3790 4746 abii

2208 4794 2292 4852 διὰ
2353 4796 2586 4873 Χριστὸν
2657 4798 2742 4850 καὶ
2798 4793 3088 4870 ἠσπάξετο,
3149 4792 3244 4848 καί
3317 4791 3433 4848 οὒδὲ
3507 4793 3591 4857 vi:
3647 4782 3784 4880 κωῖἦξ

2209 4885 2409 4940 ἐκείνου
2465 4886 2664 4944 κόνεως
2720 4885 3064 4963 ἆφαιρεθῆναι
3137 4883 3268 4939 αὐτὰ
3329 4881 3537 4952 ἤθελεν,
3570 4880 3597 4935 ἃ
3631 4875 3682 4963 ὅτι
3726 4875 3787 4963 κπξ

469 4989 505 5033 a
533 4971 716 5033 surdo
748 4954 931 5033 illius'
965 4971 1244 5050 pulvere:
1281 4989 1415 5051 qua
1443 4970 1690 5047 quidem
1725 4971 1968 5050 pulchra
1997 4989 2110 5031 εδει

2324 4975 2336 4991 \
2516 4981 2542 4990 ο
2617 4974 2628 4988 1
2771 4954 2779 4963 ⁵
2854 4954 2864 4961 1
2928 4971 2946 4987 ἢ
3109 4975 3118 4991 Ι
3221 4971 3260 4988 ῆι
3372 4980 3390 4987 υ
3505 4972 3534 4991 Ὺ
3661 4956 3672 4972 ο
3731 4954 3782 4992 ’⁸³

2213 4973 2352 5030 καλα
2402 4985 2579 5038 καΑως
2611 4991 2833 5052 ενταφια
2881 4975 3022 5052 ᾕοει,
3058 4983 3186 5030 Τικα
3215 4993 3270 5028 οε
3302 4994 3465 5028 ταυτα
3505 4996 3567 5038 ηῚ
3598 4988 3611 5038 ς
3675 4971 3784 5052 0‘s...

470 5079 538 5122 su
569 5084 598 5120 u
618 5061 948 5139 sepultura
965 5045 1342 5133 ornamenta,
1369 5045 1621 5139 pulchre
1654 5045 1916 5122 noverat.
1951 5059 2110 5131 Qua-

2213 5071 2286 5137 τῴ
2330 5062 2595 5142 τραχήλῳ
2625 5045 2830 5134 κλοιθς,
2866 5045 2954 5118 καὶ
3007 5064 3034 5117 ὁ
3065 5063 3184 5124 τοὺς
3217 5060 3380 5123 πόδας
3427 5061 3651 5139 συνέχων
3677 5045 3786 5108 σίδη·

473 5168 606 5212 nam
637 5159 755 5211 aut:
782 5169 836 5210 m
870 5168 942 5211 ea
979 5148 1178 5211 erant?
1205 5149 1461 5223 Collare,
1487 5158 1545 5210 et
1570 5149 1746 5211 ferrei
1793 5150 1927 5229 ejus
1959 5169 2127 5211 com-

472 5239 680 5319 pedes.
716 5239 762 5298 D
782 5239 960 5301 eiude
990 5237 1053 5317 ei
1075 5256 1315 5317 quoque
1347 5247 1522 5317 caput
1551 5247 1892 5318 amputatur
1913 5247 2121 5317 quarto

470 5327 570 5389 die
600 5326 1001 5408 Septembris.
1037 5327 1205 5388 Iacet
1235 5336 1434 5387 autem
1479 5327 1570 5406 (8)
1609 5347 1763 5388 nunc
1796 5346 2032 5407 quoque
2063 5329 2122 5388 in

546 5447 622 5517 (7)
680 5445 807 5502 Hac
839 5446 1018 5517 verba
1084 5445 1287 5513 psalmi
1332 5461 1360 5501 a
1407 5444 1617 5517 Babyla
1684 5451 1910 5503 cantata
1959 5449 2128 5504 refert

481 5515 732 5572 Suidas:
796 5536 820 5568 ι
855 5515 1222 5588 convertere,
1282 5518 1470 5588 anima
1533 5515 1681 5588 mea,
1741 5519 1798 5573 in
1866 5518 2126 5588 requiem

476 5597 671 5655 quam.
713 5588 844 5657 quia
881 5584 1160 5644 Dominus
1193 5587 1477 5644 beneiecit
1515 5587 1638 5645 tibi.
1674 5607 1696 5638 ι

2211 5169 2319 5231 ρος,
2383 5152 2522 5209 Εἶτα
2573 5153 2672 5218 τὴν
2734 5151 2968 5230 κεφαλὴν
3025 5153 3110 5206 καὶ
3173 5151 3324 5213 αὐτὸς
3385 5154 3686 5230 ἀφαιρεῖται,
3723 5154 3787 5188 τῖ’

2203 5243 2401 5320 τάρτην
2448 5243 2565 5298 τότε
2597 5248 2689 5297 τοῦ
2735 5239 3097 5316 Σεπτεμϐρίου
3149 5244 3321 5315 μηνὸς
3355 5241 3594 5316 ἄγοντος.
3653 5240 3790 5288 Κεῗτίε

2205 5329 2260 5386 δὲ
2311 5333 2398 5387 καὶ
2428 5337 2514 5387 νῦν
2574 5329 2628 5385 ὲν
2657 5337 2724 5406 τῇ
2767 5337 2907 5408 σορῷ
2951 5328 3212 5402 Βαϐύλας,
3250 5331 3339 5384 σὺν
3389 5335 3466 5402 τῷ
3520 5333 3790 5402 περιψῆν

2281 5449 2354 5517 (8)
2415 5447 2553 5505 Cum
2590 5448 2866 5503 nimirum
2903 5449 3033 5503 Acta
3093 5447 3207 5501 hac
3241 5447 3514 5503 Leontius
3543 5433 3791 5517 scribebat.

2210 5504 2308 5576 aut
2336 5504 2519 5575 lcerte
2551 5519 3059 5588 S.7Cbrysostomi
3127 5528 3406 5588 tempore,
3441 5519 3537 5588 qui
3595 5504 3794 5588 οξειῖριίς

2211 5572 2390 5650 eam
2407 5572 2511 5646 'ae'
2531 5572 2609 5648 ST
2629 5572 2874 5661 nasus;
2899 5572 2996 5646 ita
3015 5572 3092 5645 Vde
3120 5572 3437 5647 magna.
3550 5605 3572 5641 ε
3608 5572 3793 5640 Exstant
