3996 6178
299 295 434 364 ess

1647 294 1835 360 VITA
1879 294 1941 357 S.
1991 290 2355 356 EUSEBL‘E.

3574 291 3694 360 986

296 432 410 502 τὴν
474 433 661 515 φυλὴν
711 430 960 513 ἀνδρικὸς
1002 427 1203 511 ἀνδρῶν
1245 428 1438 493 στολὰς
1499 430 1951 509 μεταμφιασάμε-

2047 427 2127 489 vel
2150 427 2347 509 potius
2367 426 2512 509 ipsae
2533 426 2807 508 laerymm
2825 434 2996 491 erant
3015 423 3330 509 voluptatis
3360 432 3422 491 ‘et
3448 428 3692 498 latitius.

301 542 420 599 ναι,
454 523 596 582 οὕτω
653 522 904 582 λαθουσαι
963 528 1057 579 τοὸ
1108 519 1353 585 πυλῶνος
1414 517 1657 596 ἐξῄεσαν,
1692 518 1968 577 κλαίουσαί

297 634 361 670 τε
425 616 515 671 καὶ
574 616 708 690 ὁμοϊ
766 615 1075 694 χαίρουσαι,
1135 610 1345 687 μᾶλλον
1403 608 1459 666 δὲ
1503 612 1595 667 καί
1646 611 1711 666 τὰ
1769 609 1966 687 δάκρυα

293 701 506 772 ἡδονῆς
547 708 617 773 ἦν
648 703 836 767 αὗτατς
894 705 982 760 καὶ
1026 708 1201 781 χαρᾶς
1257 701 1485 773 κέκρυα,
1540 696 1799 777 Ἐξῄεσαν
1850 699 1965 774 οὖν,

296 794 378 850 Σὺ
437 800 596 872 γενοῦ
636 792 760 869 μεθ’
806 795 983 870 ἡμῶν,
1043 791 1129 848 Υἱὲ
1183 797 1274 848 τοῦ
1333 797 1489 864 Θεοῦ,
1546 788 1822 868 λέγουσαι,
1878 793 1967 849 καὶ

294 882 568 962 γνώρισον
628 886 769 958 ἡμῖν
799 880 921 938 ὁδὸν
979 881 1102 957 ἐνῇ
1168 878 1559 960 πορευσόμεθα,
1594 880 1677 935 ὃτι
1733 881 1867 956 πρὸς
1909 878 1968 934 σὲ

297 974 393 1028 καὶ
439 972 665 1048 γνώμην
696 970 832 1038 ὅλην
892 971 1137 1047 ἠράμεθα
1169 971 1259 1025 καὶ
1318 970 1528 1049 ψυχήν.
1591 972 1967 1045 Πορευομένων

300 1061 385 1140 δὲ,
419 1065 563 1127 αὖθις
609 1061 645 1129 ἦ
678 1061 897 1139 γενναία
954 1060 1318 1139 παραινέσεως
1369 1060 1501 1133 πρὸς
1534 1058 1696 1122 αὐτὰς
1739 1056 1962 1130 ἥπτετο,

304 1150 491 1219 Μηδὲν
546 1154 707 1228 ὑμᾶς,
763 1150 1016 1228 λέγουσα,
1050 1151 1097 1207 ὦ
1151 1148 1372 1228 ἆδελιραί
1400 1147 1561 1219 (οὕτω
1618 1148 1717 1226 γὰρ
1747 1147 1857 1224 ἐγὼ
1906 1148 1968 1203 τὸ

305 1241 506 1301 λοιπὸν
534 1244 670 1316 ὑμᾶς
700 1240 895 1299 καλεῖν
925 1238 1094 1320 ἔχω),
1131 1238 1300 1315 μηδὲν
1328 1239 1441 1295 τῶν
1472 1239 1683 1314 γηΐνων
1714 1237 1965 1315 ἐπιστρε-

309 1331 461 1411 φέτω
511 1332 644 1410 πρὸς
706 1332 885 1406 ἑαυτὸ,
949 1328 1085 1404 μηδὲ
1144 1327 1356 1385 εἰσιέτω
1414 1326 1652 1402 μηδεμία
1696 1327 1791 1394 τῆς
1826 1326 1966 1382 καλ-

308 1420 501 1490 λίστης
560 1422 699 1494 ὑμᾶς
759 1417 955 1496 βουλῆς
998 1417 1358 1493 ματαμέλεια,
1419 1415 1579 1475 Οὐδὲν
1621 1417 1722 1495 γὰρ
1782 1438 1964 1491 μακα-

309 1511 564 1591 ριώτερον
622 1510 717 1578 τῆς
792 1508 913 1567 ὁδοῦ
982 1509 1179 1575 ταύτης
1244 1506 1382 1586 εὕροι
1407 1528 1488 1571 τις
1544 1504 1628 1561 ἄν’
1694 1505 1809 1562 εἴτε
1866 1506 1965 1583 γὰρ

2047 517 2318 597 Εειιθεεω
2338 526 2478 580 sunt
2499 517 2759 598 ergoz'l‘u
2782 524 2864 580 sis
2886 518 3558 596 nobiscum,dicentes,o
3579 520 3694 584 Fili

2048 609 2248 677 Dei,et
2262 609 2531 688 signiﬁca
2550 608 2724 671 nobis
2745 608 2896 670 viam
2910 627 3048 691 ,qua
3071 627 3280 670 sumus
3306 609 3694 693 ingressum,

2047 697 2121 759 ad
2155 707 2210 759 te
2235 699 2395 760 enim
2431 707 2610 760 totam
2645 705 2904 759 mentem
2938 707 2998 760 et
3025 699 3284 760 animam
3317 699 3692 764 sustulimus.

2051 786 2150 848 Eis
2184 797 2383 849 autem
2418 786 2917 868 ingredieniibus.
2950 787 3124 850 beata
3155 787 3254 850 illa
3284 806 3494 850 rursus
3519 791 3699 871 cmpit

2051 894 2154 939 eas
2182 877 2530 940 admonere:
2556 874 2795 951 Nibil,o
2830 895 3069 939 sorores
3102 876 3211 956 (sic
3246 879 3407 940 enim
3440 897 3571 940 sum
3593 896 3697 940 vos

2053 967 2344 1047 deinceps
2398 974 2725 1040 vocatura),
2784 967 2956 1043 nihil,
3008 966 3276 1048 inquam,
3308 985 3375 1029 ex
3437 968 3695 1032 terrenis

2049 1053 2237 1117 rebus
2266 1074 2369 1117 vos
2394 1053 2467 1117 ad
2501 1074 2566 1118 se
2598 1066 2929 1129 convertet,
2964 1074 3075 1117 nec
3107 1056 3501 1135 pulcherrimi
3541 1076 3693 1119 cou-

2050 1144 2170 1207 silii
2194 1163 2295 1207 vos
2326 1146 2445 1207 ulla
2469 1146 2678 1207 subeat
2708 1145 3225 1225 pmnitentiaﬂmc.
3255 1147 3414 1207 enim
3445 1146 3536 1208 via
3572 1165 3693 1208 non

2050 1235 2349 1298 invenerit
2398 1236 2618 1317 aliquis
2669 1236 2997 1317 quidquam
3058 1235 3313 1299 beatius.
3363 1235 3509 1298 Nam
3565 1236 3693 1299 sive

2050 1338 2393 1406 spectemus
2424 1326 2761 1406 praesentia,
2797 1344 3003 1387 sumus
3032 1335 3276 1387 remota:
3308 1324 3383 1386 ab
3413 1326 3694 1388 omnibus

2052 1412 2246 1476 turbis
2276 1422 2337 1477 et
2367 1416 2626 1492 negotiis
2657 1435 2672 1476 :
2724 1415 2845 1477 sive
2877 1415 3130 1476 velimus
3163 1415 3547 1477 considerare
3593 1415 3691 1477 fu-

2049 1511 2200 1579 tura,
2239 1522 2434 1584 neque
2488 1522 2679 1579 mens,
2713 1521 2911 1585 neque
2961 1503 3148 1565 oratio
3185 1511 3379 1584 potest
3418 1521 3490 1567 ea
3539 1503 3694 1566 bona

311 1601 382 1658 τὰ
410 1601 649 1677 παρόντα
709 1607 1034 1676 σκοποῦμεν,
1064 1596 1163 1663 ἔξω
1198 1599 1396 1659 παντὺς
1443 1594 1615 1676 ὀίχλου
1657 1597 1745 1652 καὶ
1781 1617 1955 1673 πραγ-

2047 1593 2590 1673 comprebendere,
2616 1612 2749 1675 quae
2779 1612 2883 1656 eos
2900 1603 3162 1667 manent,
3189 1593 3292 1675 qui
3322 1593 3475 1654 hanc
3505 1592 3690 1654 vitam

313 1691 501 1766 μάτων
558 1691 746 1765 ἡμεῖς·
784 1686 898 1743 εἴτε
956 1689 1045 1744 καὶ
1105 1690 1223 1765 περί
1280 1692 1386 1742 τῶν
1449 1683 1759 1758 μελλόντων
1803 1683 1955 1762 λογί-

2047 1683 2357 1760 elegerint.
2396 1685 2541 1745 Cum
2575 1701 2660 1745 em
2693 1685 2816 1746 haec
2846 1683 3027 1745 verba
3055 1683 3334 1747 audirent
3360 1682 3423 1743 in
3448 1682 3690 1760 itinere,

310 1784 493 1851 ζεσθαι
559 1779 931 1857 προῃρήμεθα,
996 1775 1115 1834 οὕτε
1175 1776 1296 1839 νοῦς
1359 1772 1688 1832 καταλαϐεῖν
1760 1776 1955 1851 αὐτάρ-

2047 1772 2527 1834 accendebantur
2555 1772 2797 1848 animis,
2816 1783 2875 1835 et
2905 1790 2975 1835 ea
2998 1792 3128 1854 spe,
3153 1790 3288 1855 quae
3317 1780 3406 1835 est
3435 1790 3507 1835 ex
3533 1771 3682 1848 Deo,

307 1889 441 1942 κης,
475 1867 591 1925 οὔτε
649 1867 810 1944 λόγος
865 1867 1060 1938 εἰπεῖν,
1097 1865 1197 1922 ὅσα
1261 1864 1382 1930 τοὺς
1435 1866 1554 1920 ὁδὸν
1597 1864 1695 1931 τὴν
1754 1864 1955 1931 ταύτην

2047 1863 2226 1941 magis
2257 1862 2788 1925 conﬁrmabantur.

308 1955 596 2033 ἑλομένους
658 1954 932 2034 περιμένει
962 1956 1029 2012 τὰ
1088 1956 1285 2030 ἀγαθά.
1318 1954 1529 2013 Τοότων
1582 1957 1792 2011 εκεϊναι
1837 1959 1944 2010 τῶν
1999 1951 2175 2031 λόγων
2208 1952 2309 2011 ἀνὰ
2364 1953 2464 2020 τὴν
2508 1956 2722 2032 πορείαν
2780 1954 3060 2012 ἀκούουσαι
3117 1953 3538 2033 διεθερμαίνοντο
3596 1953 3694 2015 τὰς

306 2048 521 2128 ψυχὰς,
552 2049 642 2104 καί
760 2046 900 2102 κατὰ
926 2047 1064 2103 θεὸν
1094 2042 1268 2101 ἑλπίδι
1298 2042 1502 2115 μᾶλλον
1532 2043 1874 2122 ἐῤῥώννυντο,

396 2131 479 2197 Δ“.
541 2134 775 2206 Πλησίον
836 2135 892 2191 δέ
961 2157 1065 2195 που
1135 2137 1423 2213 γενόμεναι
1488 2135 1587 2203 τῆς
1654 2132 1955 2209 θαλάσσης,

307 2228 507 2286 πλοῖον
564 2224 967 2302 ἒμπαράσκευον
998 2224 1103 2293 ἤδη
1152 2227 1238 2282 καὶ
1270 2226 1538 2282 ἀποπλεῖν
1569 2223 1769 2298 μέλλον
1818 2222 1960 2297 (οὐδὲ

299 2319 495 2376 τούτου
537 2318 751 2377 πάντως
796 2317 988 2379 αὐταῖς
1032 2314 1173 2371 ἇθεεὶ
1234 2315 1627 2395 συμπεσόντος)
1688 2313 1960 2393 εὓρίσκου-

305 2429 423 2485 σιν,
459 2407 513 2462 ἂν
566 2410 613 2479 ᾧ
673 2401 1028 2483 περεμϐἇσαι,
1060 2405 1150 2460 καὶ
1207 2403 1511 2481 πνεύματος
1567 2405 1821 2484 ἐπιφόρου
1861 2427 1960 2461 τυ-

301 2507 529 2577 χοῦσαι,
605 2498 705 2562 τὴν
778 2491 1178 2572 Ἀλεξάνδρειαν
1259 2494 1313 2550 ἰν
1386 2495 1588 2576 βραχεῖ
1653 2494 1955 2573 φθάνουσιν,

307 2588 450 2647 Εῐτα
490 2584 696 2643 ἐκεῖθεν
726 2584 998 2662 ἀπάρασαι
1055 2583 1240 2663 πάλιν,
1275 2586 1417 2661 παρὰ
1458 2590 1526 2659 τῇ
1580 2583 1727 2657 νήσῳ
1755 2584 1825 2652 τῇ
1872 2586 1962 2656 Κῷ

306 2677 568 2755 γίνονται⁹
629 2678 800 2733 πάντα
868 2675 969 2752 γὰρ
1026 2672 1237 2730 ἐποίουν
1294 2675 1422 2751 πρὸς
1478 2676 1539 2731 τὸ
1608 2672 1816 2752 λαθεῖν,
1873 2666 1960 2730 καὶ

312 2766 455 2823 ὥστε
509 2764 835 2839 ζητουμένοις
895 2763 1204 2841 ἆγνώστους
1251 2765 1504 2839 γίνεσθαι,
1567 2764 1640 2821 Οὔ
1692 2764 1791 2834 μὲν
1825 2761 1960 2821 ἀλλὰ

312 2855 406 2912 καῖ
436 2852 607 2920 ἄλλως
649 2852 839 2929 ἤρεσεν
898 2854 1085 2916 αὐταῖς
1137 2852 1359 2909 ἐνταῦθα
1410 2857 1510 2919 τῆς
1560 2873 1616 2909 τε
1650 2850 1770 2910 ὁδοῦ
1817 2853 1955 2909 παύ-

315 2947 528 3022 σασθαι,
592 2944 681 3000 καὶ
740 2943 917 3000 ἀνέσει
978 2941 1156 3000 δουναι
1201 2943 1290 2999 καὶ
1347 2943 1575 3016 σώματα
1621 2944 1705 3000 καὶ
1749 2942 1956 3023 ψυχάς,

309 3034 408 3093 ὅτε
467 3033 677 3101 πολλὴν
706 3034 939 3114 ἡσυχίαν
967 3038 1067 3100 τῆς
1099 3032 1271 3091 νώσου
1323 3033 1585 3112 παρέχειν
1620 3034 1779 3099 οὔσης
1833 3034 1957 3090 ἔπι-

305 3124 550 3203 mea“,
608 3123 792 3181 ἔπειτα
848 3121 904 3179 δὲ
948 3124 1045 3179 καί
1102 3124 1232 3201 πρὸς
1288 3124 1351 3179 τὸ
1394 3124 1673 3201 ἀφώρατον
1724 3121 1957 3180 πλεῖστα

300 3214 714 3291 συναιρομένης,
749 3206 845 3277 Ὠς
869 3214 957 3269 οὖν
1004 3212 1059 3268 ἐν
1086 3219 1175 3287 Κῷ
1213 3212 1310 3292 [ἐν]
1335 3211 1573 3293 ἀσφαλεῖ
1591 3213 1951 3292 κατέστησαν,

295 3307 362 3363 τὸ
393 3317 702 3381 γυναικεῖον
759 3303 904 3368 αὖθις
933 3303 1261 3382 ὒπὲρχονται
1316 3302 1537 3383 σχῆμα,
1568 3303 1692 3361 εἶτα
1746 3303 1957 3376 οἴκημα
1977 3344 2019 3396 c

301 3396 439 3473 πρὸς
487 3416 605 3451 τινα
633 3391 900 3464 ἰδιάζοντα
946 3392 1112 3448 τόπον
1142 3390 1397 3449 λαϐοῦσαι
1450 3393 1661 3467 μισθοῦ,
1695 3392 1813 3451 ἐκεῖ
1860 3394 1959 3461 τῆς

300 3485 441 3542 κατὰ
468 3482 600 3541 Θεόν
633 3480 945 3562 φιλοσοφίας
976 3480 1248 3557 ὶπιμελῶς
1302 3481 1549 3561 εἴχοντο.
1584 3489 1749 3541 Τοῦτο
1779 3481 1831 3539 δὲ
1888 3486 1959 3560 τῇ

305 3578 455 3649 Ξενῃ
511 3571 874 3652 διαφερόντως
931 3572 993 3628 τὸ
1051 3568 1497 3646 σπουδοζόμενον,
1560 3569 1735 3646 μεδενὶ
1790 3574 1957 3650 γενή-

305 3667 423 3720 σθαι
479 3664 765 3742 καταφανῆ
836 3659 968 3736 μήτ’
1034 3661 1220 3737 αὖτήν,
1284 3662 1423 3733 μήτε
1477 3662 1578 3729 τὴν
1635 3662 1774 3718 κατὰ
1827 3663 1957 3719 Θεὸν

304 3754 473 3819 αὒτῆς
535 3752 782 3830 ἀγωγὴν,
816 3750 938 3808 ἀλλ’
967 3749 1108 3815 ὅλως
1169 3763 1288 3815 τοῖς
1320 3750 1615 3828 ἀνθρώποις
1666 3751 1958 3830 ἂγνοηθεῖ-

305 3866 429 3923 σαν,
485 3841 619 3899 οὕτω
678 3841 915 3917 μάλιστα
959 3841 1205 3919 γνωστὴν
1249 3840 1490 3918 γενέσθαι
1553 3842 1692 3916 θεῷο
1741 3843 1826 3897 καὶ
1862 3843 1961 3917 γὰρ

304 3935 409 4000 τὴν
466 3953 523 3989 τε
574 3933 765 4011 φήμην
824 3929 1000 3996 ἄλλως
1051 3927 1404 4008 ὲδυσωπεϊτο,
1439 3931 1717 3987 ὑπωπτευε
1762 3929 1816 3987 δὲ
1874 3931 1960 3987 καὶ

305 4024 407 4091 τήν
466 4026 572 4079 τῶν
618 4019 864 4098 πατέρων
921 4018 1138 4098 ἕρευσαν
1201 4019 1462 4098 ἰσχυρῶς,
1526 4016 1681 4089 ’Έδει
1725 4020 1825 4098 γὰρ
1878 4019 1960 4075 ὅτι

308 4112 389 4186 μὴ
453 4108 649 4185 ἀμελὲς
712 4110 902 4189 χρῆμα
954 4107 1092 4185 μηδὲ
1148 4108 1324 4187 ῥᾴδιον
1383 4107 1627 4185 ἐνεγκεῖν
1697 4108 1959 4189 φιλτάτης

303 4198 499 4263 παιδὸς
557 4197 832 4256 ἀπώλειαν
876 4198 1250 4279 φιλοστόργως
1311 4198 1594 4276 πατράσιν,
1627 4197 1764 4255 ἀλλὰ
1821 4202 1958 4276 πρό-

305 4292 466 4364 θυμοι
524 4288 586 4345 ἂν
639 4289 755 4346 εἷεν
811 4290 912 4356 τὴν
970 4289 1136 4355 αὐτῆς
1194 4286 1398 4366 εὕρεσιν
1426 4289 1673 4366 πρίασθαι
1714 4289 1800 4346 καὶ
1851 4294 1958 4364 ψυ-

304 4384 443 4460 χῆς“
504 4379 591 4435 καὶ
663 4377 746 4436 διὰ
805 4386 971 4436 ταῦτα
1044 4379 1131 4435 καὶ
1173 4392 1297 4442 ταῖς
1368 4379 1697 4448 θεραπαινίσι
1742 4381 1960 4458 παρήγ-

299 4465 496 4547 γελλεν
561 4466 678 4525 ὅσαι
735 4471 893 4547 ὧραι,
941 4470 1029 4525 καὶ
1075 4468 1340 4547 ἀσφάλεια
1396 4464 1449 4523 εἴ
1507 4488 1588 4530 τις
1646 4466 1709 4534 ἧν
1768 4467 1959 4531 αὐταῖς

2123 2129 2378 2193 IV.Cum
2401 2139 2594 2194 autem
2619 2132 2869 2195 fuissent
2892 2150 3079 2216 prope
3102 2140 3572 2212 mare,paratum
3595 2131 3686 2194 iu-

2045 2221 2285 2284 veniunt
2319 2220 2641 2301 navigium,
2668 2224 2865 2302 etjam
2895 2223 3373 2302 enavigaturum.
3404 2240 3539 2284 cum
3572 2241 3688 2283 nec

2044 2310 2101 2371 id
2135 2310 2377 2392 quidem
2423 2313 2511 2372 eis
2540 2312 2671 2374 sine
2702 2312 2807 2374 Dei
2850 2313 3097 2374 numine
3143 2312 3480 2374 accidisset.
3515 2312 3685 2385 Quod

2042 2419 2177 2462 cum
2203 2400 2639 2473 ascendissent,
2666 2409 2724 2462 et
2746 2411 2987 2464 ventum
3018 2401 3350 2463 secundum
3378 2410 3563 2464 nacta:
3590 2420 3693 2465 es-

2043 2499 2201 2563 sent,
2230 2490 2395 2550 brevi
2424 2492 2777 2570 perveniunt
2807 2490 3253 2555 Alexandriam.
3284 2490 3515 2554 Deinde
3550 2510 3685 2553 cum

2046 2579 2206 2641 illinc
2226 2579 2825 2649 solvissent,veniunt
2844 2598 3053 2644 rursus
3076 2581 3133 2642 in
3158 2581 3241 2644 Co
3265 2579 3690 2645 insulam.0m-

2044 2668 2143 2730 nia
2160 2669 2321 2730 enim
2345 2668 2646 2730 faciebant
2665 2670 2735 2731 ad
2773 2671 2980 2743 hoc,ut
2998 2670 3343 2744 laterent,et
3375 2680 3437 2731 ut
3464 2671 3689 2750 quaesi-

2045 2767 2139 2832 tae,
2166 2759 2412 2820 minime
2437 2768 2925 2839 agnoscerentur.
2965 2759 3121 2834 Quin
3145 2760 3324 2822 etiam
3357 2760 3445 2824 eis
3466 2760 3687 2843 alioqui

2043 2848 2265 2929 placuit
2280 2867 2311 2909 a
2332 2848 2424 2909 via
2451 2849 2545 2909 hic
2569 2849 2975 2931 quiescere.et
2994 2868 3247 2931 corpora
3268 2859 3326 2912 et
3342 2850 3574 2912 animos
3596 2868 3691 2912 re-

2042 2945 2489 3019 creare,utpote
2511 2941 2669 3021 quod
2695 2949 2753 3001 et
2774 2953 2907 3019 apta
2927 2949 3084 3003 esset
3101 2940 3295 3002 insula
3318 2939 3391 3001 ad
3418 2940 3686 3021 quietem

2041 3027 2449 3109 pmbendam,
2482 3040 2542 3091 et
2576 3030 2825 3091 multum
2859 3029 3164 3093 conferret
3192 3030 3263 3092 ad
3297 3030 3433 3103 hoc,
3468 3037 3533 3090 ut
3566 3048 3681 3092 non

2040 3129 2281 3198 possent
2306 3118 2702 3199 deprehendi.
2738 3119 3057 3201 Postquam
3086 3138 3225 3199 ergo
3246 3118 3497 3181 fuerein
3531 3125 3686 3193 tuto,

2041 3206 2397 3269 muliebrem
2420 3225 2628 3269 rursus
2651 3208 2917 3270 habitum
2938 3207 3531 3289 suscipiunt.Deinde
3553 3225 3688 3269 cum

2042 3295 2446 3358 habitaculum
2499 3297 2557 3357 in
2592 3315 2868 3379 separato
2922 3299 3178 3379 quodam
3225 3298 3360 3360 loco
3407 3298 3688 3358 mercede

2043 3385 2628 3458 conduxissent,illic
2661 3387 2927 3449 studiose
2949 3387 3165 3448 divina;
3186 3388 3472 3450 vacabant
3494 3387 3690 3468 philo-

2042 3474 2424 3555 Sophimﬂoc
2446 3484 2643 3537 autem
2669 3479 2966 3557 praecipue
2983 3495 3199 3557 magno
3218 3477 3416 3538 studio
3434 3484 3688 3538 conten-

2042 3566 2216 3627 debat
2248 3564 2518 3646 Hospita,
2548 3575 2607 3626 ut
2632 3566 2781 3628 nulli
2814 3575 2971 3628 esset
3016 3566 3354 3640 manifesta,
3385 3583 3499 3628 nec
3528 3565 3680 3646 ipsa,

2044 3672 2154 3716 nec
2185 3654 2319 3735 ejns
2345 3655 2481 3717 vita:
2510 3655 2826 3727 institutio,
2853 3656 2959 3719 sed
2991 3657 3237 3717 omnino
3260 3657 3463 3736 ignota
3484 3655 3685 3718 ltomi-

2041 3743 2245 3817 nibus,
2268 3744 2353 3805 sic
2385 3744 2504 3805 Deo
2538 3743 2724 3825 magis
2747 3745 3180 3825 essetcognita.
3213 3743 3358 3807 Nam
3392 3754 3449 3806 et
3471 3744 3685 3806 l‘amam

2042 3834 2271 3911 alioqui
2296 3833 2695 3907 vcrebatur,ct
2718 3834 3024 3896 dubitabat
3047 3853 3120 3896 ne
3144 3836 3233 3896 sui
3256 3843 3539 3916 parentes
3564 3852 3691 3896 eam

2042 3925 2213 3985 valde
2244 3933 2605 4005 quaererent.
2636 3924 2877 3989 Sciebat
2903 3924 3062 3986 enim
3089 3943 3205 3987 non
3240 3942 3371 3986 esse
3401 3942 3526 3986 rem
3562 3941 3693 4004 qua)

2044 4014 2397 4094 negligatur,
2428 4033 2538 4076 nec
2562 4032 2693 4095 quae
2719 4014 2893 4076 facile
2924 4014 3065 4076 ferri
3090 4020 3297 4097 possit,
3322 4013 3692 4077 charissimae

2045 4105 2184 4166 ﬁliae
2209 4105 2592 4165 amissionem
2618 4104 2961 4166 amantibus
2994 4104 3360 4185 parentibus,
3395 4104 3500 4166 sed
3522 4104 3692 4183 cujus

2044 4195 2458 4255 inventionem
2494 4193 2584 4254 vel
2619 4194 2817 4255 anima
2853 4194 3130 4256 lubenter
3156 4191 3695 4256 commutarent.Et

2043 4283 2156 4345 deo
2188 4283 2455 4364 quotidie
2487 4282 3572 4366 praecipiebat.ancillis,utdiligenter
3597 4302 3693 4345 ca-

2043 4384 2358 4435 verentne
2375 4372 2470 4434 cui
2495 4391 2779 4436 arcanum
2807 4374 3211 4453 aperirenttEt
3232 4373 3282 4435 si
3304 4372 3687 4454 quis,inquit,

2043 4461 2117 4523 de
2169 4480 2303 4524 meo
2335 4461 2582 4524 nomine
2614 4463 2962 4543 interroget,
2991 4462 3173 4525 dicite
3200 4479 3301 4524 me
3348 4482 3465 4524 non
3496 4462 3687 4526 Euse-

302 4558 563 4631 ὑπετίθει,
597 4566 690 4616 τοῦ
724 4560 802 4632 μή
833 4581 936 4615 τινι
968 4560 1029 4615 τὸ
1086 4555 1387 4635 ἀπόρρητον
1418 4555 1672 4622 ἐξειπεῖν’
1712 4556 1818 4615 Κᾶν
1875 4580 1955 4621 τις

2047 4550 2231 4632 biam,
2260 4552 2417 4613 sicut
2459 4569 2674 4614 revera
2723 4570 2924 4629 vocor,
2955 4553 3180 4625 vocari,
3211 4554 3313 4616 sed
3355 4551 3692 4634 Hospitam.

299 4647 419 4727 εἴη,
496 4629 682 4727 φησὶν,
726 4629 778 4704 ⁷ὃ
833 4648 951 4726 περὶ
1024 4649 1119 4705 τοῦ
1184 4629 1317 4722 ἐμοῦ
1386 4646 1648 4722 ὀνόματος
1718 4645 1950 4726 ἐρωτῶν,

2047 4639 2180 4703 Sum
2215 4629 2401 4715 enim,
2437 4650 2502 4703 ut
2562 4641 2797 4710 videtis,
2834 4642 3091 4722 hospita.
3125 4640 3343 4723 Sicque
3371 4629 3498 4720 ﬁet,
3539 4652 3602 4702 ut
3634 4652 3693 4705 ct

297 4739 462 4812 ὑμεῦς
538 4734 592 4793 δὲ
652 4736 730 4812 μὴ
792 4734 1065 4810 Εὗσεϐίαν,
1124 4737 1304 4814 ὥσπερ
1362 4734 1462 4815 ἄρα
1515 4737 1604 4792 καὶ
1656 4733 1952 4810 κέκλημαι,

2047 4749 2141 4792 vos
2190 4730 2321 4792 sitis
2354 4749 2516 4812 pura;
2568 4749 2599 4791 a
2640 4730 2973 4805 mendacio,
3008 4741 3067 4795 et
3095 4732 3395 4813 vosispsas
3441 4750 3692 4793 conser-

300 4824 440 4882 ἀλλὰ
500 4826 679 4893 Ξένην
741 4824 936 4883 εἴπατε
1009 4825 1317 4883 κολεϊσθαν
1377 4828 1463 4883 καῖ
1537 4825 1636 4903 γὰρ
1693 4826 1825 4900 εἶμι,
1883 4826 1955 4886 ὡς

2047 4820 2188 4882 retis
2219 4821 2474 4901 ignotas.
2512 4823 2583 4884 Et
2612 4821 2739 4883 haec
2771 4822 3014 4904 quidem
3048 4822 3167 4885 illis
3196 4822 3365 4884 dixit.

302 4917 484 4993 δρᾶτε,
522 4914 670 4983 Εὲνη⁶
728 4917 817 4972 καὶ
849 4914 1017 4981 οὕτως
1049 4918 1112 4973 ἂν
1153 4917 1285 4992 ἡμῖν
1346 4916 1554 4994 γένοιτο
1593 4913 1814 4991 ψεύδους
1847 4936 1904 4971 τε
1937 4912 2165 4992 καθαρὰς
2227 4913 2392 4989 εἶναι,
2424 4913 2511 4969 καὶ
2572 4912 2761 4978 ἑαυτὰς
2802 4913 3107 4991 ἀγνώστους
3138 4925 3348 4993 τηρεῖν,
3388 4915 3485 4972 Καὶ
3528 4924 3688 4973 ταῦτα

315 5005 413 5079 μὲν
441 5007 571 5082 πρὸς
598 5006 826 5070 ὲκείνας,

388 5091 479 5158 Ε’.
510 5095 659 5153 Ἐπεὶ
710 5094 763 5151 δὲ
819 5095 1029 5151 καὶτὸν
1090 5096 1217 5173 πρὸς
1263 5095 1529 5173 σωτηρίαν
1569 5098 1758 5157 αὖτατς
1810 5095 1955 5172 ἡγη-

2103 5093 2170 5152 ν.
2184 5093 2329 5155 Cum
2356 5098 2552 5152 autem
2572 5090 2841 5153 studeret
2862 5090 3133 5153 invenire
3154 5090 3441 5171 aliquem,
3470 5091 3571 5174 qui
3603 5092 3693 5156 eis

301 5183 537 5260 σόμενον
593 5184 676 5241 διὰ
712 5183 916 5251 σπυδῆς
976 5185 1134 5265 εἶχεν
1178 5189 1371 5263 εὖρετν,
1408 5190 1502 5245 οὐκ
1546 5183 1722 5249 ἄλλως
1754 5184 1867 5246 πῶς
1923 5184 1955 5251 ἢ

2047 5193 2327 5264 praeesset
2349 5181 2420 5242 ad
2450 5181 2724 5256 salutem,
2747 5199 2865 5242 non
2897 5181 3043 5243 alias
3073 5199 3212 5242 eum
3238 5179 3349 5242 nisi
3371 5200 3405 5242 a
3434 5180 3557 5243 Deo
3584 5201 3689 5244 vo-

297 5275 441 5352 παρὰ
495 5276 626 5331 8εοῦ
660 5277 751 5332 καὶ
783 5277 974 5331 τούτου
1004 5287 1197 5353 τυχεῖν
1253 5273 1429 5341 ἤθελε.
1470 5272 1703 5332 κλίνασα
1731 5294 1955 5351 τοιγαρ-

2047 5271 2145 5332 luit
2164 5270 2780 5334 invenire.Inclinatis
2803 5270 3004 5352 itaque
3026 5290 3143 5333 una
3157 5289 3289 5331 cum
3311 5272 3494 5333 corde
3516 5279 3687 5351 gent-

295 5370 385 5422 υῦν
438 5378 639 5442 γόνατα
692 5365 781 5420 καὶ
826 5362 1066 5441 καρδίαν,
1100 5364 1234 5439 μετὰ
1291 5363 1526 5443 δακρύων
1584 5364 1949 5442 προσηύχετο,

2047 5360 2170 5431 bus,
2198 5359 2404 5422 orabat
2436 5361 2787 5441 lacrymans:
2824 5359 2983 5422 Deus
3008 5361 3108 5443 qui
3138 5360 3364 5443 ubique
3393 5361 3559 5436 ades,
3586 5362 3684 5424 di-

300 5445 360 5511 Ὀ
418 5454 574 5528 Θεὸς,
632 5451 885 5532 λέγευσα,
950 5457 976 5509 ὁ
1048 5460 1331 5534 πανταχοῦ
1389 5455 1592 5534 παρὼν²
1653 5452 1742 5511 καὶ
1802 5454 1948 5525 ἡμᾶς

2047 5459 2389 5526 :ens,etnos
2412 5451 2498 5512 sic
2516 5451 2676 5512 vides
2701 5460 2972 5513 errantes
3003 5469 3080 5513 ne
3101 5469 3209 5513 nos
3232 5451 3688 5532 despexeris,ne

296 5542 439 5599 οὕτω
495 5544 855 5616 πλανωμένας
913 5543 1073 5619 ὁρῶν,
1130 5543 1208 5614 μὴ
1252 5541 1511 5623 περίίδῃς,
1572 5544 1645 5617 μὴ
1721 5541 1947 5597 καταλίσ-

2047 5559 2141 5603 nos
2163 5539 2503 5621 reliqueris,
2543 5546 2786 5620 propter
2805 5558 3012 5620 quem,
3042 5540 3392 5621 parentibus
3417 5550 3474 5603 et
3501 5542 3683 5604 domo

294 5654 427 5713 πῃς,
460 5629 529 5689 δι’
582 5632 640 5688 ὃν
672 5632 758 5688 καὶ
790 5632 975 5711 γονεῖς
1006 5632 1175 5709 ἡμεῖς
1228 5633 1314 5691 καὶ
1347 5633 1515 5691 οἰκίαν
1563 5631 1942 5709 ἀπολιποῦσαι,

2047 5629 2280 5706 ’θιῑςιὶε,
2314 5645 2569 5711 peregre
2602 5628 2823 5692 versari
2856 5628 3210 5711 delegimus:
3245 5629 3350 5693 sed
3384 5629 3492 5693 tibi
3544 5630 3674 5716 pla-
