3996 6178
371 251 489 318 98Ἱ
1663 259 1944 323 MENSIS
1982 255 2443 326 JANUARIUS.
3706 263 3826 332 988

374 400 524 468 cent,
555 397 915 455 servatorem
947 390 1208 473 aliquem
1242 398 1300 453 et
1333 394 1524 455 tutiim
1560 395 1664 456 viae
1697 395 1932 465 ducem.
1961 404 2020 458 et

2124 398 2164 466 ςὸ
2223 395 2502 463 ξενιτεύειν
2559 393 2833 472 εἱλόμεθα⁶
2879 395 3019 455 ἀλλὰ
3075 398 3290 480 σωτῆρά
3334 405 3524 454 ’τινα
3591 390 3694 480 καὶ
3736 384 3833 444 ὀδ-

373 501 492 544 non
526 492 824 546 errantem
858 485 929 544 ad
988 501 1095 544 nos
1127 481 1381 548 mittere,
1418 484 1570 544 sicut
1602 485 1744 546 otim
1775 485 2013 548 Thecla;

2124 488 2233 565 ιγὸν
2296 489 2435 559 ἡμῖν
2508 485 2720 554 ἆπλανῆ
2793 486 3086 555 εὖδόκησον
3157 479 3560 563 ἐπιπάμψαι,
3646 479 3835 552 ὥσπερ

374 573 651 636 Paulum:
678 584 737 634 et
759 574 929 652 cujus
958 581 1278 652 sequentes
1309 573 1877 654 vestigia,possimus
1905 594 2016 637 nos

2124 576 2307 635 Ιαῦλον
2367 574 2544 652 Θὲκλῃ
2603 579 2664 632 τὸ
2722 578 3002 654 πρότερον,
3034 581 3081 652 ᾧ
3135 576 3704 636 κατακολουθοὺσαι
3747 567 3840 622 καὶ

377 664 614 724 misera;
670 662 727 724 ei
759 663 1007 741 abjectaa
1063 671 1220 721 tuam
1255 660 1406 722 viam
1461 663 1717 742 ingredi.
1756 665 1836 726 Ea
1892 665 2019 726 haec

2124 669 2163 720 ιῦ
2217 671 2323 722 τῶν
2355 665 2533 743 ἐχνῶν
2590 665 2872 740 ἑπόμεναι,
2905 666 3111 744 βαδίσαι
3159 669 3258 734 τὴν
3285 667 3396 725 σοὶ
3469 660 3839 743 ἂρᾶσωυωιν

374 767 605 826 orante,
644 753 736 814 eis
769 753 1072 812 inventum
1107 759 1196 812 est
1256 751 1399 812 illud
1459 750 1653 828 Oseze,
1689 772 1906 834 nempe
1943 757 1960 804 1
2003 774 2016 816 :

377 839 542 904 Sicut
571 841 922 903 matutinum
960 849 1196 920 paratus
1224 840 1405 915 Deus,
1433 849 1668 903 noctem
1697 842 2028 905 dissolvens

376 949 576 991 rerum
631 930 989 992 diﬂicilium.
1054 931 1337 993 Protinus
1369 931 1527 992 enim
1587 931 1748 992 visus
1808 942 1898 994 est
1942 937 2027 994 eis

381 1019 560 1079 homo
612 1019 878 1100 quidam,
913 1020 1252 1080 ascendens
1284 1039 1316 1081 e
1349 1029 1544 1101 portu,
1575 1021 1738 1081 canis
1769 1021 2024 1101 capillis,

380 1108 628 1169 formam
666 1126 788 1189 pra)
818 1127 883 1169 se
914 1108 1115 1170 ferens
1148 1111 1570 1184 monasticam,
1604 1119 1851 1190 aspectu
1885 1131 2030 1192 preee

378 1198 561 1265 claro.
601 1207 662 1260 et
713 1208 775 1259 ut
807 1198 1028 1260 dixerit
1062 1199 1386 1280 quispiam,
1422 1201 1584 1260 omni
1619 1218 1686 1261 ex
1733 1211 1899 1282 parte
1930 1220 2029 1262 an-

378 1287 627 1366 gelicus.
663 1286 811 1349 Eum
845 1307 980 1350 cum
1013 1289 1254 1350 vidisset
1284 1290 1446 1367 virgo
1475 1289 1721 1362 Christi,
1756 1299 1816 1352 et
1844 1291 2027 1372 spiri-

378 1375 479 1438 tali
510 1377 726 1454 gaudio
785 1386 873 1438 est
903 1377 1152 1458 repleta,
1189 1390 1248 1438 et
1279 1397 1525 1440 currens
1571 1380 1889 1457 prehendit
1920 1399 2026 1459 pe-

379 1466 509 1539 des,
570 1467 630 1527 in
687 1485 790 1527 eos
839 1467 1079 1546 quidem
1145 1467 1400 1529 fundens
1458 1467 1768 1548 lacrymas,
1823 1478 2030 1548 petens

378 1563 601 1626 autem,
637 1563 699 1615 ut
728 1574 844 1616 non
880 1574 980 1616 eas
1011 1556 1374 1636 despiceret,
1405 1557 1508 1618 sed
1550 1557 2030 1620 desiderantibus

379 1644 631 1705 salutem
667 1645 1024 1716 attenderct,
1062 1654 1121 1706 et
1149 1664 1267 1706 non
1328 1646 1750 1707 intermitteret
1781 1647 2026 1721 docere,

381 1733 732 1809 admonere,
766 1735 827 1795 in
886 1753 1012 1794 eam
1045 1735 1194 1795 viam
1229 1751 1360 1816 qua)
1409 1735 1567 1796 ducit
1593 1735 1663 1796 ad
1720 1735 2019 1799 Christum
2046 1767 2081 1815 Β

379 1822 708 1897 deducere,
767 1833 826 1884 et
877 1832 938 1885 ut
987 1824 1173 1886 semel
1225 1824 1444 1900 dicam,
1506 1826 1764 1886 externis
1822 1826 2023 1888 omnia

381 1911 594 1974 efﬁcis.

460 2001 560 2063 VI.
596 2000 742 2064 Cum
767 2011 962 2066 autem
998 2003 1243 2064 vidisset
1275 2004 1600 2065 monachus
1633 2005 1720 2066 six
1753 2004 2022 2065 aﬁ‘ectam

383 2091 767 2169 virginem,et
793 2111 1061 2173 quamam
1088 2101 1287 2154 essent
1317 2093 1707 2171 interrogavit
1733 2093 2026 2173 protinus,

383 2188 442 2240 et
463 2181 963 2260 quemadmodum
987 2183 1074 2244 sic
1095 2192 1364 2244 errarent
1385 2183 1444 2243 in
1463 2183 1674 2244 insula.
1717 2182 2030 2263 Postquam

382 2279 578 2331 autem
602 2271 890 2333 intellexit
912 2291 1042 2334 esse
1067 2272 1306 2353 quidem
1333 2291 1434 2333 eas
1450 2290 1671 2350 genere
1703 2274 2026 2348 Romanas,

384 2372 671 2424 externas
721 2381 860 2424 vero
894 2373 953 2423 et
997 2372 1267 2425 errantes
1322 2373 1569 2443 propter
1617 2363 1938 2437 Christum,
1974 2370 2031 2423 et

385 2450 543 2529 quod
578 2453 908 2527 procedere
941 2462 999 2514 et
1039 2452 1230 2514 videri
1261 2453 1334 2514 ab
1363 2452 1661 2532 aliquibus
1693 2469 1765 2514 ex
1802 2451 1896 2522 iis,
1928 2451 2032 2534 qui

386 2539 482 2600 hic
511 2548 734 2615 sunt,et
754 2550 923 2624 turpe
941 2552 1120 2616 est,et
1153 2562 1268 2603 non
1293 2552 1384 2605 est
1417 2549 1659 2604 omnino
1687 2541 2028 2615 ferendum,

386 2627 929 2709 Atqui,inquit,vos
953 2651 1187 2714 quoque
1215 2633 1344 2692 volo
1379 2633 1589 2693 eadem
1615 2632 1690 2693 de
1717 2650 1810 2692 me
1838 2631 2032 2692 exsis-

388 2718 782 2782 tituare.Nam
806 2722 932 2802 ipse
963 2741 1201 2802 quoque
1233 2741 1364 2781 sum
1390 2722 1699 2802 hospes,et
1727 2719 2032 2798 hujusloci

387 2807 632 2868 omnino
660 2809 922 2886 ignarus,
949 2819 1013 2873 ut
1043 2812 1139 2890 qui
1174 2829 1206 2870 e
1229 2811 1414 2871 sacris
1445 2811 1594 2871 locis
1628 2813 1803 2876 modo
1831 2815 2030 2877 enavi-

387 2897 673 2971 gaverim.
706 2899 1028 2975 Postquam
1055 2899 1213 2959 enim
1250 2898 1372 2961 illic
1397 2899 1477 2958 fui
1500 2901 1684 2976 gratia
1712 2903 2024 2981 prationis,

388 2982 462 3043 ad
485 3001 674 3045 meam
703 3006 859 3048 nunc
885 2988 1186 3050 descendo
1216 2988 1490 3066 patriam.
1526 2989 1674 3051 Eum
1704 2991 1902 3074 itaque
1932 2994 2027 3054 in-

391 3075 707 3152 terrogavit
733 3075 930 3150 beata,
965 3078 1272 3156 cujusnam
1300 3086 1458 3137 esset
1481 3077 1762 3151 civitatis,
1795 3090 1852 3142 et
1881 3100 2029 3162 qua-

389 3179 527 3222 nam
543 3182 678 3225 esse
695 3166 982 3244 dignitate
1002 3165 1697 3246 praeditusExistimabat
1713 3172 1868 3231 enim
1892 3190 2030 3233 eum

394 3269 528 3312 esse
556 3253 1219 3335 episcopum,quantum
1239 3255 1540 3333 conjicere
1564 3268 1798 3338 poterat
1822 3279 1889 3322 ex
1923 3262 2032 3322 ha-

394 3341 657 3404 bitu.llle
677 3345 1108 3416 autem,Patria
1133 3344 1781 3425 quidem,inquit,mihi
1812 3358 1901 3411 est
1924 3350 2030 3412 Ca-

392 3432 500 3494 ria:
527 3433 733 3496 civitas
761 3435 1197 3516 vero,Mylassa.
1219 3437 1325 3500 Est
1349 3449 1547 3497 autem
1576 3438 1723 3499 mihi
1749 3440 1878 3501 talis
1908 3458 2037 3501 ves-

391 3521 779 3585 timentorum
807 3525 1071 3605 habitus,
1096 3526 1255 3603 quod
1288 3525 1397 3586 sint
1433 3526 1741 3608 presbyter
1769 3537 1826 3589 et
1859 3548 2036 3608 parvo

391 3611 624 3673 cuidam
659 3615 826 3692 gregi
861 3617 1120 3695 praesim,
1155 3616 1374 3693 magni,
1407 3616 1674 3695 inquam,
1709 3637 1774 3678 ex
1816 3617 2032 3680 Christi

393 3698 707 3780 discipulis
735 3705 1013 3776 Andreae,
1055 3723 1274 3765 nomen
1326 3715 1520 3766 autem
1558 3707 1702 3767 mihi
1735 3717 1823 3768 est
1872 3719 2028 3781 (nam

399 3788 509 3850 hoc
531 3809 768 3872 quoque
793 3794 952 3854 voles
977 3794 1226 3854 fortasse
1249 3795 1425 3867 scire)
1450 3795 1837 3857 Paulus.Eam
1866 3815 2026 3870 vero,

396 3894 529 3937 cum
558 3879 668 3940 hoc
691 3884 1176 3956 nomeu,Paulus,
1207 3883 1514 3957 audiisset,
1539 3886 1698 3964 cepit
1721 3905 1836 3946 non
1859 3904 2033 3966 parva

395 3967 895 4050 admiratioquud
919 3991 1051 4032 cum
1078 3981 1308 4034 orasset
1334 3972 1506 4033 talem
1533 3974 1651 4034 sibi
1679 3975 1807 4035 dari
1828 3975 2036 4052 magis-

395 4062 573 4133 trum,
613 4059 804 4138 qualis
849 4062 1086 4122 Thecla}
1141 4063 1513 4140 apparuisset
1552 4061 1792 4138 Paulus,
1829 4082 2038 4143 preces

397 4146 555 4207 Deus
581 4151 916 4211 celerrime.
943 4151 1035 4212 vel
1069 4149 1262 4229 potius
1284 4159 1423 4212 ante
1449 4169 1654 4231 preces
1685 4171 1814 4213 eam
1847 4172 2032 4214 exau-

394 4234 674 4315 disset,ut
697 4239 838 4300 illud
861 4241 1130 4301 dicamus
1147 4239 1578 4312 Davidicum,in
1605 4240 1800 4300 cordis
1816 4259 2037 4321 praepa-

395 4325 625 4389 ratione
656 4349 670 4388 :
705 4337 757 4390 et
786 4329 880 4390 hic
905 4331 1002 4408 qui
1029 4339 1154 4390 erat
1180 4331 1232 4390 ei
1257 4328 1634 4408 appariturus
1658 4329 1897 4410 Paulus,
1918 4346 2034 4390 non

394 4413 583 4474 solum
617 4419 728 4490 rei,
758 4419 861 4478 sed
891 4419 1068 4479 etiam
1119 4418 1377 4479 nominis
1403 4418 1634 4478 futurus
1660 4427 1786 4480 erat
1810 4418 2032 4480 socius.

394 4502 539 4563 Cum
568 4504 843 4585 lacrymis
867 4526 1007 4585 ergo
1041 4508 1348 4588 implesset
1384 4507 1610 4581 oculos,
1643 4511 1764 4570 Deo
1793 4507 2032 4588 quidem
2063 4499 2098 4544 υ

397 4609 666 4671 magnam
693 4597 1020 4673 gratiarum
1049 4597 1366 4658 actionem.
1391 4594 1572 4656 Paulo
1606 4608 1800 4656 autem
1828 4595 2042 4658 obtulit

395 4681 912 4765 supplicationem,
937 4695 995 4746 ut
1029 4694 1183 4747 esset
1215 4684 1269 4745 ei
1304 4693 1469 4765 pater
1491 4686 1820 4746 secundum
1853 4685 2038 4766 spiri-

406 4779 550 4844 tum,
581 4783 632 4834 et
661 4783 776 4835 tota
803 4777 1087 4855 penderet
1137 4774 1208 4836 ab
1238 4776 1368 4854 ejus
1398 4792 1542 4836 cura
1562 4785 1620 4835 et
1654 4774 2036 4854 providentia.

400 4859 506 4922 Ille
530 4881 668 4924 vero
704 4882 715 4925 :
751 4864 808 4927 Si
842 4867 933 4926 hic
961 4866 1227 4945 quidem,
1256 4866 1461 4945 inquit,
1500 4864 1649 4938 sitis,
1687 4884 1801 4925 non
1837 4873 2041 4943 potero

399 4950 561 5010 vobis
605 4954 865 5032 amplius
908 4955 1213 5032 nodessc,
1249 4962 1310 5014 ut
1345 4959 1444 5033 qui
1481 4953 1606 5032 ipse
1639 4972 1874 5033 quoque
1932 4959 2042 5012 sim

401 5041 641 5120 hospes,
676 5054 732 5104 et
759 5047 814 5102 iu
859 5062 958 5104 vos
988 5045 1046 5104 in
1094 5043 1349 5104 transitu
1381 5043 1690 5104 inciderim
1730 5063 1742 5104 :
1776 5054 1834 5102 et
1867 5044 2044 5103 maxi-

403 5149 495 5190 me
523 5150 655 5190 cum
695 5151 802 5192 nec
836 5134 1054 5214 possim
1090 5131 1333 5213 quidem
1385 5132 1642 5212 amplius
1667 5141 2040 5212 exspectare,

398 5217 646 5298 Oportet
699 5223 881 5300 enim,
919 5223 1133 5302 inquit,
1167 5240 1272 5281 nos
1325 5223 1563 5292 reverti,
1599 5240 1836 5300 gregem
1894 5240 2037 5283 nos-

399 5316 551 5371 trum
586 5311 942 5373 visitaturus.
979 5314 1093 5371 Vos
1126 5322 1346 5385 autem,
1381 5312 1430 5371 si
1481 5311 1715 5384 voletis,
1753 5310 2042 5373 abeuntes

399 5415 506 5458 nos
531 5401 888 5479 sequamini.
925 5401 1018 5462 Sic
1054 5401 1212 5460 enim
1247 5401 1375 5478 ipse
1403 5419 1639 5480 quoque
1685 5420 1788 5481 pro
1814 5399 2042 5463 viribus

402 5500 558 5546 cura:
587 5498 844 5548 vestrum
878 5490 1154 5564 gerendae
1185 5507 1298 5547 non
1332 5487 1535 5551 deero.

487 5591 516 5682 ί,
536 5590 713 5666 Osee,
745 5611 828 5670 VI,
861 5597 923 5658 3.

2051 3135 2091 3185 C

2104 755 2463 833 ἀπροσκόπως
2509 756 2560 810 αἱ
2616 757 2860 811 ταπειναὶ
2919 754 3290 832 δυνηθείημεν,
3370 760 3601 813 ταῦτα
3662 769 3841 825 προσ·

2108 844 2436 925 ευχομὲνης,
2472 843 2656 923 εὒρέθη
2701 847 2889 910 αὐταῖς
2946 848 3008 902 τὸ
3038 853 3130 903 τοῦ
3189 846 3405 925 Ὠσηὲ,
3457 834 3578 904 Ὠς
3650 838 3840 916 ὄρθρος

2111 933 2330 1007 ἅτοιμος
2382 936 2409 988 ὃ
2463 935 2613 1007 Θεὸς,
2646 935 2743 1000 τὴν
2803 935 2965 992 νύκτα
3022 941 3126 991 τῶν
3168 933 3491 1014 Sus-lupina
3564 928 3841 987 διαλύων.

2114 1025 2273 1088 Εὐθὺς
2344 1024 2442 1101 γὰρ
2487 1020 2761 1099 ἅνθρωπός
2806 1045 2886 1085 τις
2945 1025 3150 1102 ἑωρᾶτο
3208 1031 3301 1083 τοῦ
3374 1021 3658 1095 λιμένος
3725 1015 3841 1092 ἄρτι
3937 1024 3940 1026 ’

2113 1114 2242 1190 πρὸς
2276 1114 2434 1177 αὐτὰς
2484 1113 2668 1190 ἀνιὼν,
2699 1111 2887 1175 πολιὸς
2937 1114 3037 1180 τὴν
3069 1113 3252 1193 τρίχα,
3284 1115 3353 1170 τὸ
3396 1109 3595 1171 εἶδος
3653 1108 3842 1170 ἀσκη-

2113 1204 2310 1274 τικὸςς,
2346 1201 2441 1269 τῆν
2486 1201 2608 1276 ὄψιν
2671 1203 2939 1280 λαμπρὸς,
2972 1203 3059 1258 καὶ
3117 1205 3192 1266 ὡς
3249 1201 3313 1258 ἄν
3348 1221 3462 1266 τις
3539 1197 3748 1269 εἴποι,
3783 1194 3840 1249 τὸ

2114 1291 2327 1363 σύμπαν
2360 1290 2673 1368 ἂγγελικός.
2728 1297 2924 1348 Τοῦτον
2980 1293 3013 1360 ἡ
3068 1299 3164 1348 τοῦ
3213 1296 3482 1370 Χριστοῦ
3555 1285 3842 1364 παρθένος

2111 1379 2290 1437 ἰδοῦσα
2341 1386 2516 1458 χαρᾶς
2574 1400 2632 1434 τε
2685 1386 3050 1454 πνευματικῆς
3110 1380 3472 1459 ἐπληροῦτο,
3533 1377 3646 1433 καὶ
3709 1372 3842 1450 δραο

2114 1477 2285 1545 μοῦσα
2340 1471 2444 1526 τῶν
2482 1466 2654 1525 ποδῶν
2708 1469 2924 1549 εἴχετο,
2977 1469 3173 1548 δάκρυα
3213 1471 3312 1545 μὶν
3356 1470 3590 1526 αὑτῶν
3658 1484 3838 1521 κατα-

2113 1559 2340 1640 χέουσα,
2375 1558 2659 1633 αἰτουμένη
2709 1557 2764 1615 δὲ
2795 1565 2872 1634 μὴ
2903 1557 3144 1636 παριδεῖν
3203 1559 3372 1633 ὅλως,
3417 1554 3601 1614 ἀλλὰ
3653 1573 3834 1632 πρω-

2113 1664 2276 1728 σχεῗν
2361 1649 2626 1722 σωτηρίας
2709 1649 3061 1729 ἐφιεμέναις,
3157 1651 3246 1707 καὶ
3327 1650 3421 1723 μὴ
3535 1642 3839 1702 διαλιπεῖν

2111 1737 2448 1811 διδάσκοντα,
2496 1747 2878 1814 παραινοῦντα,
2913 1741 3044 1814 πρὸς
3097 1739 3196 1803 τὴν
3249 1741 3324 1803 εἰς
3355 1741 3568 1796 Θεὸον
3627 1734 3834 1814 φέρου-

2108 1851 2205 1885 σαν
2249 1826 2564 1906 ὀδηγοῦννα,
2619 1829 2706 1883 καὶ
2762 1827 3082 1885 ωνελοῦσαν
3152 1829 3333 1908 φάναι,
3407 1829 3635 1885 πάντα
3705 1834 3833 1880 ταῖς

2108 1917 2277 1985 ξέναις
2309 1920 2446 1985 ἡμῖν
2478 1918 2783 1994 γινόμενον,

2189 2009 2298 2082 ς’.
2355 2008 2506 2064 Καὶὸ
2538 2007 2780 2086 μοναχὸς
2840 2005 3002 2072 οὕτως
3033 2006 3156 2064 ἰδὼν
3205 2007 3459 2088 ἔχουσαν
3499 2005 3624 2072 τὴν
3674 2022 3829 2078 παρ-

2112 2096 2283 2171 θένον,
2319 2098 2458 2159 τίνες
2503 2117 2560 2152 τε
2624 2097 2740 2153 εἷεν
2785 2096 2932 2160 εὐθὺς
2988 2096 3266 2175 ἐπηρώτα,
3313 2096 3415 2153 καί
3459 2095 3646 2159 ὅπως
3680 2090 3828 2175 οὕτω

2115 2191 2270 2244 πόναι
2301 2187 2417 2256 περὶ
2461 2187 2556 2252 τὴν
2614 2190 2774 2251 νῆσον
2818 2183 3072 2247 ἀλῶνται,
3135 2187 3327 2242 Μαθὼν
3379 2183 3450 2241 δὲ
3508 2183 3606 2240 ὅτι
3678 2173 3821 2238 Ῥω-

2116 2289 2276 2350 μαῖαι
2323 2277 2420 2349 μὲν
2451 2276 2513 2331 τὸ
2573 2274 2748 2353 γένος,
2783 2271 2922 2339 ξέναι
2963 2273 3018 2331 δὲ
3049 2272 3134 2330 διὰ
3192 2276 3323 2331 Θεὸν
3350 2275 3452 2330 καὶ
3511 2267 3817 2346 ἆλήτιδεσ,

2114 2369 2202 2422 καὶ
2232 2366 2313 2421 ὅτι
2374 2367 2462 2421 καὶ
2493 2366 2552 2420 τὸ
2584 2362 2862 2442 προελθεῖν
2904 2365 3063 2428 αὖνὰς
3093 2365 3182 2420 καὶ
3238 2364 3483 2444 ὀφθῆναί
3513 2383 3642 2418 τισι
3706 2358 3816 2416 τῶν

2115 2456 2355 2532 ἐνταῦθα,
2389 2457 2462 2517 ὡς
2524 2456 2786 2533 αἰσχύνην
2830 2455 2984 2533 φέροιο
3029 2452 3140 2510 ἐστι
3193 2455 3278 2510 καὶ
3330 2453 3488 2515 ὅλως
3544 2451 3657 2508 οὒκ
3712 2448 3815 2504 ἆν-

2116 2547 2292 2617 εκτὸν,
2329 2543 2479 2602 Ἀλλ’
2534 2546 2668 2618 ὑμᾶς
2729 2565 2814 2621 γε,
2848 2543 2950 2622 ἔφη
3012 2544 3098 2599 καὶ
3148 2545 3267 2622 περὶ
3313 2543 3454 2617 ἐμοῦ
3523 2541 3807 2618 βούλομαι

2114 2644 2278 2693 ταῦτα
2336 2630 2755 2706 ὑπολαμϐάνει-ι’
2839 2631 2984 2697 Ξένος
3055 2631 3154 2710 γὰρ
3209 2632 3382 2711 κάγὼ,
3446 2633 3556 2688 καὶ
3638 2629 3807 2685 τόπου

2117 2721 2265 2782 τοῦδε
2321 2723 2659 2778 παντάπασιν
2720 2721 2955 2800 etiam,
3017 2721 3132 2800 ἄρτι
3178 2725 3282 2778 τῶν
3346 2724 3521 2799 ἱερῶν
3588 2720 3798 2776 ἀποπε-

2109 2813 2352 2876 πλεῦκὼς
2412 2812 2615 2872 τόπων.
2687 2811 2845 2868 Ἐκεῖ
2918 2813 3017 2887 γὰρ
3088 2812 3374 2888 γενόμενος
3452 2811 3796 2887 προσευχῆς

2112 2903 2294 2982 χάριν,
2331 2909 2415 2958 νῦν
2472 2903 2602 2976 πρὸς
2633 2901 2732 2968 τὴν
2784 2899 3005 2978 πατρίδα
3041 2900 3380 2980 κατέρχομαι
3442 2901 3559 2966 τὴν
3625 2897 3786 2972 ἐμήν.

2114 2992 2312 3069 Ἵ1ρετο
2369 2999 2495 3067 γοῦν
2557 2993 2587 3058 ἡ
2641 2989 2896 3066 μακαρία,
2928 2990 3021 3045 καί
3066 2990 3220 3053 ποίας
3272 2997 3331 3047 ῦν
3373 2989 3475 3056 εἴη
3545 2985 3789 3047 πόλεως.

2116 3083 2164 3138 τί
2221 3081 2273 3137 δὲ
2345 3082 2434 3137 καὶ
2486 3082 2546 3136 τὸ
2611 3078 2815 3154 ἀξίωμα
2872 3081 2900 3134 ὃ
2966 3076 3345 3155 περιϐέϐληται
3421 3078 3551 3157 (καὶ
3615 3073 3785 3139 ἔδοξεν

2116 3171 2407 3226 ἐπίσκοπον
2465 3170 2619 3226 αὐτὸν
2649 3169 2816 3245 εἶναι,
2850 3166 2974 3223 ὅσον
3031 3167 3137 3223 ἀπὸ
3166 3173 3258 3222 τοῦ
3307 3179 3619 3246 σχήματος
3648 3165 3785 3227 ὑπῆν

2118 3261 2346 3332 ἐννοεῖν)
2435 3249 2493 3316 Ὀ
2539 3256 2616 3332 δὲ,
2657 3259 2846 3332 Πατρὶς
2905 3255 3002 3331 μὲν
3033 3255 3174 3330 ἐμοὶ,
3215 3255 3341 3332 ἔφη,
3377 3258 3578 3331 Καρία,
3628 3250 3780 3313 πόλις

2117 3349 2170 3426 δε
2205 3346 2481 3420 Μύξασσα,
2517 3351 2712 3426 σχῆμα
2756 3344 2810 3401 δὲ
2839 3352 2907 3421 τῇ
2951 3343 3118 3420 στολῇ
3161 3343 3366 3401 τοιόνδε
3397 3345 3477 3418 τῷ
3537 3339 3775 3420 πρεσϐύ-

2117 3461 2268 3515 τερον
2329 3438 2472 3494 εἶναί
2529 3457 2621 3514 με,
2655 3437 2742 3491 καὶ
2800 3435 2991 3502 ποίνῆς
3055 3434 3302 3511 ἡγεῖσθαι
3346 3431 3411 3502 δή
3460 3455 3620 3494 τινος
3669 3430 3774 3486 ὀλί-

2118 3549 2241 3606 γης,
2282 3533 2368 3582 τοῦ
2425 3520 2687 3602 μεγᾶλου,
2722 3524 2883 3602 φημὶ,
2917 3545 3024 3579 των
3075 3530 3302 3601 Χριστοῦ
3343 3525 3613 3597 μαθητῶν
3643 3519 3769 3576 Ἀν-

2116 3617 2286 3694 δρέου’
2338 3616 2506 3673 ὄνομα
2565 3613 2618 3670 δέ
2672 3637 2762 3688 μοι
2810 3611 3090 3690 (βουλήσει
3147 3613 3247 3689 γὰρ
3299 3633 3387 3668 και
3444 3617 3613 3667 τοῦτο
3665 3627 3767 3694 μα·
3809 3649 3813 3652 -

2114 3693 2252 3777 est»)
2307 3703 2532 3771 Παῦλος.
2570 3704 2677 3770 Τὴν
2723 3701 2777 3756 δὲ
2831 3703 2917 3773 τὸ,
2949 3700 3181 3780 Παῦλος,
3214 3701 3519 3756 ἀκούσασαν
3565 3693 3761 3770 θάμεος

2116 3799 2174 3852 οὒ
2232 3797 2422 3872 μικρὸν
2482 3797 2624 3866 ﬁget,
2685 3792 2830 3853 ὅπως
2911 3789 3199 3861 εὐξαμένης
3258 3787 3580 3847 διδάσὸαλον
3637 3786 3758 3858 «uti

2115 3893 2353 3941 τοιοῦτον
2408 3883 2604 3939 ὁποῖον
2661 3881 2727 3947 δὴ
2758 3882 2844 3936 καὶ
2901 3879 3077 3956 Θέιιλῃ
3123 3882 3214 3935 τὸν
3249 3877 3457 3937 Παῦλον
3509 3875 3752 3956 φανῆναι,

2116 3975 2394 4051 ταχύτατα
2425 3977 2523 4038 τῆς
2581 3971 2750 4048 εὒχῆς
2783 3972 2811 4024 ὁ
2858 3971 2989 4033 Θεὸς
3042 3967 3247 4043 μᾶλλον
3277 3966 3330 4024 δέ
3387 3968 3476 4023 καὶ
3507 3967 3610 4044 πρὸ
3664 3965 3753 4051 τῆς

2121 4066 2312 4142 elatis,
2347 4060 2540 4128 ἤκουσε
2598 4061 2817 4134 ταύτης,
2849 4057 2942 4113 ἵνα
2972 4058 3033 4114 τὸ
3060 4064 3154 4114 τοῦ
3203 4054 3372 4112 Δαϐἰδ
3400 4055 3669 4131 εἴποιμεν,
3699 4049 3747 4104 ἐν

2119 4140 2332 4228 τῇητῆς
2389 4147 2602 4228 καρδίας
2663 4149 2964 4226 ἑτοιμασίᾳ,
3017 4146 3106 4203 καὶ
3157 4149 3310 4210 οὗτος
3361 4145 3426 4213 ἧν
3474 4145 3500 4201 ὃ
3555 4140 3752 4219 μέλλων

2119 4245 2435 4323 ὀφθήσεσθαι
2505 4239 2670 4305 ταύτη
2754 4236 2959 4302 Παῦλος
2991 4284 3008 4316 ,
3069 4239 3130 4294 οὗ
3197 4236 3509 4314 πράγματος
3573 4231 3737 4323 μόνον,

2120 4320 2258 4388 ἀλλὰ
2367 4331 2456 4385 καὶ
2540 4328 2801 4401 ὀνόματος
2885 4328 3029 4399 αὖτῷ
3133 4329 3427 4384 κοινωνῶν,
3520 4320 3741 4396 Δακρύων

2123 4421 2211 4477 οὖν
2292 4421 2414 4482 τούς
2499 4416 2801 4496 ὀφθαλμοὺς
2884 4417 3161 4487 πλήσασα,
3236 4410 3448 4478 πολλὴν
3522 4417 3592 4483 τῷ
3650 4403 3731 4479 μέν

2122 4516 2239 4583 θεῷ
2321 4509 2416 4575 τὴν
2511 4503 2882 4586 εὔχαρεστίαν,
2970 4510 3046 4577 τῷ
3125 4501 3321 4574 Παύλῳ
3388 4501 3443 4557 δὲ
3525 4497 3726 4586 προσῆγε

2121 4599 2221 4666 τὴν
2271 4597 2522 4676 ἱκετείαν,
2576 4595 2817 4673 γενέσθαι
2878 4595 3011 4668 αὐτῇ
3066 4593 3203 4648 κατὰ
3258 4598 3467 4664 πνιῦμα
3531 4583 3723 4676 Πατέρα,

2122 4691 2211 4745 καὶ
2243 4687 2376 4754 ὅλην
2433 4667 2629 4752 δὶίτὴν
2689 4684 2893 4750 ἐκείνης
2937 4680 3190 4739 ὑπελθεῖν
3248 4681 3524 4758 πρόνοιαν.
3565 4668 3615 4734 ’0
3663 4667 3728 4739 δὲ,

2125 4776 2406 4848 Ἐνταῦθα,
2442 4775 2538 4849 μὲν
2592 4773 2778 4850 οὔσης,
2825 4772 3009 4851 φησὶν,
3063 4768 3208 4829 οὐδέν
3266 4791 3318 4825 τι
3375 4765 3538 4823 πλέον
3570 4767 3726 4851 ὀνῆσαι

2125 4865 2343 4928 δυνατὸς
2402 4866 2616 4940 ἔσομαι,
2648 4862 2791 4927 ξένος
2849 4859 2923 4917 ὢν
2980 4860 3069 4916 καὶ
3111 4859 3266 4924 αὒτὸς
3308 4859 3397 4914 καὶ
3435 4855 3572 4912 κατὰ
3619 4849 3730 4924 πάρ-

2124 4954 2246 5012 οδον
2305 4953 2437 5028 ὑμῖν
2495 4938 2726 5031 ἐτυχὼν,
2785 4951 2873 5006 καὶ
2925 4947 3100 5010 ἄλλως
3159 4946 3276 5006 οῦδὲ
3319 4945 3626 5022 προσμένειν
3671 4938 3728 4992 ἔτι

2125 5043 2288 5100 πϐἑον
2350 5056 2465 5107 οῖος
2495 5029 2732 5098 ὢνίήδεῖ
2793 5039 2891 5116 γὰρ
2935 5037 3268 5111 ἐπανελθεῖν,
3301 5036 3464 5113 quoi,
3499 5029 3731 5121 thve\£1:~f'

2127 5139 2234 5188 τῶν
2291 5133 2524 5206 ποίμνην
2584 5131 2730 5204 ἡμᾶς
2791 5127 3264 5202 ἐπισκεψομένους,
3321 5125 3411 5181 καὶ
3459 5124 3616 5198 ὑμεῖς
3671 5114 3726 5186 δὶ,

2126 5221 2280 5299 εἴπερ
2326 5218 2676 5296 βουλομέναις
2726 5216 2835 5272 ἐστὶ
2878 5218 3056 5289 τοῦτο,
3102 5217 3344 5271 ἀπιοῦσιν
3373 5213 3512 5286 ἧμῖν
3557 5209 3729 5286 ἕψεσθε⁹

2127 5313 2264 5367 οὒιω
2320 5311 2420 5388 γὰρ
2452 5310 2536 5364 καὶ
2591 5308 2744 5372 αὒτὸς
2805 5305 2953 5362 ουἘὲν
3013 5305 3111 5373 τῆς
3153 5303 3289 5362 κατὰ
3345 5300 3567 5378 δύναμιν
3619 5300 3733 5374 ὑμῶν

2126 5399 2374 5479 προνοίας
2407 5399 2679 5476 ὀλιγωρῶν
2709 5396 2923 5472 ἔσομαι,
