3996 6178
239 290 402 363 9m
477 274 480 277 .

1600 283 1801 348 ‘VITA
1846 286 1931 348 S.'
1969 283 2328 350 EUSEBI/E.

3539 282 3656 350 990

369 432 463 496 Z'.
526 429 676 490 Ἐπεὶ
750 427 839 486 οὗν
867 434 872 438 ”
903 422 1148 502 ἀσμένως
1199 424 1319 482 τόν
1350 447 1404 482 τε
1464 423 1624 503 λόγον
1669 422 1926 494 ἐδέξαντο,

2098 421 2222 486 VII.
2259 423 2403 486 Cum
2439 442 2525 486 eae
2557 430 2751 486 autem
2786 421 2867 498 id,
2904 420 3060 505 quod
3091 421 3340 494 dixerat,
3375 420 3654 484 lubenter

259 528 386 580 καὶ
479 521 786 578 ἀκολουθεῖν
868 515 1283 596 ἐπηγγείλαντο,
1353 513 1528 570 λαϐὼν
1604 515 1792 587 αὐτὰς,
1860 513 1933 573 εἷς

267 612 586 669 Μύλασσαν
647 612 747 677 τὴν
812 607 968 664 πόλιν
1032 607 1302 684 καταίρει,
1351 606 1618 677 οἰκήματα
1661 625 1716 658 τε
1748 605 1934 662 αὕτατς

266 704 342 758 εὖ
395 701 599 781 ἔχοντα
634 701 766 777 πρὸς
804 699 1063 776 ἡσυχίαν,
1100 695 1326 761 πλησίον
1371 700 1465 750 τοῦ
1524 695 1664 768 ἱεροῦ
1705 690 1882 747 δίδωσι
1919 709 1932 722 ·

264 790 416 846 ἔνθα
474 792 563 846 καὶ
606 789 764 846 οἷκον
827 787 1102 863 εύκτήριον
1161 783 1307 850 Ξέ-ιη
1360 783 1614 861 Στεφάνῳ
1667 789 1742 856 τῷ
1783 800 1933 856 πρω-

267 881 582 957 τομάρτυρι
626 879 833 949 ἆνιστᾷ.
895 875 1078 938 Ἐντὸς
1133 871 1186 928 δὲ
1238 871 1418 949 ὀλίγου
1449 871 1646 951 χρόνου
1678 871 1766 925 καὶ
1796 889 1937 957 πορ-

267 956 462 1026 θένων
509 970 781 1035 συνίστησι
841 964 1226 1042 μοναστήριον,
1289 967 1394 1016 τῶν
1425 963 1578 1037 ἱερῶν
1610 966 1699 1016 τοῦ
1733 956 1939 1014 Παύλου

274 1056 586 1138 φροντίδων
669 1058 762 1112 γαί
853 1055 982 1113 αὐτὸ
1067 1053 1432 1129 ἀναρτήσασα.
1513 1047 1695 1107 Οὒδενί
1757 1047 1936 1122 μέντοι

272 1137 423 1226 ⁴παρ’
469 1147 604 1216 ὅλην
639 1147 802 1212 αὒτῆς
836 1145 951 1226 τὴν
981 1142 1125 1214 ζωὴν
1158 1141 1426 1219 γνώριμον
1484 1138 1706 1218 ὑπῆρξε,
1763 1137 1840 1201 τίς
1880 1157 1938 1191 τε

273 1225 384 1311 ἦνς
421 1243 508 1295 καὶ
538 1239 722 1309 πόθεν,
768 1237 856 1292 καὶ
887 1225 954 1290 δι’
1005 1233 1070 1300 ἣν
1117 1231 1286 1287 αἰτίαν
1319 1237 1427 1286 τῶν
1458 1229 1666 1285 οἰκείων
1712 1227 1938 1305 ἂναχω·

276 1330 483 1403 ρήσοι,
529 1327 624 1383 καὶ
659 1326 771 1386 πῶς
804 1323 869 1391 δὴ
905 1322 1128 1379 καλοῖτο
1166 1337 1179 1350 °
1234 1319 1372 1375 ἀλλὰ
1401 1319 1549 1384 Ξένη
1578 1319 1707 1394 πρὸς
1739 1317 1939 1376 πάντας

277 1416 529 1476 ἔφασκεν
588 1416 960 1489 ὀνομάζεσθαι,
1023 1412 1111 1466 καὶ
1172 1418 1324 1466 τοῦτο
1382 1413 1516 1484 αὒτῇ
1585 1407 1755 1482 ὄνομα
1797 1405 1939 1461 εἶναι

275 1507 502 1585 κύριον,
539 1504 689 1584 ἔλεγε
751 1525 831 1573 τε,
865 1504 951 1558 καὶ
995 1500 1225 1578 λέγουσα
1277 1499 1476 1560 ἔπειθε.
1513 1500 1609 1556 Καὶ
1641 1495 1846 1558 Παῦλος
1885 1494 1940 1549 δὲ

278 1601 309 1652 δ
380 1597 670 1672 μακάριος,
716 1607 832 1656 τοῖς
896 1593 1164 1670 ἐρωτῶσιν
1225 1589 1286 1645 ἐκ
1344 1594 1444 1654 τῆς
1495 1593 1583 1646 Κῶ
1625 1587 1720 1653 τῆς
1778 1586 1941 1654 νήσου

283 1686 482 1763 λέγων
527 1687 686 1748 αὐτὰς
735 1685 988 1761 ἀγαγεῖν,
1025 1681 1120 1738 οὐκ
1153 1679 1349 1736 ἄπιστα
1406 1678 1583 1756 λέγειν
1627 1675 1742 1736 οὐδὲ
1773 1671 1940 1751 ψευδῆ

286 1776 601 1850 ἐνομίζετο.
638 1774 794 1832 ’Ὅθεν
850 1774 914 1839 δὴ
972 1772 1060 1827 καὶ
1116 1773 1178 1826 τὸ
1219 1770 1575 1846 μοναστήριον
1608 1771 1794 1828 αὒταῐς
1839 1771 1944 1820 τῶν

288 1865 474 1925 Kr.va
505 1865 720 1941 ἐλέγετο
752 1863 921 1940 εἶναι,
984 1859 1392 1924 ἇκολουθοῦντος
1452 1856 1658 1924 δηλαδὴ
1695 1863 1787 1912 τοῦ
1818 1852 1943 1911 ὀνό-

294 1976 483 2030 ματος
525 1961 593 2030 τῇ
619 1959 727 2009 τῶν
785 1950 1000 2008 πολλῶν
1057 1949 1180 2026 δόξῃ
1221 1949 1308 2004 καὶ
1365 1962 1484 2010 τοῖς
1534 1944 1940 2025 φημιζομένοις.

291 2043 570 2123 Κυρίλλου
628 2042 682 2098 δὲ
726 2052 819 2100 τοῦ
860 2041 958 2108 τῆς
1001 2039 1212 2102 πόλεως
1271 2039 1372 2105 τὴν
1429 2036 1732 2101 ἐπισκοπὴν
1763 2034 1946 2090 ἐπιτε-

286 2133 608 2210 τραμμένου
679 2139 969 2199 τηνικαῦτα
1052 2131 1143 2186 τὸν
1230 2129 1341 2203 βίον
1421 2126 1803 2201 ἐιπολιιιτοντος⁷
1879 2129 1946 2194 τῇ

291 2223 463 2280 πόλει
522 2228 714 2284 κοινῶς
796 2220 1077 2297 ὲψηρίζετο
1161 2219 1252 2275 τὸν
1307 2224 1397 2273 τοῦ
1458 2214 1713 2289 Κυρίλλοο
1763 2215 1948 2291 θρόνον

292 2313 399 2369 τὸν
453 2311 666 2368 Παῦλον·
704 2308 1010 2366 ἄντιλαϐεϊν
1047 2323 1060 2338 ⁸
1109 2308 1137 2362 ὃ
1193 2305 1257 2372 δὴ
1288 2307 1378 2362 καὶ
1421 2304 1570 2368 τέλος
1605 2305 1748 2368 εὐθὺς
1791 2303 1944 2382 εἶχε,

294 2404 394 2459 καὶ
423 2403 525 2469 τὴν
552 2402 892 2481 χειροτονίαν
923 2401 1075 2458 οὗτος
1108 2394 1356 2475 ἐδέχετο.

388 2491 484 2549 H'.
521 2480 744 2565 'Aps'lst
791 2488 884 2544 καί
920 2486 1173 2566 πρόεδρος
1207 2485 1358 2544 οὗτος
1407 2481 1692 2546 Μυλὰσσης
1731 2480 1947 2537 ἀναδει-

304 2585 488 2662 χθεὶς,
548 2583 712 2637 πείθει
765 2580 850 2634 καὶ
894 2579 990 2644 τὴν
1046 2577 1224 2642 Ξέιην
1289 2575 1380 2629 τὸν
1427 2573 1692 2648 ἱερατικὸν
1747 2573 1950 2664 βαθμὸν

307 2670 599 2744 ἀναϐῆναι,
657 2670 746 2726 καὶ
827 2680 1131 2749 Λειροτονεῐ
1189 2665 1392 2729 ταύτην
1457 2661 1720 2716 διάκοναν.
1790 2661 1948 2722 Ἠτυς

315 2760 439 2817 ἒπεὶ
486 2762 579 2827 τὴν
624 2765 718 2826 τῆς
777 2758 1040 2821 διακονίας
1085 2755 1369 2819 ἐπιστεύθη
1400 2752 1560 2824 τιμὴν
1602 2750 1781 2829 (ἀξίως
1826 2750 1946 2824 μὲν,

319 2850 580 2912 ἀκουσίως
626 2849 729 2927 δὲ),
777 2853 872 2907 οὒκ
908 2845 1058 2903 ἔστιν
1103 2847 1274 2900 εἰπεῖν
1305 2843 1446 2905 ὅσοις
1491 2842 1675 2904 πόνοις
1705 2843 1766 2896 τὸ
1798 2847 1952 2913 σῶμα

321 2938 614 3018 παρέδωκε,
687 2939 778 2994 καὶ
849 2936 1083 3011 μάλιστα
1141 2933 1308 3012 τρυὼῇ
1375 2933 1518 3001 πάσῃ
1580 2933 1641 2986 τὸ
1699 2931 1952 3008 πρότερον

319 3032 407 3088 καὶ
451 3030 699 3101 εὐπαθείᾳ
762 3025 1150 3100 συνειθιεμένον
1184 3040 1197 3053 ”
1262 3023 1440 3080 καινόν
1482 3044 1600 3078 τινα
1642 3019 1807 3082 ὅντως
1868 3023 1956 3077 καὶ

2019 513 2475 592 accepissent,et
2491 533 2554 575 se
2567 533 2703 575 eum
2720 533 2852 576 esse
2867 521 3172 574 secuturas
3189 512 3650 590 significassent,

2020 601 2093 662 iis
2125 607 2412 682 acceptis,
2448 604 2620 664 solvit
2651 605 2710 664 in
2743 603 3047 683 Mylassam
3081 603 3406 678 civitatem,
3441 601 3660 681 datque

2021 693 2108 754 eis
2128 693 2466 755 habitacula
2479 695 2552 756 ad
2573 697 2830 774 quietem
2847 694 3294 756 accommodata
3310 710 3494 773 prope
3515 699 3665 754 tem-

2024 783 2183 862 plum
2217 804 2228 844 :
2257 802 2372 864 quo
2392 784 2451 844 in
2478 786 2608 845 loco
2632 784 2872 845 domum
2899 801 3137 864 quoque
3154 783 3471 844 oratoriam
3500 781 3659 843 exci-

2025 881 2102 933 tat
2126 871 2368 953 Hospita
2383 871 2683 954 Stephano
2705 872 3318 954 protomartyrilntra
3342 871 3520 933 breve
3545 889 3658 931 au-

2021 972 2135 1022 tem
2165 975 2389 1036 tempus
2411 966 2700 1023 constituit
2722 969 2889 1024 etiam
2915 968 3326 1023 monasterium
3350 963 3661 1035 Virginum,

2023 1049 2079 1111 id
2101 1069 2336 1132 quoque
2361 1069 2545 1112 sacrae
2570 1051 2736 1112 Pauli
2757 1069 2915 1112 curae
2933 1050 3494 1113 committens.’l‘oto
3519 1065 3658 1108 vero

2023 1149 2291 1221 tempore
2318 1141 2451 1220 ejus
2469 1141 2601 1202 vita;
2625 1159 2804 1202 nemo
2847 1141 3141 1217 cognovit,
3173 1159 3442 1221 quaenam
3476 1145 3658 1203 esset.

2024 1249 2136 1292 nec
2166 1231 2423 1310 cujas,et
2448 1240 2692 1311 propter
2716 1249 3036 1308 quamnam
3070 1250 3307 1292 causam
3340 1248 3373 1290 a
3405 1227 3528 1291 suis
3557 1246 3659 1290 re-

2024 1321 2392 1392 cessisset,et
2409 1321 2709 1402 quomodo
2726 1329 3059 1381 vocaretur:
3087 1321 3188 1380 sed
3211 1319 3446 1381 dicebat
3469 1316 3662 1378 omni-

2024 1409 2230 1484 bus,se
2253 1411 2448 1470 vocari
2474 1409 2778 1486 Hospitim
2812 1428 2824 1472 :
2852 1409 3092 1471 dicebat
3114 1410 3226 1472 hoc
3245 1409 3362 1469 sibi
3388 1425 3522 1470 esse
3547 1425 3658 1467 no-

2027 1518 2161 1560 men
2196 1498 2869 1579 prOprium,etdicendo
2905 1498 3314 1578 persuadebat.
3329 1500 3515 1560 Porro
3545 1514 3658 1556 au-

2025 1597 2143 1649 tem
2179 1589 2389 1649 beatus
2412 1607 2650 1668 quoque
2674 1587 2891 1649 Paulus
2923 1588 3132 1650 dicens
3158 1584 3664 1665 interrogantibus

2025 1697 2088 1740 se
2113 1678 2436 1739 adduxisse
2453 1679 2591 1740 illas
2615 1697 2684 1739 ex
2699 1676 2778 1740 Co
2803 1675 3537 1751 insula,necincredibilia
3555 1691 3665 1736 nec

1969 1795 2004 1846 3
2028 1768 2172 1829 falsa
2196 1766 2506 1828 videbatur
2521 1767 3046 1840 dicere.Quocirca
3064 1785 3272 1830 earum
3293 1781 3530 1847 quoque
3545 1781 3668 1825 mo-

2029 1858 2354 1919 nasterium
2372 1856 3415 1938 dicebaturesseCoorum,sequente
3438 1853 3668 1916 scilicet

2032 1946 2275 2008 nomine
2309 1947 2632 2008 multorum
2667 1947 3102 2028 opinionem,et
3134 1966 3202 2008 ea
3233 1964 3364 2028 quas
3393 1944 3549 2005 fama
3564 1943 3662 2024 ja-

2031 2035 2341 2098 ctabantur
2370 2038 2518 2098 Cum
2546 2044 2742 2097 autem
2769 2036 3150 2117 Cyrillus,cui
3173 2035 3367 2098 fuerat
3388 2032 3666 2095 commis.

2033 2145 2133 2187 sus
2165 2127 2420 2188 civitatis
2453 2126 2863 2206 episcopatus,
2901 2135 3040 2187 tunc
3071 2143 3104 2188 e
3131 2127 3248 2186 vita
3282 2121 3664 2197 excessisset,

2031 2216 2335 2278 communi
2366 2215 2624 2279 civitatis
2659 2216 2938 2295 suffragio
2965 2215 3333 2289 decernitur,
3367 2223 3431 2274 ut
3461 2214 3522 2274 in
3553 2211 3664 2294 Cy-

2029 2306 2148 2367 rilli
2181 2306 2326 2367 sede
2356 2305 2574 2367 Paulus
2604 2306 2889 2367 succedat
2923 2325 2937 2364 :
2984 2306 3141 2386 quod
3173 2304 3414 2385 quidem
3451 2311 3511 2365 et
3541 2311 3670 2364 sta-

2032 2397 2134 2457 tim
2168 2397 2349 2457 ﬁnem
2384 2396 2637 2475 accepit,
2664 2405 2723 2456 et
2745 2395 2795 2456 is
2828 2395 2934 2456 fuit
2965 2395 3296 2458 ordinatus.

2114 2485 2264 2548 VIII.
2298 2485 2426 2548 Jam
2460 2504 2602 2546 vero
2648 2487 2698 2547 is
2747 2495 2983 2547 creatus
3009 2485 3370 2566 Mylassenus
3401 2483 3664 2554 antistes,

2033 2573 2293 2654 Hospita:
2328 2593 2563 2656 quoque
2597 2575 3013 2655 persuadetmt
3044 2576 3113 2636 ad
3148 2591 3384 2636 sacrum
3421 2573 3668 2650 gradum

2033 2667 2548 2738 ascendat,eteam
2574 2665 2811 2725 ordinat
2834 2663 3407 2736 diaconissam.Quaa
3429 2663 3669 2743 quidem

2034 2769 2338 2830 postquam
2359 2759 2460 2814 fuit
2479 2759 2603 2829 ejus
2628 2757 2759 2814 ﬁdei
2781 2758 3085 2815 mandatus
3111 2757 3291 2815 honor
3315 2759 3674 2818 diaconatus,

2036 2863 2217 2920 quem
2257 2845 2606 2906 merebatur
2636 2844 2911 2925 quidem,
2949 2844 3132 2904 invita
3160 2854 3363 2904 tamen
3395 2841 3666 2922 accepit:

2037 2934 2153 2995 dici
2178 2952 2294 2994 non
2323 2934 2780 3015 potest,quantis
2794 2953 3011 3013 corpus
3029 2934 3342 2996 tradiderit
3367 2931 3675 2995 laboribus

2038 3032 2095 3084 et
2126 3025 2382 3086 maxime
2413 3025 2569 3104 quod
2597 3033 2724 3085 erat
2747 3032 3050 3086 assuetum
3092 3023 3326 3086 deliciis
3349 3033 3410 3084 et
3431 3021 3678 3084 lautitiis

313 3119 462 3186 ξένον
491 3121 526 3187 ἡ
561 3119 709 3193 Ξένη
753 3117 995 3193 βιώσασα
1047 3116 1182 3192 βίον,
1217 3113 1305 3171 καὶ
1336 3113 1457 3168 οἷον
1485 3111 1642 3168 ἄυλον
1675 3113 1762 3167 καὶ
1804 3110 1953 3165 ἀσώ-

2040 3113 2342 3188 omnibus,
2368 3115 2688 3193 quamdam
2719 3131 2860 3176 vere
2886 3132 3092 3175 novam
3127 3123 3185 3176 et
3213 3115 3470 3175 al;enam
3496 3113 3674 3173 vitam

316 3230 515 3286 ματον,
549 3211 622 3271 ὡς
653 3209 738 3264 καὶ
789 3207 978 3270 αὐτοὺς
1023 3203 1274 3278 δαίμονας
1324 3200 1587 3280 πόῤῥωθει
1616 3201 1953 3278 ὕποφρίσσειν

2038 3216 2247 3263 sectata
2272 3217 2322 3262 et
2339 3208 2507 3276 plane
2530 3217 2909 3271 extrrnatn,et
2932 3208 3105 3265 veluti
3128 3209 3678 3276 materiaaexpertem

311 3303 417 3365 τὴν
474 3299 774 3371 ἀποτομίαν
835 3295 930 3361 τῆς
991 3295 1240 3372 ἀγωγῆς,
1299 3294 1386 3348 καὶ
1443 3289 1579 3366 μηδέ
1639 3289 1958 3355 πλησιάσειν

316 3389 462 3452 ὅλως
509 3387 687 3464 ἐκείνῃ
731 3384 958 3460 τολμᾷν,
1009 3383 1082 3439 "H
1128 3403 1188 3459 γε
1236 3380 1435 3439 λύουσα
1479 3380 1576 3453 μὲν
1608 3377 1868 3442 πολλάκις
1897 3378 1956 3432 τὸ

316 3479 459 3535 πάνυ
505 3478 750 3533 σύντονον
809 3476 898 3530 καὶ
957 3473 1129 3552 τραχὺ
1173 3471 1270 3538 τῆς
1315 3471 1619 3542 ἀσκήσεως,
1668 3469 1762 3523 οὒκ
1811 3467 1958 3529 ἐντὸς

321 3569 408 3625 δύο
463 3570 550 3624 καὶ
623 3571 781 3644 τριῶν
876 3563 1080 3630 ἧσθιειν
1137 3563 1375 3637 ἡμερῶν.
1437 3558 1568 3614 ’Ὅτε
1626 3555 1679 3612 δὲ
1738 3557 1959 3633 ἀγώνων

326 3659 551 3730 ἥπτετο,
612 3657 699 3711 καὶ
759 3651 1052 3732 ἀκριϐείας,
1114 3654 1185 3712 ὡς
1233 3652 1401 3724 εἰκὸς,
1465 3647 1684 3726 εἴχετο,
1743 3647 1828 3702 καὶ
1886 3647 1958 3706 εἰς

319 3749 460 3804 ἑπτὰ.
522 3745 843 3824 παρέτεινειν
893 3742 1096 3810 ἄσιτος,
1152 3741 1334 3814 νόμοις
1390 3738 1682 3818 μαχομένη
1726 3736 1954 3816 φύσεως,

321 3836 414 3895 διὰ
449 3839 537 3894 τὸν
572 3837 738 3910 νόμον
795 3840 887 3888 τοῦ
931 3833 1255 3905 πνεύματος.
1309 3829 1454 3892 Πλὴν
1504 3826 1641 3882 ἀλλὰ
1673 3829 1760 3882 καὶ
1791 3825 1957 3890 οὕτως

323 3927 427 4002 ὀψὲ
487 3925 582 3982 καί
641 3923 798 3999 μόλις
859 3924 932 3984 εἰς
976 3922 1177 3996 τροφὴν
1234 3929 1507 3990 κατιοῦσα,
1569 3916 1657 3972 καὶ
1714 3917 1843 3993 πρὸς
1901 3919 1961 3971 τὸ

321 4023 484 4088 σῶμα
537 4012 622 4070 διὰ
672 4015 762 4069 τὸν
825 4007 1115 4084 σύνδεσμον
1168 4007 1438 4082 βλέψασα,
1504 4007 1652 4062 οῗνου
1710 4004 1806 4080 μὲν
1866 4007 1960 4062 καὶ

325 4104 531 4183 ἐλαίου,
567 4103 809 4182 λαχάνου
852 4121 932 4179 τε,
987 4100 1149 4177 φημὶ,
1199 4099 1288 4153 καὶ
1317 4096 1536 4173 ὀσπρίου
1593 4109 1681 4150 καὶ
1739 4097 1958 4167 παντὸς,

329 4197 403 4258 ὡς
446 4195 642 4272 εἰπεῖν,
678 4193 706 4247 ὃ
737 4190 820 4247 διὰ
865 4191 1027 4265 πυρὸς
1058 4188 1180 4267 ἔχει
1215 4188 1313 4254 τὴν
1344 4191 1568 4265 χρῆσιν,
1616 4184 1754 4245 ὅλως
1804 4183 1961 4240 ἀπεί-

332 4305 492 4363 χετο,
531 4284 654 4360 πρὸς
687 4280 741 4338 δὲ
773 4282 862 4336 καὶ
919 4279 1017 4334 ὅσα
1075 4277 1320 4356 φέρουσιν
1352 4277 1485 4346 ὧραι
1521 4275 1730 4330 πάντων
1765 4274 1960 4348 ὁμοίως

333 4374 589 4448 ἄγευστος
656 4373 719 4440 ἦν
750 4386 764 4402 ³
831 4367 971 4448 ἄρτῳ
1038 4366 1088 4422 δὲ
1135 4368 1282 4440 μόνῳ
1322 4367 1419 4432 τὴν
1460 4365 1646 4442 χρείαν
1703 4364 1961 4442 ἐπλήρου,

329 4463 418 4518 καὶ
463 4469 646 4518 τοῦτον
686 4466 789 4540 οὐχ
833 4459 1020 4521 ἁπλῶς
1065 4460 1152 4514 καὶ
1190 4456 1400 4520 ἀπόνως
1458 4454 1810 4533 προσιεμένη,
1843 4453 1961 4509 ἀλλ’

2042 3301 2098 3353 et
2123 3295 2542 3370 incorpoream
2583 3293 2773 3354 :adeo
2807 3302 2872 3352 ut
2897 3301 3194 3354 austeram
3228 3294 3358 3372 ejus
3389 3292 3562 3352 vitam
3587 3289 3677 3350 vel

2043 3382 2248 3461 procul
2303 3382 2620 3443 horrerent
2659 3382 2991 3460 daemones,
3046 3392 3106 3443 et
3140 3399 3252 3442 nec
3281 3381 3572 3442 auderent
3604 3377 3676 3440 ad

2043 3489 2171 3532 eam
2222 3471 2472 3531 omnino
2527 3471 2838 3532 accedere.
2903 3471 3042 3543 Quae
3073 3471 3313 3551 quidem
3347 3488 3480 3529 cum
3516 3486 3676 3547 saepe

2043 3562 2301 3622 solveret
2328 3560 2623 3622 intensam
2650 3573 2709 3620 et
2729 3579 2997 3640 asperam
3024 3559 3536 3629 exercitationem,
3559 3575 3680 3618 non

2045 3655 2192 3710 intra
2215 3655 2458 3710 duorum
2483 3664 2577 3711 aut
2604 3654 2777 3709 trium
2807 3654 3026 3710 dictum
3056 3655 3299 3724 spatium
3320 3651 3680 3709 comedebat.

2045 3740 2294 3813 Quando
2353 3749 2548 3800 autem
2615 3738 2687 3799 ad
2721 3738 3054 3800 certamina
3086 3749 3358 3800 accurate
3390 3747 3448 3799 et
3479 3745 3684 3798 exacte

2042 3829 2712 3908 aggrediebatur,etiam
2737 3830 2807 3890 ad
2834 3838 3062 3908 septem
3086 3847 3279 3908 usque
3302 3830 3431 3890 dies
3451 3846 3684 3908 perma-

2046 3920 2472 3999 nebatjejuna,
2491 3938 2761 4000 pugnans
2784 3937 2916 3979 cum
2940 3928 3165 3980 natura}
3183 3919 3416 3998 legibus
3442 3927 3686 3998 propter

2049 4011 2240 4088 legem
2266 4009 2886 4090 spiritus.Quinetiam
2909 4027 3042 4070 cum
3068 4009 3154 4068 sic
3177 4026 3413 4088 quoque
3435 4009 3524 4068 vix
3555 4018 3648 4068 tan
3667 4040 3684 4053 ο

2049 4100 2185 4160 dem
2209 4101 2524 4160 accederet
2546 4100 2618 4159 ad
2640 4100 2840 4159 cibum
2867 4097 3247 4178 capiendum,
3285 4107 3342 4157 et
3365 4097 3438 4158 ad
3471 4114 3687 4176 corpus

2050 4205 2213 4269 prop'
2229 4189 2610 4249 ervinculum
2625 4189 3024 4264 intueretur,a
3043 4189 3177 4248 vino
3191 4187 3435 4265 quidem
3453 4185 3682 4259 etoleo,

2049 4289 2105 4340 et
2129 4279 2202 4338 ab
2229 4279 2497 4339 oleribus
2522 4289 2579 4340 et
2605 4279 3104 4357 leguminibus,et
3134 4297 3167 4339 a
3193 4276 3554 4358 quolibet.ut
3584 4294 3681 4336 se-

2051 4368 2165 4428 mel
2190 4367 2532 4447 dicam,quo
2555 4368 2676 4447 igni
2697 4368 2943 4430 admoto
2977 4367 3475 4440 utimur,omnino
3499 4366 3686 4427 absti-

2051 4462 2222 4518 nebat
2254 4461 2433 4518 Porro
2455 4473 2644 4518 autem
2670 4462 2898 4518 nullum
2926 4477 3156 4532 quoque
3179 4462 3424 4518 fructum
3449 4459 3690 4517 omnino

751 4524 789 4540 η.
1501 4524 1510 4530 .
1648 4524 1656 4527 .
1796 4524 1809 4533 .

332 4551 518 4612 αὒτοῒς
554 4549 774 4626 δάκρυσι
821 4549 1114 4627 βρέχουσα,
1148 4553 1214 4621 τῇ
1263 4543 1443 4617 σποδῷ
1496 4565 1551 4598 τε
1582 4551 1673 4600 τοῦ
1702 4546 1953 4615 (iugata-:13.

2053 4547 2347 4637 gustabat,
2383 4547 2488 4608 sed
2539 4548 2667 4608 solo
2731 4565 2880 4627 pane
2913 4524 3317 4609 satisl’acicbat
3350 4546 3694 4637 necessitati

330 4641 444 4718 ρίου
475 4641 896 4718 προσμᾶσσιυσα
935 4656 946 4668 ⁸
980 4639 1050 4691 ὡς
1099 4635 1232 4710 μηδὲ
1269 4637 1330 4690 τὸ
1363 4633 1572 4702 ἐσθίειν,
1609 4633 1636 4687 ὃ
1666 4637 1822 4706 κοινῇ
1850 4644 1953 4688 τοῖς

2052 4645 2274 4698 natura:
2309 4633 2322 4694 Ξ
2359 4647 2415 4696 et
2445 4656 2553 4698 nec
2588 4656 2725 4698 eum
2759 4638 2910 4698 adeo
2934 4637 3145 4698 leviter
3181 4647 3237 4697 et
3261 4635 3690 4698 citralabnrem

263 4793 272 4801 Α
329 4728 640 4809 φιλοπόνοις
671 4729 782 4784 ἐστὶ
810 4727 992 4802 μετρία
1025 4725 1387 4802 παράκλησις,
1416 4723 1612 4779 ἄπονον
1642 4726 1775 4796 αὖτῇ
1797 4721 1953 4792 ’.εἶναι1

2051 4727 2535 4800 admittebat,sed
2561 4746 2695 4788 eum
2721 4728 2994 4808 lacrymis
3014 4728 3385 4807 irt'igabat,et
3406 4723 3692 4787 thuribuli

331 4819 423 4873 καί
459 4817 818 4879 κακοπαθείας
851 4815 1143 4892 ἐλεύθερον.
1839 4899 1845 4900 7

2051 4816 2254 4876 cinere
2286 4818 2642 4896 asper-gebat
2665 4817 2712 4891 9,
2751 4825 2812 4877 ut
2845 4836 2954 4879 nec
3009 4820 3200 4898 ipsum
3232 4818 3476 4900 quidem
3503 4813 3692 4889 vesci,

330 4907 490 4986 quod
541 4905 951 4967 communiter
980 4902 1294 4965 laboriosis
1345 4901 1497 4962 solet
1527 4918 1661 4961 esse
1718 4899 2043 4966 mediocris
2087 4907 2437 4986 consolatio,
2474 4908 2528 4967 ei
2565 4918 2725 4968 esset
2773 4905 2920 4968 citra
2949 4908 3233 4982 laborem,
3270 4919 3329 4969 et
3377 4907 3630 4968 liberum
3665 4921 3697 4962 a

333 4997 470 5057 mali
505 4994 914 5076 perpessione.

411 5086 502 5149 ϐ’,
537 5088 637 5142 Καὶ
681 5088 832 5146 οὗτος
876 5087 1071 5156 τρόπος
1117 5090 1184 5158 τῇ
1229 5082 1377 5148 Ξένη
1423 5081 1646 5160 τροφῆς,
1682 5077 1806 5157 παρ’
1839 5079 1953 5147 ὅληε

2136 5083 2232 5148 IX.
2262 5085 2394 5146 Fuit
2417 5095 2614 5146 autem
2641 5085 2901 5164 Hospitis
2930 5086 3026 5147 hic
3051 5105 3116 5148 se
3144 5086 3450 5148 nutriendi
3486 5085 3698 5146 modus

332 5179 496 5240 αὐτῆς
536 5176 634 5241 τὴν
679 5176 847 5248 ζωὴν,
883 5175 956 5236 ὡς
989 5174 1074 5228 καὶ
1107 5174 1270 5238 αὒτὴν
1324 5173 1460 5245 μετὰ
1495 5169 1657 5226 Δαϐὶδ
1687 5176 1780 5226 τοῦ
1807 5171 1945 5228 θείου

2057 5191 2162 5251 per
2191 5181 2370 5235 totam
2408 5194 2574 5235 suam
2629 5176 2834 5251 vitam,
2869 5182 3019 5238 sieo
3081 5185 3142 5238 ut
3171 5183 3298 5258 ipsa
3329 5196 3462 5238 cum
3495 5175 3696 5237 divino

330 5262 526 5320 σποδὸν
556 5266 687 5320 ὼσεὶ
737 5263 892 5341 ἄρτον
923 5275 1138 5340 φαγεῖν,
1188 5260 1282 5316 καὶ
1319 5266 1496 5337 κιρνᾷν
1530 5262 1591 5315 τὸ
1642 5262 1789 5332 πόμα
1834 5261 1953 5331 μετέ

2055 5261 2277 5322 Davide
2303 5265 2568 5326 cinerem
2596 5275 2876 5345 tanquam
2904 5284 3116 5344 panem
3144 5268 3578 5339 comederet,et
3600 5283 3698 5344 po-

329 5352 620 5428 κλαυθμοῦ,
687 5363 861 5411 Ταυτα
915 5349 968 5404 δὲ
1015 5360 1264 5422 ποιοῦσα,
1297 5353 1387 5405 καὶ
1431 5349 1596 5412 οὕτως
1628 5349 1784 5425 ἄρτον
1843 5347 1953 5403 ὀδύ-

2054 5359 2175 5412 tum
2201 5372 2333 5414 cum
2361 5356 2500 5415 Iletu
2529 5356 2802 5415 misceret
2827 5355 3028 5416 illaec
3053 5366 3251 5418 autem
3278 5359 3593 5429 faciens,et
3615 5353 3700 5414 sic

330 5465 424 5506 νης
456 5442 716 5520 ἐσθίουσα,
776 5441 867 5497 ’ίνα
917 5442 1007 5496 καὶ
1067 5443 1211 5502 αὖθις
1256 5442 1322 5495 τὰ
1379 5450 1473 5496 του
1531 5435 1690 5495 Δαϐὶδ
1735 5437 1953 5517 φθέγξω-

2056 5459 2267 5513 panem
2295 5443 2520 5505 doloris
2543 5444 2868 5506 comedens
2890 5447 2974 5524 (ut
2993 5464 3206 5509 rursus
3231 5448 3593 5528 dicam,quze
3617 5443 3702 5505 di-

407 5601 439 5651 3
467 5601 623 5693 Psal.
656 5615 739 5691 ct,
771 5603 870 5661 to.
957 5599 990 5650 5
1017 5597 1168 5661 ibid.
