3996 6178
224 315 377 386 993

1605 319 1788 385 VITA
1838 321 1896 383 S.
1945 315 2307 384 ΕΗΒΕΒΙιΕ.

3528 317 3643 382 994

220 467 318 534 τῷ
394 467 594 538 μετρίῳ
650 458 1080 540 συγκεκριμένον
1136 459 1223 514 καὶ
1277 459 1338 514 τὸ
1395 453 1736 535 φιλάδελφον.
1803 462 1908 510 Κυ-

2009 454 2465 517 roreszDominae
2490 451 2899 530 meaa,dicens,
2927 459 2983 513 et
3003 470 3384 532 sorores,ego
3404 453 3647 533 quidem

223 551 358 628 ρίαι
402 573 506 627 μου
550 551 647 607 καί
694 547 936 628 ἀδελφαὶ,
971 547 1224 626 λέγουσα,
1258 545 1366 623 ἐγὼ
1409 545 1506 620 μὲν
1550 545 1649 610 τὴν
1712 540 1918 608 πολλὴν

226 640 413 713 ὑμῶν
465 642 583 716 περὶ
615 640 709 712 εμὲ
763 637 1086 712 κηδεμονίαν
1146 634 1376 712 ἀκριϐῶς
1436 633 1552 690 λίαν
1603 634 1915 710 ἐπίσταμαι,

231 729 344 784 καὶ
414 728 560 791 ὅπως
620 727 774 794 ξένης
834 729 926 784 καὶ
981 723 1306 795 πλαντξτιδος
1351 723 1513 789 οὔσης
1570 720 1920 778 αντελάϐεσθέ

232 839 367 892 μου
431 822 529 884 τῆς
587 817 882 887 ἀσθενείας,
943 817 1032 872 καὶ
1090 816 1224 872 εἴσω
1270 816 1376 872 τῶν
1427 813 1694 888 ὑμετέρων
1747 811 1920 867 ἔθεσθε

233 905 650 988 σπλάγχνων,
722 909 807 964 καὶ
881 905 1264 984 φιλανθρώπως
1335 907 1480 979 ἡμᾶς
1553 902 1915 976 ῴκειώσασθεο

236 994 407 1052 ἀλλὰ
450 997 544 1054 καί
617 997 774 1053 τανῦν
830 996 980 1071 ὑμῶν
1035 993 1244 1074 δέομαι,
1309 994 1390 1049 ναὶ
1447 989 1645 1068 σφόδρα
1707 989 1916 1065 δέομαι,

238 1083 409 1160 μηδὲ
466 1085 729 1152 ἀπιούσης
761 1083 902 1160 λήθῃ
930 1087 992 1140 τὸ
1042 1083 1174 1158 ἰμὺν
1203 1083 1405 1162 δοῦναι,
1437 1080 1576 1137 ἀλλὰ
1607 1083 1694 1137 καὶ
1737 1077 1921 1153 πολλῷ

237 1173 475 1248 μᾶλλον
534 1173 754 1243 αύξῆσαι
807 1175 866 1230 τὸ
918 1172 1157 1252 φίλτρον,
1190 1171 1286 1229 καί
1339 1173 1439 1232 τὴν
1500 1170 1636 1245 ἑμην
1697 1168 1922 1242 μνήμην

240 1265 610 1344 ἀνάγραπτον
653 1268 779 1329 ταῖς
810 1265 955 1338 ὑμῶν
1006 1261 1174 1327 ὁσίαις
1217 1260 1511 1340 ἐγχαράξαι
1563 1264 1798 1339 ψυχαῖς,
1832 1259 1920 1315 καὶ

237 1355 423 1412 ἁνίκα
467 1353 512 1410 δ’
543 1355 606 1410 ἃν
658 1356 746 1411 καὶ
792 1358 910 1426 Θεῷ
965 1351 1362 1431 προσέρχησθε,
1397 1351 1483 1406 καὶ
1526 1363 1717 1428 χεῖρας
1774 1348 1920 1410 ὁσίας

239 1444 465 1522 αῗρητε
509 1445 640 1523 πρὸς
697 1445 878 1516 αύτὸν,
937 1443 1024 1499 καὶ
1079 1440 1210 1516 ἐμοῦ
1266 1444 1364 1506 τῆς
1422 1437 1664 1502 εύτελοῦς
1707 1439 1817 1513 (καὶ
1873 1439 1923 1493 τί

240 1538 366 1612 γὰρ
399 1531 535 1590 ἄλλο
566 1533 603 1602 ἢ
647 1530 839 1598 δούλης
899 1533 1044 1606 δμῶν
1087 1551 1103 1601 ;
1145 1530 1298 1597 εἴητε
1342 1529 1706 1604 μεμνημέναι,
1741 1526 1919 1588 τὶῦτως

238 1624 376 1702 ὶγὼ
419 1625 566 1694 ζῶσα
622 1623 710 1678 καὶ
753 1621 1012 1684 ἀθάνατος
1073 1618 1290 1694 ἔσομαι,
1342 1621 1429 1674 καὶ
1467 1620 1604 1692 μετὰ
1661 1616 1813 1679 τέλος
1868 1614 1922 1671 εἴ

239 1732 341 1775 τις
399 1711 656 1779 αἴσθησις
699 1707 1053 1789 διαφερόντως
1112 1709 1440 1782 ἡσθήσομαι.
1500 1713 1604 1764 Νῦν
1663 1706 1784 1782 γὰρ,
1847 1707 1919 1761 ὡς

2005 562 2492 625 magnam,quam
2519 543 2636 604 mei
2660 543 2948 622 gessistis,
2985 561 3186 603 curam
3221 551 3385 604 recte
3417 543 3566 617 scio,
3589 552 3647 604 et

2004 635 2510 713 quemadmodum
2574 651 2706 693 cum
2761 650 2954 693 essem
3019 642 3265 694 externa
3316 642 3375 692 et
3414 650 3643 706 errans,

2006 741 2200 784 meam
2253 723 2608 800 suscepistis
2640 721 3128 784 imbecillitatem.
3168 731 3225 782 et
3274 721 3427 783 intra
3459 731 3650 783 vestra

2004 811 2237 874 viscera
2272 812 2616 892 posueritis,
2645 829 2860 891 meque
2893 809 3151 890 benigne
3173 810 3336 871 vobis
3368 811 3650 874 eﬂ'ecistis

2003 901 2383 981 familiarem,
2411 901 2526 962 Sed
2565 920 2724 961 nunc
2760 900 2906 961 mihi
2940 899 3106 962 vobis
3135 910 3225 961 est
3257 919 3426 981 opus,
3453 900 3646 973 valde,

2002 990 2343 1070 inquam,et
2366 1009 2538 1070 opus,
2573 1003 2638 1053 ut
2671 1007 2782 1052 nec
2816 1007 2951 1050 cum
2985 1006 3316 1063 recessero,
3346 1008 3442 1051 me
3475 1007 3647 1050 man-

2006 1079 2162 1140 detis
2185 1079 2609 1142 oblivioni:sed
2645 1079 2831 1140 multo
2859 1080 3047 1157 magis
3071 1097 3337 1140 amorem
3361 1079 3648 1156 augeatis,

2005 1177 2062 1230 et
2083 1167 2201 1230 mei
2228 1169 2577 1230 memoriam
2602 1169 2661 1230 in
2685 1167 2898 1229 vestris
2923 1168 3144 1230 sanctis
3167 1168 3388 1229 animis
3417 1169 3650 1229 descri-

2004 1267 2161 1338 ptam
2215 1269 2274 1320 et
2318 1259 2673 1338 impressam
2725 1267 3096 1319 conservetis
3130 1279 3144 1318 :
3180 1266 3237 1318 et
3291 1257 3530 1336 quando
3579 1257 3652 1318 ad

2008 1346 2190 1408 Deum
2226 1348 2548 1420 accedetis,
2587 1356 2644 1408 et
2676 1355 2914 1408 sanctas
2961 1365 3170 1407 manus
3200 1346 3272 1405 ad
3302 1348 3494 1425 ipsum
3533 1345 3650 1405 tol-

2005 1434 2318 1498 letis.meae
2338 1455 2572 1516 quoque
2592 1436 2836 1498 humilis
2858 1447 2918 1497 et
2935 1436 3275 1514 abjectee,et
3297 1435 3437 1514 quid
3464 1436 3648 1510 aliud,

2006 1525 2122 1586 nisi
2148 1535 2361 1588 vestrae
2381 1526 2644 1588 ancillae?
2665 1527 2792 1586 sitis
2816 1525 3241 1586 memores.Sic
3271 1543 3379 1601 ego
3403 1542 3504 1584 ero
3528 1527 3656 1585 viva

2005 1622 2066 1677 et
2097 1615 2480 1677 immortalis.
2516 1625 2574 1676 et
2622 1624 2754 1696 post
2785 1615 2963 1676 linem
2999 1615 3047 1675 si
3091 1615 3252 1675 ullus
3285 1622 3371 1674 est
3417 1632 3649 1676 sensus.

2007 1703 2176 1765 valde
2207 1703 2653 1766 laetabor.Nunc
2685 1723 2820 1766 eum
2855 1715 3138 1786 quantum
3164 1721 3404 1784 possum
3426 1705 3649 1775 videre,

243 1805 396 1880 ὁρᾷν
451 1799 588 1881 ἔχω,
650 1799 805 1861 τέλος
863 1797 980 1877 ἔχει
1047 1799 1108 1853 τὰ
1171 1797 1290 1853 καθ’
1335 1798 1504 1871 ἡμᾶς,
1551 1795 1640 1851 καί
1711 1795 1778 1868 μέ
1843 1815 1922 1859 τις

2009 1793 2154 1853 milii
2199 1793 2335 1854 linis
2367 1794 2666 1872 imminet,
2699 1801 2759 1854 et
2788 1794 3057 1874 quaedam
3097 1793 3311 1872 premit
3351 1792 3652 1867 molestia,

244 1889 428 1958 ὀδύνη
485 1890 727 1968 συνέχει,
769 1888 865 1946 καί
927 1883 1090 1967 φόϐος
1149 1885 1376 1964 ἄρῤι,τος
1419 1882 1634 1942 διασείει
1683 1906 1784 1957 μου
1823 1885 1923 1951 τὴν

245 1978 512 2056 καρδίαν,
556 1980 633 2055 μή
671 2001 762 2052 μοι
808 1976 1065 2055 γένωνται
1109 1973 1358 2051 ἐμποδὼν
1413 1977 1463 2031 αἱ
1493 1973 1688 2030 πολλαί
1742 1974 1923 2051 ἀμαρ-

243 2071 371 2126 τίαι
429 2090 557 2145 μου,
618 2066 718 2125 καί
786 2071 888 2131 τῆς
963 2067 1094 2144 πρὸς
1171 2067 1302 2121 Θεὸν
1374 2062 1657 2141 ἀπείρξωσι
1723 2062 1916 2140 τρίϐου.

248 2157 425 2218 Ἀλλ’
484 2156 689 2235 εὕροιμι
732 2156 828 2220 τὰς
871 2157 1018 2230 ὗμῶν
1075 2155 1217 2223 ἱερὰς
1276 2154 1442 2233 εὐχὰς
1497 2151 1723 2229 ὁδηγοὺς
1782 2153 1922 2230 ἆγα-

247 2249 389 2320 θᾶς,
439 2249 529 2305 καὶ
572 2246 672 2313 τὴν
727 2243 846 2303 ὁδόν
922 2268 1014 2319 μοι
1077 2245 1272 2310 ταύτην
1339 2243 1740 2320 εὖμαριζούσας.
1811 2241 1920 2300 Κά-

249 2351 424 2396 κεῐνο
483 2334 538 2392 δὲ
576 2333 732 2393 πάλιν
763 2338 822 2393 οὗ
880 2336 1105 2412 μετρίως
1159 2334 1368 2410 θράττει
1418 2353 1521 2407 μου
1562 2331 1662 2397 τὴν
1707 2331 1918 2408 ψυχὴν,

255 2428 354 2485 ὅτι
393 2428 481 2483 καὶ
529 2424 736 2482 Παύλου
767 2431 856 2482 τοῦ
890 2425 1074 2480 κοινοῦ
1124 2422 1350 2500 πατέρος
1383 2418 1798 2494 ἀπολέλειμμαι,
1835 2422 1923 2475 καὶ

263 2515 395 2576 οῦδὲ
451 2516 607 2580 αὐτὸς
641 2514 756 2593 ἄρτι
811 2513 1071 2592 τυγχάνει
1126 2513 1308 2589 παρὼν
1346 2509 1760 2587 ὓπερευζόμενὸς
1822 2531 1923 2583 μου

263 2611 373 2674 τῆς
418 2603 749 2679 ἀποδημίας,
783 2602 878 2660 καί
935 2603 1148 2679 ἀγαθῶν
1202 2598 1428 2656 ἒλπίδων
1482 2601 1575 2655 οὒκ
1629 2598 1800 2676 ἔρημα
1860 2599 1925 2653 τὰ

267 2695 397 2752 ius!
458 2716 549 2768 μοι
590 2694 791 2762 θήσων·
860 2688 980 2748 ἀλλ’
1027 2691 1180 2765 ὅμεϊς
1230 2712 1292 2767 γε
1335 2689 1536 2746 ἐλθόντι
1589 2688 1803 2761 εἴπατε,
1839 2689 1928 2742 καὶ

272 2782 392 2839 ἀνθ’
456 2784 608 2857 ἡμῶν
665 2779 934 2857 ἐπιμελῶς
995 2780 1131 2836 πάνυ
1186 2778 1436 2850 δεήθητε,
1472 2779 1549 2853 μὴ
1593 2776 1928 2833 ἐπιλαθέσθαι

277 2881 410 2949 μού
445 2876 541 2939 τῆς
597 2873 800 2951 Ξένης,
834 2870 902 2939 ἢν
951 2871 1104 2936 αὐτὸς
1155 2877 1290 2925 κατὰ
1335 2870 1425 2925 τὸν
1480 2872 1711 2944 Χριστοῦ
1765 2864 1926 2942 λόγον

275 2963 572 3040 συνήγαγε,
607 2963 692 3018 καὶ
727 2962 856 3038 πρὸς
890 2959 1090 3026 ταύτην
1121 2957 1293 3038 ἤγαγε
1323 2959 1422 3026 τὴν
1465 2954 1606 3016 ὁδόν.

355 3049 462 3110 ΙΒ’.
529 3057 703 3108 Ταῦτα
745 3054 912 3116 αὐτῆς
961 3047 1248 3126 λεγούσης,
1312 3047 1531 3104 ἀστακτὶ
1574 3047 1634 3104 τὸ
1697 3043 1918 3122 δάκρυον

265 3141 470 3206 πάσαις
537 3139 751 3218 ἆπέρριι
809 3145 916 3196 τῶν
986 3136 1271 3218 ὀφθαλμῶν
1315 3137 1459 3212 λύπῃ
1527 3157 1583 3193 τε
1629 3133 1916 3213 ἆποῤῥήτῳ

264 3231 373 3298 τήν
431 3229 620 3309 ψυχὴν
684 3229 1103 3308 ἐσπαράττοντο,
1151 3226 1246 3283 καί
1322 3226 1514 3302 ἀθυμίᾳ
1575 3227 1914 3305 σανείχοντο,

263 3321 361 3377 καὶ
403 3321 560 3376 οἱονεὶ
615 3323 801 3386 κοινῆς
857 3319 1064 3394 μητρὸς
1120 3318 1209 3373 καὶ
1263 3314 1578 3396 φιλόπαιδος
1631 3315 1918 3389 ἆπιούσης,

266 3408 456 3482 κύκλῳ
500 3407 904 3487 περιιστάμεναι
961 3408 1061 3474 τὴν
1110 3406 1359 3486 ὀρφανίαν
1402 3405 1687 3484 ὠδύροντο⁶
1739 3403 1924 3476 πολλῷ

267 3496 323 3554 δὲ
371 3498 538 3557 πλέον
582 3504 687 3556 τῶν
732 3495 822 3554 δύο
877 3493 1259 3574 θεραπαινίδων
1319 3497 1507 3572 αύτῃς,
1561 3495 1622 3557 ἃς
1681 3494 1769 3551 καὶ
1826 3498 1924 3559 τῆς

271 3596 444 3668 φυγῆς
505 3588 636 3668 εἶχε
667 3588 755 3645 καὶ
806 3591 906 3654 τῆς
943 3586 998 3642 ἑν
1045 3591 1112 3662 τῇ
1155 3583 1276 3661 ξένῃ
1307 3582 1579 3662 διαγωγῆς
1615 3583 1922 3654 κοινωνοὺς,

267 3677 330 3734 τὸ
393 3678 559 3740 πάθος
591 3675 822 3745 ἥπτετο.
880 3674 1092 3733 Πολλοῦ
1148 3681 1298 3752 γοῦν,
1333 3675 1408 3736 ὡς
1454 3674 1618 3748 εἰκὸς,
1659 3670 1925 3745 κλαυθμοῦ

262 3767 361 3825 καὶ
409 3765 651 3844 οἰμωγῆς
707 3765 795 3822 καὶ
836 3764 1078 3845 ταράχου
1138 3761 1568 3841 συγκινηθέντος,
1618 3764 1690 3824 εἰς
1737 3761 1925 3817 οἶκτον

266 3856 375 3915 καί
420 3856 556 3924 αὒτῆ
601 3856 688 3912 καὶ
744 3853 941 3934 δάκρυα
981 3854 1150 3932 θερμᾶ
1208 3852 1544 3932 κατηνέχθη·
1593 3850 1737 3919 πλὴν
1788 3848 1924 3906 ἀλλὰ

263 3950 468 4005 θᾶττον
526 3945 661 4016 αύτή
696 3967 756 4001 τε
801 3966 857 4001 τε
912 3944 1196 4024 ἀνήνεγκε,
1229 3943 1500 4006 κάκείδαις
1531 3942 1757 4021 παρῄνει
1817 3945 1922 3996 τῶν

262 4035 508 4112 ὀδυρμῶν
579 4033 846 4114 ἀφεμένας
919 4033 1106 4097 ἑαυτὰς
1179 4032 1522 4112 εὖτρεπίζειν,
1599 4032 1696 4088 καῖ
1769 4036 1924 4088 τοῦτο

264 4123 480 4201 μᾶλλον
540 4135 794 4198 σκσπετν,
852 4122 1041 4188 ’Ὅπως
1112 4124 1188 4198 μὴ
1264 4121 1318 4178 ἐν
1381 4124 1452 4195 τῷ
1519 4121 1687 4193 τέλει,
1737 4121 1919 4200 φησὶν,

267 4214 396 4282 ἄξια
454 4212 693 4292 δακρύων
751 4214 788 4282 ἦ
849 4213 916 4268 τὰ
957 4212 1219 4292 ἡμέτερα.
1283 4221 1382 4268 Δεῖ
1435 4211 1535 4290 γὰρ
1586 4211 1681 4274 τὰς
1741 4212 1923 4290 φρονί-

267 4327 409 4382 μους
467 4310 574 4362 τῶν
643 4302 918 4382 παρθένων
971 4301 1238 4383 ζηλῶσαι,
1315 4301 1414 4358 καί
1481 4301 1574 4366 τὰς
1643 4297 1924 4375 λαμπάδας

271 4395 504 4469 ἀνάψαι,
552 4393 645 4449 καί
717 4403 875 4452 τοῦτο
915 4391 1095 4449 θέσθαι
1153 4390 1238 4448 διὰ
1308 4388 1606 4472 φροντίδος,
1652 4389 1790 4447 ὥστε
1861 4387 1926 4457 δὴ

270 4482 369 4540 καὶ
411 4479 589 4539 ἔλαιον
648 4480 702 4538 ἐν
763 4494 882 4544 τοῖς
936 4479 1172 4559 ἆγγείοις
1232 4477 1443 4542 λαϐεῖν,
1507 4477 1818 4555 Ἐμέμνητο
1873 4477 1926 4534 δὲ

269 4573 362 4630 καὶ
410 4572 592 4653 θείων,
639 4573 919 4650 ῥημάτων,
967 4569 1049 4627 ὅτι
1097 4571 1184 4638 Μὴ
1242 4567 1490 4648 βραδυνεϊ
1549 4569 1763 4645 Κύριος·
1813 4566 1924 4636 ἥξει

273 4663 378 4742 γὰρ
431 4663 468 4731 ἡ
526 4660 701 4741 ἠπέρα
789 4662 977 4739 Κυρίου
1038 4662 1112 4725 ὡς
1185 4658 1446 4733 κλέπτης,
1510 4657 1661 4716 Ἐπεὶ
1712 4655 1766 4723 δξ
1835 4660 1922 4716 καὶ

274 4751 415 4828 μετὰ
494 4751 594 4819 τὴν
678 4749 986 4830 παραίνεσιν
1071 4749 1146 4806 ἔτι
1231 4747 1435 4826 μᾶλλον
1523 4749 1682 4812 αὒτὰς
1794 4749 1924 4828 εἶχε

273 4843 337 4900 τὸ
421 4840 610 4905 πένθος
644 4886 663 4918 ,
736 4841 828 4897 καὶ
909 4846 1009 4908 τῆς
1104 4838 1293 4907 κλίνης
1399 4839 1513 4895 λίαν
1615 4841 1923 4915 περιπαθῶς

278 4931 528 5013 εἴχοντο,
591 4932 676 4988 καὶ
733 4927 850 4988 οὐδὲ
907 4932 1098 5008 μικρὸν
1150 4930 1452 4997 ἀποστῆναι
1523 4929 1716 4995 ταύτης
1773 4929 1924 4997 ἠνεί-

279 5036 469 5102 χοντο·
515 5020 652 5088 αὕτη
711 5021 806 5078 καί
845 5020 1044 5100 χεῖρας
1099 5021 1189 5077 καὶ
1245 5017 1466 5097 ὄμματα
1511 5021 1640 5098 πρὸς
1715 5020 1928 5097 οὐρανὸν

281 5109 476 5191 ἄρασα,
529 5111 618 5168 καὶ
677 5121 798 5175 τοῖς
849 5114 956 5167 τῶν
1019 5107 1306 5189 ὀφθαλμῶν
1353 5107 1568 5191 δάκρυσι
1629 5109 1728 5176 τὴν
1785 5105 1928 5164 ἔνδον

284 5190 513 5257 διάθεσιν
549 5204 649 5267 τῆς
694 5203 881 5278 ψυχῆς
940 5197 1378 5278 ἀπαγγέλλουσα,
1438 5190 1495 5257 Ὀ
1542 5199 1698 5278 Θεὸς,
1743 5196 1869 5278 ἔφη,
1903 5200 1931 5254 ὁ

291 5290 458 5347 πάντα
512 5311 605 5365 μοι
667 5287 833 5369 μέχρι
889 5294 984 5344 τοῦ
1026 5294 1115 5345 νῦν
1153 5286 1632 5368 φιλανθρωπότατα
1671 5288 1930 5366 γεγονὼς,

286 5379 371 5438 καὶ
413 5379 615 5459 πατὴρ,
649 5379 738 5437 καὶ
779 5379 989 5457 μήτηρ,
1047 5378 1136 5435 καὶ
1189 5380 1414 5457 τροφὸς,
1474 5379 1562 5435 καὶ
1619 5377 1839 5455 πατρίς,
1872 5380 1933 5434 τὸ

288 5468 449 5544 μόνον
487 5469 576 5526 καὶ
607 5465 702 5536 ἡδὺ
756 5471 856 5535 τῆς
886 5465 1041 5535 ξενης
1098 5465 1230 5543 ἐμοῦ
1270 5467 1625 5548 παραμύθιον,
1659 5466 1817 5532 αὐτός
1864 5489 1932 5544 με

367 5627 635 5696 LMatth.
669 5641 809 5704 xxv,
841 5626 903 5690 4.

2008 1893 2067 1943 et
2098 1881 2536 1962 inexplicabilis
2591 1898 2789 1944 metus
2819 1902 2925 1945 cor
2978 1901 3173 1944 meum
3207 1882 3406 1962 agitat,
3435 1900 3511 1944 ne
3537 1883 3656 1944 sint

2009 1974 2155 2032 mihi
2191 1973 2624 2052 impedimento
2658 1974 2839 2033 multa
2877 1990 3006 2033 mea
3039 1982 3304 2052 peccata,
3333 1981 3656 2034 etarceant

2007 2061 2080 2121 ab
2099 2079 2332 2142 ea,qum
2351 2064 2421 2123 ad
2459 2061 2645 2122 Deum
2683 2060 2894 2130 tendit,
2924 2061 3036 2122 via:
3075 2063 3178 2122 sed
3215 2062 3519 2123 inveniam
3553 2081 3655 2124 sa-

2008 2168 2141 2211 cras
2164 2162 2389 2212 vestras
2414 2170 2624 2230 preces
2648 2152 2832 2212 bonas
2855 2152 3130 2225 duces,et
3155 2151 3308 2213 hanc
3333 2151 3480 2213 mihi
3504 2159 3654 2214 viam

2008 2241 2334 2300 reddentes
2365 2240 2598 2301 facilem
2634 2249 2692 2301 et
2723 2239 3086 2321 expeditam.
3125 2239 3311 2301 Porro
3341 2251 3538 2302 autem
3572 2242 3652 2302 il-

2007 2328 2105 2389 lud
2141 2348 2380 2408 quoque
2407 2348 2605 2389 meum
2639 2347 2754 2388 non
2782 2348 2987 2408 parum
3015 2329 3328 2390 conturbat
3358 2331 3647 2411 animum,

2008 2419 2165 2498 quod
2194 2428 2252 2478 et
2280 2436 2313 2479 a
2348 2419 2528 2479 Paulo
2554 2416 2764 2480 absum
2791 2425 3092 2480 communi
3117 2429 3323 2480 nostro
3354 2421 3653 2500 patre,qui
3681 2481 3684 2490 δ

2008 2515 2285 2587 precatus
2317 2517 2478 2568 esset
2513 2527 2617 2586 pro
2651 2526 2783 2570 meo
2829 2509 3104 2583 decessu,
3141 2517 3197 2569 et
3229 2509 3551 2584 effecisset,
3585 2519 3654 2570 ut

2011 2615 2128 2658 non
2159 2597 2313 2658 bona
2343 2616 2448 2677 spe
2478 2597 2712 2659 defecta
2746 2597 2887 2659 illuc
2921 2600 3361 2678 proﬁciscerer.
3395 2601 3509 2660 Sed
3543 2615 3652 2661 vos

2011 2687 2071 2747 id
2105 2686 2160 2747 ei
2194 2705 2328 2747 cum
2360 2686 2592 2748 venerit
2617 2687 2890 2760 dicite,et
2926 2706 3030 2766 pro
3057 2687 3230 2748 nobis
3258 2687 3652 2750 vehementer

2015 2785 2203 2850 orate,
2240 2793 2314 2836 ne
2369 2775 2484 2837 mei
2535 2776 2917 2837 obliviscatur
2965 2775 3246 2857 Hospitae,
3294 2795 3468 2857 quam
3521 2779 3650 2858 ipse

2009 2865 2441 2927 cenvenienter
2485 2867 2707 2928 Christi
2756 2867 2914 2928 dicto
2963 2865 3226 2944 collegit,
3261 2874 3344 2946 et.
3377 2867 3434 2926 in
3497 2867 3649 2930 hanc

2004 2954 2158 3017 viam
2191 2956 2456 3018 deduxit.

2057 3049 2156 3106 ΧΠ
2185 3050 2310 3106 Haec
2329 3067 2461 3108 cum
2487 3067 2548 3108 ca
2571 3050 3092 3115 diceret,omnlbus
3115 3049 3381 3121 lacrymae
3403 3049 3654 3122 proﬂue-

2001 3135 2142 3192 baut
2163 3150 2234 3194 ex
2256 3136 2465 3198 oculis.
2486 3148 2537 3194 et
2570 3136 2896 3206 dolore.qui
2924 3135 3034 3192 dici
3062 3149 3178 3192 non
3207 3143 3412 3204 potest,
3447 3151 3650 3194 earum

2002 3221 2371 3280 cruciabatur
2393 3221 2874 3291 animus.etgravi
2895 3232 3138 3278 maerore
3162 3219 3649 3292 atﬂigebantur,et

2005 3315 2202 3376 utpote
2225 3307 2519 3364 communi
2547 3315 2600 3361 et
2632 3305 2886 3361 ﬁliorum
2911 3305 3304 3360 amantissima
3344 3315 3528 3362 matre
3555 3319 3652 3361 re-

2006 3387 2330 3451 cedentem
2356 3388 2555 3445 orbem
2580 3388 3099 3451 circumsistentes,
3126 3385 3412 3443 deﬂebant
3432 3387 3649 3444 orbita-

2011 3481 2145 3529 tem:
2173 3476 2353 3530 multo
2382 3483 2572 3530 autem
2597 3470 2780 3543 magis
2803 3471 2945 3528 duas
2967 3471 3384 3542 ancillas,quas
3412 3481 3468 3528 et
3493 3472 3647 3543 fugae

2008 3567 2063 3613 et
2088 3556 2362 3628 vitaque
2381 3558 2436 3613 in
2461 3567 2698 3613 externa
2717 3556 3094 3625 regioneacta
3111 3555 3424 3617 est,habuit
3441 3556 3648 3622 socias.

2008 3642 2197 3712 attigit
2227 3648 2419 3699 motus
2443 3641 2642 3698 animi.
2677 3639 2818 3698 Cum
2841 3640 3032 3711 itaque
3065 3639 3378 3710 multus,ut
3416 3655 3520 3712 par
3541 3652 3651 3708 est,

2009 3726 2181 3788 ﬂetus
2205 3728 2515 3806 luctusque
2533 3735 2589 3787 et
2615 3725 2904 3786 tumultus
2929 3733 3089 3786 esset
3110 3725 3485 3803 excitatus,ei
3504 3745 3654 3808 quo-

2009 3837 2125 3902 que
2153 3839 2356 3882 earum
2381 3818 2693 3882 miserenti
2717 3818 2929 3880 calidas
2955 3817 3317 3881 decidebant
3345 3819 3647 3900 lacrymte.

2007 3913 2298 3977 Caeterum
2324 3923 2382 3976 et
2399 3915 2530 3993 ipsa
2550 3913 2668 3974 cito
2690 3912 2760 3974 ad
2784 3930 2850 3974 se
2865 3911 3134 3986 rediit,et
3152 3912 3286 3974 illas
3317 3921 3407 3975 est
3429 3914 3650 3976 exhor-

2011 4018 2225 4084 tata,ut
2243 4008 2474 4070 relictis
2492 4005 2992 4086 ﬂetibus,seipsas
3011 4014 3448 4086 componerent
3468 4017 3525 4069 et
3539 4008 3654 4070 hoc

2009 4105 2206 4184 potius
2230 4102 2794 4176 considerarent,ne
2818 4100 2878 4164 in
2904 4100 3023 4162 ﬁne
3041 4099 3184 4180 ipsae
3210 4108 3412 4162 essent
3431 4100 3651 4183 dignm,

2010 4216 2145 4279 qua;
2168 4193 2782 4276 deﬂeanturﬂportet
2805 4195 2988 4269 enim,
3014 4193 3232 4275 inquit,
3251 4211 3360 4256 vos
3385 4195 3653 4276 pruden-

2014 4305 2103 4354 tes
2123 4291 2344 4354 imitari
2364 4289 2753 4370 virgines4,et
2774 4289 3108 4352 accendere
3123 4289 3236 4351 lam
3248 4289 3520 4370 pades,et
3540 4289 3653 4354 hoc

2010 4403 2248 4460 curare,
2273 4394 2339 4446 ut
2371 4385 2428 4444 in
2454 4384 2664 4446 vestris
2685 4381 2842 4446 vasis
2873 4383 3188 4463 accipiatis
3209 4383 3434 4445 oleum.
3467 4383 3652 4448 Porro

2011 4484 2208 4537 autem
2228 4474 2565 4538 divinorum
2591 4491 2825 4554 quoque
2844 4475 3165 4536 verborum
3193 4473 3654 4556 meminit,quod

1950 4557 1992 4609 Ι)
2010 4564 2136 4628 Non
2163 4565 2354 4627 tardat
2369 4563 2891 4641 Dominus;veniet
2910 4564 3070 4626 enim
3095 4563 3227 4624 dies
3242 4564 3484 4628 Domini
3503 4565 3656 4627 sicut

2007 4654 2122 4718 fur.
2160 4653 2304 4719 Cum
2345 4673 2487 4716 vero
2533 4664 2665 4736 post
2691 4653 3165 4716 admonitionem
3206 4655 3412 4730 lugere
3465 4655 3654 4734 magis

2011 4751 2426 4825 pergerent,et
2446 4744 2599 4806 lecto
2624 4745 2922 4805 haererent
2949 4744 3118 4806 valde
3147 4743 3656 4821 miserabiliter,et

2009 4851 2121 4897 nec
2142 4835 2458 4896 minimum
2483 4834 2726 4915 quidem
2743 4832 2816 4895 ab
2837 4852 2907 4896 eo
2931 4833 3246 4897 discedere
3261 4834 3649 4908 sustinerent,

2012 4925 2140 5006 ipsa
2163 4943 2299 4986 cum
2321 4933 2380 4986 et
2405 4941 2618 4985 manus
2642 4932 2698 4985 et
2727 4922 2933 4985 oculos
2954 4925 3024 4986 ad
3053 4923 3268 4986 caelum
3290 4924 3650 5000 sustulisset,
3694 4937 3696 4940 '

2015 5024 2072 5076 et
2099 5014 2409 5076 oculorum
2454 5013 2730 5094 lacrymis
2762 5013 3057 5075 internam
3090 5016 3273 5075 animi
3321 5013 3657 5093 signiﬁcas-

2013 5112 2106 5166 set
2150 5105 2553 5180 affectionem,
2588 5102 2772 5183 Deus,
2805 5103 3021 5184 inquit,
3057 5104 3159 5185 qui
3190 5103 3251 5164 in
3292 5103 3654 5167 hodiernum

2016 5212 2204 5275 usque
2236 5195 2396 5255 diem
2448 5193 2649 5256 omnia
2685 5193 2828 5254 mihi
2857 5193 3018 5255 fuisti
3068 5193 3520 5273 benignissime,
3559 5213 3657 5275 pa-

2017 5294 2110 5347 ter
2140 5293 2197 5346 et
2231 5293 2422 5344 mater
2453 5293 2513 5347 et
2544 5283 2764 5356 nutrix,
2801 5291 2859 5344 et
2891 5283 3098 5364 patria,
3135 5285 3328 5344 solum
3358 5294 3418 5344 et
3439 5284 3658 5362 jucun-

2016 5375 2158 5436 dum
2192 5373 2308 5435 mei
2349 5373 2608 5454 hospitae
2637 5373 2941 5448 solatium,
2976 5373 3106 5453 ipse
3158 5391 3420 5454 quoque,
3454 5371 3658 5438 Domi-

2017 5481 2116 5546 ue,
2152 5463 2399 5542 dignare
2448 5480 2542 5525 me
2593 5479 2766 5523 mane
2815 5461 3128 5544 suscipere
3205 5462 3266 5524 in
3330 5480 3653 5546 supernam
