3996 6178
257 293 388 359 997

1600 299 1785 366 VITA
1826 302 1885 363 S.
1938 296 2296 363 EUSEBI/E.

3520 299 3639 362 998

259 431 465 506 πολλῷ
506 431 561 488 δὲ
595 432 798 505 μᾶλλον
831 435 893 490 τα
925 433 1104 505 πλήθη
1149 442 1252 493 τῶν
1305 444 1591 515 γυναικῶν,
1640 438 1750 510 ἅμα
1812 437 1908 512 μὲν

2004 443 2191 496 autem
2255 437 2438 516 magis
2496 435 2812 497 multitudo
2869 431 3212 511 mulierum,
3264 454 3396 517 qua:
3450 435 3630 498 simul

256 528 353 594 τῷ
382 521 686 598 θερμοτέρῳ
728 523 1004 590 τινηθέντσ
1063 529 1162 592 τῆς
1221 525 1450 604 φύσεως,
1483 527 1594 601 ἅμα
1626 525 1680 582 δὲ
1709 527 1794 582 καὶ
1839 530 1914 597 τῷ

258 612 375 677 τὴν
431 613 673 690 ὁμογενῆ
746 611 960 688 βλέπειν
1033 613 1173 670 οὕτω
1228 617 1540 690 θαυμαστὴν
1616 617 1914 676 ὲκαθέκτως

260 700 478 757 ἑαυτῶν
537 700 785 780 ἔχοσσαι,
832 703 950 776 μεθ’
995 705 1168 780 ὁρμῆς
1209 704 1331 764 ο’ἷας
1376 713 1452 778 τῷ
1481 707 1728 784 ἀρχιερεῖ
1755 726 1912 782 προσ-

262 791 469 868 ῄεσαν,
507 791 593 856 Μὴ
637 791 843 868 κρύψῃς
908 794 1062 866 ἡμῶν
1114 795 1212 860 τὴν
1267 797 1363 861 τῆς
1427 794 1661 865 πόλεως,
1718 793 1913 871 λέγον·

258 901 388 954 cm,
423 875 598 958 δόξαν,
646 883 724 954 μὴ
755 880 1004 956 καλύψης
1050 884 1142 938 τὸν
1173 882 1416 962 ἔπαινον,
1457 886 1549 940 τὸν
1583 885 1914 961 μαργαρίτην

261 969 354 1043 μὴ
375 967 709 1047 καταχώσῃς
747 985 760 998 ⁸
809 972 992 1038 κοινὴν
1022 971 1220 1038 ταύτης
1251 974 1350 1040 τὴν
1378 975 1708 1050 προπομπὴν
1745 995 1913 1038 ποιη-

263 1057 516 1136 θώμεθα,
563 1056 794 1134 δημοσίᾳ
829 1061 919 1116 τὸν
978 1059 1174 1139 λύχνον
1220 1061 1572 1138 βαστάσωμεν
1615 1081 1628 1095 ·
1661 1060 1916 1118 ίδέτωεαν

261 1147 473 1212 ¹πάντες
517 1151 589 1213 ὡς
621 1151 716 1207 οὐκ
773 1147 1058 1217 ἀπόϐλητα
1113 1149 1177 1220 δὴ
1222 1154 1286 1208 τα
1334 1159 1622 1229 γυναικῶν,
1689 1153 1762 1214 ὡς
1821 1155 1916 1211 οὐκ

261 1236 441 1312 ἄτιμα
476 1257 489 1271 ο
535 1235 790 1294 ίδέτωσαν
833 1238 951 1295 οἵου
1009 1237 1191 1297 δοῦλαι
1252 1241 1592 1320 τυγχάνομεν
1625 1240 1910 1317 βασιλέως”

261 1324 529 1384 ἰδίτωσαν
561 1325 854 1404 Ἕλληνες,
891 1327 1166 1405 Ἰουδαῖοι,
1224 1333 1312 1387 καὶ
1356 1333 1588 1408 ἐντροπῆ
1632 1332 1698 1386 τὰ
1743 1330 1914 1407 πρόσ-

263 1438 401 1474 ωπα
459 1416 886 1492 καλυψάσθωσαν
922 1438 936 1452 ο
1014 1421 1306 1498 γνώτωσαν
1361 1420 1440 1483 τίς
1514 1422 1542 1475 ὁ
1598 1421 1915 1496 σταυρωθεὶς

260 1505 370 1562 ὑπ’
412 1507 608 1586 αὐτῶν,
668 1507 757 1563 καὶ
813 1508 1193 1583 “quem”.
1248 1510 1308 1566 Αἱ
1369 1510 1468 1584 μὲν
1512 1517 1602 1566 οὖν
1661 1523 1914 1588 γυναῖκες

262 1593 446 1658 οὕτως
459 1645 471 1658 .

360 1683 472 1745 1Ε’.
508 1686 570 1742 Ὃ
622 1680 682 1742 δέ
726 1707 786 1764 γε
833 1685 1124 1752 ἐπίσκοπος
1180 1694 1245 1764 τῇ
1289 1690 1440 1766 κλίνῃ
1496 1711 1551 1746 τε
1612 1690 1917 1765 προσελθὼν

263 1775 368 1832 καὶ
411 1774 614 1853 αὐχένα
670 1775 886 1850 κλίνας,
939 1776 1055 1852 μεθ’
1115 1776 1245 1844 ὅσης
1297 1776 1359 1834 ἂν
1402 1778 1586 1841 εἵποϊς
1618 1787 1710 1836 τοῦ
1742 1777 1914 1842 αἰδοῦς

265 1866 368 1921 καὶ
431 1864 532 1932 τῆς
601 1864 873 1928 εὐλαϐείας
943 1874 1021 1940 τῷ
1093 1867 1297 1942 σώματι
1356 1871 1719 1946 προσεκύνει·
1783 1871 1914 1946 πρὸς

266 1953 332 2010 δὲ
386 1955 473 2011 καὶ
514 1957 542 2011 ὁ
587 1954 775 2019 λοιπὰς
820 1961 925 2011 τῶν
980 1955 1162 2034 ἱερέων
1207 1959 1373 2036 χορὸς
1405 1959 1500 2014 καί
1545 1959 1742 2035 κλῆρος
1777 1958 1910 2020 ἅπας

260 2050 342 2120 τῇ
392 2043 613 2121 κειμένῃ
643 2045 740 2112 τὴν
783 2044 913 2111 ’ίσην
958 2049 1233 2123 προσῆγον
1267 2049 1430 2122 τιμήν
1469 2067 1481 2081 ·
1518 2050 1605 2104 καὶ
1638 2047 1775 2104 οὕτω
1818 2049 1912 2115 τὴν

263 2133 466 2200 κλίνην
508 2131 954 2199 διαϐαστάσαντες
984 2137 1086 2191 ὑπὸ
1116 2135 1301 2210 πολλῷ
1329 2143 1406 2210 τῷ
1456 2137 1597 2216 φωτί
1630 2139 1734 2194 τῶν
1765 2137 1909 2211 λαμ-

267 2220 461 2282 πάδων
505 2226 594 2280 καὶ
622 2237 741 2286 τοῖς
773 2224 1016 2302 ἂρώμασι
1063 2223 1148 2280 διὰ
1179 2225 1349 2301 μέσης
1383 2227 1518 2304 ἦγον
1546 2232 1645 2293 τῆς
1679 2227 1909 2292 πολεως.

279 2306 346 2372 ιΟ
376 2311 431 2369 δὲ
481 2320 590 2370 τῶν
632 2313 870 2384 ἀστέρων
910 2315 1124 2371 ἐκείιων
1177 2316 1458 2395 στέφανος,
1505 2319 1592 2373 καὶ
1635 2319 1726 2372 σὺν
1775 2320 1916 2390 αὑτῷ

289 2401 465 2474 δήπου
519 2404 606 2460 καὶ
667 2406 694 2459 ὁ
754 2405 1000 2483 σταυρὸς,
1057 2405 1352 2483 φερομένης
1413 2406 1508 2479 μὲν
1565 2407 1662 2474 τῆς
1706 2407 1912 2480 κλίνης,

275 2495 368 2550 καὶ
411 2495 569 2557 αὖτὸς
615 2492 806 2548 ε’ίπετο
839 2508 854 2523 ⁸
916 2495 1209 2567 ἱσταμένης
1243 2493 1323 2567 δὲ,
1356 2495 1514 2562 δῆλος
1550 2499 1615 2564 ἦν
1648 2497 1912 2575 ἑστηκὼς,

277 2586 368 2639 καὶ
413 2584 705 2661 μονονουχὶ
760 2582 862 2649 τήν
912 2583 1096 2649 κλίνην
1142 2582 1489 2662 παραδεικνὺς
1538 2588 1626 2641 καὶ
1687 2587 1916 2666 φθεγγόο

283 2693 468 2748 μενος,
521 2671 602 2728 ὅτι
663 2671 748 2728 διὰ
802 2675 1002 2740 ταύτην
1048 2674 1278 2755 ἐκεῖνος,
1320 2678 1406 2731 καὶ
1455 2675 1542 2732 ὑπ’
1577 2679 1708 2751 αὐτῇ
1739 2675 1918 2753 ὁδηγῷ

283 2763 384 2829 τὴν
441 2759 572 2816 ἰδίαν
631 2761 838 2827 γίνησίν
899 2784 952 2818 τε
1011 2765 1100 2819 καὶ
1144 2766 1330 2820 στάσιν
1387 2765 1533 2830 οὗτος
1568 2781 1738 2826 ποιεῖ.
1773 2770 1833 2823 '0
1864 2766 1916 2823 δὲ

286 2850 451 2927 λόγος
495 2857 586 2908 τοῦ
623 2852 887 2928 θαύματος
946 2855 1032 2917 καὶ
1091 2855 1214 2916 τοὺς
1263 2853 1364 2920 ἔξω
1423 2853 1628 2932 σποδδῇ
1685 2857 1916 2934 περιῄει,

289 2941 378 2996 καὶ
422 2940 616 3002 πάντες
649 2939 972 3020 συνέτρεχον
1019 2943 1164 3007 εὐθὺς
1217 2944 1550 3025 θεασόμενοι,
1605 2948 1678 3009 ὡς
1732 2955 1921 3021 μικροῦ

285 3028 385 3096 τὴν
443 3027 598 3086 πόλιν
635 3035 1086 3109 στενοχωρεῖσθαι
1128 3046 1247 3096 τοῖς
1291 3031 1542 3104 πλήθεσι.
1608 3040 1785 3091 Πᾶσαν
1830 3034 1920 3091 οὖν

283 3116 450 3184 οὕτως
493 3117 704 3185 ἐκείνην
758 3121 858 3187 τὴν
916 3121 1076 3178 νύκτα
1129 3119 1640 3204 διαγρυπνήσαντες,
1675 3122 1794 3191 ἥτις
1831 3126 1920 3180 καὶ

280 3208 436 3286 κυρία
489 3214 598 3265 τῶν
653 3208 871 3288 ἡμερῶν
930 3209 1019 3284 ἧν,
1084 3210 1286 3276 πολλάς
1333 3211 1555 3270 ἐθεῶντο
1610 3215 1698 3270 καὶ
1757 3215 1919 3278 ἰάσεις

283 3299 421 3374 ὁμοῦ
449 3297 796 3374 τελουμένας,
858 3305 968 3364 Πᾶς
1024 3300 1125 3379 γὰρ
1177 3298 1328 3366 ὅστίς
1358 3303 1391 3369 ἡ
1437 3303 1627 3382 χρονίᾳ
1660 3303 1821 3378 νάσῳ,
1883 3303 1918 3370 ἢ

277 3388 438 3444 πάθει
498 3387 779 3462 ἀνηκέστῳ
819 3391 1144 3468 κεκράτητο,
1199 3393 1258 3448 οὔ
1304 3391 1478 3449 πόνων
1536 3391 1730 3463 ἐδεήθη
1777 3391 1914 3450 πολ-

280 3475 414 3550 λῶν,
475 3477 536 3534 οὗ
591 3479 916 3558 χρημάτων,
983 3480 1044 3536 οὗ
1105 3481 1302 3560 χρόνου
1360 3503 1417 3537 τε
1476 3487 1562 3538 καὶ
1621 3479 1917 3561 διατριϐῆς,

284 3563 420 3622 ἀλλὰ
450 3566 796 3642 προσεγγίσαι
840 3569 1001 3642 μόνον
1046 3569 1113 3637 τῆ
1143 3567 1296 3646 κλίνῃ
1328 3571 1413 3626 καὶ
1447 3569 1678 3644 άιζιισθαι
1715 3585 1728 3600 ⁸
1765 3572 1854 3627 καὶ
1884 3573 1917 3640 ἡ

283 3654 393 3733 ἁφή
423 3657 620 3716 παντὸς
651 3655 718 3723 ἧν
748 3658 894 3722 εοῖιθὺς
927 3657 1216 3737 ἀπαλλαγή
1255 3669 1348 3719 τοῦ
1378 3659 1672 3730 πιέζοντος.

364 3834 498 3907 ις’.
561 3825 795 3912 Ἡμέρας
839 3835 930 3893 οὖν
985 3835 1086 3904 ἤδη
1148 3835 1556 3915 διαλαμψάσης,
1591 3839 1680 3895 καὶ
1738 3840 1919 3917 τρίτης

284 3919 528 3990 ἐστώσης
559 3921 725 4003 ὥρας,
773 3923 859 3981 ἐπὶ
915 3927 1008 3982 τὸν
1051 3926 1216 3983 τόπον
1271 3925 1586 4003 κατέλαϐον,
1641 3930 1697 3992 ὃς
1756 3930 1914 3984 Συκί-

283 4031 396 4066 νιον
455 4011 555 4087 μὲν
613 4012 880 4096 καλεῖται,
947 4017 1078 4091 πρὸς
1123 4021 1200 4088 τῷ
1244 4019 1402 4090 νοτίῳ
1458 4016 1512 4073 δὲ
1560 4024 1658 4086 τῆς
1709 4018 1919 4084 πόλεως

281 4097 543 4159 διάκειται
600 4103 772 4181 μέρει,
823 4103 942 4161 ἔνθα
972 4103 1036 4172 δὴ
1081 4108 1167 4162 καὶ
1217 4108 1246 4174 ἡ
1294 4105 1441 4173 Ξένη
1495 4113 1668 4187 ταφῆς
1726 4121 1919 4188 τυχεῖν

285 4189 633 4267 ἐπισκήψασα
691 4197 782 4274 ἦν,
840 4195 1094 4252 θάπτουσι
1171 4197 1392 4276 ταύτην,
1459 4197 1606 4272 νόμῳ
1663 4198 1760 4272 μὲν
1829 4202 1921 4255 θα-

287 4279 448 4336 νάτου
503 4285 572 4357 τῇ
627 4287 698 4359 γῇ
753 4283 1149 4360 κρυπτομένην,
1197 4285 1344 4363 λόγω
1387 4285 1441 4341 δὲ
1484 4288 1674 4363 ἀρετῆς
1710 4309 1918 4344 παντα-

1998 527 2238 604 quidem
2303 535 2476 588 motas
2535 536 2593 587 et
2653 527 2851 588 calore
2913 535 3162 598 natum,
3197 528 3437 606 etquod
3473 543 3630 596 eam,

1998 631 2129 693 quae
2160 624 2285 675 erat
2315 617 2584 693 ejusdem
2611 633 2810 687 sexus,
2842 615 3111 675 viderent
3136 616 3285 676 adeo
3317 613 3637 676 admirabi-

1997 701 2141 775 lem,
2178 723 2294 764 non
2353 712 2626 782 potentes
2676 723 2740 765 se
2791 704 3130 778 continere,
3167 723 3378 782 magno
3414 705 3635 784 impetu

1997 793 2291 853 accedunt
2321 794 2391 854 ad
2430 794 2772 872 pontiﬁcem
2812 816 2824 856 :
2855 792 2941 855 Ne
2973 812 3107 874 nos,
3146 795 3438 865 dicentes,
3469 792 3633 855 cela-

1999 881 2153 940 veris
2183 880 2416 942 laudem
2454 891 2668 944 nostra
2699 881 2981 955 civitatis,
3019 889 3396 962 margaritam
3434 901 3509 944 ne
3536 882 3633 942 in-

1996 969 2242 1045 foderis,
2306 971 2458 1033 hanc
2516 972 2914 1033 communiter
2966 973 3383 1034 deducamus:
3431 972 3634 1034 lucer-

2001 1077 2134 1120 nam
2170 1061 2431 1122 feramus
2465 1061 2724 1141 publice.
2765 1063 3018 1123 Videant
3077 1081 3286 1123 omnes
3330 1081 3448 1122 non
3502 1079 3637 1124 esse

1997 1149 2361 1227 rejiciendas
2420 1151 2694 1224 feminas,
2759 1161 2820 1210 ut
2871 1170 3004 1231 quae
3035 1171 3154 1212 non
3185 1163 3322 1213 sunt
3353 1151 3628 1213 infames.

1998 1235 2252 1300 Videant
2281 1241 2446 1318 cujus
2477 1242 2638 1316 regis
2671 1259 2879 1301 sumus
2901 1241 3155 1302 ancillas.
3202 1240 3455 1303 Videant
3478 1260 3634 1319 geu-

1999 1327 2180 1402 tiles,
2264 1332 2504 1391 videant
2573 1329 2804 1402 Judazi,
2870 1341 2929 1392 et
2990 1342 3183 1393 vuttus
3242 1349 3383 1392 suos
3442 1336 3638 1408 tegant

2000 1434 2120 1498 prae
2180 1419 2410 1498 pudore
2463 1442 2476 1478 :
2540 1428 2908 1498 cognoscant
2956 1420 3234 1496 quisnam
3290 1421 3365 1480 sit
3426 1419 3500 1480 ab
3551 1420 3639 1480 eis

1997 1507 2335 1586 cruciﬁxus,
2397 1517 2454 1570 et
2507 1511 2806 1589 plangant.
2859 1511 3052 1590 Atque
3103 1511 3189 1570 sic
3243 1509 3488 1590 quidem
3545 1507 3635 1569 fe-

2002 1615 2180 1658 minae

2042 1685 2170 1748 XV.
2185 1685 2517 1768 Episcopus
2538 1697 2734 1750 autem
2760 1706 2894 1748 cum
2920 1688 2989 1748 ad
3019 1688 3239 1749 lectum
3259 1687 3636 1762 accessisset,

2001 1783 2059 1836 et
2079 1794 2212 1837 cum
2239 1786 2461 1856 quanta
2483 1777 2602 1838 dici
2629 1786 2822 1859 potest
2852 1777 3518 1850 reverentia,cervicem
3545 1777 3637 1836 in-

2001 1865 2304 1940 clinasset,
2340 1885 2556 1946 corpus
2577 1865 3028 1940 adoravit.Quin
3055 1868 3234 1928 etiam
3260 1867 3636 1928 sacerdotum

1998 1959 2263 2030 reliquus
2278 1962 2498 2018 chorus
2522 1971 2575 2016 ct
2603 1960 3639 2032 universuscleruseumdemjacenti

1997 2045 2361 2106 exhibebant
2385 2045 2925 2126 honorem.Sicque
2952 2047 3173 2108 lectum
3200 2043 3641 2116 ferentes,mul-

2003 2133 2076 2194 tis
2108 2134 2531 2196 comitantibus
2563 2136 2941 2216 lampadibus
3000 2146 3058 2196 et
3113 2153 3296 2197 suave
3341 2133 3640 2196 olentibus

1997 2222 2506 2304 aromatibus,per
2528 2226 2784 2288 mediam
2809 2225 3107 2287 duxerunt
3137 2225 3457 2286 civitatem.
3494 2222 3638 2286 Illa-

1999 2330 2131 2374 rum
2168 2330 2307 2372 vero
2334 2315 2639 2374 stellarum
2675 2331 2920 2384 corona,
2948 2323 3008 2374 et
3044 2331 3174 2394 quae
3225 2331 3357 2374 cum
3414 2331 3481 2374 ea
3513 2321 3639 2373 erat

1999 2418 2166 2476 crux,
2203 2421 2335 2463 cum
2370 2403 2560 2465 lectus
2591 2403 2834 2484 quidem
2871 2403 3200 2476 ferebatur,
3239 2403 3368 2482 ipsa
3398 2421 3639 2482 quoque

2000 2492 2410 2567 sequebatur:
2474 2510 2608 2556 cum
2659 2493 2854 2554 stabat
2910 2502 3134 2568 autem,
3187 2501 3350 2552 stans
3402 2509 3640 2572 quoque

1999 2590 2202 2660 aperte
2219 2581 2605 2643 cernebatur:
2636 2591 2694 2643 et
2721 2581 3153 2662 propemodum
3185 2581 3398 2644 lectum
3433 2589 3641 2641 osten-

2001 2669 2176 2742 dens,
2203 2678 2261 2731 et
2284 2669 2533 2752 loquens
2558 2671 2715 2752 quod
2740 2670 2842 2732 illa
2868 2671 2944 2731 sit
2968 2680 3211 2751 propter
3231 2671 3451 2750 ipsum,
3483 2676 3543 2731 et
3571 2687 3642 2730 eo

2003 2759 2156 2820 duce
2179 2767 2234 2820 et
2257 2769 2464 2833 stet,et
2491 2769 2814 2822 moveatur.
2858 2763 3034 2821 Fama
3064 2778 3204 2821 vero
3232 2759 3501 2820 miraculi
3525 2759 3644 2820 cito

2005 2848 2273 2928 pervenit
2311 2851 2383 2911 ad
2409 2861 2667 2918 exteros.
2705 2867 3036 2933 omnesque
3070 2850 3340 2930 protinus
3369 2848 3428 2909 id
3461 2847 3650 2908 visuri

2004 2939 2450 3001 concurrebant
2475 2959 2489 3000 :
2515 2949 2577 3000 ut
2597 2939 2799 3001 civitas
2823 2949 2980 2999 esset
3003 2938 3440 3019 propemodum
3467 2936 3648 2998 nimis

2004 3035 2252 3106 angusta
2283 3027 2529 3090 civitati.
2555 3029 2703 3092 Cum
2727 3037 2908 3089 totam
2935 3046 3075 3108 ergo
3100 3027 3262 3089 illam
3292 3036 3528 3089 noctem
3561 3026 3647 3087 sic

2003 3116 2341 3194 vigilassent
2360 3120 2514 3195 (erat
2535 3129 2732 3181 autem
2759 3117 2890 3179 dies
2910 3117 3648 3196 Dominicus),cernebant

2004 3206 2092 3268 sic
2140 3225 2379 3288 quoque
2431 3208 2645 3269 multas
2694 3209 2826 3269 ﬁeri
2880 3206 3248 3270 curationes.
3284 3205 3648 3284 Quicunque

2003 3296 2164 3358 enim
2191 3296 2278 3357 vel
2303 3296 2513 3358 morbo
2536 3296 2819 3359 diuturno
2847 3304 2975 3360 erat
2994 3294 3396 3371 detentus,vel
3429 3295 3642 3355 imme-

2002 3383 2243 3447 dicabili
2275 3386 2473 3466 aliqua
2502 3385 2842 3461 affectione,
2880 3404 3002 3446 non
3037 3384 3239 3446 multis
3269 3402 3421 3464 opus
3453 3383 3645 3446 babe-

2002 3474 2101 3534 bat
2133 3473 2457 3549 laboribus,
2497 3493 2616 3536 non
2649 3476 2945 3556 pecuniis,
2979 3492 3098 3535 non
3131 3483 3401 3551 tempore
3431 3481 3491 3533 et
3519 3491 3642 3532 mo-

2001 3581 2067 3626 ra
2102 3585 2116 3626 :
2151 3564 2256 3625 sed
2291 3565 2430 3624 satis
2453 3565 2976 3626 eratsolummodo
3002 3565 3074 3625 ad
3098 3565 3317 3623 lectum
3348 3561 3641 3622 accedere

2004 3663 2061 3716 et
2092 3662 2335 3732 tangere
2371 3671 2384 3716 :
2418 3661 2666 3734 eratque
2725 3664 3032 3716 contactus
3064 3651 3334 3732 protinus
3363 3651 3638 3713 liberatio

2003 3761 2037 3803 a
2067 3744 2354 3822 quolibet,
2388 3744 2548 3824 quod
2582 3745 2910 3824 premebat.

2082 3830 2232 3895 XVI.
2271 3832 2414 3895 Cum
2447 3843 2644 3894 autem
2671 3834 2796 3912 jam
2855 3834 2984 3895 dies
3029 3831 3348 3905 illuxisset,
3386 3839 3446 3892 et
3477 3837 3644 3892 esset

2003 3923 2148 3984 liora
2174 3923 2479 3996 tertia,ubi
2505 3934 2907 4003 pervenerunt
2929 3925 3006 3986 ad
3033 3923 3250 3996 locum,
3277 3920 3378 4001 qui
3403 3929 3641 3981 vocatur

2004 4013 2246 4090 quidem
2272 4013 2602 4094 Syciuium:
2631 4013 2780 4075 situs
2802 4031 2934 4075 vero
2958 4021 3048 4075 est
3070 4012 3142 4074 ad
3170 4022 3397 4090 partem
3415 4019 3640 4072 austra-

2001 4106 2109 4160 lem
2137 4105 2534 4177 civitatis,quo
2557 4108 2792 4176 quidem
2815 4111 2869 4162 in
2899 4107 3028 4162 loco
3054 4105 3360 4160 mandarat
3385 4103 3638 4172 Hospita,

2005 4198 2066 4250 ut
2088 4191 2444 4272 sepeliretur
2470 4210 2484 4252 :
2513 4210 2641 4252 eam
2668 4191 3061 4271 sepeliunt,ut
3085 4187 3369 4270 quaelcge
3394 4186 3639 4267 quidem

2005 4285 2213 4341 mortis
2236 4280 2402 4342 liumi
2422 4281 2497 4342 sit
2519 4280 3019 4354 condita,virtutis
3043 4289 3241 4340 autem
3266 4283 3494 4338 ratione
3513 4274 3642 4336 ubi-

285 4367 422 4448 χόσε
467 4373 889 4448 κηρδττομένην,
928 4373 1248 4452 Ἐθεωρεῖτο
1274 4372 1328 4430 δὲ
1384 4378 1528 4438 αὖθις
1571 4376 1603 4432 6'
1632 4397 1689 4433 τε
1722 4376 1916 4441 κύκλος

2004 4388 2120 4450 que
2152 4371 2532 4452 praedicetur.
2560 4369 2930 4432 Cernebatur
2962 4377 3156 4430 autem
3190 4383 3401 4428 rursus
3427 4373 3487 4427 et
3515 4365 3642 4426 cir-

286 4459 378 4515 καὶ
425 4460 453 4515 ὁ
510 4462 729 4540 σταυρὸς
789 4465 855 4519 τὰ
925 4463 1084 4540 ὃμοια
1165 4463 1321 4542 δρῶν,
1383 4463 1671 4522 συνοδεύων
1730 4488 1785 4522 τε
1855 4473 1922 4544 τῇ

284 4545 464 4625 κλίνῃ,
500 4549 595 4606 καί
639 4552 924 4628 ἱσταμένης
951 4554 1233 4629 ἱστάμενος
1272 4573 1283 4586 ⁸
1336 4552 1446 4628 ἅμα
1477 4553 1531 4611 δὲ
1562 4558 1637 4630 τῷ
1666 4549 1927 4635 κρυϐῆναί

283 4643 355 4714 τῇ
399 4640 472 4716 ﬁ,
501 4636 721 4714 ταύτην,
780 4643 868 4698 καὶ
912 4644 1065 4709 αὐτὸς
1114 4640 1346 4720 κρυϐεὶς,
1375 4646 1463 4699 καὶ
1528 4646 1724 4719 μηκέτι
1757 4644 1919 4714 δῆλος

288 4727 476 4802 μηδενὶ
531 4729 844 4807 γενόμενος.
891 4731 1070 4794 Οὕτως
1117 4732 1206 4789 οὖν
1265 4731 1384 4789 ἐκεῖ
1438 4735 1637 4800 ταύτην
1667 4739 1918 4792 καταθεν-

287 4836 401 4890 τες,
435 4818 526 4874 καὶ
555 4817 735 4898 ὥσπερ
767 4821 907 4884 εἰκὸς
964 4826 1056 4900 ἦν,
1106 4823 1418 4901 μυρίσαντες
1450 4825 1544 4886 τὰς
1579 4823 1920 4899 ἐπικειμένας

285 4909 366 4978 τῷ
397 4905 636 4982 λειψάνῳ
679 4909 948 4982 σινδόσας,
980 4912 1360 4992 περιμάχητον
1395 4916 1580 4976 αὐτοῖς
1623 4913 1834 4970 ἐποίουν
1862 4917 1923 4970 τὸ

288 4997 509 5076 χρῆμα,
541 5000 570 5053 ὁ
600 4999 891 5064 ἐπίσκοπος
936 4999 1142 5067 δηλαδὴ
1199 5004 1286 5058 καὶ
1317 5003 1363 5058 ol
1396 5009 1729 5082 προεστῶτες
1766 5021 1780 5037 ·

288 5083 471 5165 ὥσπερ
528 5087 647 5142 τινὰ
689 5087 890 5166 κλῆρον
934 5090 1004 5155 εἷς
1059 5087 1327 5162 ἀλλήλους
1358 5089 1780 5168 διανειμάμενοι,
1810 5115 1918 5150 πα-

285 5176 394 5230 θῶν
435 5173 546 5250 ἅμα
603 5177 691 5234 καὶ
735 5180 1059 5255 νοσημάτων
1106 5181 1198 5236 καῖ
1251 5183 1448 5246 παντὸς
1481 5183 1661 5259 ἑτέρου
1693 5181 1923 5239 λυποῦν-

286 5283 378 5329 τος
409 5263 731 5345 ἀπαλλαγὴν
780 5267 934 5348 ἔχειν
979 5267 1048 5324 δι’
1109 5269 1324 5326 ἐκείνων
1364 5271 1662 5347 ἐπίστευον,
1699 5274 1786 5328 καὶ
1816 5279 1924 5329 τῶν

287 5351 518 5410 ἐλπίδων
576 5354 636 5410 οὗ
692 5354 1102 5432 διεψεύσθησαν,
1162 5357 1330 5418 Ἀλλὰ
1387 5384 1495 5435 μην
1540 5363 1629 5418 καὶ
1681 5365 1708 5417 ὁ
1762 5363 1923 5428 τόπος

289 5439 504 5521 πλήρης
562 5445 778 5525 ίάσεων,
823 5446 882 5510 ὃς
928 5450 987 5504 τὸ
1045 5449 1183 5527 ἱερὸν
1213 5449 1410 5518 ταύτης
1445 5451 1693 5529 κρύπτει-ι
1723 5451 1918 5527 ηὖμοί-

287 5552 420 5610 ρησε
453 5537 634 5609 σῶμα,
680 5536 942 5615 θησαυρὸν
986 5535 1251 5594 ἆκένωτόν
1296 5559 1353 5594 τε
1411 5540 1498 5596 καὶ
1555 5537 1918 5608 ἂδαπάνητον.

337 5621 351 5641 ,
483 5620 528 5641 ς.
637 5628 647 5640 .
860 5625 897 5644 ν.
1065 5628 1076 5644 .
1323 5629 1339 5650 ς
1679 5632 1691 5646 .

289 5631 361 5679 Ou
409 5641 572 5687 ποιυς
635 5650 659 5681 c
721 5647 914 5702 μεταςυ
973 5648 1193 5706 χρονος,
1254 5650 1341 5684 και
1401 5631 1454 5687 αἱ
1512 5650 1696 5688 πισται
1721 5631 1918 5700 ταύτης

1837 5006 1922 5060 καὶ

2005 4459 2173 4520 culus
2205 4469 2260 4520 et
2283 4477 2423 4520 crux
2447 4459 2643 4521 facere
2669 4459 3144 4538 similia,uempe
3168 4465 3225 4517 et
3247 4455 3476 4534 ingredi
3506 4473 3640 4516 cum

2004 4549 2158 4611 lecto
2193 4569 2205 4610 :
2243 4558 2302 4610 et
2326 4567 2460 4610 cum
2493 4549 3038 4624 staret,cousistere
3069 4565 3082 4610 :
3119 4545 3292 4606 simul
3326 4563 3395 4606 ac
3427 4561 3566 4605 vero
3591 4543 3642 4606 is

2001 4639 2115 4700 fuit
2147 4649 2312 4699 terra
2331 4637 2686 4712 absconsus,
2721 4637 2850 4718 ipse
2881 4656 3114 4718 quoque
3142 4636 3406 4710 latuisse,
3441 4644 3498 4696 et
3525 4652 3643 4694 non

2005 4731 2345 4804 apparuisse
2368 4732 2788 4802 amplius.Cum
2807 4747 2930 4789 eam
2958 4747 3096 4802 ergo
3116 4732 3198 4786 sic
3219 4729 3267 4785 di
3293 4728 3642 4800 posuissent,

2007 4829 2067 4879 et
2101 4827 2295 4896 utpar
2327 4827 2472 4892 erat,
2510 4817 2821 4877 unxissent
2853 4816 3060 4897 lintea,
3085 4833 3218 4892 quae
3245 4820 3416 4876 erant
3441 4811 3644 4891 impo-

2005 4907 2117 4969 sita
2141 4905 2442 4986 reliquiis,
2473 4905 2771 4986 ejusmodi
2804 4924 2938 4966 esse
2967 4905 3284 4976 duxerunt,
3329 4911 3393 4962 ut
3423 4919 3528 4982 pro
3555 4900 3646 4960 eis

2008 4996 2770 5075 depugnarent,episcopus
2794 4994 3027 5055 scilicet
3054 5004 3110 5056 et
3142 4994 3201 5069 ii,
3229 4993 3330 5073 qui
3354 4991 3642 5062 aderant;

2010 5093 2068 5146 et
2099 5103 2232 5146 cum
2269 5083 2451 5145 veluti
2480 5086 2797 5163 quamdam
2833 5083 3245 5144 hareditatem
3298 5098 3367 5142 ea
3395 5079 3553 5140 inter
3581 5096 3646 5138 se

2010 5173 2371 5249 divisissent,
2406 5191 2439 5234 a
2480 5173 2707 5234 morbis
2739 5181 2798 5235 et
2825 5172 3261 5246 affectionibus,
3295 5180 3355 5232 et
3384 5188 3416 5229 a
3445 5167 3644 5248 quoli-

2007 5263 2110 5325 bet
2137 5261 2447 5343 alio.quod
2473 5281 2634 5342 aegre
2661 5274 2843 5339 esset,
2871 5263 3286 5324 liberationem
3320 5279 3425 5341 per
3449 5258 3550 5318 illa
3583 5274 3648 5317 se

2008 5353 2231 5416 habere
2251 5353 2803 5433 credebant,neqt.e
2825 5372 2928 5434 spe
2950 5353 3080 5415 falsi
3100 5349 3637 5422 fuere.Quinetiam

2007 5445 2174 5506 locus
2204 5461 2442 5524 quoque
2474 5454 2600 5505 erat
2633 5444 2846 5524 plenus
2877 5441 3380 5516 curationum,cui
3405 5438 3638 5518 obtigit,

2009 5545 2074 5600 ut
2123 5551 2357 5594 sacrum
2387 5533 2521 5612 ejus
2552 5552 2772 5614 corpus
2824 5534 3134 5608 conderet,
3167 5533 3515 5594 thesaurum
3542 5527 3644 5609 qui

2007 5623 2305 5694 exinaniri
2335 5641 2455 5686 non
2487 5631 2683 5706 potest
2711 5631 2774 5686 et
2800 5622 3234 5692 consumi.Nou
3265 5621 3518 5685 multum
3547 5619 3644 5681 in-
