3996 6178
441 297 586 364 1011
1732 299 2014 366 MENSIS

2194 298 2502 365 UARIUS.
3637 306 3772 372 1012

3403 438 3764 449 .———____

1614 598 1710 662 DE
1763 600 2081 664 SANCTIS
2137 601 2590 670 CONJUGIBUS

1043 819 2236 952 XENOPHONTE
2342 824 2562 957 ET
2681 827 3220 960 MARIA

1707 1089 2026 1145 EOBUIQUE
2071 1092 2304 1140 SANCI'IS
2345 1096 2524 1142 FlLllS

1472 1270 1963 1362 ARCADIO
2045 1277 2180 1361 ET
2263 1279 2733 1368 JOANNE.

1157 1497 1415 1555 Saculum
1445 1510 1501 1554 v.
1533 1529 1604 1541 --
1639 1500 1787 1556 Acta
1813 1505 2127 1558 sanctorum
2152 1497 2398 1557 Bolland.
2433 1502 2493 1558 ad
2524 1502 2656 1559 diem
2689 1501 2759 1560 26
2786 1502 3062 1573 Januarii.)

504 1853 994 1934 Xenophontem.
1040 1872 1110 1916 ac
1135 1852 1376 1916 Mariam
1410 1853 1570 1916 illius
1601 1855 1940 1928 coniugem,
1977 1869 2307 1930 eorumque
2338 1852 2558 1914 liberos
2581 1853 2908 1917 Areadium
2946 1862 3000 1913 et
3027 1853 3346 1924 Joannem,
3383 1849 3690 1914 senatoria
3713 1847 3794 1907 di-

425 1947 653 2024 gnitate
701 1947 1208 2029 amplissimisque
1256 1948 1737 2026 possessionibus
1786 1947 2095 2022 ahliratis,
2137 1950 2520 2007 monasticam
2577 1949 2749 2009 vitam
2803 1948 3234 2027 Hierosolymis
3287 1946 3418 2026 pari
3473 1945 3792 2006 animorum

424 2040 641 2104 ardore
669 2043 991 2120 professos,
1034 2052 1390 2104 venerantur
1426 2041 1618 2105 Graeci
1655 2044 1763 2102 hoc
1796 2042 1894 2102 die
1927 2042 2126 2102 ot‘ticio
2158 2043 2587 2107 ecclesiastico.
2615 2043 2698 2105 lla
2725 2063 2979 2125 namque
3013 2045 3419 2121 Anthologion
3451 2060 3484 2100 a
3509 2040 3797 2104 Clemente

423 2132 556 2197 Vlll
597 2138 996 2217 approbatum
1031 2157 1046 2196 :
1109 2161 1135 2190 α
1164 2137 1387 2199 Eodem
1423 2155 1651 2206 mense,
1688 2138 1782 2196 die
1812 2138 1910 2202 Qti,
1947 2137 2137 2197 sani-ti
2192 2135 2375 2196 Patris
2410 2143 2590 2198 nostri
2629 2140 3046 2217 Xenophontis
3092 2149 3147 2200 et
3179 2138 3517 2197 sociorum.
3567 2136 3696 2194 Sanr
3721 2140 3796 2190 tus

425 2229 522 2291 hic
569 2227 900 2308 Xenophon
935 2229 1446 2310 Constantinopoli
1503 2244 1652 2293 erat.
1689 2243 2065 2292 externarum
2107 2250 2285 2309 opum
2341 2235 2510 2310 copia
2561 2234 2839 2305 atﬂueus,
2873 2244 2925 2292 at
2963 2238 3145 2292 multo
3177 2232 3353 2291 etiam
3413 2238 3650 2288 interna
3675 2241 3796 2300 erga

422 2323 613 2385 Deum
649 2324 938 2403 religione
965 2325 1206 2405 clarior,
1234 2327 1332 2406 qui
1359 2345 1492 2387 cum
1530 2327 1680 2387 duos
1717 2329 1868 2388 ﬁlios
1901 2343 2042 2387 suos
2088 2325 2407 2388 Arcadium
2443 2337 2501 2387 et
2527 2325 2843 2404 Joumem,
2880 2326 3155 2406 Berytum
3191 2325 3401 2384 urbem
3439 2323 3500 2382 ir.
3537 2323 3794 2384 l’ha'niCe

424 2415 878 2496 sitam,adjuris
901 2417 1220 2499 legumque
1252 2419 1632 2497 disciplinam
1667 2431 1722 2480 et
1755 2420 2065 2481 scientiam
2102 2420 2613 2498 consequendam.
2647 2422 2883 2490 missos,
2921 2419 3288 2496 naufragium
3317 2417 3540 2478 fec'sse
3573 2413 3792 2474 intelle-

422 2507 627 2576 xisset.
649 2510 720 2571 ad
757 2529 858 2570 eos
890 2512 1330 2592 conquirendos
1361 2530 1478 2571 una
1507 2531 1640 2574 cum
1677 2530 1859 2573 uxore
1894 2513 2198 2591 profectus
2222 2519 2312 2571 est
2342 2514 2540 2574 domo.
2579 2516 2940 2592 tandemque
2973 2511 3061 2573 Hi:
3087 2510 3402 2591 rosolymis
3425 2528 3535 2568 eos
3568 2507 3788 2586 repetit,

428 2604 779 2666 monachico
811 2604 1014 2667 habitu
1051 2607 1334 2668 indutos:
1370 2605 1470 2665 ubi
1503 2615 1560 2666 et
1613 2609 1737 2684 ipse
1773 2625 1839 2666 ac
1871 2608 2087 2684 conjux
2121 2606 2445 2666 solitariam
2479 2607 2736 2686 amplexi
2774 2607 2971 2670 vitam.
3009 2623 3276 2683 eousque
3306 2603 3488 2664 ambo
3532 2603 3592 2661 in
3625 2598 3792 2658 stadio

423 2697 664 2759 virtutis
696 2700 954 2778 provecti
987 2714 1150 2770 sunt,
1185 2709 1246 2761 ut
1277 2717 1485 2760 eorum
1519 2717 1755 2779 quoque
1788 2700 1918 2772 lilii,
1951 2709 2014 2758 ut
2041 2700 2328 2760 miracula
2360 2699 2535 2761 etiam
2570 2709 2894 2780 patrarent.
2927 2701 3404 2762 Perseverarunt
3436 2705 3642 2756 autem
3675 2709 3786 2752 om-

421 2808 529 2853 nes
562 2793 620 2852 in
653 2792 760 2854 Dei
800 2795 1070 2866 servitio,
1105 2813 1172 2855 ac
1215 2796 1453 2855 tandem
1489 2795 1558 2854 ad
1593 2813 1727 2854 eum
1765 2798 2162 2870 emigrarunt.
2196 2819 2216 2850 ι

503 2883 576 2947 Il.
607 2886 824 2948 Eadem
855 2885 1034 2948 habet
1065 2886 1350 2949 Maximus
1383 2888 1726 2966 Cythereus,
1753 2908 1822 2948 ac
1857 2888 2100 2959 Menaa,
2128 2889 2230 2948 sed
2259 2889 2382 2950 hac
2409 2887 2606 2950 multis
2643 2900 2928 2967 praterea
2959 2886 3301 2966 antiphonis
3333 2904 3444 2947 eos
3475 2881 3782 2945 celebrant.

423 2979 790 3044 Referuntur
819 3001 1058 3062 quoque
1086 2980 1144 3042 in
1177 2983 1382 3044 Graco
1415 2981 1770 3060 Menologio.
1808 2981 1850 3042 E
1881 2983 2099 3042 Latinis
2130 2980 2470 3044 Galesinius
2501 2983 2570 3044 ad
2606 2985 2763 3044 hunc.
2792 2985 2949 3045 diem
2989 2983 3097 3042 ista
3130 2981 3336 3042 scribit
3372 3003 3385 3043 :
3425 3003 3450 3037 ι
3490 2981 3554 3041 1η
3584 2973 3784 3040 Gracia

425 3073 487 3137 S.
518 3074 934 3154 Xenophontis
963 3076 1344 3136 confess-Jris.
1394 3075 1495 3138 His
1529 3077 1844 3137 excellenti
1880 3078 1934 3136 iu
1993 3077 2175 3138 Deum
2213 3077 2454 3158 pietate,
2489 3097 2748 3159 tergaque
2809 3095 3099 3158 pauperes
3132 3076 3505 3153 benignitate
3538 3067 3781 3132 incredi-

423 3169 553 3249 bili,
590 3168 1060 3251 llierosolymam
1097 3171 1398 3249 profectus
1433 3172 1778 3231 manastiea
1814 3172 1940 3232 vita
1976 3173 2153 3233 instit=
2187 3182 2241 3233 ta
2298 3174 2596 3252 suscepit:
2633 3176 2691 3232 in
2725 3191 2914 3246 eaque
2947 3171 3174 3231 vivendi
3208 3170 3440 3230 ratione
3471 3169 3554 3229 ita
3601 3183 3666 3225 se
3693 3181 3782 3222 ex-

422 3263 630 3336 coluit,
665 3276 725 3326 ut
778 3264 884 3325 Dei
912 3264 1100 3342 gratia
1131 3284 1198 3326 ac
1247 3265 1424 3326 domo
1477 3266 1681 3325 multis
1733 3266 1942 3326 mirabi
1973 3269 2084 3326 itir
2114 3266 2297 3345 gestis
2350 3267 2552 3338 rebus,
2591 3281 2837 3344 ar'aque
2893 3264 3273 3326 sanctissime
3323 3269 3438 3323 vita
3466 3259 3682 3322 abierit
3719 3254 3779 3316 ad

422 3356 768 3418 Dominum.
809 3384 836 3415 ι
892 3361 954 3421 In
990 3360 1144 3420 notis
1175 3359 1484 3438 accepi~se
1515 3377 1580 3420 se
1613 3360 1738 3421 l.ac
1784 3378 1816 3420 e
1849 3362 2252 3421 monumentis
2285 3359 2504 3422 Gracis
2555 3359 2764 3420 scribi:
2795 3380 2808 3419 :
2846 3369 2902 3419 at
2937 3364 3148 3418 mirum
3200 3366 3290 3418 est
3319 3375 3455 3417 eum
3507 3354 3700 3415 Maria
3723 3368 3780 3411 ac

424 3450 681 3512 ﬁliorum
732 3471 848 3511 non
883 3453 1257 3514 meminisse.
1320 3454 1537 3513 Eadem
1572 3472 1640 3513 ex
1691 3453 1996 3515 Galesinio
2031 3455 2239 3514 recitat
2296 3453 2568 3513 tianisius
2618 3452 2672 3512 iu
2712 3453 3028 3530 posteriori
3081 3450 3371 3512 editione.
3405 3448 3678 3511 Malanus
3724 3444 3775 3505 in

415 3545 600 3606 addit.
633 3545 709 3606 ad
742 3545 1079 3609 Usuardum
1117 3567 1131 3607 :
1176 3571 1198 3603 α
1236 3548 1340 3611 Die
1366 3546 1464 3620 '26,
1492 3551 1683 3609 sancti
1717 3546 1910 3608 Patris
1933 3547 2371 3626 Xenophontis,
2407 3556 2463 3606 et
2491 3545 2812 3606 comi'atus
2855 3545 3063 3624 ipsius.
3107 3568 3127 3599 ι

498 3639 600 3704 Ill.
634 3639 794 3703 Idem
823 3660 997 3722 porro
1032 3643 1438 3723 Anthologion
1473 3647 1534 3705 S.
1567 3643 1832 3706 Januarii
1871 3643 1981 3703 ista
2015 3642 2212 3703 habet:
2253 3639 2512 3701 «Eodem
2550 3658 2779 3712 mense,
2817 3640 2914 3700 die
2947 3649 3175 3714 octavo,
3201 3636 3264 3700 S.
3297 3631 3774 3718 Xenophontiset

417 3735 741 3808 sociorum,
776 3742 834 3796 et
881 3735 941 3798 S.
977 3735 1252 3797 Marciani
1289 3738 1638 3818 presbyteri,
1680 3749 1795 3798 etc.
1834 3759 1862 3795 ›
1920 3737 2048 3810 Quo
2082 3736 2178 3796 die
2232 3734 2538 3814 Philippus
2571 3735 2880 3798 Ferrarius
2911 3734 2969 3796 in
3002 3733 3266 3813 generali
3299 3733 3576 3808 Catalogo
3623 3742 3772 3788 sanc-

419 3836 612 3890 torum
653 3848 666 3888 :
708 3853 727 3883 c
769 3827 1275 3911 ConstantinOpoli
1305 3832 1366 3895 S.
1403 3831 1814 3911 XenOphontis
1847 3829 2210 3892 confessoris
2249 3853 2271 3881 ι»
2311 3832 2534 3890 Menaa
2565 3831 2602 3887 6
2634 3829 2824 3891 Martii
2860 3829 3182 3891 Arcadium
3207 3825 3502 3897 referunt,
3529 3822 3768 3911 tilinmne

416 3917 828 4000 Xenophontis
855 3939 929 3984 an
961 3909 1175 3994 alium,
1203 3923 1379 3984 nobis
1411 3909 1873 4004 incompertum;
1899 3923 2009 3984 ista
2032 3924 2222 3983 solum
2251 3921 2726 3982 habentzliodem
2754 3921 3069 4002 die,san(ti
3100 3919 3292 3982 Patris
3314 3919 3504 3980 nostri
3526 3909 3764 3980 Arcadii.

1068 4042 1090 4072 α
1128 4015 1388 4078 Lumbos
1419 4016 1518 4098 qui
1544 4020 1653 4077 sub
1678 4017 2132 4096 intelligentiam
2166 4017 2411 4091 cadunt,
2441 4016 2764 4076 virtutibus
2796 4015 3172 4093 princinctus,

1064 4135 1083 4164 ι
1123 4108 1370 4188 Egregio
1407 4121 1649 4171 ornatus
1680 4111 1942 4190 cingulo,
1979 4110 2219 4181 Arcadi,
2254 4115 2323 4170 ad
2350 4121 2564 4171 catum
2599 4111 2793 4170 curris
2859 4134 2880 4164 ι

495 4200 592 4263 IV.
627 4200 819 4265 Vitam
849 4206 916 4266 S.
947 4203 1363 4284 Xenophontis
1395 4213 1452 4264 et
1484 4203 1809 4277 sociorum,
1845 4223 1878 4265 a
1909 4206 2192 4268 Simeone
2245 4203 2664 4284 Motaphraste,
2695 4213 2795 4265 aut
2825 4205 2943 4264 alio
2976 4202 3254 4282 quopiam
3289 4203 3609 4263 vetustiore
3633 4213 3754 4259 auc-

418 4305 573 4376 tore,
606 4297 1026 4375 conscriptam,
1061 4306 1373 4378 acceperat
1420 4296 1784 4378 Rosweydus
1837 4316 1868 4359 e
1899 4298 2105 4359 codice
2157 4298 2360 4361 Graco
2417 4300 2799 4362 bibliotheca
2855 4297 3349 4361 Christianissimi
3403 4299 3581 4377 regis.
3635 4291 3748 4355 Eam

414 4388 622 4452 Latine
652 4390 827 4450 vertit
855 4388 1040 4453 Ortho
1073 4389 1266 4470 Zylins
1297 4400 1523 4458 noster.
1560 4393 1848 4453 hactenus
1880 4411 2178 4472 nunquam
2212 4395 2328 4456 luci
2361 4396 2583 4457 datam.

495 4479 570 4544 Μ.
623 4479 748 4551 Qua
775 4491 944 4543 atate
973 4483 1182 4544 vixerit
1213 4483 1275 4546 S.
1306 4483 1659 4564 Xenophon,
1697 4503 1764 4546 ex
1798 4484 2132 4564 Nicephoro
2168 4488 2409 4550 Callisto
2461 4489 2670 4569 liquet.
2707 4489 2758 4549 Is
2789 4486 2828 4550 Ι.
2883 4503 3005 4558 xrv,
3040 4505 3094 4550 c.
3145 4485 3244 4559 5‘2,
3279 4503 3412 4547 cum
3449 4485 3527 4546 de
3575 4493 3736 4556 magno

413 4572 728 4652 Euthymio
759 4574 999 4656 egisset,
1032 4576 1108 4636 de
1139 4595 1256 4656 quo
1305 4595 1412 4636 nos
1439 4576 1516 4638 29
1545 4577 1835 4643 Januarii,
1868 4578 1944 4640 de
1975 4582 2167 4652 Xena,
2203 4582 2327 4644 sive
2359 4582 2636 4649 Eusebia.
2674 4583 2748 4643 de
2797 4600 2912 4660 qua
2940 4580 3012 4644 24
3046 4580 3210 4659 Jan.,
3246 4583 3320 4643 de
3347 4579 3603 4642 Eudoria
3639 4575 3731 4635 Ali-

415 4676 605 4745 gusta,
642 4685 674 4729 e
706 4668 834 4729 aliis
866 4670 965 4749 qui
1010 4670 1220 4744 quinto
1251 4671 1490 4742 saculo,
1525 4673 1853 4733 sanctitatis
1905 4673 2188 4753 opinione
2242 4676 2506 4737 illustres
2549 4676 2854 4753 exstitere,
2893 4675 3002 4736 ista
3053 4675 3318 4737 adnectit
3351 4696 3366 4734 :
3433 4700 3457 4729 ιι
3497 4673 3738 4735 Praeterea

412 4760 852 4824 celeberrimus
884 4763 984 4824 ille
1013 4762 1341 4843 Xenophon
1375 4764 1588 4825 iisdem
1621 4766 1992 4844 tempOribus
2026 4770 2241 4844 ﬂoruit,
2273 4772 2370 4850 qui
2406 4771 2569 4849 prius
2603 4770 2884 4830 senatorii
2916 4769 3143 4829 ordinis
3171 4769 3384 4840 fuerat,
3421 4788 3538 4829 non
3584 4763 3737 4826 minus

415 4856 680 4919 externis
705 4857 940 4936 opibus,
971 4877 1144 4938 quam
1183 4857 1433 4920 internis
1463 4858 1642 4920 animi
1676 4860 1913 4921 dotibus
1944 4863 2330 4942 conspicuus.
2368 4863 2610 4922 Miseaat
2637 4864 2684 4922 is
2719 4865 3014 4942 Berytum,
3042 4881 3171 4937 qua
3203 4861 3472 4923 Panices
3503 4859 3630 4921 urbs
3651 4861 3735 4921 esl.

413 4949 750 5032 disciplina
778 4961 837 5013 et
870 4952 1066 5033 lequm
1099 4952 1516 5014 discendarum
1548 4955 1755 5030 gratia,
1791 4955 2108 5017 Arcadium
2143 4967 2200 5018 et
2227 4957 2515 5020 Joannem
2551 4957 2704 5017 lilios
2733 4975 2897 5018 suos.
2934 4955 3078 5017 Cum
3111 4966 3308 5016 autem
3342 4956 3378 5016 ii
3415 4950 3734 5030 naufragium

413 5043 476 5106 in
509 5046 660 5108 mari
691 5047 849 5128 passi
881 5056 1103 5119 essent,
1136 5047 1206 5108 ad
1241 5065 1344 5108 eos
1377 5050 1810 5130 perquirendos
1834 5072 1947 5113 una
1978 5073 2111 5114 cum
2142 5055 2395 5130 conjuge
2423 5078 2432 5126 ι
2462 5053 2720 5114 rofsclus
2746 5061 2857 5114 est.
2886 5055 3073 5115 POI‘IO
3101 5052 3199 5112 ubi
3233 5069 3336 5112 eos
3359 5038 3738 5125 Hierosolymis

414 5141 801 5202 tnonasticum
837 5140 1172 5202 institutum
1207 5159 1417 5202 omnes
1446 5145 1788 5224 complexos
1821 5147 2070 5219 invenit,
2101 5146 2230 5228 ipse
2261 5165 2520 5227 quoque,
2553 5156 2612 5206 et
2658 5166 2790 5208 cum
2824 5166 2893 5207 eo
2925 5148 3162 5226 conjux.
3192 5144 3612 5226 tranquillioiis
3637 5136 3734 5196 itin

411 5229 679 5294 habitum
714 5233 994 5298 induunt.
1029 5236 1118 5297 Ad
1149 5254 1278 5296 eam
1314 5254 1452 5298 vero
1484 5257 1695 5300 omnes
1724 5240 1999 5302 virtutem
2037 5259 2385 5320 pervenere,
2425 5249 2484 5299 ut
2528 5249 2585 5300 et
2617 5239 3026 5300 faciendorum
3065 5239 3482 5300 miraculorum
3531 5230 3733 5316 gratiam

408 5341 442 5387 a
471 5325 592 5388 Deo
623 5329 931 5393 consecuti
959 5329 1102 5394 sint.
1133 5328 1402 5412 Cumque
1432 5343 1734 5411 acceptam
1777 5337 1896 5397 Deo
1929 5335 2102 5395 vitam
2133 5335 2418 5414 egissent,
2454 5333 2524 5395 ad
2560 5353 2694 5395 eum
2734 5333 2970 5396 tandem
3001 5334 3386 5413 emigrarnnt.
3429 5357 3448 5387 ιο
