3996 6178
510 276 665 349 1035

1798 280 2081 352 MENSIS
2138 278 2593 355 IANUARIUS.

3742 284 3875 357 1036

507 416 817 480 bitis.Haec
852 417 1469 499 eﬂ'atus,multamque
1500 418 1620 481 illis
1642 418 1892 480 salutem
1925 418 2134 501 imper-

2241 423 2455 500 ὅψεσθε.
2517 425 2697 491 Οὕτως
2743 428 2929 501 εἰπὼν,
2985 426 3205 493 ὶκείνοις
3250 427 3349 503 μὲν
3391 426 3689 503 σωτηρίαν
3743 426 3877 486 iuu-

510 507 690 587 tiens,
721 506 889 580 abiit,
923 524 1129 568 eorum
1162 508 1511 588 pectoribus
1565 508 1822 570 maxima
1853 508 2153 591 voluptate

509 596 789 678 perfusis.
851 597 1105 676 Jamque
1160 595 1326 658 brevi
1372 615 1438 659 se
1495 597 2150 661 desideratissimorum

507 694 837 766 conspectu
859 684 1147 747 fruituros
1169 696 1333 747 certa
1356 685 1640 749 tenebant
1661 686 1986 769 ﬁde,quam
2012 689 2154 751 satis

507 783 806 837 astrueret
829 782 943 835 tam
978 772 1222 836 deﬁnita
1251 773 1327 837 de
1358 774 1542 838 rebus
1571 775 1646 838 ad
1695 775 1860 858 ipsos
1880 785 2151 857 spectan-

507 863 666 925 tibus
696 861 1125 943 pronuntiatio.

584 950 793 1017 XXIII.
830 951 1120 1014 Caaterum
1158 970 1341 1016 senex
1364 953 1435 1015 ad
1459 962 1725 1016 sanctam
1749 953 1967 1018 Christi
1989 957 2151 1020 Ana-

504 1042 708 1104 stasim
736 1042 1281 1123 progressus,haud
1312 1042 1523 1123 procul
1554 1042 1847 1123 Golgotba
1878 1046 2153 1108 consedit

502 1131 691 1195 humi.
726 1130 798 1193 Et
827 1150 970 1194 ecce
998 1129 1264 1194 Joannes
1311 1140 1668 1213 precaturus
1718 1133 2011 1213 procedit,
2046 1137 2150 1216 qui

498 1220 624 1282 viso
652 1238 798 1283 sene
830 1238 967 1282 eum
991 1230 1527 1302 veneratus,atque
1560 1220 1836 1283 elucente
1866 1222 2148 1285 virtutum

498 1310 627 1390 ejus
657 1311 857 1391 specie
890 1318 1105 1386 motus,
1138 1310 1551 1373 adorationem
1585 1320 1862 1391 prompte
1885 1312 2145 1388 exhibet,

499 1399 800 1480 incognito
859 1399 1105 1479 quidem
1166 1399 1419 1481 homini,
1483 1418 1605 1461 non
1638 1409 1839 1462 tamen
1871 1402 2025 1481 ipse,
2063 1402 2149 1463 uti

503 1487 1581 1566 dicemus,incognitus.Admirandus
1613 1489 1773 1551 enim
1799 1508 1982 1552 senex
2012 1510 2147 1553 mox

491 1578 727 1659 jussum
748 1575 2143 1661 consurgere,benedictionemqueimpertiens,

500 1685 568 1728 ac
601 1683 709 1729 suo
740 1684 876 1729 eum
923 1667 1170 1728 nomine
1216 1666 1560 1747 appellans,
1595 1668 1767 1730 suavi
1800 1668 2148 1750 blandaque

2236 511 2483 589 ξάμενος,
2530 516 2727 595 ἀφῆκε,
2774 514 2986 582 πολλὴν
3029 514 3201 573 αὐτῶν
3243 518 3315 579 εἱς
3343 516 3454 583 τῆν
3518 511 3743 592 καρδίαν
3791 538 3877 571 ια-

2234 625 2301 660 τα
2306 603 2443 683 χέας
2472 605 2572 672 τῆν
2601 604 2822 672 ἡδονάν,
2861 605 2942 680 Τῷ
2975 605 3075 683 γὰρ
3120 604 3258 662 οὕτω
3286 603 3737 683 διορατιιώτατα
3776 606 3878 681 mp?

2236 692 2410 750 αὐτῶν
2470 692 2724 771 ἐξειπεῖν,
2781 694 2951 752 πίστιν
2996 694 3179 759 αὐτοῖς
3218 707 3463 773 παρεῖχε
3498 690 3609 750 καῗ
3643 694 3760 769 περὶ
3797 699 3883 749 τῶν

2235 784 2385 864 υἱῶν,
2414 782 2513 841 καὶ
2542 782 2622 840 ὅτι
2655 784 2790 858 μετά
2820 784 3009 862 μικρὸν
3038 782 3260 859 ὄψονται
3292 783 3416 848 τοὺς
3452 779 3781 862 φιλτάτους.

2321 959 2447 1022 Kl".
2494 962 2659 1025 Αὐτὸς
2703 958 2758 1017 δὲ
2801 963 2875 1027 εἷς
2939 961 3038 1029 τὴν
3095 967 3189 1019 τοῦ
3247 966 3488 1039 Χριστοῦ
3536 958 3708 1038 ἁγίαν
3744 959 3880 1017 Ἀνά-

2237 1072 2420 1108 στασιδ
2463 1050 2731 1131 ἀπελθὼν,
2777 1050 2833 1106 ἂν
2876 1051 3129 1127 γειτόνων
3170 1052 3265 1108 τοῦ
3323 1048 3612 1128 Γολγοθᾶ,
3671 1047 3880 1109 tuam

2231 1137 2318 1197 ἔπ’
2363 1139 2605 1221 ἐδάφους.
2658 1141 2757 1198 Καὶ
2807 1137 2940 1216 ἰδοὺ,
3000 1140 3273 1219 πρόσεισιν
3337 1142 3365 1195 6
3414 1137 3709 1206 Ἰωάννης
3760 1136 3878 1202 εὒξό·

2234 1251 2395 1305 μενος
2426 1248 2444 1267 ο
2471 1230 2530 1295 ’ὀς
2561 1229 2675 1287 ἐπεὶ
2704 1228 2812 1287 ἴδοι
2847 1232 2940 1287 τὸν
2984 1228 3230 1310 γέροντα,
3278 1227 3552 1291 αίδεσθεῖς
3613 1228 3708 1284 καὶ
3749 1228 3879 1301 μόνω

2232 1319 2338 1375 ἀπὸ
2397 1324 2496 1385 τῆς
2553 1317 2952 1396 ἰπιπρεπούσης
3024 1319 3165 1391 οὒτῷ
3236 1317 3459 1397 ἀρετῆς,
3532 1317 3882 1393 προσκύνησιν

2232 1405 2467 1471 εὒλαϐὦς
2554 1404 2744 1481 ἐδίδου,
2830 1407 3001 1464 καίτοι
3068 1408 3276 1484 ἀγνοῶν
3360 1408 3457 1462 τὸν
3558 1402 3761 1485 ἄνδρα,
3824 1406 3882 1479 μὴ

2232 1497 2612 1576 ἀγνοούμενος,
2647 1495 2824 1573 ὥσπερ
2859 1494 2960 1563 ἤδη
2989 1497 3074 1552 καὶ
3105 1498 3133 1552 6
3164 1494 3326 1573 λόγος
3358 1492 3649 1562 δηλώσει.
3686 1491 3882 1559 ’Δνίστη

2230 1586 2329 1664 γὰρ
2403 1585 2558 1641 αὐτὸν
2618 1589 2954 1665 παραχρῆμα
3014 1587 3042 1640 6
3101 1584 3393 1659 θαυμάσιος
3458 1583 3685 1663 γέρων,
3749 1581 3883 1641 εὔλο-

2229 1675 2401 1752 γήσας
2443 1696 2500 1730 τε
2545 1672 2639 1731 καί
2684 1672 2914 1739 καλέσας
2972 1673 3033 1731 ἔκ
3091 1680 3186 1730 τοῦ
3242 1674 3523 1747 ὀνόματος
3573 1673 3725 1745 ῆπίᾳ
3772 1669 3884 1728 πάνυ

496 1773 663 1844 voce:
682 1754 1490 1844 gbinam,inquit,hactenus
1511 1755 1951 1831 fuistt,domine
1970 1757 2134 1821 Joan-

2229 1766 2317 1821 καὶ
2362 1776 2624 1842 προσηνεῖ
2679 1770 2749 1840 τῇ
2790 1768 2963 1844 φωνῇ.
3029 1768 3160 1836 Ποῦ,
3194 1763 3362 1842 φησίν
3418 1763 3583 1829 ἦσθα
3627 1761 3697 1817 τὸ
3741 1760 3883 1840 μέχρι

494 1861 606 1905 nes
627 1842 659 1904 ?
687 1841 841 1905 Ecce
872 1843 1031 1905 enim
1085 1853 1254 1924 pater
1283 1852 1342 1905 et
1373 1854 1564 1906 mater
1594 1846 1699 1919 tui,
1736 1846 1852 1907 huc
1878 1846 2145 1911 advene-

499 1941 1009 2014 runt,qua3rentes
1033 1941 1113 1996 te.
1140 1931 1260 1995 Sed
1285 1940 1344 1995 et
1367 1941 1424 1995 te
1448 1934 1757 2015 quaerendi
1781 1934 1983 1998 fratris
2004 1956 2145 2018 ergo

494 2028 740 2086 venisse
756 2021 1059 2085 novi.Haac
1080 2022 1282 2085 divino
1306 2041 1555 2103 prorsus
1577 2023 1866 2087 instinctu
1887 2044 1921 2088 a
1942 2028 2142 2091 senio-

495 2131 563 2174 re
589 2112 815 2195 prolata
836 2110 1271 2187 oratio,Joanni
1289 2120 1598 2194 stuporem
1621 2113 1861 2193 injecit;
1884 2134 2142 2198 cumque

494 2202 673 2281 longo
691 2209 815 2281 jam
846 2201 1046 2263 fratris
1077 2201 1382 2264 desiderio
1407 2210 1979 2283 teneretur,arrepto
2003 2224 2141 2267 con-

489 2290 689 2353 festim
721 2290 1021 2373 loquentis
1051 2308 1353 2354 sermone:
1389 2289 1526 2366 Uhi,
1553 2291 1767 2373 inquit,
1795 2292 1920 2375 ubi,
1954 2293 2134 2357 obse-

497 2381 710 2457 cro,mi
744 2382 939 2457 Pater,
975 2392 1067 2442 est
1086 2398 1409 2459 germanus
1432 2380 1635 2443 meus?
1658 2381 1917 2445 Ubinam
1945 2392 2137 2447 terra-

492 2477 658 2534 rum?
681 2470 837 2534 Vivit
858 2470 1038 2551 igitur
1055 2476 1084 2533 ?
1107 2488 1141 2533 ο
1157 2470 1665 2550 jucundissimam
1704 2472 1852 2534 mihi
1883 2491 2087 2536 vocem
2116 2474 2130 2537 !

492 2580 528 2623 ο
550 2560 789 2624 dulcem
817 2560 1104 2641 linguam!
1128 2558 1359 2622 Audire
1375 2577 1552 2640 quam
1572 2579 1707 2622 mox
1728 2560 2137 2644 discupio,ubi

488 2650 736 2712 fratrem
770 2658 1207 2729 conspecturus
1230 2646 1587 2711 sim.Nonne
1612 2667 1717 2710 cor
1740 2668 1936 2713 meum
1961 2668 2135 2714 exar-

488 2742 643 2801 sisse
674 2736 1148 2801 animadvertis?
1179 2755 1395 2818 meque
1416 2736 1574 2801 velut
1601 2740 1969 2803 seminecem
2003 2741 2135 2823 ejus

493 2829 797 2892 desiderio
830 2828 1212 2890 contabuisse
1234 2834 1262 2890 ί(
1318 2828 1393 2889 At
1421 2828 1628 2891 senior
1661 2848 1675 2891 :
1708 2826 1815 2891 Hic
1845 2830 1999 2910 apud
2038 2849 2132 2894 me

496 2919 789 3000 tantisper
819 2917 1018 2981 asside
1038 2916 1071 2977 ?
1100 2925 1159 2980 et
1185 2935 1322 2980 mox
1351 2916 1594 2979 fratrem
1627 2916 1885 2980 videbis.

564 3005 986 3088 XXIV.Neque
1007 3006 1183 3087 longa
1204 3005 1315 3069 fuit
1341 3024 1509 3068 mora
1538 3024 1674 3069 cum
1707 3007 2002 3071 Arcadius
2032 3009 2128 3072 ad-

386 3098 389 3101 ’
490 3099 627 3176 fuit,
662 3105 820 3160 totus
851 3098 1172 3177 exsanguis
1200 3114 1269 3158 ac
1301 3094 1563 3170 tabidus,
1595 3095 1848 3174 soloque
1880 3107 2042 3160 motu
2073 3106 2135 3163 et

486 3206 634 3251 voce
667 3187 809 3251 visre
837 3188 1030 3250 adhuc
1062 3185 1406 3266 superstitis
1454 3184 1680 3247 faciens
1710 3186 1913 3249 ﬁlem.
1947 3187 2136 3250 Tanta

488 3278 575 3341 illi
600 3277 955 3341 venerandae
993 3275 1330 3357 sobriaeque
1351 3273 1725 3337 abstinentia
1747 3274 1941 3337 fuerat
1964 3295 2130 3340 cura.

487 3368 577 3432 Ad
601 3386 808 3431 senem
830 3367 1007 3447 igitur
1026 3365 1364 3428 verecunde
1386 3363 1781 3444 modesteque
1809 3366 2129 3443 accedens,

482 3457 978 3539 Ecce,inquit,mi
1002 3455 1200 3531 Pater,
1216 3455 1342 3535 jam
1368 3453 1579 3516 tertius
1601 3463 1690 3516 est
1716 3471 1929 3531 annus,
1966 3465 2132 3536 posto

483 3566 658 3631 quam
682 3565 890 3627 agrum
927 3555 1091 3607 tuum
1124 3545 1288 3607 nulla
1331 3543 1708 3624 inspectione
1735 3543 2012 3625 dignatus
2041 3562 2127 3619 es,

483 3638 764 3718 cumipse
784 3636 1022 3698 interim
1054 3635 1340 3715 plurimas
1372 3635 1575 3714 spinas
1596 3632 1968 3712 tribulosque
1992 3652 2132 3716 pro-

482 3728 709 3789 tulerit.
745 3726 1063 3801 Reliquum
1112 3730 1203 3785 est
1245 3723 1517 3803 igitur,ut
1556 3731 1860 3785 strenuam
1893 3725 1949 3786 ei
1982 3742 2129 3805 pur-

484 3816 678 3897 gando
702 3832 943 3896 operam
974 3810 1294 3875 naves.Cui
1318 3830 1501 3874 senex
1536 3809 1987 3894 :Nequaquam,
2023 3815 2126 3893 ait,

483 3908 566 3967 ita
617 3922 714 3965 res
745 3902 962 3978 habet;
998 3920 1133 3963 nam
1166 3910 1224 3963 et
1255 3900 1525 3982 quotidie
1574 3919 1709 3962 eum
1763 3901 2021 3983 inspexi,
2069 3909 2129 3965 et

486 3993 737 4057 multum
769 3992 845 4054 de
871 4010 942 4054 eo
990 3989 1287 4053 sollicitus
1336 3990 1418 4052 fui
1454 4007 1467 4052 :
1506 4007 1694 4069 quare
1724 4009 1846 4052 non
1896 3991 2123 4072 spinas,

482 4084 719 4167 opinor,
749 4091 850 4145 aut
879 4079 1132 4145 tribulos
1164 4078 1429 4161 protulit,
1467 4078 1571 4141 sed
1602 4097 1744 4140 uvas
1772 4078 2123 4160 bonas,fru-

484 4181 875 4253 mentumque
908 4180 1231 4251 maturum,
1261 4168 1481 4249 quibus
1512 4167 1796 4230 nimirum
1838 4168 1971 4250 ipse
2003 4168 2123 4232 Rex

481 4264 896 4325 universorum
929 4259 1284 4323 delectatur.

561 4349 745 4415 XXV.
778 4350 916 4412 Haac
940 4348 1283 4430 prolocutus
1333 4347 1421 4408 vir
1464 4345 1702 4409 divinus
1738 4347 2003 4410 nondum
2040 4347 2128 4411 eis

483 4459 653 4505 suam
684 4438 1111 4502 fraternitatem
1136 4442 1395 4519 aperuit,
1430 4436 1766 4517 praesertim
1795 4455 1930 4498 cum
1967 4437 2129 4499 invi-

2228 1854 2434 1925 τούτου,
2492 1859 2608 1931 κῦρι
2654 1851 2874 1920 Ἰωάννη
2910 1871 2927 1933 ;
2978 1850 3115 1909 ἰδοὺ
3148 1852 3249 1931 γὰρ
3292 1850 3320 1907 6
3368 1871 3425 1908 τε
3476 1851 3683 1929 πατὴρ
3728 1850 3821 1906 καί
3856 1852 3882 1915 ἡ

2227 1944 2411 2021 μήτηρ
2456 1964 2549 2001 σου
2593 1943 2659 1999 τα
2703 1942 2921 1999 ενταῦθα
2978 1938 3274 1998 κατέλαϐον
3335 1938 3752 2011 ἑπιζητοῦντές
3794 1957 3880 1994 σε·

2224 2031 2349 2090 οἶδα
2393 2029 2447 2088 δὲ
2477 2031 2557 2089 ὅτι
2588 2031 2685 2088 καί
2728 2033 2881 2097 αὒτὸς
2917 2031 2979 2086 σὺ
3009 2032 3100 2087 τὸν
3132 2028 3356 2109 ἀδελφὸν
3384 2030 3484 2086 τὸν
3520 2031 3629 2085 σὸν
3664 2028 3881 2099 ἐκζητῶν

2225 2120 2507 2192 ἱλήλυθας.
2556 2118 2770 2196 Θάμϐος
2816 2121 3027 2187 εἰσῆλθε
3070 2121 3162 2176 τὸν
3208 2115 3499 2192 Ἰωάννην,
3580 2118 3731 2175 οὕτω
3775 2120 3880 2173 Oso-

2222 2212 2492 2274 πνεύστως
2551 2211 2823 2289 εἰρηκότος
2895 2212 2988 2266 τοῦ
3052 2208 3297 2287 γέροντος
3338 2226 3352 2239 '
3409 2209 3507 2265 καὶ
3559 2207 3686 2263 hui
3731 2204 3874 2268 πολὺς

2223 2301 2378 2357 αὺτὸν
2421 2299 2550 2379 εἶχε
2608 2299 2766 2361 πόθος
2810 2299 2904 2354 τοῦ
2947 2296 3197 2376 ἀδελφοῦ,
3263 2296 3515 2375 ἀρπάσας
3582 2297 3653 2353 τὸ
3699 2294 3873 2374 λιχῧξν

2221 2393 2431 2466 αὐτίκα,
2475 2389 2571 2447 Καὶ
2614 2387 2717 2445 ποῦ
2786 2387 2910 2466 ἄρα,
2976 2393 3102 2466 ποῦ,
3162 2385 3290 2466 ἔφη,
3350 2383 3626 2465 ἀδελφὸς,
3691 2384 3865 2461 Πάτερ,

2222 2482 2248 2535 6
2306 2478 2460 2553 ἂμὸς,
2510 2483 2609 2535 ποῦ
2643 2498 2659 2552 ;
2706 2482 2773 2554 ζῆ
2829 2474 2883 2531 δὲ
2918 2474 3055 2541 ὅλως
3098 2475 3213 2549 ;⁹¹Ω
3244 2476 3491 2553 ῥήματος
3526 2474 3795 2544 ἠδίστουί
3834 2473 3867 2528 ὦ

2218 2567 2463 2647 γλυκείας
2507 2566 2756 2645 γλώττης
2785 2570 2801 2626 l
2850 2566 3063 2624 ἀκούσω
3094 2569 3154 2623 τὸ
3183 2565 3382 2645 τάχος,
3433 2572 3551 2622 ποῦ
3595 2566 3696 2621 τὸν
3724 2561 3859 2620 ἀδελ-

2219 2659 2315 2734 φὸν
2341 2656 2541 2733 ὄψομαι
2571 2675 2588 2737 ;
2622 2658 2770 2735 ὁρᾷς,
2817 2656 2962 2717 ὅπως
3021 2655 3417 2733 ἒμπέπρησμαι
3459 2656 3573 2721 τῆν
3639 2651 3855 2732 καρδίαν,

2218 2746 2365 2810 ὅπως
2398 2745 2661 2812 ἰκτέτηκα
2704 2747 2792 2803 καὶ
2844 2746 3077 2822 ἡμιθνης
3131 2746 3240 2821 εἰμι
3292 2742 3361 2800 δι’
3404 2744 3577 2801 αὑτόν
3612 2763 3631 2825 ς
3699 2743 3790 2802 Καὶ
3832 2743 3849 2794 ὁ

2220 2838 2410 2915 γέρων,
2471 2834 2698 2906 gnatm
2749 2835 2875 2913 παρ’
2919 2835 3064 2915 ἐμοὶ,
3110 2832 3237 2913 ἔφη,
3270 2834 3359 2889 καὶ
3388 2831 3513 2909 ὄψει
3547 2836 3749 2892 θᾶττον
3784 2832 3851 2886 τὸν

2215 2922 2468 2986 ἀδελφόν,

2299 2948 2341 2981 aa
2384 2948 2468 2986 ον,

2299 2948 2434 3076 κζ’.
2479 3012 2693 3091 Ὀλίγον
2751 3013 2887 3069 πάνυ
2930 3013 2992 3069 τὸ
3037 3010 3232 3088 μεταξὺ
3276 3034 3369 3087 ην,
3415 3015 3507 3070 καὶ
3558 3008 3845 3090 πάρεισινδ

2216 3100 2528 3180 Ἀρκάδιος,
2578 3104 2760 3182 ὠχρὸς
2809 3100 2944 3180 ἄγαν
2992 3104 3079 3159 καὶ
3136 3104 3396 3182 τακηρδς,
3445 3102 3620 3169 μόλις
3682 3100 3738 3157 τὸ
3787 3094 3841 3171 μή

2218 3195 2398 3268 νεκρὸς
2445 3196 2585 3250 εἷναι
2629 3206 2748 3257 τοῖς
2789 3193 3047 3268 κινήμασι
3096 3192 3282 3267 μόνοις
3318 3193 3409 3249 καὶ
3459 3193 3533 3268 τῇ
3568 3194 3725 3272 φωνῇ
3769 3208 3843 3241 πι-

2218 3282 2504 3358 στούμενος
2533 3301 2549 3316 ·
2599 3288 2850 3339 τοσοῦτον
2904 3281 3213 3359 ἐγκρατείας
3272 3279 3551 3360 ὶφρδντισε
3614 3282 3717 3346 τῆς
3752 3274 3838 3330 σύ·

2216 3392 2406 3451 φρονος
2460 3373 2548 3428 καὶ
2607 3376 2832 3447 σεμνῆς.
2883 3369 3194 3447 Προσελθὼν
3238 3370 3326 3427 οὖν
3371 3374 3450 3443 τῷ
3491 3368 3709 3449 γέροντι
3749 3364 3840 3451 lter

2218 3448 2456 3525 εὖλαϐὤς
2498 3458 2595 3517 καί
2639 3460 2892 3539 μετρίως,
2938 3457 3095 3534 Ἰδοὺ,
3157 3458 3333 3535 τρίτον
3391 3448 3541 3535 ἔτος,
3588 3456 3746 3537 φησί,
3797 3448 3838 3513 ἒξ

2215 3551 2277 3605 οὗ
2330 3551 2421 3607 τὸν
2463 3549 2625 3629 ἀγρὸν
2662 3552 2756 3605 τὸν
2799 3550 2893 3605 σδν
2947 3545 3223 3629 οὒδεμιᾶς,
3295 3548 3497 3627 Πάτερ,
3557 3545 3831 3607 innoxii:

2213 3636 2464 3714 ἠξίωσας,
2529 3640 2615 3695 καὶ
2648 3637 2806 3702 αὒτδς
2848 3637 3079 3701 ἀκάνθας
3136 3639 3221 3693 καὶ
3278 3635 3568 3711 τριϐόλους
3599 3635 3828 3709 ἀνήνεγκε

2211 3725 2489 3792 πλείστας.
2544 3726 2791 3784 Λείπεται
2865 3725 2955 3785 οὖν
3008 3748 3068 3784 σε
3143 3724 3318 3784 πολλὰ
3390 3727 3652 3784 κοπιάσαι
3718 3720 3823 3799 πρὸς

2212 3818 2311 3885 τῆν
2356 3820 2516 3876 αὐτοῦ
2544 3820 2817 3889 κάθαρσιν.
2852 3816 2962 3875 Οὐκ
3016 3814 3213 3895 ἔγωγε,
3246 3815 3404 3873 ε’ίπεν
3445 3818 3475 3873 6
3506 3816 3699 3895 γέρων,
3727 3804 3821 3865 ἀλλ’

2210 3907 2416 3985 ἡμέραν
2473 3906 2703 3973 ἑκάστην
2763 3904 3175 3982 ιπεσκεπτόμην
3237 3905 3418 3982 αὐτὸν,
3502 3907 3588 3963 ul
3647 3897 3817 3963 πολλῆς

2209 3995 2383 4064 ἧξίοδν
2427 3993 2760 4072 ίπιμελείας,
2822 3996 2911 4052 καὶ
2967 3994 3151 4071 οἶμαι,
3206 3995 3281 4060 ὥς
3310 3994 3430 4052 οὔτε
3458 3993 3689 4055 ἀκάνθας
3725 3986 3817 4045 οῧτί

2210 4085 2319 4161 μὴν
2362 4082 2636 4164 τριϐόλους
2694 4084 2913 4165 ἀνῆκεν,
2985 4082 3125 4142 ἀλλᾶ
3180 4083 3454 4165 σταφυλὴν
3534 4081 3694 4150 itth
3743 4072 3813 4131 καῖ

2209 4186 2363 4231 σῖτον
2406 4173 2632 4253 ὦριμον,
2682 4174 2773 4239 οἷς
2819 4172 2919 4253 ἄρα
2978 4175 3067 4232 καὶ
3124 4176 3153 4231 6
3212 4171 3467 4239 Βασιλεὺς
3531 4170 3701 4242 ἥδεται
3738 4168 3816 4223 τῦν

2209 4264 2482 4326 ἁπάντων,

2295 4342 2423 4413 κε’.
2464 4352 2558 4410 Καὶ
2591 4350 2727 4410 οὕτω
2757 4350 2856 4427 μὲν
2887 4353 2914 4408 6
2941 4354 3088 4416 θεῖος
3118 4353 3275 4411 εἶπεν
3308 4350 3463 4431 ἀνήρ·
3499 4353 3584 4429 μῆ
3611 4341 3805 4426 προσθεὶς

2209 4440 2264 4499 δὲ
2307 4440 2547 4510 δηλῶσαι
2577 4443 2675 4510 τὴν
2718 4439 3054 4521 ἀδελφότητα
3103 4442 3401 4522 (ἠγνόησαν
3586 4434 3795 4522 ἀλλήλους

483 4548 612 4594 cem
646 4540 763 4592 tam
816 4527 891 4590 ob
948 4525 1337 4588 mutationem
1373 4526 1812 4606 habitus,quam
1848 4526 1922 4588 ob
1955 4545 2123 4588 sum-

2223 4531 2270 4589 Ξκ
2311 4553 2369 4589 τε
2418 4535 2516 4598 τῆς
2564 4527 2869 4607 μεταϐολῆς
2926 4537 3033 4587 τῶν
3063 4521 3365 4607 ἱνδδμάτων
3393 4532 3486 4588 καί
3515 4530 3614 4600 τῆς
3639 4521 3793 4585 πολλῆ(

484 4637 643 4683 mam
670 4634 988 4698 corporum
1009 4615 1492 4678 extenuationem
1533 4614 1992 4695 haudquaquam
2016 4634 2124 4695 ag-

478 4717 824 4781 noscerent;
848 4724 1105 4786 cumque
1130 4704 1246 4766 alia
1269 4704 1523 4785 quadam
1548 4704 1777 4765 ratione
1799 4703 2043 4766 eosdem
2064 4706 2125 4765 in

478 4810 743 4864 mutuam
768 4796 1171 4877 cognitionem
1192 4795 1497 4856 statuisset
1513 4792 1833 4855 adducere.
1848 4792 1938 4855 Ad
1952 4794 2127 4856 Joan-

477 4909 613 4953 nem
633 4890 838 4971 itaque
869 4904 934 4949 se
964 4880 1545 4959 convertens,Unde,
1580 4882 1911 4959 inquiebat,
1948 4883 2118 4945 veni-

478 4980 588 5043 sti?
610 4979 714 5042 llle
735 4994 879 5040 vero
922 4994 1057 5039 cum
1092 4983 1251 5036 tanta
1282 4971 1471 5036 animi
1502 4972 1916 5035 moderatione
1942 4980 2122 5054 atque

478 5069 1070 5149 humilitate,quanta
1093 5064 1211 5126 dici
1233 5063 1325 5125 vix
1340 5062 1771 5144 potest,eadem
1801 5079 1956 5143 pene
1978 5080 2121 5125 usus

476 5177 643 5235 voce,
677 5175 794 5240 qua
826 5175 859 5217 a
888 5154 1193 5233 naufragio
1236 5163 1518 5216 recenter
1546 5159 1836 5228 servatus,
1874 5170 2012 5214 cum
2044 5153 2118 5215 ad

487 5247 914 5310 monasterium
939 5245 1198 5327 primum
1219 5241 1713 5317 accederet,usus
1730 5240 1924 5303 fuerat
1957 5259 1970 5300 :
2005 5240 2126 5304 llo-

479 5356 598 5411 mo,
634 5337 849 5417 inquit,
883 5343 1163 5396 externus
1192 5351 1259 5393 ac
1292 5331 1426 5394 vilis
1458 5348 1615 5403 sum,
1637 5330 1853 5391 divinas
1886 5330 2119 5392 miseri-

480 5425 698 5485 cordia
745 5434 1097 5502 tuarumque
1152 5420 1561 5501 precationum
1594 5418 1857 5498 indigus.
1894 5421 2119 5482 Tantus

2206 4628 2300 4679 τοῦ
2341 4623 2590 4697 σώματος
2622 4618 2875 4698 τήξεως),
2908 4620 3105 4698 τρόπον
3134 4620 3312 4698 ἕτερον
3353 4618 3615 4687 ἠϐούλετο
3641 4618 3785 4673 τούτοις

2206 4711 2297 4767 τὸν
2326 4710 2730 4789 ἆναγνωρισμὸν
2774 4706 3060 4789 ἐμϐαλεῖν.
3101 4709 3267 4766 Πόθεν
3320 4720 3605 4785 τοιγαροῦν
3646 4704 3783 4783 ὥρμη-

2207 4822 2294 4856 σαι
2327 4815 2343 4874 ;
2401 4788 2478 4874 τῷ
2535 4798 2756 4876 Ἰωάννη
2809 4799 2963 4867 φησί.
3012 4788 3071 4857 Ὀ
3101 4798 3157 4855 δὲ
3188 4797 3323 4874 μετά
3365 4799 3543 4866 πόσης
3575 4798 3635 4854 ἅν
3659 4790 3777 4849 εἴπας

2206 4893 2303 4955 τῆς
2347 4887 2748 4966 μετριοπαθείας
2801 4889 2890 4944 καὶ
2942 4888 3349 4965 ταπεινώσεως,
3383 4893 3453 4965 τῇ
3481 4889 3618 4964 αὑτῇ

2203 4962 2378 5056 φωνῇ,
2542 4977 2629 5032 καὶ
2700 4975 2955 5055 πρότερον
3018 4977 3079 5033 τδ
3150 4962 3399 5055 ναυάγιον
3430 4962 3436 4965 ’
3466 4962 3688 5037 ὑποάτὰς
3724 4962 3775 5021 ιιιῖ

2203 5063 2475 5130 διασωθεὶς
2562 5070 2628 5141 τῇ
2700 5070 2841 5141 μονῇ
2924 5064 3245 5144 προσῆλθεν,
3331 5065 3646 5145 ’Ἄνθρωπος
3692 5058 3776 5130 εἰμι.

2204 5153 2399 5234 λέγων,
2478 5152 2621 5220 ξένος
2676 5157 2770 5211 καί
2843 5155 3113 5229 ταπεινὸς,
3194 5151 3415 5222 ὶπιδεῆς
3472 5152 3647 5216 ἐλέους

2204 5246 2293 5300 καὶ
2324 5232 2429 5300 τῶν
2474 5247 2580 5298 σῶν
2624 5241 2787 5321 ἀγίων
2831 5242 3009 5322 εὐχῶν
3044 5259 3061 5275 ⁸
3121 5240 3258 5299 οὕτω
3313 5241 3565 5321 διάπυρος
3617 5232 3776 5319 lpum

2203 5336 2270 5400 ἦν
2312 5338 2406 5389 τοῦ
2448 5332 2662 5410 μετρίου
2687 5349 2703 5367 ⁸
2752 5332 2839 5388 καὶ
2869 5331 2964 5387 ’ίνα
2993 5334 3054 5389 τὸ
3084 5330 3181 5400 τῆς
3210 5332 3350 5398 θείας
3381 5332 3598 5412 Γραφῆς
3626 5327 3775 5412 εἴποιμι

2202 5422 2331 5500 πρὸς
2390 5423 2452 5478 τὸ
2509 5420 2873 5501 χρηστότερον
2910 5418 3173 5500 ἐκλαϐὼν,
3226 5444 3254 5477 ε
3300 5410 3523 5501 Γέγονεν
3566 5423 3689 5491 αὐτῷ
3728 5410 3775 5467 ὁ(

478 5511 565 5572 illi
599 5513 791 5572 inerat
822 5510 1137 5571 modestiae
1165 5526 1355 5574 amor.
1386 5506 1583 5579 Quare
1609 5514 1670 5569 et
1698 5508 1759 5568 in
1809 5506 2116 5570 meliorem

2223 5511 2437 5588 μάτιον,
2468 5510 2500 5567 θ
2546 5507 2947 5589 περιϐάλλεται,
2988 5513 3024 5580 ἡ
3052 5512 3369 5573 ταπείνωσις
3396 5527 3411 5542 ⁸
3452 5534 3479 5570 ε
3516 5513 3641 5591 πρὸς
3662 5506 3777 5591 τεῦξε

478 5607 709 5677 partem
730 5598 899 5658 illum
932 5596 1261 5676 Scriptum
1304 5596 1500 5659 locum
1527 5594 1603 5657 de
1639 5614 1711 5659 eo
1733 5596 2123 5677 pronuntiare

2204 5585 2233 5658 6
2275 5585 2476 5680 γέρων,
2524 5585 2649 5678 Nai,
2712 5601 2873 5681 φησίν
2906 5585 2939 5641 οῖ
2988 5598 3112 5658 ἀλλ’
3138 5599 3251 5658 alni
3279 5600 3341 5658 τό
3382 5619 3442 5658 τε
3648 5585 3773 5654 τδσδν
