  <div class='ocr_page' id='page_1' title='image "/cluster/home/n/w/nwhite01/storage/ocr_20150623/114/mdp.39015028574344/524.png"; bbox 0 0 3996 6178; ppageno 0'>
   <div class='ocr_carea' id='block_1_1' title="bbox 315 280 1962 360">
    <p class='ocr_par' dir='ltr' id='par_1_1' title="bbox 315 280 1962 354">
     <span class='ocr_line' id='line_1_1' title="bbox 315 280 1962 354; baseline 0.001 -4"><span class='ocrx_word' id='word_1_1' title='bbox 315 280 469 354; x_wconf 82' lang='grc'><strong>1037</strong></span> <span class='ocrx_word' id='word_1_2' title='bbox 1530 283 1722 353; x_wconf 81' lang='lat' dir='ltr'><strong>VITA</strong></span> <span class='ocrx_word' id='word_1_3' title='bbox 1764 287 1827 351; x_wconf 88' lang='lat' dir='ltr'><strong>S.</strong></span> <span class='ocrx_word' id='word_1_4' title='bbox 1870 287 1962 352; x_wconf 75' lang='lat' dir='ltr'><strong>XI</strong></span> 
     </span>
    </p>
   </div>
   <div class='ocr_carea' id='block_1_2' title="bbox 2048 280 3681 360">
    <p class='ocr_par' dir='ltr' id='par_1_2' title="bbox 2048 286 3681 360">
     <span class='ocr_line' id='line_1_2' title="bbox 2048 286 3681 360; baseline 0.006 -9"><span class='ocrx_word' id='word_1_5' title='bbox 2048 286 2442 356; x_wconf 86' lang='lat' dir='ltr'><strong>DPHONTIS.</strong></span> <span class='ocrx_word' id='word_1_6' title='bbox 3529 287 3681 360; x_wconf 77' lang='grc'><strong>1038</strong></span> 
     </span>
    </p>
   </div>
   <div class='ocr_carea' id='block_1_3' title="bbox 315 422 1962 505">
    <p class='ocr_par' dir='ltr' id='par_1_3' title="bbox 315 422 1950 505">
     <span class='ocr_line' id='line_1_3' title="bbox 315 422 1950 505; baseline 0.001 -24"><span class='ocrx_word' id='word_1_7' title='bbox 315 427 400 482; x_wconf 78' lang='grc' dir='ltr'><strong>καὶ</strong></span> <span class='ocrx_word' id='word_1_8' title='bbox 441 423 540 490; x_wconf 73' lang='grc' dir='ltr'><strong>τὴν</strong></span> <span class='ocrx_word' id='word_1_9' title='bbox 581 424 796 505; x_wconf 77' lang='grc' dir='ltr'>χώραν,</span> <span class='ocrx_word' id='word_1_10' title='bbox 851 424 943 481; x_wconf 86' lang='grc' dir='ltr'><strong>καί</strong></span> <span class='ocrx_word' id='word_1_11' title='bbox 1011 426 1108 492; x_wconf 74' lang='grc' dir='ltr'>τὴν</span> <span class='ocrx_word' id='word_1_12' title='bbox 1173 423 1499 504; x_wconf 75' lang='grc' dir='ltr'>Ξινατροφὴν,</span> <span class='ocrx_word' id='word_1_13' title='bbox 1549 422 1639 480; x_wconf 81' lang='grc' dir='ltr'><strong>ἵνα</strong></span> <span class='ocrx_word' id='word_1_14' title='bbox 1682 427 1770 482; x_wconf 88' lang='grc' dir='ltr'><strong>καὶ</strong></span> <span class='ocrx_word' id='word_1_15' title='bbox 1812 426 1950 484; x_wconf 67' lang='grc' dir='ltr'>οὕτω</span> 
     </span>
    </p>
   </div>
   <div class='ocr_carea' id='block_1_4' title="bbox 2048 422 3684 505">
    <p class='ocr_par' dir='ltr' id='par_1_4' title="bbox 2048 422 3684 502">
     <span class='ocr_line' id='line_1_4' title="bbox 2048 422 3684 502; baseline 0.002 -19"><span class='ocrx_word' id='word_1_16' title='bbox 2048 440 2270 492; x_wconf 64' lang='lat' dir='ltr'><strong>possum</strong></span> <span class='ocrx_word' id='word_1_17' title='bbox 2308 441 2320 481; x_wconf 95' lang='lat'><strong>:</strong></span> <span class='ocrx_word' id='word_1_18' title='bbox 2349 423 2550 482; x_wconf 69' lang='lat' dir='ltr'><strong>«Facta</strong></span> <span class='ocrx_word' id='word_1_19' title='bbox 2576 431 2698 482; x_wconf 88' lang='lat' dir='ltr'><strong>erat</strong></span> <span class='ocrx_word' id='word_1_20' title='bbox 2723 422 2809 480; x_wconf 86' lang='lat' dir='ltr'><strong>illi</strong></span> <span class='ocrx_word' id='word_1_21' title='bbox 2833 431 3106 502; x_wconf 82' lang='lat' dir='ltr'><strong>tanquam</strong></span> <span class='ocrx_word' id='word_1_22' title='bbox 3124 423 3297 480; x_wconf 86' lang='lat' dir='ltr'><strong>vestis</strong></span> <span class='ocrx_word' id='word_1_23' title='bbox 3325 437 3437 496; x_wconf 85' lang='lat' dir='ltr'><strong>qua</strong></span> <span class='ocrx_word' id='word_1_24' title='bbox 3468 426 3684 487; x_wconf 90' lang='lat' dir='ltr'><strong>indue-</strong></span> 
     </span>
    </p>
   </div>
   <div class='ocr_carea' id='block_1_5' title="bbox 316 505 1962 593">
    <p class='ocr_par' dir='ltr' id='par_1_5' title="bbox 316 505 1950 593">
     <span class='ocr_line' id='line_1_5' title="bbox 316 505 1950 593; baseline 0.001 -23"><span class='ocrx_word' id='word_1_25' title='bbox 316 515 445 577; x_wconf 78' lang='grc' dir='ltr'>Θεὸς</span> <span class='ocrx_word' id='word_1_26' title='bbox 489 511 736 588; x_wconf 74' lang='grc' dir='ltr'>δοξασθῇ.</span> <span class='ocrx_word' id='word_1_27' title='bbox 787 505 846 572; x_wconf 66' lang='grc' dir='ltr'>Ὀ</span> <span class='ocrx_word' id='word_1_28' title='bbox 908 515 1082 574; x_wconf 81' lang='grc' dir='ltr'>τοίνυν</span> <span class='ocrx_word' id='word_1_29' title='bbox 1127 511 1380 581; x_wconf 77' lang='grc' dir='ltr'><strong>Ἰωάννης</strong></span> <span class='ocrx_word' id='word_1_30' title='bbox 1429 513 1591 593; x_wconf 83' lang='grc' dir='ltr'>λόγου</span> <span class='ocrx_word' id='word_1_31' title='bbox 1649 514 1950 591; x_wconf 75' lang='grc' dir='ltr'>ἁψάμενος,</span> 
     </span>
    </p>
   </div>
   <div class='ocr_carea' id='block_1_6' title="bbox 2048 505 3681 593">
    <p class='ocr_par' dir='ltr' id='par_1_6' title="bbox 2048 507 3681 593">
     <span class='ocr_line' id='line_1_6' title="bbox 2048 507 3681 593; baseline 0.002 -26"><span class='ocrx_word' id='word_1_32' title='bbox 2048 513 2204 568; x_wconf 79' lang='lat' dir='ltr'><strong>batur</strong></span> <span class='ocrx_word' id='word_1_33' title='bbox 2228 509 2617 568; x_wconf 61' lang='lat' dir='ltr'><strong>humilitas‘h</strong></span> <span class='ocrx_word' id='word_1_34' title='bbox 2649 509 2748 567; x_wconf 86' lang='lat' dir='ltr'><strong>Cui</strong></span> <span class='ocrx_word' id='word_1_35' title='bbox 2771 523 2973 574; x_wconf 80' lang='lat' dir='ltr'><strong>senex,</strong></span> <span class='ocrx_word' id='word_1_36' title='bbox 3007 507 3181 566; x_wconf 81' lang='lat' dir='ltr'><strong>Recte</strong></span> <span class='ocrx_word' id='word_1_37' title='bbox 3202 508 3681 593; x_wconf 57' lang='lat' dir='ltr'><strong>quidemﬁnquit.</strong></span> 
     </span>
    </p>
   </div>
   <div class='ocr_carea' id='block_1_7' title="bbox 316 592 1962 683">
    <p class='ocr_par' dir='ltr' id='par_1_7' title="bbox 316 592 1953 683">
     <span class='ocr_line' id='line_1_7' title="bbox 316 592 1953 683; baseline 0.001 -25"><span class='ocrx_word' id='word_1_38' title='bbox 316 604 382 661; x_wconf 71' lang='grc' dir='ltr'>τὰ</span> <span class='ocrx_word' id='word_1_39' title='bbox 439 599 532 658; x_wconf 78' lang='grc' dir='ltr'><strong>ἀπ’</strong></span> <span class='ocrx_word' id='word_1_40' title='bbox 590 601 771 682; x_wconf 71' lang='grc' dir='ltr'>ἀρχῆς</span> <span class='ocrx_word' id='word_1_41' title='bbox 817 599 946 683; x_wconf 70' lang='grc' dir='ltr'>ἄχρι</span> <span class='ocrx_word' id='word_1_42' title='bbox 1007 602 1193 667; x_wconf 82' lang='grc' dir='ltr'><strong>τέλους</strong></span> <span class='ocrx_word' id='word_1_43' title='bbox 1237 602 1416 679; x_wconf 74' lang='grc' dir='ltr'>ἐπῄει,</span> <span class='ocrx_word' id='word_1_44' title='bbox 1480 592 1566 659; x_wconf 79' lang='grc' dir='ltr'>καὶ</span> <span class='ocrx_word' id='word_1_45' title='bbox 1609 605 1676 672; x_wconf 74' lang='grc' dir='ltr'><strong>τῇ</strong></span> <span class='ocrx_word' id='word_1_46' title='bbox 1708 603 1953 682; x_wconf 74' lang='grc' dir='ltr'><strong>διηγήσει</strong></span> 
     </span>
    </p>
   </div>
   <div class='ocr_carea' id='block_1_8' title="bbox 2048 592 3680 683">
    <p class='ocr_par' dir='ltr' id='par_1_8' title="bbox 2048 592 3680 674">
     <span class='ocr_line' id='line_1_8' title="bbox 2048 592 3680 674; baseline 0 -17"><span class='ocrx_word' id='word_1_47' title='bbox 2048 594 2156 658; x_wconf 83' lang='lat' dir='ltr'><strong>Sed</strong></span> <span class='ocrx_word' id='word_1_48' title='bbox 2203 603 2262 656; x_wconf 89' lang='lat' dir='ltr'><strong>et</strong></span> <span class='ocrx_word' id='word_1_49' title='bbox 2289 613 2479 672; x_wconf 83' lang='lat' dir='ltr'><strong>genus</strong></span> <span class='ocrx_word' id='word_1_50' title='bbox 2511 602 2700 671; x_wconf 87' lang='lat' dir='ltr'><strong>tuum,</strong></span> <span class='ocrx_word' id='word_1_51' title='bbox 2727 603 2789 656; x_wconf 93' lang='lat' dir='ltr'><strong>et</strong></span> <span class='ocrx_word' id='word_1_52' title='bbox 2824 593 3096 674; x_wconf 86' lang='lat' dir='ltr'><strong>patriam,</strong></span> <span class='ocrx_word' id='word_1_53' title='bbox 3143 600 3202 654; x_wconf 91' lang='lat' dir='ltr'><strong>et</strong></span> <span class='ocrx_word' id='word_1_54' title='bbox 3234 592 3680 670; x_wconf 75' lang='lat' dir='ltr'><strong>educationem,</strong></span> 
     </span>
    </p>
   </div>
   <div class='ocr_carea' id='block_1_9' title="bbox 315 684 1962 772">
    <p class='ocr_par' dir='ltr' id='par_1_9' title="bbox 315 691 1954 772">
     <span class='ocr_line' id='line_1_9' title="bbox 315 691 1954 772; baseline 0.001 -25"><span class='ocrx_word' id='word_1_55' title='bbox 315 693 660 770; x_wconf 72' lang='grc' dir='ltr'>γνωρίσματα</span> <span class='ocrx_word' id='word_1_56' title='bbox 717 714 835 747; x_wconf 88' lang='grc' dir='ltr'>τινα</span> <span class='ocrx_word' id='word_1_57' title='bbox 893 699 991 760; x_wconf 77' lang='grc' dir='ltr'>τῆς</span> <span class='ocrx_word' id='word_1_58' title='bbox 1049 693 1357 771; x_wconf 77' lang='grc' dir='ltr'><strong>συγγενείας</strong></span> <span class='ocrx_word' id='word_1_59' title='bbox 1414 696 1491 766; x_wconf 75' lang='grc' dir='ltr'>τῷ</span> <span class='ocrx_word' id='word_1_60' title='bbox 1551 691 1763 772; x_wconf 73' lang='grc' dir='ltr'>ἀδελφῷ</span> <span class='ocrx_word' id='word_1_61' title='bbox 1814 715 1954 769; x_wconf 86' lang='grc' dir='ltr'>παρ·-</span> 
     </span>
    </p>
   </div>
   <div class='ocr_carea' id='block_1_10' title="bbox 2048 684 3681 772">
    <p class='ocr_par' dir='ltr' id='par_1_10' title="bbox 2048 684 3681 770">
     <span class='ocr_line' id='line_1_10' title="bbox 2048 684 3681 770; baseline 0.002 -20"><span class='ocrx_word' id='word_1_62' title='bbox 2048 697 2104 750; x_wconf 86' lang='lat' dir='ltr'><strong>nt</strong></span> <span class='ocrx_word' id='word_1_63' title='bbox 2130 689 2271 750; x_wconf 91' lang='lat' dir='ltr'><strong>hinc</strong></span> <span class='ocrx_word' id='word_1_64' title='bbox 2299 706 2538 770; x_wconf 90' lang='lat' dir='ltr'><strong>quoque</strong></span> <span class='ocrx_word' id='word_1_65' title='bbox 2582 690 2702 752; x_wconf 92' lang='lat' dir='ltr'><strong>Deo</strong></span> <span class='ocrx_word' id='word_1_66' title='bbox 2748 686 2996 768; x_wconf 78' lang='lat' dir='ltr'><strong>gloriam</strong></span> <span class='ocrx_word' id='word_1_67' title='bbox 3031 684 3389 762; x_wconf 81' lang='lat' dir='ltr'><strong>tribuamus,</strong></span> <span class='ocrx_word' id='word_1_68' title='bbox 3425 707 3681 770; x_wconf 88' lang='lat' dir='ltr'><strong>expone.</strong></span> 
     </span>
    </p>
   </div>
   <div class='ocr_carea' id='block_1_11' title="bbox 313 780 1954 860">
    <p class='ocr_par' dir='ltr' id='par_1_11' title="bbox 313 780 1954 860">
     <span class='ocr_line' id='line_1_11' title="bbox 313 780 1954 860; baseline -0.001 -24"><span class='ocrx_word' id='word_1_69' title='bbox 313 794 464 860; x_wconf 71' lang='grc' dir='ltr'>εῖχε,</span> <span class='ocrx_word' id='word_1_70' title='bbox 539 781 1015 859; x_wconf 77' lang='grc' dir='ltr'>συμμαρτυρούσης</span> <span class='ocrx_word' id='word_1_71' title='bbox 1082 780 1266 844; x_wconf 77' lang='grc' dir='ltr'>αὒτοϊς</span> <span class='ocrx_word' id='word_1_72' title='bbox 1337 781 1424 836; x_wconf 81' lang='grc' dir='ltr'><strong>καὶ</strong></span> <span class='ocrx_word' id='word_1_73' title='bbox 1479 784 1954 860; x_wconf 76' lang='grc' dir='ltr'>συμφθεγγομενης</span> 
     </span>
    </p>
   </div>
   <div class='ocr_carea' id='block_1_12' title="bbox 312 867 1959 952">
    <p class='ocr_par' dir='ltr' id='par_1_12' title="bbox 312 867 1959 952">
     <span class='ocr_line' id='line_1_12' title="bbox 312 867 1959 952; baseline -0.001 -26"><span class='ocrx_word' id='word_1_74' title='bbox 312 870 410 938; x_wconf 78' lang='grc' dir='ltr'>τῆς</span> <span class='ocrx_word' id='word_1_75' title='bbox 455 867 657 948; x_wconf 79' lang='grc' dir='ltr'>ὅψεως,</span> <span class='ocrx_word' id='word_1_76' title='bbox 705 871 750 926; x_wconf 78' lang='grc' dir='ltr'><strong>εί</strong></span> <span class='ocrx_word' id='word_1_77' title='bbox 803 870 892 926; x_wconf 78' lang='grc' dir='ltr'><strong>καὶ</strong></span> <span class='ocrx_word' id='word_1_78' title='bbox 948 871 1068 936; x_wconf 84' lang='grc' dir='ltr'>τοὺς</span> <span class='ocrx_word' id='word_1_79' title='bbox 1118 875 1469 950; x_wconf 77' lang='grc' dir='ltr'>χαρακτῆρας</span> <span class='ocrx_word' id='word_1_80' title='bbox 1525 870 1765 952; x_wconf 74' lang='grc' dir='ltr'>ἀσαφεῖς</span> <span class='ocrx_word' id='word_1_81' title='bbox 1798 871 1959 952; x_wconf 79' lang='grc' dir='ltr'>εἶχεν</span> 
     </span>
    </p>
   </div>
   <div class='ocr_carea' id='block_1_13' title="bbox 313 951 1960 1036">
    <p class='ocr_par' dir='ltr' id='par_1_13' title="bbox 313 951 1960 1036">
     <span class='ocr_line' id='line_1_13' title="bbox 313 951 1960 1036; baseline 0.001 -21"><span class='ocrx_word' id='word_1_82' title='bbox 313 958 376 1016; x_wconf 86' lang='grc' dir='ltr'><strong>ἐκ</strong></span> <span class='ocrx_word' id='word_1_83' title='bbox 417 958 515 1027; x_wconf 73' lang='grc' dir='ltr'><strong>τῆς</strong></span> <span class='ocrx_word' id='word_1_84' title='bbox 569 957 776 1028; x_wconf 71' lang='grc' dir='ltr'>πολλῆς</span> <span class='ocrx_word' id='word_1_85' title='bbox 849 955 1243 1036; x_wconf 76' lang='grc' dir='ltr'>ἀμϐλυνθέντας</span> <span class='ocrx_word' id='word_1_86' title='bbox 1308 960 1688 1023; x_wconf 80' lang='grc' dir='ltr'>κακοπαθείας.</span> <span class='ocrx_word' id='word_1_87' title='bbox 1755 951 1846 1024; x_wconf 66' lang='grc' dir='ltr'>Ὠς</span> <span class='ocrx_word' id='word_1_88' title='bbox 1905 959 1960 1016; x_wconf 79' lang='grc' dir='ltr'>δὲ</span> 
     </span>
    </p>
   </div>
   <div class='ocr_carea' id='block_1_14' title="bbox 315 1047 1958 1128">
    <p class='ocr_par' dir='ltr' id='par_1_14' title="bbox 315 1047 1958 1128">
     <span class='ocr_line' id='line_1_14' title="bbox 315 1047 1958 1128; baseline 0.001 -23"><span class='ocrx_word' id='word_1_89' title='bbox 315 1049 406 1106; x_wconf 76' lang='grc' dir='ltr'><strong>καὶ</strong></span> <span class='ocrx_word' id='word_1_90' title='bbox 448 1051 567 1126; x_wconf 81' lang='grc' dir='ltr'>περὶ</span> <span class='ocrx_word' id='word_1_91' title='bbox 610 1049 711 1117; x_wconf 77' lang='grc' dir='ltr'>τὴν</span> <span class='ocrx_word' id='word_1_92' title='bbox 756 1047 1010 1128; x_wconf 77' lang='grc' dir='ltr'>διήγησιν</span> <span class='ocrx_word' id='word_1_93' title='bbox 1052 1056 1147 1105; x_wconf 80' lang='grc' dir='ltr'>τοῦ</span> <span class='ocrx_word' id='word_1_94' title='bbox 1197 1070 1255 1105; x_wconf 88' lang='grc' dir='ltr'><strong>τε</strong></span> <span class='ocrx_word' id='word_1_95' title='bbox 1303 1047 1496 1106; x_wconf 84' lang='grc' dir='ltr'>πλοίου</span> <span class='ocrx_word' id='word_1_96' title='bbox 1526 1049 1614 1104; x_wconf 83' lang='grc' dir='ltr'><strong>καὶ</strong></span> <span class='ocrx_word' id='word_1_97' title='bbox 1657 1060 1748 1110; x_wconf 84' lang='grc' dir='ltr'>τοῦ</span> <span class='ocrx_word' id='word_1_98' title='bbox 1777 1047 1958 1107; x_wconf 83' lang='grc' dir='ltr'>κινδύ-</span> 
     </span>
    </p>
   </div>
   <div class='ocr_carea' id='block_1_15' title="bbox 317 1138 1959 1220">
    <p class='ocr_par' dir='ltr' id='par_1_15' title="bbox 317 1138 1959 1220">
     <span class='ocr_line' id='line_1_15' title="bbox 317 1138 1959 1220; baseline 0.001 -25"><span class='ocrx_word' id='word_1_99' title='bbox 317 1162 407 1196; x_wconf 93' lang='grc' dir='ltr'><strong>νου</strong></span> <span class='ocrx_word' id='word_1_100' title='bbox 437 1139 698 1220; x_wconf 84' lang='grc' dir='ltr'>κατέστη,</span> <span class='ocrx_word' id='word_1_101' title='bbox 760 1141 848 1197; x_wconf 76' lang='grc' dir='ltr'>καὶ</span> <span class='ocrx_word' id='word_1_102' title='bbox 907 1140 988 1196; x_wconf 81' lang='grc' dir='ltr'><strong>ὅτι</strong></span> <span class='ocrx_word' id='word_1_103' title='bbox 1043 1138 1270 1220; x_wconf 77' lang='grc' dir='ltr'>ἀδελφὸς</span> <span class='ocrx_word' id='word_1_104' title='bbox 1301 1139 1444 1214; x_wconf 80' lang='grc' dir='ltr'><strong>αὒτῷ</strong></span> <span class='ocrx_word' id='word_1_105' title='bbox 1472 1143 1561 1213; x_wconf 81' lang='grc' dir='ltr'><strong>ἧν,</strong></span> <span class='ocrx_word' id='word_1_106' title='bbox 1609 1142 1669 1196; x_wconf 83' lang='grc' dir='ltr'><strong>οὗ</strong></span> <span class='ocrx_word' id='word_1_107' title='bbox 1697 1141 1784 1196; x_wconf 86' lang='grc' dir='ltr'>καὶ</span> <span class='ocrx_word' id='word_1_108' title='bbox 1827 1142 1959 1218; x_wconf 80' lang='grc' dir='ltr'>πρὸς</span> 
     </span>
    </p>
   </div>
   <div class='ocr_carea' id='block_1_16' title="bbox 312 1225 1962 1308">
    <p class='ocr_par' dir='ltr' id='par_1_16' title="bbox 312 1225 1962 1308">
     <span class='ocr_line' id='line_1_16' title="bbox 312 1225 1962 1308; baseline 0 -23"><span class='ocrx_word' id='word_1_109' title='bbox 312 1227 484 1304; x_wconf 74' lang='grc' dir='ltr'>ὄνομα</span> <span class='ocrx_word' id='word_1_110' title='bbox 516 1229 792 1308; x_wconf 81' lang='grc' dir='ltr'>μνησθεὶς,</span> <span class='ocrx_word' id='word_1_111' title='bbox 838 1225 1082 1293; x_wconf 78' lang='grc' dir='ltr'>ἐστέναξε</span> <span class='ocrx_word' id='word_1_112' title='bbox 1133 1230 1222 1284; x_wconf 82' lang='grc' dir='ltr'><strong>καὶ</strong></span> <span class='ocrx_word' id='word_1_113' title='bbox 1272 1227 1470 1307; x_wconf 83' lang='grc' dir='ltr'>δάκρυα</span> <span class='ocrx_word' id='word_1_114' title='bbox 1523 1227 1811 1294; x_wconf 75' lang='grc' dir='ltr'>κατέσταξε</span> <span class='ocrx_word' id='word_1_115' title='bbox 1869 1235 1962 1286; x_wconf 80' lang='grc' dir='ltr'><strong>τοῦ</strong></span> 
     </span>
    </p>
   </div>
   <div class='ocr_carea' id='block_1_17' title="bbox 315 1317 1959 1397">
    <p class='ocr_par' dir='ltr' id='par_1_17' title="bbox 315 1317 1959 1397">
     <span class='ocr_line' id='line_1_17' title="bbox 315 1317 1959 1397; baseline 0 -22"><span class='ocrx_word' id='word_1_116' title='bbox 315 1318 628 1396; x_wconf 83' lang='grc' dir='ltr'>προσώπου,</span> <span class='ocrx_word' id='word_1_117' title='bbox 664 1319 741 1394; x_wconf 80' lang='grc' dir='ltr'>μὴ</span> <span class='ocrx_word' id='word_1_118' title='bbox 773 1319 1004 1396; x_wconf 79' lang='grc' dir='ltr'><strong>ἐνεγκὼν</strong></span> <span class='ocrx_word' id='word_1_119' title='bbox 1050 1321 1077 1374; x_wconf 98' lang='lat'><strong>6</strong></span> <span class='ocrx_word' id='word_1_120' title='bbox 1123 1317 1399 1395; x_wconf 80' lang='grc' dir='ltr'>Ἀρκάὸιος</span> <span class='ocrx_word' id='word_1_121' title='bbox 1457 1319 1556 1385; x_wconf 77' lang='grc' dir='ltr'>τὴν</span> <span class='ocrx_word' id='word_1_122' title='bbox 1613 1323 1712 1384; x_wconf 76' lang='grc' dir='ltr'>τῆς</span> <span class='ocrx_word' id='word_1_123' title='bbox 1754 1319 1959 1397; x_wconf 77' lang='grc' dir='ltr'>φύσεως</span> 
     </span>
    </p>
   </div>
   <div class='ocr_carea' id='block_1_18' title="bbox 311 1405 1956 1488">
    <p class='ocr_par' dir='ltr' id='par_1_18' title="bbox 311 1405 1956 1488">
     <span class='ocr_line' id='line_1_18' title="bbox 311 1405 1956 1488; baseline 0 -25"><span class='ocrx_word' id='word_1_124' title='bbox 311 1405 614 1484; x_wconf 85' lang='grc' dir='ltr'>τυραννίδα,</span> <span class='ocrx_word' id='word_1_125' title='bbox 678 1407 934 1481; x_wconf 78' lang='grc' dir='ltr'>ἀναστὰς,</span> <span class='ocrx_word' id='word_1_126' title='bbox 995 1407 1092 1464; x_wconf 77' lang='grc' dir='ltr'>καί</span> <span class='ocrx_word' id='word_1_127' title='bbox 1167 1413 1243 1481; x_wconf 79' lang='grc' dir='ltr'>τῷ</span> <span class='ocrx_word' id='word_1_128' title='bbox 1323 1408 1530 1484; x_wconf 83' lang='grc' dir='ltr'>γέροντι</span> <span class='ocrx_word' id='word_1_129' title='bbox 1612 1413 1956 1488; x_wconf 82' lang='grc' dir='ltr'>προσπεσὼν,</span> 
     </span>
    </p>
   </div>
   <div class='ocr_carea' id='block_1_19' title="bbox 309 1493 1956 1576">
    <p class='ocr_par' dir='ltr' id='par_1_19' title="bbox 309 1493 1956 1576">
     <span class='ocr_line' id='line_1_19' title="bbox 309 1493 1956 1576; baseline 0.007 -25"><span class='ocrx_word' id='word_1_130' title='bbox 309 1499 504 1574; x_wconf 78' lang='grc' dir='ltr'>Οὗτος,</span> <span class='ocrx_word' id='word_1_131' title='bbox 564 1495 741 1574; x_wconf 72' lang='grc' dir='ltr'>ἔλεγε,</span> <span class='ocrx_word' id='word_1_132' title='bbox 800 1497 846 1553; x_wconf 79' lang='grc' dir='ltr'><strong>ὦ</strong></span> <span class='ocrx_word' id='word_1_133' title='bbox 903 1497 1100 1576; x_wconf 75' lang='grc' dir='ltr'>Πάτερ,</span> <span class='ocrx_word' id='word_1_134' title='bbox 1142 1499 1168 1552; x_wconf 80' lang='grc' dir='ltr'>ὁ</span> <span class='ocrx_word' id='word_1_135' title='bbox 1210 1495 1340 1570; x_wconf 69' lang='grc' dir='ltr'>ἐμὸς</span> <span class='ocrx_word' id='word_1_136' title='bbox 1385 1493 1612 1576; x_wconf 50' lang='grc' dir='ltr'>ἀδελφὸς</span> <span class='ocrx_word' id='word_1_137' title='bbox 1673 1496 1956 1574; x_wconf 80' lang='grc' dir='ltr'>Ἰωάννης,</span> 
     </span>
    </p>
   </div>
   <div class='ocr_carea' id='block_1_20' title="bbox 308 1586 1961 1668">
    <p class='ocr_par' dir='ltr' id='par_1_20' title="bbox 308 1586 1961 1668">
     <span class='ocr_line' id='line_1_20' title="bbox 308 1586 1961 1668; baseline 0 -22"><span class='ocrx_word' id='word_1_138' title='bbox 308 1589 465 1651; x_wconf 77' lang='grc' dir='ltr'>οὗτος</span> <span class='ocrx_word' id='word_1_139' title='bbox 526 1591 554 1646; x_wconf 90' lang='lat'><strong>6</strong></span> <span class='ocrx_word' id='word_1_140' title='bbox 609 1588 888 1668; x_wconf 79' lang='grc' dir='ltr'>φίλτατος,</span> <span class='ocrx_word' id='word_1_141' title='bbox 952 1588 1105 1652; x_wconf 79' lang='grc' dir='ltr'>οὗτος</span> <span class='ocrx_word' id='word_1_142' title='bbox 1163 1586 1400 1660; x_wconf 76' lang='grc' dir='ltr'>ἐκεῖνος,</span> <span class='ocrx_word' id='word_1_143' title='bbox 1434 1590 1462 1644; x_wconf 89' lang='lat'><strong>6</strong></span> <span class='ocrx_word' id='word_1_144' title='bbox 1523 1589 1622 1656; x_wconf 75' lang='grc' dir='ltr'><strong>τὴν</strong></span> <span class='ocrx_word' id='word_1_145' title='bbox 1667 1589 1832 1656; x_wconf 77' lang='grc' dir='ltr'>αὐτὴν</span> <span class='ocrx_word' id='word_1_146' title='bbox 1862 1612 1961 1666; x_wconf 78' lang='grc' dir='ltr'><strong>μοι</strong></span> 
     </span>
    </p>
   </div>
   <div class='ocr_carea' id='block_1_21' title="bbox 312 1676 1960 1755">
    <p class='ocr_par' dir='ltr' id='par_1_21' title="bbox 312 1676 1960 1755">
     <span class='ocr_line' id='line_1_21' title="bbox 312 1676 1960 1755; baseline -0.001 -18"><span class='ocrx_word' id='word_1_147' title='bbox 312 1677 683 1754; x_wconf 78' lang='grc' dir='ltr'><strong>συμπλεύσας,</strong></span> <span class='ocrx_word' id='word_1_148' title='bbox 738 1680 825 1735; x_wconf 84' lang='grc' dir='ltr'><strong>καὶ</strong></span> <span class='ocrx_word' id='word_1_149' title='bbox 896 1679 957 1736; x_wconf 77' lang='grc' dir='ltr'>τὸ</span> <span class='ocrx_word' id='word_1_150' title='bbox 1028 1678 1155 1734; x_wconf 72' lang='grc' dir='ltr'>αὒτὸ</span> <span class='ocrx_word' id='word_1_151' title='bbox 1228 1676 1479 1755; x_wconf 67' lang='grc' dir='ltr'>ναυᾶγιον</span> <span class='ocrx_word' id='word_1_152' title='bbox 1550 1678 1810 1748; x_wconf 77' lang='grc' dir='ltr'>ὑποστὰς,</span> <span class='ocrx_word' id='word_1_153' title='bbox 1875 1683 1960 1736; x_wconf 82' lang='grc' dir='ltr'><strong>καὶ</strong></span> 
     </span>
    </p>
   </div>
   <div class='ocr_carea' id='block_1_22' title="bbox 310 1765 1960 1848">
    <p class='ocr_par' dir='ltr' id='par_1_22' title="bbox 310 1765 1960 1848">
     <span class='ocr_line' id='line_1_22' title="bbox 310 1765 1960 1848; baseline -0.001 -23"><span class='ocrx_word' id='word_1_154' title='bbox 310 1766 652 1848; x_wconf 74' lang='grc' dir='ltr'><strong>παραδόξως,</strong></span> <span class='ocrx_word' id='word_1_155' title='bbox 699 1769 772 1831; x_wconf 83' lang='grc' dir='ltr'>ὡς</span> <span class='ocrx_word' id='word_1_156' title='bbox 817 1770 943 1846; x_wconf 80' lang='grc' dir='ltr'>ὁρᾷν</span> <span class='ocrx_word' id='word_1_157' title='bbox 1001 1765 1213 1846; x_wconf 73' lang='grc' dir='ltr'>ἔχοιμι,</span> <span class='ocrx_word' id='word_1_158' title='bbox 1275 1767 1664 1847; x_wconf 84' lang='grc' dir='ltr'>συνδιασωθεὶς,</span> <span class='ocrx_word' id='word_1_159' title='bbox 1729 1770 1817 1824; x_wconf 87' lang='grc' dir='ltr'><strong>καὶ</strong></span> <span class='ocrx_word' id='word_1_160' title='bbox 1871 1791 1960 1825; x_wconf 77' lang='grc' dir='ltr'><strong>νυν</strong></span> 
     </span>
    </p>
   </div>
   <div class='ocr_carea' id='block_1_23' title="bbox 311 1855 1955 1938">
    <p class='ocr_par' dir='ltr' id='par_1_23' title="bbox 311 1855 1955 1938">
     <span class='ocr_line' id='line_1_23' title="bbox 311 1855 1955 1938; baseline -0.001 -23"><span class='ocrx_word' id='word_1_161' title='bbox 311 1859 435 1934; x_wconf 79' lang='grc' dir='ltr'>ἐμοὶ</span> <span class='ocrx_word' id='word_1_162' title='bbox 483 1855 915 1938; x_wconf 78' lang='grc' dir='ltr'>παραδοξοτέρως</span> <span class='ocrx_word' id='word_1_163' title='bbox 971 1857 1269 1936; x_wconf 78' lang='grc' dir='ltr'>ἐπιφανείς.</span> <span class='ocrx_word' id='word_1_164' title='bbox 1303 1855 1376 1911; x_wconf 75' lang='grc' dir='ltr'><strong>’Ὦ</strong></span> <span class='ocrx_word' id='word_1_165' title='bbox 1408 1858 1550 1922; x_wconf 85' lang='grc' dir='ltr'>θείας</span> <span class='ocrx_word' id='word_1_166' title='bbox 1601 1859 1905 1933; x_wconf 77' lang='grc' dir='ltr'>οἰκονομίας</span> <span class='ocrx_word' id='word_1_167' title='bbox 1941 1859 1955 1919; x_wconf 88' lang='lat'><strong>!</strong></span> 
     </span>
    </p>
   </div>
   <div class='ocr_carea' id='block_1_24' title="bbox 312 1945 1960 2028">
    <p class='ocr_par' dir='ltr' id='par_1_24' title="bbox 312 1945 1960 2028">
     <span class='ocr_line' id='line_1_24' title="bbox 312 1945 1960 2028; baseline 0.001 -25"><span class='ocrx_word' id='word_1_168' title='bbox 312 1948 361 2004; x_wconf 82' lang='grc' dir='ltr'><strong>ὢ</strong></span> <span class='ocrx_word' id='word_1_169' title='bbox 412 1953 544 2003; x_wconf 81' lang='grc' dir='ltr'>Θεοῦ</span> <span class='ocrx_word' id='word_1_170' title='bbox 599 1947 873 2025; x_wconf 77' lang='grc' dir='ltr'>χριμάτων</span> <span class='ocrx_word' id='word_1_171' title='bbox 941 1946 1268 2028; x_wconf 69' lang='grc' dir='ltr'>ὑπερφυῶνῑ</span> <span class='ocrx_word' id='word_1_172' title='bbox 1329 1945 1374 2003; x_wconf 83' lang='grc' dir='ltr'>ὢ</span> <span class='ocrx_word' id='word_1_173' title='bbox 1442 1949 1614 2004; x_wconf 66' lang='grc' dir='ltr'>πάντα</span> <span class='ocrx_word' id='word_1_174' title='bbox 1659 1946 1818 2026; x_wconf 89' lang='grc' dir='ltr'>λόγον</span> <span class='ocrx_word' id='word_1_175' title='bbox 1875 1971 1960 2004; x_wconf 91' lang='grc' dir='ltr'>νι-</span> 
     </span>
    </p>
   </div>
   <div class='ocr_carea' id='block_1_25' title="bbox 310 2035 1956 2117">
    <p class='ocr_par' dir='ltr' id='par_1_25' title="bbox 310 2035 1956 2117">
     <span class='ocr_line' id='line_1_25' title="bbox 310 2035 1956 2117; baseline -0.001 -23"><span class='ocrx_word' id='word_1_176' title='bbox 310 2037 499 2104; x_wconf 80' lang='grc' dir='ltr'>κώσης</span> <span class='ocrx_word' id='word_1_177' title='bbox 545 2035 848 2115; x_wconf 72' lang='grc' dir='ltr'>Προνοίαςε</span> <span class='ocrx_word' id='word_1_178' title='bbox 917 2037 1015 2096; x_wconf 80' lang='grc' dir='ltr'>Καὶ</span> <span class='ocrx_word' id='word_1_179' title='bbox 1073 2040 1101 2093; x_wconf 83' lang='grc' dir='ltr'>ὁ</span> <span class='ocrx_word' id='word_1_180' title='bbox 1149 2035 1343 2115; x_wconf 85' lang='grc' dir='ltr'>γέρων,</span> <span class='ocrx_word' id='word_1_181' title='bbox 1383 2037 1544 2115; x_wconf 75' lang='grc' dir='ltr'><strong>Κάγὼ</strong></span> <span class='ocrx_word' id='word_1_182' title='bbox 1571 2035 1742 2113; x_wconf 67' lang='grc' dir='ltr'>ᾔδειν,</span> <span class='ocrx_word' id='word_1_183' title='bbox 1803 2039 1956 2117; x_wconf 79' lang='grc' dir='ltr'>φησὶ,</span> 
     </span>
    </p>
   </div>
   <div class='ocr_carea' id='block_1_26' title="bbox 313 2124 1959 2206">
    <p class='ocr_par' dir='ltr' id='par_1_26' title="bbox 313 2124 1959 2206">
     <span class='ocr_line' id='line_1_26' title="bbox 313 2124 1959 2206; baseline 0.002 -24"><span class='ocrx_word' id='word_1_184' title='bbox 313 2125 457 2183; x_wconf 79' lang='grc' dir='ltr'>ἀλλὰ</span> <span class='ocrx_word' id='word_1_185' title='bbox 499 2127 685 2186; x_wconf 77' lang='grc' dir='ltr'>τούτου</span> <span class='ocrx_word' id='word_1_186' title='bbox 718 2126 874 2206; x_wconf 79' lang='grc' dir='ltr'>χάριν</span> <span class='ocrx_word' id='word_1_187' title='bbox 907 2127 1164 2206; x_wconf 71' lang='grc' dir='ltr'>ἐπέσχον,</span> <span class='ocrx_word' id='word_1_188' title='bbox 1196 2124 1277 2181; x_wconf 70' lang='grc' dir='ltr'>⁰ίν⁹</span> <span class='ocrx_word' id='word_1_189' title='bbox 1315 2125 1582 2195; x_wconf 72' lang='grc' dir='ltr'>ἀλλήλους</span> <span class='ocrx_word' id='word_1_190' title='bbox 1614 2128 1767 2202; x_wconf 72' lang='grc' dir='ltr'><strong>ὅμεῖς</strong></span> <span class='ocrx_word' id='word_1_191' title='bbox 1798 2126 1959 2185; x_wconf 79' lang='grc' dir='ltr'>οἴκο-</span> 
     </span>
    </p>
   </div>
   <div class='ocr_carea' id='block_1_27' title="bbox 315 2214 1959 2294">
    <p class='ocr_par' dir='ltr' id='par_1_27' title="bbox 315 2214 1959 2294">
     <span class='ocr_line' id='line_1_27' title="bbox 315 2214 1959 2294; baseline 0 -21"><span class='ocrx_word' id='word_1_192' title='bbox 315 2220 404 2273; x_wconf 83' lang='grc' dir='ltr'><strong>Θεν</strong></span> <span class='ocrx_word' id='word_1_193' title='bbox 440 2215 723 2294; x_wconf 82' lang='grc' dir='ltr'>ἐπιγνώτε.</span> <span class='ocrx_word' id='word_1_194' title='bbox 764 2216 860 2273; x_wconf 80' lang='grc' dir='ltr'><strong>Καὶ</strong></span> <span class='ocrx_word' id='word_1_195' title='bbox 913 2216 1050 2272; x_wconf 72' lang='grc' dir='ltr'>οὕτω</span> <span class='ocrx_word' id='word_1_196' title='bbox 1104 2214 1202 2289; x_wconf 77' lang='grc' dir='ltr'>μὲν</span> <span class='ocrx_word' id='word_1_197' title='bbox 1235 2217 1261 2270; x_wconf 91' lang='lat'><strong>6</strong></span> <span class='ocrx_word' id='word_1_198' title='bbox 1291 2218 1436 2278; x_wconf 84' lang='grc' dir='ltr'>Θεϊος</span> <span class='ocrx_word' id='word_1_199' title='bbox 1490 2215 1645 2292; x_wconf 73' lang='grc' dir='ltr'>ἀνήρ.</span> <span class='ocrx_word' id='word_1_200' title='bbox 1681 2218 1741 2274; x_wconf 82' lang='grc' dir='ltr'><strong>Οἱ</strong></span> <span class='ocrx_word' id='word_1_201' title='bbox 1785 2214 1839 2271; x_wconf 82' lang='grc' dir='ltr'>δὲ</span> <span class='ocrx_word' id='word_1_202' title='bbox 1884 2219 1959 2281; x_wconf 75' lang='grc' dir='ltr'>εἷς</span> 
     </span>
    </p>
   </div>
   <div class='ocr_carea' id='block_1_28' title="bbox 318 2301 1955 2384">
    <p class='ocr_par' dir='ltr' id='par_1_28' title="bbox 318 2301 1955 2384">
     <span class='ocr_line' id='line_1_28' title="bbox 318 2301 1955 2384; baseline -0.001 -21"><span class='ocrx_word' id='word_1_203' title='bbox 318 2303 652 2384; x_wconf 76' lang='grc' dir='ltr'>περιπλοκὰς</span> <span class='ocrx_word' id='word_1_204' title='bbox 729 2304 994 2384; x_wconf 85' lang='grc' dir='ltr'>ἐχώρουν,</span> <span class='ocrx_word' id='word_1_205' title='bbox 1055 2305 1143 2360; x_wconf 84' lang='grc' dir='ltr'><strong>καὶ</strong></span> <span class='ocrx_word' id='word_1_206' title='bbox 1205 2301 1585 2381; x_wconf 82' lang='grc' dir='ltr'>περιλαϐόντες</span> <span class='ocrx_word' id='word_1_207' title='bbox 1664 2304 1955 2377; x_wconf 74' lang='grc' dir='ltr'>ἀλλήλους,</span> 
     </span>
    </p>
   </div>
   <div class='ocr_carea' id='block_1_29' title="bbox 309 2391 1959 2473">
    <p class='ocr_par' dir='ltr' id='par_1_29' title="bbox 309 2391 1959 2473">
     <span class='ocr_line' id='line_1_29' title="bbox 309 2391 1959 2473; baseline -0.001 -21"><span class='ocrx_word' id='word_1_208' title='bbox 309 2397 401 2452; x_wconf 81' lang='grc' dir='ltr'><strong>καὶ</strong></span> <span class='ocrx_word' id='word_1_209' title='bbox 445 2392 512 2451; x_wconf 73' lang='grc' dir='ltr'><strong>τά</strong></span> <span class='ocrx_word' id='word_1_210' title='bbox 556 2391 756 2473; x_wconf 74' lang='grc' dir='ltr'>ἀδελφὰ</span> <span class='ocrx_word' id='word_1_211' title='bbox 797 2399 953 2450; x_wconf 82' lang='grc' dir='ltr'>τοῦτο</span> <span class='ocrx_word' id='word_1_212' title='bbox 1005 2392 1102 2468; x_wconf 79' lang='grc' dir='ltr'>μὲν</span> <span class='ocrx_word' id='word_1_213' title='bbox 1136 2392 1653 2473; x_wconf 78' lang='grc' dir='ltr'>προσφθεγξάμενοι,</span> <span class='ocrx_word' id='word_1_214' title='bbox 1708 2402 1862 2452; x_wconf 81' lang='grc' dir='ltr'>τοῦτο</span> <span class='ocrx_word' id='word_1_215' title='bbox 1905 2395 1959 2450; x_wconf 81' lang='grc' dir='ltr'>δὲ</span> 
     </span>
    </p>
   </div>
   <div class='ocr_carea' id='block_1_30' title="bbox 307 2480 1956 2562">
    <p class='ocr_par' dir='ltr' id='par_1_30' title="bbox 307 2480 1956 2562">
     <span class='ocr_line' id='line_1_30' title="bbox 307 2480 1956 2562; baseline -0.001 -22"><span class='ocrx_word' id='word_1_216' title='bbox 307 2485 399 2540; x_wconf 75' lang='grc' dir='ltr'><strong>καὶ</strong></span> <span class='ocrx_word' id='word_1_217' title='bbox 459 2481 931 2556; x_wconf 74' lang='grc' dir='ltr'>περιπωξαίμενοι,</span> <span class='ocrx_word' id='word_1_218' title='bbox 1001 2480 1171 2561; x_wconf 75' lang='grc' dir='ltr'>εὒχήν</span> <span class='ocrx_word' id='word_1_219' title='bbox 1236 2503 1292 2538; x_wconf 90' lang='grc' dir='ltr'><strong>τε</strong></span> <span class='ocrx_word' id='word_1_220' title='bbox 1339 2482 1480 2560; x_wconf 77' lang='grc' dir='ltr'>παρὰ</span> <span class='ocrx_word' id='word_1_221' title='bbox 1521 2485 1612 2538; x_wconf 71' lang='grc' dir='ltr'>τοῦ</span> <span class='ocrx_word' id='word_1_222' title='bbox 1665 2485 1805 2542; x_wconf 77' lang='grc' dir='ltr'>θείου</span> <span class='ocrx_word' id='word_1_223' title='bbox 1859 2484 1956 2562; x_wconf 87' lang='grc' dir='ltr'>γέ-</span> 
     </span>
    </p>
   </div>
   <div class='ocr_carea' id='block_1_31' title="bbox 309 2571 1954 2651">
    <p class='ocr_par' dir='ltr' id='par_1_31' title="bbox 309 2571 1954 2651">
     <span class='ocr_line' id='line_1_31' title="bbox 309 2571 1954 2651; baseline -0.001 -23"><span class='ocrx_word' id='word_1_224' title='bbox 309 2594 497 2651; x_wconf 87' lang='grc' dir='ltr'>ροντος</span> <span class='ocrx_word' id='word_1_225' title='bbox 554 2573 928 2651; x_wconf 74' lang='grc' dir='ltr'>αἰτησάμενοι,</span> <span class='ocrx_word' id='word_1_226' title='bbox 990 2571 1178 2638; x_wconf 72' lang='grc' dir='ltr'>κοινὴν</span> <span class='ocrx_word' id='word_1_227' title='bbox 1235 2571 1335 2638; x_wconf 76' lang='grc' dir='ltr'>τὴν</span> <span class='ocrx_word' id='word_1_228' title='bbox 1395 2573 1740 2650; x_wconf 67' lang='grc' dir='ltr'>εὐχαριστίαν</span> <span class='ocrx_word' id='word_1_229' title='bbox 1769 2571 1954 2629; x_wconf 79' lang='grc' dir='ltr'>ἀπεδί-</span> 
     </span>
    </p>
   </div>
   <div class='ocr_carea' id='block_1_32' title="bbox 312 2659 1958 2742">
    <p class='ocr_par' dir='ltr' id='par_1_32' title="bbox 312 2659 1958 2742">
     <span class='ocr_line' id='line_1_32' title="bbox 312 2659 1958 2742; baseline -0.001 -24"><span class='ocrx_word' id='word_1_230' title='bbox 312 2660 470 2719; x_wconf 79' lang='grc' dir='ltr'>δοσαν</span> <span class='ocrx_word' id='word_1_231' title='bbox 502 2667 580 2734; x_wconf 87' lang='grc' dir='ltr'>τῷ</span> <span class='ocrx_word' id='word_1_232' title='bbox 612 2667 750 2734; x_wconf 82' lang='grc' dir='ltr'>Θεῷ,</span> <span class='ocrx_word' id='word_1_233' title='bbox 785 2665 891 2740; x_wconf 78' lang='grc' dir='ltr'><strong>οὐχ</strong></span> <span class='ocrx_word' id='word_1_234' title='bbox 937 2659 1097 2728; x_wconf 80' lang='grc' dir='ltr'>ἧττον</span> <span class='ocrx_word' id='word_1_235' title='bbox 1127 2660 1224 2728; x_wconf 72' lang='grc' dir='ltr'><strong>τῆς</strong></span> <span class='ocrx_word' id='word_1_236' title='bbox 1274 2671 1365 2720; x_wconf 82' lang='grc' dir='ltr'>τοῦ</span> <span class='ocrx_word' id='word_1_237' title='bbox 1395 2659 1635 2716; x_wconf 79' lang='grc' dir='ltr'>κινδύνου</span> <span class='ocrx_word' id='word_1_238' title='bbox 1668 2660 1958 2742; x_wconf 77' lang='grc' dir='ltr'>διαφυγῆς,</span> 
     </span>
    </p>
   </div>
   <div class='ocr_carea' id='block_1_33' title="bbox 315 2749 1958 2830">
    <p class='ocr_par' dir='ltr' id='par_1_33' title="bbox 315 2749 1958 2830">
     <span class='ocr_line' id='line_1_33' title="bbox 315 2749 1958 2830; baseline 0 -22"><span class='ocrx_word' id='word_1_239' title='bbox 315 2755 354 2820; x_wconf 75' lang='grc' dir='ltr'>ἢ</span> <span class='ocrx_word' id='word_1_240' title='bbox 383 2757 481 2818; x_wconf 74' lang='grc' dir='ltr'>τῆς</span> <span class='ocrx_word' id='word_1_241' title='bbox 515 2749 766 2821; x_wconf 73' lang='grc' dir='ltr'>ἀλλήλων</span> <span class='ocrx_word' id='word_1_242' title='bbox 792 2751 915 2814; x_wconf 84' lang='grc' dir='ltr'>θέας</span> <span class='ocrx_word' id='word_1_243' title='bbox 946 2752 1033 2807; x_wconf 80' lang='grc' dir='ltr'><strong>καὶ</strong></span> <span class='ocrx_word' id='word_1_244' title='bbox 1091 2751 1396 2830; x_wconf 76' lang='grc' dir='ltr'>συναφείας,</span> <span class='ocrx_word' id='word_1_245' title='bbox 1445 2753 1533 2808; x_wconf 84' lang='grc' dir='ltr'><strong>καὶ</strong></span> <span class='ocrx_word' id='word_1_246' title='bbox 1577 2751 1766 2807; x_wconf 81' lang='grc' dir='ltr'>τούτου</span> <span class='ocrx_word' id='word_1_247' title='bbox 1809 2752 1958 2826; x_wconf 83' lang='grc' dir='ltr'><strong>μᾶλ-</strong></span> 
     </span>
    </p>
   </div>
   <div class='ocr_carea' id='block_1_34' title="bbox 319 2838 1960 2921">
    <p class='ocr_par' dir='ltr' id='par_1_34' title="bbox 319 2838 1960 2921">
     <span class='ocr_line' id='line_1_34' title="bbox 319 2838 1960 2921; baseline 0 -23"><span class='ocrx_word' id='word_1_248' title='bbox 319 2850 414 2898; x_wconf 82' lang='grc' dir='ltr'><strong>λον</strong></span> <span class='ocrx_word' id='word_1_249' title='bbox 444 2842 538 2908; x_wconf 73' lang='grc' dir='ltr'>τῆς</span> <span class='ocrx_word' id='word_1_250' title='bbox 586 2839 668 2900; x_wconf 77' lang='grc' dir='ltr'>διὰ</span> <span class='ocrx_word' id='word_1_251' title='bbox 697 2861 792 2897; x_wconf 88' lang='grc' dir='ltr'><strong>του</strong></span> <span class='ocrx_word' id='word_1_252' title='bbox 817 2838 1019 2898; x_wconf 82' lang='grc' dir='ltr'>τοιοῦδε</span> <span class='ocrx_word' id='word_1_253' title='bbox 1065 2841 1382 2920; x_wconf 77' lang='grc' dir='ltr'>σχήματος,</span> <span class='ocrx_word' id='word_1_254' title='bbox 1414 2843 1502 2896; x_wconf 85' lang='grc' dir='ltr'><strong>καὶ</strong></span> <span class='ocrx_word' id='word_1_255' title='bbox 1535 2841 1628 2897; x_wconf 79' lang='grc' dir='ltr'>τοῦ</span> <span class='ocrx_word' id='word_1_256' title='bbox 1657 2842 1797 2921; x_wconf 87' lang='grc' dir='ltr'>βίου,</span> <span class='ocrx_word' id='word_1_257' title='bbox 1829 2843 1960 2919; x_wconf 81' lang='grc' dir='ltr'>πρὸς</span> 
     </span>
    </p>
   </div>
   <div class='ocr_carea' id='block_1_35' title="bbox 321 2929 1954 3009">
    <p class='ocr_par' dir='ltr' id='par_1_35' title="bbox 321 2929 1954 3009">
     <span class='ocr_line' id='line_1_35' title="bbox 321 2929 1954 3009; baseline 0.001 -24"><span class='ocrx_word' id='word_1_258' title='bbox 321 2931 452 2985; x_wconf 78' lang='grc' dir='ltr'>Θεὸν</span> <span class='ocrx_word' id='word_1_259' title='bbox 495 2931 798 3009; x_wconf 74' lang='grc' dir='ltr'>εἰσαγωγῆς</span> <span class='ocrx_word' id='word_1_260' title='bbox 829 2951 886 2985; x_wconf 87' lang='grc' dir='ltr'><strong>τε</strong></span> <span class='ocrx_word' id='word_1_261' title='bbox 915 2931 1004 2986; x_wconf 81' lang='grc' dir='ltr'><strong>καὶ</strong></span> <span class='ocrx_word' id='word_1_262' title='bbox 1035 2929 1353 2992; x_wconf 77' lang='grc' dir='ltr'>οἶκειώσεως</span> <span class='ocrx_word' id='word_1_263' title='bbox 1392 2947 1405 2961; x_wconf 90' lang='grc'><strong>·</strong></span> <span class='ocrx_word' id='word_1_264' title='bbox 1459 2930 1596 2986; x_wconf 80' lang='grc' dir='ltr'>ὥστε</span> <span class='ocrx_word' id='word_1_265' title='bbox 1629 2929 1954 3006; x_wconf 81' lang='grc' dir='ltr'>συμϐαίνειν,</span> 
     </span>
    </p>
   </div>
   <div class='ocr_carea' id='block_1_36' title="bbox 317 3017 1958 3100">
    <p class='ocr_par' dir='ltr' id='par_1_36' title="bbox 317 3017 1958 3100">
     <span class='ocr_line' id='line_1_36' title="bbox 317 3017 1958 3100; baseline 0.001 -24"><span class='ocrx_word' id='word_1_266' title='bbox 317 3018 644 3082; x_wconf 78' lang='grc' dir='ltr'>πολλαπλῶς</span> <span class='ocrx_word' id='word_1_267' title='bbox 677 3020 864 3084; x_wconf 74' lang='grc' dir='ltr'>αὐτοὺς</span> <span class='ocrx_word' id='word_1_268' title='bbox 905 3017 1146 3099; x_wconf 70' lang='grc' dir='ltr'>ἥδεσθαι,</span> <span class='ocrx_word' id='word_1_269' title='bbox 1198 3022 1284 3076; x_wconf 82' lang='grc' dir='ltr'><strong>καὶ</strong></span> <span class='ocrx_word' id='word_1_270' title='bbox 1319 3025 1436 3095; x_wconf 88' lang='grc' dir='ltr'>Θεῷ</span> <span class='ocrx_word' id='word_1_271' title='bbox 1478 3021 1576 3080; x_wconf 58' lang='grc' dir='ltr'><strong>τὴν</strong></span> <span class='ocrx_word' id='word_1_272' title='bbox 1638 3022 1797 3100; x_wconf 75' lang='grc' dir='ltr'>χάριν</span> <span class='ocrx_word' id='word_1_273' title='bbox 1850 3025 1958 3098; x_wconf 81' lang='grc' dir='ltr'><strong>ὁμ-</strong></span> 
     </span>
    </p>
   </div>
   <div class='ocr_carea' id='block_1_37' title="bbox 2042 779 3682 860">
    <p class='ocr_par' dir='ltr' id='par_1_37' title="bbox 2042 779 3682 860">
     <span class='ocr_line' id='line_1_37' title="bbox 2042 779 3682 860; baseline 0.001 -16"><span class='ocrx_word' id='word_1_274' title='bbox 2042 782 2191 844; x_wconf 88' lang='lat' dir='ltr'><strong>Tum</strong></span> <span class='ocrx_word' id='word_1_275' title='bbox 2213 781 2476 846; x_wconf 86' lang='lat' dir='ltr'><strong>Joannes</strong></span> <span class='ocrx_word' id='word_1_276' title='bbox 2501 799 2842 844; x_wconf 84' lang='lat' dir='ltr'><strong>sermonem</strong></span> <span class='ocrx_word' id='word_1_277' title='bbox 2869 779 3180 860; x_wconf 84' lang='lat' dir='ltr'><strong>adoriens,</strong></span> <span class='ocrx_word' id='word_1_278' title='bbox 3211 780 3285 842; x_wconf 92' lang='lat' dir='ltr'><strong>ab</strong></span> <span class='ocrx_word' id='word_1_279' title='bbox 3308 781 3480 845; x_wconf 90' lang='lat' dir='ltr'><strong>initio</strong></span> <span class='ocrx_word' id='word_1_280' title='bbox 3504 783 3578 845; x_wconf 91' lang='lat' dir='ltr'><strong>ad</strong></span> <span class='ocrx_word' id='word_1_281' title='bbox 3608 783 3682 845; x_wconf 79' lang='lat' dir='ltr'><strong>ﬂ-</strong></span> 
     </span>
    </p>
   </div>
   <div class='ocr_carea' id='block_1_38' title="bbox 2043 868 3689 953">
    <p class='ocr_par' dir='ltr' id='par_1_38' title="bbox 2043 868 3689 953">
     <span class='ocr_line' id='line_1_38' title="bbox 2043 868 3689 953; baseline 0.002 -19"><span class='ocrx_word' id='word_1_282' title='bbox 2043 891 2179 935; x_wconf 91' lang='lat' dir='ltr'><strong>nem</strong></span> <span class='ocrx_word' id='word_1_283' title='bbox 2205 891 2393 953; x_wconf 90' lang='lat' dir='ltr'><strong>usque</strong></span> <span class='ocrx_word' id='word_1_284' title='bbox 2415 879 2628 934; x_wconf 87' lang='lat' dir='ltr'><strong>cuncta</strong></span> <span class='ocrx_word' id='word_1_285' title='bbox 2652 871 3240 951; x_wconf 80' lang='lat' dir='ltr'><strong>persequitur,atque</strong></span> <span class='ocrx_word' id='word_1_286' title='bbox 3261 868 3420 934; x_wconf 90' lang='lat' dir='ltr'><strong>inter</strong></span> <span class='ocrx_word' id='word_1_287' title='bbox 3439 889 3689 937; x_wconf 83' lang='lat' dir='ltr'><strong>narran-</strong></span> 
     </span>
    </p>
   </div>
   <div class='ocr_carea' id='block_1_39' title="bbox 2043 959 3688 1044">
    <p class='ocr_par' dir='ltr' id='par_1_39' title="bbox 2043 959 3688 1044">
     <span class='ocr_line' id='line_1_39' title="bbox 2043 959 3688 1044; baseline 0.001 -19"><span class='ocrx_word' id='word_1_288' title='bbox 2043 965 2184 1026; x_wconf 90' lang='lat' dir='ltr'><strong>dum</strong></span> <span class='ocrx_word' id='word_1_289' title='bbox 2208 961 2375 1024; x_wconf 89' lang='lat' dir='ltr'><strong>fratri</strong></span> <span class='ocrx_word' id='word_1_290' title='bbox 2397 959 2691 1023; x_wconf 83' lang='lat' dir='ltr'><strong>nonnulla</strong></span> <span class='ocrx_word' id='word_1_291' title='bbox 2711 959 3080 1039; x_wconf 75' lang='lat' dir='ltr'><strong>cognationis</strong></span> <span class='ocrx_word' id='word_1_292' title='bbox 3105 959 3330 1022; x_wconf 89' lang='lat' dir='ltr'><strong>indicia</strong></span> <span class='ocrx_word' id='word_1_293' title='bbox 3358 959 3522 1038; x_wconf 89' lang='lat' dir='ltr'><strong>facit,</strong></span> <span class='ocrx_word' id='word_1_294' title='bbox 3555 981 3688 1044; x_wconf 69' lang='lat' dir='ltr'><strong>quae</strong></span> 
     </span>
    </p>
   </div>
   <div class='ocr_carea' id='block_1_40' title="bbox 2042 1048 3687 1131">
    <p class='ocr_par' dir='ltr' id='par_1_40' title="bbox 2042 1048 3687 1131">
     <span class='ocr_line' id='line_1_40' title="bbox 2042 1048 3687 1131; baseline 0.001 -19"><span class='ocrx_word' id='word_1_295' title='bbox 2042 1053 2238 1114; x_wconf 90' lang='lat' dir='ltr'><strong>vultus</strong></span> <span class='ocrx_word' id='word_1_296' title='bbox 2259 1049 2450 1131; x_wconf 85' lang='lat' dir='ltr'><strong>ipsius</strong></span> <span class='ocrx_word' id='word_1_297' title='bbox 2467 1050 2630 1112; x_wconf 92' lang='lat' dir='ltr'><strong>velut</strong></span> <span class='ocrx_word' id='word_1_298' title='bbox 2649 1049 2991 1111; x_wconf 89' lang='lat' dir='ltr'><strong>testimonio</strong></span> <span class='ocrx_word' id='word_1_299' title='bbox 3017 1055 3118 1110; x_wconf 87' lang='lat' dir='ltr'><strong>aut</strong></span> <span class='ocrx_word' id='word_1_300' title='bbox 3139 1048 3268 1121; x_wconf 81' lang='lat' dir='ltr'><strong>viva</strong></span> <span class='ocrx_word' id='word_1_301' title='bbox 3296 1049 3551 1126; x_wconf 84' lang='lat' dir='ltr'><strong>quadam</strong></span> <span class='ocrx_word' id='word_1_302' title='bbox 3571 1068 3687 1113; x_wconf 85' lang='lat' dir='ltr'><strong>vo-</strong></span> 
     </span>
    </p>
   </div>
   <div class='ocr_carea' id='block_1_41' title="bbox 2045 1139 3690 1218">
    <p class='ocr_par' dir='ltr' id='par_1_41' title="bbox 2045 1139 3690 1218">
     <span class='ocr_line' id='line_1_41' title="bbox 2045 1139 3690 1218; baseline -0.002 -13"><span class='ocrx_word' id='word_1_303' title='bbox 2045 1161 2113 1205; x_wconf 90' lang='lat' dir='ltr'><strong>ce</strong></span> <span class='ocrx_word' id='word_1_304' title='bbox 2131 1140 2785 1218; x_wconf 84' lang='lat' dir='ltr'><strong>conﬁrmabantur,etsi</strong></span> <span class='ocrx_word' id='word_1_305' title='bbox 2803 1139 3166 1202; x_wconf 89' lang='lat' dir='ltr'><strong>lineamenta</strong></span> <span class='ocrx_word' id='word_1_306' title='bbox 3179 1140 3452 1218; x_wconf 88' lang='lat' dir='ltr'><strong>ejusdem</strong></span> <span class='ocrx_word' id='word_1_307' title='bbox 3466 1148 3690 1204; x_wconf 84' lang='lat' dir='ltr'><strong>totma-</strong></span> 
     </span>
    </p>
   </div>
   <div class='ocr_carea' id='block_1_42' title="bbox 2046 1228 3688 1311">
    <p class='ocr_par' dir='ltr' id='par_1_42' title="bbox 2046 1228 3688 1311">
     <span class='ocr_line' id='line_1_42' title="bbox 2046 1228 3688 1311; baseline -0.001 -18"><span class='ocrx_word' id='word_1_308' title='bbox 2046 1231 2235 1294; x_wconf 88' lang='lat' dir='ltr'><strong>lorum</strong></span> <span class='ocrx_word' id='word_1_309' title='bbox 2265 1230 2652 1311; x_wconf 85' lang='lat' dir='ltr'><strong>perpessione</strong></span> <span class='ocrx_word' id='word_1_310' title='bbox 2680 1229 2959 1290; x_wconf 87' lang='lat' dir='ltr'><strong>hebetata</strong></span> <span class='ocrx_word' id='word_1_311' title='bbox 2999 1247 3069 1290; x_wconf 89' lang='lat' dir='ltr'><strong>ac</strong></span> <span class='ocrx_word' id='word_1_312' title='bbox 3114 1228 3545 1310; x_wconf 84' lang='lat' dir='ltr'><strong>propemodum</strong></span> <span class='ocrx_word' id='word_1_313' title='bbox 3578 1249 3688 1292; x_wconf 89' lang='lat' dir='ltr'><strong>ex-</strong></span> 
     </span>
    </p>
   </div>
   <div class='ocr_carea' id='block_1_43' title="bbox 2043 1316 3688 1382">
    <p class='ocr_par' dir='ltr' id='par_1_43' title="bbox 2043 1316 3688 1382">
     <span class='ocr_line' id='line_1_43' title="bbox 2043 1316 3688 1382; baseline 0 0"><span class='ocrx_word' id='word_1_314' title='bbox 2043 1321 2256 1382; x_wconf 90' lang='lat' dir='ltr'><strong>stincta</strong></span> <span class='ocrx_word' id='word_1_315' title='bbox 2276 1316 2875 1381; x_wconf 84' lang='lat' dir='ltr'><strong>viderentur.Verum</strong></span> <span class='ocrx_word' id='word_1_316' title='bbox 2899 1317 3001 1379; x_wconf 90' lang='lat' dir='ltr'><strong>ubi</strong></span> <span class='ocrx_word' id='word_1_317' title='bbox 3025 1318 3401 1380; x_wconf 89' lang='lat' dir='ltr'><strong>recensendo</strong></span> <span class='ocrx_word' id='word_1_318' title='bbox 3425 1327 3548 1382; x_wconf 92' lang='lat' dir='ltr'><strong>tum</strong></span> <span class='ocrx_word' id='word_1_319' title='bbox 3576 1338 3688 1382; x_wconf 92' lang='lat' dir='ltr'><strong>na-</strong></span> 
     </span>
    </p>
   </div>
   <div class='ocr_carea' id='block_1_44' title="bbox 2045 1406 3688 1488">
    <p class='ocr_par' dir='ltr' id='par_1_44' title="bbox 2045 1406 3688 1488">
     <span class='ocr_line' id='line_1_44' title="bbox 2045 1406 3688 1488; baseline 0.002 -21"><span class='ocrx_word' id='word_1_320' title='bbox 2045 1409 2181 1488; x_wconf 87' lang='lat' dir='ltr'><strong>vigii</strong></span> <span class='ocrx_word' id='word_1_321' title='bbox 2212 1418 2333 1470; x_wconf 92' lang='lat' dir='ltr'><strong>tum</strong></span> <span class='ocrx_word' id='word_1_322' title='bbox 2369 1407 2618 1488; x_wconf 86' lang='lat' dir='ltr'><strong>periculi</strong></span> <span class='ocrx_word' id='word_1_323' title='bbox 2652 1409 3020 1470; x_wconf 89' lang='lat' dir='ltr'><strong>mentionem</strong></span> <span class='ocrx_word' id='word_1_324' title='bbox 3054 1406 3287 1486; x_wconf 87' lang='lat' dir='ltr'><strong>injecit,</strong></span> <span class='ocrx_word' id='word_1_325' title='bbox 3321 1426 3389 1469; x_wconf 90' lang='lat' dir='ltr'><strong>ac</strong></span> <span class='ocrx_word' id='word_1_326' title='bbox 3445 1408 3688 1471; x_wconf 85' lang='lat' dir='ltr'><strong>fratrem</strong></span> 
     </span>
    </p>
   </div>
   <div class='ocr_carea' id='block_1_45' title="bbox 2043 1495 3676 1580">
    <p class='ocr_par' dir='ltr' id='par_1_45' title="bbox 2043 1495 3676 1580">
     <span class='ocr_line' id='line_1_45' title="bbox 2043 1495 3676 1580; baseline 0 -20"><span class='ocrx_word' id='word_1_327' title='bbox 2043 1517 2219 1580; x_wconf 89' lang='lat' dir='ltr'><strong>quem</strong></span> <span class='ocrx_word' id='word_1_328' title='bbox 2252 1496 2555 1560; x_wconf 86' lang='lat' dir='ltr'><strong>habuisset</strong></span> <span class='ocrx_word' id='word_1_329' title='bbox 2583 1495 2934 1570; x_wconf 88' lang='lat' dir='ltr'><strong>nominavit,</strong></span> <span class='ocrx_word' id='word_1_330' title='bbox 2969 1502 3093 1556; x_wconf 87' lang='lat' dir='ltr'><strong>tum</strong></span> <span class='ocrx_word' id='word_1_331' title='bbox 3138 1495 3445 1558; x_wconf 82' lang='lat' dir='ltr'><strong>enimvero</strong></span> <span class='ocrx_word' id='word_1_332' title='bbox 3478 1499 3676 1560; x_wconf 84' lang='lat' dir='ltr'><strong>Arca-</strong></span> 
     </span>
    </p>
   </div>
   <div class='ocr_carea' id='block_1_46' title="bbox 2045 1583 3689 1663">
    <p class='ocr_par' dir='ltr' id='par_1_46' title="bbox 2045 1583 3689 1663">
     <span class='ocr_line' id='line_1_46' title="bbox 2045 1583 3689 1663; baseline -0.003 -13"><span class='ocrx_word' id='word_1_333' title='bbox 2045 1588 2201 1663; x_wconf 88' lang='lat' dir='ltr'><strong>dius,</strong></span> <span class='ocrx_word' id='word_1_334' title='bbox 2237 1595 2462 1648; x_wconf 62' lang='lat' dir='ltr'><strong>natura;</strong></span> <span class='ocrx_word' id='word_1_335' title='bbox 2490 1585 2832 1647; x_wconf 85' lang='lat' dir='ltr'><strong>violentiam</strong></span> <span class='ocrx_word' id='word_1_336' title='bbox 2867 1583 3019 1645; x_wconf 90' lang='lat' dir='ltr'><strong>ultra</strong></span> <span class='ocrx_word' id='word_1_337' title='bbox 3053 1602 3172 1646; x_wconf 89' lang='lat' dir='ltr'><strong>non</strong></span> <span class='ocrx_word' id='word_1_338' title='bbox 3225 1583 3449 1659; x_wconf 86' lang='lat' dir='ltr'><strong>ferens,</strong></span> <span class='ocrx_word' id='word_1_339' title='bbox 3473 1602 3689 1648; x_wconf 79' lang='lat' dir='ltr'><strong>erum-</strong></span> 
     </span>
    </p>
   </div>
   <div class='ocr_carea' id='block_1_47' title="bbox 2043 1673 3690 1759">
    <p class='ocr_par' dir='ltr' id='par_1_47' title="bbox 2043 1673 3690 1759">
     <span class='ocr_line' id='line_1_47' title="bbox 2043 1673 3690 1759; baseline -0.003 -20"><span class='ocrx_word' id='word_1_340' title='bbox 2043 1676 2323 1759; x_wconf 88' lang='lat' dir='ltr'><strong>pentibus</strong></span> <span class='ocrx_word' id='word_1_341' title='bbox 2353 1675 2649 1756; x_wconf 86' lang='lat' dir='ltr'><strong>suspiriis,</strong></span> <span class='ocrx_word' id='word_1_342' title='bbox 2684 1673 2962 1755; x_wconf 78' lang='lat' dir='ltr'><strong>lacrymis</strong></span> <span class='ocrx_word' id='word_1_343' title='bbox 2989 1691 3093 1735; x_wconf 89' lang='lat' dir='ltr'><strong>ora</strong></span> <span class='ocrx_word' id='word_1_344' title='bbox 3125 1673 3515 1754; x_wconf 85' lang='lat' dir='ltr'><strong>perfundens,</strong></span> <span class='ocrx_word' id='word_1_345' title='bbox 3548 1691 3690 1735; x_wconf 80' lang='lat' dir='ltr'><strong>sur-</strong></span> 
     </span>
    </p>
   </div>
   <div class='ocr_carea' id='block_1_48' title="bbox 1985 1762 3683 1849">
    <p class='ocr_par' dir='ltr' id='par_1_48' title="bbox 1985 1762 3683 1849">
     <span class='ocr_line' id='line_1_48' title="bbox 1985 1762 3683 1849; baseline -0.002 -20"><span class='ocrx_word' id='word_1_346' title='bbox 1985 1799 2022 1849; x_wconf 69' lang='grc' dir='ltr'><strong>Β</strong></span> <span class='ocrx_word' id='word_1_347' title='bbox 2043 1767 2218 1841; x_wconf 82' lang='lat' dir='ltr'><strong>rexit,</strong></span> <span class='ocrx_word' id='word_1_348' title='bbox 2247 1774 2425 1846; x_wconf 83' lang='lat' dir='ltr'><strong>atque</strong></span> <span class='ocrx_word' id='word_1_349' title='bbox 2457 1765 2529 1826; x_wconf 91' lang='lat' dir='ltr'><strong>ad</strong></span> <span class='ocrx_word' id='word_1_350' title='bbox 2590 1764 2849 1826; x_wconf 89' lang='lat' dir='ltr'><strong>senioris</strong></span> <span class='ocrx_word' id='word_1_351' title='bbox 2907 1762 3091 1843; x_wconf 77' lang='lat' dir='ltr'><strong>pedes</strong></span> <span class='ocrx_word' id='word_1_352' title='bbox 3122 1762 3469 1844; x_wconf 86' lang='lat' dir='ltr'><strong>provolutus</strong></span> <span class='ocrx_word' id='word_1_353' title='bbox 3503 1781 3518 1825; x_wconf 89' lang='lat'><strong>:</strong></span> <span class='ocrx_word' id='word_1_354' title='bbox 3551 1762 3683 1841; x_wconf 88' lang='lat' dir='ltr'><strong>Hic,</strong></span> 
     </span>
    </p>
   </div>
   <div class='ocr_carea' id='block_1_49' title="bbox 2046 1851 3690 1938">
    <p class='ocr_par' dir='ltr' id='par_1_49' title="bbox 2046 1851 3690 1938">
     <span class='ocr_line' id='line_1_49' title="bbox 2046 1851 3690 1938; baseline -0.002 -20"><span class='ocrx_word' id='word_1_355' title='bbox 2046 1856 2262 1938; x_wconf 89' lang='lat' dir='ltr'><strong>inquit,</strong></span> <span class='ocrx_word' id='word_1_356' title='bbox 2299 1857 2377 1916; x_wconf 88' lang='lat' dir='ltr'><strong>mi</strong></span> <span class='ocrx_word' id='word_1_357' title='bbox 2435 1855 2631 1929; x_wconf 86' lang='lat' dir='ltr'><strong>Pater,</strong></span> <span class='ocrx_word' id='word_1_358' title='bbox 2687 1861 2779 1916; x_wconf 90' lang='lat' dir='ltr'><strong>est</strong></span> <span class='ocrx_word' id='word_1_359' title='bbox 2833 1851 3018 1914; x_wconf 79' lang='lat' dir='ltr'><strong>frater</strong></span> <span class='ocrx_word' id='word_1_360' title='bbox 3068 1871 3263 1926; x_wconf 82' lang='lat' dir='ltr'><strong>meus,</strong></span> <span class='ocrx_word' id='word_1_361' title='bbox 3295 1853 3690 1915; x_wconf 83' lang='lat' dir='ltr'><strong>charissimus</strong></span> 
     </span>
    </p>
   </div>
   <div class='ocr_carea' id='block_1_50' title="bbox 2043 1943 3690 2025">
    <p class='ocr_par' dir='ltr' id='par_1_50' title="bbox 2043 1943 3690 2025">
     <span class='ocr_line' id='line_1_50' title="bbox 2043 1943 3690 2025; baseline -0.001 -17"><span class='ocrx_word' id='word_1_362' title='bbox 2043 1945 2435 2019; x_wconf 86' lang='lat' dir='ltr'><strong>Joannes,hic</strong></span> <span class='ocrx_word' id='word_1_363' title='bbox 2459 1944 2591 2025; x_wconf 88' lang='lat' dir='ltr'><strong>ipse</strong></span> <span class='ocrx_word' id='word_1_364' title='bbox 2613 1943 2712 2024; x_wconf 91' lang='lat' dir='ltr'><strong>qui</strong></span> <span class='ocrx_word' id='word_1_365' title='bbox 2742 1950 3025 2021; x_wconf 85' lang='lat' dir='ltr'><strong>suscepta</strong></span> <span class='ocrx_word' id='word_1_366' title='bbox 3055 1961 3291 2006; x_wconf 90' lang='lat' dir='ltr'><strong>mecum</strong></span> <span class='ocrx_word' id='word_1_367' title='bbox 3318 1943 3690 2022; x_wconf 80' lang='lat' dir='ltr'><strong>navigatione</strong></span> 
     </span>
    </p>
   </div>
   <div class='ocr_carea' id='block_1_51' title="bbox 2045 2031 3691 2114">
    <p class='ocr_par' dir='ltr' id='par_1_51' title="bbox 2045 2031 3691 2114">
     <span class='ocr_line' id='line_1_51' title="bbox 2045 2031 3691 2114; baseline -0.002 -17"><span class='ocrx_word' id='word_1_368' title='bbox 2045 2035 2418 2114; x_wconf 76' lang='lat' dir='ltr'><strong>naufragium</strong></span> <span class='ocrx_word' id='word_1_369' title='bbox 2454 2033 2722 2114; x_wconf 85' lang='lat' dir='ltr'><strong>pertulit,</strong></span> <span class='ocrx_word' id='word_1_370' title='bbox 2755 2032 2916 2094; x_wconf 91' lang='lat' dir='ltr'><strong>velut</strong></span> <span class='ocrx_word' id='word_1_371' title='bbox 2949 2031 3260 2110; x_wconf 86' lang='lat' dir='ltr'><strong>miraculo,</strong></span> <span class='ocrx_word' id='word_1_372' title='bbox 3288 2031 3691 2114; x_wconf 85' lang='lat' dir='ltr'><strong>quemadmo-</strong></span> 
     </span>
    </p>
   </div>
   <div class='ocr_carea' id='block_1_52' title="bbox 2045 2123 3692 2200">
    <p class='ocr_par' dir='ltr' id='par_1_52' title="bbox 2045 2123 3692 2200">
     <span class='ocr_line' id='line_1_52' title="bbox 2045 2123 3692 2200; baseline -0.004 -12"><span class='ocrx_word' id='word_1_373' title='bbox 2045 2126 2185 2188; x_wconf 91' lang='lat' dir='ltr'><strong>dum</strong></span> <span class='ocrx_word' id='word_1_374' title='bbox 2219 2125 2422 2186; x_wconf 89' lang='lat' dir='ltr'><strong>videre</strong></span> <span class='ocrx_word' id='word_1_375' title='bbox 2456 2123 2652 2198; x_wconf 83' lang='lat' dir='ltr'><strong>datur,</strong></span> <span class='ocrx_word' id='word_1_376' title='bbox 2703 2129 3112 2198; x_wconf 76' lang='lat' dir='ltr'><strong>conservatus,</strong></span> <span class='ocrx_word' id='word_1_377' title='bbox 3165 2130 3226 2184; x_wconf 89' lang='lat' dir='ltr'><strong>et</strong></span> <span class='ocrx_word' id='word_1_378' title='bbox 3271 2140 3430 2184; x_wconf 93' lang='lat' dir='ltr'><strong>nunc</strong></span> <span class='ocrx_word' id='word_1_379' title='bbox 3463 2123 3692 2200; x_wconf 79' lang='lat' dir='ltr'><strong>majore</strong></span> 
     </span>
    </p>
   </div>
   <div class='ocr_carea' id='block_1_53' title="bbox 2046 2209 3692 2292">
    <p class='ocr_par' dir='ltr' id='par_1_53' title="bbox 2046 2209 3692 2292">
     <span class='ocr_line' id='line_1_53' title="bbox 2046 2209 3692 2292; baseline -0.003 -15"><span class='ocrx_word' id='word_1_380' title='bbox 2046 2216 2224 2278; x_wconf 90' lang='lat' dir='ltr'><strong>etiam</strong></span> <span class='ocrx_word' id='word_1_381' title='bbox 2251 2212 2538 2276; x_wconf 89' lang='lat' dir='ltr'><strong>miraculo</strong></span> <span class='ocrx_word' id='word_1_382' title='bbox 2563 2211 2706 2274; x_wconf 91' lang='lat' dir='ltr'><strong>mihi</strong></span> <span class='ocrx_word' id='word_1_383' title='bbox 2729 2209 3044 2274; x_wconf 83' lang='lat' dir='ltr'><strong>oblatus.0</strong></span> <span class='ocrx_word' id='word_1_384' title='bbox 3061 2211 3327 2274; x_wconf 89' lang='lat' dir='ltr'><strong>divinum</strong></span> <span class='ocrx_word' id='word_1_385' title='bbox 3353 2212 3529 2292; x_wconf 77' lang='lat' dir='ltr'><strong>plane</strong></span> <span class='ocrx_word' id='word_1_386' title='bbox 3553 2229 3692 2272; x_wconf 86' lang='lat' dir='ltr'><strong>con-</strong></span> 
     </span>
    </p>
   </div>
   <div class='ocr_carea' id='block_1_54' title="bbox 2045 2300 3692 2382">
    <p class='ocr_par' dir='ltr' id='par_1_54' title="bbox 2045 2300 3692 2382">
     <span class='ocr_line' id='line_1_54' title="bbox 2045 2300 3692 2382; baseline -0.004 -15"><span class='ocrx_word' id='word_1_387' title='bbox 2045 2304 2244 2367; x_wconf 88' lang='lat' dir='ltr'><strong>silium</strong></span> <span class='ocrx_word' id='word_1_388' title='bbox 2275 2303 2288 2364; x_wconf 89' lang='lat'>!</span> <span class='ocrx_word' id='word_1_389' title='bbox 2326 2323 2360 2364; x_wconf 97' lang='lat' dir='ltr'><strong>o</strong></span> <span class='ocrx_word' id='word_1_390' title='bbox 2385 2302 2613 2380; x_wconf 89' lang='lat' dir='ltr'><strong>judicia</strong></span> <span class='ocrx_word' id='word_1_391' title='bbox 2643 2300 2753 2364; x_wconf 90' lang='lat' dir='ltr'><strong>Dei</strong></span> <span class='ocrx_word' id='word_1_392' title='bbox 2777 2311 3048 2363; x_wconf 89' lang='lat' dir='ltr'><strong>naturam</strong></span> <span class='ocrx_word' id='word_1_393' title='bbox 3075 2300 3402 2364; x_wconf 88' lang='lat' dir='ltr'><strong>vincentia!</strong></span> <span class='ocrx_word' id='word_1_394' title='bbox 3436 2321 3470 2362; x_wconf 95' lang='lat' dir='ltr'><strong>o</strong></span> <span class='ocrx_word' id='word_1_395' title='bbox 3491 2300 3692 2382; x_wconf 81' lang='lat' dir='ltr'><strong>provi-</strong></span> 
     </span>
    </p>
   </div>
   <div class='ocr_carea' id='block_1_55' title="bbox 2045 2389 3685 2471">
    <p class='ocr_par' dir='ltr' id='par_1_55' title="bbox 2045 2389 3685 2471">
     <span class='ocr_line' id='line_1_55' title="bbox 2045 2389 3685 2471; baseline -0.002 -16"><span class='ocrx_word' id='word_1_396' title='bbox 2045 2393 2308 2455; x_wconf 85' lang='lat' dir='ltr'><strong>dentiam</strong></span> <span class='ocrx_word' id='word_1_397' title='bbox 2339 2390 2505 2454; x_wconf 91' lang='lat' dir='ltr'><strong>nulla</strong></span> <span class='ocrx_word' id='word_1_398' title='bbox 2538 2390 2809 2452; x_wconf 89' lang='lat' dir='ltr'><strong>oratione</strong></span> <span class='ocrx_word' id='word_1_399' title='bbox 2839 2401 2936 2452; x_wconf 90' lang='lat' dir='ltr'><strong>aut</strong></span> <span class='ocrx_word' id='word_1_400' title='bbox 2972 2389 3206 2452; x_wconf 89' lang='lat' dir='ltr'><strong>ratione</strong></span> <span class='ocrx_word' id='word_1_401' title='bbox 3237 2389 3685 2471; x_wconf 80' lang='lat' dir='ltr'><strong>explicandam!</strong></span> 
     </span>
    </p>
   </div>
   <div class='ocr_carea' id='block_1_56' title="bbox 2048 2478 3692 2563">
    <p class='ocr_par' dir='ltr' id='par_1_56' title="bbox 2048 2478 3692 2563">
     <span class='ocr_line' id='line_1_56' title="bbox 2048 2478 3692 2563; baseline -0.002 -17"><span class='ocrx_word' id='word_1_402' title='bbox 2048 2482 2317 2563; x_wconf 90' lang='lat' dir='ltr'><strong>Subjecit</strong></span> <span class='ocrx_word' id='word_1_403' title='bbox 2336 2481 2558 2544; x_wconf 87' lang='lat' dir='ltr'><strong>deinde</strong></span> <span class='ocrx_word' id='word_1_404' title='bbox 2583 2498 2770 2543; x_wconf 80' lang='lat' dir='ltr'><strong>senex</strong></span> <span class='ocrx_word' id='word_1_405' title='bbox 2795 2500 2808 2540; x_wconf 90' lang='lat'><strong>:</strong></span> <span class='ocrx_word' id='word_1_406' title='bbox 2835 2481 3044 2562; x_wconf 87' lang='lat' dir='ltr'><strong>Neque</strong></span> <span class='ocrx_word' id='word_1_407' title='bbox 3069 2499 3209 2542; x_wconf 88' lang='lat' dir='ltr'><strong>vero</strong></span> <span class='ocrx_word' id='word_1_408' title='bbox 3231 2499 3326 2542; x_wconf 91' lang='lat' dir='ltr'><strong>me</strong></span> <span class='ocrx_word' id='word_1_409' title='bbox 3347 2480 3476 2542; x_wconf 59' lang='lat' dir='ltr'><strong>haec</strong></span> <span class='ocrx_word' id='word_1_410' title='bbox 3497 2478 3692 2560; x_wconf 80' lang='lat' dir='ltr'><strong>fugie-</strong></span> 
     </span>
    </p>
   </div>
   <div class='ocr_carea' id='block_1_57' title="bbox 2043 2568 3688 2653">
    <p class='ocr_par' dir='ltr' id='par_1_57' title="bbox 2043 2568 3688 2653">
     <span class='ocr_line' id='line_1_57' title="bbox 2043 2568 3688 2653; baseline -0.002 -19"><span class='ocrx_word' id='word_1_411' title='bbox 2043 2573 2202 2653; x_wconf 86' lang='lat' dir='ltr'><strong>bant;</strong></span> <span class='ocrx_word' id='word_1_412' title='bbox 2230 2588 2434 2634; x_wconf 91' lang='lat' dir='ltr'><strong>verum</strong></span> <span class='ocrx_word' id='word_1_413' title='bbox 2453 2571 2678 2632; x_wconf 90' lang='lat' dir='ltr'><strong>idcirco</strong></span> <span class='ocrx_word' id='word_1_414' title='bbox 2703 2569 3008 2631; x_wconf 91' lang='lat' dir='ltr'><strong>silendum</strong></span> <span class='ocrx_word' id='word_1_415' title='bbox 3033 2568 3272 2644; x_wconf 83' lang='lat' dir='ltr'><strong>duxi,ut</strong></span> <span class='ocrx_word' id='word_1_416' title='bbox 3301 2568 3541 2631; x_wconf 91' lang='lat' dir='ltr'><strong>indiciis</strong></span> <span class='ocrx_word' id='word_1_417' title='bbox 3574 2569 3688 2631; x_wconf 92' lang='lat' dir='ltr'><strong>do-</strong></span> 
     </span>
    </p>
   </div>
   <div class='ocr_carea' id='block_1_58' title="bbox 2045 2656 3687 2738">
    <p class='ocr_par' dir='ltr' id='par_1_58' title="bbox 2045 2656 3687 2738">
     <span class='ocr_line' id='line_1_58' title="bbox 2045 2656 3687 2738; baseline -0.004 -14"><span class='ocrx_word' id='word_1_418' title='bbox 2045 2661 2316 2724; x_wconf 88' lang='lat' dir='ltr'><strong>mesticis</strong></span> <span class='ocrx_word' id='word_1_419' title='bbox 2341 2660 2592 2722; x_wconf 90' lang='lat' dir='ltr'><strong>invicem</strong></span> <span class='ocrx_word' id='word_1_420' title='bbox 2616 2656 3178 2738; x_wconf 86' lang='lat' dir='ltr'><strong>agnosceretis.Sub</strong></span> <span class='ocrx_word' id='word_1_421' title='bbox 3203 2659 3330 2720; x_wconf 63' lang='lat' dir='ltr'><strong>haec</strong></span> <span class='ocrx_word' id='word_1_422' title='bbox 3360 2657 3550 2720; x_wconf 90' lang='lat' dir='ltr'><strong>divini</strong></span> <span class='ocrx_word' id='word_1_423' title='bbox 3570 2657 3687 2718; x_wconf 86' lang='lat' dir='ltr'><strong>ho-</strong></span> 
     </span>
    </p>
   </div>
   <div class='ocr_carea' id='block_1_59' title="bbox 2044 2746 3693 2830">
    <p class='ocr_par' dir='ltr' id='par_1_59' title="bbox 2044 2746 3693 2830">
     <span class='ocr_line' id='line_1_59' title="bbox 2044 2746 3693 2830; baseline -0.004 -16"><span class='ocrx_word' id='word_1_424' title='bbox 2044 2752 2222 2814; x_wconf 81' lang='lat' dir='ltr'><strong>minis</strong></span> <span class='ocrx_word' id='word_1_425' title='bbox 2244 2749 2424 2812; x_wconf 84' lang='lat' dir='ltr'><strong>verba</strong></span> <span class='ocrx_word' id='word_1_426' title='bbox 2445 2749 2532 2810; x_wconf 88' lang='lat' dir='ltr'><strong>illi</strong></span> <span class='ocrx_word' id='word_1_427' title='bbox 2554 2747 2616 2810; x_wconf 90' lang='lat' dir='ltr'><strong>in</strong></span> <span class='ocrx_word' id='word_1_428' title='bbox 2642 2748 2954 2830; x_wconf 86' lang='lat' dir='ltr'><strong>amplexus</strong></span> <span class='ocrx_word' id='word_1_429' title='bbox 2975 2754 3224 2810; x_wconf 88' lang='lat' dir='ltr'><strong>ruentes</strong></span> <span class='ocrx_word' id='word_1_430' title='bbox 3244 2746 3577 2810; x_wconf 88' lang='lat' dir='ltr'><strong>arctissime</strong></span> <span class='ocrx_word' id='word_1_431' title='bbox 3598 2746 3693 2808; x_wconf 91' lang='lat' dir='ltr'><strong>in-</strong></span> 
     </span>
    </p>
   </div>
   <div class='ocr_carea' id='block_1_60' title="bbox 2043 2835 3691 2919">
    <p class='ocr_par' dir='ltr' id='par_1_60' title="bbox 2043 2835 3691 2919">
     <span class='ocr_line' id='line_1_60' title="bbox 2043 2835 3691 2919; baseline -0.002 -17"><span class='ocrx_word' id='word_1_432' title='bbox 2043 2843 2227 2904; x_wconf 87' lang='lat' dir='ltr'><strong>vicem</strong></span> <span class='ocrx_word' id='word_1_433' title='bbox 2263 2839 2725 2919; x_wconf 86' lang='lat' dir='ltr'><strong>stringebant,et</strong></span> <span class='ocrx_word' id='word_1_434' title='bbox 2751 2857 2908 2900; x_wconf 87' lang='lat' dir='ltr'><strong>nunc</strong></span> <span class='ocrx_word' id='word_1_435' title='bbox 2939 2838 3184 2919; x_wconf 88' lang='lat' dir='ltr'><strong>quidem</strong></span> <span class='ocrx_word' id='word_1_436' title='bbox 3214 2838 3476 2900; x_wconf 81' lang='lat' dir='ltr'><strong>fraterne</strong></span> <span class='ocrx_word' id='word_1_437' title='bbox 3496 2835 3691 2900; x_wconf 87' lang='lat' dir='ltr'><strong>collo-</strong></span> 
     </span>
    </p>
   </div>
   <div class='ocr_carea' id='block_1_61' title="bbox 2045 2927 3693 3014">
    <p class='ocr_par' dir='ltr' id='par_1_61' title="bbox 2045 2927 3693 3014">
     <span class='ocr_line' id='line_1_61' title="bbox 2045 2927 3693 3014; baseline -0.004 -21"><span class='ocrx_word' id='word_1_438' title='bbox 2045 2943 2323 3014; x_wconf 85' lang='lat' dir='ltr'><strong>quentes,</strong></span> <span class='ocrx_word' id='word_1_439' title='bbox 2385 2947 2546 2991; x_wconf 90' lang='lat' dir='ltr'><strong>nunc</strong></span> <span class='ocrx_word' id='word_1_440' title='bbox 2599 2927 2942 3007; x_wconf 88' lang='lat' dir='ltr'><strong>amplexum</strong></span> <span class='ocrx_word' id='word_1_441' title='bbox 2993 2927 3496 3007; x_wconf 88' lang='lat' dir='ltr'><strong>redintegrantes,</strong></span> <span class='ocrx_word' id='word_1_442' title='bbox 3532 2943 3693 2988; x_wconf 90' lang='lat' dir='ltr'><strong>nunc</strong></span> 
     </span>
    </p>
   </div>
   <div class='ocr_carea' id='block_1_62' title="bbox 2043 3018 3694 3103">
    <p class='ocr_par' dir='ltr' id='par_1_62' title="bbox 2043 3018 3694 3103">
     <span class='ocr_line' id='line_1_62' title="bbox 2043 3018 3694 3103; baseline -0.004 -19"><span class='ocrx_word' id='word_1_443' title='bbox 2043 3022 2256 3103; x_wconf 83' lang='lat' dir='ltr'><strong>Optimi</strong></span> <span class='ocrx_word' id='word_1_444' title='bbox 2307 3019 2470 3081; x_wconf 90' lang='lat' dir='ltr'><strong>senis</strong></span> <span class='ocrx_word' id='word_1_445' title='bbox 2502 3018 2908 3099; x_wconf 88' lang='lat' dir='ltr'><strong>precationem</strong></span> <span class='ocrx_word' id='word_1_446' title='bbox 2959 3018 3378 3099; x_wconf 90' lang='lat' dir='ltr'><strong>deposcentes,</strong></span> <span class='ocrx_word' id='word_1_447' title='bbox 3438 3035 3556 3080; x_wconf 90' lang='lat' dir='ltr'><strong>uno</strong></span> <span class='ocrx_word' id='word_1_448' title='bbox 3585 3033 3694 3080; x_wconf 90' lang='lat' dir='ltr'><strong>ore</strong></span> 
     </span>
    </p>
   </div>
   <div class='ocr_carea' id='block_1_63' title="bbox 316 3105 1962 3208">
    <p class='ocr_par' dir='ltr' id='par_1_63' title="bbox 316 3107 1958 3187">
     <span class='ocr_line' id='line_1_63' title="bbox 316 3107 1958 3187; baseline 0.002 -22"><span class='ocrx_word' id='word_1_449' title='bbox 316 3107 534 3187; x_wconf 81' lang='grc' dir='ltr'>ολογετν</span> <span class='ocrx_word' id='word_1_450' title='bbox 561 3108 692 3186; x_wconf 81' lang='grc' dir='ltr'>ὑπὲρ</span> <span class='ocrx_word' id='word_1_451' title='bbox 736 3109 831 3176; x_wconf 72' lang='grc' dir='ltr'><strong>τῆς</strong></span> <span class='ocrx_word' id='word_1_452' title='bbox 878 3110 1104 3178; x_wconf 75' lang='grc' dir='ltr'>ἑαυτῶν,</span> <span class='ocrx_word' id='word_1_453' title='bbox 1139 3111 1270 3187; x_wconf 82' lang='grc' dir='ltr'>ὑπὲρ</span> <span class='ocrx_word' id='word_1_454' title='bbox 1325 3114 1423 3180; x_wconf 76' lang='grc' dir='ltr'>τῆς</span> <span class='ocrx_word' id='word_1_455' title='bbox 1471 3109 1721 3181; x_wconf 69' lang='grc' dir='ltr'>αλλήλων</span> <span class='ocrx_word' id='word_1_456' title='bbox 1755 3109 1958 3181; x_wconf 82' lang='grc' dir='ltr'>δηλαδὴ</span> 
     </span>
    </p>
   </div>
   <div class='ocr_carea' id='block_1_64' title="bbox 2048 3105 3692 3208">
    <p class='ocr_par' dir='ltr' id='par_1_64' title="bbox 2048 3105 3692 3208">
     <span class='ocr_line' id='line_1_64' title="bbox 2048 3105 3692 3208; baseline -0.004 -35"><span class='ocrx_word' id='word_1_457' title='bbox 2048 3111 2262 3190; x_wconf 82' lang='lat' dir='ltr'><strong>gratias</strong></span> <span class='ocrx_word' id='word_1_458' title='bbox 2321 3108 2564 3208; x_wconf 75' lang='lat' dir='ltr'><strong>Numini</strong></span> <span class='ocrx_word' id='word_1_459' title='bbox 2623 3105 2986 3180; x_wconf 88' lang='lat' dir='ltr'><strong>referebant,</strong></span> <span class='ocrx_word' id='word_1_460' title='bbox 3050 3119 3176 3208; x_wconf 71' lang='lat' dir='ltr'><strong>tum</strong></span> <span class='ocrx_word' id='word_1_461' title='bbox 3228 3107 3386 3189; x_wconf 92' lang='lat' dir='ltr'><strong>quod</strong></span> <span class='ocrx_word' id='word_1_462' title='bbox 3420 3105 3692 3208; x_wconf 76' lang='lat' dir='ltr'><strong>periculo</strong></span> 
     </span>
    </p>
   </div>
   <div class='ocr_carea' id='block_1_65' title="bbox 317 3194 1962 3282">
    <p class='ocr_par' dir='ltr' id='par_1_65' title="bbox 317 3197 1961 3282">
     <span class='ocr_line' id='line_1_65' title="bbox 317 3197 1961 3282; baseline 0.002 -28"><span class='ocrx_word' id='word_1_463' title='bbox 317 3201 613 3276; x_wconf 86' lang='grc' dir='ltr'>σωτηρίας,</span> <span class='ocrx_word' id='word_1_464' title='bbox 658 3199 788 3276; x_wconf 71' lang='grc' dir='ltr'>ὑπὲρ</span> <span class='ocrx_word' id='word_1_465' title='bbox 845 3203 942 3266; x_wconf 78' lang='grc' dir='ltr'>τῆς</span> <span class='ocrx_word' id='word_1_466' title='bbox 1004 3200 1078 3263; x_wconf 84' lang='grc' dir='ltr'><strong>εἰς</strong></span> <span class='ocrx_word' id='word_1_467' title='bbox 1133 3198 1188 3254; x_wconf 85' lang='grc' dir='ltr'>ἓν</span> <span class='ocrx_word' id='word_1_468' title='bbox 1223 3197 1385 3256; x_wconf 85' lang='grc' dir='ltr'>πάλιν</span> <span class='ocrx_word' id='word_1_469' title='bbox 1433 3206 1773 3279; x_wconf 81' lang='grc' dir='ltr'>συναγωγῆς,</span> <span class='ocrx_word' id='word_1_470' title='bbox 1830 3201 1961 3282; x_wconf 71' lang='grc' dir='ltr'>ὓπερ</span> 
     </span>
    </p>
   </div>
   <div class='ocr_carea' id='block_1_66' title="bbox 2048 3194 3695 3282">
    <p class='ocr_par' dir='ltr' id='par_1_66' title="bbox 2048 3194 3695 3278">
     <span class='ocr_line' id='line_1_66' title="bbox 2048 3194 3695 3278; baseline -0.004 -16"><span class='ocrx_word' id='word_1_471' title='bbox 2048 3209 2208 3262; x_wconf 89' lang='lat' dir='ltr'><strong>tanto</strong></span> <span class='ocrx_word' id='word_1_472' title='bbox 2235 3198 2492 3278; x_wconf 82' lang='lat' dir='ltr'><strong>exempti</strong></span> <span class='ocrx_word' id='word_1_473' title='bbox 2521 3206 2876 3271; x_wconf 83' lang='lat' dir='ltr'><strong>essent,tum</strong></span> <span class='ocrx_word' id='word_1_474' title='bbox 2911 3195 3069 3278; x_wconf 87' lang='lat' dir='ltr'><strong>quod</strong></span> <span class='ocrx_word' id='word_1_475' title='bbox 3107 3206 3315 3260; x_wconf 89' lang='lat' dir='ltr'><strong>mutuo</strong></span> <span class='ocrx_word' id='word_1_476' title='bbox 3345 3194 3695 3278; x_wconf 81' lang='lat' dir='ltr'><strong>conspectui</strong></span> 
     </span>
    </p>
   </div>
   <div class='ocr_carea' id='block_1_67' title="bbox 317 3284 1962 3369">
    <p class='ocr_par' dir='ltr' id='par_1_67' title="bbox 317 3287 1957 3367">
     <span class='ocr_line' id='line_1_67' title="bbox 317 3287 1957 3367; baseline 0.001 -21"><span class='ocrx_word' id='word_1_477' title='bbox 317 3289 416 3356; x_wconf 67' lang='grc' dir='ltr'>τῆς</span> <span class='ocrx_word' id='word_1_478' title='bbox 475 3290 546 3353; x_wconf 82' lang='grc' dir='ltr'>εἷς</span> <span class='ocrx_word' id='word_1_479' title='bbox 597 3295 836 3344; x_wconf 83' lang='grc' dir='ltr'>τοιοῦτον</span> <span class='ocrx_word' id='word_1_480' title='bbox 893 3288 1007 3363; x_wconf 79' lang='grc' dir='ltr'>βίον</span> <span class='ocrx_word' id='word_1_481' title='bbox 1051 3287 1342 3367; x_wconf 69' lang='grc' dir='ltr'>ἀναγωγῆς</span> <span class='ocrx_word' id='word_1_482' title='bbox 1391 3311 1444 3346; x_wconf 84' lang='grc' dir='ltr'><strong>τε</strong></span> <span class='ocrx_word' id='word_1_483' title='bbox 1474 3293 1571 3346; x_wconf 69' lang='grc' dir='ltr'>καὶ</span> <span class='ocrx_word' id='word_1_484' title='bbox 1605 3290 1957 3358; x_wconf 74' lang='grc' dir='ltr'>τελειώσεως.</span> 
     </span>
    </p>
   </div>
   <div class='ocr_carea' id='block_1_68' title="bbox 2048 3284 3695 3369">
    <p class='ocr_par' dir='ltr' id='par_1_68' title="bbox 2048 3284 3695 3369">
     <span class='ocr_line' id='line_1_68' title="bbox 2048 3284 3695 3369; baseline -0.005 -16"><span class='ocrx_word' id='word_1_485' title='bbox 2048 3301 2103 3353; x_wconf 89' lang='lat' dir='ltr'><strong>et</strong></span> <span class='ocrx_word' id='word_1_486' title='bbox 2127 3286 2541 3369; x_wconf 86' lang='lat' dir='ltr'><strong>conjunctioni</strong></span> <span class='ocrx_word' id='word_1_487' title='bbox 2589 3287 2876 3360; x_wconf 87' lang='lat' dir='ltr'><strong>restituti,</strong></span> <span class='ocrx_word' id='word_1_488' title='bbox 2912 3292 3035 3347; x_wconf 93' lang='lat' dir='ltr'><strong>tum</strong></span> <span class='ocrx_word' id='word_1_489' title='bbox 3089 3287 3346 3348; x_wconf 79' lang='lat' dir='ltr'><strong>maxime</strong></span> <span class='ocrx_word' id='word_1_490' title='bbox 3377 3288 3540 3366; x_wconf 90' lang='lat' dir='ltr'><strong>quod</strong></span> <span class='ocrx_word' id='word_1_491' title='bbox 3590 3284 3695 3347; x_wconf 87' lang='lat' dir='ltr'><strong>tali</strong></span> 
     </span>
    </p>
   </div>
   <div class='ocr_carea' id='block_1_69' title="bbox 316 3373 1962 3456">
    <p class='ocr_par' dir='ltr' id='par_1_69' title="bbox 316 3375 1179 3442">
     <span class='ocr_line' id='line_1_69' title="bbox 316 3375 1179 3442; baseline 0.002 -9"><span class='ocrx_word' id='word_1_492' title='bbox 316 3375 485 3433; x_wconf 75' lang='grc' dir='ltr'>Ἀλλὰ</span> <span class='ocrx_word' id='word_1_493' title='bbox 515 3378 580 3434; x_wconf 78' lang='grc' dir='ltr'>τὰ</span> <span class='ocrx_word' id='word_1_494' title='bbox 611 3378 709 3440; x_wconf 78' lang='grc' dir='ltr'>μὲν</span> <span class='ocrx_word' id='word_1_495' title='bbox 741 3375 954 3434; x_wconf 77' lang='grc' dir='ltr'>ἐκείνων</span> <span class='ocrx_word' id='word_1_496' title='bbox 988 3377 1179 3442; x_wconf 78' lang='grc' dir='ltr'>οὕτως.</span> 
     </span>
    </p>
   </div>
   <div class='ocr_carea' id='block_1_70' title="bbox 2048 3373 3695 3456">
    <p class='ocr_par' dir='ltr' id='par_1_70' title="bbox 2048 3373 3695 3456">
     <span class='ocr_line' id='line_1_70' title="bbox 2048 3373 3695 3456; baseline -0.005 -13"><span class='ocrx_word' id='word_1_497' title='bbox 2048 3379 2254 3443; x_wconf 86' lang='lat' dir='ltr'><strong>habitu</strong></span> <span class='ocrx_word' id='word_1_498' title='bbox 2279 3377 2508 3456; x_wconf 89' lang='lat' dir='ltr'><strong>vitaque</strong></span> <span class='ocrx_word' id='word_1_499' title='bbox 2540 3373 2788 3453; x_wconf 88' lang='lat' dir='ltr'><strong>dignati,</strong></span> <span class='ocrx_word' id='word_1_500' title='bbox 2827 3373 2901 3435; x_wconf 89' lang='lat' dir='ltr'><strong>ad</strong></span> <span class='ocrx_word' id='word_1_501' title='bbox 2927 3382 3147 3436; x_wconf 81' lang='lat' dir='ltr'><strong>tantam</strong></span> <span class='ocrx_word' id='word_1_502' title='bbox 3177 3373 3285 3436; x_wconf 90' lang='lat' dir='ltr'><strong>Dei</strong></span> <span class='ocrx_word' id='word_1_503' title='bbox 3316 3383 3555 3456; x_wconf 87' lang='lat' dir='ltr'><strong>tamque</strong></span> <span class='ocrx_word' id='word_1_504' title='bbox 3581 3373 3695 3435; x_wconf 92' lang='lat' dir='ltr'><strong>do-</strong></span> 
     </span>
    </p>
   </div>
   <div class='ocr_carea' id='block_1_71' title="bbox 321 3463 3698 3549">
    <p class='ocr_par' dir='ltr' id='par_1_71' title="bbox 321 3463 3698 3549">
     <span class='ocr_line' id='line_1_71' title="bbox 321 3463 3698 3549; baseline -0.001 -22"><span class='ocrx_word' id='word_1_505' title='bbox 321 3466 627 3527; x_wconf 89' lang='lat' dir='ltr'><strong>mesticam</strong></span> <span class='ocrx_word' id='word_1_506' title='bbox 668 3465 1108 3546; x_wconf 88' lang='lat' dir='ltr'><strong>quodammodo</strong></span> <span class='ocrx_word' id='word_1_507' title='bbox 1162 3465 1624 3549; x_wconf 81' lang='lat' dir='ltr'><strong>familiaritatem</strong></span> <span class='ocrx_word' id='word_1_508' title='bbox 1675 3473 2106 3549; x_wconf 84' lang='lat' dir='ltr'><strong>pervenissent.</strong></span> <span class='ocrx_word' id='word_1_509' title='bbox 2161 3467 2367 3548; x_wconf 87' lang='lat' dir='ltr'><strong>Neque</strong></span> <span class='ocrx_word' id='word_1_510' title='bbox 2418 3465 2556 3526; x_wconf 83' lang='lat' dir='ltr'><strong>ﬁnis</strong></span> <span class='ocrx_word' id='word_1_511' title='bbox 2611 3471 2758 3538; x_wconf 90' lang='lat' dir='ltr'><strong>erat,</strong></span> <span class='ocrx_word' id='word_1_512' title='bbox 2791 3472 2892 3524; x_wconf 91' lang='lat' dir='ltr'><strong>aut</strong></span> <span class='ocrx_word' id='word_1_513' title='bbox 2940 3464 3278 3524; x_wconf 85' lang='lat' dir='ltr'><strong>communis</strong></span> <span class='ocrx_word' id='word_1_514' title='bbox 3326 3463 3565 3544; x_wconf 60' lang='lat' dir='ltr'><strong>laetitiae,</strong></span> <span class='ocrx_word' id='word_1_515' title='bbox 3594 3470 3698 3525; x_wconf 90' lang='lat' dir='ltr'><strong>aut</strong></span> 
     </span>
    </p>
   </div>
   <div class='ocr_carea' id='block_1_72' title="bbox 317 3546 3695 3643">
    <p class='ocr_par' dir='ltr' id='par_1_72' title="bbox 317 3546 3695 3643">
     <span class='ocr_line' id='line_1_72' title="bbox 317 3546 3695 3643; baseline -0.001 -26"><span class='ocrx_word' id='word_1_516' title='bbox 317 3556 684 3635; x_wconf 85' lang='lat' dir='ltr'><strong>agendarum</strong></span> <span class='ocrx_word' id='word_1_517' title='bbox 717 3556 839 3618; x_wconf 93' lang='lat' dir='ltr'><strong>Deo</strong></span> <span class='ocrx_word' id='word_1_518' title='bbox 871 3555 1192 3632; x_wconf 82' lang='lat' dir='ltr'><strong>gratiarum</strong></span> <span class='ocrx_word' id='word_1_519' title='bbox 1225 3546 1322 3618; x_wconf 82' lang='lat' dir='ltr'><strong>vel</strong></span> <span class='ocrx_word' id='word_1_520' title='bbox 1348 3554 1423 3618; x_wconf 93' lang='lat' dir='ltr'><strong>ob</strong></span> <span class='ocrx_word' id='word_1_521' title='bbox 1454 3575 1627 3618; x_wconf 84' lang='lat' dir='ltr'><strong>suam</strong></span> <span class='ocrx_word' id='word_1_522' title='bbox 1658 3546 1952 3643; x_wconf 80' lang='lat' dir='ltr'><strong>cujusque</strong></span> <span class='ocrx_word' id='word_1_523' title='bbox 1983 3573 2044 3626; x_wconf 90' lang='lat' dir='ltr'><strong>et</strong></span> <span class='ocrx_word' id='word_1_524' title='bbox 2093 3546 2410 3624; x_wconf 78' lang='lat' dir='ltr'><strong>fraternam</strong></span> <span class='ocrx_word' id='word_1_525' title='bbox 2444 3553 2722 3629; x_wconf 85' lang='lat' dir='ltr'><strong>salutem,</strong></span> <span class='ocrx_word' id='word_1_526' title='bbox 2755 3551 2842 3613; x_wconf 89' lang='lat' dir='ltr'><strong>vel</strong></span> <span class='ocrx_word' id='word_1_527' title='bbox 2877 3551 2952 3614; x_wconf 96' lang='lat' dir='ltr'><strong>ob</strong></span> <span class='ocrx_word' id='word_1_528' title='bbox 2980 3570 3187 3615; x_wconf 87' lang='lat' dir='ltr'><strong>novam</strong></span> <span class='ocrx_word' id='word_1_529' title='bbox 3221 3553 3517 3643; x_wconf 87' lang='lat' dir='ltr'><strong>ejusmodi</strong></span> <span class='ocrx_word' id='word_1_530' title='bbox 3544 3571 3695 3643; x_wconf 87' lang='lat' dir='ltr'><strong>con-</strong></span> 
     </span>
    </p>
   </div>
   <div class='ocr_carea' id='block_1_73' title="bbox 317 3642 3694 3728">
    <p class='ocr_par' dir='ltr' id='par_1_73' title="bbox 317 3642 3694 3728">
     <span class='ocr_line' id='line_1_73' title="bbox 317 3642 3694 3728; baseline -0 -22"><span class='ocrx_word' id='word_1_531' title='bbox 317 3645 714 3724; x_wconf 82' lang='lat' dir='ltr'><strong>gressionem,</strong></span> <span class='ocrx_word' id='word_1_532' title='bbox 747 3644 838 3707; x_wconf 91' lang='lat' dir='ltr'><strong>vel</strong></span> <span class='ocrx_word' id='word_1_533' title='bbox 889 3645 964 3706; x_wconf 94' lang='lat' dir='ltr'><strong>ob</strong></span> <span class='ocrx_word' id='word_1_534' title='bbox 1027 3645 1159 3706; x_wconf 86' lang='lat' dir='ltr'><strong>talis</strong></span> <span class='ocrx_word' id='word_1_535' title='bbox 1206 3647 1336 3708; x_wconf 81' lang='lat' dir='ltr'><strong>vitae</strong></span> <span class='ocrx_word' id='word_1_536' title='bbox 1393 3647 1731 3710; x_wconf 90' lang='lat' dir='ltr'><strong>institutum</strong></span> <span class='ocrx_word' id='word_1_537' title='bbox 1785 3642 1918 3714; x_wconf 87' lang='lat' dir='ltr'><strong>curn</strong></span> <span class='ocrx_word' id='word_1_538' title='bbox 1957 3661 2119 3717; x_wconf 88' lang='lat' dir='ltr'><strong>tanta</strong></span> <span class='ocrx_word' id='word_1_539' title='bbox 2177 3644 2551 3728; x_wconf 89' lang='lat' dir='ltr'><strong>perfectione</strong></span> <span class='ocrx_word' id='word_1_540' title='bbox 2610 3651 2977 3724; x_wconf 89' lang='lat' dir='ltr'><strong>susceptum.</strong></span> <span class='ocrx_word' id='word_1_541' title='bbox 3033 3643 3230 3724; x_wconf 79' lang='lat' dir='ltr'><strong>Atque</strong></span> <span class='ocrx_word' id='word_1_542' title='bbox 3282 3642 3393 3705; x_wconf 87' lang='lat' dir='ltr'><strong>hac</strong></span> <span class='ocrx_word' id='word_1_543' title='bbox 3454 3642 3694 3725; x_wconf 89' lang='lat' dir='ltr'><strong>quidem</strong></span> 
     </span>
    </p>
   </div>
   <div class='ocr_carea' id='block_1_74' title="bbox 317 3733 1764 3817">
    <p class='ocr_par' dir='ltr' id='par_1_74' title="bbox 317 3733 1764 3817">
     <span class='ocr_line' id='line_1_74' title="bbox 317 3733 1764 3817; baseline 0.007 -21"><span class='ocrx_word' id='word_1_544' title='bbox 317 3735 551 3799; x_wconf 89' lang='lat' dir='ltr'><strong>ratione</strong></span> <span class='ocrx_word' id='word_1_545' title='bbox 573 3753 704 3817; x_wconf 63' lang='lat' dir='ltr'><strong>qua;</strong></span> <span class='ocrx_word' id='word_1_546' title='bbox 732 3733 806 3797; x_wconf 90' lang='lat' dir='ltr'><strong>ad</strong></span> <span class='ocrx_word' id='word_1_547' title='bbox 835 3733 974 3796; x_wconf 89' lang='lat' dir='ltr'><strong>illos</strong></span> <span class='ocrx_word' id='word_1_548' title='bbox 1016 3736 1326 3814; x_wconf 89' lang='lat' dir='ltr'><strong>pertinent</strong></span> <span class='ocrx_word' id='word_1_549' title='bbox 1354 3753 1488 3800; x_wconf 89' lang='lat' dir='ltr'><strong>sese</strong></span> <span class='ocrx_word' id='word_1_550' title='bbox 1519 3737 1764 3806; x_wconf 90' lang='lat' dir='ltr'><strong>habent.</strong></span> 
     </span>
    </p>
   </div>
   <div class='ocr_carea' id='block_1_75' title="bbox 1795 3919 2220 3986">
    <p class='ocr_par' dir='ltr' id='par_1_75' title="bbox 1795 3919 2220 3986">
     <span class='ocr_line' id='line_1_75' title="bbox 1795 3919 2220 3986; baseline -0.014 0"><span class='ocrx_word' id='word_1_551' title='bbox 1795 3921 2048 3986; x_wconf 80' lang='lat' dir='ltr'><strong>CAPUT</strong></span> <span class='ocrx_word' id='word_1_552' title='bbox 2094 3919 2220 3984; x_wconf 86' lang='lat' dir='ltr'><strong>Vll.</strong></span> 
     </span>
    </p>
   </div>
   <div class='ocr_carea' id='block_1_76' title="bbox 951 4103 3066 4192">
    <p class='ocr_par' dir='ltr' id='par_1_76' title="bbox 951 4103 3066 4192">
     <span class='ocr_line' id='line_1_76' title="bbox 951 4103 3066 4192; baseline -0.002 -26"><span class='ocrx_word' id='word_1_553' title='bbox 951 4103 1256 4169; x_wconf 76' lang='lat' dir='ltr'><strong>Parentes</strong></span> <span class='ocrx_word' id='word_1_554' title='bbox 1284 4103 1448 4186; x_wconf 73' lang='lat' dir='ltr'><strong>ﬁlios</strong></span> <span class='ocrx_word' id='word_1_555' title='bbox 1479 4108 1729 4173; x_wconf 80' lang='lat' dir='ltr'><strong>tandem</strong></span> <span class='ocrx_word' id='word_1_556' title='bbox 1758 4118 2106 4192; x_wconf 76' lang='lat' dir='ltr'><strong>agnoscunt</strong></span> <span class='ocrx_word' id='word_1_557' title='bbox 2138 4131 2158 4173; x_wconf 92' lang='lat'><strong><em>:</em></strong></span> <span class='ocrx_word' id='word_1_558' title='bbox 2204 4111 2450 4188; x_wconf 82' lang='lat' dir='ltr'><strong>utrique</strong></span> <span class='ocrx_word' id='word_1_559' title='bbox 2479 4104 2799 4168; x_wconf 77' lang='lat' dir='ltr'><strong>sanctitate</strong></span> <span class='ocrx_word' id='word_1_560' title='bbox 2827 4103 3066 4181; x_wconf 81' lang='lat' dir='ltr'><strong>ﬂorent.</strong></span> 
     </span>
    </p>
   </div>
   <div class='ocr_carea' id='block_1_77' title="bbox 413 4251 1962 4349">
    <p class='ocr_par' dir='ltr' id='par_1_77' title="bbox 413 4251 1962 4349">
     <span class='ocr_line' id='line_1_77' title="bbox 413 4251 1962 4349; baseline 0.005 -26"><span class='ocrx_word' id='word_1_561' title='bbox 413 4251 540 4339; x_wconf 68' lang='grc' dir='ltr'><strong>κζ’</strong></span> <span class='ocrx_word' id='word_1_562' title='bbox 584 4264 838 4322; x_wconf 80' lang='grc' dir='ltr'>Βούλιται</span> <span class='ocrx_word' id='word_1_563' title='bbox 881 4264 934 4321; x_wconf 83' lang='grc' dir='ltr'>δὲ</span> <span class='ocrx_word' id='word_1_564' title='bbox 979 4268 1068 4323; x_wconf 83' lang='grc' dir='ltr'><strong>καὶ</strong></span> <span class='ocrx_word' id='word_1_565' title='bbox 1109 4269 1239 4332; x_wconf 83' lang='grc' dir='ltr'>Θεὸς</span> <span class='ocrx_word' id='word_1_566' title='bbox 1290 4269 1375 4324; x_wconf 82' lang='grc' dir='ltr'>καὶ</span> <span class='ocrx_word' id='word_1_567' title='bbox 1424 4271 1452 4324; x_wconf 91' lang='lat'><strong>6</strong></span> <span class='ocrx_word' id='word_1_568' title='bbox 1495 4267 1656 4349; x_wconf 87' lang='grc' dir='ltr'>λόγος</span> <span class='ocrx_word' id='word_1_569' title='bbox 1713 4271 1816 4339; x_wconf 74' lang='grc' dir='ltr'>ἤδη</span> <span class='ocrx_word' id='word_1_570' title='bbox 1848 4285 1962 4338; x_wconf 79' lang='grc' dir='ltr'>τοῖς</span> 
     </span>
    </p>
   </div>
   <div class='ocr_carea' id='block_1_78' title="bbox 2048 4251 3696 4349">
    <p class='ocr_par' dir='ltr' id='par_1_78' title="bbox 2130 4261 3696 4345">
     <span class='ocr_line' id='line_1_78' title="bbox 2130 4261 3696 4345; baseline -0.007 -10"><span class='ocrx_word' id='word_1_571' title='bbox 2130 4268 2525 4335; x_wconf 80' lang='lat' dir='ltr'><strong>XXV[.Nunc</strong></span> <span class='ocrx_word' id='word_1_572' title='bbox 2547 4261 2902 4345; x_wconf 89' lang='lat' dir='ltr'><strong>autem,Deo</strong></span> <span class='ocrx_word' id='word_1_573' title='bbox 2923 4271 2983 4326; x_wconf 91' lang='lat' dir='ltr'><strong>et</strong></span> <span class='ocrx_word' id='word_1_574' title='bbox 3008 4261 3354 4325; x_wconf 82' lang='lat' dir='ltr'><strong>narratione</strong></span> <span class='ocrx_word' id='word_1_575' title='bbox 3371 4280 3445 4325; x_wconf 89' lang='lat' dir='ltr'><strong>eo</strong></span> <span class='ocrx_word' id='word_1_576' title='bbox 3465 4263 3696 4325; x_wconf 87' lang='lat' dir='ltr'><strong>ducen-</strong></span> 
     </span>
    </p>
   </div>
   <div class='ocr_carea' id='block_1_79' title="bbox 329 4352 1962 4438">
    <p class='ocr_par' dir='ltr' id='par_1_79' title="bbox 329 4353 1962 4435">
     <span class='ocr_line' id='line_1_79' title="bbox 329 4353 1962 4435; baseline 0.005 -25"><span class='ocrx_word' id='word_1_577' title='bbox 329 4353 579 4434; x_wconf 72' lang='grc' dir='ltr'>ἀδελφοῖς</span> <span class='ocrx_word' id='word_1_578' title='bbox 613 4356 842 4431; x_wconf 78' lang='grc' dir='ltr'>συνάψαι</span> <span class='ocrx_word' id='word_1_579' title='bbox 899 4357 990 4412; x_wconf 82' lang='grc' dir='ltr'>καὶ</span> <span class='ocrx_word' id='word_1_580' title='bbox 1031 4357 1152 4420; x_wconf 80' lang='grc' dir='ltr'>τοὺς</span> <span class='ocrx_word' id='word_1_581' title='bbox 1199 4359 1548 4435; x_wconf 74' lang='grc' dir='ltr'>γεννήτορας.</span> <span class='ocrx_word' id='word_1_582' title='bbox 1603 4363 1962 4418; x_wconf 68' lang='grc' dir='ltr'>Συνσίπτονται</span> 
     </span>
    </p>
   </div>
   <div class='ocr_carea' id='block_1_80' title="bbox 2048 4352 3694 4438">
    <p class='ocr_par' dir='ltr' id='par_1_80' title="bbox 2056 4352 3694 4438">
     <span class='ocr_line' id='line_1_80' title="bbox 2056 4352 3694 4438; baseline -0.004 -16"><span class='ocrx_word' id='word_1_583' title='bbox 2056 4359 2423 4436; x_wconf 90' lang='lat' dir='ltr'><strong>tibus,etiam</strong></span> <span class='ocrx_word' id='word_1_584' title='bbox 2460 4361 2739 4438; x_wconf 86' lang='lat' dir='ltr'><strong>parentes</strong></span> <span class='ocrx_word' id='word_1_585' title='bbox 2760 4371 2893 4414; x_wconf 92' lang='lat' dir='ltr'><strong>cum</strong></span> <span class='ocrx_word' id='word_1_586' title='bbox 2917 4352 3200 4414; x_wconf 82' lang='lat' dir='ltr'><strong>fratribus</strong></span> <span class='ocrx_word' id='word_1_587' title='bbox 3231 4353 3694 4434; x_wconf 88' lang='lat' dir='ltr'><strong>coujungentur.</strong></span> 
     </span>
    </p>
   </div>
   <div class='ocr_carea' id='block_1_81' title="bbox 330 4441 1962 4529">
    <p class='ocr_par' dir='ltr' id='par_1_81' title="bbox 330 4441 1962 4526">
     <span class='ocr_line' id='line_1_81' title="bbox 330 4441 1962 4526; baseline 0.007 -28"><span class='ocrx_word' id='word_1_588' title='bbox 330 4441 383 4498; x_wconf 79' lang='grc' dir='ltr'>δὲ</span> <span class='ocrx_word' id='word_1_589' title='bbox 416 4444 607 4506; x_wconf 78' lang='grc' dir='ltr'>οὕτως.</span> <span class='ocrx_word' id='word_1_590' title='bbox 641 4444 801 4502; x_wconf 73' lang='grc' dir='ltr'>Οὔπω</span> <span class='ocrx_word' id='word_1_591' title='bbox 831 4445 930 4523; x_wconf 82' lang='grc' dir='ltr'><strong>γὰρ</strong></span> <span class='ocrx_word' id='word_1_592' title='bbox 961 4444 1049 4503; x_wconf 84' lang='grc' dir='ltr'>δύο</span> <span class='ocrx_word' id='word_1_593' title='bbox 1109 4445 1381 4523; x_wconf 77' lang='grc' dir='ltr'>παρῆλθον</span> <span class='ocrx_word' id='word_1_594' title='bbox 1440 4449 1662 4526; x_wconf 79' lang='grc' dir='ltr'>ἡμέραι,</span> <span class='ocrx_word' id='word_1_595' title='bbox 1723 4453 1810 4507; x_wconf 85' lang='grc' dir='ltr'><strong>καὶ</strong></span> <span class='ocrx_word' id='word_1_596' title='bbox 1871 4456 1962 4510; x_wconf 74' lang='grc' dir='ltr'><strong>αὖ·</strong></span> 
     </span>
    </p>
   </div>
   <div class='ocr_carea' id='block_1_82' title="bbox 2048 4441 3699 4529">
    <p class='ocr_par' dir='ltr' id='par_1_82' title="bbox 2056 4441 3699 4529">
     <span class='ocr_line' id='line_1_82' title="bbox 2056 4441 3699 4529; baseline -0.005 -17"><span class='ocrx_word' id='word_1_597' title='bbox 2056 4449 2118 4513; x_wconf 89' lang='lat' dir='ltr'><strong>ld</strong></span> <span class='ocrx_word' id='word_1_598' title='bbox 2139 4449 2297 4529; x_wconf 90' lang='lat' dir='ltr'><strong>quod</strong></span> <span class='ocrx_word' id='word_1_599' title='bbox 2317 4448 2397 4509; x_wconf 89' lang='lat' dir='ltr'><strong>ita</strong></span> <span class='ocrx_word' id='word_1_600' title='bbox 2425 4450 2637 4508; x_wconf 87' lang='lat' dir='ltr'><strong>evenit.</strong></span> <span class='ocrx_word' id='word_1_601' title='bbox 2676 4441 2786 4505; x_wconf 85' lang='lat' dir='ltr'><strong>Vix</strong></span> <span class='ocrx_word' id='word_1_602' title='bbox 2819 4441 2978 4504; x_wconf 91' lang='lat' dir='ltr'><strong>enim</strong></span> <span class='ocrx_word' id='word_1_603' title='bbox 3003 4442 3124 4504; x_wconf 94' lang='lat' dir='ltr'><strong>duo</strong></span> <span class='ocrx_word' id='word_1_604' title='bbox 3156 4442 3512 4504; x_wconf 82' lang='lat' dir='ltr'><strong>efﬂuxerant</strong></span> <span class='ocrx_word' id='word_1_605' title='bbox 3543 4442 3699 4514; x_wconf 90' lang='lat' dir='ltr'><strong>dies,</strong></span> 
     </span>
    </p>
   </div>
   <div class='ocr_carea' id='block_1_83' title="bbox 327 4534 1971 4616">
    <p class='ocr_par' dir='ltr' id='par_1_83' title="bbox 327 4534 1971 4616">
     <span class='ocr_line' id='line_1_83' title="bbox 327 4534 1971 4616; baseline 0.004 -25"><span class='ocrx_word' id='word_1_606' title='bbox 327 4536 408 4591; x_wconf 82' lang='grc' dir='ltr'><strong>τοὶ</strong></span> <span class='ocrx_word' id='word_1_607' title='bbox 466 4534 737 4612; x_wconf 78' lang='grc' dir='ltr'>παρῆσαν,</span> <span class='ocrx_word' id='word_1_608' title='bbox 803 4534 1070 4614; x_wconf 70' lang='grc' dir='ltr'>φιλοτίμῳ</span> <span class='ocrx_word' id='word_1_609' title='bbox 1129 4538 1280 4616; x_wconf 81' lang='grc' dir='ltr'>χειρὶ</span> <span class='ocrx_word' id='word_1_610' title='bbox 1325 4538 1419 4602; x_wconf 83' lang='grc' dir='ltr'><strong>τὰς</strong></span> <span class='ocrx_word' id='word_1_611' title='bbox 1478 4537 1733 4614; x_wconf 58' lang='grc' dir='ltr'>διανομὰς</span> <span class='ocrx_word' id='word_1_612' title='bbox 1779 4542 1971 4599; x_wconf 81' lang='grc' dir='ltr'>ποιού-</span> 
     </span>
    </p>
   </div>
   <div class='ocr_carea' id='block_1_84' title="bbox 331 4625 1974 4704">
    <p class='ocr_par' dir='ltr' id='par_1_84' title="bbox 331 4625 1974 4704">
     <span class='ocr_line' id='line_1_84' title="bbox 331 4625 1974 4704; baseline 0.005 -24"><span class='ocrx_word' id='word_1_613' title='bbox 331 4647 482 4702; x_wconf 81' lang='grc' dir='ltr'>μενοι</span> <span class='ocrx_word' id='word_1_614' title='bbox 542 4625 675 4704; x_wconf 87' lang='grc' dir='ltr'>πρός</span> <span class='ocrx_word' id='word_1_615' title='bbox 734 4645 793 4681; x_wconf 86' lang='grc' dir='ltr'><strong>τε</strong></span> <span class='ocrx_word' id='word_1_616' title='bbox 849 4626 910 4681; x_wconf 80' lang='grc' dir='ltr'>τὸ</span> <span class='ocrx_word' id='word_1_617' title='bbox 966 4625 1120 4704; x_wconf 73' lang='grc' dir='ltr'>ἅγιον</span> <span class='ocrx_word' id='word_1_618' title='bbox 1167 4626 1258 4682; x_wconf 74' lang='grc' dir='ltr'>τοῦ</span> <span class='ocrx_word' id='word_1_619' title='bbox 1304 4627 1525 4704; x_wconf 67' lang='grc' dir='ltr'>Κρανίου</span> <span class='ocrx_word' id='word_1_620' title='bbox 1583 4627 1704 4704; x_wconf 71' lang='grc' dir='ltr'>ὅρος</span> <span class='ocrx_word' id='word_1_621' title='bbox 1767 4633 1974 4688; x_wconf 70' lang='grc' dir='ltr'>καῖτὸν</span> 
     </span>
    </p>
   </div>
   <div class='ocr_carea' id='block_1_85' title="bbox 327 4704 1974 4794">
    <p class='ocr_par' dir='ltr' id='par_1_85' title="bbox 327 4704 1974 4794">
     <span class='ocr_line' id='line_1_85' title="bbox 327 4704 1974 4794; baseline 0.005 -24"><span class='ocrx_word' id='word_1_622' title='bbox 327 4715 610 4794; x_wconf 78' lang='grc' dir='ltr'>ζωηφόρον</span> <span class='ocrx_word' id='word_1_623' title='bbox 669 4715 836 4794; x_wconf 78' lang='grc' dir='ltr'>τάφον</span> <span class='ocrx_word' id='word_1_624' title='bbox 891 4721 1122 4793; x_wconf 78' lang='grc' dir='ltr'>Χριστοῦ</span> <span class='ocrx_word' id='word_1_625' title='bbox 1180 4723 1272 4772; x_wconf 78' lang='grc' dir='ltr'>τοῦ</span> <span class='ocrx_word' id='word_1_626' title='bbox 1333 4718 1465 4772; x_wconf 77' lang='grc' dir='ltr'><strong>Θεοῦ</strong></span> <span class='ocrx_word' id='word_1_627' title='bbox 1519 4719 1698 4792; x_wconf 83' lang='grc' dir='ltr'>ἡμῶν,</span> <span class='ocrx_word' id='word_1_628' title='bbox 1745 4704 1974 4778; x_wconf 60' lang='grc' dir='ltr'>Ἔπειτα</span> 
     </span>
    </p>
   </div>
   <div class='ocr_carea' id='block_1_86' title="bbox 328 4803 1976 4884">
    <p class='ocr_par' dir='ltr' id='par_1_86' title="bbox 328 4803 1976 4884">
     <span class='ocr_line' id='line_1_86' title="bbox 328 4803 1976 4884; baseline 0.003 -23"><span class='ocrx_word' id='word_1_629' title='bbox 328 4803 550 4870; x_wconf 74' lang='grc' dir='ltr'>ἐξιοῦσιν</span> <span class='ocrx_word' id='word_1_630' title='bbox 607 4806 635 4860; x_wconf 88' lang='lat'><strong>6</strong></span> <span class='ocrx_word' id='word_1_631' title='bbox 694 4806 840 4868; x_wconf 78' lang='grc' dir='ltr'>θεῖος</span> <span class='ocrx_word' id='word_1_632' title='bbox 891 4804 1100 4870; x_wconf 79' lang='grc' dir='ltr'>ἐκεῖνος</span> <span class='ocrx_word' id='word_1_633' title='bbox 1157 4811 1385 4876; x_wconf 84' lang='grc' dir='ltr'>συναντᾷ</span> <span class='ocrx_word' id='word_1_634' title='bbox 1443 4806 1636 4884; x_wconf 79' lang='grc' dir='ltr'>γέρων,</span> <span class='ocrx_word' id='word_1_635' title='bbox 1672 4809 1730 4873; x_wconf 88' lang='grc' dir='ltr'>ὃς</span> <span class='ocrx_word' id='word_1_636' title='bbox 1767 4811 1976 4866; x_wconf 79' lang='grc' dir='ltr'>καὶτοῦ</span> 
     </span>
    </p>
   </div>
   <div class='ocr_carea' id='block_1_87' title="bbox 325 4890 1976 4971">
    <p class='ocr_par' dir='ltr' id='par_1_87' title="bbox 325 4890 1976 4971">
     <span class='ocr_line' id='line_1_87' title="bbox 325 4890 1976 4971; baseline 0.005 -24"><span class='ocrx_word' id='word_1_637' title='bbox 325 4897 426 4971; x_wconf 74' lang='grc' dir='ltr'>ζῇν</span> <span class='ocrx_word' id='word_1_638' title='bbox 485 4893 670 4958; x_wconf 73' lang='grc' dir='ltr'>αὐτοῖς</span> <span class='ocrx_word' id='word_1_639' title='bbox 729 4893 853 4958; x_wconf 80' lang='grc' dir='ltr'>τοὺς</span> <span class='ocrx_word' id='word_1_640' title='bbox 899 4891 1098 4957; x_wconf 77' lang='grc' dir='ltr'>παῖδας</span> <span class='ocrx_word' id='word_1_641' title='bbox 1156 4890 1520 4969; x_wconf 78' lang='grc' dir='ltr'>διεϐεϐαίωσε,</span> <span class='ocrx_word' id='word_1_642' title='bbox 1555 4897 1642 4952; x_wconf 80' lang='grc' dir='ltr'><strong>καὶ</strong></span> <span class='ocrx_word' id='word_1_643' title='bbox 1674 4897 1798 4955; x_wconf 81' lang='grc' dir='ltr'>ὅσον</span> <span class='ocrx_word' id='word_1_644' title='bbox 1829 4897 1976 4956; x_wconf 71' lang='grc' dir='ltr'>οὔπω</span> 
     </span>
    </p>
   </div>
   <div class='ocr_carea' id='block_1_88' title="bbox 325 4981 1974 5065">
    <p class='ocr_par' dir='ltr' id='par_1_88' title="bbox 325 4981 1974 5065">
     <span class='ocr_line' id='line_1_88' title="bbox 325 4981 1974 5065; baseline 0.002 -27"><span class='ocrx_word' id='word_1_645' title='bbox 325 4984 544 5048; x_wconf 82' lang='grc' dir='ltr'>θεατοὺς</span> <span class='ocrx_word' id='word_1_646' title='bbox 599 4981 835 5044; x_wconf 76' lang='grc' dir='ltr'>ἔσεσθαι.</span> <span class='ocrx_word' id='word_1_647' title='bbox 899 4983 1080 5057; x_wconf 81' lang='grc' dir='ltr'>Τούτῲ</span> <span class='ocrx_word' id='word_1_648' title='bbox 1130 4989 1255 5060; x_wconf 79' lang='grc' dir='ltr'>γοῦν</span> <span class='ocrx_word' id='word_1_649' title='bbox 1301 4982 1708 5065; x_wconf 83' lang='grc' dir='ltr'>προσελθόντες,</span> <span class='ocrx_word' id='word_1_650' title='bbox 1762 4988 1851 5043; x_wconf 87' lang='grc' dir='ltr'><strong>καὶ</strong></span> <span class='ocrx_word' id='word_1_651' title='bbox 1907 4987 1974 5056; x_wconf 74' lang='grc' dir='ltr'>ἢν</span> 
     </span>
    </p>
   </div>
   <div class='ocr_carea' id='block_1_89' title="bbox 326 5069 1974 5154">
    <p class='ocr_par' dir='ltr' id='par_1_89' title="bbox 326 5069 1974 5154">
     <span class='ocr_line' id='line_1_89' title="bbox 326 5069 1974 5154; baseline 0.002 -27"><span class='ocrx_word' id='word_1_652' title='bbox 326 5069 432 5129; x_wconf 77' lang='grc' dir='ltr'>ἔδει</span> <span class='ocrx_word' id='word_1_653' title='bbox 475 5070 654 5136; x_wconf 82' lang='grc' dir='ltr'>δόντες</span> <span class='ocrx_word' id='word_1_654' title='bbox 687 5073 874 5151; x_wconf 77' lang='grc' dir='ltr'>τιμὴν,</span> <span class='ocrx_word' id='word_1_655' title='bbox 921 5070 1077 5136; x_wconf 80' lang='grc' dir='ltr'>τέλος</span> <span class='ocrx_word' id='word_1_656' title='bbox 1122 5069 1282 5154; x_wconf 72' lang='grc' dir='ltr'>ᾔτουν</span> <span class='ocrx_word' id='word_1_657' title='bbox 1324 5078 1422 5140; x_wconf 80' lang='grc' dir='ltr'>τῆς</span> <span class='ocrx_word' id='word_1_658' title='bbox 1468 5075 1845 5154; x_wconf 83' lang='grc' dir='ltr'>ὑποσχέσεως,</span> <span class='ocrx_word' id='word_1_659' title='bbox 1877 5076 1974 5133; x_wconf 79' lang='grc' dir='ltr'>καί</span> 
     </span>
    </p>
   </div>
   <div class='ocr_carea' id='block_1_90' title="bbox 327 5153 1972 5244">
    <p class='ocr_par' dir='ltr' id='par_1_90' title="bbox 327 5153 1972 5244">
     <span class='ocr_line' id='line_1_90' title="bbox 327 5153 1972 5244; baseline 0.003 -27"><span class='ocrx_word' id='word_1_660' title='bbox 327 5161 394 5218; x_wconf 74' lang='grc' dir='ltr'><strong>τὰ</strong></span> <span class='ocrx_word' id='word_1_661' title='bbox 423 5159 570 5240; x_wconf 78' lang='grc' dir='ltr'>σφῶν</span> <span class='ocrx_word' id='word_1_662' title='bbox 599 5162 756 5218; x_wconf 84' lang='grc' dir='ltr'>τέκνα</span> <span class='ocrx_word' id='word_1_663' title='bbox 784 5160 964 5230; x_wconf 77' lang='grc' dir='ltr'>ἠξίουν</span> <span class='ocrx_word' id='word_1_664' title='bbox 1017 5159 1176 5222; x_wconf 74' lang='grc' dir='ltr'>ἰδεῖν.</span> <span class='ocrx_word' id='word_1_665' title='bbox 1235 5153 1420 5219; x_wconf 73' lang='grc' dir='ltr'>Ἠνίκα</span> <span class='ocrx_word' id='word_1_666' title='bbox 1449 5160 1503 5218; x_wconf 75' lang='grc' dir='ltr'>δὲ</span> <span class='ocrx_word' id='word_1_667' title='bbox 1533 5153 1699 5221; x_wconf 81' lang='grc' dir='ltr'>ταῦτα</span> <span class='ocrx_word' id='word_1_668' title='bbox 1731 5153 1972 5244; x_wconf 76' lang='grc' dir='ltr'>ἐλέγετο,</span> 
     </span>
    </p>
   </div>
   <div class='ocr_carea' id='block_1_91' title="bbox 331 5248 1974 5332">
    <p class='ocr_par' dir='ltr' id='par_1_91' title="bbox 331 5248 1974 5332">
     <span class='ocr_line' id='line_1_91' title="bbox 331 5248 1974 5332; baseline 0.002 -25"><span class='ocrx_word' id='word_1_669' title='bbox 331 5253 378 5308; x_wconf 80' lang='grc' dir='ltr'>οἱ</span> <span class='ocrx_word' id='word_1_670' title='bbox 429 5263 668 5329; x_wconf 75' lang='grc' dir='ltr'>γενναῖοι</span> <span class='ocrx_word' id='word_1_671' title='bbox 727 5248 921 5314; x_wconf 77' lang='grc' dir='ltr'>παῖδες</span> <span class='ocrx_word' id='word_1_672' title='bbox 983 5250 1206 5309; x_wconf 73' lang='grc' dir='ltr'>ὄπισθεν</span> <span class='ocrx_word' id='word_1_673' title='bbox 1260 5251 1398 5318; x_wconf 75' lang='grc' dir='ltr'>ἦσαν</span> <span class='ocrx_word' id='word_1_674' title='bbox 1457 5259 1532 5326; x_wconf 83' lang='grc' dir='ltr'>τῷ</span> <span class='ocrx_word' id='word_1_675' title='bbox 1578 5253 1787 5332; x_wconf 91' lang='grc' dir='ltr'>γέροντι</span> <span class='ocrx_word' id='word_1_676' title='bbox 1830 5277 1974 5332; x_wconf 89' lang='grc' dir='ltr'>παρ-</span> 
     </span>
    </p>
   </div>
   <div class='ocr_carea' id='block_1_92' title="bbox 331 5337 1976 5420">
    <p class='ocr_par' dir='ltr' id='par_1_92' title="bbox 331 5337 1976 5420">
     <span class='ocr_line' id='line_1_92' title="bbox 331 5337 1976 5420; baseline 0.003 -25"><span class='ocrx_word' id='word_1_677' title='bbox 331 5346 558 5404; x_wconf 76' lang='grc' dir='ltr'>εστῶτες</span> <span class='ocrx_word' id='word_1_678' title='bbox 592 5354 606 5370; x_wconf 80' lang='grc'><strong><em>⁸</em></strong></span> <span class='ocrx_word' id='word_1_679' title='bbox 661 5337 782 5396; x_wconf 75' lang='grc' dir='ltr'>ἄλλ’</span> <span class='ocrx_word' id='word_1_680' title='bbox 827 5339 1059 5420; x_wconf 77' lang='grc' dir='ltr'>ἐπέσχεν</span> <span class='ocrx_word' id='word_1_681' title='bbox 1093 5341 1282 5403; x_wconf 69' lang='grc' dir='ltr'>αὐτοὺς</span> <span class='ocrx_word' id='word_1_682' title='bbox 1312 5339 1545 5420; x_wconf 77' lang='grc' dir='ltr'>ἐκεῖνος,</span> <span class='ocrx_word' id='word_1_683' title='bbox 1581 5340 1865 5417; x_wconf 78' lang='grc' dir='ltr'>μηδοτιοῦν</span> <span class='ocrx_word' id='word_1_684' title='bbox 1896 5342 1976 5400; x_wconf 62' lang='lat' dir='ltr'><strong>ii-</strong></span> 
     </span>
    </p>
   </div>
   <div class='ocr_carea' id='block_1_93' title="bbox 327 5427 1972 5505">
    <p class='ocr_par' dir='ltr' id='par_1_93' title="bbox 327 5427 1972 5505">
     <span class='ocr_line' id='line_1_93' title="bbox 327 5427 1972 5505; baseline 0.003 -21"><span class='ocrx_word' id='word_1_685' title='bbox 327 5441 454 5485; x_wconf 74' lang='grc' dir='ltr'>πεῖν</span> <span class='ocrx_word' id='word_1_686' title='bbox 511 5427 908 5504; x_wconf 82' lang='grc' dir='ltr'>ἐντειλάμενος,</span> <span class='ocrx_word' id='word_1_687' title='bbox 964 5431 1101 5504; x_wconf 78' lang='grc' dir='ltr'>μήτε</span> <span class='ocrx_word' id='word_1_688' title='bbox 1168 5437 1276 5505; x_wconf 77' lang='grc' dir='ltr'>μὴν</span> <span class='ocrx_word' id='word_1_689' title='bbox 1321 5427 1515 5498; x_wconf 83' lang='grc' dir='ltr'>δήλους</span> <span class='ocrx_word' id='word_1_690' title='bbox 1576 5431 1793 5494; x_wconf 73' lang='grc' dir='ltr'>ἑαυτοὺς</span> <span class='ocrx_word' id='word_1_691' title='bbox 1853 5446 1972 5496; x_wconf 77' lang='grc' dir='ltr'>τοῖς</span> 
     </span>
    </p>
   </div>
   <div class='ocr_carea' id='block_1_94' title="bbox 409 5613 956 5692">
    <p class='ocr_par' dir='ltr' id='par_1_94' title="bbox 409 5613 956 5692">
     <span class='ocr_line' id='line_1_94' title="bbox 409 5613 956 5692; baseline 0.002 -15"><span class='ocrx_word' id='word_1_692' title='bbox 409 5614 444 5664; x_wconf 78' lang='grc' dir='ltr'><strong>ο</strong></span> <span class='ocrx_word' id='word_1_693' title='bbox 475 5613 700 5678; x_wconf 84' lang='lat' dir='ltr'><strong>Coloss.</strong></span> <span class='ocrx_word' id='word_1_694' title='bbox 739 5630 826 5692; x_wconf 83' lang='lat' dir='ltr'><strong>nl,</strong></span> <span class='ocrx_word' id='word_1_695' title='bbox 858 5617 956 5678; x_wconf 78' lang='lat' dir='ltr'><strong>tt.</strong></span> 
     </span>
    </p>
   </div>
   <div class='ocr_carea' id='block_1_95' title="bbox 2057 4530 3700 4616">
    <p class='ocr_par' dir='ltr' id='par_1_95' title="bbox 2057 4530 3700 4616">
     <span class='ocr_line' id='line_1_95' title="bbox 2057 4530 3700 4616; baseline -0.005 -15"><span class='ocrx_word' id='word_1_696' title='bbox 2057 4557 2192 4601; x_wconf 92' lang='lat' dir='ltr'><strong>cum</strong></span> <span class='ocrx_word' id='word_1_697' title='bbox 2255 4545 2314 4599; x_wconf 86' lang='lat' dir='ltr'><strong>et</strong></span> <span class='ocrx_word' id='word_1_698' title='bbox 2370 4534 2487 4616; x_wconf 90' lang='lat' dir='ltr'><strong>ipsi</strong></span> <span class='ocrx_word' id='word_1_699' title='bbox 2521 4533 2758 4607; x_wconf 88' lang='lat' dir='ltr'><strong>adsunt,</strong></span> <span class='ocrx_word' id='word_1_700' title='bbox 2799 4531 3080 4593; x_wconf 82' lang='lat' dir='ltr'><strong>muniﬁca</strong></span> <span class='ocrx_word' id='word_1_701' title='bbox 3113 4549 3292 4592; x_wconf 89' lang='lat' dir='ltr'><strong>manu</strong></span> <span class='ocrx_word' id='word_1_702' title='bbox 3322 4530 3700 4610; x_wconf 81' lang='lat' dir='ltr'><strong>largitionem</strong></span> 
     </span>
    </p>
   </div>
   <div class='ocr_carea' id='block_1_96' title="bbox 2059 4620 3702 4695">
    <p class='ocr_par' dir='ltr' id='par_1_96' title="bbox 2059 4620 3702 4695">
     <span class='ocr_line' id='line_1_96' title="bbox 2059 4620 3702 4695; baseline -0.004 -7"><span class='ocrx_word' id='word_1_703' title='bbox 2059 4621 2562 4695; x_wconf 84' lang='lat' dir='ltr'><strong>exercentes.Qui</strong></span> <span class='ocrx_word' id='word_1_704' title='bbox 2586 4621 2689 4683; x_wconf 89' lang='lat' dir='ltr'><strong>ubi</strong></span> <span class='ocrx_word' id='word_1_705' title='bbox 2720 4621 2792 4682; x_wconf 91' lang='lat' dir='ltr'><strong>ad</strong></span> <span class='ocrx_word' id='word_1_706' title='bbox 2825 4629 3095 4682; x_wconf 89' lang='lat' dir='ltr'><strong>sanctum</strong></span> <span class='ocrx_word' id='word_1_707' title='bbox 3127 4620 3410 4683; x_wconf 66' lang='lat' dir='ltr'><strong>Calvariaa</strong></span> <span class='ocrx_word' id='word_1_708' title='bbox 3439 4630 3702 4683; x_wconf 89' lang='lat' dir='ltr'><strong>montem</strong></span> 
     </span>
    </p>
   </div>
   <div class='ocr_carea' id='block_1_97' title="bbox 2059 4708 3700 4797">
    <p class='ocr_par' dir='ltr' id='par_1_97' title="bbox 2059 4708 3700 4797">
     <span class='ocr_line' id='line_1_97' title="bbox 2059 4708 3700 4797; baseline -0.004 -19"><span class='ocrx_word' id='word_1_709' title='bbox 2059 4727 2240 4797; x_wconf 90' lang='lat' dir='ltr'><strong>atque</strong></span> <span class='ocrx_word' id='word_1_710' title='bbox 2269 4714 2342 4776; x_wconf 89' lang='lat' dir='ltr'><strong>ad</strong></span> <span class='ocrx_word' id='word_1_711' title='bbox 2397 4713 2691 4775; x_wconf 85' lang='lat' dir='ltr'><strong>viviﬁcum</strong></span> <span class='ocrx_word' id='word_1_712' title='bbox 2745 4708 2970 4774; x_wconf 86' lang='lat' dir='ltr'><strong>Christi</strong></span> <span class='ocrx_word' id='word_1_713' title='bbox 3001 4711 3108 4772; x_wconf 93' lang='lat' dir='ltr'><strong>Dei</strong></span> <span class='ocrx_word' id='word_1_714' title='bbox 3139 4711 3330 4772; x_wconf 88' lang='lat' dir='ltr'><strong>nostri</strong></span> <span class='ocrx_word' id='word_1_715' title='bbox 3358 4711 3700 4789; x_wconf 85' lang='lat' dir='ltr'><strong>sepulcrum</strong></span> 
     </span>
    </p>
   </div>
   <div class='ocr_carea' id='block_1_98' title="bbox 2058 4799 3708 4881">
    <p class='ocr_par' dir='ltr' id='par_1_98' title="bbox 2058 4799 3708 4881">
     <span class='ocr_line' id='line_1_98' title="bbox 2058 4799 3708 4881; baseline -0.005 -13"><span class='ocrx_word' id='word_1_716' title='bbox 2058 4801 2714 4878; x_wconf 87' lang='lat' dir='ltr'><strong>accesserunt,divinus</strong></span> <span class='ocrx_word' id='word_1_717' title='bbox 2745 4799 2847 4861; x_wconf 91' lang='lat' dir='ltr'><strong>ille</strong></span> <span class='ocrx_word' id='word_1_718' title='bbox 2877 4818 3060 4862; x_wconf 86' lang='lat' dir='ltr'><strong>senex</strong></span> <span class='ocrx_word' id='word_1_719' title='bbox 3092 4799 3180 4861; x_wconf 90' lang='lat' dir='ltr'><strong>eis</strong></span> <span class='ocrx_word' id='word_1_720' title='bbox 3210 4802 3490 4876; x_wconf 90' lang='lat' dir='ltr'><strong>occurrit,</strong></span> <span class='ocrx_word' id='word_1_721' title='bbox 3521 4800 3624 4881; x_wconf 90' lang='lat' dir='ltr'><strong>qui</strong></span> <span class='ocrx_word' id='word_1_722' title='bbox 3647 4807 3708 4861; x_wconf 90' lang='lat' dir='ltr'><strong>et</strong></span> 
     </span>
    </p>
   </div>
   <div class='ocr_carea' id='block_1_99' title="bbox 2059 4887 3705 4966">
    <p class='ocr_par' dir='ltr' id='par_1_99' title="bbox 2059 4887 3705 4966">
     <span class='ocr_line' id='line_1_99' title="bbox 2059 4887 3705 4966; baseline -0.005 -9"><span class='ocrx_word' id='word_1_723' title='bbox 2059 4903 2235 4956; x_wconf 91' lang='lat' dir='ltr'><strong>antea</strong></span> <span class='ocrx_word' id='word_1_724' title='bbox 2255 4893 2332 4956; x_wconf 90' lang='lat' dir='ltr'><strong>de</strong></span> <span class='ocrx_word' id='word_1_725' title='bbox 2354 4901 2628 4954; x_wconf 89' lang='lat' dir='ltr'><strong>natorum</strong></span> <span class='ocrx_word' id='word_1_726' title='bbox 2648 4889 2764 4950; x_wconf 90' lang='lat' dir='ltr'><strong>vita</strong></span> <span class='ocrx_word' id='word_1_727' title='bbox 2787 4889 3073 4952; x_wconf 88' lang='lat' dir='ltr'><strong>certiores</strong></span> <span class='ocrx_word' id='word_1_728' title='bbox 3104 4887 3472 4964; x_wconf 88' lang='lat' dir='ltr'><strong>reddiderat,</strong></span> <span class='ocrx_word' id='word_1_729' title='bbox 3501 4899 3560 4949; x_wconf 90' lang='lat' dir='ltr'><strong>et</strong></span> <span class='ocrx_word' id='word_1_730' title='bbox 3582 4891 3705 4966; x_wconf 84' lang='lat' dir='ltr'><strong>jam</strong></span> 
     </span>
    </p>
   </div>
   <div class='ocr_carea' id='block_1_100' title="bbox 2058 4977 3708 5057">
    <p class='ocr_par' dir='ltr' id='par_1_100' title="bbox 2058 4977 3708 5057">
     <span class='ocr_line' id='line_1_100' title="bbox 2058 4977 3708 5057; baseline -0.004 -11"><span class='ocrx_word' id='word_1_731' title='bbox 2058 4992 2284 5047; x_wconf 88' lang='lat' dir='ltr'><strong>tantum</strong></span> <span class='ocrx_word' id='word_1_732' title='bbox 2317 5001 2438 5044; x_wconf 92' lang='lat' dir='ltr'><strong>non</strong></span> <span class='ocrx_word' id='word_1_733' title='bbox 2471 4981 2688 5041; x_wconf 85' lang='lat' dir='ltr'><strong>adesse</strong></span> <span class='ocrx_word' id='word_1_734' title='bbox 2715 4997 2785 5041; x_wconf 91' lang='lat' dir='ltr'><strong>ac</strong></span> <span class='ocrx_word' id='word_1_735' title='bbox 2814 4977 3004 5040; x_wconf 87' lang='lat' dir='ltr'><strong>videri</strong></span> <span class='ocrx_word' id='word_1_736' title='bbox 3030 4979 3490 5057; x_wconf 85' lang='lat' dir='ltr'><strong>signiﬁcaverat.</strong></span> <span class='ocrx_word' id='word_1_737' title='bbox 3535 4977 3708 5040; x_wconf 90' lang='lat' dir='ltr'><strong>Hunc</strong></span> 
     </span>
    </p>
   </div>
   <div class='ocr_carea' id='block_1_101' title="bbox 2056 5067 3704 5148">
    <p class='ocr_par' dir='ltr' id='par_1_101' title="bbox 2056 5067 3704 5148">
     <span class='ocr_line' id='line_1_101' title="bbox 2056 5067 3704 5148; baseline -0.003 -13"><span class='ocrx_word' id='word_1_738' title='bbox 2056 5073 2159 5136; x_wconf 81' lang='lat' dir='ltr'><strong>ubi</strong></span> <span class='ocrx_word' id='word_1_739' title='bbox 2193 5072 2474 5133; x_wconf 90' lang='lat' dir='ltr'><strong>adierunt</strong></span> <span class='ocrx_word' id='word_1_740' title='bbox 2510 5067 2798 5139; x_wconf 89' lang='lat' dir='ltr'><strong>exhibita.</strong></span> <span class='ocrx_word' id='word_1_741' title='bbox 2834 5068 2922 5130; x_wconf 88' lang='lat' dir='ltr'><strong>uti</strong></span> <span class='ocrx_word' id='word_1_742' title='bbox 2955 5087 3060 5148; x_wconf 86' lang='lat' dir='ltr'><strong>par</strong></span> <span class='ocrx_word' id='word_1_743' title='bbox 3091 5078 3239 5143; x_wconf 88' lang='lat' dir='ltr'><strong>erat,</strong></span> <span class='ocrx_word' id='word_1_744' title='bbox 3293 5069 3704 5145; x_wconf 83' lang='lat' dir='ltr'><strong>veneratione,</strong></span> 
     </span>
    </p>
   </div>
   <div class='ocr_carea' id='block_1_102' title="bbox 2057 5157 3707 5244">
    <p class='ocr_par' dir='ltr' id='par_1_102' title="bbox 2057 5157 3707 5244">
     <span class='ocr_line' id='line_1_102' title="bbox 2057 5157 3707 5244; baseline -0.004 -20"><span class='ocrx_word' id='word_1_745' title='bbox 2057 5161 2342 5244; x_wconf 89' lang='lat' dir='ltr'><strong>promissi</strong></span> <span class='ocrx_word' id='word_1_746' title='bbox 2373 5159 2551 5221; x_wconf 85' lang='lat' dir='ltr'><strong>ﬁdem</strong></span> <span class='ocrx_word' id='word_1_747' title='bbox 2586 5159 2852 5239; x_wconf 84' lang='lat' dir='ltr'><strong>exigunt,</strong></span> <span class='ocrx_word' id='word_1_748' title='bbox 2906 5157 3288 5239; x_wconf 83' lang='lat' dir='ltr'><strong>filiorumque</strong></span> <span class='ocrx_word' id='word_1_749' title='bbox 3319 5166 3707 5237; x_wconf 84' lang='lat' dir='ltr'><strong>conspectum</strong></span> 
     </span>
    </p>
   </div>
   <div class='ocr_carea' id='block_1_103' title="bbox 2056 5247 3706 5332">
    <p class='ocr_par' dir='ltr' id='par_1_103' title="bbox 2056 5247 3706 5332">
     <span class='ocr_line' id='line_1_103' title="bbox 2056 5247 3706 5332; baseline -0.003 -20"><span class='ocrx_word' id='word_1_750' title='bbox 2056 5253 2395 5332; x_wconf 90' lang='lat' dir='ltr'><strong>requirunt.</strong></span> <span class='ocrx_word' id='word_1_751' title='bbox 2454 5247 2692 5310; x_wconf 86' lang='lat' dir='ltr'><strong>Interea</strong></span> <span class='ocrx_word' id='word_1_752' title='bbox 2736 5249 2876 5310; x_wconf 93' lang='lat' dir='ltr'><strong>dum</strong></span> <span class='ocrx_word' id='word_1_753' title='bbox 2928 5247 2991 5310; x_wconf 90' lang='lat' dir='ltr'><strong>hi</strong></span> <span class='ocrx_word' id='word_1_754' title='bbox 3033 5266 3350 5310; x_wconf 90' lang='lat' dir='ltr'><strong>sermones</strong></span> <span class='ocrx_word' id='word_1_755' title='bbox 3385 5248 3706 5322; x_wconf 89' lang='lat' dir='ltr'><strong>habentur,</strong></span> 
     </span>
    </p>
   </div>
   <div class='ocr_carea' id='block_1_104' title="bbox 2057 5337 3712 5420">
    <p class='ocr_par' dir='ltr' id='par_1_104' title="bbox 2057 5337 3712 5420">
     <span class='ocr_line' id='line_1_104' title="bbox 2057 5337 3712 5420; baseline -0.003 -16"><span class='ocrx_word' id='word_1_756' title='bbox 2057 5341 2332 5420; x_wconf 84' lang='lat' dir='ltr'><strong>generosi</strong></span> <span class='ocrx_word' id='word_1_757' title='bbox 2353 5340 2606 5419; x_wconf 90' lang='lat' dir='ltr'><strong>juvenes</strong></span> <span class='ocrx_word' id='word_1_758' title='bbox 2633 5347 2798 5400; x_wconf 87' lang='lat' dir='ltr'><strong>retro</strong></span> <span class='ocrx_word' id='word_1_759' title='bbox 2825 5337 3104 5401; x_wconf 89' lang='lat' dir='ltr'><strong>astabant</strong></span> <span class='ocrx_word' id='word_1_760' title='bbox 3126 5337 3424 5418; x_wconf 90' lang='lat' dir='ltr'><strong>seni,ejus</strong></span> <span class='ocrx_word' id='word_1_761' title='bbox 3439 5338 3712 5418; x_wconf 89' lang='lat' dir='ltr'><strong>jussione</strong></span> 
     </span>
    </p>
   </div>
   <div class='ocr_carea' id='block_1_105' title="bbox 2063 5427 3709 5508">
    <p class='ocr_par' dir='ltr' id='par_1_105' title="bbox 2063 5427 3709 5508">
     <span class='ocr_line' id='line_1_105' title="bbox 2063 5427 3709 5508; baseline -0.001 -16"><span class='ocrx_word' id='word_1_762' title='bbox 2063 5429 2369 5508; x_wconf 87' lang='lat' dir='ltr'><strong>prohibiti,</strong></span> <span class='ocrx_word' id='word_1_763' title='bbox 2407 5447 2482 5490; x_wconf 91' lang='lat' dir='ltr'><strong>ne</strong></span> <span class='ocrx_word' id='word_1_764' title='bbox 2511 5435 2613 5490; x_wconf 89' lang='lat' dir='ltr'><strong>aut</strong></span> <span class='ocrx_word' id='word_1_765' title='bbox 2636 5427 2888 5490; x_wconf 92' lang='lat' dir='ltr'><strong>verbum</strong></span> <span class='ocrx_word' id='word_1_766' title='bbox 2920 5428 3214 5505; x_wconf 85' lang='lat' dir='ltr'><strong>facerent,</strong></span> <span class='ocrx_word' id='word_1_767' title='bbox 3249 5438 3348 5490; x_wconf 89' lang='lat' dir='ltr'><strong>aut</strong></span> <span class='ocrx_word' id='word_1_768' title='bbox 3374 5429 3577 5507; x_wconf 87' lang='lat' dir='ltr'><strong>aliqua</strong></span> <span class='ocrx_word' id='word_1_769' title='bbox 3611 5447 3709 5490; x_wconf 86' lang='lat' dir='ltr'><strong>ra-</strong></span> 
     </span>
    </p>
   </div>
  </div>
