3996 6178
432 296 584 376 1039

417 452 741 529 ’γεννήτορσι
800 450 1134 516 καταστῆσαι
1167 464 1181 479 ⁸

427 540 696 618 ἄγνωστοι
742 537 910 613 μηδὲν
981 537 1077 603 τῆς
1135 537 1310 610 ὅψεως
1369 538 1825 611 ὑποσημηνάσης,
1877 535 1961 591 διὰ
2011 538 2065 591 τὸ

427 633 762 708 μαρανθῆναι
836 635 902 702 τῇ
962 625 1176 703 ἀμέτρῳ
1259 627 1607 705 κακοπαθείᾳ,
1669 628 1742 688 ὡς
1801 628 1889 680 καὶ
1961 625 2064 691 ἤδη

431 721 725 799 φθάσαντες
774 716 1146 790 ἐδηλώσαμεν,
1207 717 1426 778 Πάντως
1483 713 1537 770 δὲ
1569 717 1628 772 οὗ
1657 715 1842 770 σιτίων
1874 716 2062 793 μόνον,

427 808 566 865 ἆλλᾶ
619 810 706 862 καὶ
748 806 996 883 γλώττης
1057 803 1244 878 πολλῷ
1299 803 1505 879 μᾶλλον
1555 804 1837 882 ἐγκρατεῖς
1899 804 2059 870 ἦσαν,

427 897 558 955 Οὖδε
589 899 688 974 γὰρ
719 897 934 972 μέτριον
976 895 1067 969 ἦν,
1121 893 1238 948 ουδὲ
1297 900 1515 974 κοῦφον,
1547 895 1608 950 τὸ
1661 894 1902 970 πατέρων
1963 895 2062 950 αὖ·-

423 989 546 1051 τοὺς
576 989 648 1046 εἷς
708 985 833 1060 ὄψιν
893 982 1140 1046 ἐλθόντας
1202 983 1336 1058 μετὰ
1393 981 1716 1060 δριμυτάτην
1757 982 2057 1056 ἐπιθυμίαν,

427 1076 514 1131 καί
572 1073 710 1130 οὕτω
763 1073 864 1147 μὲν
922 1072 1110 1135 αὐτοὺς
1171 1071 1486 1147 ποθοῦντας,
1532 1069 1670 1128 οὕτω
1701 1070 1754 1126 δὲ
1791 1072 2061 1144 ποθουμέ-

427 1185 564 1235 νους,
612 1165 904 1236 ὑπομεῖναι
967 1161 1067 1227 τὴν
1125 1161 1362 1239 σιωπὴν,
1425 1163 1510 1218 καὶ
1554 1161 1632 1236 μὴ
1679 1161 1842 1233 μόνον
1893 1159 2062 1234 μηδὲν

425 1253 766 1332 φθέγξασθαι,
828 1251 967 1306 ἀλλὰ
1023 1247 1161 1325 μηδὲ
1216 1247 1438 1328 δάκρυον
1497 1249 1589 1306 ὑπ’
1616 1249 1849 1327 ἀμέτρου
1905 1270 2058 1323 περι-

424 1345 647 1422 χαρείας
707 1340 1006 1418 ἐξενεγκεῖν
1041 1359 1056 1373 ⁸
1117 1341 1144 1394 ὁ
1199 1341 1291 1394 καὶ
1325 1343 1424 1406 τῆς
1467 1340 1582 1415 βίας
1643 1339 1890 1412 κρεῖττόν
1947 1341 2059 1393 ἐστι

422 1431 663 1510 φανερῶς
692 1435 792 1496 τῆς
823 1430 995 1485 πάντα
1034 1429 1268 1494 νικώσης
1299 1429 1529 1507 φύσεως.

509 1512 634 1580 KZ‘.
694 1517 846 1575 Ἐπεὶ
897 1527 986 1576 οὖν
1017 1521 1062 1573 οἶ
1092 1519 1384 1592 θαυμαστοὶ
1424 1515 1642 1596 παῖδες,
1691 1519 1810 1581 τοὺς
1859 1517 2059 1572 ἑαυτῶν

422 1609 762 1686 ἐπιγνόντεςμ
789 1606 1047 1686 πατέρας,
1109 1608 1256 1664 αὐτοὶ
1307 1604 1433 1686 παρ’
1496 1607 1716 1670 ἐκείνοις
1786 1605 2060 1672 διέμειναν

423 1681 712 1777 ἄγνωστοι,
741 1681 956 1770 "Amce,
1004 1681 1134 1774 τρησὶ
1175 1698 1306 1765 πρὸς
1377 1681 1564 1758 αὐτοὺς
1629 1699 1657 1751 ὁ
1713 1695 1883 1773 γέρων
1926 1694 2062 1768 μετὰ

1723 301 2002 374 MENSIS
2039 296 2494 373 'jANUARIUS.

1244 447 1370 526 παρ’
1409 449 1437 503 ὃ
1467 449 1555 504 καὶ
1587 445 1852 520 διέμειναν
1884 452 2054 506 αὐτοῖς

2154 445 2317 507 tione
2348 463 2412 506 se
2439 445 2787 525 parentibus
2822 445 3598 526 proderent.Quamobrem
3630 450 3776 531 plane

3647 311 3770 382 1040

2147 535 2292 616 ipsis
2323 534 2632 614 incogniti,
2669 554 2745 596 ne
2792 535 3052 597 vultibus
3083 539 3322 618 quidem
3358 539 3774 618 prodebantur,

2147 624 2584 693 immodica.uti
2601 624 3154 700 diximus,laborum
3172 628 3506 708 asperitate
3529 647 3781 690 consum-

2149 714 2287 794 ptis.
2315 712 2443 774 Non
2467 714 2659 775 solum
2687 714 2844 774 enim
2874 732 3082 776 eorum
3109 736 3240 797 qua
3261 718 3332 778 ad
3362 717 3594 779 victum
3619 719 3782 797 perti-

2149 802 2431 875 nent,sed
2457 802 2642 864 multo
2663 805 2838 863 etiam
2867 805 3288 884 magislinguw
3311 813 3777 886 potenteserant.

2145 890 2216 952 Et
2244 910 2389 954 sane
2413 911 2530 954 non
2565 892 2712 954 levis
2745 911 2947 973 neque
3002 894 3325 956 mediocris
3376 894 3629 956 virtutis
3657 904 3783 970 erat,

2149 991 2279 1061 post
2295 982 2888 1043 vehementissimum
2912 983 3429 1052 tlesiderium.tam
3451 991 3790 1063 expetentes

2145 1081 2385 1151 tamque
2407 1071 2704 1152 expetitos
2726 1071 2785 1132 in
2816 1081 3125 1151 parentum
3151 1084 3560 1156 conspectum
3583 1075 3787 1147 venire,

2145 1177 2212 1221 ac
2244 1161 2549 1222 silentium
2580 1170 2909 1232 servare,et
2941 1180 3058 1222 non
3106 1171 3332 1224 tantum
3365 1183 3402 1226 a
3437 1163 3673 1237 verbis,
3703 1181 3793 1226 vc-

2145 1267 2276 1310 rum
2311 1249 2491 1310 etiam
2544 1269 2578 1311 a
2637 1249 2910 1330 lacrymis
2958 1252 3019 1311 in
3079 1260 3193 1313 tam
3231 1254 3566 1315 immensae
3595 1252 3794 1315 laetitia:

2143 1338 2514 1400 abundantia
2541 1349 2904 1420 temperare.
2940 1339 3110 1413 Quod
3140 1341 3455 1405 violentiae
3485 1361 3682 1422 genus
3702 1361 3793 1402 na-

2144 1436 2273 1488 tura
2301 1428 2502 1489 omnia
2531 1437 2849 1508 superante
2875 1432 3172 1509 potentius
3208 1431 3461 1495 exstitit.

2222 1516 2604 1580 XXVII.Cum
2640 1520 2840 1598 itaque
2869 1519 3205 1582 admirandi
3231 1522 3503 1602 juvenes
3530 1521 3789 1602 parenti-

2146 1608 2254 1668 bus
2269 1609 2390 1686 jam
2420 1609 2669 1688 cognitis
2701 1608 2894 1671 adhuc
2917 1619 3120 1671 essent
3151 1610 3789 1688 incogniti,Abite,in-

2144 1696 2270 1777 quit
2293 1715 2475 1759 senex
2511 1699 2641 1758 laeto
2664 1698 2864 1759 animo
2907 1698 3249 1780 linguaque,
3280 1708 3338 1762 et
3366 1701 3603 1762 bonam
3637 1698 3795 1761 nobis

419 1787 821 1868 κεχαρισμένης
854 1788 941 1843 καὶ
985 1784 1232 1861 γλώττης
1291 1787 1376 1842 καὶ
1426 1790 1636 1865 ψυχῆς,
1695 1783 1867 1851 καὶῆν
1923 1785 2054 1858 ἡμῖν

2148 1803 2411 1848 mensam
2437 1799 2751 1867 apparate:
2771 1805 2884 1865 ego
2908 1805 3041 1849 mox
3064 1807 3198 1849 cum
3222 1789 3469 1850 duobus
3491 1787 3795 1868 discipulis

424 1878 798 1954 ἐτοιμάσοντες
860 1875 1148 1953 τράπεζαν.
1217 1871 1538 1949 Ἐλεύσομαι
1595 1873 1650 1930 δὲ
1708 1875 1865 1936 αὐτὸς
1925 1874 2062 1948 μετὰ

422 1975 531 2026 τῶν
588 1965 676 2022 δύο
707 1988 808 2041 μου
867 1968 1118 2039 μαθητῶν
1179 1961 1342 2019 τῶνδε
1401 1963 2057 2042 συμπαρακλῆθησομενος

420 2059 578 2132 ὑμῖν,
623 2057 712 2112 καὶ
748 2057 808 2111 τὸ
850 2055 1037 2112 λοιπὸν
1096 2053 1284 2119 ἀπάξω
1316 2053 1458 2132 παρὰ
1496 2056 1588 2110 τὸν
1618 2053 1782 2110 τόπον
1810 2055 1968 2126 ὑμᾶς,
2003 2053 2058 2107 ἐν

433 2152 479 2222 ᾧ
521 2147 643 2208 τοὺς
705 2144 986 2226 φιλτάτους
1046 2145 1183 2205 υἱοὺς
1245 2144 1462 2218 ὄψεσθε.
1514 2143 1810 2210 ’Ἥσθησαν
1859 2143 2056 2199 ἐκεῖνοι

419 2243 574 2292 τοῦτο
632 2235 972 2309 ἀκούσαντες,
1037 2236 1098 2290 οὗ
1155 2231 1359 2307 μᾶλλον
1422 2232 1508 2290 ἐπὶ
1558 2238 1635 2305 τῷ
1664 2230 2054 2309 ἐπαγγελθῆναι

417 2327 543 2387 τοὺς
612 2323 809 2386 παῖδας
865 2321 1022 2396 ἰδεῖν,
1102 2321 1226 2379 ὅσον
1297 2325 1386 2378 ἐπὶ
1443 2327 1522 2394 τῷ
1581 2322 1752 2387 ἀξίους
1811 2325 2054 2398 κριθῆναι

421 2412 607 2492 ἄνδρὸς
669 2413 977 2488 ἑστιάτορας
1049 2412 1270 2489 ὀφθῆναι
1337 2412 1600 2470 τοιούτου.
1684 2410 1901 2488 Ἐώρων
1955 2411 2056 2487 γὰρ

419 2503 514 2561 οὒκ
575 2504 647 2566 είς
691 2503 752 2558 τὸ
801 2501 954 2579 γένος
1005 2502 1092 2556 καὶ
1133 2502 1234 2567 τὴν
1291 2501 1633 2578 περιφάνειαν
1688 2498 1788 2566 τῆν
1832 2501 2049 2571 οἰκείαν,

418 2591 537 2649 ἀλλ’
597 2593 668 2655 είς
728 2593 828 2658 τὴν
885 2590 1086 2647 ἐκείνου
1146 2589 1278 2668 πρὸς
1339 2592 1470 2645 Θεὸν
1525 2591 1813 2660 οὶκείωσιν,
1868 2588 2056 2662 πολλῷ

417 2683 749 2757 τιμιωτέραν
805 2680 1035 2736 πλούτω
1092 2684 1179 2735 καὶ
1236 2681 1499 2756 εὐγενείας
1559 2679 1750 2756 ἀρετὴν
1781 2680 1925 2735 εἶναι
1958 2701 2053 2734 νο-

415 2776 682 2848 μίζοντες.
745 2770 994 2826 Ἐκείνων
1075 2779 1354 2845 τοιγαροῦν
1410 2767 1734 2848 οἰχομένων,
1799 2770 1826 2823 ὁ
1885 2768 2054 2846 γέρων

413 2864 527 2921 τοὶς
581 2863 785 2929 παισὶν,
845 2857 1142 2932 Ἀπίωμεν,
1216 2857 1340 2936 ἔφη,
1409 2858 1875 2931 συνεστιασόμενοι
1935 2870 2052 2919 τοῖς

419 2952 649 3027 πατράσι
703 2949 826 3009 τοῖς
883 2947 1183 3025 ὑμετέροις,
1216 2946 1329 3003 ἐπεὶ
1390 2944 1557 3020 μηδὲν
1586 2947 1747 3020 ὑμεῖς
1777 2943 2050 3022 βλαϐήσε-

418 3043 506 3096 σθε
537 3040 680 3116 παρὰ
711 3047 890 3095 τοῦτο.
953 3039 1103 3110 Φημὶ
1161 3037 1284 3114 γὰρ,
1344 3033 1500 3099 ὅσους
1553 3033 1616 3091 ἂν
1647 3037 1734 3091 καὶ
1764 3033 1831 3090 δι’
1862 3035 2052 3112 ἀρετὴν

2144 1876 2294 1936 meis
2312 1892 2411 1936 vos
2429 1875 2850 1937 consolaturus
2865 1875 3480 1958 subsequar,et,quod
3500 1878 3792 1958 reliquum

2144 1973 2255 2038 est,
2318 1965 2390 2025 ad
2449 1965 2645 2026 locum
2709 1966 2807 2026 ubi
2855 1966 3208 2028 charissima
3262 1969 3526 2048 pignora
3557 1965 3794 2028 videatis

2142 2054 2459 2115 deducam.
2487 2054 2714 2126 Quibus
2748 2054 2835 2116 illi
2865 2056 3084 2118 auditis
3117 2057 3321 2119 laetitia
3348 2077 3476 2118 non
3507 2055 3795 2120 mediocri

2142 2144 2368 2224 perfusi
2399 2162 2688 2218 sunt,non
2724 2155 2951 2207 tantum
2985 2148 3142 2226 quod
3171 2146 3430 2209 filiorum
3461 2147 3620 2228 ipsis
3649 2164 3786 2207 cou-

2141 2245 2410 2312 spectum
2444 2235 2966 2315 polliceretur,sed
2993 2236 3148 2316 quod
3177 2236 3320 2298 tanti
3342 2235 3460 2297 viri
3487 2255 3614 2298 non
3639 2235 3790 2297 iudi—

2139 2329 2235 2398 gni
2255 2325 2514 2384 convivae
2530 2323 3182 2404 judicarentur.Neque
3202 2326 3360 2386 enim
3379 2343 3567 2387 suum
3589 2334 3685 2386 aut
3703 2343 3788 2401 ge-

2141 2430 2254 2472 nus
2276 2423 2375 2475 aut
2405 2413 2787 2493 splendorem
2821 2414 3265 2495 respiciebant:
3301 2416 3405 2477 sed
3437 2417 3638 2496 ipsius
3663 2432 3786 2477 cum

2141 2500 2262 2562 Deo
2288 2503 3080 2581 conjunctionem,virtutem
3109 2505 3316 2586 utique
3342 2506 3580 2567 divitiis
3611 2524 3679 2567 ac
3697 2522 3789 2566 no-

2143 2590 2560 2671 bilitatelnnge
2585 2592 2876 2673 potiorem
2903 2592 3386 2675 ducebanthsis
3407 2595 3597 2674 igitur
3611 2596 3784 2657 Deum

2141 2682 2548 2761 precantibus,
2585 2680 2791 2742 senior
2824 2681 2963 2743 (iliis
2997 2681 3660 2764 :Eamu3,inquit,cum
3691 2698 3786 2762 pa-

2138 2771 2409 2833 rentibus
2439 2771 2652 2833 vestris
2715 2773 3014 2850 pransuri,
3065 2791 3200 2834 cum
3261 2773 3410 2835 nihil
3447 2773 3600 2835 inde
3632 2771 3782 2833 vobis

2139 2879 2310 2922 noxa:
2335 2863 2594 2922 futurum
2639 2862 2734 2922 sit.
2774 2863 2872 2924 Sic
2903 2862 3061 2923 enim
3111 2863 3331 2939 sentio,
3369 2871 3782 2944 quantoscun—

2137 2968 2256 3029 que
2279 2951 2350 3011 ad
2383 2951 2867 3031 consequendam
2895 2954 3167 3013 virtutem
3195 2951 3428 3013 labores
3455 2949 3777 3021 subieritis,

2137 3057 2513 3120 nequaquam
2568 3049 2768 3101 tamen
2829 3057 2936 3101 vos
2995 3041 3067 3102 ad
3102 3049 3415 3122 parentum
3451 3051 3777 3104 vestrorum

415 3128 678 3195 ὺπέλθητε
738 3127 963 3205 κόπους,
1027 3133 1118 3182 τοῦ
1197 3126 1391 3204 μέτρου
1446 3131 1552 3180 τῶν
1610 3124 1851 3203 πατέρων
1909 3125 2052 3197 ὃμῶν

2144 3147 2477 3190 mensuram
2511 3129 3272 3204 accessisseQuamobrem
3305 3150 3424 3192 non
3453 3140 3576 3195 tam
3602 3131 3776 3211 jactu-

415 3217 659 3292 οὐδαμῶς
721 3217 984 3296 ἐγίιιοισθε
1015 3230 1030 3245 ⁹
1078 3213 1214 3272 ὥστε
1277 3216 1336 3271 οὗ
1391 3210 1592 3293 βλάϐη,
1637 3212 1757 3269 ἀλλ’
1819 3211 2050 3293 ὠφέλεια

417 3307 622 3383 μᾶλλον
683 3307 743 3362 ἐκ
798 3308 890 3362 τοῦ
943 3304 1160 3379 ὁμιλεῖν
1203 3305 1463 3366 τοιούτοις
1515 3303 1822 3363 ἀκολουθεῖ.
1885 3311 2050 3361 Τοῦτο

417 3400 604 3468 εἰπὼν,
659 3400 803 3462 αὖθις
890 3395 1101 3461 σιωπὴν
1159 3397 1344 3458 αὐτοῖς
1402 3392 1786 3472 παραγγέλλει,
1844 3395 1932 3449 καὶ
1987 3395 2050 3448 τὸ

415 3489 584 3564 μηδὲν
635 3488 776 3550 ὅλως
833 3487 964 3565 πρὸς
1022 3485 1327 3564 γνωρισμόν
1387 3483 1845 3564 παραφθέγξασθαι
1875 3499 1890 3514 ⁸
1951 3483 2050 3538 αὖ·

413 3591 531 3644 τοῖς
561 3591 679 3641 τοῖς
707 3577 982 3654 πράγμασι
1014 3575 1108 3640 τὴν
1143 3573 1440 3653 φανέρωσιν
1471 3571 1792 3650 ἐπιτρέπων.

499 3667 632 3728 κδ’.
667 3667 819 3723 Ἐπεὶ
848 3663 903 3720 δὲ
933 3666 1022 3720 καὶ
1052 3664 1370 3727 ἀπελθόντες
1405 3665 1531 3740 πρὸς
1561 3664 1621 3717 τὸ
1678 3675 1872 3741 φαγεῖν
1915 3683 2052 3717 κατ-

417 3759 723 3826 εκλίθησαν,
786 3754 1006 3830 ἠρώτων
1069 3753 1116 3808 οἱ
1174 3757 1279 3807 τῶν
1336 3751 1537 3808 παίδων
1598 3751 1846 3831 πατέρες,
1906 3757 2050 3824 Πῶς,

423 3849 615 3924 Πάτερ,
674 3845 944 3921 λέγοντες,
979 3843 1044 3898 τὰ
1072 3843 1232 3897 τέκνα
1261 3843 1416 3915 ἡμῶν
1450 3841 1568 3920 ἔχει
1606 3858 1622 3916 ;
1681 3833 1738 3899 Ὀ
1792 3841 1872 3915 δὲ,
1936 3850 2050 3900 Κα-

417 3936 544 4006 λῶς,
605 3934 705 4012 ἔφη
743 3953 754 3964 ·
807 3932 950 4008 ἀγὼν
1004 3932 1104 4007 γὰρ
1134 3930 1325 3995 αὐτοῖς
1360 3937 1528 3986 σῶσαι
1561 3931 1657 3996 τὴν
1691 3932 1892 3987 ἑαυτῶν
1943 3935 2049 4006 ψυ-

417 4025 551 4104 χήν.
585 4023 834 4080 Κάκεῖνοι
867 4020 1006 4100 εὒχῆ
1037 4021 1129 4074 τὸν
1159 4025 1254 4074 τοῦ
1280 4020 1521 4096 γέροντος
1552 4020 1711 4097 Λόγον
1764 4021 1837 4082 εἷς
1889 4021 2051 4098 πέρας

415 4115 589 4170 ἐλθεῖν
636 4111 888 4179 ἠξίωσαν.
956 4109 1091 4165 Εἶτα
1136 4111 1374 4186 προσθεὶς
1407 4111 1434 4164 ὁ
1465 4108 1738 4174 θεσπέσιος
1770 4113 2049 4188 Ξενοφῶν,

419 4195 510 4264 Ὠς
583 4200 735 4256 καλοί
805 4222 920 4277 σου,
1000 4197 1126 4277 ἔφη,
1189 4197 1382 4268 Πάτερ,
1433 4200 1480 4253 οἱ
1525 4201 1754 4273 μαθηταὶ
1799 4199 1886 4254 καὶ
1939 4206 2054 4274 Θεῷ

413 4292 508 4347 τὰν
565 4295 652 4349 οὖν
701 4287 790 4367 (1)
827 4287 1173 4364 διακείμενοι,
1245 4289 1330 4343 καί
1374 4309 1475 4362 μου
1531 4288 1802 4366 κατάκρας
1878 4290 2053 4368 χαίρει

416 4377 502 4435 ἐπ’
548 4381 731 4442 αὐτοῖς
773 4379 807 4444 ἡ
849 4377 1027 4455 ψυχὴ,
1076 4378 1164 4432 καὶ
1208 4378 1298 4432 τὸν
1334 4375 1605 4455 ὄθφαλμὸν
1635 4375 1830 4452 ἥδομαι
1881 4399 2051 4456 προσ-

415 4467 626 4522 ϐάλλων
680 4471 890 4530 αὖτοϊς,
982 4464 1131 4531 Εὖξαι
1193 4473 1494 4543 τοιγαροῦν,
1556 4469 1793 4522 θειότατε
1855 4469 2050 4547 Πάτερ,

418 4558 508 4612 καὶ
605 4557 727 4619 τοὺς
805 4557 945 4617 υἱοὺς
1016 4557 1172 4630 ἡμῶν
1253 4552 1518 4621 ὂποϐῆνσι
1587 4557 1878 4621 τοιούτους,
1959 4561 2054 4615 Καὶ

418 4645 558 4705 οὕτω
617 4647 717 4722 μὲν
803 4647 830 4701 ὁ
900 4646 1193 4721 θαυμάσιος
1269 4648 1527 4724 Ξενοφῶν
1599 4645 1654 4700 ἐν
1725 4646 1909 4723 ἀγνοίᾳ
1990 4650 2056 4703 τὰ

417 4737 607 4796 ἑαυτοῦ
652 4736 904 4809 ἐπαινῶν,
954 4738 1039 4790 καὶ
1100 4733 1226 4809 ὅπερ
1278 4732 1383 4801 ἥδη
1429 4737 1482 4790 έν
1527 4738 1712 4814 χερσὶν
1770 4737 1922 4815 εἶχε,
1984 4735 2054 4791 δι’

419 4832 589 4908 εὐχῆς
641 4825 776 4891 ἕξειν
850 4826 1192 4900 ποιούμενος,
1244 4817 1301 4880 Ὀ
1347 4823 1531 4899 μέντοι
1575 4825 1738 4890 πολὺς
1782 4826 1880 4892 τὴν
1924 4829 2053 4883 σύν-

415 4939 525 4973 εσιν
571 4918 765 4995 γέρων,
821 4915 944 4971 Εἰπέ
977 4937 1095 4990 μοι,
1129 4913 1256 4994 ἔφη,
1301 4915 1486 4971 τέκνον
1522 4913 1675 4996 (πρὸς
1719 4917 1810 4970 τὸν
1856 4914 2050 4994 Ἀρκά-

415 5005 528 5064 διον
557 5003 810 5086 ἀπιδὼν),
866 5005 1022 5068 ποίας
1078 5003 1175 5078 μὲν
1219 5003 1428 5066 πόλεως
1481 5007 1585 5079 εἴ,
1633 5006 1799 5061 ποίων
1839 5003 1894 5061 δὲ
1951 5029 2052 5084 γο-

417 5097 547 5152 νέων
581 5118 597 5168 ;
652 5098 808 5159 ποίας
867 5093 918 5150 δὲ
979 5099 1077 5161 τῆς
1106 5094 1409 5172 ἀνατροφῆς
1444 5093 1633 5174 ἔτυχες
1669 5117 1685 5172 ς
1721 5098 1858 5174 Πρὸς
1890 5105 2053 5154 ταῦτα

418 5189 444 5242 ὃ
481 5190 626 5251 θεῖος
659 5182 962 5263 ’Λρκάδιος,
996 5181 1164 5264 Ἐγὼ,
1199 5183 1324 5264 ἔφη,
1389 5186 1583 5263 Πάτερ,
1626 5192 1719 5243 τοῦ
1776 5189 2055 5257 Βυζαντίου

419 5277 517 5346 μὲν
546 5275 804 5355 ὥρμημαι
841 5294 854 5307 ⁸
916 5275 1026 5336 υίὸς
1071 5273 1126 5330 δέ
1169 5275 1275 5348 είμι
1322 5274 1520 5350 γονέων
1575 5279 1802 5352 εὐγενῶν
1850 5276 1945 5355 (ὡς
1994 5279 2056 5333 τὸ

419 5364 611 5431 ἀληθὲς
671 5363 944 5442 βούλεται)
1005 5365 1092 5418 καὶ
1163 5371 1486 5444 περιφανῶν.
1553 5363 1760 5440 ’Ὀνομα
1826 5373 1903 5440 τῷ
1960 5369 2056 5442 μὲν

425 5458 581 5528 πατρὶ
641 5457 924 5530 Ξενοφῶν,
971 5458 1039 5528 τῆ
1093 5455 1254 5531 μητρὶ
1297 5452 1347 5509 δὲ
1415 5454 1606 5531 Μαρία,
1659 5456 1855 5534 ὡραίαν
1924 5457 2058 5531 μετὰ

505 5617 584 5696 (1)
618 5615 719 5679 Sic
739 5617 947 5682 codex.
981 5615 1380 5682 Scribendum
1411 5623 1504 5678 τὸν
1547 5628 1687 5686 νοῦν.

2136 3235 2203 3279 ra
2235 3219 2424 3294 vobis,
2459 3238 2632 3300 quam
2669 3219 2892 3280 utilitas
2937 3237 3007 3281 ex
3040 3237 3252 3281 eorum
3299 3238 3635 3298 congressu
3675 3220 3774 3281 ob-

2133 3317 2386 3371 ventura
2419 3308 2644 3370 est.His
2673 3308 3116 3383 dictis,rursum
3151 3309 3226 3371 iis
3255 3310 3566 3373 silentium
3601 3325 3771 3391 pm-

2135 3397 2335 3472 cribit,
2371 3400 2492 3460 imo
2525 3399 2597 3460 ab
2631 3399 2794 3461 omni
2829 3418 2894 3460 re
2917 3418 3050 3480 quae
3081 3401 3446 3477 cognitionis
3477 3419 3626 3462 ansa
3655 3413 3773 3460 esse

2135 3497 2337 3568 queat,
2374 3488 2445 3550 ad
2475 3487 2638 3570 ipsos
2670 3490 3019 3569 parentibus
3064 3489 3441 3567 indicandas,
3478 3489 3769 3554 abstinere

2130 3575 2322 3656 jubeL

2217 3664 2600 3730 XXVlll.Ubi
2625 3675 2821 3729 autem
2847 3669 2920 3731 ad
2946 3669 3304 3731 sumendum
3330 3669 3532 3732 cibum
3566 3682 3766 3733 conve-

2137 3763 2377 3828 nerunt,
2401 3757 2523 3834 jam
2550 3756 2935 3819 considentes
2963 3776 3178 3833 rogare
3211 3767 3548 3839 creperum,
3571 3756 3643 3823 Ut
3670 3755 3765 3817 ba-

2137 3843 2346 3917 bent,o
2371 3845 2690 3921 Pater,lilii
2718 3846 2942 3908 nosui?
2961 3845 3349 3927 Perbelle,ait
3377 3847 3759 3911 senex.Nam-

2136 3951 2255 4014 que
2307 3935 2421 3996 hoc
2451 3953 2634 3996 unum
2669 3935 3040 4012 laborant,ut
3099 3946 3338 3999 servent
3360 3938 3593 4001 animas
3620 3951 3756 3998 suas.

2135 4020 2288 4083 Tum
2323 4023 2409 4084 illi
2440 4025 2800 4104 supplicant,
2840 4042 2904 4088 ut
2935 4044 3133 4088 rerum
3177 4029 3447 4088 omnium
3480 4045 3614 4107 qua:
3642 4020 3757 4086 ﬁliis

2137 4111 2497 4174 accidissent
2521 4113 2758 4174 tandem
2774 4115 3175 4176 narrationem
3193 4115 3568 4180 absolvat.Ac
3581 4109 3755 4176 subdi-

2140 4201 2228 4260 dit
2253 4201 2780 4281 praestantissimus
2800 4202 3155 4284 Xenophon:
3185 4204 3370 4277 Quam
3399 4199 3751 4284 egregiiJ’a-

2139 4297 2250 4364 ter,
2283 4299 2425 4351 sunt:
2475 4291 2531 4352 hi
2576 4296 2656 4352 tui
2685 4291 2989 4373 discipuli,
3023 4313 3320 4374 quamque
3351 4295 3408 4355 in
3437 4293 3625 4356 Deum
3656 4295 3752 4350 tota

2139 4394 2327 4441 mente
2349 4385 2648 4456 propensi?
2669 4384 2878 4442 Eorum
2903 4401 3041 4444 sane
3063 4403 3344 4445 occursus
3361 4403 3490 4445 cum
3517 4388 3746 4446 animum

2141 4487 2338 4530 meum
2360 4488 2593 4531 summo
2619 4470 2926 4550 perfundit
2947 4472 3316 4550 gaudio,tum
3342 4473 3745 4555 oculosjucun-

2140 4558 2384 4620 dissima
2409 4559 2706 4640 voluptate
2729 4559 3045 4625 exhilarat.
3071 4561 3366 4635 Quocirca
3388 4561 3576 4625 Deum
3597 4560 3745 4624 obse-

2138 4648 2650 4721 cra,divinissime
2673 4647 2943 4726 Pater,ut
2965 4659 3025 4712 et
3049 4652 3236 4712 nostri
3260 4652 3436 4716 liberi
3459 4652 3608 4715 tales
3633 4663 3742 4713 eta-

2139 4740 2386 4800 dantlta
2411 4742 3113 4816 admirandusXenophon
3142 4745 3309 4815 plane
3337 4745 3561 4804 inscius
3585 4740 3744 4803 laudat

2137 4842 2234 4886 res
2266 4841 2425 4898 suas,
2460 4835 2518 4886 et
2542 4825 2699 4905 quod
2734 4826 2793 4886 in
2829 4827 3106 4890 manibus
3132 4841 3283 4906 erat,
3311 4828 3370 4890 id
3399 4831 3551 4892 votis
3581 4827 3739 4891 omnl-

2140 4913 2250 4975 bus
2272 4913 2609 4994 expetebat.
2635 4917 2712 4976 At
2741 4917 3218 4995 sapientissimus
3239 4937 3421 4981 senex
3454 4917 3740 4983 Arcadium

2137 5005 2398 5080 intuens,
2434 5005 2582 5083 Age,
2616 5004 2834 5085 inquit,
2893 5006 3000 5081 ﬁli,
3033 5025 3164 5088 quae
3191 5018 3288 5070 tua
3321 5009 3398 5069 sit
3430 5010 3633 5090 patria,
3665 4997 3739 5084 qui

2141 5101 2442 5175 parentes,
2475 5112 2608 5170 quae
2640 5093 2941 5172 educatio,
2968 5097 3142 5158 nobis
3173 5098 3463 5162 edissere.
3488 5099 3596 5162 Cui
3620 5090 3739 5157 divi-

2146 5203 2258 5246 nus
2290 5183 2580 5244 Arcadius
2621 5201 2634 5246 :
2661 5184 2956 5264 Equidem
2978 5185 3254 5266 Byzantio
3281 5187 3397 5248 huc
3419 5185 3739 5250 adveni.Pa-

2143 5273 2414 5337 rentibus
2461 5287 2662 5334 autem
2717 5273 3040 5350 nobilibus,
3099 5285 3159 5338 et
3218 5288 3279 5338 ut
3308 5276 3500 5338 dicam
3533 5273 3741 5340 omnino

2141 5363 2299 5446 quod
2333 5380 2431 5424 res
2453 5371 2566 5436 est,
2590 5362 2917 5425 illustribus
2941 5373 3113 5427 natus
3142 5365 3465 5429 sum.Patri
3496 5385 3625 5430 meo
3653 5378 3738 5424 no-

2149 5471 2288 5516 men
2320 5459 2446 5514 erat
2469 5449 2832 5534 Xenophon,
2864 5456 3038 5517 matri
3067 5455 3274 5533 Maria,
3308 5456 3368 5518 in
3398 5473 3644 5540 corpore
3660 5468 3738 5513 ve-
