3996 6178
270 304 442 372 1041
1515 310 1704 374 νΙΤΔ
1747 311 1808 374 S.
1855 310 1897 374 Χ

1986 311 2431 377 ιοΡΗοΝΤιε.
3506 311 3660 381 1042

261 451 464 507 nuste
519 462 724 524 parem
753 453 1010 506 mentem
1069 446 1320 526 adeptae.
1378 449 1591 511 Frater
1619 449 1764 510 mihi
1817 443 1896 508 fui

2003 456 2096 503 τοῦ
2143 446 2398 521 σώματος
2444 445 2650 524 ἐχούσῃ
2681 444 2772 502 καὶ
2819 443 2920 514 τὴν
2949 447 3162 527 ψυχὴν.
3193 433 3295 504 Ἠν
3343 446 3397 504 δέ
3425 470 3518 522 μοι
3571 455 3659 510 καὶ

258 532 548 596 Joannes
571 533 836 597 nomine.
869 536 1096 598 Caetera
1124 535 1414 617 deinceps
1443 545 1741 611 enarrant,
1774 555 1897 617 que

2009 532 2232 613 ἀδελςρὸς
2300 531 2473 610 ὄνομα
2505 533 2785 600 Ἰωάννης.
2845 532 3080 592 Ἔπειτα
3131 535 3354 602 καθεξῆς
3406 535 3550 613 λέγει
3595 537 3660 592 τὰ

259 619 668 684 madmodum
723 622 1028 684 institutus
1079 623 1284 705 fuerit,
1316 635 1381 689 ut
1427 625 1810 704 navigaverit,
1866 625 1897 686 il

2011 623 2106 689 τῆς
2162 621 2427 696 παιδείας,
2460 623 2526 685 τὰ
2581 632 2677 681 τοῦ
2727 622 2863 680 πλοῦ
2893 625 2980 680 καὶ
3031 625 3096 685 τὰ
3136 631 3230 681 τοῦ
3281 623 3538 700 κινδύνου³
3575 626 3661 682 καὶ

256 722 506 792 quanto
556 712 822 792 periculo
877 721 1162 785 versatus,
1200 721 1422 795 quanto
1484 714 1586 777 Dei
1637 713 1890 776 beneﬁci

2015 713 2135 775 οἵας
2183 714 2285 769 ὑπὸ
2318 715 2449 769 Θεοῦ
2507 713 2778 792 τετύχηκε
2821 713 3109 792 σωτηρίας.
3145 712 3296 772 Οὕτω
3345 712 3401 770 δέ
3430 713 3660 780 διεξιόν-

251 808 547 863 servatus
579 801 679 862 sit.
713 799 851 864 Haec
892 801 993 863 illo
1028 812 1313 866 narrante
1362 822 1493 864 mox
1525 821 1556 864 a
1589 803 1897 882 parentibu

2015 824 2131 876 τος,
2185 803 2233 857 οἱ
2277 815 2458 880 γονεῖς
2502 801 2809 878 ἐπιγνόντες
2863 803 3076 876 αὐτοὺς,
3109 805 3196 862 καὶ
3243 805 3304 860 τὸ
3359 801 3531 879 ἅλμα,
3569 804 3657 861 καὶ

257 889 468 967 agniti
501 899 666 963 sunt,
705 891 811 972 qui
852 890 1267 952 incredibilem
1299 893 1638 953 animorum
1669 892 1897 954 exsulta

2014 895 2110 958 τὴν
2156 892 2352 970 ὁρμὴν,
2385 891 2474 947 καὶ
2515 892 2612 958 τὴν
2657 896 2756 957 τῆς
2809 890 3022 970 καρδίας
3073 893 3151 966 μὴ
3203 892 3504 970 ἐνεγκόντες
3547 893 3656 950 πύ-

260 977 509 1040 tionem
545 987 605 1042 et
636 979 1028 1051 alacritatem,
1067 980 1388 1057 cordisque
1435 981 1737 1055 ardorem,
1776 983 1897 1044 velu

2015 1003 2210 1060 ρωσιν,
2274 983 2613 1038 ἒνθουσιῶσιν
2687 981 2882 1055 ὁμοίως
2952 981 3099 1044 εὐθὺς
3169 981 3511 1062 ἀνέστησαν,
3569 983 3659 1038 καὶ

257 1065 575 1147 impetum
608 1067 889 1130 divinitus
921 1067 1184 1130 afﬂatum
1221 1087 1340 1130 non
1365 1069 1648 1143 ferentes,
1681 1078 1896 1149 repent

2015 1067 2393 1150 περιλαϐόντες
2455 1071 2573 1134 τοὺς
2627 1069 2842 1149 παιδας,
2879 1071 2964 1126 καὶ
3014 1084 3132 1133 τοῖς
3175 1073 3346 1128 αὐτῶν
3402 1071 3656 1150 περιφῦν-

263 1162 685 1235 consurgunt,
719 1157 1135 1236 amplexantur
1169 1157 1412 1232 liberos,
1448 1177 1774 1239 eorumque
1806 1177 1897 1220 cer

2014 1181 2101 1223 τες
2139 1157 2470 1240 τραχήλοις,
2502 1165 2655 1220 τοῦτο
2691 1159 2790 1234 μὲν
2832 1157 3120 1239 φιλήμασι,
3152 1157 3388 1216 τοῦτοδὲ
3440 1157 3653 1238 δάκρυσι

259 1244 511 1308 vicibus
539 1244 910 1320 circumfusi,
945 1245 1126 1306 simul
1171 1245 1412 1321 osculis,
1447 1248 1621 1308 simul
1657 1247 1896 1328 lacrymi

2013 1251 2111 1316 τὴν
2169 1247 2395 1325 ἄμετρον
2448 1248 2656 1314 ἐκείνην
2705 1251 2805 1315 τῆς
2866 1253 3056 1327 ψυχῆς
3102 1247 3348 1307 ἔκστασιν
3405 1249 3649 1324 παρεκά-

256 1333 642 1397 immensum
670 1333 1006 1396 animorum
1041 1345 1350 1415 stuporem
1379 1335 1806 1418 excitabant,in
1829 1339 1897 1397 ba

2015 1338 2161 1412 λουν,
2216 1340 2372 1396 Οὗτοι
2427 1339 2551 1409 εἶσι,
2585 1337 2778 1413 Πάτερ,
2829 1336 3098 1414 λέγοντες,
3130 1339 3177 1393 οἱ
3220 1340 3374 1412 ἡμῶν
3433 1337 3648 1402 παῖδες,

261 1441 464 1486 voces
519 1431 958 1504 erumpentes;
1010 1421 1266 1503 Ergone,
1304 1423 1498 1506 Pater,
1533 1426 1593 1485 hi
1641 1434 1780 1488 sunt
1826 1426 1897 1488 ﬁli

2014 1429 2156 1486 οὗτοι
2199 1427 2412 1495 ἀληθῶς
2459 1428 2507 1485 οἱ
2556 1426 2822 1506 φίλτατοι,
2858 1431 2904 1483 οἱ
2944 1425 3147 1494 πολλὴν
3200 1429 3336 1503 ἡμῖν
3381 1428 3478 1494 τὴν
3536 1424 3656 1501 περὶ

257 1512 521 1575 nostri?
551 1513 612 1574 hi
639 1530 777 1574 vere
806 1512 1236 1576 dilectissimi?
1267 1514 1325 1575 hi
1361 1514 1470 1594 ipsi
1497 1534 1530 1576 a
1561 1515 1738 1577 nobis
1770 1525 1895 1578 tant

2013 1522 2184 1574 αὗτῶν
2216 1519 2440 1588 ζήτησιν
2473 1517 2868 1596 παρασχόντες,
2901 1516 3068 1578 οὗτοι.
3105 1520 3164 1572 Τί
3195 1519 3255 1574 τὸ
3285 1519 3420 1593 μετὰ
3455 1525 3652 1591 ταῦτα;

260 1620 417 1664 cum
454 1601 664 1664 dolore
696 1602 928 1682 quaesiti
960 1608 988 1665 '2
1021 1602 1169 1674 Quid
1201 1602 1473 1665 deinde?
1503 1603 1633 1668 Uno
1667 1623 1772 1667 ore
1799 1607 1896 1667 lau

2015 1609 2178 1674 Κοινὴ
2204 1609 2240 1674 ἡ
2270 1605 2392 1672 δόξα
2418 1607 2550 1684 πρὸς
2595 1608 2726 1662 Θεὸν
2757 1607 2843 1662 καὶ
2871 1606 3203 1684 εὐχαριστία.

254 1691 414 1754 dem
451 1690 698 1756 Nemini
732 1699 787 1753 et
819 1692 1034 1769 gratias
1067 1691 1354 1755 tribuunt.

348 1779 562 1843 XXIX.
597 1779 718 1872 Nec
751 1781 968 1842 morati
1005 1790 1142 1842 sunt
1162 1791 1440 1872 parentes
1468 1783 1612 1863 quin
1636 1783 1897 1846 ardentis

1986 1827 1992 1868 ι
2097 1784 2230 1843 ΚΘ¹.
2297 1785 2435 1842 Ε’ίτα
2460 1785 2762 1863 θερμοτάτη
2792 1783 2898 1843 τῶν
2950 1784 3282 1862 γεννητόρων
3313 1782 3491 1850 δέησις
3521 1786 3654 1864 πρὸς

249 1869 447 1932 simis
498 1869 780 1949 precibus
810 1877 1085 1932 sanctum
1137 1871 1327 1932 virum
1375 1871 1836 1947 obtestarrntur,
1870 1894 1897 1936 ι]

2012 1877 2105 1933 τὸν
2159 1876 2294 1954 ἱερὸν
2347 1873 2505 1952 ἄνδρα
2561 1874 2792 1954 ἐκεῖνον,
2836 1873 2974 1932 ὥστε
3003 1881 3071 1951 τῇ
3127 1872 3378 1953 σφραγῖδι
3420 1876 3509 1931 καὶ
3554 1879 3650 1933 αῦ-

257 1959 450 2042 ipsos
466 1977 706 2041 quoque
736 1961 958 2020 sacrati
991 1959 1148 2021 illius
1169 1959 1410 2023 habitus
1438 1961 1632 2039 sigillo
1665 1972 1897 2026 ornaret

2014 1966 2132 2030 τοὺς
2191 1966 2528 2038 σημανθῆναι
2600 1962 2692 2020 τοῦ
2762 1963 3118 2042 ἀγιοπρεποῦς
3192 1964 3502 2040 σχήματος,
3568 1963 3657 2020 καὶ

256 2069 395 2130 quo
426 2067 561 2110 cum
594 2048 761 2129 ﬁliis,
786 2048 926 2110 licet
956 2049 1238 2130 impares,
1273 2050 1542 2131 ejusdem
1571 2061 1764 2114 tamen
1792 2051 1897 2114 bor

2015 2057 2269 2131 φανῆναι,
2303 2054 2347 2108 εἰ
2402 2053 2488 2108 καὶ
2520 2050 2792 2130 δευτέρους
2844 2058 2949 2109 τῶν
3007 2052 3228 2125 τέκνων,
3265 2049 3384 2107 ἀλλ’
3417 2052 3505 2108 οὖν
3562 2059 3655 2108 τοῦ

249 2146 620 2217 sectatores,
658 2157 774 2199 non
814 2147 1012 2200 autem
1064 2138 1247 2219 (quod
1277 2139 1437 2202 Deus
1469 2141 1792 2217 averteret)
1825 2160 1894 2204 ex

2015 2142 2137 2200 ἴσου
2167 2141 2332 2200 καλοῦ
2373 2143 2641 2216 μιμητὰς,
2677 2144 2763 2198 καὶ
2813 2143 2893 2216 μὴ
2935 2141 3275 2198 παντάπασιν
3317 2140 3648 2220 ἀμετόχους·

258 2236 470 2290 sortes
523 2227 948 2290 redderentur.
985 2228 1060 2290 Et
1099 2247 1417 2308 persuasus
1447 2247 1655 2291 eorum
1705 2232 1897 2310 suppli

2013 2232 2144 2310 ὅπερ
2200 2229 2430 2295 ἀνάξιον.
2507 2232 2746 2287 Πείθεται
2816 2231 3022 2295 τούτοις
3081 2228 3308 2294 ἀξιοῦσιν
3380 2232 3407 2286 ὁ
3481 2230 3650 2308 γέρων

256 2318 516 2380 catione
556 2335 741 2380 senex
776 2323 935 2392 (nam
985 2318 1046 2379 in
1077 2336 1143 2378 re
1175 2318 1352 2398 plane
1403 2327 1520 2380 tam
1553 2328 1755 2380 sancta
1785 2321 1897 2400 quit

2012 2322 2124 2400 (καὶ
2151 2327 2266 2385 πῶς
2297 2321 2398 2398 γὰρ
2445 2321 2527 2393 οὒ,
2560 2317 2837 2399 θεοφιλοῦς
2868 2318 3018 2381 ὄντος
3075 2317 3320 2398 ἀτεχνῶς
3349 2325 3440 2375 τοῦ
3471 2320 3650 2397 πράγ-

260 2405 660 2479 resisteret?)
712 2407 924 2468 eadem
957 2425 1062 2468 sua
1113 2408 1358 2470 dextera
1406 2407 1664 2469 vertices
1714 2427 1897 2471 eoruu

2009 2433 2174 2486 ματος
2213 2409 2282 2488 ς),
2317 2412 2405 2466 καὶ
2459 2415 2526 2484 τῇ
2555 2412 2690 2485 αῦτῇ
2722 2405 2862 2480 δεξιᾷ
2909 2407 3178 2469 κάκείνους
3222 2407 3397 2481 κείρας
3430 2429 3487 2464 τε
3536 2407 3649 2483 ἅμα

261 2496 1149 2577 totondit,initiavitque,atque
1181 2515 1283 2558 eos
1303 2497 1612 2559 dimittens
1633 2498 1897 2578 praecipit

2006 2502 2096 2558 καὶ
2135 2497 2448 2573 τελειώσας,
2496 2497 2858 2577 παραγγείλας
2920 2497 3106 2577 ἀφίησι
3151 2496 3345 2570 μηκέτι
3401 2519 3646 2571 σωματι-

258 2595 334 2648 ut
390 2586 448 2647 in
483 2595 785 2666 posterum
816 2585 891 2646 ab
936 2587 1100 2647 omni
1130 2604 1452 2667 corporum
1507 2587 1897 2650 communicat

2006 2590 2116 2655 κῶς
2147 2587 2416 2658 ἀλλήλους
2464 2586 2622 2660 ἰδεῖν,
2669 2586 2768 2652 ἕως
2797 2587 2858 2642 τὸ
2901 2586 3077 2642 κοινὸν
3108 2591 3176 2660 τῇ
3219 2585 3428 2662 γενέσει
3480 2586 3644 2666 χρέος

263 2677 442 2737 tione
499 2683 928 2757 temperarent,
962 2676 1157 2738 donec
1191 2695 1508 2740 commune
1556 2684 1784 2740 naturae
1813 2678 1897 2740 de

2004 2680 2253 2756 ἒκςίτερος
2298 2679 2468 2735 αὐτῶν
2498 2674 2718 2750 ἀποδῴη
2729 2724 2742 2738 .

264 2762 463 2826 bitum
497 2764 929 2844 persolverent.

354 2851 536 2917 XXX.
597 2857 792 2930 Atque
833 2854 1170 2933 huiusmodi
1220 2855 1328 2916 fuit
1389 2855 1595 2933 optimi
1643 2856 1897 2919 Nemini:

2082 2847 2166 2919 A'.
2239 2857 2467 2923 Τοιαύτη
2529 2854 2860 2935 χαριεστάτη
2917 2855 3005 2910 καὶ
3058 2855 3336 2928 θαυμαστὴ
3394 2861 3471 2926 τῷ
3527 2855 3639 2911 ὄντι

268 2960 417 3021 erga
448 2952 561 3004 tam
597 2942 788 3004 bonos
835 2953 1114 3024 parentes
1145 2941 1487 3024 liberosque
1518 2944 1890 3024 providentia

2001 2947 2272 3021 οἰκονομία
2329 2947 2446 3022 περὶ
2479 2945 2597 3010 τοὺς
2648 2943 2920 3024 χρηστοὺς
2967 2943 3054 3000 καὶ
3105 2942 3337 3021 πατέρας
3367 2946 3456 3000 καὶ
3501 2958 3637 3000 παϊ-

258 3031 684 3094 admiralionis
709 3033 899 3112 juxta,
932 3051 1000 3094 ac
1030 3032 1336 3094 suavitatis
1362 3033 1728 3112 plenissima.
1750 3035 1897 3097 Adet

1999 3037 2088 3099 δας
2135 3037 2278 3113 παρά
2334 3042 2428 3092 τοῦ
2482 3035 2680 3110 ἀγαθοῦ
2723 3039 2857 3089 Θεοῦ
2911 3030 3163 3110 γέγονεν,
3193 3034 3267 3094 ὡς
3329 3031 3492 3112 πέραξ
3551 3032 3638 3089 ἐπ’

258 3131 324 3181 ιιι
363 3121 428 3181 in
467 3120 588 3183 illis
617 3122 928 3200 impletum
962 3122 1143 3183 fuerit
1167 3123 1327 3200 quod
1359 3132 1432 3183 ab
1465 3123 1615 3182 Isaia
1644 3123 1865 3185 dictum

2000 3130 2182 3190 αὒτοϊς
2227 3124 2414 3181 λαϐεῖν
2444 3125 2473 3179 ’ὃ
2503 3122 2587 3179 διὰ
2623 3113 2850 3180 Ἠσαίου
2878 3123 3035 3184 αὐτὸς
3066 3121 3374 3202 φθέγγεται,
3414 3145 3442 3176 α
3477 3123 3637 3180 Ἐπι-

253 3232 279 3267 ο
328 3212 644 3290 lmponam
697 3209 982 3292 Spiritum
1018 3229 1217 3272 meum
1252 3230 1434 3290 super
1481 3229 1688 3273 semen
1720 3220 1897 3286 tuum,

1993 3218 2167 3293 θήσω,
2229 3214 2421 3290 λέγων,
2469 3214 2531 3269 τὸ
2592 3212 2804 3286 Πνεῦμά
2861 3213 2962 3284 μου
3018 3211 3101 3266 ἐπὶ
3161 3213 3221 3266 τὸ
3263 3211 3474 3286 σπέρμα
3517 3232 3632 3285 σου,

247 3307 313 3362 et
351 3299 814 3363 benedictiones
845 3319 1008 3362 meas
1038 3318 1222 3381 super
1255 3300 1411 3361 filios
1441 3309 1593 3363 tuos.
1622 3301 1693 3362 Et
1717 3303 1897 3363 orien-

1995 3306 2082 3362 καί
2110 3307 2205 3369 τὰς
2250 3301 2490 3380 εὖλογίας
2523 3324 2627 3376 μθ.)
2682 3302 2768 3357 ἰπὶ
2824 3301 2890 3355 τὰ
2931 3299 3090 3358 τέκνα
3147 3323 3261 3371 σου,
3294 3303 3382 3357 καὶ
3439 3303 3636 3356 ἀνατε-

256 3401 390 3466 tur,
424 3398 484 3450 ut
515 3396 571 3451 in
605 3389 802 3453 medio
834 3409 1005 3471 aqua;
1035 3389 1260 3465 fenum,
1296 3397 1354 3450 et
1385 3390 1538 3450 sicut
1561 3389 1702 3450 salix
1734 3409 1897 3471 supel

1997 3393 2173 3452 λοῦσιν
2231 3395 2305 3455 ὡς
2335 3391 2601 3465 ἀναμέσον
2652 3388 2837 3453 ὕδατος
2881 3391 3106 3469 χόρτος,
3141 3391 3224 3446 καὶ
3282 3392 3354 3451 ὡς
3384 3389 3498 3445 ἰτέα
3550 3389 3634 3446 ἐπὶ

247 3480 772 3559 praeterfluentem
807 3468 1019 3560 aquam
1055 3479 1107 3541 7.
1148 3503 1167 3534 ι
1223 3477 1358 3540 Ηωε
1393 3478 1601 3552 Isaias,
1634 3468 1897 3558 loquente

1995 3490 2098 3539 πᾶν
2162 3483 2278 3558 ῥέον
2333 3479 2491 3558 ὕδωρ.
2532 3504 2558 3533 n
2625 3480 2721 3536 Καὶ
2792 3468 2956 3536 ταῦτα
2998 3476 3050 3532 δὲ
3111 3468 3337 3535 Ἠσαίου
3392 3478 3489 3552 μέν
3535 3480 3633 3536 είσι

247 3585 373 3648 per
409 3568 601 3649 ipsum
638 3569 742 3631 Dei
768 3569 955 3648 gratia
990 3587 1004 3643 ;
1038 3587 1191 3649 qua),
1227 3569 1386 3629 velut
1417 3568 1465 3628 si
1496 3569 1569 3630 ad
1601 3567 1760 3648 ipsos
1812 3570 1897 3631 di«

1988 3572 2076 3629 καὶ
2132 3577 2230 3636 τῆς
2277 3568 2345 3625 δι’
2404 3572 2566 3626 αὐτοῦ
2621 3566 2990 3646 φθεγγομένης
3045 3572 3138 3622 τοῦ
3195 3566 3326 3622 Θεοῦ
3379 3567 3630 3645 χάριτος,

246 3659 999 3731 cerentur,convenienter
1028 3676 1173 3720 sane
1195 3659 1254 3718 in
1274 3657 1513 3718 eosdem
1547 3668 1897 3736 congruunt.

1989 3659 2198 3726 πολλὴν
2257 3658 2435 3714 δὲκαὶ
2491 3657 2624 3734 πρὸς
2672 3656 2860 3718 αὐτοὺς
2906 3653 3148 3731 λέγεσθαι
3178 3655 3278 3720 τὴν
3327 3655 3629 3722 οἰκειότητα

249 3745 610 3827 Cujusmodi
645 3758 702 3809 et
733 3748 887 3809 istud
920 3766 933 3810 :
977 3770 996 3804 ι
1024 3750 1192 3810 Meus
1223 3766 1287 3809 es
1313 3757 1393 3819 tu,
1428 3757 1485 3808 et
1515 3748 1566 3808 si
1597 3747 1908 3810 transieris

246 3855 498 3918 aquam,
533 3847 729 3900 tecum
791 3856 919 3898 sum
958 3838 1012 3912 8,
1047 3859 1074 3896 ι
1130 3841 1202 3900 Et
1231 3837 1379 3898 hoc:
1443 3859 1464 3892 ιι
1502 3836 1780 3900 Auditam
1814 3837 1904 3898 fa-

251 3932 411 3988 ciam
471 3927 721 3988 salutem
761 3936 940 3993 tuam.
981 3937 1039 3988 et
1082 3925 1192 3988 sub
1243 3926 1457 3987 umbra
1502 3945 1710 3987 manus
1761 3945 1907 3988 meae

253 4024 565 4095 protegam
596 4025 652 4078 te
683 4015 731 4076 9.
771 4042 797 4072 »
834 4015 967 4078 Filii
998 4025 1196 4077 autem
1222 4017 1296 4077 ad
1328 4016 1603 4077 ultimum
1636 4015 1764 4077 vale
1795 4034 1900 4096 pa-

251 4106 534 4168 rentibus
584 4107 768 4180 dicto,
801 4105 1168 4187 spiritualem
1219 4115 1445 4186 patrem
1479 4106 1762 4167 libentius
1799 4123 1900 4167 se-

252 4195 408 4268 cuti,
443 4215 576 4258 cum
611 4215 681 4258 eo
713 4195 772 4256 in
805 4196 1135 4267 desertum,
1168 4213 1233 4255 se
1265 4194 1601 4270 conferunt,
1638 4195 1901 4257 beatum-

255 4303 379 4365 que
409 4285 488 4346 ibi
522 4286 699 4347 finem
737 4293 1206 4365 consequuntur,
1243 4291 1380 4344 ante
1410 4283 1634 4344 obitum
1686 4284 1903 4346 divinis

255 4392 497 4454 quoque
556 4371 906 4435 muneribus
961 4373 1208 4452 dignati,
1243 4391 1311 4433 ac
1369 4380 1490 4432 tum
1527 4372 1662 4433 aliis
1715 4374 1901 4434 sancti

1989 3750 2235 3828 φέροντα·
2295 3760 2410 3804 οῖον
2453 3747 2536 3819 τὸ,
2579 3769 2599 3800 ε
2634 3743 2798 3819 Ἐμὸς
2841 3744 2898 3800 εῖ
2953 3745 3037 3815 σὺ,
3071 3745 3158 3800 καὶ
3210 3744 3300 3800 ἐὰν
3357 3742 3628 3820 διαϐαίνῃς

1989 3839 2057 3895 δι’
2112 3837 2322 3912 ὕδατος,
2369 3838 2506 3910 μετὰ
2567 3842 2659 3892 σοῦ
2716 3835 2844 3903 εἰμι’
2885 3856 2908 3888 ε
2976 3835 3065 3888 καὶ
3118 3834 3202 3908 τὸ,
3271 3856 3297 3887 α
3335 3831 3628 3901 Ἀκουστὴν

1987 3927 2200 3994 ποιήσω
2257 3928 2353 3994 τὴν
2411 3924 2677 4002 σωτηρίαν
2735 3945 2854 3996 σον),
2886 3924 2975 3978 καὶ
3031 3923 3134 3977 ὺπὸ
3191 3922 3286 3988 τὴν
3321 3928 3472 3978 σκιάν
3530 3925 3626 3990 τῆς

1987 4017 2168 4099 χειρός
2201 4039 2302 4090 μου
2346 4014 2599 4070 σκεπάσω
2657 4033 2737 4070 σε.
2770 4031 2799 4071 ι
2837 4015 2897 4069 Οἱ
2945 4011 3042 4086 μὲν
3071 4011 3160 4067 οὔθ
3205 4012 3392 4077 παῖδες
3436 4015 3500 4068 τὰ
3531 4035 3626 4070 τε·-

1984 4106 2206 4164 λευταϊα
2267 4106 2387 4167 τοὺς
2445 4104 2767 4180 γεννήτορας
2812 4101 3201 4175 ἀσπασάμενοι,
3248 4108 3323 4157 τῶ
3380 4124 3624 4176 πνευμα-

1983 4199 2144 4258 τικῶς
2205 4192 2620 4271 ἆναγιννῆσαντι
2654 4189 2861 4264 μᾶλλον
2911 4189 3153 4262 εἵποντο,
3187 4192 3273 4246 καὶ
3301 4191 3394 4245 σὺν
3442 4192 3626 4264 ἐκείνῳ

1982 4286 2082 4353 τὴν
2112 4284 2314 4364 ἔρημον
2345 4279 2694 4359 εἰσελθόντες,
2727 4279 2844 4335 ius!
2873 4280 2934 4334 τὸ
2993 4279 3252 4356 μακάριον
3294 4280 3624 4358 ὺπέρχονται

1984 4373 2160 4446 τέλος,
2191 4372 2542 4452 χαρισμάτων
2600 4370 2688 4426 καὶ
2743 4370 2842 4445 πρὸ
2889 4374 2982 4425 τοῦ
3025 4367 3204 4428 τέλους
3248 4371 3401 4424 θείων
3460 4368 3624 4434 ἀξιω-

254 4460 519 4541 Spiritus
544 4463 739 4537 donis,
775 4470 898 4523 tum
956 4460 1317 4522 vaticinandi
1350 4461 1628 4521 facultate
1675 4461 1897 4541 pollen-

1986 4462 2184 4534 θέντες,
2218 4460 2557 4539 προῤῥήσεών
2601 4480 2656 4514 τε
2718 4460 2806 4513 καὶ
2860 4455 3070 4536 δωρεῶν
3126 4455 3302 4516 ἄλλων
3331 4465 3423 4515 τοῦ
3486 4459 3623 4538 ἀγα.

253 4559 718 4704 ιθέίΧΧΙῬεῑει*
745 4659 884 4703 vero
914 4641 1154 4702 illorum
1191 4641 1515 4721 prazclarus
1547 4641 1903 4719 evangelicae

249 4729 591 4812 disciplina!
636 4740 983 4804 asseclator,
1019 4731 1279 4791 dimissis
1323 4730 1698 4810 venditisque
1729 4731 1901 4792 bonis

252 4823 557 4897 omnibus,
584 4839 653 4884 ea
687 4820 1002 4900 egentibus
1034 4820 1359 4892 distribuit,
1382 4838 1639 4900 eumque
1675 4819 1732 4880 in
1769 4839 1896 4881 mo-

253 4909 393 4972 dum
428 4910 748 4972 levissimis
791 4909 1175 4989 minimisque
1199 4910 1380 4972 rebus
1403 4910 1748 4971 universum
1781 4909 1896 4971 sibi

251 5001 536 5061 caelorum
559 5017 806 5077 regnum
828 4999 1216 5078 comparavit.
1245 4997 1364 5060 Sed
1395 5005 1455 5059 et
1483 4997 1675 5060 servis
1706 4998 1896 5058 omni-

248 5085 360 5149 bus
376 5088 719 5150 domesticis
741 5087 1010 5150 libertate
1033 5087 1406 5162 donatis,hac
1425 5087 1656 5149 ratione
1687 5086 1748 5148 in
1783 5106 1894 5148 nu-

249 5195 478 5239 merum
501 5178 754 5239 filiorum
781 5176 1040 5239 cmlestis
1056 5175 1248 5238 Patris
1269 5176 1478 5239 referri
1500 5175 1890 5238 studuit.Inde

249 5267 404 5328 thori
448 5268 700 5348 vitaeque
750 5277 808 5327 et
855 5266 1127 5346 ejusdem
1162 5269 1336 5346 plane
1385 5265 1502 5325 voti
1551 5275 1888 5327 consortem

246 5357 602 5418 venerandis
679 5356 1036 5437 quibusdam
1099 5355 1454 5418 mulieribus
1524 5355 1889 5434 virginibus-

326 5571 356 5623 ’1
383 5569 497 5634 Isa.
531 5586 690 5646 χειν,
725 5573 785 5634 3.
875 5569 1048 5634 815a.
1087 5587 1250 5634 me.
1283 5572 1344 5647 2,
1381 5586 1487 5653 ιιι,
1524 5570 1579 5633 7.

1983 4557 2073 4610 θοῦ
2117 4553 2446 4624 Πνεύματος.

2065 4640 2204 4702 ΛΑ’,
2268 4633 2325 4696 εΟ
2357 4637 2412 4695 δέ
2469 4660 2528 4716 γε
2575 4636 2750 4715 πατὴρ
2808 4637 3005 4708 αὐτῶν,
3041 4633 3335 4712 πληρωτὴς
3379 4637 3622 4714 ἀντικρὺς

1983 4738 2075 4788 τοῦ
2137 4728 2457 4808 Εὖαγγελίου
2517 4725 2803 4784 δείκνυται·
2865 4725 2954 4780 καὶ
3010 4721 3230 4798 πέμψας
3264 4727 3346 4781 καὶ
3393 4728 3459 4781 τὰ
3492 4729 3618 4784 ἐαυ-

1982 4827 2074 4876 τοῦ
2127 4819 2383 4888 πωλήσας
2411 4818 2644 4894 ἅπαντα,
2675 4816 2761 4870 καὶ
2815 4813 3008 4880 πένησι
3049 4811 3277 4885 διαδοὺς,
3312 4817 3399 4871 καὶ
3455 4815 3622 4881 οὕτως

1980 4908 2206 4966 εὐτελῶν
2274 4930 2331 4964 τε
2391 4909 2478 4963 καὶ
2541 4911 2779 4980 σμικρῶν
2849 4900 3121 4979 βασιλείαν
3196 4907 3431 4981 οὐρανῶν
3487 4905 3620 4973 ὅλην

1977 5001 2149 5072 ἑαυτῷ
2217 4998 2590 5070 ὠνησάμενος,
2651 4994 2942 5072 ἐλευθερίας
3007 5015 3068 5049 τε
3137 4993 3276 5049 ἃπαν
3346 4994 3502 5054 αὐτοῦ
3563 4998 3620 5051 τὸ

1977 5088 2234 5145 οἰκετικὸν
2291 5086 2544 5152 ἀξιώσας,
2579 5082 2645 5141 δι’
2707 5086 2782 5140 ὦν
2840 5082 3092 5138 ἔσπευσεν
3154 5084 3226 5148 εἰς
3268 5085 3405 5148 υἱοὺς
3461 5084 3616 5149 αὐτὸς

1975 5177 2272 5255 ἐγγαφῆναι
2322 5184 2414 5232 τοῦ
2443 5175 2680 5252 οὐρανίου
2727 5175 2959 5252 Πατρὸς,
2993 5174 3118 5229 εἶτα
3160 5175 3254 5228 καί
3296 5173 3392 5239 τήν
3443 5175 3618 5232 σύνοι-

1973 5291 2066 5339 κον
2124 5269 2265 5338 αῦτῷ
2294 5271 2392 5322 καὶ
2455 5263 2682 5339 σάμϐιον
2738 5262 2950 5329 ἀληθῶς
3010 5264 3198 5318 καὶτὸ
3241 5262 3297 5318 ἓν
3353 5265 3614 5321 πνέουσαν

1974 5357 2172 5436 γυναιξὶ
2219 5369 2444 5431 σεμναῖς
2505 5355 2590 5410 καὶ
2647 5352 2922 5431 παρθένοις
2997 5352 3257 5430 έντάττει,
3316 5350 3455 5409 οὕτω
3521 5356 3613 5413 σὺν

1665 5571 1697 5621 9
1725 5571 1836 5633 Isa.
1865 5586 1948 5647 LI,
1981 5570 2084 5637 46.
