3996 6178
332 323 481 398 1043

1604 323 1884 399 MENSIS
1942 317 2398 399 JANUARIUS.

3593 327 3741 395 l0“.

324 479 462 554 αὐτῇ
511 476 742 547 θελήσας
803 478 875 540 εἷς
935 478 1026 534 τὸν
1084 478 1164 534 ἀεὶ
1222 499 1420 557 χρονον
1482 483 1548 553 τῇ
1607 479 1707 550 μιᾷ
1765 475 1975 556 κεφαλῇ

2141 493 2188 537 ιθ
2213 471 2555 548 committit;
2589 471 2676 532 sic
2713 489 2848 532 cum
2881 470 3010 550 ipsa
3041 469 3286 534 Christo
3324 462 3442 526 uni
3477 462 3725 525 omnium

330 566 515 624 πάντω
528 592 545 623 θ
561 568 790 646 μΧριστῴ
821 567 1168 646 ωναφθῆναι.

411 655 503 715 Α¹.
558 639 702 716 "Huc
735 657 823 712 καὶ
884 654 1155 712 πολιτείαν
1215 655 1513 729 μετελοῦσα
1567 655 1683 712 λίαν
1737 657 1975 732 ὑψηλὴν,

330 746 417 803 καὶ
463 745 665 823 ὀλίγοις
712 747 965 822 βάσιμον,
1027 743 1332 823 ἀρραϐῶνας
1388 745 1552 825 ἔσχεν
1609 745 1822 823 ἐντρυθα
1878 748 1976 812 τῆς

331 836 459 913 πρὸς
493 836 622 891 Θεὸν
655 833 971 898 οἰκειώσεως
1027 833 1123 888 καῖ
1153 831 1631 909 τῆςιέκδεξομὲνγ,ς
1661 834 1821 901 αὐτὴν
1881 835 1976 890 ἐκ-

332 928 474 980 εῖθεν
522 923 946 1000 μακαριότητος,
983 921 1344 998 δαιμονῶντας
1401 923 1693 999 ἰασαμένη,
1721 928 1819 980 καὶ
1852 927 1984 981 πολ-

331 1013 440 1070 λῶν
499 1012 678 1068 ὂὶλλων
747 1019 1060 1087 νοσημάτων
1105 1015 1242 1092 εὖχῇ
1302 1014 1636 1092 κρατήσασα.
1700 1005 1757 1070 Ὀ
1814 1012 1868 1069 δέ
1929 1035 1984 1092 γε

330 1107 478 1167 θεῖος
536 1108 612 1176 τῷ
668 1100 778 1158 ὄντι
831 1105 918 1159 καὶ
949 1103 1388 1178 θαυμασιώτατος
1448 1101 1647 1181 ἀνδρῶν
1704 1107 1982 1181 Ξενοφῶν,

332 1192 548 1271 τρίχινα
597 1189 846 1266 ὕπενδὺς,
879 1190 1057 1267 πολλῇ
1095 1213 1151 1246 τε
1199 1193 1315 1269 περὶ
1344 1193 1442 1258 τὴν
1494 1190 1693 1248 δίαιταν
1751 1192 1985 1264 εὐτελείᾳ

337 1281 682 1360 χρῆσάμενος
742 1282 830 1337 καὶ
901 1281 1254 1354 κακοπαθείᾳ,
1317 1280 1404 1335 καὶ
1473 1282 1630 1338 οἱονεὶ
1683 1279 1828 1345 δίκας
1887 1281 1984 1348 τήν

338 1368 707 1447 προλαϐοῦσαν
769 1369 1182 1446 εἰσπραξάμενος
1256 1368 1626 1444 πολυτέλειαν,
1686 1371 1781 1438 τὴν
1845 1392 1983 1428 παν·-

339 1458 538 1537 ἑρημόν
591 1480 649 1513 τε
703 1456 1046 1538 καταλαϐὼν,
1079 1459 1240 1514 κάκεῖ
1278 1461 1370 1514 τὸν
1408 1458 1698 1516 ὑπόλοιπον
1742 1467 1832 1516 τοῦ
1873 1459 1986 1535 βίου

339 1548 535 1628 χρόνον
609 1546 918 1624 διενεγκὼν,
979 1548 1336 1624 προγνώσεών
1407 1570 1463 1604 τε
1528 1550 1612 1606 καὶ
1684 1549 1988 1627 μυστηρίων

341 1637 427 1691 καὶ
495 1635 745 1715 μεγάλων
824 1637 1179 1715 χαρισμάτων
1265 1636 1508 1701 ἆξὶωθείς
1544 1684 1561 1712 ,
1635 1637 1823 1702 πολιὸς
1891 1638 1988 1703 τὴν

341 1725 524 1806 τρίχα,
559 1727 742 1803 νεαρὸς
792 1726 890 1792 τὴν
950 1724 1205 1804 σπουδὴν,
1242 1727 1371 1803 πρὸς
1431 1728 1526 1791 τὰς
1571 1727 1770 1783 ἐκεῖθεν
1826 1726 1990 1800 μονὰς

349 1814 788 1892 παραπέμπεται,
835 1814 1106 1892 ἅνθρωπος
1167 1814 1377 1882 ἀληθῶς
1437 1815 1528 1874 τοῦ
1573 1818 1704 1873 Θεοῦ
1759 1817 1990 1893 γενόμε-

344 1927 457 1978 νος,
517 1906 603 1961 καὶ
655 1903 778 1960 ὅλον
842 1905 998 1961 οἷκον
1067 1906 1394 1982 καθιερώσας
1451 1907 1616 1984 αὐτῷ,
1678 1903 1880 1981 σπουδῇ
1934 1927 1992 1960 τε

348 1995 497 2070 πάσῃ
554 1995 878 2073 θεραπεύσας
936 1995 1249 2066 πανοικεσίᾳ
1319 1995 1437 2050 κατ’
1499 1995 1828 2075 ἀμφοτερους
1875 1997 1992 2057 τοὺς

346 2083 488 2145 υἱοὺς
548 2083 810 2162 μακάριος
882 2080 1246 2161 ἀποδειχθεὶς,
1294 2084 1355 2138 τὸ
1410 2082 1724 2157 καινότστόν
1780 2106 1837 2140 τε
1907 2085 1994 2140 καὶ

347 2171 740 2250 χαλεπώτατον
795 2169 1130 2237 σωτηριῶδες
1191 2170 1489 2250 ὑποδειγμα
1519 2173 1804 2249 γενόμενος
1862 2180 1992 2229 πᾶσι

349 2273 468 2324 τοῖς
524 2260 623 2326 τὴν
692 2259 927 2335 ἁλμυρὰν
984 2261 1120 2334 ἡμῖν
1151 2267 1239 2316 τοῦ
1300 2261 1413 2336 βίου
1469 2260 1687 2318 πλέουσι
1735 2261 1994 2318 θάλατταν

355 2350 444 2406 καὶ
504 2349 761 2420 σώζεσθαι
791 2347 1160 2426 βουλομένοιςο
1215 2351 1272 2405 ὃν
1331 2352 1375 2406 εἰ
1420 2351 1496 2425 μὴ
1547 2352 1829 2424 θαυμάζειν
1888 2351 1994 2427 μό-

351 2461 464 2518 νον,
499 2437 637 2494 ἆλλὰ
687 2441 776 2495 καὶ
832 2441 1134 2515 μιμεῖσθαι,
1179 2438 1565 2514 σπουδάζομεν,
1621 2440 1848 2521 μέτοχοι
1894 2447 1998 2496 τῶν

360 2529 629 2604 μενόντων
691 2530 845 2585 αὐτὸν
902 2528 1112 2606 ἀγαθῶν
1171 2528 1423 2604 ἐσόμεθα,
1454 2531 1510 2585 ἓν
1561 2536 1769 2608 Χριστῷ
1827 2531 2000 2597 Ἰησοῦ

357 2625 434 2692 τῷ
481 2618 653 2696 Κυρίῳ
699 2618 875 2694 ἡμῶν,
910 2619 955 2692 ᾧ
1011 2617 1201 2696 πρέπει
1259 2625 1402 2673 πᾶσα
1464 2617 1604 2694 δόξα,
1663 2621 1814 2694 τιμὴ,
1863 2621 1998 2696 κρά-

355 2728 466 2786 τος,
512 2705 853 2783 μεγαλοσύνη
913 2707 1001 2762 καί
1062 2705 1520 2784 μεγαλοπρέπεια,
1575 2714 1683 2784 νῦν,
1749 2711 1835 2764 καὶ
1892 2709 1994 2782 ἀεὶ,

350 2797 439 2852 καὶ
468 2797 540 2860 εἷς
572 2796 692 2862 τοὺς
729 2797 923 2859 αἰῶνας
954 2799 1059 2850 τῶν
1090 2795 1318 2857 αἰώνων.
1355 2795 1551 2871 Ἀμήν.

2065 557 2246 645 capiti
2281 570 2564 624 aeternum
2592 557 2863 622 connecti
2895 559 3279 620 desiderans.

2141 643 2370 716 XXXII.
2404 653 2602 730 Atque
2633 650 2736 711 ille
2785 650 3024 730 quidem
3059 645 3314 710 sublimi
3370 643 3562 724 plane
3599 658 3736 722 pau-

2062 745 2270 824 cisque
2319 757 2560 802 accesso
2617 738 2756 800 vitae
2803 755 3022 817 genere
3074 737 3246 812 inito,
3287 733 3499 796 etiam
3546 732 3742 824 arrhas

2067 820 2324 896 obtinuit
2353 848 2460 891 seu
2493 829 2766 890 maximae
2795 827 2892 888 hic
2921 846 3055 888 cum
3081 825 3204 888 Deo
3227 820 3743 895 necessitudinis,

2067 923 2170 985 sed
2223 917 2522 982 manentis
2555 935 2685 979 eam
2743 917 3031 997 deinceps
3061 913 3409 987 felicitatis,
3445 920 3582 974 tum
3635 910 3749 971 da:-

2071 1009 2350 1074 monibus
2378 1017 2618 1070 vexatos
2648 1005 2916 1067 liberans
2948 1015 3072 1066 tum
3109 1004 3223 1066 alia
3257 1002 3482 1064 multa
3514 998 3755 1060 inﬁrmi-
3853 1063 3858 1065 _

2075 1109 2253 1162 latum
2309 1116 2532 1176 genera
2562 1096 2904 1176 precatione
2953 1094 3289 1174 depellens.
3334 1091 3616 1154 Divinus
3654 1107 3756 1150 au-

2070 1199 2188 1253 tem
2243 1197 2421 1269 atque
2473 1188 2625 1249 inter
2676 1185 2833 1246 viros
2883 1183 3287 1246 admiratione
3348 1178 3760 1259 dignissimus

2067 1278 2425 1358 Xenophon,
2464 1276 2681 1337 detrita
2708 1283 2871 1336 veste
2911 1274 3178 1346 indutus,
3214 1286 3611 1351 magnaeque
3642 1274 3760 1330 vic-

2067 1377 2160 1430 tus
2211 1366 2625 1448 parcimonite,
2659 1372 2718 1426 et
2768 1364 3158 1446 asperitaium
3205 1361 3579 1423 tolerantia;
3633 1376 3760 1448 sese

2070 1447 2323 1530 dedens,
2361 1454 2612 1536 perinde
2663 1453 2830 1534 quasi
2879 1453 3143 1534 pristinae
3191 1447 3694 1531 magniﬁcentiae
3733 1465 3765 1508 ι

2071 1565 2137 1608 se
2192 1563 2399 1626 poenas
2429 1544 2721 1622 exigeret,
2754 1542 2814 1604 in
2872 1542 3354 1604 desertissimum
3393 1540 3620 1601 locum
3672 1554 3764 1598 se-

2071 1635 2274 1709 cessit,
2310 1635 2412 1695 ubi
2447 1643 2687 1713 peracta
2717 1631 2947 1714 reliqua
3001 1633 3143 1705 vita,
3176 1627 3760 1706 vaticinationibus,

2073 1723 2428 1804 arcanisque
2472 1730 2533 1784 et
2585 1722 2859 1783 maximis
2917 1720 3155 1782 dotibus
3211 1719 3524 1798 insignis,
3582 1733 3766 1777 canus

2017 1845 2052 1894 Β
2075 1813 2294 1894 capite,
2331 1811 2642 1891 diligentia
2669 1811 2937 1890 juvenis,
2973 1810 3031 1871 in
3070 1810 3434 1871 mansiones
3491 1806 3638 1869 illas
3665 1823 3763 1866 re-

2075 1913 2284 1984 ceptus
2318 1910 2410 1964 est
2438 1921 2453 1962 :
2509 1900 2596 1961 vir
2621 1901 2866 1962 omnino
2900 1900 3020 1962 Deo
3072 1901 3332 1973 deditus,
3374 1908 3449 1959 ut
3480 1897 3595 1978 qui
3627 1913 3765 1956 con-

2076 2000 2311 2055 secrata
2342 1990 2452 2069 ipsi
2486 1990 2665 2051 domo
2699 1999 2836 2060 tota,
2873 1991 3157 2070 omnique
3183 1988 3540 2050 sedulitate
3566 1985 3760 2047 eidem

2075 2082 2342 2144 serviens
2386 2098 2519 2140 cum
2551 2079 2831 2141 universa
2858 2078 3081 2140 familia
3108 2079 3442 2158 utriusque
3494 2075 3641 2137 vita?
3671 2073 3762 2134 fe-

2077 2170 2296 2233 licitate
2355 2168 2718 2249 conspicuus
2769 2169 3031 2230 exstitit:
3098 2168 3388 2229 nimirum
3462 2163 3758 2226 omnibus

2079 2259 2472 2321 salsissimum
2505 2258 2635 2318 vitm
2664 2258 2841 2335 hujus
2873 2275 3036 2319 mare
3094 2255 3562 2335 navigantibus,
3600 2251 3760 2314 salu-

2082 2350 2269 2429 tisque
2315 2346 2598 2408 studiosis
2630 2345 3014 2408 novissimum
3045 2364 3112 2407 ac
3143 2345 3620 2418 difﬁcillimum,
3657 2339 3761 2403 sed

2082 2437 2342 2500 salutare
2391 2437 2730 2518 exemplum
2766 2435 3034 2498 effectus.
3070 2435 3261 2507 Quem
3293 2435 3345 2496 si
3403 2453 3542 2495 non
3573 2430 3761 2494 admi-

2080 2527 2205 2590 rari
2254 2527 2553 2601 duntaxat,
2587 2543 2794 2588 verum
2827 2526 3005 2588 etiam
3043 2524 3264 2586 imitari
3321 2523 3757 2586 studuerimus

2084 2618 2146 2679 in
2203 2616 2473 2679 eamdem
2507 2634 2640 2676 cum
2701 2621 2828 2696 ipso
2886 2614 3182 2677 honorum
3231 2612 3758 2676 communionem

2083 2707 2417 2781 veniemus,
2451 2705 2512 2766 in
2543 2703 2777 2768 Christo
2806 2703 2950 2768 Jesu
2983 2714 3042 2766 et
3088 2703 3344 2768 Domino
3373 2711 3632 2778 nostro,
3663 2697 3756 2762 cui

2079 2796 2334 2858 debetur
2389 2794 2584 2857 omnis
2639 2795 2853 2875 gloria,
2912 2795 3128 2869 honor,
3181 2794 3395 2869 virtus,
3467 2791 3758 2872 majestas

2076 2903 2146 3035 ἒς
2197 2884 2660 2963 magniﬁcentia,
2703 2903 2862 2946 nunc
2915 2890 2974 2946 et
3005 2886 3064 2945 in
3096 2882 3313 2947 saecula
3343 2881 3747 2945 saeculorum.

2131 2992 2292 3035 men.

2131 2992 2292 3038 men.

3920 2115 3924 2317 ι

3917 2331 3924 2681 ξ
