3996 6178
272 317 451 386 ως

1332 320 1521 384 VITA
1565 322 1629 384 Si
1672 319 1996 407 JOANNIS
2045 317 2601 382 CHRYSOSTOMI.

3496 312 3516 378 1
3529 310 3649 379 050

256 457 509 533 capiam:
548 452 758 532 γραφὴν
818 454 878 507 τὸ
940 460 1191 510 ταπεινὸν
1248 464 1404 514 τοῦτο
1461 455 1553 511 καί
1618 456 1744 534 παρ’
1802 459 1910 533 om

2014 453 2236 517 tionem
2262 452 2673 514 statuissemus
2692 449 3079 530 colere,zegre
3105 445 3397 511 ferentes!
3416 445 3647 511 Deinde

265 543 565 609 Senserat;
620 542 960 600 ἀπόπτυστον
1022 547 1141 620 περὶ
1185 541 1388 602 πολλοῦ
1448 546 1801 626 ποιουμένην,
1843 568 1910 604 κα

2014 546 2215 607 statim
2268 540 2677 604 adducebatur
2727 538 2789 601 in
2820 539 3163 620 exemplum
3200 536 3412 602 Daniel
3441 544 3499 598 et
3528 543 3651 600 tres

255 636 355 698 ὸς
399 631 549 691 οὐδέν
606 655 658 689 τι
715 630 849 689 ἀλλο
918 636 1180 706 τιμῶσαν⁹
1242 634 1303 690 τὸ
1358 630 1414 690 δὲ.
1471 637 1717 714 περιττὸν
1771 636 1929 715 φιλό-

2014 636 2181 713 pueri
2206 630 2342 695 LEX
2359 630 2579 711 quibus
2603 629 2702 691 ille
2726 629 2992 707 quidem,
3024 627 3238 708 inquit,
3249 634 3492 707 propter
3514 626 3645 688 ani-

252 744 435 796 τιμον
505 720 569 778 ιιι
638 722 835 782 παντὸς
909 718 1296 778 διαϐάλλουσαν
1323 769 1341 796 ,
1417 723 1503 780 καὶ
1569 714 1795 802 μικρῶν
1843 746 1910 781 κα

2018 740 2128 783 σιω
2159 720 2577 783 contritionem
2632 726 2692 780 et
2737 717 2985 798 spiritus
3038 715 3540 790 moderationem,
3574 714 3649 778 ab

266 809 479 868 ἀθλίων
539 814 733 889 ψυχῶν
766 808 936 884 ἔρωτα
992 807 1222 889 μᾶλλον,
1283 810 1414 889 οὐχί
1474 811 1747 889 μεγάλων,
1810 812 1927 885 οὐδὲ

256 900 533 979 γενναίων
589 900 716 959 αὐτὸ
745 897 1049 972 τιθεμένην.
1081 898 1249 955 ’Ὥστε
1297 901 1391 956 οὐκ
1420 900 1636 975 ἀμαθῶς
1668 902 1778 979 ἐγὼ
1806 916 1925 967 τοῖς

256 988 527 1052 πλείονος
586 991 796 1061 τίθεμαι
840 986 1003 1063 λόγου
1060 987 1211 1045 τουτί
1275 989 1336 1044 τὸ
1392 988 1634 1068 μέτριονο
1684 991 1795 1048 ἐπεὶ
1838 987 1927 1048 καὶ

255 1078 533 1141 τοίούτοις
595 1075 839 1134 εὖδοκεῖν
868 1076 1119 1151 μανθάνω
1174 1077 1233 1133 τὸ
1274 1080 1445 1151 θεῖον,
1477 1079 1563 1137 καὶ
1608 1080 1768 1159 χάριν
1824 1082 1923 1155 μὲν

259 1168 520 1246 παρέχον
562 1166 683 1231 τοῖς
728 1177 1035 1243 ταπεινοῖς,
1067 1178 1187 1229 τοῖς
1231 1164 1276 1221 δ’
1309 1165 1556 1232 ἐναντίως
1591 1167 1779 1248 ἔχουσι
1828 1170 1920 1226 καί

259 1256 622 1335 μαχόμενον,
710 1263 886 1314 Ταῦτα
993 1254 1195 1314 ὶκείνου
1279 1253 1529 1333 λέγοντος
1566 1305 1583 1330 ,
1668 1258 1923 1326 ἔκπληξις

258 1342 546 1420 ὶλάμόανε
599 1345 719 1407 τοὺς
786 1344 1021 1423 πατέρας
1083 1344 1194 1423 [γρ.
1254 1347 1555 1423 uad-mu].
1616 1346 1925 1405 Ἠκολούθει

259 1430 327 1490 δὲ
390 1435 605 1499 πάντως
667 1435 754 1491 καὶ
782 1436 817 1502 ἡ
861 1434 967 1491 ἀπὸ
1022 1435 1130 1492 τῶν
1181 1435 1434 1512 ῥημάτων
1476 1436 1730 1514 ὠφέλεια·
1789 1437 1927 1495 ὥστε

259 1524 467 1598 μισθὸν
496 1525 679 1589 αὐτοῖς
726 1530 963 1581 τοιοῦτον
996 1521 1193 1579 διδόναι
1242 1529 1341 1589 τῆς
1375 1525 1447 1591 εἰς
1498 1527 1586 1582 τὸν
1619 1526 1733 1603 βίον
1788 1550 1926 1605 προ-

255 1610 419 1681 όδου,
479 1613 564 1668 καὶ
625 1612 752 1689 παρ’
813 1611 1026 1668 ὶκείνων
1102 1610 1286 1677 ἀπλῶς
1319 1614 1379 1670 τὸ
1450 1613 1593 1670 εἶναι
1670 1614 1923 1695 λαϐόντα,

261 1700 336 1757 τδ
388 1702 448 1756 εὗ
518 1700 663 1758 εἶναι
724 1702 939 1763 τούτους
1001 1702 1296 1780 φιλοτίμως
1353 1700 1681 1777 ἀμείϐεσθαι,
1759 1704 1924 1768 Μόλις

2012 811 2375 873 oreleonum
2400 809 2551 870 adiri
2576 826 2690 870 non
2718 807 2930 887 potuit,
2967 808 3053 869 illi
3074 816 3271 869 autem
3307 805 3561 884 conjecti
3586 804 3649 867 in

2009 901 2315 964 fornacem
2349 900 2759 979 ignis,tantum
2784 896 2971 958 abfuit
2994 905 3054 958 ut
3075 896 3147 959 ab
3173 896 3305 975 ipso
3332 895 3647 956 vinceren-

2012 1002 2123 1059 tur,
2151 994 2401 1049 utetiam
2429 988 2847 1060 propemodum
2876 990 3203 1047 viderentur
3228 985 3496 1044 ministro
3516 986 3649 1058 igne

2009 1085 2266 1150 utentes,
2293 1087 2353 1137 et
2382 1078 2438 1135 in
2467 1073 2767 1149 inimicos,
2797 1074 2895 1151 qui
2926 1071 3473 1143 circumsistebant,
3508 1088 3648 1132 eum

2004 1165 2231 1245 absque
2262 1164 2379 1226 ullo
2413 1164 2806 1224 immitterent
2839 1160 3267 1241 impedimento
3299 1160 3349 1225 9.
3406 1159 3650 1240 Alioqui

2006 1265 2205 1318 autem
2240 1253 2461 1334 ubique
2484 1252 2723 1315 invenio
2746 1251 3005 1314 divinam
3030 1249 3430 1331 Scripturam,
3468 1249 3643 1323 hanc,

2011 1362 2141 1425 quae
2168 1343 2321 1425 apud
2357 1342 2742 1422 vos,judices,
2777 1337 3649 1420 babeturconte-rvptui,humi-

2011 1436 2219 1493 litatem
2247 1435 2459 1506 ubique
2485 1436 2677 1503 magni
2703 1434 2911 1493 facere.
2946 1443 2998 1489 et
3024 1442 3081 1489 ut
3102 1430 3245 1489 nihil
3274 1428 3645 1499 magis,com-

2012 1519 2298 1581 mendare
2324 1542 2336 1577 :
2374 1518 2584 1580 fastum
2611 1535 2745 1579 vero
2773 1524 2830 1578 et
2858 1516 3103 1577 honoris
3134 1513 3395 1576 studium
3431 1528 3643 1591 repre-

2011 1609 2302 1671 hendere:
2328 1608 2509 1689 idque
2527 1607 2725 1688 pusilli
2750 1614 2805 1669 et
2830 1605 3047 1685 ahjecti
3068 1623 3200 1668 esse
3219 1603 3413 1684 potius
3434 1599 3643 1676 animi,

2010 1718 2183 1779 quam
2212 1697 2428 1760 excelsi
2462 1707 2523 1759 et
2556 1696 2776 1776 magni,
2809 1697 3051 1758 ducere.
3085 1691 3487 1767 Quamobrem
3523 1708 3643 1752 non

252 1788 323 1846 δὲ
369 1802 493 1852 τοῖς
547 1796 759 1866 γονεῦσι
819 1788 1063 1856 πεισθείς
1120 1789 1392 1870 ἠνϐσχετο
1449 1794 1513 1849 τὸ
1554 1794 1644 1849 σὺν
1689 1793 1762 1851 ἐνὶ
1816 1800 1910 1851 τῶι.

2009 1810 2117 1869 ego
2150 1792 2495 1871 ignoranter
2520 1789 2708 1870 pluris
2740 1787 2892 1850 facio
2924 1789 3076 1877 hanc
3109 1783 3587 1877 mediocritatem
3626 1800 3640 1877 ξ

251 1876 475 1935 παίδων
532 1878 745 1936 ἀπιέναι
774 1880 905 1957 πρὸς
955 1879 1054 1946 τὴν
1110 1877 1405 1958 διατριϐήν.
1441 1883 1513 1939 Οὐ
1557 1881 1693 1939 πολὺ
1722 1885 1781 1939 τὸ
1830 1884 1910 1940 ἐν·

2004 1882 2195 1944 Deum
2222 1882 2380 1943 enim
2421 1879 2596 1941 didici
2643 1878 2739 1939 his
2762 1875 3046 1940 delectari
3071 1877 3247 1955 (solet
3272 1874 3430 1935 enim
3464 1871 3645 1934 simul

263 1966 451 2042 μέσῳ,
485 1969 574 2024 καὶ
618 1970 647 2024 ὁ
690 1968 789 2042 μὲν
835 1968 1012 2047 πατὴρ
1067 1968 1411 2038 ἀπήλλακται
1455 1974 1560 2027 τῶν
1617 1972 1914 2048 παρόντων·

251 2058 299 2125 ἡ
358 2058 543 2132 μήτηρ
602 2054 679 2131 δὲ,
740 2058 831 2114 καὶ
889 2079 1130 2136 προωρον
1188 2059 1369 2138 ὥσπερ
1430 2059 1542 2138 [ἳσ.
1596 2061 1777 2136 ὥσπερ
1834 2062 1920 2118 καὶ

259 2146 541 2223 πρόωρον]
597 2146 929 2221 ὑπομείνασα
992 2148 1095 2214 τὴν
1163 2149 1419 2227 χηρείαν,
1479 2151 1566 2206 καὶ
1621 2149 1708 2207 ἐπὶ
1772 2149 1919 2208 παιδὶ

259 2235 377 2307 νέῳ
431 2236 520 2291 τὸν
574 2234 690 2311 βίον
734 2232 1055 2315 σαλεύουσα,
1100 2239 1291 2314 μυρὶαν
1346 2243 1472 2317 εἶχε
1529 2240 1628 2306 τὴν
1686 2239 1771 2296 ἐπὶ
1816 2246 1922 2296 τῶν

259 2323 607 2401 πραγμάτων
691 2322 1029 2400 ἀνωμαλίαν,
1110 2327 1198 2383 καὶ
1281 2326 1459 2384 πολλᾶ
1537 2328 1604 2385 τά
1684 2326 1921 2408 δυσχερῆ

261 2411 565 2469 συνέπιπτε
610 2412 728 2470 καθ’
785 2413 1042 2489 ἑκάστην,
1094 2419 1188 2473 οἶα
1241 2417 1399 2491 μόναι
1453 2420 1505 2474 αἱ
1549 2424 1768 2475 τοιαῦτα
1810 2442 1922 2475 πα·-

262 2505 453 2559 θοῦσαι
524 2504 708 2581 σαφῶς
765 2501 1097 2566 ίπίστανται.
1188 2504 1400 2562 Τούτων
1470 2505 1648 2573 ἰκεὶνη
1714 2508 1919 2587 βραχὺν

267 2590 475 2671 ἔχουσα
531 2588 722 2670 λόγον,
755 2589 847 2649 δύο
903 2598 1008 2649 τῶν
1059 2593 1274 2653 πάντων
1329 2594 1575 2659 πλείοιος
1619 2594 1763 2663 ἠξίου
1824 2618 1921 2669 με-

268 2680 462 2757 ρίμνης
518 2681 581 2737 τὸ
639 2678 868 2755 μηδενὸς
929 2683 1065 2756 μετά
1125 2682 1226 2750 τήν
1284 2690 1376 2739 τοῦ
1434 2682 1619 2761 ἀνδρὸς
1664 2685 1916 2753 τελευτὴν

275 2768 457 2843 ἑτέρου
510 2769 805 2849 προσέχειν
836 2768 991 2848 ἔρωτι
1034 2770 1278 2849 (καὶγὰρ
1329 2772 1485 2853 εἶχεν
1541 2772 1619 2830 ἔτι
1644 2780 1742 2842 τὴν
1786 2772 1914 2843 ἡλι-

272 2856 388 2912 κίαν
435 2870 552 2921 ταῖς
605 2858 879 2925 τοιαύταις
937 2859 1133 2938 πάγαις
1185 2858 1507 2937 ἁλώσιμον),
1566 2865 1655 2921 καὶ
1702 2865 1762 2920 τὸ
1824 2866 1917 2921 τὸν

272 2943 444 3003 παῖδα
488 2946 627 3004 οὓτω
686 2950 1026 3027 προαγαγεῖν
1083 2945 1191 3029 [γρ.
1255 2950 1584 3033 προσάγειν],
1616 2954 1689 3017 ὡς
1742 2952 1916 3028 μηδε-

2004 1988 2138 2032 cum
2153 1979 2401 2032 externo
2421 1969 2627 2031 habitu
2640 1969 2791 2032 afﬁci
2807 1969 3115 2047 anima),et
3130 1966 3379 2046 gratiam
3400 1962 3643 2043 quidem

2004 2059 2272 2138 prabere
2294 2058 2623 2122 humilibus
2640 2060 2710 2120 δε
2744 2059 2816 2120 iis
2846 2055 3177 2138 autem,qui
3210 2064 3420 2117 contra
3441 2070 3508 2114 se
3530 2050 3641 2112 ha-

2001 2147 2497 2225 bent,adversari.
2532 2147 2670 2210 Haec
2699 2147 2802 2210 illo
2826 2147 3089 2226 dicente,
3117 2152 3401 2226 parentes
3429 2140 3640 2204 obstu-

2006 2250 2285 2319 puerunt.
2322 2240 2659 2301 Consecuta
2687 2246 2779 2301 est
2801 2246 2999 2299 autem
3026 2236 3486 2313 omnino,quzea
3516 2249 3642 2292 ver-

2006 2326 2195 2399 bis,ut
2216 2329 2409 2408 potius
2430 2345 2561 2408 qua
2582 2345 2616 2388 a
2635 2327 2810 2389 factis
2830 2324 3191 2406 procedebat
3212 2322 3462 2385 utilitas:
3486 2320 3635 2383 adeo

2005 2425 2071 2477 ut
2093 2416 2269 2479 talem
2296 2418 2385 2480 eis
2406 2418 2577 2478 daret
2600 2417 2945 2479 mercedem
2971 2434 3096 2477 sum
3116 2414 3178 2476 in
3212 2413 3385 2474 vitam
3420 2409 3638 2491 produ-

2004 2506 2217 2568 ctionis
2240 2527 2255 2569 :
2277 2516 2336 2570 et
2368 2506 2469 2587 qui
2494 2506 2567 2567 ab
2591 2505 2679 2568 eis
2705 2505 2950 2587 quidem
2983 2505 3178 2567 solum
3206 2508 3541 2582 acceperat,
3576 2503 3643 2561 iit

2003 2605 2183 2677 esset;
2212 2604 2276 2659 ut
2291 2595 2446 2658 bene
2466 2594 2745 2669 esset,eis
2770 2594 3051 2658 munifice
3070 2587 3494 2655 redderet.Vix
3517 2598 3641 2652 tan-

2000 2690 2129 2748 dem
2147 2702 2340 2747 autem
2363 2707 2391 2747 a
2418 2689 2754 2760 parentibus
2776 2703 3110 2758 persuasus,
3145 2689 3203 2745 in
3226 2685 3333 2743 hoc
3349 2686 3434 2743 eis
3456 2692 3636 2757 paret,

2000 2776 2103 2852 qui
2134 2774 2361 2855 alioqui
2389 2792 2454 2835 se
2481 2773 2542 2834 in
2563 2773 2700 2835 aliis
2723 2772 3023 2853 praebebat
3045 2768 3636 2844 obedientissimum,

1999 2870 2064 2923 ut
2086 2881 2464 2943 nequaquam
2496 2862 2741 2943 quidem
2775 2880 2910 2924 cum
2944 2860 3244 2940 pluribus,
3280 2858 3384 2919 sed
3418 2874 3539 2918 uno
3567 2873 3637 2917 ex

1997 2952 2235 3014 famulis
2265 2970 2400 3013 eum
2431 2950 2908 3025 comitante,iret
2926 2949 3000 3012 ad
3025 2948 3231 3010 ludum
3249 2947 3639 3011 litterarium.

272 3035 396 3109 μίαν
466 3035 650 3114 ἑτέραν
716 3034 1010 3095 δείκνυσθαι
1076 3041 1315 3097 τοιούτου
1378 3041 1607 3119 μητέρα.
1674 3042 1910 3100 Ἐπεὶδέ

2002 3040 2125 3103 Νοη
2161 3041 2415 3103 multum
2449 3042 2832 3121 iuterjectum
2878 3047 2971 3103 est
3022 3038 3331 3119 temporis,
3384 3044 3442 3100 et
3475 3042 3643 3116 pater

272 3122 487 3186 ἶκεῖνος
548 3127 932 3204 γραμματικήν
975 3148 1033 3185 τε
1077 3129 1166 3185 καὶ
1207 3130 1306 3197 τὴν
1366 3129 1646 3209 ἐγκύκλιον
1698 3130 1910 3190 παίδευ-

2002 3130 2243 3207 quidem
2277 3132 2531 3193 excessit
2562 3149 2595 3192 e
2626 3133 2740 3192 vita
2765 3130 3039 3210 praesenti
3077 3149 3092 3190 :
3128 3136 3317 3190 mater
3352 3130 3647 3199 autem,ut

269 3234 353 3277 σιν
400 3214 648 3286 ἑκμαθὼν
680 3214 769 3288 ἧν,
803 3216 931 3273 εἶτα
990 3217 1083 3272 καί
1116 3217 1409 3293 ῥητορικῆς
1455 3219 1543 3276 καί
1604 3218 1910 3299 φιλοσοφίας

2002 3239 2130 3301 quae
2160 3229 2575 3300 praematuram
2601 3219 2886 3282 subiisset
2907 3217 3277 3295 viduitatem,
3304 3226 3363 3277 et
3392 3222 3632 3295 propter

269 3303 346 3362 είς
376 3302 539 3381 ἀκρον
569 3302 761 3379 ἤλασε,
798 3304 898 3372 τὴν
957 3306 1060 3379 μὲν
1087 3307 1159 3371 ὡς
1220 3306 1407 3376 ἄριστα
1440 3305 1682 3368 Διὸανίου
1741 3332 1910 3385 παρα-

2002 3328 2244 3390 puerum
2262 3308 2454 3371 adhuc
2476 3319 2698 3371 teneras
2717 3309 3072 3383 zelatis,vilaa
3094 3306 3373 3370 ﬂuctibus
3394 3304 3635 3384 agitata,

269 3391 451 3450 λαϐὼν
492 3394 578 3464 (οὗ
621 3393 758 3452 πολὺ
810 3396 874 3452 τὸ
933 3396 1006 3456 εἰς
1063 3397 1354 3475 ῥητορικὴν
1414 3396 1570 3463 κλέος
1616 3398 1784 3478 ἔστί),
1816 3400 1910 3469 τὴν

2002 3399 2204 3461 multis
2227 3406 2287 3460 et
2312 3398 2493 3460 variis
2517 3399 2791 3479 quotidie
2818 3398 3139 3460 vexabatur
3166 3395 3404 3458 casibus
3426 3400 3486 3455 et
3504 3410 3635 3453 mo-

273 3479 330 3539 δέ
400 3483 565 3541 πάλιν
648 3482 1026 3563 ’.ἀνδραγαθίοῦ
1094 3484 1403 3566 φιλοπόνως
1487 3487 1909 3567 ἀκροασάμενος,

2002 3488 2367 3569 lestiis,quas
2385 3506 2470 3549 eas
2498 3488 2642 3549 sola:
2668 3496 2877 3568 aperte
2908 3487 3131 3562 sciunt,
3163 3503 3297 3567 quae
3328 3483 3462 3546 illas
3490 3500 3635 3544 sen-

266 3572 320 3628 τι
347 3574 548 3651 γίνεται
584 3592 602 3648 ;
1998 3577 2440 3650 tiunt.Quorum
2456 3577 2698 3659 quidem
2716 3595 2953 3657 parvam
2970 3576 3069 3639 illa
3081 3575 3309 3637 ducens
3322 3573 3610 3636 rationem
3625 3619 3641 3647 ,

270 3659 386 3723 duo
414 3678 486 3724 ex
517 3661 796 3725 omnibus
815 3663 1074 3726 maxime
1092 3662 1360 3726 curabat:
1390 3682 1610 3744 nempe
1639 3673 1703 3725 ut
1727 3673 1783 3728 et
1805 3676 1943 3747 post
1958 3666 2051 3727 sui
2076 3667 2270 3728 mariti
2298 3668 2611 3731 decessum
2646 3666 2869 3727 nullius
2890 3684 3095 3728 amore
3115 3673 3430 3745 caperetur
3452 3669 3641 3740 (pote-

269 3758 357 3812 rat
381 3749 539 3812 enim
566 3752 699 3832 ejus
719 3764 862 3815 aetas
881 3752 1075 3815 adhuc
1100 3754 1230 3834 capi
1251 3754 1347 3815 his
1369 3754 1611 3834 laqueis:
1629 3762 1710 3817 :et
1733 3754 1922 3818 ﬁlium
1945 3759 2032 3818 sic
2056 3757 2341 3818 educeret
2367 3757 2554 3837 (9),ut
2580 3756 2743 3819 nulla
2764 3756 2880 3818 alia
2901 3756 3323 3819 ostenderetur
3346 3760 3534 3815 mater
3552 3758 3640 3812 ta.

272 3839 343 3902 lis
359 3839 820 3926 filii.Postquam
846 3850 1047 3904 autem
1072 3842 1173 3904 ille
1195 3842 1508 3905 didicisset
1530 3845 1971 3921 grammaticam
1996 3851 2055 3907 et
2082 3844 2292 3907 orbem
2323 3846 2808 3927 disciplinarum,
2833 3845 3052 3908 deinde
3072 3845 3248 3907 etiam
3276 3841 3543 3922 pervenit
3562 3838 3637 3901 ad

270 3947 566 3991 summum
589 3930 833 3994 dicendi
862 3931 1158 3995 facultatis
1179 3940 1361 4013 atque
1380 3933 1782 4013 philosophias
1809 3955 1823 3993 :
1858 3943 1921 3997 ut
1942 3936 2044 4016 qui
2074 3935 2237 3996 illam
2266 3936 2505 4016 quidem
2540 3955 2717 4018 quam
2746 3938 2970 4015 optime
3000 3935 3304 4011 acceperit
3324 3951 3359 3995 a
3391 3930 3637 3994 Libanio

270 4018 437 4099 cujus
464 4028 591 4081 erat
618 4019 870 4101 insignis
902 4022 1058 4083 fama
1081 4027 1141 4082 in
1170 4029 1296 4083 arte
1328 4020 1605 4085 dicendi:
1638 4021 1791 4085 hanc
1821 4033 2019 4086 autem
2040 4024 2114 4085 ab
2145 4024 2552 4103 Andragathio
2584 4024 2903 4103 diligenter
2934 4024 3206 4087 adiverit.
3240 4021 3391 4095 Quid
3422 4022 3531 4082 fit?

294 4164 297 4167 λ
348 4111 428 4173 Β’.
493 4116 659 4181 Πόθος
693 4118 851 4174 αὐτὸν
895 4119 1142 4180 πλείονος
1192 4114 1430 4180 παιδείας
1492 4118 1578 4173 καὶ
1608 4118 1681 4178 είς
1740 4117 1906 4189 Ἀθή-

2051 4116 2507 4181 lI.Desiderium
2535 4118 2779 4197 majoris
2798 4117 3158 4179 eruditionis
3179 4117 3259 4185 lin
3281 4114 3554 4194 pluribus
3575 4131 3634 4174 e-

273 4224 359 4266 νας
432 4204 709 4281 ἀφικέσθαι
783 4206 1196 4283 παρασκευάζει·
1271 4206 1432 4263 κάκεῖ
1505 4208 1770 4284 σοφιστῶν
1851 4230 1909 4265 τε

2002 4209 2115 4268 nim
2142 4206 3058 4297 bonisassequendislaborahat
3077 4204 3425 4286 cupiditate)
3450 4201 3635 4266 efficit

273 4294 361 4348 καί
421 4292 731 4374 φιλοσόφων
763 4308 882 4359 τοῖς
915 4296 1154 4372 ἀρίστοις
1186 4296 1245 4351 οὗ
1296 4296 1434 4351 κατά
1464 4295 1731 4374 πάρεργον
1776 4318 1909 4375 συγ-

275 4382 572 4456 γινόμενος,
605 4381 743 4441 οὕτω
796 4386 885 4441 καὶ
929 4392 1048 4441 νοῦν
1083 4382 1387 4464 ἐπλούτισε,
1420 4386 1510 4441 καὶ
1540 4383 1781 4462 γλῶτταν
1839 4388 1915 4450 εἷς

277 4467 433 4548 ἄκρον
474 4468 738 4548 ἤσκησεν,
770 4476 844 4535 ὡς
880 4471 1067 4549 μηδενὶ
1123 4472 1310 4551 ῥᾳδίως
1340 4480 1434 4532 τοῦ
1464 4473 1587 4530 ἴσοι)
1644 4498 1911 4556 παραχω-

276 4571 409 4637 ρετν.
455 4558 721 4618 Ἐντεῦθεν
780 4561 1047 4636 ἆπίσημος
1120 4562 1174 4618 ἐν
1233 4563 1437 4642 βραχεῖ
1499 4562 1594 4619 οὐκ
1664 4563 1913 4632 Ἀθῆναις

277 4649 455 4728 μόνοι,
487 4647 629 4705 ἀλλά
676 4653 763 4708 καὶ
819 4642 1033 4710 Ἐλλάδι
1083 4658 1153 4729 τῇ
1203 4652 1352 4729 πάσῃ
1406 4652 1629 4732 γίνεται,
1677 4655 1762 4711 καὶ
1819 4676 1914 4711 το-

275 4749 484 4820 σοῦτον,
516 4741 591 4804 ὣς
635 4742 723 4797 καὶ
755 4742 895 4816 αὖτῷ
926 4740 990 4811 δὴ
1020 4744 1099 4818 τῷ
1148 4742 1379 4821 ὑπάρχῳ
1408 4742 1504 4810 τῆς
1536 4750 1643 4799 τῶν
1674 4743 1911 4811 Ἀθηνῶν

273 4826 502 4907 πόλεως,
528 4831 590 4884 τὸ
650 4828 772 4886 κατ’
802 4831 925 4907 ὄψιν
952 4833 1117 4906 μόνον
1169 4830 1369 4909 ἐλθεῖν,
1398 4837 1617 4909 πρᾶγμα
1646 4829 1908 4909 λογισθῆ-

273 4937 351 4973 ναι
398 4913 635 4983 σπουδῆς
690 4916 858 4980 ἄξιον.
909 4924 1057 4978 Κατά
1114 4941 1231 4977 τινα
1282 4926 1407 4996 γοῦν
1458 4920 1643 4997 καιρὸν
1700 4920 1904 4989 ἐκκλη-

273 5006 535 5084 σιάζοντα,
592 5005 681 5062 καὶ
724 5007 847 5072 τοὺς
907 5007 992 5065 ἐπὶ
1054 5006 1180 5084 δόξῃ
1251 5010 1340 5064 καὶ
1399 5006 1546 5085 λόγῳ
1597 5009 1664 5065 τά
1721 5011 1905 5087 πρῶτα

271 5094 514 5175 φέροντας
569 5094 938 5171 συγκαλοῦντα
992 5103 1097 5154 τῶν
1162 5097 1480 5166 Ἀθηναίων,
1530 5098 1690 5162 πόθος
1750 5102 1909 5158 αὐτὸν

271 5180 528 5257 λαμϐάνει
557 5182 815 5246 πλεῖστος
875 5184 1337 5260 μετακαλέσασθαι
1372 5186 1458 5242 καὶ
1493 5186 1586 5243 τὸν
1614 5185 1764 5263 ἅγιον
1815 5189 1908 5245 σὺν

268 5271 437 5348 πολλῇ
479 5273 576 5328 καὶ
604 5271 872 5352 φιλοτίμῳ
901 5282 970 5351 τῇ
1013 5277 1287 5355 θεραπείᾳ,
1320 5274 1511 5355 ὄχημα
1540 5298 1595 5333 τε
1648 5277 1902 5355 πέμψαν-

267 5384 347 5437 τα,
379 5362 465 5418 καὶ
517 5359 657 5429 ἄλλη
702 5366 877 5433 ὁπόση
908 5368 985 5431 τίς
1041 5366 1155 5423 iam
1212 5367 1347 5439 πρὸς
1393 5372 1550 5422 τοῦτο
1592 5364 1898 5447 δορυφορία,

1996 4304 2060 4357 ut
2086 4296 2283 4357 veniat
2304 4295 2662 4371 Athenas,et
2683 4294 2806 4357 illic
2828 4295 3002 4357 simul
3027 4312 3269 4356 versans
3291 4312 3423 4354 cum
3451 4309 3638 4372 praes—

1997 4385 2348 4447 tantissimis
2364 4383 2707 4447 rhetoribus
2718 4392 2778 4447 et
2795 4384 3281 4465 pbilosophis,sic
3297 4391 3354 4445 et
3374 4394 3638 4444 mentem

1997 4472 2401 4553 locupletavit,
2435 4481 2495 4535 et
2517 4474 2781 4553 linguam
2808 4491 3047 4536 summe
3070 4472 3359 4551 exercuit,
3393 4479 3458 4534 ut
3488 4470 3639 4533 nulli

1995 4562 2169 4625 facile
2198 4562 2584 4633 concederet,
2620 4571 2683 4624 ut
2750 4570 2909 4625 esset
2936 4581 3073 4625 cum
3106 4580 3177 4625 eo
3208 4560 3634 4624 conferendus.

1995 4650 2144 4713 Hinc
2172 4651 2389 4714 factum
2424 4660 2608 4727 est,ut
2637 4650 2803 4714 brevi
2834 4660 2993 4714 esset
3018 4651 3420 4729 insignis,non
3441 4650 3632 4711 solum

1992 4741 2384 4812 Athenis,sed
2404 4743 2581 4804 etiam
2603 4744 2662 4804 in
2686 4740 2973 4805 unlversa
2992 4740 3241 4807 Graecia:
3266 4740 3416 4803 adeo
3439 4747 3499 4800 ut
3520 4738 3637 4819 ipsi

1993 4851 2233 4914 quoque
2256 4832 2535 4913 praefecto
2557 4832 2836 4914 praetorio
2858 4850 2956 4894 res
2983 4831 3286 4895 videretur
3304 4847 3437 4893 esse
3457 4828 3637 4906 digna

1994 4939 2207 5000 magno
2256 4920 2481 4994 studio,
2511 4921 2602 4984 vel
2651 4921 2849 4983 solum
2900 4921 3101 4983 venire
3153 4920 3213 4983 in
3246 4924 3631 4997 conspectum

1990 5010 2387 5074 Athenarum.
2419 5013 2566 5073 Cum
2601 5029 2744 5089 ergo
2771 5010 3027 5092 quodam
3078 5019 3348 5090 tempore
3379 5006 3634 5072 haberet

1992 5098 2373 5174 concionem,
2408 5109 2465 5160 et
2495 5118 2599 5162 eos
2650 5109 3007 5161 convocaret
3038 5117 3108 5162 ex
3135 5096 3627 5172 Atheniensibus,

1991 5190 2096 5271 qui
2126 5201 2186 5249 et
2209 5189 2401 5267 gloria
2426 5199 2486 5252 et
2515 5188 2757 5252 dicendi
2790 5189 3074 5253 facultate
3102 5189 3388 5252 tenebant
3410 5189 3633 5267 primas

1989 5286 2212 5361 partes,
2240 5280 2297 5341 ei
2328 5298 2488 5342 cura;
2513 5279 2643 5356 fuit,
2687 5287 2752 5340 ut
2782 5287 3055 5342 sanctum
3086 5297 3329 5360 quoque
3361 5278 3630 5342 officiose

1990 5377 2226 5431 vocaret
2245 5376 2302 5431 et
2324 5370 2658 5432 honorifice
2686 5392 2700 5428 :
2720 5369 3040 5449 statimque
3063 5370 3309 5433 missum
3338 5369 3447 5433 fuit
3469 5368 3632 5448 vehi_

338 5485 357 5530 ¹
388 5485 539 5550 Dan.
576 5500 653 5557 v1,
690 5485 717 5547 1
754 5503 924 5571 seqq.
1012 5489 1038 5533 ι
1068 5487 1221 5552 Dan.
1255 5502 1341 5563 tu,
1376 5486 1452 5551 24
1489 5502 1657 5571 seqq.
1739 5488 1774 5541 ⁸
1804 5490 1906 5553 Jac

2002 5505 2047 5565 γ,
2073 5489 2194 5565 1οε
2227 5489 2253 5553 Ι
2284 5492 2449 5554 Petr.
2482 5509 2525 5566 ι,
2558 5491 2618 5558 6.

343 5609 416 5694 (Ξ)
446 5613 496 5692 f.
529 5611 835 5675 educarat.
