3996 6178
423 323 565 389 1051

1720 319 2003 385 MENSIS
2052 319 2508 385 JANUABIUS.

415 454 1019 537 culum,etalius,qui
1040 457 1110 521 ad
1147 454 1260 519 hoc
1286 454 1549 533 expedit,
1575 456 1918 519 comitatus.
1952 452 2064 519 Sed

2158 453 2310 512 Ἀλλ’
2361 454 2569 518 ἐκεῖνος
2626 460 2816 534 ταῦτα,
2875 455 2948 521 ὡς
3003 455 3228 535 περιτιὰ
3272 458 3358 513 καὶ
3426 452 3684 522 ἀνόνητα
3731 454 3798 511 ul

416 552 520 614 ille
541 553 668 613 htec
691 557 969 631 tanquam
999 563 1437 627 supervacanea
1464 553 1522 605 et
1547 545 1784 607 inutilia
1808 554 1865 606 et
1890 546 2065 607 veluti

420 642 602 704 inane
615 640 856 703 itineris
867 639 1283 718 adjumentum
1297 635 1794 715 repellens,solus
1811 635 1960 697 viam
1978 644 2067 697 est

418 732 878 811 ingressus,suis
904 736 1077 789 utens
1102 725 1553 806 pedibus,quod
1578 724 1823 804 quidem
1847 725 1964 787 sibi
1987 728 2064 787 fa-

422 820 702 883 ciendum
729 817 1031 881 constituit
1054 816 1239 896 is,qui
1265 823 1355 877 est
1379 825 1651 890 sanus,et
1675 834 1794 875 non
1819 826 2067 895 propter

423 908 823 990 arrogantiam
859 918 915 970 et
938 926 1144 969 vanam
1182 907 1430 984 gloriam
1473 924 1542 966 ea
1569 905 1822 967 sustinet
1841 906 2063 980 facere,

416 1020 544 1082 quae
564 996 1206 1078 aegroti.Quamobrem
1232 996 1421 1072 magis
1446 1003 1759 1075 stupentes
1786 996 1913 1075 ejus
1935 1015 2067 1057 mo-

418 1094 801 1162 derationem,
833 1102 885 1149 et
927 1106 1054 1148 eam
1094 1104 1223 1161 quae
1246 1090 1556 1161 apparebat
1579 1089 2068 1159 constitutionem,

416 1180 706 1242 ducentes
737 1196 871 1242 esse
900 1176 1224 1255 imaginem
1258 1176 1637 1256 animze,quae
1670 1194 1789 1236 non
1818 1192 2067 1256 appare-

2151 545 2303 600 κενὸν
2364 547 2485 600 οἷον
2528 543 2745 621 πορείας
2803 542 3074 623 ἐφόλκιον,
3106 542 3477 621 διωσάμενος,
3517 544 3692 619 μόνος
3730 542 3799 598 εἷ-

2151 653 2283 712 χετο
2314 637 2412 698 τῆς
2464 630 2605 706 ὁδοῦ,
2642 634 2765 689 ποσὶ
2815 646 2934 697 τοῖς
2977 633 3179 708 ἑαμτου
3209 633 3546 714 χρώμενος.
3600 629 3721 710 Ὑφ’
3761 634 3803 688 οὗ

2148 723 2237 779 καὶ
2292 720 2495 796 μᾶλλον
2532 722 2690 779 αὐτὸν
2742 720 3101 800 ἐκπλαγέντες
3150 729 3250 791 τῆς
3299 723 3715 803 μετριότητος,
3738 722 3805 776 καὶ

2150 812 2248 879 τὴν
2293 811 2624 890 φαινομένην
2672 812 3000 869 κατάστασιν
3052 814 3231 871 είκόνα
3273 815 3371 881 τῆς
3406 814 3670 892 ἀφανοῦς
3720 816 3806 885 ψυ-

2152 906 2263 980 χῆς
2319 902 2703 977 ποιησάμενοι,
2754 903 2909 965 αὐτός
2953 924 3013 958 τε
3062 908 3269 983 πρῶτος
3330 903 3450 982 [γρ.
3513 901 3808 981 πρῶτοήὂ

2151 990 2416 1071 ὕπαρχος,
2451 992 2539 1048 καὶ
2591 990 2705 1048 ὅσοι
2763 989 2829 1058 δὴ
2884 994 3262 1070 συμπαρῆσαν,
3294 994 3385 1050 καὶ
3432 989 3811 1056 ὑπανέστησαν

2152 1082 2450 1157 προσιόντι,
2503 1082 2592 1138 καὶ
2640 1082 2772 1160 πρὸς
2816 1081 2931 1158 βίαν
2976 1080 3445 1159 ἐπισπασάμενοι,
3501 1086 3620 1148 τῆς
3673 1072 3814 1158 προε-

2151 1168 2318 1247 δρίας,
2359 1168 2556 1249 ἠξίουν,
2590 1168 2824 1245 δημοσίᾳ
2853 1192 2911 1228 τε
2971 1185 3091 1236 τοϊς
3120 1171 3181 1227 ἐκ
3210 1170 3388 1251 λόγων
3423 1172 3702 1235 ἑσταίνοις
3747 1168 3817 1224 ui

3673 316 3843 383 1052‘

417 1270 677 1351 bat,ipse
704 1271 931 1351 primus
952 1266 1230 1347 praetorio
1257 1265 1572 1346 praefectus
1617 1273 1676 1326 et
1696 1265 1795 1345 qui
1828 1283 1961 1326 cum
1994 1283 2064 1327 eo

2149 1271 2271 1323 ταῖς
2329 1256 2518 1322 ἄλλαις
2551 1258 2958 1339 ἐφιλοτιμοῦντο
3010 1274 3221 1337 τιμαῖς.
3276 1269 3465 1320 Ταῦτα
3511 1258 3577 1318 δὲ
3641 1260 3814 1335 πρᾴινκ

418 1348 786 1434 εᾶθεέηιιξεί
834 1356 1145 1420 accedenti
1178 1354 1457 1417 lubenter
1489 1362 1973 1429 assurrexerunt,
2011 1362 2064 1417 et

2149 1349 2239 1434 τὸν
2297 1348 2487 1427 φθόνον
2524 1348 2619 1405 οὐκ
2651 1348 2717 1416 ἦν
2760 1349 3028 1430 ἔνεγκεῖν,
3060 1351 3178 1408 οὐδὲ
3226 1363 3347 1418 τοῖς
3377 1351 3501 1408 τῶν
3537 1348 3819 1425 βασκάνων

424 1468 561 1511 eum
595 1433 965 1528 aspexerunt
999 1446 1184 1528 oculis
1217 1444 1557 1528 reverentia
1590 1443 1783 1528 plenis
1808 1443 2064 1528 athene-

2154 1433 2375 1528 ἔμελλεν
2400 1526 2410 1528 ξ
2436 1435 2741 1528 ὀφθαλμοῖς
2775 1438 2984 1528 φορητὰ
3014 1437 3263 1528 γενέσθαι
3302 1441 3391 1495 καὶ
3422 1436 3662 1499 ἄλυπα,
3724 1440 3818 1500 Τῆς

420 1523 918 1587 volentialﬂeinde
932 1528 1106 1583 etiam
1130 1527 1182 1581 vi
1206 1524 2064 1607 attrahentes(resistebalenim

2156 1526 2255 1602 γὰρ
2299 1526 2459 1592 κενῆς
2505 1523 2665 1593 δόξης
2709 1525 2929 1604 σχᾶτως
3002 1526 3467 1607 ἀντιποιούμενοι,
3539 1527 3655 1592 τὴν

422 1617 666 1691 propter
683 1610 1095 1670 vehementem
1116 1624 1382 1667 amorem
1416 1604 2064 1686 moderationislprimo

2155 1612 2364 1671 ἐκεῖνον
2422 1614 2590 1689 τιμὴν
2646 1616 2748 1682 τῆς
2805 1615 3005 1673 ἑαυτῶν
3061 1616 3251 1697 ὕφεσιν
3321 1604 3597 1691 ένόμιζον
3662 1614 3818 1671 εἶναι·

422 1697 549 1756 loco
574 1713 703 1755 eum
730 1698 948 1769 dignati
969 1697 1477 1780 sunt,publiceque
1498 1704 1784 1780 ornarunt
1804 1695 2064 1765 eloquen-

2154 1703 2389 1780 καθάπερ
2447 1702 2512 1771 δὴ
2575 1705 2661 1761 mi
2744 1704 3005 1780 Ἀνθεμίῳ
3072 1695 3194 1763 τότε
3263 1704 3624 1776 συνεϐαινεν,
3690 1702 3824 1778 ἀνδρὶ

422 1783 519 1845 tiae
548 1782 828 1844 laudibus
882 1791 939 1845 et
968 1782 1103 1844 aliis
1135 1778 1488 1861 privilegiis.
1514 1777 1691 1874 _Fieri_
1717 1787 1915 1840 autem
1949 1797 2064 1874 non

2154 1793 2251 1859 τὴν
2303 1777 2399 1867 μέν
2431 1796 2716 1871 θρησκείαν
2762 1777 2986 1869 ἔλληνι,
3003 1795 3092 1851 καὶ
3121 1793 3205 1852 διὰ
3253 1795 3351 1871 μὲν
3380 1795 3491 1862 τήν
3542 1815 3678 1874 περι
3711 1777 3819 1853 τούς

422 1880 747 1953 poterat,ut
776 1872 1105 1934 toleranter
1134 1871 1263 1932 haec
1294 1870 1479 1964 ferret
1512 1868 1735 1964 invidia
1758 1886 1913 1964 inec
1937 1867 2064 1929 sine

2154 1879 2348 1958 λόγους
2382 1867 2614 1950 σπουδὴν
2648 1883 2907 1959 ὀνύματος
3033 1883 3231 1964 φαύλου
3255 1867 3658 1964 λτετυχηκότί,
3692 1903 3821 1958 προ-

419 1963 630 2024 dolore
660 1963 788 2023 haec
804 1962 1146 2042 aspicerent
1171 1958 1509 2023 invidorum
1534 1957 1721 2020 oculi.
1758 1956 1898 2018 Nam
1931 1964 2079 2018 cum'

419 2069 627 2113 vanam
650 2051 900 2129 gloriam
933 2069 1165 2111 summe
1190 2048 1303 2110 sibi
1329 2047 1726 2122 vindicarent,
1754 2046 2031 2108 existima
2048 2079 2067 2091 -

421 2140 568 2204 bant
589 2141 750 2202 illius
766 2141 1058 2204 honorem
1073 2140 1315 2203 illorum
1332 2137 1548 2200 honori
1562 2135 2069 2209 detrahere.Quo-

420 2229 599 2292 modo
627 2230 869 2304 accidit,
904 2237 967 2292 ut
998 2240 1122 2291 tum
1159 2245 1397 2310 quoque
1450 2227 1793 2288 afﬁceretur
1824 2226 2062 2290 Anthe-

423 2319 602 2393 mius,
636 2321 742 2401 qui
787 2338 904 2380 non
930 2318 1091 2400 parvi
1113 2316 1353 2400 quidem
1396 2316 1789 2379 fuitnominis
1821 2323 2067 2397 propter

420 2410 686 2473 studium
719 2408 1352 2491 eloquentiae,gentilis
1374 2415 1570 2468 autem
1594 2414 1722 2467 erat
1743 2405 2061 2482 religione,

421 2509 479 2564 et
505 2499 726 2582 alioqui
754 2500 952 2579 lingua
976 2498 1344 2578 profusus,et
1362 2496 1572 2559 volens
1597 2496 1655 2557 ei
1678 2496 1929 2557 nimium
1966 2494 2063 2555 in-

419 2590 667 2669 dulgere
697 2606 711 2651 :
748 2590 852 2667 qui
880 2586 1072 2650 sancti
1104 2585 1384 2649 laudibus
1414 2604 1533 2647 non
1569 2586 1767 2646 minus
1803 2602 2063 2655 morsus,

421 2698 597 2760 quam
623 2680 674 2740 si
699 2678 826 2759 ipse
848 2677 1055 2739 fuisset
1079 2694 1314 2737 summa
1329 2676 1576 2737 affectus
1607 2673 2066 2745 contumelia,in

421 2788 554 2831 eum
588 2768 928 2831 vehementi
956 2767 1169 2831 sniritu
1228 2763 1644 2837 invehebatur,
1681 2772 1739 2824 et
1773 2763 2064 2843 injustum

421 2858 669 2919 vocabat
690 2856 937 2936 id,quod
963 2854 1180 2917 factum
1206 2855 1420 2928 fuerat,
1449 2863 1508 2916 et
1531 2853 1775 2914 dicebat
1797 2871 1933 2914 esse
1957 2871 2063 2914 ne—

422 2947 661 3019 farium,
699 2946 994 3025 hospitem
1021 2954 1077 3005 et
1108 2943 1398 3006 advenam
1427 2943 1653 3023 primos
1677 2943 1766 3004 sic
1799 2943 2066 3004 honores

420 3037 743 3116 consequi:
771 3043 829 3096 et
861 3032 1515 3108 maxime,aiehat,eum
1549 3032 1708 3112 quia
1733 3030 1907 3093 nobis
1934 3032 2065 3111 plu-

420 3126 641 3187 rimum
666 3123 868 3186 differt
883 3123 1459 3203 religione.Propter
1478 3140 1609 3202 quae
1632 3122 1891 3202 primum
1919 3120 2066 3183 invi-

420 3215 578 3277 diam
610 3231 765 3293 aegre
786 3213 987 3275 ferens
1019 3211 1688 3294 praefectus,Quidnam,
1726 3211 1895 3286 dixit,
1928 3211 2063 3272 fue-

418 3303 495 3365 rit
525 3310 735 3383 praeter
766 3301 1086 3376 rationem,
1122 3303 1169 3363 si
1203 3303 1316 3377 vir,
1350 3301 1449 3381 qui
1482 3310 1574 3363 est
1621 3309 1681 3362 et
1715 3300 1811 3363 tali
1842 3318 2068 3380 genere

421 3400 608 3467 ortus,
642 3400 927 3473 tantaque
950 3398 1010 3452 et
1032 3390 1305 3453 doctrina
1333 3400 1394 3453 et
1426 3390 1721 3452 modestia
1754 3390 2062 3471 praeditus,

418 3484 610 3544 fuerat
642 3479 939 3543 indicatus
968 3499 1002 3541 a
1032 3480 1205 3542 nobis
1228 3480 1455 3543 honore
1479 3478 1860 3557 dignus,cum
1885 3479 2063 3541 etiam

421 3580 635 3653 praeter
653 3570 995 3652 alia,ipsum
1011 3572 1301 3632 honorem
1320 3570 1851 3650 lugere,honorem
1871 3570 2069 3651 acqui-

418 3669 511 3724 rat
541 3660 701 3740 apud
737 3660 976 3741 eos,qui
1006 3659 1245 3740 sapiunt
1272 3667 1331 3722 et
1354 3668 1517 3722 recte
1544 3661 1744 3720 sciunt
1759 3657 2068 3739 judicare?

419 3749 648 3812 Deinde
669 3756 867 3811 autem
879 3747 1141 3811 Joannes
1162 3766 1400 3830 quoque
1425 3748 1660 3829 placide
1683 3749 1816 3828 ejus
1838 3766 2065 3810 sermo-

420 3857 556 3901 nem
590 3837 919 3918 excipiens,
942 3839 1075 3900 Non
1103 3837 1438 3917 oportebat,
1471 3840 1727 3918 inquit,o
1750 3838 2062 3911 Anthemi,

420 3943 555 3988 eum
589 3926 686 4006 qui
719 3924 833 3987 sibi
862 3925 1126 3988 vindicat
1173 3926 1642 4006 philosophiam,
1680 3926 1761 3988 ita
1792 3926 2066 4004 superari

419 4014 496 4078 ab
528 4016 757 4077 honore
788 4015 1124 4089 hominum,
1164 4022 1223 4077 et
1256 4033 1390 4076 eum
1448 4018 1728 4096 persequi
1783 4024 2064 4096 tanquam

417 4123 544 4169 rem
579 4123 851 4183 magnam
878 4113 938 4167 et
971 4123 1182 4184 magna
1212 4105 1601 4167 contentione
1631 4104 2061 4186 appetendam,

420 4196 519 4277 qui
553 4214 672 4257 non
696 4195 888 4257 solum
916 4195 1091 4257 nobis
1110 4214 1229 4256 non
1255 4194 1673 4275 prodesse,sed
1704 4195 1883 4257 etiam
1918 4195 2054 4275 plu-

415 4286 637 4347 rimum
669 4294 863 4364 potest
915 4284 1159 4359 laedere,
1195 4284 1351 4365 quod
1405 4285 1617 4347 attinet
1646 4286 1719 4347 ad
1749 4285 2053 4347 virtutem.

418 4375 569 4446 Quid
588 4374 751 4436 enim
772 4375 955 4437 fuerit
977 4392 1186 4436 revera
1208 4375 1385 4436 homo
1404 4394 1475 4437 ex
1499 4394 1570 4437 eo
1593 4375 1790 4455 seipse
1817 4374 2061 4437 melior?

2153 1983 2310 2026 πετετ
2338 1968 2393 2026 δὲ
2448 1970 2620 2042 me;
2648 1971 2782 2055 ὄντι,
2819 1974 2907 2030 καὶ
2959 1979 3026 2050 τῇ
3071 1972 3290 2051 γλώττη
3325 1971 3547 2055 σφόδρα
3598 1974 3818 2051 χαρίζε-

2151 2062 2268 2116 σθαι
2327 2060 2659 2136 βουλομένῳ.
2716 2045 2809 2127 Ὃς
2864 2045 3012 2126 τοῖς.
3038 2045 3171 2140 πρὸς
3218 2064 3309 2119 τὸν
3363 2045 3535 2141 ἅγιον
3576 2045 3818 2120 binive“

2152 2148 2257 2228 οὔχ
2286 2148 2447 2217 ἧττον
2477 2146 2723 2228 δηχθεὶς,
2758 2150 2794 2217 ἢ
2826 2151 2984 2229 εἴπερ
3013 2150 3174 2215 αὐτὸς
3202 2150 3470 2231 ἐτύγχανε
3505 2152 3586 2209 τὰ
3617 2150 3817 2228 ἔσχατα

2145 2236 2428 2315 ὑϐρισθεὶς,
2461 2240 2628 2300 πολὺς
2672 2236 2794 2296 κατ’
2842 2241 2999 2298 αὐτοῦ
3054 2239 3223 2321 ἔπνει,
3256 2238 3435 2296 ἄδικόν
3501 2260 3571 2295 τε
3605 2240 3673 2295 τὸ
3729 2258 3817 2313 γε·

2147 2323 2442 2405 γενημένον
2500 2327 2813 2408 ἀποκαλῶν,
2874 2330 2966 2386 καὶ
3014 2332 3089 2394 ὡς
3148 2329 3209 2385 οὗ
3270 2331 3497 2405 θεμιτὸν
3560 2328 3687 2405 εἴη,
3734 2328 3812 2385 τὸν

2148 2415 2291 2482 ξένον
2360 2416 2497 2497 οῧτχ
2540 2418 2629 2473 καὶ
2692 2416 2882 2484 νέηλυν
2926 2424 3034 2475 τῶν
3084 2419 3308 2497 πρώτων
3377 2418 3673 2485 ἀξιοῦσθαι
3731 2438 3807 2471 τι-

2149 2512 2287 2582 μῶν,
2329 2507 2413 2564 καὶ
2472 2507 2704 2581 μάλιστα
2745 2506 2870 2586 περί
2930 2509 2993 2564 τὸ
3050 2507 3208 2573 σέϐας
3253 2510 3389 2582 ἡμῖν
3444 2530 3615 2586 παρα
3658 2505 3800 2577 πολὺ,

2148 2600 2299 2675 φησὶ,
2336 2594 2745 2654 διαλλάττοντα.
2782 2595 2907 2675 Ἐφ’
2941 2597 3029 2663 οἷς
3076 2599 3164 2654 καὶ
3190 2602 3377 2671 πρῶτα
3401 2598 3505 2654 τὸν
3535 2596 3800 2676 ὕπαρχον,

2148 2687 2197 2741 τί
2238 2684 2293 2741 δε
2337 2689 2435 2742 καὶ
2496 2686 2682 2764 γέγονε
2742 2686 2885 2764 παρὰ
2935 2688 3028 2743 τὸν
3069 2685 3254 2765 λόγον,
3306 2688 3514 2759 εὶπετν,
3581 2687 3627 2741 εἴ
3685 2684 3800 2761 ἀνὴρ

2152 2774 2291 2831 οὕτω
2350 2775 2446 2850 μέν
2510 2776 2696 2852 γένους
2757 2775 2904 2855 ἔχων
2946 2777 3037 2833 καὶ
3092 2774 3362 2855 παιδείας,
3420 2775 3579 2833 οὕτω
3624 2773 3683 2830 δὲ
3735 2778 3796 2844 τῷ

2150 2866 2347 2939 μετρίῳ
2404 2864 2714 2943 προσέχων,
2763 2863 2906 2930 ἄξιος
2965 2865 3092 2943 παρ’
3157 2864 3309 2940 ἡμῶν
3366 2864 3564 2942 ἰκρίον,
3625 2862 3789 2939 τιμῆς,

2149 2954 2283 3010 ὅπου
2345 2976 2405 3031 γε
2437 2955 2523 3010 καὶ
2578 2954 2748 3032 χωρὶς
2779 2956 2887 3010 τῶν
2928 2952 3133 3029 ἄλλων,
3168 2955 3295 3011 αὐτὸ
3353 2955 3415 3011 τὸ
3461 2954 3697 3033 φεύγειν
3720 2974 3781 3008 τι·

2148 3044 2279 3122 μὴν,
2340 3043 2505 3117 τιμὴν
2582 3041 2698 3100 οἶδε
2751 3047 3145 3122 περιποιεῖσθαι
3199 3050 3276 3114 τῷ
3346 3044 3423 3119 μὴ
3496 3051 3777 3115 ζητοῦντις

2149 3132 2331 3188 ἔπειτα
2389 3131 2444 3188 δὲ
2476 3132 2564 3189 καὶ
2617 3133 2710 3188 τὸν
2742 3132 2998 3199 Ἰωάννην
3045 3133 3228 3210 πρᾴως
3258 3134 3351 3190 τὸν
3393 3131 3571 3211 λόγον
3603 3130 3785 3189 61:011-

2148 3220 2333 3295 ϐόντα,
2396 3221 2491 3279 οὒκ
2547 3221 2742 3302 ἐχρῆν,
2803 3225 2849 3277 ὦ
2909 3219 3179 3302 Ἀνθέμιε,
3241 3222 3424 3303 φάναι,
3486 3219 3795 3303 φιλοσοφὶις

2150 3312 2590 3385 ἀντιποιούμενον
2665 3316 2827 3387 τιμῆς
2899 3312 3037 3368 οὓτω
3108 3317 3207 3389 τῇν
3301 3312 3445 3390 παρὰ
3516 3312 3795 3389 ἀνθρώπων

2150 3399 2543 3479 ἀμφισϐητεῖν,
2591 3400 2685 3456 καί
2748 3403 2822 3463 ὡς
2883 3401 3023 3479 μέγα
3081 3422 3132 3456 τι
3192 3401 3389 3469 ταύτην
3452 3397 3796 3477 μεταδιώκειν

2150 3492 2238 3548 καὶ
2295 3490 2702 3569 περιμάχητον,
2764 3492 2869 3570 οὺχ
2926 3488 3076 3554 ὅπως
3145 3489 3286 3569 μέγα
3346 3492 3431 3547 καὶ
3491 3487 3791 3565 ἀξιόλογον,

2150 3578 2271 3635 ἀλλ’
2330 3576 2447 3634 οὐδὲ
2502 3580 2690 3655 μικρὸν
2729 3580 2873 3653 ἡμᾶς
2931 3579 3004 3643 εἷς
3078 3580 3170 3635 τὸν
3240 3578 3340 3647 τῆς
3386 3579 3588 3659 ἀρετῆς
3634 3575 3781 3652 λόγον

2148 3666 2379 3746 ὠφελεῖν
2428 3665 2749 3742 δυναμένην.
2784 3670 2843 3724 τί
2892 3668 2991 3745 γὰρ
3050 3667 3195 3747 παρὰ
3250 3668 3454 3735 ταύτην
3510 3667 3780 3744 ἄνθρωπος

2148 3758 2338 3813 ἑαυτοῦ
2389 3754 2614 3831 βελτίων
2672 3757 2733 3813 τὸ
2778 3758 2909 3836 πρὸς
2959 3755 3267 3829 ἀληθειανς
3328 3755 3410 3813 ὅτι
3472 3756 3527 3814 δέ
3586 3777 3655 3832 με
3709 3751 3788 3808 καὶ

2148 3845 2411 3921 ἀνομοίως
2470 3846 2600 3921 ὑμῖν
2631 3845 2780 3926 ἔχειν
2839 3847 2955 3924 περὶ
3003 3847 3067 3903 τὸ
3119 3844 3278 3910 σέϐας
3334 3848 3608 3924 εἰρήκατε,
3639 3848 3781 3900 τοῦτο

2149 3937 2304 4000 αὐτὸς
2353 3937 2447 3993 οὐκ
2487 3934 2816 4009 ἀρνήσόμαι,
2861 3932 3063 3991 πολλοῦ
3116 3955 3179 4013 γε
3216 3935 3305 3992 καὶ
3356 3933 3463 3991 δετο
3517 3932 3657 3992 ἀλλὰ
3696 3928 3780 3985 καί

2150 4033 2261 4100 νῦν,
2312 4022 2468 4092 εἴπερ
2511 4022 2730 4097 ἄλλοτε,
2764 4029 2832 4100 τῇ
2890 4024 3107 4103 γλώττῃ
3167 4025 3395 4103 χάρίτας
3442 4022 3566 4103 ἔξω,
3615 4022 3777 4078 διακο-

2149 4114 2307 4181 νῆσαι
2339 4114 2471 4190 πρὸς
2499 4114 2665 4170 ταῦτά
2695 4135 2788 4188 μοι
2819 4111 3105 4191 δυναμένῃ.
3157 4113 3319 4179 Θεοὺς
3350 4114 3449 4191 γὰρ
3478 4114 3596 4171 οὔτε
3639 4105 3773 4183 οἶδα,

2150 4201 2267 4260 οὔτε
2327 4201 2731 4280 δμολογῆσαιμι
2790 4201 2869 4276 μὴ
2928 4199 3064 4258 οὕτω
3133 4207 3311 4268 κακῶς
3367 4201 3475 4281 ἐγὼ
3530 4202 3615 4259 καὶ
3669 4215 3774 4277 φρε-

2144 4297 2247 4346 νῶν
2268 4292 2469 4371 σχοίην
2503 4294 2603 4348 καὶ
2641 4289 2918 4370 γλώττης)
2946 4289 3066 4347 ἀλλ’
3097 4291 3184 4353 εἷς
3209 4290 3332 4366 έμοὶ
3359 4293 3485 4357 Θεὸς
3514 4293 3543 4348 ὃ
3571 4283 3771 4367 Χριστὸς

2143 4380 2198 4437 ἒν
2258 4382 2419 4458 Πατρὶ
2479 4381 2566 4437 καὶ
2608 4380 2880 4454 Πνεύματι
2938 4379 3357 4458 γνωριζόμενος’
3403 4382 3461 4445 ὃς
3506 4380 3671 4437 πάντα
3719 4390 3768 4429 τε

417 4462 586 4535 Quod
610 4481 750 4524 vero
770 4463 968 4527 dixisti
988 4482 1082 4524 me
1099 4481 1233 4525 esse
1255 4463 1537 4526 dissimili
1558 4463 1723 4526 vobis
1743 4463 2058 4543 religione,

2149 4472 2459 4548 παρήγαγεν
2516 4469 2579 4524 ἐκ
2634 4470 2713 4544 μή
2765 4468 2957 4544 ὄντων,
3018 4469 3108 4525 καὶ
3143 4476 3234 4526 νῦν
3291 4469 3575 4548 ἂποῤῥήτῳ
3619 4463 3762 4523 σθένει

416 4551 869 4626 erubescerem,
894 4553 942 4614 si
975 4552 1217 4615 viderer
1250 4560 1471 4627 tacere,
1521 4554 1751 4615 ducens
1783 4542 1894 4615 hoc
1928 4572 2064 4615 esse

2149 4542 2445 4633 δια-κρατεῖ,
2493 4542 2727 4636 καρπούς
2771 4578 2829 4614 τε
2893 4542 3015 4620 τοὺς
3060 4556 3303 4624 ἐτησίους
3348 4542 3487 4634 ἡμίτν
3540 4542 3759 4638 χορηγιι,

420 4640 915 4723 pudendum.Ego
948 4643 1108 4704 enim
1140 4642 1287 4705 deos
1313 4660 1511 4723 neque
1536 4642 1817 4718 novi,nec
1842 4661 1936 4704 me
1962 4662 2065 4705 eos

420 4747 680 4811 unquam
706 4748 838 4792 esse
859 4733 1265 4811 adoraturum,
1295 4733 1602 4810 professus
1625 4732 1841 4793 fuerim
1869 4753 1885 4813 ;
1912 4731 2069 4794 absit

426 4828 492 4880 ut
510 4818 659 4881 adeo
681 4819 1064 4901 desipiam,et
1087 4821 1165 4882 sit
1186 4821 1333 4882 mihi
1358 4822 1561 4901 lingua
1582 4829 1698 4883 tam
1724 4822 2062 4898 temeraria,

426 4908 544 4972 Sed
570 4927 721 4971 unus
743 4909 890 4973 mihi
916 4909 1074 4972 Deus
1114 4918 1201 4973 est
1227 4909 1520 4985 Christus,
1555 4913 1654 4992 qui
1685 4911 2067 4991 cognoscitur

426 4998 487 5058 in
518 4997 690 5060 Patre
721 5008 779 5062 et
806 5000 867 5063 in
890 4999 1139 5082 Spiritu.
1174 4999 1278 5077 qui
1310 5012 1370 5062 et
1401 5002 1601 5063 omnia
1633 5001 1705 5063 ab
1738 5000 1909 5063 initio
1932 5019 2066 5082 pro-

423 5087 593 5149 duxit
623 5106 692 5150 ex
726 5089 1006 5166 nihilo,et
1036 5109 1198 5152 nunc
1229 5089 1520 5153 ineffabili
1572 5110 1643 5153 ea
1671 5093 1888 5154 virtute
1918 5110 2066 5154 con-

422 5177 594 5254 tinet,
629 5188 688 5241 et
717 5197 947 5243 annuos
978 5180 1153 5243 nobis
1182 5180 1413 5243 fructus
1455 5182 1818 5263 suppeditat,
1848 5191 1905 5243 et
1937 5201 2069 5243 ma-

422 5286 561 5330 num
587 5267 1075 5349 aperiens,omne
1099 5270 1321 5332 animal
1347 5272 1555 5352 implet
1577 5270 1998 5334 benedictione
2016 5274 2068 5332 4.

426 5355 540 5420 Sed
573 5376 693 5419 non
722 5358 1019 5435 Christus,
1051 5358 1200 5420 dixit
1258 5359 1655 5441 interpellans
1685 5361 2068 5439 Anthemius,

420 5446 696 5524 producit
727 5448 843 5509 hos
874 5449 1107 5510 fructus
1125 5450 1497 5527 annuos,sed
1530 5451 1826 5519 elementa
1857 5451 2062 5516 mundi

495 5607 524 5656 ι
556 5606 707 5670 Psal.
742 5621 936 5684 θεων,
975 5614 996 5669 l
1032 5608 1093 5671 6.

2150 4653 2246 4705 καὶ
2317 4649 2544 4726 ἀνοίγων
2602 4651 2761 4707 αὐτοῦ
2817 4648 2913 4715 τὴν
2972 4646 3167 4727 χεῖρα,
3213 4654 3320 4704 πᾶν
3375 4653 3515 4720 ζῶον
3556 4641 3760 4705 soon/~11:

2148 4735 2475 4814 ἀποπληροι,
2509 4732 2662 4793 Ἀλλ’
2690 4740 2796 4815 οὐχ
2828 4737 2856 4792 ὁ
2902 4736 3156 4815 Χριστὸς,
3190 4737 3352 4794 εἶπεν
3381 4736 3616 4816 ἰγκόψας
3652 4730 3762 4788 Ἀν-

2148 4827 2331 4901 θέμιος
2370 4873 2386 4904 ,
2444 4826 2569 4890 τοὺς
2642 4825 2884 4892 ἐτησίους
2958 4825 3174 4890 τούτους
3244 4826 3470 4906 προάγει
3539 4819 3760 4904 καρποὺς,

2152 4916 2218 4973 τὶι
2278 4927 2536 4993 στοιχεῖα
2578 4912 2633 4970 δὲ
2667 4921 2760 4971 τοὺ
2814 4916 3045 4994 κόσμου,
3079 4917 3233 4994 φησὶ,
3266 4929 3479 4994 καιροῖς
3532 4912 3667 4977 ἰδίοις
3712 4910 3765 4980 τῇ

2151 5012 2257 5062 τῶν
2308 5005 2443 5060 θεῶν
2497 5005 2718 5081 προνοίᾳ
2774 5002 3111 5084 τελεσφορεϊ.
3171 5003 3325 5080 ’Ἅμα
3380 5003 3435 5061 δὶ
3494 4996 3573 5080 τῷ
3626 5005 3758 5084 uin!

2153 5096 2353 5167 εἰπεῖν,
2393 5099 2613 5169 πονηρῷ
2669 5082 2955 5165 πνεύματιν
2996 5092 3328 5173 κατάσχετος
3390 5093 3645 5172 γεγονὼς,
3693 5082 3762 5143 καὶ

2154 5189 2222 5260 τῇ
2271 5182 2368 5259 γῆ,
2403 5182 2641 5257 καθάπερ
2671 5182 2826 5262 εἶχε,
2878 5180 3326 5263 προσαῤῥαχθεὶς,
3358 5182 3531 5240 ἔκειτο
3582 5179 3759 5261 βρύχιον

2156 5275 2243 5329 καὶ
2277 5269 2605 5350 διαστρέφων
2666 5270 2763 5347 μὲν
2795 5269 3123 5351 ὀφθαλμοὺς,
3159 5268 3376 5337 ὀδόντας
3415 5269 3471 5329 δέ
3512 5266 3763 5349 τετριγὼς,
3866 5332 3867 5335 η

2157 5362 2247 5417 καὶ
2313 5360 2480 5440 ἀφρὸν
2546 5360 2869 5439 παραπτύων
2942 5369 3036 5418 τοῦ
3106 5363 3396 5435 στόματος.
3477 5358 3646 5418 Ταῧτα
3692 5354 3761 5440 τδῆ

2156 5436 2400 5532 ὕπαρχον
2457 5446 2541 5508 δαὶ
2597 5436 2720 5515 τοὺς
2783 5451 3157 5535 συμπαρόντας
3212 5447 3570 5528 θεασαμένους
3624 5436 3764 5518 θαῦμά

3865 5450 3867 5507 l

3862 5568 3867 5693 l
