3996 6178
44 794 63 828 3',
79 807 94 834 ,ν

2 1346 24 1354 .,
43 1351 88 1364 ,2,-

2 1369 27 1386 ’ν
42 1363 88 1384 καί

227 286 392 362 1057

238 1435 360 1477 σιν,
427 1415 524 1470 Καὶ
579 1413 688 1489 μὴν
717 1411 837 1468 οὐδὲ
883 1411 1062 1469 ἐκεῖνο
1108 1411 1169 1467 ἃν
1223 1411 1372 1491 ἔχοις
1412 1412 1770 1485 αἰτιάσασθαι,
1819 1407 1898 1465 ὅτι

240 1505 352 1571 τὴν
406 1502 505 1577 μὲν
549 1502 779 1581 χηρείαν
809 1503 1063 1579 γενναίως
1107 1500 1431 1580 ἠνέγκαμεν,
1479 1501 1578 1567 τὴν
1609 1499 1664 1556 δὲ
1723 1499 1902 1556 οὐσίαν

240 1613 344 1649 σοι
392 1593 494 1659 τὴν
523 1591 790 1670 πατρικὴν
842 1589 1230 1666 ἦλαττώσαμεν
1261 1587 1345 1645 διὰ
1395 1591 1494 1658 τὴν
1523 1589 1619 1656 τῆς
1677 1589 1903 1668 χηρείας

240 1681 514 1758 ἀνάγκην,
550 1679 681 1759 ὅπερ
739 1677 972 1744 πολλοὺς
1003 1681 1109 1736 τῶν
1156 1681 1404 1758 ὀρφανίαν
1457 1677 1903 1759 δυστυχησάντων

1284 287 1466 360 νΙΤΑ
1523 295 1580 358 S.
1647 282 1977 358 JOANNIS
2018 282 2576 356 CHRYSOSTOMI.

223 453 326 489 σαι
379 433 598 511 γάμοις,
639 429 747 490 οὐδ’
776 429 956 508 ἰτερον
985 432 1371 508 ἓπεισαγαγεϊν
1429 431 1649 508 νυμφίον
1679 435 1746 505 τῇ
1788 434 1880 485 τοῦ
1898 448 1906 484 ’.

1988 425 2642 508 natrimonium,neque
2659 425 2839 488 alium
2864 443 3148 508 sponsum
3167 420 3610 489 introducerem

224 523 439 601 πατρὸς
494 523 631 593 οἰκίᾳ
659 527 750 579 τοῦ
800 527 915 576 σοῦ’
979 516 1098 575 ἀλλ’
1156 518 1344 594 ἔμενον
1398 521 1452 575 ἓν
1513 524 1581 596 τῇ
1609 517 1744 595 ζάλῃ
1802 525 1891 579 καὶ

1988 537 2034 580 ιη
2058 519 2303 582 domum
2330 520 2514 600 patris
2538 519 2755 581 tuizsed
2785 519 2974 580 mansi
2998 521 3055 580 in
3091 527 3440 600 tempestate
3462 526 3519 580 et
3541 527 3627 580 tu—

223 617 316 684 τῷ
349 608 576 688 θορύϐῳ,
611 610 698 666 καί
756 610 851 677 τὴν
908 606 1128 686 σιδηρᾶν
1182 609 1278 674 τῆς
1323 609 1552 688 χηρείας
1611 612 1705 667 οὒκ
1763 606 1890 686 ἐφυ-

227 722 338 778 γον
372 701 618 775 κάμινον,
651 704 863 777 πρῶτον
896 697 993 773 μὲν
1041 698 1146 753 ὑπὸ
1180 702 1278 764 τῆς
1309 696 1506 752 ἄνωθεν
1557 695 1890 772 βοηθουμὲνη

227 790 440 866 ῥοπῆς·
512 788 662 869 ἔφερε
735 786 788 844 δέ
848 810 940 862 μοι
1015 788 1347 866 παραμυθίαν
1417 786 1475 843 οὗ
1539 786 1732 863 μικρὰν
1788 790 1893 841 τῶν

228 877 456 957 δεινῶν,
489 880 578 935 καὶ
629 879 689 933 τδ
719 878 958 956 συνεχῶς
1007 877 1081 939 εἷς
1137 875 1238 942 τὴν
1299 876 1399 942 σὴν
1456 876 1578 951 ὀψιν
1626 877 1772 951 ὁρᾷν,
1805 885 1894 939 καὶ

235 969 428 1026 ιίκόνα
491 987 582 1042 μοι
653 974 746 1024 τοῦ
802 964 1248 1031 τετελευτηκότος
1305 963 1657 1044 φυλάσσεσθαι
1715 963 1891 1039 ἔμψυ-

233 1079 378 1138 χον,
411 1059 543 1136 πρὸς
598 1059 807 1111 ὲκεῖνον
863 1052 981 1134 [γρ.
1016 1053 1243 1132 ἐκείνην]
1287 1053 1742 1129 ἆπηκριϐωμένην
1787 1075 1891 1109 κα-

232 1145 383 1210 λῶς,
448 1146 549 1202 Διὰ
579 1145 735 1202 τοῦτο
785 1145 870 1200 καὶ
905 1142 981 1199 ἔτι
1034 1145 1228 1213 νήπιος
1285 1142 1384 1224 ὢν,
1418 1145 1504 1200 καὶ
1537 1140 1672 1216 μηδὲ
1729 1142 1894 1220 φθέγ-

235 1237 434 1313 γεσθαί
475 1258 561 1291 πω
623 1234 830 1308 μαθὼν,
891 1233 979 1289 ὅτε
1035 1231 1268 1308 μάλιστα
1325 1231 1570 1308 τέρπουσι
1626 1233 1748 1294 τοὺς
1802 1251 1893 1287 τε·

235 1326 444 1388 κόντας
476 1327 523 1381 oi
550 1321 765 1397 παῖδες,
797 1321 1009 1390 πολλήν
1040 1343 1133 1396 μοι
1185 1336 1456 1402 παρεῖχεσ
1488 1321 1588 1388 τὴν
1625 1320 1900 1399 παράκλη-

1977 608 2188 678 multu,
2217 615 2277 671 et
2307 627 2426 669 non
2457 609 2634 687 eﬂ‘ugi
2679 608 2931 669 ferream
2967 608 3268 669 fornacem
3300 606 3622 682 viduitatis,

1977 696 2236 777 primum
2263 697 2506 773 quidem
2534 698 2735 777 adjuta
2765 715 3024 778 superno
3056 696 3296 760 auxilio.
3332 693 3632 759 Atii-rebat

1979 795 2175 848 autem
2217 785 2359 849 mihi
2395 806 2514 848 non
2547 802 2788 866 parvam
2826 787 3116 850 malorum
3157 784 3627 848 consolationem

1979 884 2038 936 et
2064 875 2221 952 quod
2261 883 2424 937 tuum
2459 875 2685 938 vultum
2725 875 2994 938 viderem
3029 875 3289 952 assidue,
3323 883 3382 938 et
3411 874 3630 937 mortui

1979 964 2303 1026 animatam
2338 983 2636 1026 servarem
2672 964 3016 1046 imaginem,
3050 964 3122 1026 ad
3182 964 3340 1026 illius
3369 963 3627 1041 efﬁgiem

1977 1061 2252 1115 accurate
2275 1073 2340 1115 ex
2351 1052 2973 1136 pressam.Propterea
2993 1073 3124 1116 cum
3141 1072 3304 1116 esses
3320 1052 3515 1116 adhuc
3531 1053 3628 1114 in-

1983 1141 2135 1217 fans,
2166 1150 2224 1204 et
2251 1143 2508 1206 necdum
2535 1143 2698 1224 loqui
2728 1142 3066 1221 didicisses,
3093 1145 3331 1221 quando
3357 1151 3632 1223 parentes

1985 1237 2242 1293 maxime
2274 1233 2576 1294 delectant
2609 1237 2794 1313 pueri,
2831 1233 2974 1294 mihi
3013 1251 3280 1311 magnam
3321 1231 3633 1313 praebebas

1983 1319 2670 1402 consolationem.Atqui
2699 1341 2808 1384 nec
2830 1321 2977 1383 illud
3006 1322 3151 1384 mihi
3183 1322 3448 1402 potueris
3476 1318 3632 1400 obji-

1985 1428 2148 1485 cere,
2179 1411 2338 1488 quod
2375 1411 2718 1473 viduitatem
2745 1411 2990 1491 quidem
3012 1410 3244 1473 fortiter
3274 1410 3628 1472 tulerimus:

1987 1502 2207 1579 patrias
2239 1509 2437 1561 autem
2470 1499 2780 1561 facultates
2815 1499 2922 1560 tibi
2957 1498 3352 1561 minuerimus
3395 1508 3636 1580 propter

1989 1589 2399 1650 necessitatem
2427 1588 2909 1670 viduitatis:quod
2929 1588 3174 1668 quidem
3196 1588 3322 1650 scio
3345 1586 3636 1650 accidisse

1987 1677 2208 1753 multis,
2237 1678 2336 1758 qui
2366 1680 2423 1738 in
2449 1677 2762 1740 orbitatem
2794 1676 3155 1741 inciderant.
3187 1679 3338 1742 Nam
3363 1695 3462 1740 eas
3491 1694 3634 1759 quo-

245 1769 380 1828 οῖδα
435 1769 696 1834 παθόντας
740 1767 868 1846 ἐγώ.
927 1770 1026 1827 Καὶ
1083 1769 1183 1847 γὰρ
1238 1769 1327 1824 καὶ
1383 1769 1583 1834 ταύτην
1652 1767 1899 1844 ἀκεραίαν

1988 1785 2099 1844 que
2128 1773 2428 1829 universas
2453 1772 2655 1843 reliqui
2680 1773 2954 1843 integras,
2975 1781 3028 1828 et
3059 1785 3188 1844 qua:
3221 1771 3503 1829 debebant
3531 1785 3632 1829 ex—

246 1858 485 1925 ἒφύλαξα
536 1865 736 1932 πᾶσαν,
767 1859 855 1914 καὶ
905 1865 1013 1914 τῶν
1068 1856 1399 1937 ὀφειλόντων
1429 1859 1502 1920 εἷς
1561 1855 1898 1932 εὐδοκίμησιν

244 1948 622 2015 δοπανηθῆναι
678 1949 778 2014 τὴν
833 1947 932 2014 σὴν
991 1945 1233 2004 ἐνέλιπον
1289 1944 1456 2019 οὐδὲν,
1489 1945 1550 2002 ἐκ
1603 1951 1710 2002 τῶν
1740 1947 1901 2022 ἐμαυ-

243 2044 375 2113 τῆς,
411 2039 496 2094 καὶ
526 2038 602 2092 ὧν
654 2036 816 2106 ἦλθον
848 2036 1060 2095 οἴκοθεν
1092 2036 1316 2116 ἔχουσα,
1354 2035 1641 2092 δαπανῶσα
1674 2035 1900 2116 χρημά-

243 2149 386 2200 των,
426 2128 522 2184 Καὶ
578 2129 742 2201 μήτοι
803 2126 1025 2202 νομίσῃς
1084 2124 1434 2197 ὀνειδίζουσαν
1490 2145 1556 2200 με
1586 2133 1749 2182 ταῦτα
1806 2123 1903 2180 λέ-

247 2238 372 2296 γειν
398 2223 510 2290 νῦν,
551 2213 674 2271 ἀλλ’
705 2215 818 2272 ἀντὶ
852 2216 1063 2277 πάντων
1117 2236 1174 2271 σε
1201 2215 1400 2271 τούτων
1454 2216 1577 2289 μίαν
1609 2216 1737 2270 αἰτῶ
1790 2215 1903 2293 χά-

251 2327 361 2384 ριν,
395 2306 473 2380 μή
506 2325 574 2379 με
618 2301 832 2384 δευτέρᾳ
889 2306 1086 2384 χηρείᾳ
1143 2302 1478 2384 περιϐαλεῖν,
1512 2302 1649 2379 μηδὲ
1678 2306 1738 2359 τὸ
1795 2325 1906 2360 κοι-

252 2394 426 2470 μηθέν
470 2391 575 2460 ἤδη
606 2393 794 2460 πένθος
829 2395 1026 2470 ἀνάψαι
1071 2393 1255 2467 πάλιν,
1291 2391 1429 2450 ἀλλά
1459 2394 1760 2471 περίμεινον
1805 2395 1904 2460 τὴν

255 2484 400 2560 ἐμὴν
429 2482 709 2552 τελευτήν.
751 2483 913 2546 Ἴσως
945 2484 1079 2558 μετᾶ
1124 2484 1310 2561 μικρὸν
1353 2480 1715 2556 ἀπῖλεύσομαι
1765 2482 1905 2562 χρό-

255 2596 377 2637 νον,
444 2573 582 2635 Τοὺς
614 2573 714 2648 μὲν
767 2573 860 2651 γὰρ
890 2572 1034 2634 νέους
1091 2571 1240 2633 ἐλπὶς
1300 2573 1386 2627 καὶ
1442 2572 1513 2635 εἷς
1543 2571 1712 2650 γῆρας
1760 2571 1905 2641 ἥξειν

262 2663 499 2740 μακρὸν,
535 2663 582 2718 οἶ
640 2660 694 2717 δὲ
726 2662 1087 2740 γεγηρακότες
1117 2664 1279 2736 ἡμεῖς
1327 2661 1471 2720 οὒδὲν
1519 2659 1695 2737 ἕτερον
1726 2661 1761 2729 ἢ
1815 2661 1906 2718 τὸν

257 2750 486 2807 θάνατον
546 2749 901 2826 ἀναμένομεν.
935 2749 1105 2807 ⁶¹Οταν
1164 2750 1251 2807 οὖν
1312 2770 1376 2824 με
1428 2756 1498 2826 τῇ
1529 2754 1600 2826 γῇ
1655 2749 1906 2823 παραδῷς

258 2841 352 2896 καὶ
411 2852 528 2902 τοῖς
560 2839 764 2903 ὀστέοις
809 2845 903 2897 τοῦ
934 2841 1132 2918 πατρὸς
1173 2839 1433 2915 ἀναμίξῃς
1464 2839 1556 2895 τοῦ
1595 2847 1710 2913 σοῦ,
1744 2838 1904 2895 στέλ-

1984 1855 2261 1936 pendi,ut
2287 1856 2584 1918 virbonus
2615 1865 2670 1918 et
2703 1857 2924 1938 probus
2945 1856 3377 1937 evaderes,non
3410 1857 3634 1918 cessavi

1981 1945 2300 2019 eaexmeis,
2316 1954 2370 2008 et
2391 1964 2538 2027 quas
2560 1945 2736 2008 domo
2759 1945 3302 2027 attnli,expendere
3327 1945 3628 2026 pecuniis.

1985 2031 2106 2095 Nec
2152 2033 2458 2096 existimes
2513 2055 2608 2098 me
2638 2036 2763 2098 haec
2801 2035 2904 2098 tibi
2951 2055 3112 2098 nunc
3160 2037 3364 2097 dicere
3415 2053 3636 2115 expro-

1987 2122 2287 2201 brantem;
2319 2127 2421 2186 sed
2454 2144 2557 2205 pro
2581 2125 2652 2186 iis
2677 2125 2956 2186 omnibus
2986 2144 3162 2187 unam
3192 2133 3306 2187 ate
3336 2132 3472 2205 peto
3495 2143 3635 2204 gra-

1991 2213 2158 2286 tiam,
2180 2231 2254 2274 ne
2282 2232 2378 2274 me
2409 2216 2468 2276 in
2491 2213 2816 2276 secundam
2850 2213 3090 2294 injicias
3121 2213 3488 2276 viduitatem.
3517 2211 3635 2277 Sed

1989 2311 2265 2382 exspecta
2288 2321 2484 2363 meum
2511 2301 3129 2366 decessum.Fortasse
3159 2302 3322 2365 brevi
3345 2309 3475 2381 post
3493 2311 3638 2365 tem~

1990 2409 2134 2471 pore
2165 2390 2630 2454 decedam.Nam
2659 2410 2798 2472 Spes
2819 2392 3058 2474 quidem
3085 2400 3198 2466 est,
3223 2392 3637 2456 adolescentes

1990 2497 2123 2542 esse
2153 2481 2224 2542 ad
2259 2481 2491 2560 longam
2543 2490 2824 2544 venturos
2863 2489 3256 2546 senectutem.
3289 2480 3412 2544 Nos
3436 2492 3636 2546 autem

1990 2570 2090 2650 qui
2113 2571 2711 2645 consenuimus,nihil
2732 2571 2892 2633 aliud
2917 2591 3091 2653 quam
3127 2581 3372 2634 mortem
3397 2590 3640 2654 exspec-

1991 2667 2209 2720 tamus.
2245 2659 2492 2732 Quando
2511 2679 2650 2722 vero
2679 2679 2774 2722 me
2796 2668 2968 2722 terra;
2990 2661 3387 2736 mandaveris,
3409 2673 3469 2723 et
3498 2679 3634 2724 cum

1990 2749 2222 2810 ossibus
2254 2749 2438 2828 patris
2473 2749 2553 2810 tui
2588 2750 2922 2815 miscueris.
2953 2749 3159 2830 longas
3180 2751 3425 2831 suscipe
3457 2769 3633 2828 pere-

1987 2837 2374 2917 grinationes,
2406 2847 2464 2900 et
2494 2857 2659 2901 mare
2688 2839 2894 2918 naviga
2915 2840 3316 2920 quodcunque
3350 2839 3632 2903 volueris:

3472 288 3626 358 1058
3721 307 3724 310 ’

260 2929 366 2984 λου
414 2929 625 3006 μακρὰς
677 2926 1005 3002 ἀποδημίας,
1069 2929 1152 2984 καὶ
1213 2927 1343 2984 πλέε
1397 2926 1681 3002 θάλασσον,
1740 2927 1808 2996 ἣν
1845 2927 1906 2984 ἂν

1988 2937 2126 2989 tunc
2158 2929 2358 2990 nullus
2387 2937 2480 2991 est
2503 2929 2936 3010 prohibiturus.
2970 2929 3246 3002 Quandiu
3281 2938 3478 2991 autem
3512 2931 3640 3009 spi-

255 3017 467 3086 ξθέληςο
524 3019 647 3075 τότε
679 3021 707 3074 ὁ
761 3017 1014 3074 κωλύσων
1045 3015 1231 3083 οὒδείς.
1263 3017 1409 3082 "Em:
1437 3015 1504 3094 ξδ’
1533 3016 1596 3074 ἂν
1652 3017 1904 3093 ἐμπνέω-

1988 3033 2213 3098 ramus,
2237 3018 2537 3080 sustineas
2572 3018 2881 3080 nobiscum
2905 3018 3194 3081 habitare:
3227 3037 3419 3100 neque
3450 3017 3638 3082 Deum

255 3129 384 3186 μεν,
416 3107 662 3188 ἀνάσχου
715 3107 817 3175 τὴν
869 3105 984 3181 μεθ’
1042 3108 1198 3180 ἡμῶν
1256 3105 1496 3180 οἴκησιν,
1547 3105 1684 3182 μηδὲ
1734 3129 1903 3186 προσ-

1988 3107 2398 3178 oﬂ'endas,nos
2426 3107 2730 3170 temerein
2766 3113 2922 3169 tanta
2955 3108 3107 3170 mala
3129 3109 3484 3190 conjiciens,
3507 3127 3640 3190 quin

254 3200 486 3277 κρούσῃς
528 3205 604 3272 τῷ
636 3198 776 3272 Θεῷ,
810 3197 987 3273 μάτην
1039 3198 1128 3253 καὶ
1159 3197 1276 3273 εἰκῇ
1305 3208 1426 3259 τοῖς
1458 3197 1717 3262 τοιούτοις
1767 3199 1906 3272 ἡμᾶς

1991 3203 2047 3257 te
2071 3196 2232 3258 nulla
2253 3196 2560 3259 atl'ecimus
2583 3197 2822 3277 injuria.
2853 3195 2999 3259 Nam
3023 3198 3071 3258 si
3095 3198 3444 3279 mequidem
3471 3205 3641 3278 potes

255 3284 606 3366 περιϐάλλων
657 3284 852 3350 κακόῒς
901 3283 1226 3354 ἠδικηκότας
1291 3283 1459 3348 οὐδέν.
1533 3287 1592 3343 Εἰ
1658 3286 1754 3360 μὲν
1811 3287 1906 3365 γὰρ

1991 3284 2487 3367 criminari,quod
2513 3295 2570 3348 te
2593 3285 2825 3348 attraho
2848 3286 2905 3347 in
2931 3287 3106 3368 hujus
3130 3287 3262 3348 vitae
3281 3287 3640 3350 sollicitudi-

256 3376 413 3457 ἔχεις
474 3374 757 3454 ἐγκαϐετν,
789 3375 870 3432 ὅτι
902 3375 959 3432 σὲ
1011 3376 1084 3439 εὶς
1115 3375 1369 3452 βιωτικὰς
1401 3374 1666 3452 περιέλκω
1695 3377 1915 3455 ζφροντί-

254 3466 381 3541 δας,
440 3468 533 3523 καὶ
587 3471 696 3522 τῶν
758 3465 1086 3544 πραγμάτων
1143 3464 1424 3543 ἀναγκάζω
1481 3466 1770 3545 φροντίζειν
1811 3472 1915 3522 τῶν

257 3557 434 3632 ἐμῶν,
470 3557 548 3631 μὴ
595 3557 720 3620 τοὺς
766 3560 866 3622 τῆς
898 3555 1106 3633 φύσεως
1164 3555 1381 3630 νόμους,
1416 3554 1491 3629 μὴ
1521 3554 1622 3622 τὴν
1679 3555 1908 3633 ἀνατρο-

261 3648 394 3724 φὴν,
429 3645 508 3721 μὴ
568 3643 664 3712 τὴν
697 3644 1002 3723 συνήθειαν,
1038 3641 1166 3717 μηδ’
1229 3641 1362 3699 ἄλλο
1416 3641 1585 3718 μηδὲν
1633 3641 1906 3718 αἰδεσθείς,

258 3739 337 3800 ὥς
389 3731 699 3796 ἐπιϐούλως
757 3737 917 3812 φεῦγε
971 3733 1058 3789 καὶ
1132 3729 1447 3806 πολεμίους.
1510 3733 1570 3790 Ei.
1627 3731 1681 3788 δὲ
1737 3733 1912 3789 πάντα

257 3825 590 3902 πράττομεν,
647 3821 788 3880 ὥστε
847 3819 1054 3891 πολλήν
1110 3842 1193 3878 σοι
1246 3820 1648 3898 παρασκευάσαι
1701 3820 1909 3901 σχολὴν

261 3919 338 3979 είς
368 3914 468 3982 τὴν
527 3919 621 3971 τοῦ
653 3912 770 3988 βίου
813 3911 1002 3969 τούτου
1033 3911 1266 3990 πορείον,
1302 3912 1346 3966 εί
1376 3912 1465 3967 καὶ
1512 3909 1678 3986 μηδὲν
1707 3911 1909 3990 ἕτερον’

263 4005 419 4070 οὗτος
461 4008 589 4083 γοῦν
635 4000 923 4082 κατεχέτω
981 4021 1041 4056 σε
1098 3999 1225 4079 παρ’
1282 4001 1438 4075 ἡμῶν
1491 4001 1596 4079 Ιγρ,
1648 4002 1819 4082 ἡμῖν]
1886 4004 1914 4057 ὁ

261 4094 482 4170 δεσμός.
535 4091 640 4150 Κᾶν
687 4092 774 4170 γὰρ
830 4090 1044 4168 μυρίους
1103 4111 1159 4145 σε
1214 4088 1378 4166 λέγῃς
1431 4089 1629 4170 φιλεῖς,
1665 4088 1770 4146 (εὗδ’
1829 4089 1914 4152 εἷς

263 4206 352 4240 σοι
405 4181 618 4260 παρέξει
661 4180 928 4246 τοσαύτης
997 4178 1293 4236 ἀπολαῦσαι
1354 4177 1668 4258 ἐλευθερίας”
1731 4178 1915 4248 ἐπειδὴ

263 4271 407 4349 μηδὲ
465 4271 542 4328 ἔτι
573 4293 677 4342 τις,
715 4269 825 4344 ὅτῳ
855 4267 1005 4343 μέλει
1051 4272 1148 4335 τῆς
1184 4272 1280 4334 σῆς
1319 4265 1710 4343 εὐδοκιμήσεως
1741 4269 1915 4337 ἑξίσης

263 4363 410 4438 ὶμοί.
446 4371 620 4422 Ταῦτα
668 4362 702 4428 ἡ
733 4358 875 4426 καλῆ
925 4356 1134 4424 διέξεισι
1183 4356 1419 4435 γλῶττα’
1456 4359 1543 4413 καὶ
1594 4356 1740 4422 ὅπως
1802 4367 1914 4415 Βα-

1994 3393 2126 3454 nes,
2156 3383 2216 3435 et
2241 3394 2388 3454 cogo
2415 3385 2469 3436 te
2498 3395 2697 3438 rerum
2735 3394 2998 3438 mearum
3024 3394 3226 3438 curam
3261 3394 3495 3454 gerere:
3522 3395 3641 3439 non

1995 3463 2160 3542 leges
2193 3472 2440 3538 naturae,
2478 3484 2594 3525 non
2625 3465 3067 3540 educationem,
3103 3484 3222 3526 non
3263 3465 3640 3529 familiarita-

1994 3561 2257 3627 tem,nec
2273 3555 2498 3636 aliquid
2519 3555 2778 3635 denique
2808 3555 2967 3616 aliud
2999 3555 3314 3632 reveritus,
3342 3555 3479 3636 fuge
3505 3565 3638 3619 tan-

1993 3662 2169 3724 quam
2197 3643 2399 3704 hostes
2428 3654 2485 3706 et
2509 3645 2910 3708 insidiatores.
2944 3646 3006 3707 Si
3039 3653 3232 3706 autem
3266 3647 3466 3708 omnia
3499 3647 3641 3709 faci-

1996 3741 2222 3807 mus,ut
2247 3752 2520 3810 magnum
2553 3733 2656 3795 tibi
2684 3753 2961 3814 paremus
2992 3735 3175 3796 otium
3202 3735 3273 3796 ad
3299 3735 3410 3799 hoc
3445 3745 3506 3798 nt
3528 3737 3642 3800 hoc

1996 3828 2127 3883 vitae
2168 3822 2283 3884 iter
2309 3824 2682 3901 ingrediaris,
2719 3824 2765 3884 si
2803 3823 2954 3886 nihil
2985 3823 3167 3896 aliud,
3202 3825 3314 3887 hoc
3347 3827 3554 3889 saltem
3586 3834 3643 3889 te

1999 3919 2268 3972 nostrum
2323 3915 2576 3973 retineat
2627 3912 2954 3974 vinculum.
3019 3913 3166 3976 Nam
3218 3914 3327 3976 etsi
3376 3917 3540 3978 dicas
3588 3923 3644 3979 te

1998 4001 2184 4062 amari
2208 4002 2282 4061 ab
2313 4001 2875 4072 innumerabilibus.
2910 4020 3088 4065 nemo
3127 4003 3236 4066 tibi
3269 4003 3650 4086 praebebit,ut

1999 4095 2163 4153 tanta
2204 4090 2417 4152 fruaris
2457 4091 2757 4154 libertate.
2788 4093 2979 4155 Nomo
3011 4091 3192 4165 enim,
3231 4093 3325 4154 cui
3353 4104 3454 4156 tua
3485 4095 3640 4158 bona

2001 4179 2355 4241 existimatio
2382 4181 2456 4241 sit
2487 4199 2656 4256 mque
2689 4200 2845 4242 curae
2870 4191 3046 4262 atque
3075 4191 3163 4244 est
3194 4182 3509 4246 mihiJiaac
3536 4201 3637 4246 re-

1998 4270 2112 4330 fert
2143 4269 2342 4346 lingua
2368 4270 2466 4331 illa
2497 4269 2753 4349 egregia,
2783 4277 2841 4331 et
2861 4271 3362 4351 quemadmodum
3385 4272 3641 4335 Basilius

1999 4357 2241 4439 quidem
2269 4357 2448 4419 subiit
2485 4359 2692 4438 jugum
2728 4359 3094 4440 diaconatus,
3127 4378 3374 4440 Sperans
3397 4362 3546 4436 fore,
3579 4371 3644 4424 ut

266 4451 473 4514 σίλειος
533 4450 632 4526 μὲν
662 4451 735 4516 είς
763 4450 858 4506 τὸν
914 4449 1015 4514 τῆς
1048 4445 1313 4511 διακονίας
1341 4448 1570 4526 ὑπηχγη
1617 4449 1795 4527 ζυγὸν,
1828 4449 1906 4504 καῖ

2001 4466 2136 4508 eum
2164 4447 2411 4508 haberet
2434 4447 2563 4527 ejus
2595 4448 2824 4509 ordinis
2859 4449 3123 4510 socium:
3159 4449 3258 4512 ille
3282 4458 3474 4514 autem
3517 4470 3647 4533 ενοι

269 4542 431 4600 αὐτὸν
494 4540 748 4598 κοινωνὸν
801 4538 950 4618 ἔχειν
981 4535 1198 4600 ἐλπίσας
1257 4536 1353 4604 τῆς
1387 4537 1603 4603 τάξεως·
1640 4539 1668 4593 ὁ
1724 4536 1777 4593 δὲ
1825 4539 1906 4592 τὸκ.

2001 4536 2140 4597 dum
2193 4535 2471 4598 dubitans
2502 4537 2827 4616 suscipere,
2868 4537 3115 4617 pulchre
3171 4557 3304 4601 eum
3353 4531 3645 4621 promisso

265 4633 473 4710 βαθμὸν
529 4627 786 4701 ὀκνήσας,
819 4625 1249 4706 καί-ὑποσχέσει
1309 4631 1491 4683 νοῦτον
1543 4627 1906 4706 παρακρουσά-

2001 4624 2276 4706 impellit,
2313 4634 2590 4701 tanquam
2643 4625 2771 4705 ipse
2806 4644 3041 4706 quoque
3087 4626 3210 4707 jam
3244 4627 3459 4692 futuris
3489 4643 3650 4694 esset

269 4742 456 4799 μενος,
494 4721 568 4782 ὡς
620 4719 710 4774 καὶ
739 4716 893 4780 αὐτὸς
956 4715 1168 4791 μέλλων
1196 4724 1288 4775 τοῦ
1339 4713 1462 4772 ἴσου
1493 4716 1765 4794 μετέχειν,
1797 4715 1906 4772 τότε

2001 4714 2276 4794 ejucdem
2312 4714 2632 4796 particeps.
2667 4713 2736 4776 Et
2771 4721 2910 4776 tunc
2941 4716 3186 4796 quidem
3230 4727 3464 4780 recusat
3489 4718 3648 4782 ordi-

269 4810 370 4887 μὲν
413 4808 679 4874 ὶξισταται
709 4807 808 4876 τὴν
837 4804 1195 4886 χειροτονίαν.
1247 4807 1608 4882 Χαρισάμενος
1641 4815 1906 4883 τοιγαροῦν

2003 4803 2328 4876 nationem,
2357 4803 2548 4866 victus
2581 4823 2612 4865 a
2644 4821 2750 4866 sua
2780 4805 2837 4866 in
2868 4823 2998 4867 eam
3028 4809 3383 4872 reverentia.

268 4903 340 4976 τῇ
393 4897 586 4977 μητρὶ,
613 4897 704 4954 καὶ
766 4893 910 4953 ἄκων
961 4895 1059 4964 τὴν
1103 4894 1269 4975 μέχρι
1312 4893 1496 4959 τέλους
1552 4893 1806 4972 παρέχων
1863 4897 2215 4974 γηροκομίαν,
2261 4892 2444 4961 ἐπειδή
2504 4893 2680 4962 ἐκείνη
2738 4897 2828 4952 τὸν
2882 4897 2994 4972 βίον
3052 4896 3303 4970 ἀπέλιπε,
3350 4901 3645 4977 παραυτίκα

268 4988 422 5052 οὗτος
474 4986 542 5044 τά
571 4986 692 5044 ὅσια
723 4985 808 5043 ἐπ’
840 4986 974 5061 αὐτῇ
1023 4982 1239 5064 δράσας,
1271 4985 1371 5052 τὴν
1402 4989 1509 5040 τῶν
1558 4983 1759 5061 γονέων
1789 4982 1921 5052 ὅλην
1979 4985 2156 5042 οδσὶαν
2191 4985 2443 5060 περιττὴν
2502 4983 2682 5060 οὖσαν,
2718 4990 2883 5065 τριχῆ
2945 4983 3158 5064 διαιρετ⁶
3193 4989 3280 5043 καὶ
3312 4993 3495 5066 πρῶτα
3548 4991 3646 5064 μὲν

269 5079 518 5148 πενήτων
598 5075 796 5133 ἔνδειαν
849 5082 928 5150 τῷ
983 5075 1168 5154 χρυσῷ
1222 5074 1524 5152 θεραπεύειο
1594 5071 1713 5130 ὅσαι
1771 5069 1826 5131 δὲ
1881 5077 1985 5131 τῶν
2047 5072 2348 5140 ἐκκλησιῶν
2410 5072 2708 5154 ἐτύγχανον
2773 5075 3113 5145 σπανίζουσαι
3190 5074 3508 5151 κειμηλίων,
3554 5080 3645 5136 τὸν

269 5167 498 5246 ἄργυρον
557 5170 741 5229 αὐτοῖς
792 5161 1050 5239 διανέμει·
1110 5168 1218 5219 τῶν
1271 5161 1328 5219 δὲ
1387 5163 1656 5232 ἀκινήτων
1695 5161 1776 5220 ὅτι
1834 5184 1933 5238 περ
1987 5167 2077 5235 ἦν,
2109 5163 2187 5238 τῷ
2245 5160 2488 5237 δημοσίῳ
2543 5163 2712 5243 φέρων
2772 5163 3102 5242 ὰποκληροϊ,
3137 5164 3233 5232 τὴν
3291 5165 3642 5245 ἀπραγμοσύο

273 5279 376 5325 νην
441 5257 612 5331 ἑαυτῷ
686 5253 1147 5334 περιποιούμενος,
1206 5254 1292 5308 καὶ
1352 5250 1522 5332 ὄχλον
1599 5253 1797 5316 παντὸς
1855 5250 2145 5331 γοροϐόγον
2229 5249 2628 5329 διαδιδράσκων,
2709 5253 2845 5310 Εἶτα
2917 5256 3002 5309 οιαὶ
3073 5255 3192 5318 τοὺς
3267 5254 3473 5320 οἰκέτας
3545 5257 3645 5324 τῆς

271 5345 518 5410 δουλείας
575 5345 743 5419 ἀνεὶς,
802 5345 891 5400 καὶ
941 5343 1036 5406 τὰς
1093 5343 1227 5421 πρὸς
1281 5342 1343 5398 τὸ
1396 5347 1492 5418 ζῇν
1551 5340 1790 5422 ἀφορμὰς
1847 5341 2292 5422 παρασχόμενος,
2338 5343 2403 5398 τα
2466 5341 2751 5400 κάλλιστον
2797 5343 3008 5400 πάντων
3063 5343 3234 5418 ἑαυτῷ
3291 5343 3643 5427 συνετήρησε,

268 5439 342 5496 τὸ
400 5433 570 5514 μηδὲν
639 5433 814 5514 ἔχειν,
873 5433 961 5488 καὶ
1019 5432 1080 5488 τὸ
1151 5430 1362 5498 λυθῆναι
1432 5431 1631 5494 παντὸς
1686 5429 1882 5506 δεσμοῦ
1935 5454 2012 5506 τῳ
2069 5433 2288 5511 παρόντι
2343 5431 2536 5506 κόσμῳ
2583 5433 2963 5514 συνάπτοντος,
3011 5431 3101 5492 καὶ
3147 5433 3278 5491 Θεόν
3335 5435 3449 5494 ἀντι
3497 5457 3643 5494 παν-

272 5547 384 5589 των
411 5523 750 5600 πλουτῆσαι,
777 5523 838 5581 τδ
881 5520 1144 5600 μακάριον
1173 5517 1344 5584 ὅντως
1367 5519 1548 5595 κτῆμα
1577 5521 1666 5578 καὶ
1692 5519 2059 5604 ἀναφαίρετον.
3075 5523 3078 5526 ’
