  <div class='ocr_page' id='page_1' title='image "/cluster/home/n/w/nwhite01/storage/ocr_20150623/114/mdp.39015028574344/536.png"; bbox 0 0 3996 6178; ppageno 0'>
   <div class='ocr_carea' id='block_1_1' title="bbox 327 287 480 357">
    <p class='ocr_par' dir='ltr' id='par_1_1' title="bbox 327 287 480 357">
     <span class='ocr_line' id='line_1_1' title="bbox 327 287 480 357; baseline 0.013 -2"><span class='ocrx_word' id='word_1_1' title='bbox 327 287 480 357; x_wconf 79' lang='grc'><strong>1061</strong></span> 
     </span>
    </p>
   </div>
   <div class='ocr_carea' id='block_1_2' title="bbox 1377 280 2652 361">
    <p class='ocr_par' dir='ltr' id='par_1_2' title="bbox 1377 280 2652 361">
     <span class='ocr_line' id='line_1_2' title="bbox 1377 280 2652 361; baseline -0.003 0"><span class='ocrx_word' id='word_1_2' title='bbox 1377 288 1564 361; x_wconf 83' lang='lat' dir='ltr'><strong>VITA</strong></span> <span class='ocrx_word' id='word_1_3' title='bbox 1608 294 1670 359; x_wconf 89' lang='lat' dir='ltr'><strong>S.</strong></span> <span class='ocrx_word' id='word_1_4' title='bbox 1733 284 2057 358; x_wconf 77' lang='lat' dir='ltr'><strong>IOANNIS</strong></span> <span class='ocrx_word' id='word_1_5' title='bbox 2097 280 2652 357; x_wconf 75' lang='lat' dir='ltr'><strong>GHRYSOSTOMI.</strong></span> 
     </span>
    </p>
   </div>
   <div class='ocr_carea' id='block_1_3' title="bbox 3548 294 3701 362">
    <p class='ocr_par' dir='ltr' id='par_1_3' title="bbox 3548 294 3701 362">
     <span class='ocr_line' id='line_1_3' title="bbox 3548 294 3701 362; baseline 0.013 -2"><span class='ocrx_word' id='word_1_6' title='bbox 3548 294 3701 362; x_wconf 83' lang='grc'><strong>1062</strong></span> 
     </span>
    </p>
   </div>
   <div class='ocr_carea' id='block_1_4' title="bbox 323 422 1971 508">
    <p class='ocr_par' dir='ltr' id='par_1_4' title="bbox 323 422 1964 503">
     <span class='ocr_line' id='line_1_4' title="bbox 323 422 1964 503; baseline 0.001 -21"><span class='ocrx_word' id='word_1_7' title='bbox 323 425 465 502; x_wconf 76' lang='grc' dir='ltr'>πρὸς</span> <span class='ocrx_word' id='word_1_8' title='bbox 515 425 606 482; x_wconf 83' lang='grc' dir='ltr'>τὸν</span> <span class='ocrx_word' id='word_1_9' title='bbox 664 422 821 503; x_wconf 72' lang='grc' dir='ltr'>ἄνδρα</span> <span class='ocrx_word' id='word_1_10' title='bbox 866 430 1097 503; x_wconf 74' lang='grc' dir='ltr'>στοργῆς</span> <span class='ocrx_word' id='word_1_11' title='bbox 1148 430 1622 501; x_wconf 74' lang='grc' dir='ltr'>καταψευσαμένη.</span> <span class='ocrx_word' id='word_1_12' title='bbox 1690 427 1827 484; x_wconf 74' lang='grc' dir='ltr'>Εἶτα</span> <span class='ocrx_word' id='word_1_13' title='bbox 1876 429 1964 486; x_wconf 75' lang='grc' dir='ltr'>καὶ</span> 
     </span>
    </p>
   </div>
   <div class='ocr_carea' id='block_1_5' title="bbox 2056 422 3696 508">
    <p class='ocr_par' dir='ltr' id='par_1_5' title="bbox 2056 423 3696 508">
     <span class='ocr_line' id='line_1_5' title="bbox 2056 423 3696 508; baseline 0.002 -20"><span class='ocrx_word' id='word_1_14' title='bbox 2056 444 2389 508; x_wconf 69' lang='lat' dir='ltr'><strong>gnam,quaa</strong></span> <span class='ocrx_word' id='word_1_15' title='bbox 2408 444 2573 489; x_wconf 80' lang='lat' dir='ltr'><strong>suam</strong></span> <span class='ocrx_word' id='word_1_16' title='bbox 2598 426 2660 487; x_wconf 92' lang='lat' dir='ltr'><strong>in</strong></span> <span class='ocrx_word' id='word_1_17' title='bbox 2685 423 3033 486; x_wconf 88' lang='lat' dir='ltr'><strong>defunctum</strong></span> <span class='ocrx_word' id='word_1_18' title='bbox 3060 425 3346 503; x_wconf 73' lang='lat' dir='ltr'><strong>integram</strong></span> <span class='ocrx_word' id='word_1_19' title='bbox 3370 442 3696 492; x_wconf 86' lang='lat' dir='ltr'><strong>conserva-</strong></span> 
     </span>
    </p>
   </div>
   <div class='ocr_carea' id='block_1_6' title="bbox 323 512 1968 594">
    <p class='ocr_par' dir='ltr' id='par_1_6' title="bbox 323 512 1968 594">
     <span class='ocr_line' id='line_1_6' title="bbox 323 512 1968 594; baseline 0 -24"><span class='ocrx_word' id='word_1_20' title='bbox 323 515 451 593; x_wconf 79' lang='grc' dir='ltr'>περὶ</span> <span class='ocrx_word' id='word_1_21' title='bbox 511 514 795 592; x_wconf 76' lang='grc' dir='ltr'><strong>παρθενίας</strong></span> <span class='ocrx_word' id='word_1_22' title='bbox 850 512 1027 577; x_wconf 76' lang='grc' dir='ltr'>ἄλλως</span> <span class='ocrx_word' id='word_1_23' title='bbox 1088 515 1363 572; x_wconf 83' lang='grc' dir='ltr'>συντάττει</span> <span class='ocrx_word' id='word_1_24' title='bbox 1422 513 1645 594; x_wconf 77' lang='grc' dir='ltr'>βιϐὶίον,</span> <span class='ocrx_word' id='word_1_25' title='bbox 1690 516 1968 573; x_wconf 77' lang='grc' dir='ltr'>θεσπέσιόν</span> 
     </span>
    </p>
   </div>
   <div class='ocr_carea' id='block_1_7' title="bbox 325 602 1968 682">
    <p class='ocr_par' dir='ltr' id='par_1_7' title="bbox 325 602 1968 682">
     <span class='ocr_line' id='line_1_7' title="bbox 325 602 1968 682; baseline 0.003 -23"><span class='ocrx_word' id='word_1_26' title='bbox 325 625 384 659; x_wconf 91' lang='grc' dir='ltr'><strong>τι</strong></span> <span class='ocrx_word' id='word_1_27' title='bbox 430 604 491 661; x_wconf 78' lang='grc' dir='ltr'><strong>τὸ</strong></span> <span class='ocrx_word' id='word_1_28' title='bbox 532 602 731 667; x_wconf 84' lang='grc' dir='ltr'>κάλλος</span> <span class='ocrx_word' id='word_1_29' title='bbox 793 604 955 671; x_wconf 74' lang='grc' dir='ltr'>αὖτῆς</span> <span class='ocrx_word' id='word_1_30' title='bbox 1016 605 1103 660; x_wconf 77' lang='grc' dir='ltr'><strong>καὶ</strong></span> <span class='ocrx_word' id='word_1_31' title='bbox 1164 602 1390 682; x_wconf 73' lang='grc' dir='ltr'>ἅῤῥητον</span> <span class='ocrx_word' id='word_1_32' title='bbox 1433 609 1523 661; x_wconf 89' lang='grc' dir='ltr'><strong>τὸν</strong></span> <span class='ocrx_word' id='word_1_33' title='bbox 1567 606 1770 680; x_wconf 88' lang='grc' dir='ltr'>κόσμον</span> <span class='ocrx_word' id='word_1_34' title='bbox 1824 607 1968 664; x_wconf 85' lang='grc' dir='ltr'>ἀπο-</span> 
     </span>
    </p>
   </div>
   <div class='ocr_carea' id='block_1_8' title="bbox 325 690 1968 775">
    <p class='ocr_par' dir='ltr' id='par_1_8' title="bbox 325 690 1968 775">
     <span class='ocr_line' id='line_1_8' title="bbox 325 690 1968 775; baseline 0.001 -27"><span class='ocrx_word' id='word_1_35' title='bbox 325 690 605 751; x_wconf 81' lang='grc' dir='ltr'>δεικνύων.</span> <span class='ocrx_word' id='word_1_36' title='bbox 697 694 803 752; x_wconf 81' lang='grc' dir='ltr'><strong>Καῖ</strong></span> <span class='ocrx_word' id='word_1_37' title='bbox 890 694 1184 771; x_wconf 84' lang='grc' dir='ltr'>Σταγειρίῳ</span> <span class='ocrx_word' id='word_1_38' title='bbox 1256 693 1312 749; x_wconf 75' lang='grc' dir='ltr'>δὲ</span> <span class='ocrx_word' id='word_1_39' title='bbox 1408 692 1597 771; x_wconf 81' lang='grc' dir='ltr'><strong>λόγους</strong></span> <span class='ocrx_word' id='word_1_40' title='bbox 1682 696 1968 775; x_wconf 75' lang='grc' dir='ltr'>συγγράφει</span> 
     </span>
    </p>
   </div>
   <div class='ocr_carea' id='block_1_9' title="bbox 326 780 1973 862">
    <p class='ocr_par' dir='ltr' id='par_1_9' title="bbox 326 780 1973 862">
     <span class='ocr_line' id='line_1_9' title="bbox 326 780 1973 862; baseline 0.001 -23"><span class='ocrx_word' id='word_1_41' title='bbox 326 782 473 861; x_wconf 79' lang='grc' dir='ltr'>φίλῳ</span> <span class='ocrx_word' id='word_1_42' title='bbox 512 780 609 857; x_wconf 70' lang='grc' dir='ltr'>μὲν</span> <span class='ocrx_word' id='word_1_43' title='bbox 652 780 796 859; x_wconf 80' lang='grc' dir='ltr'>ἀνδρὶ</span> <span class='ocrx_word' id='word_1_44' title='bbox 861 783 949 839; x_wconf 81' lang='grc' dir='ltr'><strong>καὶ</strong></span> <span class='ocrx_word' id='word_1_45' title='bbox 1007 783 1243 862; x_wconf 72' lang='grc' dir='ltr'>συνήθει,</span> <span class='ocrx_word' id='word_1_46' title='bbox 1303 782 1527 862; x_wconf 85' lang='grc' dir='ltr'>κατόχῳ</span> <span class='ocrx_word' id='word_1_47' title='bbox 1588 781 1643 839; x_wconf 80' lang='grc' dir='ltr'>δὲ</span> <span class='ocrx_word' id='word_1_48' title='bbox 1703 783 1973 861; x_wconf 77' lang='grc' dir='ltr'><strong>γενομένῳ</strong></span> 
     </span>
    </p>
   </div>
   <div class='ocr_carea' id='block_1_10' title="bbox 326 868 1973 950">
    <p class='ocr_par' dir='ltr' id='par_1_10' title="bbox 326 868 1973 950">
     <span class='ocr_line' id='line_1_10' title="bbox 326 868 1973 950; baseline 0 -23"><span class='ocrx_word' id='word_1_49' title='bbox 326 877 554 949; x_wconf 78' lang='grc' dir='ltr'>πονηρῷ</span> <span class='ocrx_word' id='word_1_50' title='bbox 627 871 911 946; x_wconf 84' lang='grc' dir='ltr'>πνεύματι.</span> <span class='ocrx_word' id='word_1_51' title='bbox 998 873 1070 929; x_wconf 64' lang='lat' dir='ltr'><strong>re</strong></span> <span class='ocrx_word' id='word_1_52' title='bbox 1148 869 1203 927; x_wconf 73' lang='grc' dir='ltr'>δὲ</span> <span class='ocrx_word' id='word_1_53' title='bbox 1283 868 1485 948; x_wconf 80' lang='grc' dir='ltr'>βιϐλίον</span> <span class='ocrx_word' id='word_1_54' title='bbox 1542 872 1807 950; x_wconf 76' lang='grc' dir='ltr'>προφάσιν</span> <span class='ocrx_word' id='word_1_55' title='bbox 1877 874 1973 948; x_wconf 72' lang='grc' dir='ltr'><strong>μὶν</strong></span> 
     </span>
    </p>
   </div>
   <div class='ocr_carea' id='block_1_11' title="bbox 326 957 1969 1041">
    <p class='ocr_par' dir='ltr' id='par_1_11' title="bbox 326 957 1969 1041">
     <span class='ocr_line' id='line_1_11' title="bbox 326 957 1969 1041; baseline 0.001 -26"><span class='ocrx_word' id='word_1_56' title='bbox 326 958 543 1017; x_wconf 69' lang='grc' dir='ltr'>ἆκεῖνον</span> <span class='ocrx_word' id='word_1_57' title='bbox 585 957 874 1036; x_wconf 71' lang='grc' dir='ltr'>λαμϐάνει,</span> <span class='ocrx_word' id='word_1_58' title='bbox 920 973 1098 1041; x_wconf 89' lang='grc' dir='ltr'>χωρεῖ</span> <span class='ocrx_word' id='word_1_59' title='bbox 1140 958 1194 1016; x_wconf 69' lang='grc' dir='ltr'>δὲ</span> <span class='ocrx_word' id='word_1_60' title='bbox 1240 958 1323 1019; x_wconf 79' lang='grc' dir='ltr'><strong>διὰ</strong></span> <span class='ocrx_word' id='word_1_61' title='bbox 1385 961 1563 1027; x_wconf 82' lang='grc' dir='ltr'>πάσης</span> <span class='ocrx_word' id='word_1_62' title='bbox 1608 959 1922 1041; x_wconf 72' lang='grc' dir='ltr'>φιλοσοφίας</span> <span class='ocrx_word' id='word_1_63' title='bbox 1955 977 1969 991; x_wconf 80' lang='grc'><strong>⁸</strong></span> 
     </span>
    </p>
   </div>
   <div class='ocr_carea' id='block_1_12' title="bbox 324 1048 1975 1128">
    <p class='ocr_par' dir='ltr' id='par_1_12' title="bbox 324 1048 1975 1128">
     <span class='ocr_line' id='line_1_12' title="bbox 324 1048 1975 1128; baseline 0.003 -25"><span class='ocrx_word' id='word_1_64' title='bbox 324 1048 420 1104; x_wconf 77' lang='grc' dir='ltr'><strong>καὶ</strong></span> <span class='ocrx_word' id='word_1_65' title='bbox 473 1049 585 1106; x_wconf 69' lang='grc' dir='ltr'>ἔστι</span> <span class='ocrx_word' id='word_1_66' title='bbox 625 1050 805 1106; x_wconf 79' lang='grc' dir='ltr'>κοινὸν</span> <span class='ocrx_word' id='word_1_67' title='bbox 862 1048 1203 1128; x_wconf 66' lang='grc' dir='ltr'><strong>εὐχαριστίας</strong></span> <span class='ocrx_word' id='word_1_68' title='bbox 1261 1051 1350 1106; x_wconf 86' lang='grc' dir='ltr'>καὶ</span> <span class='ocrx_word' id='word_1_69' title='bbox 1400 1050 1676 1124; x_wconf 78' lang='grc' dir='ltr'>ὑπομονῆς</span> <span class='ocrx_word' id='word_1_70' title='bbox 1720 1048 1975 1108; x_wconf 76' lang='grc' dir='ltr'>διδασκά-</span> 
     </span>
    </p>
   </div>
   <div class='ocr_carea' id='block_1_13' title="bbox 328 1134 1974 1216">
    <p class='ocr_par' dir='ltr' id='par_1_13' title="bbox 328 1134 1974 1216">
     <span class='ocr_line' id='line_1_13' title="bbox 328 1134 1974 1216; baseline 0.002 -24"><span class='ocrx_word' id='word_1_71' title='bbox 328 1134 475 1211; x_wconf 73' lang='grc' dir='ltr'>λιον,</span> <span class='ocrx_word' id='word_1_72' title='bbox 524 1138 808 1203; x_wconf 81' lang='grc' dir='ltr'>τοσαύταις</span> <span class='ocrx_word' id='word_1_73' title='bbox 852 1138 1168 1206; x_wconf 87' lang='grc' dir='ltr'>πιθανότησι</span> <span class='ocrx_word' id='word_1_74' title='bbox 1211 1138 1302 1195; x_wconf 86' lang='grc' dir='ltr'>καὶ</span> <span class='ocrx_word' id='word_1_75' title='bbox 1348 1134 1604 1216; x_wconf 76' lang='grc' dir='ltr'>ἀνάγκαις</span> <span class='ocrx_word' id='word_1_76' title='bbox 1656 1139 1974 1215; x_wconf 81' lang='grc' dir='ltr'>ῥητορικαῖς</span> 
     </span>
    </p>
   </div>
   <div class='ocr_carea' id='block_1_14' title="bbox 327 1225 1970 1305">
    <p class='ocr_par' dir='ltr' id='par_1_14' title="bbox 327 1225 1970 1305">
     <span class='ocr_line' id='line_1_14' title="bbox 327 1225 1970 1305; baseline 0.002 -22"><span class='ocrx_word' id='word_1_77' title='bbox 327 1226 852 1305; x_wconf 82' lang='grc' dir='ltr'>συγκεκροτημένον,</span> <span class='ocrx_word' id='word_1_78' title='bbox 893 1227 929 1295; x_wconf 79' lang='grc' dir='ltr'>ἢ</span> <span class='ocrx_word' id='word_1_79' title='bbox 970 1225 1177 1301; x_wconf 81' lang='grc' dir='ltr'>μᾶλλον</span> <span class='ocrx_word' id='word_1_80' title='bbox 1236 1227 1397 1292; x_wconf 87' lang='grc' dir='ltr'>θείαις</span> <span class='ocrx_word' id='word_1_81' title='bbox 1443 1228 1616 1284; x_wconf 70' lang='grc' dir='ltr'>εἰπεῖν</span> <span class='ocrx_word' id='word_1_82' title='bbox 1667 1230 1763 1285; x_wconf 70' lang='grc' dir='ltr'><strong>καί</strong></span> <span class='ocrx_word' id='word_1_83' title='bbox 1807 1249 1970 1287; x_wconf 87' lang='grc' dir='ltr'>πνευ-</span> 
     </span>
    </p>
   </div>
   <div class='ocr_carea' id='block_1_15' title="bbox 330 1314 1972 1397">
    <p class='ocr_par' dir='ltr' id='par_1_15' title="bbox 330 1314 1972 1397">
     <span class='ocr_line' id='line_1_15' title="bbox 330 1314 1972 1397; baseline 0 -25"><span class='ocrx_word' id='word_1_84' title='bbox 330 1328 593 1391; x_wconf 81' lang='grc' dir='ltr'>ματικαῖς</span> <span class='ocrx_word' id='word_1_85' title='bbox 647 1317 889 1397; x_wconf 81' lang='grc' dir='ltr'>χάρισιν,</span> <span class='ocrx_word' id='word_1_86' title='bbox 924 1318 997 1380; x_wconf 81' lang='grc' dir='ltr'>ὡς</span> <span class='ocrx_word' id='word_1_87' title='bbox 1057 1316 1187 1372; x_wconf 74' lang='grc' dir='ltr'>αὐτὸ</span> <span class='ocrx_word' id='word_1_88' title='bbox 1225 1319 1310 1395; x_wconf 80' lang='grc' dir='ltr'>τὸ,</span> <span class='ocrx_word' id='word_1_89' title='bbox 1372 1314 1576 1391; x_wconf 76' lang='grc' dir='ltr'>δαίμονι</span> <span class='ocrx_word' id='word_1_90' title='bbox 1637 1330 1972 1393; x_wconf 77' lang='grc' dir='ltr'>περιπεσεῖν,</span> 
     </span>
    </p>
   </div>
   <div class='ocr_carea' id='block_1_16' title="bbox 329 1404 1973 1485">
    <p class='ocr_par' dir='ltr' id='par_1_16' title="bbox 329 1404 1973 1485">
     <span class='ocr_line' id='line_1_16' title="bbox 329 1404 1973 1485; baseline 0 -23"><span class='ocrx_word' id='word_1_91' title='bbox 329 1405 531 1462; x_wconf 84' lang='grc' dir='ltr'>πείθειν</span> <span class='ocrx_word' id='word_1_92' title='bbox 584 1406 867 1485; x_wconf 75' lang='grc' dir='ltr'>ἀγαπητὸν</span> <span class='ocrx_word' id='word_1_93' title='bbox 924 1407 1197 1483; x_wconf 76' lang='grc' dir='ltr'>ἡγεῖσθαι,</span> <span class='ocrx_word' id='word_1_94' title='bbox 1256 1405 1343 1461; x_wconf 69' lang='grc' dir='ltr'><strong>καὶ</strong></span> <span class='ocrx_word' id='word_1_95' title='bbox 1400 1404 1658 1485; x_wconf 80' lang='grc' dir='ltr'>ὠφελείας</span> <span class='ocrx_word' id='word_1_96' title='bbox 1717 1408 1973 1485; x_wconf 81' lang='grc' dir='ltr'>μεγίστης</span> 
     </span>
    </p>
   </div>
   <div class='ocr_carea' id='block_1_17' title="bbox 330 1492 1973 1571">
    <p class='ocr_par' dir='ltr' id='par_1_17' title="bbox 330 1492 1973 1571">
     <span class='ocr_line' id='line_1_17' title="bbox 330 1492 1973 1571; baseline 0.001 -21"><span class='ocrx_word' id='word_1_97' title='bbox 330 1496 606 1555; x_wconf 76' lang='grc' dir='ltr'>δπόθεσιν.</span> <span class='ocrx_word' id='word_1_98' title='bbox 670 1499 743 1555; x_wconf 77' lang='grc' dir='ltr'><strong>Ού</strong></span> <span class='ocrx_word' id='word_1_99' title='bbox 810 1495 917 1571; x_wconf 77' lang='grc' dir='ltr'>μὴν</span> <span class='ocrx_word' id='word_1_100' title='bbox 988 1492 1125 1550; x_wconf 76' lang='grc' dir='ltr'>ἀλλὰ</span> <span class='ocrx_word' id='word_1_101' title='bbox 1181 1494 1271 1550; x_wconf 80' lang='grc' dir='ltr'><strong>καὶ</strong></span> <span class='ocrx_word' id='word_1_102' title='bbox 1330 1494 1448 1571; x_wconf 85' lang='grc' dir='ltr'>περὶ</span> <span class='ocrx_word' id='word_1_103' title='bbox 1504 1494 1840 1560; x_wconf 80' lang='grc' dir='ltr'>κατανύξεως</span> <span class='ocrx_word' id='word_1_104' title='bbox 1885 1493 1973 1551; x_wconf 87' lang='grc' dir='ltr'><strong>δύο</strong></span> 
     </span>
    </p>
   </div>
   <div class='ocr_carea' id='block_1_18' title="bbox 329 1581 1972 1660">
    <p class='ocr_par' dir='ltr' id='par_1_18' title="bbox 329 1581 1972 1660">
     <span class='ocr_line' id='line_1_18' title="bbox 329 1581 1972 1660; baseline -0.001 -20"><span class='ocrx_word' id='word_1_105' title='bbox 329 1583 457 1640; x_wconf 88' lang='grc' dir='ltr'>τότε</span> <span class='ocrx_word' id='word_1_106' title='bbox 504 1586 645 1656; x_wconf 72' lang='grc' dir='ltr'><strong>αὒτῷ</strong></span> <span class='ocrx_word' id='word_1_107' title='bbox 703 1584 1055 1640; x_wconf 75' lang='grc' dir='ltr'>συντέθεινται</span> <span class='ocrx_word' id='word_1_108' title='bbox 1097 1581 1250 1660; x_wconf 84' lang='grc' dir='ltr'>λόγοι</span> <span class='ocrx_word' id='word_1_109' title='bbox 1285 1599 1300 1614; x_wconf 83' lang='grc'><strong><em>⁸</em></strong></span> <span class='ocrx_word' id='word_1_110' title='bbox 1361 1583 1434 1639; x_wconf 83' lang='grc' dir='ltr'>ὧν</span> <span class='ocrx_word' id='word_1_111' title='bbox 1480 1584 1507 1639; x_wconf 82' lang='grc' dir='ltr'>ὁ</span> <span class='ocrx_word' id='word_1_112' title='bbox 1538 1584 1634 1658; x_wconf 74' lang='grc' dir='ltr'>μὲν</span> <span class='ocrx_word' id='word_1_113' title='bbox 1668 1585 1741 1648; x_wconf 85' lang='grc' dir='ltr'><strong>εἰς</strong></span> <span class='ocrx_word' id='word_1_114' title='bbox 1775 1585 1972 1658; x_wconf 68' lang='grc' dir='ltr'>Δημή-</span> 
     </span>
    </p>
   </div>
   <div class='ocr_carea' id='block_1_19' title="bbox 331 1670 1974 1753">
    <p class='ocr_par' dir='ltr' id='par_1_19' title="bbox 331 1670 1974 1753">
     <span class='ocr_line' id='line_1_19' title="bbox 331 1670 1974 1753; baseline -0.001 -23"><span class='ocrx_word' id='word_1_115' title='bbox 331 1695 503 1753; x_wconf 86' lang='grc' dir='ltr'>τριον,</span> <span class='ocrx_word' id='word_1_116' title='bbox 559 1671 737 1750; x_wconf 77' lang='grc' dir='ltr'>ἕτερος</span> <span class='ocrx_word' id='word_1_117' title='bbox 796 1671 850 1729; x_wconf 74' lang='grc' dir='ltr'>δὲ</span> <span class='ocrx_word' id='word_1_118' title='bbox 928 1673 1000 1738; x_wconf 75' lang='grc' dir='ltr'><strong>εἷς</strong></span> <span class='ocrx_word' id='word_1_119' title='bbox 1066 1670 1363 1751; x_wconf 86' lang='grc' dir='ltr'>Στελέχιον</span> <span class='ocrx_word' id='word_1_120' title='bbox 1416 1671 1828 1751; x_wconf 77' lang='grc' dir='ltr'>ἐπιγέγραπται,</span> <span class='ocrx_word' id='word_1_121' title='bbox 1860 1698 1867 1707; x_wconf 93' lang='grc'><strong>·</strong></span> <span class='ocrx_word' id='word_1_122' title='bbox 1902 1675 1974 1738; x_wconf 83' lang='grc' dir='ltr'><strong>είς</strong></span> 
     </span>
    </p>
   </div>
   <div class='ocr_carea' id='block_1_20' title="bbox 2051 513 3699 593">
    <p class='ocr_par' dir='ltr' id='par_1_20' title="bbox 2051 513 3699 593">
     <span class='ocr_line' id='line_1_20' title="bbox 2051 513 3699 593; baseline 0.003 -18"><span class='ocrx_word' id='word_1_123' title='bbox 2051 516 2134 578; x_wconf 86' lang='lat' dir='ltr'><strong>vit</strong></span> <span class='ocrx_word' id='word_1_124' title='bbox 2156 516 2586 578; x_wconf 90' lang='lat' dir='ltr'><strong>conscientiam</strong></span> <span class='ocrx_word' id='word_1_125' title='bbox 2596 534 2690 593; x_wconf 83' lang='lat' dir='ltr'><strong>,se</strong></span> <span class='ocrx_word' id='word_1_126' title='bbox 2718 513 3003 577; x_wconf 84' lang='lat' dir='ltr'><strong>secundis</strong></span> <span class='ocrx_word' id='word_1_127' title='bbox 3033 514 3257 593; x_wconf 80' lang='lat' dir='ltr'><strong>nuptiis</strong></span> <span class='ocrx_word' id='word_1_128' title='bbox 3289 534 3407 577; x_wconf 89' lang='lat' dir='ltr'><strong>non</strong></span> <span class='ocrx_word' id='word_1_129' title='bbox 3438 515 3699 581; x_wconf 78' lang='lat' dir='ltr'><strong>reddidit</strong></span> 
     </span>
    </p>
   </div>
   <div class='ocr_carea' id='block_1_21' title="bbox 2054 602 3696 685">
    <p class='ocr_par' dir='ltr' id='par_1_21' title="bbox 2054 602 3696 685">
     <span class='ocr_line' id='line_1_21' title="bbox 2054 602 3696 685; baseline 0.002 -20"><span class='ocrx_word' id='word_1_130' title='bbox 2054 604 2430 681; x_wconf 78' lang='lat' dir='ltr'><strong>inlamem,ut</strong></span> <span class='ocrx_word' id='word_1_131' title='bbox 2452 623 2584 685; x_wconf 73' lang='lat' dir='ltr'><strong>quae</strong></span> <span class='ocrx_word' id='word_1_132' title='bbox 2608 602 3086 665; x_wconf 72' lang='lat' dir='ltr'><strong>benevolentiam</strong></span> <span class='ocrx_word' id='word_1_133' title='bbox 3112 604 3354 664; x_wconf 88' lang='lat' dir='ltr'><strong>mentita</strong></span> <span class='ocrx_word' id='word_1_134' title='bbox 3381 603 3459 666; x_wconf 89' lang='lat' dir='ltr'><strong>sit</strong></span> <span class='ocrx_word' id='word_1_135' title='bbox 3479 603 3542 665; x_wconf 93' lang='lat' dir='ltr'><strong>in</strong></span> <span class='ocrx_word' id='word_1_136' title='bbox 3567 624 3696 668; x_wconf 58' lang='lat' dir='ltr'><strong>mar</strong></span> 
     </span>
    </p>
   </div>
   <div class='ocr_carea' id='block_1_22' title="bbox 2053 692 3697 772">
    <p class='ocr_par' dir='ltr' id='par_1_22' title="bbox 2053 692 3697 772">
     <span class='ocr_line' id='line_1_22' title="bbox 2053 692 3697 772; baseline 0.002 -18"><span class='ocrx_word' id='word_1_137' title='bbox 2053 694 2499 756; x_wconf 82' lang='lat' dir='ltr'><strong>ritum.DeinUe</strong></span> <span class='ocrx_word' id='word_1_138' title='bbox 2518 694 2699 755; x_wconf 88' lang='lat' dir='ltr'><strong>etiam</strong></span> <span class='ocrx_word' id='word_1_139' title='bbox 2732 694 2806 755; x_wconf 93' lang='lat' dir='ltr'><strong>de</strong></span> <span class='ocrx_word' id='word_1_140' title='bbox 2826 692 3161 772; x_wconf 84' lang='lat' dir='ltr'><strong>virginitate</strong></span> <span class='ocrx_word' id='word_1_141' title='bbox 3181 692 3389 755; x_wconf 87' lang='lat' dir='ltr'><strong>scribit</strong></span> <span class='ocrx_word' id='word_1_142' title='bbox 3408 694 3586 757; x_wconf 88' lang='lat' dir='ltr'><strong>alium</strong></span> <span class='ocrx_word' id='word_1_143' title='bbox 3620 696 3697 758; x_wconf 86' lang='lat' dir='ltr'><strong>li-</strong></span> 
     </span>
    </p>
   </div>
   <div class='ocr_carea' id='block_1_23' title="bbox 2056 781 3700 862">
    <p class='ocr_par' dir='ltr' id='par_1_23' title="bbox 2056 781 3700 862">
     <span class='ocr_line' id='line_1_23' title="bbox 2056 781 3700 862; baseline 0.001 -18"><span class='ocrx_word' id='word_1_144' title='bbox 2056 783 2252 860; x_wconf 90' lang='lat' dir='ltr'><strong>brum,</strong></span> <span class='ocrx_word' id='word_1_145' title='bbox 2273 783 2530 844; x_wconf 82' lang='lat' dir='ltr'><strong>divinam</strong></span> <span class='ocrx_word' id='word_1_146' title='bbox 2564 783 2695 862; x_wconf 86' lang='lat' dir='ltr'><strong>ejus</strong></span> <span class='ocrx_word' id='word_1_147' title='bbox 2723 782 3047 844; x_wconf 84' lang='lat' dir='ltr'><strong>ostendens</strong></span> <span class='ocrx_word' id='word_1_148' title='bbox 3099 781 3609 861; x_wconf 82' lang='lat' dir='ltr'><strong>pulchritudinem</strong></span> <span class='ocrx_word' id='word_1_149' title='bbox 3640 796 3700 848; x_wconf 93' lang='lat' dir='ltr'><strong>et</strong></span> 
     </span>
    </p>
   </div>
   <div class='ocr_carea' id='block_1_24' title="bbox 2058 869 3702 952">
    <p class='ocr_par' dir='ltr' id='par_1_24' title="bbox 2058 869 3702 952">
     <span class='ocr_line' id='line_1_24' title="bbox 2058 869 3702 952; baseline 0.001 -18"><span class='ocrx_word' id='word_1_150' title='bbox 2058 890 2335 951; x_wconf 89' lang='lat' dir='ltr'><strong>magnum</strong></span> <span class='ocrx_word' id='word_1_151' title='bbox 2357 873 2488 951; x_wconf 89' lang='lat' dir='ltr'><strong>ejus</strong></span> <span class='ocrx_word' id='word_1_152' title='bbox 2510 869 3218 949; x_wconf 87' lang='lat' dir='ltr'><strong>ornamentum,Stagirio</strong></span> <span class='ocrx_word' id='word_1_153' title='bbox 3236 890 3474 952; x_wconf 91' lang='lat' dir='ltr'><strong>quoque</strong></span> <span class='ocrx_word' id='word_1_154' title='bbox 3492 875 3702 936; x_wconf 85' lang='lat' dir='ltr'><strong>scribit</strong></span> 
     </span>
    </p>
   </div>
   <div class='ocr_carea' id='block_1_25' title="bbox 2059 958 3701 1043">
    <p class='ocr_par' dir='ltr' id='par_1_25' title="bbox 2059 958 3701 1043">
     <span class='ocr_line' id='line_1_25' title="bbox 2059 958 3701 1043; baseline 0.003 -20"><span class='ocrx_word' id='word_1_155' title='bbox 2059 963 2341 1043; x_wconf 86' lang='lat' dir='ltr'><strong>pulchras</strong></span> <span class='ocrx_word' id='word_1_156' title='bbox 2363 960 2665 1023; x_wconf 88' lang='lat' dir='ltr'><strong>orationes</strong></span> <span class='ocrx_word' id='word_1_157' title='bbox 2689 969 2749 1023; x_wconf 95' lang='lat' dir='ltr'><strong>et</strong></span> <span class='ocrx_word' id='word_1_158' title='bbox 2776 983 2793 1017; x_wconf 81' lang='grc' dir='ltr'><strong>ι</strong></span> <span class='ocrx_word' id='word_1_159' title='bbox 2809 960 2944 1023; x_wconf 86' lang='lat' dir='ltr'><strong>alde</strong></span> <span class='ocrx_word' id='word_1_160' title='bbox 2968 958 3301 1041; x_wconf 66' lang='lat' dir='ltr'><strong>praeclaras.</strong></span> <span class='ocrx_word' id='word_1_161' title='bbox 3328 960 3436 1024; x_wconf 85' lang='lat' dir='ltr'><strong>Hic</strong></span> <span class='ocrx_word' id='word_1_162' title='bbox 3457 964 3546 1024; x_wconf 90' lang='lat' dir='ltr'><strong>vir</strong></span> <span class='ocrx_word' id='word_1_163' title='bbox 3565 974 3701 1027; x_wconf 89' lang='lat' dir='ltr'><strong>erat</strong></span> 
     </span>
    </p>
   </div>
   <div class='ocr_carea' id='block_1_26' title="bbox 2059 1052 3698 1129">
    <p class='ocr_par' dir='ltr' id='par_1_26' title="bbox 2059 1052 3698 1129">
     <span class='ocr_line' id='line_1_26' title="bbox 2059 1052 3698 1129; baseline 0.002 -17"><span class='ocrx_word' id='word_1_164' title='bbox 2059 1056 2108 1112; x_wconf 89' lang='lat' dir='ltr'><strong>ei</strong></span> <span class='ocrx_word' id='word_1_165' title='bbox 2136 1055 2299 1114; x_wconf 84' lang='lat' dir='ltr'><strong>valde</strong></span> <span class='ocrx_word' id='word_1_166' title='bbox 2322 1052 2842 1112; x_wconf 80' lang='lat' dir='ltr'><strong>familiaris:tuerat</strong></span> <span class='ocrx_word' id='word_1_167' title='bbox 2860 1065 3051 1112; x_wconf 81' lang='lat' dir='ltr'><strong>autem</strong></span> <span class='ocrx_word' id='word_1_168' title='bbox 3076 1069 3145 1125; x_wconf 90' lang='lat' dir='ltr'><strong>po</strong></span> <span class='ocrx_word' id='word_1_169' title='bbox 3164 1070 3380 1113; x_wconf 66' lang='lat' dir='ltr'><strong>sessus</strong></span> <span class='ocrx_word' id='word_1_170' title='bbox 3400 1071 3427 1113; x_wconf 91' lang='lat' dir='ltr'><strong>a</strong></span> <span class='ocrx_word' id='word_1_171' title='bbox 3444 1058 3698 1129; x_wconf 82' lang='lat' dir='ltr'><strong>maligno</strong></span> 
     </span>
    </p>
   </div>
   <div class='ocr_carea' id='block_1_27' title="bbox 2060 1138 3695 1220">
    <p class='ocr_par' dir='ltr' id='par_1_27' title="bbox 2060 1138 3695 1220">
     <span class='ocr_line' id='line_1_27' title="bbox 2060 1138 3695 1220; baseline 0.002 -16"><span class='ocrx_word' id='word_1_172' title='bbox 2060 1140 2559 1220; x_wconf 63' lang='lat' dir='ltr'><strong>daemone,qualia</strong></span> <span class='ocrx_word' id='word_1_173' title='bbox 2587 1148 2724 1201; x_wconf 84' lang='lat' dir='ltr'><strong>sunt</strong></span> <span class='ocrx_word' id='word_1_174' title='bbox 2751 1141 2857 1203; x_wconf 92' lang='lat' dir='ltr'><strong>Dei</strong></span> <span class='ocrx_word' id='word_1_175' title='bbox 2882 1139 3134 1219; x_wconf 90' lang='lat' dir='ltr'><strong>judicia.</strong></span> <span class='ocrx_word' id='word_1_176' title='bbox 3160 1138 3339 1201; x_wconf 88' lang='lat' dir='ltr'><strong>Liber</strong></span> <span class='ocrx_word' id='word_1_177' title='bbox 3366 1160 3503 1203; x_wconf 88' lang='lat' dir='ltr'><strong>vero</strong></span> <span class='ocrx_word' id='word_1_178' title='bbox 3536 1143 3695 1207; x_wconf 89' lang='lat' dir='ltr'><strong>illam</strong></span> 
     </span>
    </p>
   </div>
   <div class='ocr_carea' id='block_1_28' title="bbox 2058 1226 3701 1309">
    <p class='ocr_par' dir='ltr' id='par_1_28' title="bbox 2058 1226 3701 1309">
     <span class='ocr_line' id='line_1_28' title="bbox 2058 1226 3701 1309; baseline 0.003 -20"><span class='ocrx_word' id='word_1_179' title='bbox 2058 1227 2301 1308; x_wconf 74' lang='lat' dir='ltr'><strong>quidem</strong></span> <span class='ocrx_word' id='word_1_180' title='bbox 2334 1227 2551 1307; x_wconf 86' lang='lat' dir='ltr'><strong>accipit</strong></span> <span class='ocrx_word' id='word_1_181' title='bbox 2574 1226 2881 1289; x_wconf 87' lang='lat' dir='ltr'><strong>scribendi</strong></span> <span class='ocrx_word' id='word_1_182' title='bbox 2903 1228 3304 1291; x_wconf 87' lang='lat' dir='ltr'><strong>occasionem:</strong></span> <span class='ocrx_word' id='word_1_183' title='bbox 3331 1248 3437 1309; x_wconf 90' lang='lat' dir='ltr'><strong>per</strong></span> <span class='ocrx_word' id='word_1_184' title='bbox 3460 1230 3701 1295; x_wconf 90' lang='lat' dir='ltr'><strong>univer-</strong></span> 
     </span>
    </p>
   </div>
   <div class='ocr_carea' id='block_1_29' title="bbox 2058 1316 3698 1397">
    <p class='ocr_par' dir='ltr' id='par_1_29' title="bbox 2058 1316 3698 1397">
     <span class='ocr_line' id='line_1_29' title="bbox 2058 1316 3698 1397; baseline 0.003 -20"><span class='ocrx_word' id='word_1_185' title='bbox 2058 1334 2181 1377; x_wconf 87' lang='lat' dir='ltr'><strong>sam</strong></span> <span class='ocrx_word' id='word_1_186' title='bbox 2215 1325 2413 1378; x_wconf 89' lang='lat' dir='ltr'><strong>autem</strong></span> <span class='ocrx_word' id='word_1_187' title='bbox 2450 1316 2724 1397; x_wconf 88' lang='lat' dir='ltr'><strong>procedit</strong></span> <span class='ocrx_word' id='word_1_188' title='bbox 2767 1316 3201 1397; x_wconf 85' lang='lat' dir='ltr'><strong>philosophiam</strong></span> <span class='ocrx_word' id='word_1_189' title='bbox 3254 1336 3267 1380; x_wconf 91' lang='lat'><strong>:</strong></span> <span class='ocrx_word' id='word_1_190' title='bbox 3303 1336 3438 1379; x_wconf 92' lang='lat' dir='ltr'><strong>eum</strong></span> <span class='ocrx_word' id='word_1_191' title='bbox 3472 1319 3698 1382; x_wconf 83' lang='lat' dir='ltr'><strong>dixeris</strong></span> 
     </span>
    </p>
   </div>
   <div class='ocr_carea' id='block_1_30' title="bbox 2060 1406 3699 1485">
    <p class='ocr_par' dir='ltr' id='par_1_30' title="bbox 2060 1406 3699 1485">
     <span class='ocr_line' id='line_1_30' title="bbox 2060 1406 3699 1485; baseline 0.002 -18"><span class='ocrx_word' id='word_1_192' title='bbox 2060 1423 2194 1468; x_wconf 76' lang='lat' dir='ltr'><strong>esse</strong></span> <span class='ocrx_word' id='word_1_193' title='bbox 2218 1424 2536 1467; x_wconf 91' lang='lat' dir='ltr'><strong>commune</strong></span> <span class='ocrx_word' id='word_1_194' title='bbox 2559 1406 2985 1467; x_wconf 89' lang='lat' dir='ltr'><strong>documentum</strong></span> <span class='ocrx_word' id='word_1_195' title='bbox 3011 1406 3239 1467; x_wconf 89' lang='lat' dir='ltr'><strong>virtutis</strong></span> <span class='ocrx_word' id='word_1_196' title='bbox 3259 1408 3408 1485; x_wconf 80' lang='lat' dir='ltr'><strong>grati</strong></span> <span class='ocrx_word' id='word_1_197' title='bbox 3429 1410 3613 1470; x_wconf 90' lang='lat' dir='ltr'><strong>animi</strong></span> <span class='ocrx_word' id='word_1_198' title='bbox 3636 1422 3699 1471; x_wconf 85' lang='lat' dir='ltr'><strong>et</strong></span> 
     </span>
    </p>
   </div>
   <div class='ocr_carea' id='block_1_31' title="bbox 2060 1493 3697 1574">
    <p class='ocr_par' dir='ltr' id='par_1_31' title="bbox 2060 1493 3697 1574">
     <span class='ocr_line' id='line_1_31' title="bbox 2060 1493 3697 1574; baseline 0.004 -20"><span class='ocrx_word' id='word_1_199' title='bbox 2060 1494 2410 1565; x_wconf 62' lang='lat' dir='ltr'><strong>tolerantiae,</strong></span> <span class='ocrx_word' id='word_1_200' title='bbox 2447 1504 2508 1554; x_wconf 91' lang='lat' dir='ltr'><strong>ut</strong></span> <span class='ocrx_word' id='word_1_201' title='bbox 2529 1494 2630 1574; x_wconf 88' lang='lat' dir='ltr'><strong>qui</strong></span> <span class='ocrx_word' id='word_1_202' title='bbox 2654 1494 3020 1574; x_wconf 90' lang='lat' dir='ltr'><strong>compositus</strong></span> <span class='ocrx_word' id='word_1_203' title='bbox 3053 1493 3128 1555; x_wconf 79' lang='lat' dir='ltr'><strong>sit</strong></span> <span class='ocrx_word' id='word_1_204' title='bbox 3160 1502 3318 1559; x_wconf 82' lang='lat' dir='ltr'><strong>tanta</strong></span> <span class='ocrx_word' id='word_1_205' title='bbox 3350 1496 3407 1556; x_wconf 93' lang='lat' dir='ltr'><strong>in</strong></span> <span class='ocrx_word' id='word_1_206' title='bbox 3440 1497 3697 1560; x_wconf 90' lang='lat' dir='ltr'><strong>dicendo</strong></span> 
     </span>
    </p>
   </div>
   <div class='ocr_carea' id='block_1_32' title="bbox 2059 1583 3696 1665">
    <p class='ocr_par' dir='ltr' id='par_1_32' title="bbox 2059 1583 3696 1665">
     <span class='ocr_line' id='line_1_32' title="bbox 2059 1583 3696 1665; baseline 0.002 -20"><span class='ocrx_word' id='word_1_207' title='bbox 2059 1583 2626 1664; x_wconf 89' lang='lat' dir='ltr'><strong>probabilitate,tam</strong></span> <span class='ocrx_word' id='word_1_208' title='bbox 2653 1584 2976 1665; x_wconf 88' lang='lat' dir='ltr'><strong>multisque</strong></span> <span class='ocrx_word' id='word_1_209' title='bbox 2998 1585 3353 1646; x_wconf 81' lang='lat' dir='ltr'><strong>necessariis</strong></span> <span class='ocrx_word' id='word_1_210' title='bbox 3368 1583 3696 1649; x_wconf 84' lang='lat' dir='ltr'><strong>Rhetorum</strong></span> 
     </span>
    </p>
   </div>
   <div class='ocr_carea' id='block_1_33' title="bbox 2059 1672 3701 1758">
    <p class='ocr_par' dir='ltr' id='par_1_33' title="bbox 2059 1672 3701 1758">
     <span class='ocr_line' id='line_1_33' title="bbox 2059 1672 3701 1758; baseline 0.004 -25"><span class='ocrx_word' id='word_1_211' title='bbox 2059 1673 2451 1750; x_wconf 76' lang='lat' dir='ltr'><strong>argumentis,</strong></span> <span class='ocrx_word' id='word_1_212' title='bbox 2485 1681 2605 1745; x_wconf 89' lang='lat' dir='ltr'><strong>aut,</strong></span> <span class='ocrx_word' id='word_1_213' title='bbox 2643 1681 2707 1733; x_wconf 92' lang='lat' dir='ltr'><strong>ut</strong></span> <span class='ocrx_word' id='word_1_214' title='bbox 2738 1673 2954 1734; x_wconf 89' lang='lat' dir='ltr'><strong>melius</strong></span> <span class='ocrx_word' id='word_1_215' title='bbox 2985 1672 3427 1749; x_wconf 84' lang='lat' dir='ltr'><strong>dicam,divinis</strong></span> <span class='ocrx_word' id='word_1_216' title='bbox 3450 1685 3507 1736; x_wconf 91' lang='lat' dir='ltr'><strong>et</strong></span> <span class='ocrx_word' id='word_1_217' title='bbox 3527 1676 3701 1758; x_wconf 90' lang='lat' dir='ltr'><strong>spiri-</strong></span> 
     </span>
    </p>
   </div>
   <div class='ocr_carea' id='block_1_34' title="bbox 328 1759 1971 1843">
    <p class='ocr_par' dir='ltr' id='par_1_34' title="bbox 328 1759 1971 1843">
     <span class='ocr_line' id='line_1_34' title="bbox 328 1759 1971 1843; baseline 0 -24"><span class='ocrx_word' id='word_1_218' title='bbox 328 1762 565 1843; x_wconf 65' lang='grc' dir='ltr'>ἔσχατον</span> <span class='ocrx_word' id='word_1_219' title='bbox 633 1759 903 1840; x_wconf 77' lang='grc' dir='ltr'>ἃκριϐείας</span> <span class='ocrx_word' id='word_1_220' title='bbox 966 1762 1058 1817; x_wconf 81' lang='grc' dir='ltr'><strong>τὸν</strong></span> <span class='ocrx_word' id='word_1_221' title='bbox 1122 1760 1403 1839; x_wconf 81' lang='grc' dir='ltr'>φιλάρετον</span> <span class='ocrx_word' id='word_1_222' title='bbox 1459 1759 1825 1835; x_wconf 74' lang='grc' dir='ltr'>ἐκπονοῦντες,</span> <span class='ocrx_word' id='word_1_223' title='bbox 1887 1764 1971 1819; x_wconf 77' lang='grc' dir='ltr'><strong>καὶ</strong></span> 
     </span>
    </p>
   </div>
   <div class='ocr_carea' id='block_1_35' title="bbox 2056 1759 3698 1843">
    <p class='ocr_par' dir='ltr' id='par_1_35' title="bbox 2061 1761 3698 1843">
     <span class='ocr_line' id='line_1_35' title="bbox 2061 1761 3698 1843; baseline 0.004 -22"><span class='ocrx_word' id='word_1_224' title='bbox 2061 1761 2275 1823; x_wconf 86' lang='lat' dir='ltr'><strong>talibus</strong></span> <span class='ocrx_word' id='word_1_225' title='bbox 2296 1761 2682 1840; x_wconf 67' lang='lat' dir='ltr'><strong>gr.itiis,adeo</strong></span> <span class='ocrx_word' id='word_1_226' title='bbox 2717 1769 2777 1824; x_wconf 91' lang='lat' dir='ltr'><strong>ut</strong></span> <span class='ocrx_word' id='word_1_227' title='bbox 2800 1762 2913 1825; x_wconf 85' lang='lat' dir='ltr'><strong>hoc</strong></span> <span class='ocrx_word' id='word_1_228' title='bbox 2936 1763 3128 1843; x_wconf 84' lang='lat' dir='ltr'><strong>ipsum</strong></span> <span class='ocrx_word' id='word_1_229' title='bbox 3151 1763 3309 1843; x_wconf 92' lang='lat' dir='ltr'><strong>quod</strong></span> <span class='ocrx_word' id='word_1_230' title='bbox 3338 1765 3617 1827; x_wconf 89' lang='lat' dir='ltr'><strong>inciderit</strong></span> <span class='ocrx_word' id='word_1_231' title='bbox 3637 1767 3698 1828; x_wconf 92' lang='lat' dir='ltr'><strong>in</strong></span> 
     </span>
    </p>
   </div>
   <div class='ocr_carea' id='block_1_36' title="bbox 332 1847 1974 1930">
    <p class='ocr_par' dir='ltr' id='par_1_36' title="bbox 332 1847 1974 1930">
     <span class='ocr_line' id='line_1_36' title="bbox 332 1847 1974 1930; baseline 0 -23"><span class='ocrx_word' id='word_1_232' title='bbox 332 1850 508 1908; x_wconf 80' lang='grc' dir='ltr'>δεινὸν</span> <span class='ocrx_word' id='word_1_233' title='bbox 575 1851 771 1926; x_wconf 86' lang='grc' dir='ltr'>μύωπα</span> <span class='ocrx_word' id='word_1_234' title='bbox 827 1847 1159 1915; x_wconf 79' lang='grc' dir='ltr'>κατανύξεως</span> <span class='ocrx_word' id='word_1_235' title='bbox 1218 1863 1343 1914; x_wconf 86' lang='grc' dir='ltr'>ταῖς</span> <span class='ocrx_word' id='word_1_236' title='bbox 1425 1849 1689 1930; x_wconf 85' lang='grc' dir='ltr'>φιλοθέοις</span> <span class='ocrx_word' id='word_1_237' title='bbox 1748 1851 1974 1916; x_wconf 79' lang='grc' dir='ltr'>ἐνιέντες</span> 
     </span>
    </p>
   </div>
   <div class='ocr_carea' id='block_1_37' title="bbox 332 1938 1973 2021">
    <p class='ocr_par' dir='ltr' id='par_1_37' title="bbox 332 1938 1973 2021">
     <span class='ocr_line' id='line_1_37' title="bbox 332 1938 1973 2021; baseline -0.002 -23"><span class='ocrx_word' id='word_1_238' title='bbox 332 1945 566 2021; x_wconf 77' lang='grc' dir='ltr'>ψυχαῖς.</span> <span class='ocrx_word' id='word_1_239' title='bbox 636 1938 808 1997; x_wconf 83' lang='grc' dir='ltr'><strong>Ἀ).λᾶ</strong></span> <span class='ocrx_word' id='word_1_240' title='bbox 854 1941 1068 2004; x_wconf 84' lang='grc' dir='ltr'>τούτους</span> <span class='ocrx_word' id='word_1_241' title='bbox 1099 1940 1221 2016; x_wconf 79' lang='grc' dir='ltr'>μὲν,</span> <span class='ocrx_word' id='word_1_242' title='bbox 1254 1938 1395 1997; x_wconf 78' lang='grc' dir='ltr'>ὥστε</span> <span class='ocrx_word' id='word_1_243' title='bbox 1440 1939 1517 2014; x_wconf 82' lang='grc' dir='ltr'><strong>μὴ</strong></span> <span class='ocrx_word' id='word_1_244' title='bbox 1560 1939 1795 2015; x_wconf 76' lang='grc' dir='ltr'>πίπτειν,</span> <span class='ocrx_word' id='word_1_245' title='bbox 1856 1964 1973 2017; x_wconf 85' lang='grc' dir='ltr'>μη-</span> 
     </span>
    </p>
   </div>
   <div class='ocr_carea' id='block_1_38' title="bbox 330 2026 1972 2109">
    <p class='ocr_par' dir='ltr' id='par_1_38' title="bbox 330 2026 1972 2109">
     <span class='ocr_line' id='line_1_38' title="bbox 330 2026 1972 2109; baseline 0.001 -24"><span class='ocrx_word' id='word_1_246' title='bbox 330 2028 389 2086; x_wconf 78' lang='grc' dir='ltr'>δὲ</span> <span class='ocrx_word' id='word_1_247' title='bbox 446 2040 569 2093; x_wconf 85' lang='grc' dir='ltr'>ταῖς</span> <span class='ocrx_word' id='word_1_248' title='bbox 655 2031 751 2086; x_wconf 78' lang='grc' dir='ltr'>τοῦ</span> <span class='ocrx_word' id='word_1_249' title='bbox 823 2035 1060 2108; x_wconf 81' lang='grc' dir='ltr'>πονηροῦ</span> <span class='ocrx_word' id='word_1_250' title='bbox 1129 2028 1347 2109; x_wconf 80' lang='grc' dir='ltr'>τέχναις</span> <span class='ocrx_word' id='word_1_251' title='bbox 1404 2026 1677 2104; x_wconf 77' lang='grc' dir='ltr'>ἁλώσιμον</span> <span class='ocrx_word' id='word_1_252' title='bbox 1741 2031 1972 2107; x_wconf 83' lang='grc' dir='ltr'>γίνεσθαι</span> 
     </span>
    </p>
   </div>
   <div class='ocr_carea' id='block_1_39' title="bbox 328 2117 1970 2199">
    <p class='ocr_par' dir='ltr' id='par_1_39' title="bbox 328 2117 1970 2199">
     <span class='ocr_line' id='line_1_39' title="bbox 328 2117 1970 2199; baseline -0.001 -23"><span class='ocrx_word' id='word_1_253' title='bbox 328 2120 423 2176; x_wconf 81' lang='grc' dir='ltr'><strong>τὸν</strong></span> <span class='ocrx_word' id='word_1_254' title='bbox 483 2117 726 2199; x_wconf 73' lang='grc' dir='ltr'>φιλόθεον</span> <span class='ocrx_word' id='word_1_255' title='bbox 761 2134 778 2152; x_wconf 86' lang='grc'>⁶</span> <span class='ocrx_word' id='word_1_256' title='bbox 822 2118 1019 2197; x_wconf 11' lang='grc' dir='ltr'>,ἕτερον</span> <span class='ocrx_word' id='word_1_257' title='bbox 1074 2117 1129 2174; x_wconf 78' lang='grc' dir='ltr'>δὲ</span> <span class='ocrx_word' id='word_1_258' title='bbox 1198 2119 1472 2175; x_wconf 67' lang='grc' dir='ltr'>συνταττει</span> <span class='ocrx_word' id='word_1_259' title='bbox 1536 2120 1663 2198; x_wconf 77' lang='grc' dir='ltr'>πρὸς</span> <span class='ocrx_word' id='word_1_260' title='bbox 1721 2121 1811 2175; x_wconf 81' lang='grc' dir='ltr'><strong>τὸν</strong></span> <span class='ocrx_word' id='word_1_261' title='bbox 1869 2118 1970 2187; x_wconf 69' lang='grc' dir='ltr'>ἤδη</span> 
     </span>
    </p>
   </div>
   <div class='ocr_carea' id='block_1_40' title="bbox 327 2206 1968 2288">
    <p class='ocr_par' dir='ltr' id='par_1_40' title="bbox 327 2206 1968 2288">
     <span class='ocr_line' id='line_1_40' title="bbox 327 2206 1968 2288; baseline -0.001 -22"><span class='ocrx_word' id='word_1_262' title='bbox 327 2208 588 2288; x_wconf 84' lang='grc' dir='ltr'>πεσόντα,</span> <span class='ocrx_word' id='word_1_263' title='bbox 672 2207 782 2265; x_wconf 76' lang='grc' dir='ltr'>εἴτ’</span> <span class='ocrx_word' id='word_1_264' title='bbox 857 2210 946 2264; x_wconf 80' lang='grc' dir='ltr'><strong>οὗν</strong></span> <span class='ocrx_word' id='word_1_265' title='bbox 1031 2206 1309 2285; x_wconf 78' lang='grc' dir='ltr'>πληγέντα</span> <span class='ocrx_word' id='word_1_266' title='bbox 1391 2206 1536 2284; x_wconf 83' lang='grc' dir='ltr'>βέλει</span> <span class='ocrx_word' id='word_1_267' title='bbox 1613 2212 1711 2275; x_wconf 80' lang='grc' dir='ltr'><strong>τῆς</strong></span> <span class='ocrx_word' id='word_1_268' title='bbox 1792 2209 1968 2287; x_wconf 80' lang='grc' dir='ltr'>ἆμαρ-</span> 
     </span>
    </p>
   </div>
   <div class='ocr_carea' id='block_1_41' title="bbox 331 2294 1965 2376">
    <p class='ocr_par' dir='ltr' id='par_1_41' title="bbox 331 2294 1965 2376">
     <span class='ocr_line' id='line_1_41' title="bbox 331 2294 1965 2376; baseline -0.001 -21"><span class='ocrx_word' id='word_1_269' title='bbox 331 2300 448 2362; x_wconf 86' lang='grc' dir='ltr'>τίας</span> <span class='ocrx_word' id='word_1_270' title='bbox 490 2295 791 2376; x_wconf 84' lang='grc' dir='ltr'>(Θεόδωρος</span> <span class='ocrx_word' id='word_1_271' title='bbox 850 2296 1019 2372; x_wconf 77' lang='grc' dir='ltr'>ὄνομα</span> <span class='ocrx_word' id='word_1_272' title='bbox 1060 2301 1138 2371; x_wconf 77' lang='grc' dir='ltr'>τῷ</span> <span class='ocrx_word' id='word_1_273' title='bbox 1180 2294 1423 2375; x_wconf 72' lang='grc' dir='ltr'>πεσόντι)</span> <span class='ocrx_word' id='word_1_274' title='bbox 1478 2296 1615 2353; x_wconf 78' lang='grc' dir='ltr'>ὥστε</span> <span class='ocrx_word' id='word_1_275' title='bbox 1668 2298 1746 2373; x_wconf 77' lang='grc' dir='ltr'>μὴ</span> <span class='ocrx_word' id='word_1_276' title='bbox 1806 2320 1965 2354; x_wconf 87' lang='grc' dir='ltr'>κατα-</span> 
     </span>
    </p>
   </div>
   <div class='ocr_carea' id='block_1_42' title="bbox 342 2384 1970 2465">
    <p class='ocr_par' dir='ltr' id='par_1_42' title="bbox 342 2384 1970 2465">
     <span class='ocr_line' id='line_1_42' title="bbox 342 2384 1970 2465; baseline -0.002 -21"><span class='ocrx_word' id='word_1_277' title='bbox 342 2399 555 2461; x_wconf 77' lang='grc' dir='ltr'>πεσεῖν,</span> <span class='ocrx_word' id='word_1_278' title='bbox 600 2384 729 2462; x_wconf 87' lang='grc' dir='ltr'>μηδ⁹</span> <span class='ocrx_word' id='word_1_279' title='bbox 775 2385 1078 2463; x_wconf 80' lang='grc' dir='ltr'>ἀπογνῶναι</span> <span class='ocrx_word' id='word_1_280' title='bbox 1135 2387 1235 2453; x_wconf 66' lang='grc' dir='ltr'>τὴν</span> <span class='ocrx_word' id='word_1_281' title='bbox 1266 2386 1554 2463; x_wconf 85' lang='grc' dir='ltr'>σωτηρίαν,</span> <span class='ocrx_word' id='word_1_282' title='bbox 1589 2388 1742 2443; x_wconf 79' lang='grc' dir='ltr'>οἱονεῖ</span> <span class='ocrx_word' id='word_1_283' title='bbox 1776 2385 1970 2465; x_wconf 80' lang='grc' dir='ltr'>φιλάν-</span> 
     </span>
    </p>
   </div>
   <div class='ocr_carea' id='block_1_43' title="bbox 332 2473 1973 2555">
    <p class='ocr_par' dir='ltr' id='par_1_43' title="bbox 332 2473 1973 2555">
     <span class='ocr_line' id='line_1_43' title="bbox 332 2473 1973 2555; baseline -0.001 -22"><span class='ocrx_word' id='word_1_284' title='bbox 332 2481 546 2554; x_wconf 82' lang='grc' dir='ltr'>θρωπον</span> <span class='ocrx_word' id='word_1_285' title='bbox 589 2479 731 2549; x_wconf 79' lang='grc' dir='ltr'>αὖτῷ</span> <span class='ocrx_word' id='word_1_286' title='bbox 773 2487 940 2555; x_wconf 84' lang='grc' dir='ltr'>χεῖρα</span> <span class='ocrx_word' id='word_1_287' title='bbox 982 2474 1075 2533; x_wconf 77' lang='grc' dir='ltr'><strong>τθν</strong></span> <span class='ocrx_word' id='word_1_288' title='bbox 1136 2473 1296 2552; x_wconf 85' lang='grc' dir='ltr'>λόγον</span> <span class='ocrx_word' id='word_1_289' title='bbox 1352 2476 1663 2553; x_wconf 74' lang='grc' dir='ltr'>προτείνων,</span> <span class='ocrx_word' id='word_1_290' title='bbox 1715 2478 1799 2532; x_wconf 80' lang='grc' dir='ltr'><strong>καὶ</strong></span> <span class='ocrx_word' id='word_1_291' title='bbox 1855 2476 1973 2533; x_wconf 84' lang='grc' dir='ltr'>κεί-</span> 
     </span>
    </p>
   </div>
   <div class='ocr_carea' id='block_1_44' title="bbox 330 2564 1975 2643">
    <p class='ocr_par' dir='ltr' id='par_1_44' title="bbox 330 2564 1975 2643">
     <span class='ocr_line' id='line_1_44' title="bbox 330 2564 1975 2643; baseline -0.001 -21"><span class='ocrx_word' id='word_1_292' title='bbox 330 2588 493 2642; x_wconf 85' lang='grc' dir='ltr'>μενον</span> <span class='ocrx_word' id='word_1_293' title='bbox 540 2565 784 2639; x_wconf 78' lang='grc' dir='ltr'>ἀνιστὰς,</span> <span class='ocrx_word' id='word_1_294' title='bbox 868 2565 956 2622; x_wconf 82' lang='grc' dir='ltr'><strong>καὶ</strong></span> <span class='ocrx_word' id='word_1_295' title='bbox 1032 2564 1111 2641; x_wconf 74' lang='grc' dir='ltr'>μὴ</span> <span class='ocrx_word' id='word_1_296' title='bbox 1191 2564 1493 2643; x_wconf 74' lang='grc' dir='ltr'>συγχωρῶν</span> <span class='ocrx_word' id='word_1_297' title='bbox 1547 2564 1839 2640; x_wconf 75' lang='grc' dir='ltr'>ἐπιμεῖναι</span> <span class='ocrx_word' id='word_1_298' title='bbox 1896 2572 1975 2639; x_wconf 85' lang='grc' dir='ltr'>τῷ</span> 
     </span>
    </p>
   </div>
   <div class='ocr_carea' id='block_1_45' title="bbox 332 2651 1971 2732">
    <p class='ocr_par' dir='ltr' id='par_1_45' title="bbox 332 2651 1971 2732">
     <span class='ocr_line' id='line_1_45' title="bbox 332 2651 1971 2732; baseline -0.001 -20"><span class='ocrx_word' id='word_1_299' title='bbox 332 2657 606 2732; x_wconf 81' lang='grc' dir='ltr'>πτώματι.</span> <span class='ocrx_word' id='word_1_300' title='bbox 653 2652 805 2711; x_wconf 82' lang='grc' dir='ltr'>Ἀλλ’</span> <span class='ocrx_word' id='word_1_301' title='bbox 850 2653 987 2711; x_wconf 81' lang='grc' dir='ltr'>οὕτω</span> <span class='ocrx_word' id='word_1_302' title='bbox 1044 2654 1141 2728; x_wconf 78' lang='grc' dir='ltr'>μὲν</span> <span class='ocrx_word' id='word_1_303' title='bbox 1188 2651 1272 2711; x_wconf 82' lang='grc' dir='ltr'><strong>διὰ</strong></span> <span class='ocrx_word' id='word_1_304' title='bbox 1324 2659 1431 2709; x_wconf 84' lang='grc' dir='ltr'><strong>τῶν</strong></span> <span class='ocrx_word' id='word_1_305' title='bbox 1483 2652 1661 2731; x_wconf 86' lang='grc' dir='ltr'>λόγων</span> <span class='ocrx_word' id='word_1_306' title='bbox 1712 2652 1971 2730; x_wconf 75' lang='grc' dir='ltr'>ἐδίδασκε,</span> 
     </span>
    </p>
   </div>
   <div class='ocr_carea' id='block_1_46' title="bbox 332 2740 1973 2825">
    <p class='ocr_par' dir='ltr' id='par_1_46' title="bbox 332 2740 1973 2825">
     <span class='ocr_line' id='line_1_46' title="bbox 332 2740 1973 2825; baseline -0.001 -23"><span class='ocrx_word' id='word_1_307' title='bbox 332 2743 467 2803; x_wconf 76' lang='grc' dir='ltr'>πολὺ</span> <span class='ocrx_word' id='word_1_308' title='bbox 522 2746 582 2801; x_wconf 81' lang='grc' dir='ltr'>τὸ</span> <span class='ocrx_word' id='word_1_309' title='bbox 625 2743 898 2825; x_wconf 78' lang='grc' dir='ltr'>ὠφέλιμον</span> <span class='ocrx_word' id='word_1_310' title='bbox 946 2745 1083 2816; x_wconf 80' lang='grc' dir='ltr'>μετὰ</span> <span class='ocrx_word' id='word_1_311' title='bbox 1111 2751 1204 2801; x_wconf 82' lang='grc' dir='ltr'>τοῦ</span> <span class='ocrx_word' id='word_1_312' title='bbox 1241 2740 1390 2811; x_wconf 73' lang='grc' dir='ltr'>ἡδέος</span> <span class='ocrx_word' id='word_1_313' title='bbox 1435 2743 1676 2822; x_wconf 75' lang='grc' dir='ltr'>ἑχόντων</span> <span class='ocrx_word' id='word_1_314' title='bbox 1711 2760 1725 2773; x_wconf 84' lang='lat'>&#39;</span> <span class='ocrx_word' id='word_1_315' title='bbox 1789 2743 1973 2817; x_wconf 89' lang='grc' dir='ltr'>πολλῴ</span> 
     </span>
    </p>
   </div>
   <div class='ocr_carea' id='block_1_47' title="bbox 337 2831 1971 2912">
    <p class='ocr_par' dir='ltr' id='par_1_47' title="bbox 337 2831 1971 2912">
     <span class='ocr_line' id='line_1_47' title="bbox 337 2831 1971 2912; baseline 0 -22"><span class='ocrx_word' id='word_1_316' title='bbox 337 2833 392 2890; x_wconf 69' lang='grc' dir='ltr'>δὲ</span> <span class='ocrx_word' id='word_1_317' title='bbox 424 2832 626 2910; x_wconf 77' lang='grc' dir='ltr'>μᾶλλον</span> <span class='ocrx_word' id='word_1_318' title='bbox 675 2832 771 2891; x_wconf 79' lang='grc' dir='ltr'><strong>καΐ</strong></span> <span class='ocrx_word' id='word_1_319' title='bbox 824 2834 924 2901; x_wconf 76' lang='grc' dir='ltr'>τὴν</span> <span class='ocrx_word' id='word_1_320' title='bbox 966 2832 1073 2889; x_wconf 78' lang='grc' dir='ltr'><strong>ἀπὸ</strong></span> <span class='ocrx_word' id='word_1_321' title='bbox 1113 2834 1221 2890; x_wconf 81' lang='grc' dir='ltr'><strong>τῶν</strong></span> <span class='ocrx_word' id='word_1_322' title='bbox 1250 2832 1419 2912; x_wconf 74' lang='grc' dir='ltr'>ἔργων</span> <span class='ocrx_word' id='word_1_323' title='bbox 1449 2836 1688 2911; x_wconf 75' lang='grc' dir='ltr'>προσῆγε</span> <span class='ocrx_word' id='word_1_324' title='bbox 1716 2831 1971 2890; x_wconf 84' lang='grc' dir='ltr'>διδασκα-</span> 
     </span>
    </p>
   </div>
   <div class='ocr_carea' id='block_1_48' title="bbox 336 2918 1971 3004">
    <p class='ocr_par' dir='ltr' id='par_1_48' title="bbox 336 2918 1971 3004">
     <span class='ocr_line' id='line_1_48' title="bbox 336 2918 1971 3004; baseline -0.001 -25"><span class='ocrx_word' id='word_1_325' title='bbox 336 2922 485 2997; x_wconf 82' lang='grc' dir='ltr'>λίαν,</span> <span class='ocrx_word' id='word_1_326' title='bbox 544 2923 684 3004; x_wconf 74' lang='grc' dir='ltr'>εύχῇ</span> <span class='ocrx_word' id='word_1_327' title='bbox 740 2922 840 2998; x_wconf 79' lang='grc' dir='ltr'><strong>μὶν</strong></span> <span class='ocrx_word' id='word_1_328' title='bbox 897 2923 1304 3001; x_wconf 77' lang='grc' dir='ltr'>προσκείμενος,</span> <span class='ocrx_word' id='word_1_329' title='bbox 1366 2922 1453 2979; x_wconf 85' lang='grc' dir='ltr'><strong>καὶ</strong></span> <span class='ocrx_word' id='word_1_330' title='bbox 1509 2922 1705 2999; x_wconf 76' lang='grc' dir='ltr'>ἀρετὴν</span> <span class='ocrx_word' id='word_1_331' title='bbox 1761 2918 1971 2979; x_wconf 75' lang='grc' dir='ltr'>ἅπασαν</span> 
     </span>
    </p>
   </div>
   <div class='ocr_carea' id='block_1_49' title="bbox 334 3007 1972 3093">
    <p class='ocr_par' dir='ltr' id='par_1_49' title="bbox 334 3007 1972 3093">
     <span class='ocr_line' id='line_1_49' title="bbox 334 3007 1972 3093; baseline -0.004 -24"><span class='ocrx_word' id='word_1_332' title='bbox 334 3013 556 3093; x_wconf 87' lang='grc' dir='ltr'>μετιὼν,</span> <span class='ocrx_word' id='word_1_333' title='bbox 609 3011 792 3090; x_wconf 81' lang='grc' dir='ltr'>ὥσπερ</span> <span class='ocrx_word' id='word_1_334' title='bbox 847 3010 1156 3090; x_wconf 74' lang='grc' dir='ltr'>ἀρχέτυπον</span> <span class='ocrx_word' id='word_1_335' title='bbox 1212 3024 1330 3076; x_wconf 86' lang='grc' dir='ltr'>τοῖς</span> <span class='ocrx_word' id='word_1_336' title='bbox 1382 3007 1567 3073; x_wconf 73' lang='grc' dir='ltr'>ἄλλοις</span> <span class='ocrx_word' id='word_1_337' title='bbox 1625 3010 1755 3088; x_wconf 79' lang='grc' dir='ltr'>πρὸς</span> <span class='ocrx_word' id='word_1_338' title='bbox 1807 3012 1972 3078; x_wconf 73' lang='grc' dir='ltr'>αὖτὴν</span> 
     </span>
    </p>
   </div>
   <div class='ocr_carea' id='block_1_50' title="bbox 2057 1851 3695 1925">
    <p class='ocr_par' dir='ltr' id='par_1_50' title="bbox 2057 1851 3695 1925">
     <span class='ocr_line' id='line_1_50' title="bbox 2057 1851 3695 1925; baseline 0.004 -14"><span class='ocrx_word' id='word_1_339' title='bbox 2057 1852 2422 1925; x_wconf 61' lang='lat' dir='ltr'><strong>daemonem,</strong></span> <span class='ocrx_word' id='word_1_340' title='bbox 2446 1851 2896 1913; x_wconf 80' lang='lat' dir='ltr'><strong>existimaretur</strong></span> <span class='ocrx_word' id='word_1_341' title='bbox 2924 1870 3041 1913; x_wconf 93' lang='lat' dir='ltr'><strong>non</strong></span> <span class='ocrx_word' id='word_1_342' title='bbox 3078 1870 3211 1914; x_wconf 90' lang='lat' dir='ltr'><strong>esse</strong></span> <span class='ocrx_word' id='word_1_343' title='bbox 3230 1853 3695 1918; x_wconf 87' lang='lat' dir='ltr'><strong>abominandum</strong></span> 
     </span>
    </p>
   </div>
   <div class='ocr_carea' id='block_1_51' title="bbox 2058 1941 3699 2022">
    <p class='ocr_par' dir='ltr' id='par_1_51' title="bbox 2058 1941 3699 2022">
     <span class='ocr_line' id='line_1_51' title="bbox 2058 1941 3699 2022; baseline 0.004 -20"><span class='ocrx_word' id='word_1_344' title='bbox 2058 1959 2169 2002; x_wconf 92' lang='lat' dir='ltr'><strong>nec</strong></span> <span class='ocrx_word' id='word_1_345' title='bbox 2201 1942 2693 2016; x_wconf 88' lang='lat' dir='ltr'><strong>aversandum,ut</strong></span> <span class='ocrx_word' id='word_1_346' title='bbox 2722 1942 2880 2022; x_wconf 76' lang='lat' dir='ltr'><strong>quod</strong></span> <span class='ocrx_word' id='word_1_347' title='bbox 2912 1941 3087 2004; x_wconf 82' lang='lat' dir='ltr'><strong>fuerit</strong></span> <span class='ocrx_word' id='word_1_348' title='bbox 3116 1951 3532 2021; x_wconf 80' lang='lat' dir='ltr'><strong>argumentum</strong></span> <span class='ocrx_word' id='word_1_349' title='bbox 3570 1965 3699 2008; x_wconf 86' lang='lat' dir='ltr'><strong>ma-</strong></span> 
     </span>
    </p>
   </div>
   <div class='ocr_carea' id='block_1_52' title="bbox 2055 2034 3701 2107">
    <p class='ocr_par' dir='ltr' id='par_1_52' title="bbox 2055 2034 3701 2107">
     <span class='ocr_line' id='line_1_52' title="bbox 2055 2034 3701 2107; baseline 0.004 -15"><span class='ocrx_word' id='word_1_350' title='bbox 2055 2036 2230 2092; x_wconf 67' lang='lat' dir='ltr'><strong>ximae</strong></span> <span class='ocrx_word' id='word_1_351' title='bbox 2255 2034 2703 2092; x_wconf 76' lang='lat' dir='ltr'><strong>utilitatis.1‘unc</strong></span> <span class='ocrx_word' id='word_1_352' title='bbox 2724 2036 2897 2091; x_wconf 85' lang='lat' dir='ltr'><strong>etiam</strong></span> <span class='ocrx_word' id='word_1_353' title='bbox 2921 2038 3227 2107; x_wconf 86' lang='lat' dir='ltr'><strong>compositi</strong></span> <span class='ocrx_word' id='word_1_354' title='bbox 3250 2045 3385 2094; x_wconf 90' lang='lat' dir='ltr'><strong>sunt</strong></span> <span class='ocrx_word' id='word_1_355' title='bbox 3405 2038 3475 2095; x_wconf 91' lang='lat' dir='ltr'><strong>ab</strong></span> <span class='ocrx_word' id='word_1_356' title='bbox 3496 2054 3563 2097; x_wconf 91' lang='lat' dir='ltr'><strong>eo</strong></span> <span class='ocrx_word' id='word_1_357' title='bbox 3587 2038 3701 2099; x_wconf 90' lang='lat' dir='ltr'><strong>duo</strong></span> 
     </span>
    </p>
   </div>
   <div class='ocr_carea' id='block_1_53' title="bbox 2056 2117 3703 2201">
    <p class='ocr_par' dir='ltr' id='par_1_53' title="bbox 2056 2117 3703 2201">
     <span class='ocr_line' id='line_1_53' title="bbox 2056 2117 3703 2201; baseline 0.004 -23"><span class='ocrx_word' id='word_1_358' title='bbox 2056 2117 2290 2179; x_wconf 89' lang='lat' dir='ltr'><strong>libride</strong></span> <span class='ocrx_word' id='word_1_359' title='bbox 2312 2117 2776 2198; x_wconf 92' lang='lat' dir='ltr'><strong>compunctioue</strong></span> <span class='ocrx_word' id='word_1_360' title='bbox 2811 2137 3099 2201; x_wconf 90' lang='lat' dir='ltr'><strong>:quorum</strong></span> <span class='ocrx_word' id='word_1_361' title='bbox 3134 2139 3283 2181; x_wconf 87' lang='lat' dir='ltr'><strong>unus</strong></span> <span class='ocrx_word' id='word_1_362' title='bbox 3316 2122 3561 2201; x_wconf 88' lang='lat' dir='ltr'><strong>quidem</strong></span> <span class='ocrx_word' id='word_1_363' title='bbox 3593 2124 3703 2186; x_wconf 87' lang='lat' dir='ltr'><strong>fuit</strong></span> 
     </span>
    </p>
   </div>
   <div class='ocr_carea' id='block_1_54' title="bbox 2055 2212 3695 2281">
    <p class='ocr_par' dir='ltr' id='par_1_54' title="bbox 2055 2212 3695 2281">
     <span class='ocr_line' id='line_1_54' title="bbox 2055 2212 3695 2281; baseline 0.004 -14"><span class='ocrx_word' id='word_1_364' title='bbox 2055 2212 2372 2281; x_wconf 85' lang='lat' dir='ltr'><strong>inscriptus</strong></span> <span class='ocrx_word' id='word_1_365' title='bbox 2394 2214 2462 2268; x_wconf 90' lang='lat' dir='ltr'><strong>ad</strong></span> <span class='ocrx_word' id='word_1_366' title='bbox 2479 2212 3009 2280; x_wconf 83' lang='lat' dir='ltr'><strong>Demetrium,alter</strong></span> <span class='ocrx_word' id='word_1_367' title='bbox 3030 2222 3220 2270; x_wconf 89' lang='lat' dir='ltr'><strong>autem</strong></span> <span class='ocrx_word' id='word_1_368' title='bbox 3242 2214 3310 2270; x_wconf 89' lang='lat' dir='ltr'><strong>ad</strong></span> <span class='ocrx_word' id='word_1_369' title='bbox 3324 2214 3695 2273; x_wconf 86' lang='lat' dir='ltr'><strong>Stelechium:</strong></span> 
     </span>
    </p>
   </div>
   <div class='ocr_carea' id='block_1_55' title="bbox 2055 2293 3696 2372">
    <p class='ocr_par' dir='ltr' id='par_1_55' title="bbox 2055 2293 3696 2372">
     <span class='ocr_line' id='line_1_55' title="bbox 2055 2293 3696 2372; baseline 0.002 -17"><span class='ocrx_word' id='word_1_370' title='bbox 2055 2293 2326 2372; x_wconf 91' lang='lat' dir='ltr'><strong>eum,qui</strong></span> <span class='ocrx_word' id='word_1_371' title='bbox 2358 2301 2448 2354; x_wconf 91' lang='lat' dir='ltr'><strong>est</strong></span> <span class='ocrx_word' id='word_1_372' title='bbox 2477 2293 2782 2355; x_wconf 85' lang='lat' dir='ltr'><strong>studiosus</strong></span> <span class='ocrx_word' id='word_1_373' title='bbox 2812 2293 3064 2368; x_wconf 87' lang='lat' dir='ltr'><strong>virtutis,</strong></span> <span class='ocrx_word' id='word_1_374' title='bbox 3092 2296 3537 2356; x_wconf 83' lang='lat' dir='ltr'><strong>accuratissime</strong></span> <span class='ocrx_word' id='word_1_375' title='bbox 3568 2297 3696 2358; x_wconf 78' lang='lat' dir='ltr'><strong>ela-</strong></span> 
     </span>
    </p>
   </div>
   <div class='ocr_carea' id='block_1_56' title="bbox 2056 2381 3699 2468">
    <p class='ocr_par' dir='ltr' id='par_1_56' title="bbox 2056 2381 3699 2468">
     <span class='ocr_line' id='line_1_56' title="bbox 2056 2381 3699 2468; baseline 0.002 -24"><span class='ocrx_word' id='word_1_376' title='bbox 2056 2381 2362 2458; x_wconf 89' lang='lat' dir='ltr'><strong>horantes,</strong></span> <span class='ocrx_word' id='word_1_377' title='bbox 2397 2393 2453 2444; x_wconf 92' lang='lat' dir='ltr'><strong>et</strong></span> <span class='ocrx_word' id='word_1_378' title='bbox 2485 2401 2686 2445; x_wconf 89' lang='lat' dir='ltr'><strong>acrem</strong></span> <span class='ocrx_word' id='word_1_379' title='bbox 2730 2383 3038 2445; x_wconf 85' lang='lat' dir='ltr'><strong>stimulum</strong></span> <span class='ocrx_word' id='word_1_380' title='bbox 3073 2384 3553 2465; x_wconf 89' lang='lat' dir='ltr'><strong>compunctionis</strong></span> <span class='ocrx_word' id='word_1_381' title='bbox 3586 2388 3699 2468; x_wconf 90' lang='lat' dir='ltr'><strong>piis</strong></span> 
     </span>
    </p>
   </div>
   <div class='ocr_carea' id='block_1_57' title="bbox 2057 2476 3693 2548">
    <p class='ocr_par' dir='ltr' id='par_1_57' title="bbox 2057 2476 3693 2548">
     <span class='ocr_line' id='line_1_57' title="bbox 2057 2476 3693 2548; baseline 0.005 -18"><span class='ocrx_word' id='word_1_382' title='bbox 2057 2476 2436 2534; x_wconf 88' lang='lat' dir='ltr'><strong>immittentes</strong></span> <span class='ocrx_word' id='word_1_383' title='bbox 2458 2476 2811 2533; x_wconf 89' lang='lat' dir='ltr'><strong>animis.Sed</strong></span> <span class='ocrx_word' id='word_1_384' title='bbox 2850 2478 2954 2534; x_wconf 92' lang='lat' dir='ltr'><strong>hos</strong></span> <span class='ocrx_word' id='word_1_385' title='bbox 2977 2477 3211 2548; x_wconf 84' lang='lat' dir='ltr'><strong>quidem</strong></span> <span class='ocrx_word' id='word_1_386' title='bbox 3236 2478 3466 2548; x_wconf 85' lang='lat' dir='ltr'><strong>scripsit</strong></span> <span class='ocrx_word' id='word_1_387' title='bbox 3488 2477 3693 2545; x_wconf 87' lang='lat' dir='ltr'><strong>libros,</strong></span> 
     </span>
    </p>
   </div>
   <div class='ocr_carea' id='block_1_58' title="bbox 2059 2560 3695 2642">
    <p class='ocr_par' dir='ltr' id='par_1_58' title="bbox 2059 2560 3695 2642">
     <span class='ocr_line' id='line_1_58' title="bbox 2059 2560 3695 2642; baseline 0.004 -23"><span class='ocrx_word' id='word_1_388' title='bbox 2059 2577 2133 2620; x_wconf 90' lang='lat' dir='ltr'><strong>ne</strong></span> <span class='ocrx_word' id='word_1_389' title='bbox 2154 2561 2441 2621; x_wconf 73' lang='lat' dir='ltr'><strong>caderent</strong></span> <span class='ocrx_word' id='word_1_390' title='bbox 2469 2561 2663 2634; x_wconf 91' lang='lat' dir='ltr'><strong>illi,ad</strong></span> <span class='ocrx_word' id='word_1_391' title='bbox 2689 2580 2838 2642; x_wconf 89' lang='lat' dir='ltr'><strong>quos</strong></span> <span class='ocrx_word' id='word_1_392' title='bbox 2857 2561 3065 2641; x_wconf 89' lang='lat' dir='ltr'><strong>scripti</strong></span> <span class='ocrx_word' id='word_1_393' title='bbox 3080 2560 3541 2642; x_wconf 81' lang='lat' dir='ltr'><strong>fuerant,neque</strong></span> <span class='ocrx_word' id='word_1_394' title='bbox 3566 2582 3695 2626; x_wconf 86' lang='lat' dir='ltr'><strong>ma-</strong></span> 
     </span>
    </p>
   </div>
   <div class='ocr_carea' id='block_1_59' title="bbox 2059 2648 3700 2731">
    <p class='ocr_par' dir='ltr' id='par_1_59' title="bbox 2059 2648 3700 2731">
     <span class='ocr_line' id='line_1_59' title="bbox 2059 2648 3700 2731; baseline 0.004 -23"><span class='ocrx_word' id='word_1_395' title='bbox 2059 2648 2203 2729; x_wconf 88' lang='lat' dir='ltr'><strong>ligni</strong></span> <span class='ocrx_word' id='word_1_396' title='bbox 2226 2649 2456 2731; x_wconf 82' lang='lat' dir='ltr'><strong>laqueis</strong></span> <span class='ocrx_word' id='word_1_397' title='bbox 2490 2650 2622 2731; x_wconf 89' lang='lat' dir='ltr'><strong>pius</strong></span> <span class='ocrx_word' id='word_1_398' title='bbox 2643 2650 3075 2730; x_wconf 87' lang='lat' dir='ltr'><strong>implicaretur,</strong></span> <span class='ocrx_word' id='word_1_399' title='bbox 3110 2650 3213 2713; x_wconf 90' lang='lat' dir='ltr'><strong>sed</strong></span> <span class='ocrx_word' id='word_1_400' title='bbox 3240 2659 3421 2713; x_wconf 86' lang='lat' dir='ltr'><strong>staret</strong></span> <span class='ocrx_word' id='word_1_401' title='bbox 3451 2652 3700 2715; x_wconf 80' lang='lat' dir='ltr'><strong>ﬁrmiter</strong></span> 
     </span>
    </p>
   </div>
   <div class='ocr_carea' id='block_1_60' title="bbox 2057 2739 3697 2823">
    <p class='ocr_par' dir='ltr' id='par_1_60' title="bbox 2057 2739 3697 2823">
     <span class='ocr_line' id='line_1_60' title="bbox 2057 2739 3697 2823; baseline 0.003 -24"><span class='ocrx_word' id='word_1_402' title='bbox 2057 2739 2117 2800; x_wconf 91' lang='lat' dir='ltr'><strong>in</strong></span> <span class='ocrx_word' id='word_1_403' title='bbox 2152 2740 2310 2800; x_wconf 91' lang='lat' dir='ltr'><strong>bono</strong></span> <span class='ocrx_word' id='word_1_404' title='bbox 2345 2742 2686 2819; x_wconf 80' lang='lat' dir='ltr'><strong>proficiens.</strong></span> <span class='ocrx_word' id='word_1_405' title='bbox 2729 2740 2926 2802; x_wconf 81' lang='lat' dir='ltr'><strong>Alium</strong></span> <span class='ocrx_word' id='word_1_406' title='bbox 2960 2752 3156 2801; x_wconf 87' lang='lat' dir='ltr'><strong>autem</strong></span> <span class='ocrx_word' id='word_1_407' title='bbox 3188 2740 3397 2802; x_wconf 90' lang='lat' dir='ltr'><strong>scribit</strong></span> <span class='ocrx_word' id='word_1_408' title='bbox 3424 2742 3498 2803; x_wconf 92' lang='lat' dir='ltr'><strong>ad</strong></span> <span class='ocrx_word' id='word_1_409' title='bbox 3531 2760 3697 2823; x_wconf 87' lang='lat' dir='ltr'><strong>eum,</strong></span> 
     </span>
    </p>
   </div>
   <div class='ocr_carea' id='block_1_61' title="bbox 2056 2828 3695 2910">
    <p class='ocr_par' dir='ltr' id='par_1_61' title="bbox 2056 2828 3695 2910">
     <span class='ocr_line' id='line_1_61' title="bbox 2056 2828 3695 2910; baseline 0.004 -21"><span class='ocrx_word' id='word_1_410' title='bbox 2056 2828 2342 2908; x_wconf 88' lang='lat' dir='ltr'><strong>qui,proh</strong></span> <span class='ocrx_word' id='word_1_411' title='bbox 2366 2829 2560 2904; x_wconf 91' lang='lat' dir='ltr'><strong>dolor,</strong></span> <span class='ocrx_word' id='word_1_412' title='bbox 2590 2830 2712 2909; x_wconf 88' lang='lat' dir='ltr'><strong>jam</strong></span> <span class='ocrx_word' id='word_1_413' title='bbox 2734 2838 2861 2891; x_wconf 89' lang='lat' dir='ltr'><strong>erat</strong></span> <span class='ocrx_word' id='word_1_414' title='bbox 2877 2829 3077 2910; x_wconf 90' lang='lat' dir='ltr'><strong>lapsus</strong></span> <span class='ocrx_word' id='word_1_415' title='bbox 3099 2848 3205 2891; x_wconf 91' lang='lat' dir='ltr'><strong>seu</strong></span> <span class='ocrx_word' id='word_1_416' title='bbox 3230 2848 3546 2909; x_wconf 77' lang='lat' dir='ltr'><strong>percussus</strong></span> <span class='ocrx_word' id='word_1_417' title='bbox 3579 2831 3695 2895; x_wconf 90' lang='lat' dir='ltr'><strong>telo</strong></span> 
     </span>
    </p>
   </div>
   <div class='ocr_carea' id='block_1_62' title="bbox 2057 2918 3694 2998">
    <p class='ocr_par' dir='ltr' id='par_1_62' title="bbox 2057 2918 3694 2998">
     <span class='ocr_line' id='line_1_62' title="bbox 2057 2918 3694 2998; baseline 0.004 -20"><span class='ocrx_word' id='word_1_418' title='bbox 2057 2923 2284 2997; x_wconf 82' lang='lat' dir='ltr'><strong>peccati</strong></span> <span class='ocrx_word' id='word_1_419' title='bbox 2315 2920 2391 2994; x_wconf 88' lang='lat' dir='ltr'><strong>(ei</strong></span> <span class='ocrx_word' id='word_1_420' title='bbox 2416 2918 2686 2998; x_wconf 88' lang='lat' dir='ltr'><strong>vero,qui</strong></span> <span class='ocrx_word' id='word_1_421' title='bbox 2719 2919 2920 2997; x_wconf 87' lang='lat' dir='ltr'><strong>lapsus</strong></span> <span class='ocrx_word' id='word_1_422' title='bbox 2945 2926 3329 2990; x_wconf 87' lang='lat' dir='ltr'><strong>erat,nomeu</strong></span> <span class='ocrx_word' id='word_1_423' title='bbox 3356 2920 3462 2981; x_wconf 78' lang='lat' dir='ltr'><strong>fuit</strong></span> <span class='ocrx_word' id='word_1_424' title='bbox 3492 2919 3694 2983; x_wconf 89' lang='lat' dir='ltr'><strong>Theo-</strong></span> 
     </span>
    </p>
   </div>
   <div class='ocr_carea' id='block_1_63' title="bbox 2055 3006 3694 3089">
    <p class='ocr_par' dir='ltr' id='par_1_63' title="bbox 2055 3006 3694 3089">
     <span class='ocr_line' id='line_1_63' title="bbox 2055 3006 3694 3089; baseline 0.003 -22"><span class='ocrx_word' id='word_1_425' title='bbox 2055 3006 2289 3085; x_wconf 83' lang='lat' dir='ltr'><strong>dorus),</strong></span> <span class='ocrx_word' id='word_1_426' title='bbox 2312 3015 2376 3067; x_wconf 93' lang='lat' dir='ltr'><strong>ut</strong></span> <span class='ocrx_word' id='word_1_427' title='bbox 2398 3026 2515 3068; x_wconf 93' lang='lat' dir='ltr'><strong>non</strong></span> <span class='ocrx_word' id='word_1_428' title='bbox 2535 3006 2904 3087; x_wconf 83' lang='lat' dir='ltr'><strong>concideret,</strong></span> <span class='ocrx_word' id='word_1_429' title='bbox 2932 3026 3129 3088; x_wconf 88' lang='lat' dir='ltr'><strong>neque</strong></span> <span class='ocrx_word' id='word_1_430' title='bbox 3152 3009 3499 3089; x_wconf 87' lang='lat' dir='ltr'><strong>desperaret</strong></span> <span class='ocrx_word' id='word_1_431' title='bbox 3529 3012 3694 3073; x_wconf 84' lang='lat' dir='ltr'><strong>salu-</strong></span> 
     </span>
    </p>
   </div>
   <div class='ocr_carea' id='block_1_64' title="bbox 333 3096 1971 3180">
    <p class='ocr_par' dir='ltr' id='par_1_64' title="bbox 333 3097 1967 3180">
     <span class='ocr_line' id='line_1_64' title="bbox 333 3097 1967 3180; baseline -0.001 -22"><span class='ocrx_word' id='word_1_432' title='bbox 333 3100 546 3176; x_wconf 71' lang='grc' dir='ltr'>μέλλων</span> <span class='ocrx_word' id='word_1_433' title='bbox 606 3100 839 3175; x_wconf 77' lang='grc' dir='ltr'>ἔσεσθαι,</span> <span class='ocrx_word' id='word_1_434' title='bbox 895 3100 1387 3180; x_wconf 80' lang='grc' dir='ltr'>ταπεινοφροσύνως</span> <span class='ocrx_word' id='word_1_435' title='bbox 1442 3098 1498 3156; x_wconf 72' lang='grc' dir='ltr'>δὲ</span> <span class='ocrx_word' id='word_1_436' title='bbox 1554 3097 1721 3165; x_wconf 69' lang='grc' dir='ltr'>οὕτως</span> <span class='ocrx_word' id='word_1_437' title='bbox 1773 3099 1967 3174; x_wconf 76' lang='grc' dir='ltr'>ἐπιμε-</span> 
     </span>
    </p>
   </div>
   <div class='ocr_carea' id='block_1_65' title="bbox 2056 3096 3697 3180">
    <p class='ocr_par' dir='ltr' id='par_1_65' title="bbox 2057 3096 3697 3179">
     <span class='ocr_line' id='line_1_65' title="bbox 2057 3096 3697 3179; baseline 0.004 -23"><span class='ocrx_word' id='word_1_438' title='bbox 2057 3103 2202 3167; x_wconf 88' lang='lat' dir='ltr'><strong>tem,</strong></span> <span class='ocrx_word' id='word_1_439' title='bbox 2230 3103 2511 3177; x_wconf 86' lang='lat' dir='ltr'><strong>tanquam</strong></span> <span class='ocrx_word' id='word_1_440' title='bbox 2534 3096 2845 3177; x_wconf 89' lang='lat' dir='ltr'><strong>benignam</strong></span> <span class='ocrx_word' id='word_1_441' title='bbox 2874 3116 3113 3159; x_wconf 90' lang='lat' dir='ltr'><strong>manum</strong></span> <span class='ocrx_word' id='word_1_442' title='bbox 3141 3098 3197 3160; x_wconf 90' lang='lat' dir='ltr'><strong>ei</strong></span> <span class='ocrx_word' id='word_1_443' title='bbox 3215 3099 3529 3179; x_wconf 85' lang='lat' dir='ltr'><strong>porrigens</strong></span> <span class='ocrx_word' id='word_1_444' title='bbox 3559 3118 3697 3163; x_wconf 87' lang='lat' dir='ltr'><strong>ora-</strong></span> 
     </span>
    </p>
   </div>
   <div class='ocr_carea' id='block_1_66' title="bbox 332 3187 1973 3268">
    <p class='ocr_par' dir='ltr' id='par_1_66' title="bbox 332 3187 1973 3268">
     <span class='ocr_line' id='line_1_66' title="bbox 332 3187 1973 3268; baseline -0.002 -21"><span class='ocrx_word' id='word_1_445' title='bbox 332 3189 583 3266; x_wconf 84' lang='grc' dir='ltr'>λόμενος,</span> <span class='ocrx_word' id='word_1_446' title='bbox 617 3189 797 3267; x_wconf 79' lang='grc' dir='ltr'>ὥσπερ</span> <span class='ocrx_word' id='word_1_447' title='bbox 828 3189 883 3245; x_wconf 75' lang='grc' dir='ltr'>ἐν</span> <span class='ocrx_word' id='word_1_448' title='bbox 932 3188 1104 3262; x_wconf 85' lang='grc' dir='ltr'>τούτῳ</span> <span class='ocrx_word' id='word_1_449' title='bbox 1152 3190 1215 3245; x_wconf 80' lang='grc' dir='ltr'><strong>τὸ</strong></span> <span class='ocrx_word' id='word_1_450' title='bbox 1259 3201 1531 3265; x_wconf 74' lang='grc' dir='ltr'>πρωτεῖον</span> <span class='ocrx_word' id='word_1_451' title='bbox 1579 3188 1729 3268; x_wconf 73' lang='grc' dir='ltr'>ἔχειν</span> <span class='ocrx_word' id='word_1_452' title='bbox 1780 3187 1973 3245; x_wconf 76' lang='grc' dir='ltr'>ἐθέλων</span> 
     </span>
    </p>
   </div>
   <div class='ocr_carea' id='block_1_67' title="bbox 330 3275 1972 3359">
    <p class='ocr_par' dir='ltr' id='par_1_67' title="bbox 330 3275 1972 3359">
     <span class='ocr_line' id='line_1_67' title="bbox 330 3275 1972 3359; baseline -0.002 -22"><span class='ocrx_word' id='word_1_453' title='bbox 330 3281 531 3359; x_wconf 80' lang='grc' dir='ltr'>τρόπον</span> <span class='ocrx_word' id='word_1_454' title='bbox 573 3278 778 3356; x_wconf 69' lang='grc' dir='ltr'>ἕτερον,</span> <span class='ocrx_word' id='word_1_455' title='bbox 836 3277 891 3335; x_wconf 81' lang='grc' dir='ltr'>ἐν</span> <span class='ocrx_word' id='word_1_456' title='bbox 938 3282 1017 3351; x_wconf 82' lang='grc' dir='ltr'>τῷ</span> <span class='ocrx_word' id='word_1_457' title='bbox 1064 3275 1268 3354; x_wconf 81' lang='grc' dir='ltr'>μηδένα</span> <span class='ocrx_word' id='word_1_458' title='bbox 1299 3278 1484 3337; x_wconf 74' lang='grc' dir='ltr'>ἑαυτοῦ</span> <span class='ocrx_word' id='word_1_459' title='bbox 1512 3278 1709 3335; x_wconf 82' lang='grc' dir='ltr'>τιθέναι</span> <span class='ocrx_word' id='word_1_460' title='bbox 1740 3279 1858 3357; x_wconf 84' lang='grc' dir='ltr'>περὶ</span> <span class='ocrx_word' id='word_1_461' title='bbox 1912 3278 1972 3334; x_wconf 85' lang='grc' dir='ltr'>τὸ</span> 
     </span>
    </p>
   </div>
   <div class='ocr_carea' id='block_1_68' title="bbox 329 3364 1973 3448">
    <p class='ocr_par' dir='ltr' id='par_1_68' title="bbox 329 3364 1973 3448">
     <span class='ocr_line' id='line_1_68' title="bbox 329 3364 1973 3448; baseline -0.001 -23"><span class='ocrx_word' id='word_1_462' title='bbox 329 3367 539 3433; x_wconf 57' lang='grc' dir='ltr'>ἐντελὲς</span> <span class='ocrx_word' id='word_1_463' title='bbox 595 3366 858 3448; x_wconf 87' lang='grc' dir='ltr'>δεύτερον,</span> <span class='ocrx_word' id='word_1_464' title='bbox 928 3366 1224 3425; x_wconf 79' lang='grc' dir='ltr'>Ἀπέταττε</span> <span class='ocrx_word' id='word_1_465' title='bbox 1288 3364 1344 3423; x_wconf 71' lang='grc' dir='ltr'>δὲ</span> <span class='ocrx_word' id='word_1_466' title='bbox 1414 3370 1502 3424; x_wconf 81' lang='grc' dir='ltr'>καὶ</span> <span class='ocrx_word' id='word_1_467' title='bbox 1553 3367 1715 3442; x_wconf 86' lang='grc' dir='ltr'>μέρος</span> <span class='ocrx_word' id='word_1_468' title='bbox 1769 3389 1819 3422; x_wconf 92' lang='grc' dir='ltr'><strong>τι</strong></span> <span class='ocrx_word' id='word_1_469' title='bbox 1872 3369 1973 3433; x_wconf 77' lang='grc' dir='ltr'>τῆς</span> 
     </span>
    </p>
   </div>
   <div class='ocr_carea' id='block_1_69' title="bbox 329 3455 1973 3535">
    <p class='ocr_par' dir='ltr' id='par_1_69' title="bbox 329 3455 1973 3535">
     <span class='ocr_line' id='line_1_69' title="bbox 329 3455 1973 3535; baseline -0.003 -21"><span class='ocrx_word' id='word_1_470' title='bbox 329 3456 538 3535; x_wconf 76' lang='grc' dir='ltr'>ἡμέρας</span> <span class='ocrx_word' id='word_1_471' title='bbox 569 3458 744 3532; x_wconf 81' lang='grc' dir='ltr'>ἑαττῷ</span> <span class='ocrx_word' id='word_1_472' title='bbox 772 3459 903 3535; x_wconf 82' lang='grc' dir='ltr'>πρὸς</span> <span class='ocrx_word' id='word_1_473' title='bbox 936 3455 1215 3531; x_wconf 68' lang='grc' dir='ltr'>ἐπίσκεψιν</span> <span class='ocrx_word' id='word_1_474' title='bbox 1245 3461 1351 3512; x_wconf 83' lang='grc' dir='ltr'>τῶν</span> <span class='ocrx_word' id='word_1_475' title='bbox 1396 3457 1713 3535; x_wconf 83' lang='grc' dir='ltr'>νοσούντων,</span> <span class='ocrx_word' id='word_1_476' title='bbox 1760 3456 1973 3512; x_wconf 77' lang='grc' dir='ltr'>οἴκοθεν</span> 
     </span>
    </p>
   </div>
   <div class='ocr_carea' id='block_1_70' title="bbox 331 3542 1971 3625">
    <p class='ocr_par' dir='ltr' id='par_1_70' title="bbox 331 3542 1971 3625">
     <span class='ocr_line' id='line_1_70' title="bbox 331 3542 1971 3625; baseline -0.002 -22"><span class='ocrx_word' id='word_1_477' title='bbox 331 3548 431 3621; x_wconf 78' lang='grc' dir='ltr'>μὲν</span> <span class='ocrx_word' id='word_1_478' title='bbox 459 3546 679 3610; x_wconf 70' lang='grc' dir='ltr'>ἐκείνοις</span> <span class='ocrx_word' id='word_1_479' title='bbox 708 3546 882 3604; x_wconf 84' lang='grc' dir='ltr'>πάντα</span> <span class='ocrx_word' id='word_1_480' title='bbox 913 3546 1196 3625; x_wconf 88' lang='grc' dir='ltr'>παρέχων,</span> <span class='ocrx_word' id='word_1_481' title='bbox 1233 3543 1331 3601; x_wconf 79' lang='grc' dir='ltr'><strong>ὅσα</strong></span> <span class='ocrx_word' id='word_1_482' title='bbox 1387 3542 1631 3624; x_wconf 86' lang='grc' dir='ltr'>δύναμις,</span> <span class='ocrx_word' id='word_1_483' title='bbox 1689 3546 1778 3602; x_wconf 85' lang='grc' dir='ltr'><strong>καὶ</strong></span> <span class='ocrx_word' id='word_1_484' title='bbox 1809 3544 1971 3605; x_wconf 74' lang='grc' dir='ltr'>οὕτως</span> 
     </span>
    </p>
   </div>
   <div class='ocr_carea' id='block_1_71' title="bbox 330 3632 1974 3708">
    <p class='ocr_par' dir='ltr' id='par_1_71' title="bbox 330 3632 1974 3708">
     <span class='ocr_line' id='line_1_71' title="bbox 330 3632 1974 3708; baseline -0.002 -16"><span class='ocrx_word' id='word_1_485' title='bbox 330 3636 520 3702; x_wconf 72' lang='grc' dir='ltr'>αὐτοὺς</span> <span class='ocrx_word' id='word_1_486' title='bbox 578 3636 903 3693; x_wconf 73' lang='grc' dir='ltr'>ἀνακτᾶσθαι</span> <span class='ocrx_word' id='word_1_487' title='bbox 950 3632 1255 3705; x_wconf 79' lang='grc' dir='ltr'>σπουδάζων</span> <span class='ocrx_word' id='word_1_488' title='bbox 1290 3650 1302 3663; x_wconf 88' lang='lat'><strong><em>‘</em></strong></span> <span class='ocrx_word' id='word_1_489' title='bbox 1367 3635 1598 3708; x_wconf 83' lang='grc' dir='ltr'>μάλιστα</span> <span class='ocrx_word' id='word_1_490' title='bbox 1640 3632 1695 3689; x_wconf 75' lang='grc' dir='ltr'>δὲ</span> <span class='ocrx_word' id='word_1_491' title='bbox 1743 3635 1829 3689; x_wconf 82' lang='grc' dir='ltr'><strong>καὶ</strong></span> <span class='ocrx_word' id='word_1_492' title='bbox 1877 3635 1974 3702; x_wconf 76' lang='grc' dir='ltr'>τὴν</span> 
     </span>
    </p>
   </div>
   <div class='ocr_carea' id='block_1_72' title="bbox 330 3723 1975 3805">
    <p class='ocr_par' dir='ltr' id='par_1_72' title="bbox 330 3723 1975 3805">
     <span class='ocr_line' id='line_1_72' title="bbox 330 3723 1975 3805; baseline -0.001 -24"><span class='ocrx_word' id='word_1_493' title='bbox 330 3724 439 3782; x_wconf 83' lang='grc' dir='ltr'><strong>ἀπὸ</strong></span> <span class='ocrx_word' id='word_1_494' title='bbox 492 3731 598 3783; x_wconf 78' lang='grc' dir='ltr'><strong>τῶν</strong></span> <span class='ocrx_word' id='word_1_495' title='bbox 654 3723 832 3804; x_wconf 85' lang='grc' dir='ltr'>λόγων</span> <span class='ocrx_word' id='word_1_496' title='bbox 890 3724 1202 3805; x_wconf 72' lang='grc' dir='ltr'>προσφέρων</span> <span class='ocrx_word' id='word_1_497' title='bbox 1259 3724 1613 3802; x_wconf 66' lang='grc' dir='ltr'>παραμυθίαν,</span> <span class='ocrx_word' id='word_1_498' title='bbox 1683 3725 1770 3779; x_wconf 82' lang='grc' dir='ltr'><strong>καὶ</strong></span> <span class='ocrx_word' id='word_1_499' title='bbox 1818 3724 1975 3780; x_wconf 81' lang='grc' dir='ltr'>παντὶ</span> 
     </span>
    </p>
   </div>
   <div class='ocr_carea' id='block_1_73' title="bbox 329 3811 1966 3894">
    <p class='ocr_par' dir='ltr' id='par_1_73' title="bbox 329 3811 1966 3894">
     <span class='ocr_line' id='line_1_73' title="bbox 329 3811 1966 3894; baseline -0.002 -22"><span class='ocrx_word' id='word_1_500' title='bbox 329 3816 512 3894; x_wconf 81' lang='grc' dir='ltr'>τρόπῳ</span> <span class='ocrx_word' id='word_1_501' title='bbox 571 3813 774 3876; x_wconf 71' lang='grc' dir='ltr'>δεικνὺς</span> <span class='ocrx_word' id='word_1_502' title='bbox 831 3815 895 3872; x_wconf 81' lang='grc' dir='ltr'>τὸ</span> <span class='ocrx_word' id='word_1_503' title='bbox 938 3811 1331 3893; x_wconf 73' lang='grc' dir='ltr'>φιλάνθρωπον,</span> <span class='ocrx_word' id='word_1_504' title='bbox 1389 3814 1447 3870; x_wconf 89' lang='grc' dir='ltr'><strong>Τί</strong></span> <span class='ocrx_word' id='word_1_505' title='bbox 1504 3811 1559 3869; x_wconf 86' lang='grc' dir='ltr'><strong>δέ</strong></span> <span class='ocrx_word' id='word_1_506' title='bbox 1597 3829 1614 3888; x_wconf 85' lang='grc'><strong>;</strong></span> <span class='ocrx_word' id='word_1_507' title='bbox 1648 3833 1966 3892; x_wconf 83' lang='grc' dir='ltr'>μετριοφρο-</span> 
     </span>
    </p>
   </div>
   <div class='ocr_carea' id='block_1_74' title="bbox 2055 3186 3701 3266">
    <p class='ocr_par' dir='ltr' id='par_1_74' title="bbox 2055 3186 3701 3266">
     <span class='ocr_line' id='line_1_74' title="bbox 2055 3186 3701 3266; baseline 0.003 -20"><span class='ocrx_word' id='word_1_508' title='bbox 2055 3186 2371 3261; x_wconf 88' lang='lat' dir='ltr'><strong>tionem,et</strong></span> <span class='ocrx_word' id='word_1_509' title='bbox 2394 3186 2699 3264; x_wconf 88' lang='lat' dir='ltr'><strong>jacentem</strong></span> <span class='ocrx_word' id='word_1_510' title='bbox 2732 3186 3061 3265; x_wconf 89' lang='lat' dir='ltr'><strong>erigens,et</strong></span> <span class='ocrx_word' id='word_1_511' title='bbox 3091 3206 3209 3249; x_wconf 93' lang='lat' dir='ltr'><strong>non</strong></span> <span class='ocrx_word' id='word_1_512' title='bbox 3236 3189 3601 3266; x_wconf 86' lang='lat' dir='ltr'><strong>concedens,</strong></span> <span class='ocrx_word' id='word_1_513' title='bbox 3637 3201 3701 3252; x_wconf 94' lang='lat' dir='ltr'><strong>ut</strong></span> 
     </span>
    </p>
   </div>
   <div class='ocr_carea' id='block_1_75' title="bbox 2056 3274 3694 3356">
    <p class='ocr_par' dir='ltr' id='par_1_75' title="bbox 2056 3274 3694 3356">
     <span class='ocr_line' id='line_1_75' title="bbox 2056 3274 3694 3356; baseline 0.003 -21"><span class='ocrx_word' id='word_1_514' title='bbox 2056 3274 2303 3336; x_wconf 92' lang='lat' dir='ltr'><strong>omnino</strong></span> <span class='ocrx_word' id='word_1_515' title='bbox 2338 3282 2723 3356; x_wconf 90' lang='lat' dir='ltr'><strong>permaneret</strong></span> <span class='ocrx_word' id='word_1_516' title='bbox 2752 3276 2810 3335; x_wconf 93' lang='lat' dir='ltr'><strong>in</strong></span> <span class='ocrx_word' id='word_1_517' title='bbox 2875 3282 3141 3354; x_wconf 83' lang='lat' dir='ltr'><strong>peccato.</strong></span> <span class='ocrx_word' id='word_1_518' title='bbox 3176 3277 3295 3339; x_wconf 91' lang='lat' dir='ltr'><strong>Sed</strong></span> <span class='ocrx_word' id='word_1_519' title='bbox 3330 3277 3417 3338; x_wconf 88' lang='lat' dir='ltr'><strong>sic</strong></span> <span class='ocrx_word' id='word_1_520' title='bbox 3449 3278 3694 3356; x_wconf 87' lang='lat' dir='ltr'><strong>quidem</strong></span> 
     </span>
    </p>
   </div>
   <div class='ocr_carea' id='block_1_76' title="bbox 2057 3364 3695 3445">
    <p class='ocr_par' dir='ltr' id='par_1_76' title="bbox 2057 3364 3695 3445">
     <span class='ocr_line' id='line_1_76' title="bbox 2057 3364 3695 3445; baseline 0.002 -20"><span class='ocrx_word' id='word_1_521' title='bbox 2057 3364 2327 3443; x_wconf 88' lang='lat' dir='ltr'><strong>eratejus</strong></span> <span class='ocrx_word' id='word_1_522' title='bbox 2344 3381 2450 3443; x_wconf 91' lang='lat' dir='ltr'><strong>per</strong></span> <span class='ocrx_word' id='word_1_523' title='bbox 2464 3364 2651 3425; x_wconf 89' lang='lat' dir='ltr'><strong>libros</strong></span> <span class='ocrx_word' id='word_1_524' title='bbox 2663 3364 3088 3431; x_wconf 89' lang='lat' dir='ltr'><strong>doctrina,cum</strong></span> <span class='ocrx_word' id='word_1_525' title='bbox 3108 3365 3409 3444; x_wconf 82' lang='lat' dir='ltr'><strong>voluptate</strong></span> <span class='ocrx_word' id='word_1_526' title='bbox 3423 3385 3695 3445; x_wconf 88' lang='lat' dir='ltr'><strong>magnam</strong></span> 
     </span>
    </p>
   </div>
   <div class='ocr_carea' id='block_1_77' title="bbox 2058 3453 3695 3533">
    <p class='ocr_par' dir='ltr' id='par_1_77' title="bbox 2058 3453 3695 3533">
     <span class='ocr_line' id='line_1_77' title="bbox 2058 3453 3695 3533; baseline 0.002 -19"><span class='ocrx_word' id='word_1_527' title='bbox 2058 3453 2285 3514; x_wconf 90' lang='lat' dir='ltr'><strong>habens</strong></span> <span class='ocrx_word' id='word_1_528' title='bbox 2317 3454 2659 3516; x_wconf 87' lang='lat' dir='ltr'><strong>utilitatem.</strong></span> <span class='ocrx_word' id='word_1_529' title='bbox 2710 3453 2892 3514; x_wconf 87' lang='lat' dir='ltr'><strong>Multo</strong></span> <span class='ocrx_word' id='word_1_530' title='bbox 2935 3464 3133 3516; x_wconf 91' lang='lat' dir='ltr'><strong>autem</strong></span> <span class='ocrx_word' id='word_1_531' title='bbox 3185 3458 3369 3533; x_wconf 86' lang='lat' dir='ltr'><strong>magis</strong></span> <span class='ocrx_word' id='word_1_532' title='bbox 3420 3474 3491 3516; x_wconf 91' lang='lat' dir='ltr'><strong>ex</strong></span> <span class='ocrx_word' id='word_1_533' title='bbox 3523 3458 3695 3517; x_wconf 79' lang='lat' dir='ltr'><strong>factis</strong></span> 
     </span>
    </p>
   </div>
   <div class='ocr_carea' id='block_1_78' title="bbox 2054 3542 3694 3624">
    <p class='ocr_par' dir='ltr' id='par_1_78' title="bbox 2054 3542 3694 3624">
     <span class='ocr_line' id='line_1_78' title="bbox 2054 3542 3694 3624; baseline 0.001 -19"><span class='ocrx_word' id='word_1_534' title='bbox 2054 3542 2328 3605; x_wconf 86' lang='lat' dir='ltr'><strong>adhibuit</strong></span> <span class='ocrx_word' id='word_1_535' title='bbox 2346 3543 2704 3618; x_wconf 82' lang='lat' dir='ltr'><strong>doctrinam,</strong></span> <span class='ocrx_word' id='word_1_536' title='bbox 2731 3550 2796 3603; x_wconf 91' lang='lat' dir='ltr'><strong>ut</strong></span> <span class='ocrx_word' id='word_1_537' title='bbox 2814 3542 2912 3623; x_wconf 90' lang='lat' dir='ltr'><strong>qui</strong></span> <span class='ocrx_word' id='word_1_538' title='bbox 2935 3553 3222 3623; x_wconf 68' lang='lat' dir='ltr'><strong>perpetuo</strong></span> <span class='ocrx_word' id='word_1_539' title='bbox 3245 3544 3485 3624; x_wconf 91' lang='lat' dir='ltr'><strong>quidem</strong></span> <span class='ocrx_word' id='word_1_540' title='bbox 3518 3563 3694 3607; x_wconf 86' lang='lat' dir='ltr'><strong>vaca-</strong></span> 
     </span>
    </p>
   </div>
   <div class='ocr_carea' id='block_1_79' title="bbox 2057 3634 3695 3709">
    <p class='ocr_par' dir='ltr' id='par_1_79' title="bbox 2057 3634 3695 3709">
     <span class='ocr_line' id='line_1_79' title="bbox 2057 3634 3695 3709; baseline 0.001 -15"><span class='ocrx_word' id='word_1_541' title='bbox 2057 3642 2151 3694; x_wconf 84' lang='lat' dir='ltr'><strong>ret</strong></span> <span class='ocrx_word' id='word_1_542' title='bbox 2182 3634 2528 3707; x_wconf 90' lang='lat' dir='ltr'><strong>orationi,et</strong></span> <span class='ocrx_word' id='word_1_543' title='bbox 2558 3651 2796 3694; x_wconf 91' lang='lat' dir='ltr'><strong>omnem</strong></span> <span class='ocrx_word' id='word_1_544' title='bbox 2830 3642 3136 3694; x_wconf 80' lang='lat' dir='ltr'><strong>exerceret</strong></span> <span class='ocrx_word' id='word_1_545' title='bbox 3157 3634 3540 3709; x_wconf 87' lang='lat' dir='ltr'><strong>virtutem,ad</strong></span> <span class='ocrx_word' id='word_1_546' title='bbox 3566 3655 3695 3698; x_wconf 76' lang='lat' dir='ltr'><strong>eam</strong></span> 
     </span>
    </p>
   </div>
   <div class='ocr_carea' id='block_1_80' title="bbox 2058 3720 3693 3804">
    <p class='ocr_par' dir='ltr' id='par_1_80' title="bbox 2058 3720 3693 3804">
     <span class='ocr_line' id='line_1_80' title="bbox 2058 3720 3693 3804; baseline 0.003 -21"><span class='ocrx_word' id='word_1_547' title='bbox 2058 3723 2289 3784; x_wconf 85' lang='lat' dir='ltr'><strong>futurus</strong></span> <span class='ocrx_word' id='word_1_548' title='bbox 2307 3722 2738 3803; x_wconf 88' lang='lat' dir='ltr'><strong>aliistanquam</strong></span> <span class='ocrx_word' id='word_1_549' title='bbox 2765 3724 3095 3804; x_wconf 84' lang='lat' dir='ltr'><strong>exemplar.</strong></span> <span class='ocrx_word' id='word_1_550' title='bbox 3120 3720 3530 3786; x_wconf 84' lang='lat' dir='ltr'><strong>Humilitatem</strong></span> <span class='ocrx_word' id='word_1_551' title='bbox 3558 3741 3693 3788; x_wconf 78' lang='lat' dir='ltr'><strong>vero</strong></span> 
     </span>
    </p>
   </div>
   <div class='ocr_carea' id='block_1_81' title="bbox 2060 3812 3697 3893">
    <p class='ocr_par' dir='ltr' id='par_1_81' title="bbox 2060 3812 3697 3893">
     <span class='ocr_line' id='line_1_81' title="bbox 2060 3812 3697 3893; baseline 0.002 -19"><span class='ocrx_word' id='word_1_552' title='bbox 2060 3814 2141 3874; x_wconf 91' lang='lat' dir='ltr'><strong>ita</strong></span> <span class='ocrx_word' id='word_1_553' title='bbox 2163 3820 2291 3874; x_wconf 90' lang='lat' dir='ltr'><strong>erat</strong></span> <span class='ocrx_word' id='word_1_554' title='bbox 2314 3814 2943 3893; x_wconf 88' lang='lat' dir='ltr'><strong>amplexus,tanquam</strong></span> <span class='ocrx_word' id='word_1_555' title='bbox 2970 3813 3029 3874; x_wconf 93' lang='lat' dir='ltr'><strong>in</strong></span> <span class='ocrx_word' id='word_1_556' title='bbox 3064 3830 3134 3875; x_wconf 89' lang='lat' dir='ltr'><strong>ea</strong></span> <span class='ocrx_word' id='word_1_557' title='bbox 3170 3812 3285 3875; x_wconf 87' lang='lat' dir='ltr'><strong>alio</strong></span> <span class='ocrx_word' id='word_1_558' title='bbox 3316 3819 3495 3879; x_wconf 89' lang='lat' dir='ltr'><strong>modo</strong></span> <span class='ocrx_word' id='word_1_559' title='bbox 3517 3815 3697 3879; x_wconf 87' lang='lat' dir='ltr'><strong>vellet</strong></span> 
     </span>
    </p>
   </div>
   <div class='ocr_carea' id='block_1_82' title="bbox 330 3900 1971 3985">
    <p class='ocr_par' dir='ltr' id='par_1_82' title="bbox 330 3900 1969 3980">
     <span class='ocr_line' id='line_1_82' title="bbox 330 3900 1969 3980; baseline -0.016 -16"><span class='ocrx_word' id='word_1_560' title='bbox 330 3905 491 3971; x_wconf 79' lang='grc' dir='ltr'>σύνης</span> <span class='ocrx_word' id='word_1_561' title='bbox 548 3905 650 3980; x_wconf 83' lang='grc' dir='ltr'>μὲν</span> <span class='ocrx_word' id='word_1_562' title='bbox 706 3901 870 3961; x_wconf 75' lang='grc' dir='ltr'>οὐδενὶ</span> <span class='ocrx_word' id='word_1_563' title='bbox 928 3904 990 3959; x_wconf 76' lang='grc' dir='ltr'>τὸ</span> <span class='ocrx_word' id='word_1_564' title='bbox 1040 3901 1204 3960; x_wconf 86' lang='grc' dir='ltr'>πλέον</span> <span class='ocrx_word' id='word_1_565' title='bbox 1265 3900 1453 3980; x_wconf 68' lang='grc' dir='ltr'>ἐδίδου,</span> <span class='ocrx_word' id='word_1_566' title='bbox 1520 3901 1737 3979; x_wconf 69' lang='grc' dir='ltr'>ἀγνοίας</span> <span class='ocrx_word' id='word_1_567' title='bbox 1796 3900 1873 3975; x_wconf 50' lang='grc' dir='ltr'>δὲ,</span> <span class='ocrx_word' id='word_1_568' title='bbox 1932 3901 1969 3970; x_wconf 67' lang='grc' dir='ltr'><strong>ἢ</strong></span> 
     </span>
    </p>
   </div>
   <div class='ocr_carea' id='block_1_83' title="bbox 2056 3900 3696 3985">
    <p class='ocr_par' dir='ltr' id='par_1_83' title="bbox 2056 3902 3696 3985">
     <span class='ocr_line' id='line_1_83' title="bbox 2056 3902 3696 3985; baseline 0.002 -21"><span class='ocrx_word' id='word_1_569' title='bbox 2056 3905 2279 3983; x_wconf 89' lang='lat' dir='ltr'><strong>primas</strong></span> <span class='ocrx_word' id='word_1_570' title='bbox 2302 3912 2500 3985; x_wconf 89' lang='lat' dir='ltr'><strong>partes</strong></span> <span class='ocrx_word' id='word_1_571' title='bbox 2533 3902 2806 3965; x_wconf 90' lang='lat' dir='ltr'><strong>obtinere</strong></span> <span class='ocrx_word' id='word_1_572' title='bbox 2838 3904 2899 3964; x_wconf 92' lang='lat' dir='ltr'><strong>in</strong></span> <span class='ocrx_word' id='word_1_573' title='bbox 2932 3904 3193 3985; x_wconf 89' lang='lat' dir='ltr'><strong>eo,quod</strong></span> <span class='ocrx_word' id='word_1_574' title='bbox 3228 3902 3373 3965; x_wconf 91' lang='lat' dir='ltr'><strong>nulli</strong></span> <span class='ocrx_word' id='word_1_575' title='bbox 3391 3903 3696 3968; x_wconf 86' lang='lat' dir='ltr'><strong>aliicede-</strong></span> 
     </span>
    </p>
   </div>
   <div class='ocr_carea' id='block_1_84' title="bbox 332 3989 1971 4075">
    <p class='ocr_par' dir='ltr' id='par_1_84' title="bbox 332 3989 1971 4072">
     <span class='ocr_line' id='line_1_84' title="bbox 332 3989 1971 4072; baseline -0.004 -21"><span class='ocrx_word' id='word_1_576' title='bbox 332 3993 667 4072; x_wconf 67' lang='grc' dir='ltr'>Ξγκρατείας,</span> <span class='ocrx_word' id='word_1_577' title='bbox 725 3992 761 4062; x_wconf 70' lang='grc' dir='ltr'><strong>ἢ</strong></span> <span class='ocrx_word' id='word_1_578' title='bbox 820 3989 991 4058; x_wconf 75' lang='grc' dir='ltr'>ἄλλης</span> <span class='ocrx_word' id='word_1_579' title='bbox 1048 3994 1155 4048; x_wconf 78' lang='grc' dir='ltr'>τῶν</span> <span class='ocrx_word' id='word_1_580' title='bbox 1211 3989 1414 4068; x_wconf 73' lang='grc' dir='ltr'>ἀρετῶν</span> <span class='ocrx_word' id='word_1_581' title='bbox 1472 3990 1680 4065; x_wconf 78' lang='grc' dir='ltr'>ὁποίας,</span> <span class='ocrx_word' id='word_1_582' title='bbox 1729 3990 1869 4047; x_wconf 75' lang='grc' dir='ltr'>ἔστιν</span> <span class='ocrx_word' id='word_1_583' title='bbox 1925 3994 1971 4065; x_wconf 83' lang='grc' dir='ltr'>ᾧ</span> 
     </span>
    </p>
   </div>
   <div class='ocr_carea' id='block_1_85' title="bbox 2056 3989 3695 4075">
    <p class='ocr_par' dir='ltr' id='par_1_85' title="bbox 2056 3992 3695 4075">
     <span class='ocr_line' id='line_1_85' title="bbox 2056 3992 3695 4075; baseline 0.001 -22"><span class='ocrx_word' id='word_1_584' title='bbox 2056 4001 2145 4055; x_wconf 93' lang='lat' dir='ltr'><strong>ret</strong></span> <span class='ocrx_word' id='word_1_585' title='bbox 2173 4002 2504 4057; x_wconf 84' lang='lat' dir='ltr'><strong>extremum</strong></span> <span class='ocrx_word' id='word_1_586' title='bbox 2536 3994 2823 4055; x_wconf 88' lang='lat' dir='ltr'><strong>omnium.</strong></span> <span class='ocrx_word' id='word_1_587' title='bbox 2876 3992 3107 4055; x_wconf 85' lang='lat' dir='ltr'><strong>Partem</strong></span> <span class='ocrx_word' id='word_1_588' title='bbox 3160 4012 3396 4075; x_wconf 90' lang='lat' dir='ltr'><strong>quoque</strong></span> <span class='ocrx_word' id='word_1_589' title='bbox 3427 3994 3548 4056; x_wconf 90' lang='lat' dir='ltr'><strong>diei</strong></span> <span class='ocrx_word' id='word_1_590' title='bbox 3579 3993 3695 4057; x_wconf 89' lang='lat' dir='ltr'><strong>sibi</strong></span> 
     </span>
    </p>
   </div>
   <div class='ocr_carea' id='block_1_86' title="bbox 331 4079 1971 4165">
    <p class='ocr_par' dir='ltr' id='par_1_86' title="bbox 331 4079 1965 4153">
     <span class='ocr_line' id='line_1_86' title="bbox 331 4079 1965 4153; baseline -0.002 -12"><span class='ocrx_word' id='word_1_591' title='bbox 331 4084 436 4141; x_wconf 76' lang='grc' dir='ltr'><strong>τῶν</strong></span> <span class='ocrx_word' id='word_1_592' title='bbox 463 4083 714 4141; x_wconf 77' lang='grc' dir='ltr'>ἁπάντων</span> <span class='ocrx_word' id='word_1_593' title='bbox 744 4091 837 4142; x_wconf 81' lang='grc' dir='ltr'><strong>τοῦ</strong></span> <span class='ocrx_word' id='word_1_594' title='bbox 886 4081 1130 4145; x_wconf 86' lang='grc' dir='ltr'>πλείονος</span> <span class='ocrx_word' id='word_1_595' title='bbox 1174 4079 1486 4146; x_wconf 74' lang='grc' dir='ltr'>ὃπεξίστατο</span> <span class='ocrx_word' id='word_1_596' title='bbox 1523 4099 1539 4153; x_wconf 86' lang='grc'>;</span> <span class='ocrx_word' id='word_1_597' title='bbox 1571 4082 1658 4138; x_wconf 82' lang='grc' dir='ltr'><strong>καὶ</strong></span> <span class='ocrx_word' id='word_1_598' title='bbox 1686 4082 1765 4145; x_wconf 88' lang='grc' dir='ltr'><strong>τίς</strong></span> <span class='ocrx_word' id='word_1_599' title='bbox 1798 4079 1965 4145; x_wconf 71' lang='grc' dir='ltr'>οὕτως</span> 
     </span>
    </p>
   </div>
   <div class='ocr_carea' id='block_1_87' title="bbox 2056 4079 3694 4165">
    <p class='ocr_par' dir='ltr' id='par_1_87' title="bbox 2056 4082 3694 4165">
     <span class='ocr_line' id='line_1_87' title="bbox 2056 4082 3694 4165; baseline 0.002 -22"><span class='ocrx_word' id='word_1_600' title='bbox 2056 4082 2271 4162; x_wconf 65' lang='lat' dir='ltr'><strong>deputo</strong></span> <span class='ocrx_word' id='word_1_601' title='bbox 2286 4084 2383 4145; x_wconf 89' lang='lat' dir='ltr'><strong>bat</strong></span> <span class='ocrx_word' id='word_1_602' title='bbox 2413 4083 2486 4144; x_wconf 89' lang='lat' dir='ltr'><strong>ad</strong></span> <span class='ocrx_word' id='word_1_603' title='bbox 2520 4083 2799 4145; x_wconf 62' lang='lat' dir='ltr'><strong>visendos</strong></span> <span class='ocrx_word' id='word_1_604' title='bbox 2852 4090 3127 4163; x_wconf 72' lang='lat' dir='ltr'><strong>aegrotos,</strong></span> <span class='ocrx_word' id='word_1_605' title='bbox 3178 4102 3211 4145; x_wconf 93' lang='lat' dir='ltr'><strong>e</strong></span> <span class='ocrx_word' id='word_1_606' title='bbox 3242 4084 3418 4145; x_wconf 88' lang='lat' dir='ltr'><strong>domo</strong></span> <span class='ocrx_word' id='word_1_607' title='bbox 3450 4085 3694 4165; x_wconf 89' lang='lat' dir='ltr'><strong>quidem</strong></span> 
     </span>
    </p>
   </div>
   <div class='ocr_carea' id='block_1_88' title="bbox 329 4170 1971 4253">
    <p class='ocr_par' dir='ltr' id='par_1_88' title="bbox 329 4170 1964 4251">
     <span class='ocr_line' id='line_1_88' title="bbox 329 4170 1964 4251; baseline -0.002 -22"><span class='ocrx_word' id='word_1_608' title='bbox 329 4170 432 4239; x_wconf 73' lang='grc' dir='ltr'><strong>ἔξω</strong></span> <span class='ocrx_word' id='word_1_609' title='bbox 471 4175 682 4247; x_wconf 83' lang='grc' dir='ltr'>θεσμῶν</span> <span class='ocrx_word' id='word_1_610' title='bbox 724 4172 761 4240; x_wconf 82' lang='grc' dir='ltr'><strong>ἢ</strong></span> <span class='ocrx_word' id='word_1_611' title='bbox 805 4179 1033 4251; x_wconf 78' lang='grc' dir='ltr'>φρενῶν,</span> <span class='ocrx_word' id='word_1_612' title='bbox 1093 4173 1167 4234; x_wconf 82' lang='grc' dir='ltr'>ὡς</span> <span class='ocrx_word' id='word_1_613' title='bbox 1227 4170 1498 4228; x_wconf 86' lang='grc' dir='ltr'>συνθέσθαι</span> <span class='ocrx_word' id='word_1_614' title='bbox 1530 4178 1607 4245; x_wconf 82' lang='grc' dir='ltr'>τῷ</span> <span class='ocrx_word' id='word_1_615' title='bbox 1636 4170 1915 4249; x_wconf 85' lang='grc' dir='ltr'>λεγομένῳ</span> <span class='ocrx_word' id='word_1_616' title='bbox 1947 4193 1964 4249; x_wconf 71' lang='grc' dir='ltr'>τ,</span> 
     </span>
    </p>
   </div>
   <div class='ocr_carea' id='block_1_89' title="bbox 2056 4170 3698 4253">
    <p class='ocr_par' dir='ltr' id='par_1_89' title="bbox 2056 4172 3698 4253">
     <span class='ocr_line' id='line_1_89' title="bbox 2056 4172 3698 4253; baseline 0.002 -21"><span class='ocrx_word' id='word_1_617' title='bbox 2056 4172 2253 4233; x_wconf 87' lang='lat' dir='ltr'><strong>omnia</strong></span> <span class='ocrx_word' id='word_1_618' title='bbox 2272 4172 2390 4233; x_wconf 91' lang='lat' dir='ltr'><strong>illis</strong></span> <span class='ocrx_word' id='word_1_619' title='bbox 2406 4173 2679 4252; x_wconf 71' lang='lat' dir='ltr'><strong>praebens</strong></span> <span class='ocrx_word' id='word_1_620' title='bbox 2694 4191 2798 4253; x_wconf 89' lang='lat' dir='ltr'><strong>pro</strong></span> <span class='ocrx_word' id='word_1_621' title='bbox 2814 4172 3330 4247; x_wconf 82' lang='lat' dir='ltr'><strong>viribus,maxime</strong></span> <span class='ocrx_word' id='word_1_622' title='bbox 3342 4182 3539 4235; x_wconf 88' lang='lat' dir='ltr'><strong>autem</strong></span> <span class='ocrx_word' id='word_1_623' title='bbox 3556 4192 3698 4236; x_wconf 87' lang='lat' dir='ltr'><strong>con-</strong></span> 
     </span>
    </p>
   </div>
   <div class='ocr_carea' id='block_1_90' title="bbox 329 4257 1971 4339">
    <p class='ocr_par' dir='ltr' id='par_1_90' title="bbox 329 4257 1966 4339">
     <span class='ocr_line' id='line_1_90' title="bbox 329 4257 1966 4339; baseline -0.004 -19"><span class='ocrx_word' id='word_1_624' title='bbox 329 4262 473 4327; x_wconf 74' lang='grc' dir='ltr'>πλὴν</span> <span class='ocrx_word' id='word_1_625' title='bbox 529 4260 651 4319; x_wconf 80' lang='grc' dir='ltr'>ἀλλ’</span> <span class='ocrx_word' id='word_1_626' title='bbox 703 4260 844 4319; x_wconf 75' lang='grc' dir='ltr'>οὕτω</span> <span class='ocrx_word' id='word_1_627' title='bbox 903 4260 1002 4336; x_wconf 74' lang='grc' dir='ltr'>μὲν</span> <span class='ocrx_word' id='word_1_628' title='bbox 1059 4260 1225 4339; x_wconf 81' lang='grc' dir='ltr'>ἀρετή</span> <span class='ocrx_word' id='word_1_629' title='bbox 1285 4266 1430 4317; x_wconf 85' lang='grc' dir='ltr'>πᾶσα</span> <span class='ocrx_word' id='word_1_630' title='bbox 1472 4267 1550 4334; x_wconf 82' lang='grc' dir='ltr'>τῷ</span> <span class='ocrx_word' id='word_1_631' title='bbox 1580 4257 1722 4337; x_wconf 85' lang='grc' dir='ltr'>ἀνδρὶ</span> <span class='ocrx_word' id='word_1_632' title='bbox 1751 4260 1966 4338; x_wconf 85' lang='grc' dir='ltr'>κατώρ-</span> 
     </span>
    </p>
   </div>
   <div class='ocr_carea' id='block_1_91' title="bbox 2056 4257 3695 4339">
    <p class='ocr_par' dir='ltr' id='par_1_91' title="bbox 2056 4261 3695 4324">
     <span class='ocr_line' id='line_1_91' title="bbox 2056 4261 3695 4324; baseline 0.002 -3"><span class='ocrx_word' id='word_1_633' title='bbox 2056 4261 2404 4323; x_wconf 90' lang='lat' dir='ltr'><strong>solationem</strong></span> <span class='ocrx_word' id='word_1_634' title='bbox 2432 4263 2519 4323; x_wconf 91' lang='lat' dir='ltr'><strong>eis</strong></span> <span class='ocrx_word' id='word_1_635' title='bbox 2542 4264 2798 4324; x_wconf 79' lang='lat' dir='ltr'><strong>aﬂ&#39;erens</strong></span> <span class='ocrx_word' id='word_1_636' title='bbox 2820 4263 3092 4324; x_wconf 89' lang='lat' dir='ltr'><strong>oratione</strong></span> <span class='ocrx_word' id='word_1_637' title='bbox 3116 4270 3173 4323; x_wconf 91' lang='lat' dir='ltr'><strong>et</strong></span> <span class='ocrx_word' id='word_1_638' title='bbox 3197 4262 3476 4323; x_wconf 91' lang='lat' dir='ltr'><strong>omnibus</strong></span> <span class='ocrx_word' id='word_1_639' title='bbox 3504 4264 3695 4324; x_wconf 91' lang='lat' dir='ltr'><strong>modis</strong></span> 
     </span>
    </p>
   </div>
   <div class='ocr_carea' id='block_1_92' title="bbox 330 4347 1971 4429">
    <p class='ocr_par' dir='ltr' id='par_1_92' title="bbox 330 4347 1969 4429">
     <span class='ocr_line' id='line_1_92' title="bbox 330 4347 1969 4429; baseline -0.001 -21"><span class='ocrx_word' id='word_1_640' title='bbox 330 4355 470 4408; x_wconf 85' lang='grc' dir='ltr'>θωτο</span> <span class='ocrx_word' id='word_1_641' title='bbox 526 4363 769 4429; x_wconf 88' lang='grc' dir='ltr'>κρεῖττον</span> <span class='ocrx_word' id='word_1_642' title='bbox 825 4350 856 4418; x_wconf 72' lang='grc' dir='ltr'>ἢ</span> <span class='ocrx_word' id='word_1_643' title='bbox 915 4350 1051 4407; x_wconf 78' lang='grc' dir='ltr'>κατὰ</span> <span class='ocrx_word' id='word_1_644' title='bbox 1109 4349 1337 4424; x_wconf 85' lang='grc' dir='ltr'>μίμησιν</span> <span class='ocrx_word' id='word_1_645' title='bbox 1369 4368 1383 4382; x_wconf 81' lang='grc'><strong>’</strong></span> <span class='ocrx_word' id='word_1_646' title='bbox 1432 4356 1596 4405; x_wconf 85' lang='grc' dir='ltr'>ταῦτα</span> <span class='ocrx_word' id='word_1_647' title='bbox 1642 4347 1695 4405; x_wconf 81' lang='grc' dir='ltr'>δὲ</span> <span class='ocrx_word' id='word_1_648' title='bbox 1754 4353 1841 4406; x_wconf 86' lang='grc' dir='ltr'>καὶ</span> <span class='ocrx_word' id='word_1_649' title='bbox 1897 4352 1969 4414; x_wconf 82' lang='grc' dir='ltr'><strong>ὡς</strong></span> 
     </span>
    </p>
   </div>
   <div class='ocr_carea' id='block_1_93' title="bbox 2056 4347 3699 4429">
    <p class='ocr_par' dir='ltr' id='par_1_93' title="bbox 2056 4350 3699 4428">
     <span class='ocr_line' id='line_1_93' title="bbox 2056 4350 3699 4428; baseline 0.004 -18"><span class='ocrx_word' id='word_1_650' title='bbox 2056 4350 2140 4411; x_wconf 91' lang='lat' dir='ltr'><strong>eis</strong></span> <span class='ocrx_word' id='word_1_651' title='bbox 2165 4352 2491 4413; x_wconf 90' lang='lat' dir='ltr'><strong>ostendens</strong></span> <span class='ocrx_word' id='word_1_652' title='bbox 2511 4352 3121 4428; x_wconf 86' lang='lat' dir='ltr'><strong>benignitatem.Quid</strong></span> <span class='ocrx_word' id='word_1_653' title='bbox 3144 4360 3341 4413; x_wconf 91' lang='lat' dir='ltr'><strong>autem</strong></span> <span class='ocrx_word' id='word_1_654' title='bbox 3365 4351 3699 4416; x_wconf 74' lang='lat' dir='ltr'><strong>‘IModestia</strong></span> 
     </span>
    </p>
   </div>
   <div class='ocr_carea' id='block_1_94' title="bbox 330 4421 1971 4520">
    <p class='ocr_par' dir='ltr' id='par_1_94' title="bbox 330 4421 1968 4520">
     <span class='ocr_line' id='line_1_94' title="bbox 330 4421 1968 4520; baseline 0 -24"><span class='ocrx_word' id='word_1_655' title='bbox 330 4421 573 4520; x_wconf 36' lang='lat' dir='ltr'><strong>Enipeu.</strong></span> <span class='ocrx_word' id='word_1_656' title='bbox 611 4441 782 4516; x_wconf 86' lang='grc' dir='ltr'>τούτῳ</span> <span class='ocrx_word' id='word_1_657' title='bbox 825 4440 1066 4516; x_wconf 78' lang='grc' dir='ltr'>νέμουσι,</span> <span class='ocrx_word' id='word_1_658' title='bbox 1111 4421 1184 4495; x_wconf 37' lang='grc' dir='ltr'>-το</span> <span class='ocrx_word' id='word_1_659' title='bbox 1236 4440 1377 4514; x_wconf 71' lang='grc' dir='ltr'>μήτε</span> <span class='ocrx_word' id='word_1_660' title='bbox 1434 4438 1593 4496; x_wconf 71' lang='grc' dir='ltr'>αὐτὸν</span> <span class='ocrx_word' id='word_1_661' title='bbox 1624 4438 1968 4515; x_wconf 79' lang='grc' dir='ltr'>ὀμωμοκέναι</span> 
     </span>
    </p>
   </div>
   <div class='ocr_carea' id='block_1_95' title="bbox 2056 4421 3696 4520">
    <p class='ocr_par' dir='ltr' id='par_1_95' title="bbox 2056 4421 3696 4519">
     <span class='ocr_line' id='line_1_95' title="bbox 2056 4421 3696 4519; baseline 0.005 -21"><span class='ocrx_word' id='word_1_662' title='bbox 2056 4439 2393 4519; x_wconf 72' lang='lat' dir='ltr'><strong>quidcin,ut</strong></span> <span class='ocrx_word' id='word_1_663' title='bbox 2421 4421 2704 4515; x_wconf 75' lang='lat' dir='ltr'><strong>diximus,</strong></span> <span class='ocrx_word' id='word_1_664' title='bbox 2740 4421 3252 4502; x_wconf 40' lang='lat' dir='ltr'><strong>cedebat—nemini</strong></span> <span class='ocrx_word' id='word_1_665' title='bbox 3285 4462 3298 4499; x_wconf 92' lang='lat'><strong>:</strong></span> <span class='ocrx_word' id='word_1_666' title='bbox 3337 4441 3396 4502; x_wconf 91' lang='lat' dir='ltr'><strong>in</strong></span> <span class='ocrx_word' id='word_1_667' title='bbox 3429 4443 3696 4506; x_wconf 86' lang='lat' dir='ltr'><strong>castitate</strong></span> 
     </span>
    </p>
   </div>
   <div class='ocr_carea' id='block_1_96' title="bbox 329 4527 1971 4607">
    <p class='ocr_par' dir='ltr' id='par_1_96' title="bbox 329 4527 1971 4607">
     <span class='ocr_line' id='line_1_96' title="bbox 329 4527 1971 4607; baseline -0.001 -21"><span class='ocrx_word' id='word_1_668' title='bbox 329 4532 467 4606; x_wconf 82' lang='grc' dir='ltr'>μετὰ</span> <span class='ocrx_word' id='word_1_669' title='bbox 519 4531 584 4587; x_wconf 78' lang='grc' dir='ltr'>τὸ</span> <span class='ocrx_word' id='word_1_670' title='bbox 636 4530 937 4598; x_wconf 72' lang='grc' dir='ltr'>ἀποστῆναι</span> <span class='ocrx_word' id='word_1_671' title='bbox 982 4529 1209 4604; x_wconf 81' lang='grc' dir='ltr'>κόσμου,</span> <span class='ocrx_word' id='word_1_672' title='bbox 1273 4527 1403 4602; x_wconf 79' lang='grc' dir='ltr'>μήθ’</span> <span class='ocrx_word' id='word_1_673' title='bbox 1454 4528 1617 4605; x_wconf 78' lang='grc' dir='ltr'>ἑτέρῳ</span> <span class='ocrx_word' id='word_1_674' title='bbox 1673 4530 1767 4585; x_wconf 76' lang='grc' dir='ltr'>τὸν</span> <span class='ocrx_word' id='word_1_675' title='bbox 1813 4527 1971 4607; x_wconf 71' lang='grc' dir='ltr'>ὅρκον</span> 
     </span>
    </p>
   </div>
   <div class='ocr_carea' id='block_1_97' title="bbox 2056 4527 3698 4607">
    <p class='ocr_par' dir='ltr' id='par_1_97' title="bbox 2056 4530 3698 4594">
     <span class='ocr_line' id='line_1_97' title="bbox 2056 4530 3698 4594; baseline 0.002 -7"><span class='ocrx_word' id='word_1_676' title='bbox 2056 4546 2193 4589; x_wconf 89' lang='lat' dir='ltr'><strong>vero</strong></span> <span class='ocrx_word' id='word_1_677' title='bbox 2216 4537 2316 4591; x_wconf 89' lang='lat' dir='ltr'><strong>aut</strong></span> <span class='ocrx_word' id='word_1_678' title='bbox 2359 4530 2727 4590; x_wconf 90' lang='lat' dir='ltr'><strong>continentia</strong></span> <span class='ocrx_word' id='word_1_679' title='bbox 2748 4540 2848 4590; x_wconf 89' lang='lat' dir='ltr'><strong>aut</strong></span> <span class='ocrx_word' id='word_1_680' title='bbox 2889 4530 3004 4589; x_wconf 76' lang='lat' dir='ltr'><strong>alia</strong></span> <span class='ocrx_word' id='word_1_681' title='bbox 3036 4531 3254 4593; x_wconf 88' lang='lat' dir='ltr'><strong>virtute</strong></span> <span class='ocrx_word' id='word_1_682' title='bbox 3287 4541 3377 4592; x_wconf 87' lang='lat' dir='ltr'><strong>est</strong></span> <span class='ocrx_word' id='word_1_683' title='bbox 3399 4550 3470 4593; x_wconf 86' lang='lat' dir='ltr'><strong>ex</strong></span> <span class='ocrx_word' id='word_1_684' title='bbox 3498 4536 3698 4594; x_wconf 86' lang='lat' dir='ltr'><strong>omni-</strong></span> 
     </span>
    </p>
   </div>
   <div class='ocr_carea' id='block_1_98' title="bbox 329 4618 1971 4701">
    <p class='ocr_par' dir='ltr' id='par_1_98' title="bbox 329 4618 1967 4699">
     <span class='ocr_line' id='line_1_98' title="bbox 329 4618 1967 4699; baseline -0.001 -22"><span class='ocrx_word' id='word_1_685' title='bbox 329 4618 652 4699; x_wconf 69' lang='grc' dir='ltr'>ἂπαγαγεῖν,</span> <span class='ocrx_word' id='word_1_686' title='bbox 713 4621 776 4676; x_wconf 83' lang='grc' dir='ltr'>τὸ</span> <span class='ocrx_word' id='word_1_687' title='bbox 829 4619 908 4694; x_wconf 73' lang='grc' dir='ltr'><strong>μὴ</strong></span> <span class='ocrx_word' id='word_1_688' title='bbox 969 4630 1216 4697; x_wconf 75' lang='grc' dir='ltr'>κατερεῖν</span> <span class='ocrx_word' id='word_1_689' title='bbox 1246 4639 1414 4693; x_wconf 76' lang='grc' dir='ltr'>τινος,</span> <span class='ocrx_word' id='word_1_690' title='bbox 1446 4620 1507 4673; x_wconf 83' lang='grc' dir='ltr'>τὸ</span> <span class='ocrx_word' id='word_1_691' title='bbox 1540 4618 1617 4692; x_wconf 80' lang='grc' dir='ltr'>μὴ</span> <span class='ocrx_word' id='word_1_692' title='bbox 1649 4618 1967 4695; x_wconf 76' lang='grc' dir='ltr'>ψεύσασθαι,</span> 
     </span>
    </p>
   </div>
   <div class='ocr_carea' id='block_1_99' title="bbox 2056 4618 3697 4701">
    <p class='ocr_par' dir='ltr' id='par_1_99' title="bbox 2056 4618 3697 4701">
     <span class='ocr_line' id='line_1_99' title="bbox 2056 4618 3697 4701; baseline 0.005 -24"><span class='ocrx_word' id='word_1_693' title='bbox 2056 4618 2164 4679; x_wconf 89' lang='lat' dir='ltr'><strong>bus</strong></span> <span class='ocrx_word' id='word_1_694' title='bbox 2188 4620 2531 4700; x_wconf 90' lang='lat' dir='ltr'><strong>aliquis,cui</strong></span> <span class='ocrx_word' id='word_1_695' title='bbox 2552 4618 2827 4681; x_wconf 82' lang='lat' dir='ltr'><strong>cederet?</strong></span> <span class='ocrx_word' id='word_1_696' title='bbox 2849 4618 2918 4681; x_wconf 91' lang='lat' dir='ltr'><strong>Et</strong></span> <span class='ocrx_word' id='word_1_697' title='bbox 2940 4619 3073 4701; x_wconf 89' lang='lat' dir='ltr'><strong>quis</strong></span> <span class='ocrx_word' id='word_1_698' title='bbox 3096 4621 3263 4682; x_wconf 90' lang='lat' dir='ltr'><strong>illum</strong></span> <span class='ocrx_word' id='word_1_699' title='bbox 3289 4624 3379 4685; x_wconf 88' lang='lat' dir='ltr'><strong>vel</strong></span> <span class='ocrx_word' id='word_1_700' title='bbox 3399 4624 3549 4687; x_wconf 90' lang='lat' dir='ltr'><strong>adeo</strong></span> <span class='ocrx_word' id='word_1_701' title='bbox 3576 4643 3697 4686; x_wconf 89' lang='lat' dir='ltr'><strong>non</strong></span> 
     </span>
    </p>
   </div>
   <div class='ocr_carea' id='block_1_100' title="bbox 325 4706 1971 4793">
    <p class='ocr_par' dir='ltr' id='par_1_100' title="bbox 325 4706 1969 4786">
     <span class='ocr_line' id='line_1_100' title="bbox 325 4706 1969 4786; baseline -0.001 -21"><span class='ocrx_word' id='word_1_702' title='bbox 325 4711 387 4765; x_wconf 76' lang='grc' dir='ltr'>τὸ</span> <span class='ocrx_word' id='word_1_703' title='bbox 431 4710 510 4785; x_wconf 77' lang='grc' dir='ltr'>μὴ</span> <span class='ocrx_word' id='word_1_704' title='bbox 569 4708 933 4786; x_wconf 72' lang='grc' dir='ltr'>ιπαράσασθαι</span> <span class='ocrx_word' id='word_1_705' title='bbox 987 4706 1200 4782; x_wconf 70' lang='grc' dir='ltr'>μηδενὶ,</span> <span class='ocrx_word' id='word_1_706' title='bbox 1261 4708 1323 4764; x_wconf 81' lang='grc' dir='ltr'>τὸ</span> <span class='ocrx_word' id='word_1_707' title='bbox 1381 4706 1573 4764; x_wconf 75' lang='grc' dir='ltr'>ἀστεῖα</span> <span class='ocrx_word' id='word_1_708' title='bbox 1625 4708 1763 4782; x_wconf 80' lang='grc' dir='ltr'>μήτε</span> <span class='ocrx_word' id='word_1_709' title='bbox 1814 4710 1969 4767; x_wconf 72' lang='grc' dir='ltr'>αὐτὸν</span> 
     </span>
    </p>
   </div>
   <div class='ocr_carea' id='block_1_101' title="bbox 2056 4706 3693 4793">
    <p class='ocr_par' dir='ltr' id='par_1_101' title="bbox 2056 4708 3693 4793">
     <span class='ocr_line' id='line_1_101' title="bbox 2056 4708 3693 4793; baseline 0.005 -27"><span class='ocrx_word' id='word_1_710' title='bbox 2056 4708 2239 4782; x_wconf 87' lang='lat' dir='ltr'><strong>novit,</strong></span> <span class='ocrx_word' id='word_1_711' title='bbox 2275 4708 2364 4768; x_wconf 90' lang='lat' dir='ltr'><strong>vel</strong></span> <span class='ocrx_word' id='word_1_712' title='bbox 2402 4709 2590 4770; x_wconf 87' lang='lat' dir='ltr'><strong>nescit</strong></span> <span class='ocrx_word' id='word_1_713' title='bbox 2615 4728 2747 4769; x_wconf 91' lang='lat' dir='ltr'><strong>esse</strong></span> <span class='ocrx_word' id='word_1_714' title='bbox 2778 4727 2977 4784; x_wconf 85' lang='lat' dir='ltr'><strong>verax,</strong></span> <span class='ocrx_word' id='word_1_715' title='bbox 3034 4718 3097 4770; x_wconf 91' lang='lat' dir='ltr'><strong>ut</strong></span> <span class='ocrx_word' id='word_1_716' title='bbox 3146 4710 3203 4773; x_wconf 88' lang='lat' dir='ltr'><strong>ei</strong></span> <span class='ocrx_word' id='word_1_717' title='bbox 3238 4713 3396 4793; x_wconf 91' lang='lat' dir='ltr'><strong>quod</strong></span> <span class='ocrx_word' id='word_1_718' title='bbox 3447 4714 3693 4788; x_wconf 86' lang='lat' dir='ltr'><strong>dicitur,</strong></span> 
     </span>
    </p>
   </div>
   <div class='ocr_carea' id='block_1_102' title="bbox 328 4796 1971 4882">
    <p class='ocr_par' dir='ltr' id='par_1_102' title="bbox 328 4796 1966 4878">
     <span class='ocr_line' id='line_1_102' title="bbox 328 4796 1966 4878; baseline -0.002 -22"><span class='ocrx_word' id='word_1_719' title='bbox 328 4796 671 4878; x_wconf 64' lang='grc' dir='ltr'>φθέγξασθαι,</span> <span class='ocrx_word' id='word_1_720' title='bbox 726 4797 864 4873; x_wconf 76' lang='grc' dir='ltr'>μήτε</span> <span class='ocrx_word' id='word_1_721' title='bbox 908 4796 1073 4854; x_wconf 66' lang='grc' dir='ltr'>ἄλλου</span> <span class='ocrx_word' id='word_1_722' title='bbox 1116 4796 1369 4875; x_wconf 85' lang='grc' dir='ltr'>λέγοντος</span> <span class='ocrx_word' id='word_1_723' title='bbox 1414 4796 1768 4877; x_wconf 80' lang='grc' dir='ltr'>ἀνασχέσθαι.</span> <span class='ocrx_word' id='word_1_724' title='bbox 1832 4799 1966 4855; x_wconf 82' lang='grc' dir='ltr'>Φασὶ</span> 
     </span>
    </p>
   </div>
   <div class='ocr_carea' id='block_1_103' title="bbox 2056 4796 3700 4882">
    <p class='ocr_par' dir='ltr' id='par_1_103' title="bbox 2056 4796 3700 4882">
     <span class='ocr_line' id='line_1_103' title="bbox 2056 4796 3700 4882; baseline 0.004 -24"><span class='ocrx_word' id='word_1_725' title='bbox 2056 4798 2415 4859; x_wconf 88' lang='lat' dir='ltr'><strong>assentiatur</strong></span> <span class='ocrx_word' id='word_1_726' title='bbox 2469 4796 2604 4878; x_wconf 81' lang='lat'><strong>(6)?</strong></span> <span class='ocrx_word' id='word_1_727' title='bbox 2655 4796 2771 4860; x_wconf 89' lang='lat' dir='ltr'><strong>Sed</strong></span> <span class='ocrx_word' id='word_1_728' title='bbox 2828 4800 2914 4867; x_wconf 86' lang='lat' dir='ltr'><strong>sic</strong></span> <span class='ocrx_word' id='word_1_729' title='bbox 2941 4799 3184 4881; x_wconf 88' lang='lat' dir='ltr'><strong>quidem</strong></span> <span class='ocrx_word' id='word_1_730' title='bbox 3218 4802 3316 4863; x_wconf 89' lang='lat' dir='ltr'><strong>ille</strong></span> <span class='ocrx_word' id='word_1_731' title='bbox 3348 4821 3412 4864; x_wconf 91' lang='lat' dir='ltr'><strong>se</strong></span> <span class='ocrx_word' id='word_1_732' title='bbox 3446 4803 3700 4882; x_wconf 89' lang='lat' dir='ltr'><strong>pulchre</strong></span> 
     </span>
    </p>
   </div>
   <div class='ocr_carea' id='block_1_104' title="bbox 328 4884 1971 4974">
    <p class='ocr_par' dir='ltr' id='par_1_104' title="bbox 328 4884 1967 4966">
     <span class='ocr_line' id='line_1_104' title="bbox 328 4884 1967 4966; baseline -0.001 -23"><span class='ocrx_word' id='word_1_733' title='bbox 328 4884 384 4943; x_wconf 76' lang='grc' dir='ltr'>δὲ</span> <span class='ocrx_word' id='word_1_734' title='bbox 414 4887 570 4951; x_wconf 74' lang='grc' dir='ltr'>αὒτὸν</span> <span class='ocrx_word' id='word_1_735' title='bbox 599 4888 687 4945; x_wconf 80' lang='grc' dir='ltr'><strong>καὶ</strong></span> <span class='ocrx_word' id='word_1_736' title='bbox 716 4892 811 4944; x_wconf 83' lang='grc' dir='ltr'>τοῦ</span> <span class='ocrx_word' id='word_1_737' title='bbox 839 4886 1005 4943; x_wconf 69' lang='grc' dir='ltr'>ὕπνου</span> <span class='ocrx_word' id='word_1_738' title='bbox 1050 4886 1188 4943; x_wconf 80' lang='grc' dir='ltr'>κατὰ</span> <span class='ocrx_word' id='word_1_739' title='bbox 1240 4886 1330 4944; x_wconf 74' lang='grc' dir='ltr'><strong>τὸν</strong></span> <span class='ocrx_word' id='word_1_740' title='bbox 1389 4888 1572 4963; x_wconf 76' lang='grc' dir='ltr'>καιρὸν</span> <span class='ocrx_word' id='word_1_741' title='bbox 1626 4890 1726 4953; x_wconf 79' lang='grc' dir='ltr'>τῆς</span> <span class='ocrx_word' id='word_1_742' title='bbox 1779 4886 1967 4966; x_wconf 82' lang='grc' dir='ltr'>χρείας</span> 
     </span>
    </p>
   </div>
   <div class='ocr_carea' id='block_1_105' title="bbox 2056 4884 3699 4974">
    <p class='ocr_par' dir='ltr' id='par_1_105' title="bbox 2056 4886 3699 4974">
     <span class='ocr_line' id='line_1_105' title="bbox 2056 4886 3699 4974; baseline 0.002 -25"><span class='ocrx_word' id='word_1_743' title='bbox 2056 4886 2237 4965; x_wconf 84' lang='lat' dir='ltr'><strong>gessit</strong></span> <span class='ocrx_word' id='word_1_744' title='bbox 2269 4888 2326 4948; x_wconf 93' lang='lat' dir='ltr'><strong>in</strong></span> <span class='ocrx_word' id='word_1_745' title='bbox 2360 4887 2524 4949; x_wconf 86' lang='lat' dir='ltr'><strong>omni</strong></span> <span class='ocrx_word' id='word_1_746' title='bbox 2569 4888 2801 4962; x_wconf 87' lang='lat' dir='ltr'><strong>virtute,</strong></span> <span class='ocrx_word' id='word_1_747' title='bbox 2838 4890 3049 4974; x_wconf 85' lang='lat' dir='ltr'><strong>melius</strong></span> <span class='ocrx_word' id='word_1_748' title='bbox 3079 4909 3253 4970; x_wconf 88' lang='lat' dir='ltr'><strong>quam</strong></span> <span class='ocrx_word' id='word_1_749' title='bbox 3303 4903 3364 4953; x_wconf 91' lang='lat' dir='ltr'><strong>ut</strong></span> <span class='ocrx_word' id='word_1_750' title='bbox 3392 4910 3530 4955; x_wconf 89' lang='lat' dir='ltr'><strong>eum</strong></span> <span class='ocrx_word' id='word_1_751' title='bbox 3565 4892 3699 4974; x_wconf 89' lang='lat' dir='ltr'><strong>quis</strong></span> 
     </span>
    </p>
   </div>
   <div class='ocr_carea' id='block_1_106' title="bbox 330 4970 1971 5063">
    <p class='ocr_par' dir='ltr' id='par_1_106' title="bbox 330 4972 1968 5057">
     <span class='ocr_line' id='line_1_106' title="bbox 330 4972 1968 5057; baseline -0.002 -23"><span class='ocrx_word' id='word_1_752' title='bbox 330 4976 470 5034; x_wconf 72' lang='grc' dir='ltr'>οὕτω</span> <span class='ocrx_word' id='word_1_753' title='bbox 498 4977 811 5057; x_wconf 76' lang='grc' dir='ltr'>τυγχάνειν.</span> <span class='ocrx_word' id='word_1_754' title='bbox 850 4982 1087 5056; x_wconf 84' lang='grc' dir='ltr'>Σχοῖνος</span> <span class='ocrx_word' id='word_1_755' title='bbox 1143 4978 1361 5033; x_wconf 83' lang='grc' dir='ltr'>καθεῖτο</span> <span class='ocrx_word' id='word_1_756' title='bbox 1412 4972 1610 5031; x_wconf 73' lang='grc' dir='ltr'>ἄνωθεν</span> <span class='ocrx_word' id='word_1_757' title='bbox 1657 4980 1761 5031; x_wconf 84' lang='grc' dir='ltr'>τῶν</span> <span class='ocrx_word' id='word_1_758' title='bbox 1792 4973 1968 5054; x_wconf 74' lang='grc' dir='ltr'>ἄκρων</span> 
     </span>
    </p>
   </div>
   <div class='ocr_carea' id='block_1_107' title="bbox 2056 4970 3692 5063">
    <p class='ocr_par' dir='ltr' id='par_1_107' title="bbox 2056 4970 3692 5063">
     <span class='ocr_line' id='line_1_107' title="bbox 2056 4970 3692 5063; baseline 0.004 -26"><span class='ocrx_word' id='word_1_759' title='bbox 2056 4985 2255 5056; x_wconf 78' lang='lat' dir='ltr'><strong>posset</strong></span> <span class='ocrx_word' id='word_1_760' title='bbox 2286 4976 2531 5039; x_wconf 88' lang='lat' dir='ltr'><strong>imitari.</strong></span> <span class='ocrx_word' id='word_1_761' title='bbox 2567 4979 2754 5038; x_wconf 87' lang='lat' dir='ltr'><strong>Porro</strong></span> <span class='ocrx_word' id='word_1_762' title='bbox 2788 4970 2993 5041; x_wconf 67' lang='lat' dir='ltr'><strong>autem&#39;</strong></span> <span class='ocrx_word' id='word_1_763' title='bbox 3022 4980 3145 5042; x_wconf 66' lang='lat' dir='ltr'><strong>haec</strong></span> <span class='ocrx_word' id='word_1_764' title='bbox 3178 5000 3419 5063; x_wconf 91' lang='lat' dir='ltr'><strong>quoque</strong></span> <span class='ocrx_word' id='word_1_765' title='bbox 3462 4982 3551 5043; x_wconf 91' lang='lat' dir='ltr'><strong>illi</strong></span> <span class='ocrx_word' id='word_1_766' title='bbox 3578 4970 3692 5043; x_wconf 77' lang='lat' dir='ltr'><strong>tri-</strong></span> 
     </span>
    </p>
   </div>
   <div class='ocr_carea' id='block_1_108' title="bbox 330 5063 1971 5152">
    <p class='ocr_par' dir='ltr' id='par_1_108' title="bbox 330 5063 1971 5146">
     <span class='ocr_line' id='line_1_108' title="bbox 330 5063 1971 5146; baseline -0.002 -22"><span class='ocrx_word' id='word_1_767' title='bbox 330 5063 673 5142; x_wconf 67' lang='grc' dir='ltr'>ικδεδεμένη,</span> <span class='ocrx_word' id='word_1_768' title='bbox 733 5064 819 5146; x_wconf 68' lang='grc' dir='ltr'><strong>ἐφ’</strong></span> <span class='ocrx_word' id='word_1_769' title='bbox 873 5064 910 5141; x_wconf 67' lang='grc' dir='ltr'><strong>ᾗ</strong></span> <span class='ocrx_word' id='word_1_770' title='bbox 966 5066 1062 5130; x_wconf 80' lang='grc' dir='ltr'><strong>τάς</strong></span> <span class='ocrx_word' id='word_1_771' title='bbox 1122 5086 1178 5122; x_wconf 88' lang='grc' dir='ltr'><strong>τε</strong></span> <span class='ocrx_word' id='word_1_772' title='bbox 1232 5076 1426 5145; x_wconf 84' lang='grc' dir='ltr'>χεῖρας</span> <span class='ocrx_word' id='word_1_773' title='bbox 1486 5066 1572 5121; x_wconf 83' lang='grc' dir='ltr'><strong>καὶ</strong></span> <span class='ocrx_word' id='word_1_774' title='bbox 1631 5064 1728 5133; x_wconf 73' lang='grc' dir='ltr'><strong>τήν</strong></span> <span class='ocrx_word' id='word_1_775' title='bbox 1760 5066 1971 5137; x_wconf 76' lang='grc' dir='ltr'>ὑπήνην</span> 
     </span>
    </p>
   </div>
   <div class='ocr_carea' id='block_1_109' title="bbox 2056 5063 3694 5152">
    <p class='ocr_par' dir='ltr' id='par_1_109' title="bbox 2057 5064 3694 5152">
     <span class='ocr_line' id='line_1_109' title="bbox 2057 5064 3694 5152; baseline 0.003 -25"><span class='ocrx_word' id='word_1_776' title='bbox 2057 5064 2247 5127; x_wconf 87' lang='lat' dir='ltr'><strong>buunt</strong></span> <span class='ocrx_word' id='word_1_777' title='bbox 2282 5075 2559 5143; x_wconf 89' lang='lat' dir='ltr'><strong>tanquam</strong></span> <span class='ocrx_word' id='word_1_778' title='bbox 2589 5067 2829 5142; x_wconf 84' lang='lat' dir='ltr'><strong>eximia,</strong></span> <span class='ocrx_word' id='word_1_779' title='bbox 2855 5069 3011 5149; x_wconf 88' lang='lat' dir='ltr'><strong>quod</strong></span> <span class='ocrx_word' id='word_1_780' title='bbox 3046 5088 3245 5146; x_wconf 88' lang='lat' dir='ltr'><strong>neque</strong></span> <span class='ocrx_word' id='word_1_781' title='bbox 3275 5068 3407 5151; x_wconf 88' lang='lat' dir='ltr'><strong>ipse</strong></span> <span class='ocrx_word' id='word_1_782' title='bbox 3433 5090 3694 5152; x_wconf 89' lang='lat' dir='ltr'><strong>unquam</strong></span> 
     </span>
    </p>
   </div>
   <div class='ocr_carea' id='block_1_110' title="bbox 328 5152 1971 5244">
    <p class='ocr_par' dir='ltr' id='par_1_110' title="bbox 328 5152 1967 5244">
     <span class='ocr_line' id='line_1_110' title="bbox 328 5152 1967 5244; baseline -0.001 -33"><span class='ocrx_word' id='word_1_783' title='bbox 328 5153 610 5244; x_wconf 67' lang='grc' dir='ltr'>ιπερείδων</span> <span class='ocrx_word' id='word_1_784' title='bbox 672 5156 854 5229; x_wconf 75' lang='grc' dir='ltr'>αὐτὸς,</span> <span class='ocrx_word' id='word_1_785' title='bbox 896 5156 1188 5244; x_wconf 9' lang='grc' dir='ltr'>,βραχείας</span> <span class='ocrx_word' id='word_1_786' title='bbox 1236 5154 1378 5244; x_wconf 82' lang='grc' dir='ltr'>τινὸς</span> <span class='ocrx_word' id='word_1_787' title='bbox 1450 5156 1539 5210; x_wconf 78' lang='grc' dir='ltr'><strong>καὶ</strong></span> <span class='ocrx_word' id='word_1_788' title='bbox 1609 5155 1671 5210; x_wconf 80' lang='grc' dir='ltr'><strong>ού</strong></span> <span class='ocrx_word' id='word_1_789' title='bbox 1726 5152 1967 5231; x_wconf 82' lang='grc' dir='ltr'>βεϐαίας,</span> 
     </span>
    </p>
   </div>
   <div class='ocr_carea' id='block_1_111' title="bbox 2056 5152 3699 5244">
    <p class='ocr_par' dir='ltr' id='par_1_111' title="bbox 2056 5154 3699 5244">
     <span class='ocr_line' id='line_1_111' title="bbox 2056 5154 3699 5244; baseline 0.004 -30"><span class='ocrx_word' id='word_1_790' title='bbox 2056 5154 2363 5244; x_wconf 71' lang='lat' dir='ltr'><strong>iuraverit,</strong></span> <span class='ocrx_word' id='word_1_791' title='bbox 2391 5165 2701 5237; x_wconf 80' lang='lat' dir='ltr'><strong>postquam</strong></span> <span class='ocrx_word' id='word_1_792' title='bbox 2734 5157 2963 5234; x_wconf 82' lang='lat' dir='ltr'><strong>aufugit</strong></span> <span class='ocrx_word' id='word_1_793' title='bbox 2986 5176 3019 5219; x_wconf 90' lang='lat' dir='ltr'><strong>a</strong></span> <span class='ocrx_word' id='word_1_794' title='bbox 3051 5158 3273 5220; x_wconf 91' lang='lat' dir='ltr'><strong>mundo</strong></span> <span class='ocrx_word' id='word_1_795' title='bbox 3310 5184 3323 5220; x_wconf 88' lang='lat'><strong>:</strong></span> <span class='ocrx_word' id='word_1_796' title='bbox 3362 5179 3558 5244; x_wconf 91' lang='lat' dir='ltr'><strong>neque</strong></span> <span class='ocrx_word' id='word_1_797' title='bbox 3590 5159 3699 5221; x_wconf 89' lang='lat' dir='ltr'><strong>ulli</strong></span> 
     </span>
    </p>
   </div>
   <div class='ocr_carea' id='block_1_112' title="bbox 328 5242 1971 5331">
    <p class='ocr_par' dir='ltr' id='par_1_112' title="bbox 328 5242 1971 5331">
     <span class='ocr_line' id='line_1_112' title="bbox 328 5242 1971 5331; baseline -0.001 -31"><span class='ocrx_word' id='word_1_798' title='bbox 328 5243 452 5302; x_wconf 77' lang='grc' dir='ltr'>ἀλλ’</span> <span class='ocrx_word' id='word_1_799' title='bbox 502 5244 624 5331; x_wconf 75' lang='grc' dir='ltr'>οἷον</span> <span class='ocrx_word' id='word_1_800' title='bbox 684 5244 793 5323; x_wconf 83' lang='grc' dir='ltr'>[γρ.</span> <span class='ocrx_word' id='word_1_801' title='bbox 847 5243 965 5320; x_wconf 77' lang='grc' dir='ltr'>οἵα]</span> <span class='ocrx_word' id='word_1_802' title='bbox 1029 5242 1476 5324; x_wconf 79' lang='grc' dir='ltr'>παρεψευσμένης</span> <span class='ocrx_word' id='word_1_803' title='bbox 1537 5248 1637 5311; x_wconf 78' lang='grc' dir='ltr'>τῆς</span> <span class='ocrx_word' id='word_1_804' title='bbox 1669 5250 1971 5324; x_wconf 84' lang='grc' dir='ltr'>καταφορᾶς</span> 
     </span>
    </p>
   </div>
   <div class='ocr_carea' id='block_1_113' title="bbox 2056 5242 3694 5331">
    <p class='ocr_par' dir='ltr' id='par_1_113' title="bbox 2056 5242 3694 5331">
     <span class='ocr_line' id='line_1_113' title="bbox 2056 5242 3694 5331; baseline 0.004 -26"><span class='ocrx_word' id='word_1_805' title='bbox 2056 5243 2474 5323; x_wconf 81' lang='lat' dir='ltr'><strong>jusjurandum</strong></span> <span class='ocrx_word' id='word_1_806' title='bbox 2511 5246 2811 5320; x_wconf 89' lang='lat' dir='ltr'><strong>detulerit,</strong></span> <span class='ocrx_word' id='word_1_807' title='bbox 2847 5246 2993 5309; x_wconf 85' lang='lat' dir='ltr'><strong>nulli</strong></span> <span class='ocrx_word' id='word_1_808' title='bbox 3022 5242 3694 5331; x_wconf 27' lang='lat' dir='ltr'><strong>detraxerit,nuvnquam</strong></span> 
     </span>
    </p>
   </div>
   <div class='ocr_carea' id='block_1_114' title="bbox 328 5329 1971 5418">
    <p class='ocr_par' dir='ltr' id='par_1_114' title="bbox 328 5329 751 5410">
     <span class='ocr_line' id='line_1_114' title="bbox 328 5329 751 5410; baseline 0.012 -21"><span class='ocrx_word' id='word_1_809' title='bbox 328 5329 751 5410; x_wconf 79' lang='grc' dir='ltr'>μετελάμϐανεν.</span> 
     </span>
    </p>
   </div>
   <div class='ocr_carea' id='block_1_115' title="bbox 2056 5329 3699 5418">
    <p class='ocr_par' dir='ltr' id='par_1_115' title="bbox 2056 5329 3699 5418">
     <span class='ocr_line' id='line_1_115' title="bbox 2056 5329 3699 5418; baseline 0.004 -24"><span class='ocrx_word' id='word_1_810' title='bbox 2056 5332 2135 5394; x_wconf 85' lang='lat' dir='ltr'><strong>ait</strong></span> <span class='ocrx_word' id='word_1_811' title='bbox 2152 5335 2611 5410; x_wconf 85' lang='lat' dir='ltr'><strong>mentitus,nulli</strong></span> <span class='ocrx_word' id='word_1_812' title='bbox 2645 5336 2721 5397; x_wconf 91' lang='lat' dir='ltr'><strong>sit</strong></span> <span class='ocrx_word' id='word_1_813' title='bbox 2745 5336 2897 5399; x_wconf 85' lang='lat' dir='ltr'><strong>male</strong></span> <span class='ocrx_word' id='word_1_814' title='bbox 2916 5340 3413 5418; x_wconf 81' lang='lat' dir='ltr'><strong>precatus,faceta</strong></span> <span class='ocrx_word' id='word_1_815' title='bbox 3436 5360 3504 5403; x_wconf 91' lang='lat' dir='ltr'><strong>ac</strong></span> <span class='ocrx_word' id='word_1_816' title='bbox 3525 5329 3699 5402; x_wconf 82' lang='lat' dir='ltr'><strong>scur-</strong></span> 
     </span>
    </p>
   </div>
   <div class='ocr_carea' id='block_1_116' title="bbox 322 5416 3697 5514">
    <p class='ocr_par' dir='ltr' id='par_1_116' title="bbox 322 5416 3697 5514">
     <span class='ocr_line' id='line_1_116' title="bbox 322 5416 3697 5514; baseline 0.003 -29"><span class='ocrx_word' id='word_1_817' title='bbox 322 5420 460 5486; x_wconf 84' lang='lat' dir='ltr'><strong>rilia</strong></span> <span class='ocrx_word' id='word_1_818' title='bbox 487 5426 689 5506; x_wconf 72' lang='lat' dir='ltr'><strong>neque</strong></span> <span class='ocrx_word' id='word_1_819' title='bbox 716 5420 849 5504; x_wconf 78' lang='lat' dir='ltr'><strong>ipse</strong></span> <span class='ocrx_word' id='word_1_820' title='bbox 891 5421 966 5483; x_wconf 86' lang='lat' dir='ltr'><strong>sit</strong></span> <span class='ocrx_word' id='word_1_821' title='bbox 992 5416 1244 5496; x_wconf 79' lang='lat' dir='ltr'><strong>locutus,</strong></span> <span class='ocrx_word' id='word_1_822' title='bbox 1280 5438 1476 5503; x_wconf 89' lang='lat' dir='ltr'><strong>neque</strong></span> <span class='ocrx_word' id='word_1_823' title='bbox 1505 5423 1688 5487; x_wconf 89' lang='lat' dir='ltr'><strong>alium</strong></span> <span class='ocrx_word' id='word_1_824' title='bbox 1722 5418 2019 5487; x_wconf 88' lang='lat' dir='ltr'><strong>dicentem</strong></span> <span class='ocrx_word' id='word_1_825' title='bbox 2064 5423 2437 5487; x_wconf 80' lang='lat' dir='ltr'><strong>sustinuerit.</strong></span> <span class='ocrx_word' id='word_1_826' title='bbox 2474 5423 2691 5487; x_wconf 89' lang='lat' dir='ltr'><strong>Dicunt</strong></span> <span class='ocrx_word' id='word_1_827' title='bbox 2733 5416 2933 5490; x_wconf 82' lang='lat' dir='ltr'><strong>autem</strong></span> <span class='ocrx_word' id='word_1_828' title='bbox 2965 5428 3160 5513; x_wconf 85' lang='lat' dir='ltr'><strong>ipsum</strong></span> <span class='ocrx_word' id='word_1_829' title='bbox 3195 5449 3433 5514; x_wconf 89' lang='lat' dir='ltr'><strong>quoque</strong></span> <span class='ocrx_word' id='word_1_830' title='bbox 3469 5431 3697 5496; x_wconf 89' lang='lat' dir='ltr'><strong>medio-</strong></span> 
     </span>
    </p>
   </div>
   <div class='ocr_carea' id='block_1_117' title="bbox 411 5613 1572 5701">
    <p class='ocr_par' dir='ltr' id='par_1_117' title="bbox 411 5613 1572 5701">
     <span class='ocr_line' id='line_1_117' title="bbox 411 5613 1572 5701; baseline 0.002 -24"><span class='ocrx_word' id='word_1_831' title='bbox 411 5615 491 5701; x_wconf 77' lang='lat'><strong>(6)</strong></span> <span class='ocrx_word' id='word_1_832' title='bbox 523 5614 606 5680; x_wconf 83' lang='lat' dir='ltr'><strong>al.</strong></span> <span class='ocrx_word' id='word_1_833' title='bbox 642 5613 812 5690; x_wconf 82' lang='lat' dir='ltr'><strong>Quod</strong></span> <span class='ocrx_word' id='word_1_834' title='bbox 841 5615 1087 5695; x_wconf 82' lang='lat' dir='ltr'><strong>dicitur,</strong></span> <span class='ocrx_word' id='word_1_835' title='bbox 1121 5620 1187 5678; x_wconf 87' lang='lat' dir='ltr'><strong>ut</strong></span> <span class='ocrx_word' id='word_1_836' title='bbox 1217 5615 1274 5678; x_wconf 88' lang='lat' dir='ltr'><strong>ei</strong></span> <span class='ocrx_word' id='word_1_837' title='bbox 1301 5632 1423 5680; x_wconf 89' lang='lat' dir='ltr'><strong>non</strong></span> <span class='ocrx_word' id='word_1_838' title='bbox 1453 5632 1572 5679; x_wconf 77' lang='lat' dir='ltr'><strong>ass.</strong></span> 
     </span>
    </p>
   </div>
  </div>
