3996 6178
333 278 475 344 1051
1629 272 1913 339 MENSIS
1961 270 2418 337 JANUARIUS.
3571 265 3732 333 1052

326 408 928 491 culum,etalius,qui
949 411 1019 476 ad
1056 410 1170 473 hoc
1196 407 1459 487 expedit,
1485 409 1828 471 comitatus.
1861 405 1979 472 Sed

2067 404 2219 464 Ἀλλ’
2271 406 2479 469 ἒκεϊνος
2536 411 2725 485 ταῦτα,
2784 405 2857 471 ὡς
2912 404 3135 485 περιτιᾶ
3180 407 3267 463 καὶ
3324 403 3583 472 ἀνόνητα
3641 401 3734 491 καὶ

326 507 430 568 ille
451 508 577 568 haec
601 512 878 586 tanquam
909 517 1347 581 supervacanea
1374 506 1431 559 et
1457 497 1694 560 inutilia
1718 506 1776 558 et
1800 498 1975 559 veluti

2066 496 2212 552 κενὸν
2275 498 2395 551 οἷον
2438 494 2654 572 πορείας
2712 492 2982 573 ἐφόλκιον,
3015 492 3372 570 διωσάμενος,
3410 494 3589 569 μόνος
3637 490 3733 548 ε’ί-

331 597 511 658 inane
524 578 764 657 itineris
777 594 846 654 ad
849 593 872 672 j
884 578 1192 652 umentum
1206 587 1626 669 repellens,sol
1638 605 1704 648 us
1720 588 1871 649 viam
1888 596 1978 649 est

2066 605 2193 664 χετο
2224 588 2322 649 τῆς
2374 581 2515 657 ὁδοῦ,
2552 584 2674 640 ποσὶ
2725 596 2843 647 τοῖς
2887 583 3088 658 ἐαμτου
3118 582 3440 663 χρώμενος.
3492 578 3623 659 Ὑφ’
3674 581 3737 637 οὗ

329 686 788 766 ingressus,suis
813 669 987 743 utens
1012 679 1463 759 pedibus,quod
1489 676 1732 758 quidem
1757 677 1874 739 sibi
1897 679 1975 739 fa-

2066 674 2148 730 ιιαὶ
2202 671 2405 747 μᾶλλον
2441 673 2600 729 αὐτὸν
2652 671 3010 751 ἐκπλαγέντες
3059 678 3159 740 τῆς
3208 673 3614 752 μετριότητος,
3641 669 3734 727 καὶ

332 762 613 837 ciendum
639 762 942 835 Constituit
965 769 1149 849 is,qui
1175 776 1265 830 est
1290 777 1562 843 sanus,et
1585 787 1705 828 non
1730 778 1977 848 propter

2066 764 2158 830 τὴν
2204 763 2533 841 φαινομένην
2582 762 2909 819 κατάστασιν
2961 764 3140 821 εἰκόνα
3182 764 3280 830 τῆς
3308 762 3563 843 ἀφανοῦς
3619 764 3734 835 ψυ-

334 863 734 945 arrogantiam
770 871 826 924 et
849 879 1055 922 vanam
1092 861 1340 938 gloriam
1383 878 1452 919 ea
1479 858 1731 920 sustinet
1752 858 1973 931 facere,

2066 857 2173 931 χῆς
2228 853 2613 928 ποιησάμενοι,
2664 853 2818 915 αὐτός
2863 873 2922 908 τε
2971 856 3178 932 πρῶτος
3240 853 3351 931 [γρ.
3408 850 3659 930 πρῶτον]
3705 850 3735 905 ὁ

327 974 456 1036 quae
475 938 1117 1033 aegroti.Quamobrem
1142 949 1332 1025 magis
1357 955 1669 1029 stupentes
1697 948 1824 1028 ejus
1845 967 1977 1008 mo-

2066 941 2326 1022 ὕπαρχος,
2361 943 2449 999 καὶ
2501 941 2614 998 ὅσοι
2673 939 2739 1009 δὴ
2795 943 3172 1020 συμπαρῆσαν,
3204 943 3294 999 καὶ
3336 938 3736 1006 ὑπανέστησαν

329 1030 712 1116 derationem,
745 1056 796 1102 et
839 1060 965 1102 eam
1006 1059 1133 1115 quae
1157 1041 1978 1115 apparebatconstitutionem,

2066 1032 2360 1109 προσιόντι,
2414 1031 2502 1089 καὶ
2551 1032 2683 1111 πρὸς
2726 1031 2842 1108 βίαν
2887 1030 3349 1107 ἐπισπασάμενοι,
3399 1035 3509 1097 τῆς
3564 1049 3735 1108 προε-

328 1135 617 1196 ducentes
649 1150 783 1195 esse
812 1130 1135 1210 imaginem
1169 1129 1548 1209 animae,qua3
1580 1146 1699 1189 non
1729 1143 1977 1208 appare-

2066 1119 2229 1198 δρίας,
2249 1118 2475 1210 λΑῇξίουν,
2501 1118 2734 1210 δημοσίᾳ
2763 1142 2821 1178 τε
2882 1133 3001 1186 τοῖς
3030 1121 3090 1177 ἐκ
3120 1119 3298 1200 λόγων
3331 1120 3592 1210 ἔπαίνοις
3634 1116 3738 1210 ,καὶ

329 1224 589 1304 bat,ipse
616 1224 842 1305 primus
862 1206 1141 1301 praetorio
1168 1206 1483 1299 praefectus
1528 1225 1587 1278 et
1607 1218 1706 1297 qui
1739 1206 1873 1278 cum
1905 1234 1976 1279 eo

2066 1222 2181 1273 ταῖς
2240 1207 2429 1273 ἄλλαις
2462 1208 2868 1290 ἐφιλοτιμοῦντο
2920 1223 3131 1287 τιμαῖς.
3186 1217 3368 1269 Ταῦτα
3409 1206 3470 1266 δί
3531 1207 3730 1285 πρᾴως

330 1296 698 1387 δᾶὸεέη1ξοί
745 1296 1057 1374 accedenti
1090 1296 1368 1370 lubenter
1401 1296 1885 1381 assurrexerunt,
1922 1314 1979 1367 et

2066 1299 2150 1355 τὸν
2208 1299 2398 1377 φθόνον
2435 1298 2530 1355 οὐκ
2561 1299 2628 1367 ἦν
2671 1299 2939 1380 ἐνεγκεῖν,
2970 1300 3089 1357 οῦδὲ
3136 1312 3258 1367 τοῖς
3288 1299 3401 1357 τῶν
3434 1296 3735 1374 βασκάνων

336 1422 473 1465 eum
508 1384 877 1482 aspexerunt
909 1399 1095 1482 oculis
1128 1396 1469 1482 reverentia
1499 1395 1693 1482 plenis
1718 1394 1977 1482 etbene-

2066 1384 2286 1482 ἔμελλεν
2348 1386 2652 1482 ὀφθαλμοῖς
2686 1388 2895 1482 φορητὰ
2923 1386 3173 1482 γενέσθαι
3213 1388 3303 1443 καὶ
3332 1384 3551 1449 ἄλυπα.
3618 1388 3733 1482 Τῆς

332 1473 829 1540 volentia'.Deinde
843 1481 1017 1536 etiam
1041 1480 1093 1534 vi
1118 1479 1472 1535 attrahentes
1488 1473 1809 1544 (resistebat
1825 1477 1979 1532 enim

2067 1477 2167 1554 γὰρ
2209 1477 2372 1543 κενῆς
2417 1474 2575 1543 δόξης
2620 1475 2840 1555 σχιίτως
2914 1475 3373 1556 ἀντιποιούμενοι,
3438 1476 3545 1541 τὴν
3594 1473 3732 1549 πρὸς

334 1571 577 1645 propter
594 1564 1006 1624 vehementem
1027 1577 1294 1620 amorem
1327 1555 1979 1637 moderationisiprimo

2066 1562 2276 1621 ἐκεῖνον
2334 1565 2502 1640 τιμὴν
2557 1567 2659 1632 τῆς
2716 1565 2916 1622 ἑαυτῶν
2973 1565 3162 1646 ὕφεσιν
3232 1555 3493 1640 ἐνόμιζον
3555 1562 3731 1620 εἶναι’

333 1652 461 1710 loco
485 1667 614 1709 eum
641 1650 859 1723 dignati
881 1650 1389 1719 sunt,publiceque
1409 1655 1695 1730 ornarunt
1715 1646 1979 1716 eloquen-

2066 1653 2302 1730 καθάπερ
2359 1652 2424 1721 δὴ
2487 1656 2573 1711 γαὶ
2655 1653 2916 1730 Ἀνθεμίῳ
2984 1654 3106 1711 τότε
3175 1652 3519 1725 συνεϐαινεν,
3584 1649 3736 1728 ἀνδρὶ

334 1737 431 1799 tiae
460 1736 740 1798 laudibus
793 1744 851 1798 et
880 1735 1015 1796 aliis
1047 1730 1400 1813 privilegiis.
1426 1728 1603 1823 AFieri
1628 1738 1827 1791 autem
1860 1748 1979 1823 non

2066 1744 2163 1810 τὴν
2215 1728 2311 1818 μέν
2344 1746 2627 1821 θρησκείαν
2673 1728 3003 1819 ’ἑλληνι,καῖ
3032 1742 3117 1802 διὰ
3164 1743 3263 1819 μὲν
3291 1743 3398 1811 τὴν
3443 1756 3571 1823 περι
3606 1740 3731 1803 τοὺς

334 1835 659 1908 poterat,ut
688 1826 1017 1888 toleranter
1047 1823 1175 1884 haec
1206 1822 1391 1913 ferret
1424 1819 1647 1913 invidia
1669 1838 1825 1913 inec
1849 1819 1979 1881 sine

2066 1832 2260 1909 λόγους
2294 1819 2527 1901 σπουδὴν
2560 1832 2818 1909 ὀνύματος
2854 1832 2914 1889 οὒ
2945 1832 3143 1913 φαύλου
3184 1819 3552 1913 τετυχηκότι,
3586 1852 3732 1908 προ-

331 1918 542 1979 dolore
572 1917 700 1977 haec
716 1916 1058 1996 aspicerent
1083 1911 1421 1975 invidorum
1445 1909 1633 1972 oculi.
1669 1908 1810 1971 Nam
1843 1926 1978 1970 cum

2066 1908 2222 1977 πετετ
2250 1919 2306 1977 δὲ
2360 1921 2533 1992 ἄλζως
2561 1921 2695 2003 ὄντι,
2730 1923 2818 1979 καὶ
2871 1908 3202 2001 τῇ1γλώττη
3237 1908 3450 2003 σφόδρα
3498 1908 3730 2001 χξαρίζε-

330 2024 539 2068 vanam
562 1995 813 2084 gloriam
845 2022 1077 2066 summe
1102 2001 1216 2063 sibi
1242 2000 1638 2074 vindicarent,
1666 1999 1979 2061 existima-

2066 2014 2181 2067 σθαι
2239 2010 2571 2087 βουλομένῳ.
2628 1995 2721 2076 Ὃς
2776 1995 2923 2075 τοῖς.
2950 1995 3083 2089 πρὸς
3130 2013 3222 2068 τὸν
3276 1995 3441 2089 ἅγιον
3478 1995 3730 2071 ἐπαίνοις

333 2095 480 2158 bant
501 2095 662 2157 illius
679 2095 970 2157 honorem
984 2094 1227 2156 illorum
1244 2090 1460 2180 honori
1475 2087 1979 2180 detrahere.Q_uo-

2066 2099 2169 2179 οὔχ
2198 2098 2359 2167 ἧττον
2389 2097 2636 2178 δηχθεὶς,
2671 2098 2707 2167 ἢ
2738 2099 2896 2179 εἴπερ
2925 2087 3086 2164 αὒτὸς
3115 2087 3385 2180 ἰτύγχανε
3415 2100 3489 2157 τὰ
3516 2099 3733 2178 ἔσχατα

333 2184 511 2246 modo
540 2184 782 2258 accidit,
816 2191 880 2245 ut
911 2193 1035 2244 tum
1072 2198 1309 2263 quoque
1363 2179 1706 2241 afﬁceretur
1738 2178 1975 2241 Anthe-

2066 2178 2340 2266 569t00sic,
2373 2190 2540 2250 πολὺς
2584 2185 2706 2245 κατ’
2755 2178 2912 2247 αὐτοῦ
2966 2188 3135 2269 ἔπνει,
3169 2178 3353 2244 ἄδικόν
3412 2208 3476 2244 τε
3507 2189 3572 2244 τὸ
3630 2208 3732 2264 γε·

337 2274 515 2347 mius,
550 2274 655 2355 qui
700 2292 817 2334 non
842 2271 1005 2353 parvi
1027 2269 1266 2353 quidem
1309 2269 1702 2331 fuituominis
1732 2274 1979 2358 propter

2066 2274 2355 2356 γενημένον
2413 2275 2726 2358 ἀποκαλῶν,
2787 2279 2878 2335 καὶ
2926 2280 3002 2342 ὡς
3061 2278 3122 2334 οὐ
3183 2279 3410 2354 θεμιτὸν
3465 2277 3588 2354 εἴη,
3636 2277 3729 2335 τὸν

334 2363 599 2427 studiutn
632 2360 1266 2445 eloquentiae,gentilis
1288 2367 1483 2421 autem
1507 2367 1636 2420 erat
1657 2357 1973 2448 religione,

2066 2366 2204 2433 Ξένον
2273 2366 2409 2448 οὕτχ
2453 2367 2542 2423 καὶ
2605 2357 2795 2434 νέηλυν
2839 2372 2947 2425 τῶν
2997 2368 3222 2446 πρώτων
3290 2366 3575 2434 ἀξιοῦσθαι
3634 2387 3725 2422 τι·-

335 2463 392 2518 et
418 2452 640 2534 alioqui
668 2453 866 2532 lingua
891 2451 1258 2532 profusus,et
1276 2448 1485 2511 volens
1510 2448 1569 2509 ei
1591 2448 1843 2509 nimium
1879 2446 1975 2507 in-

333 2544 581 2622 dulgere
611 2560 625 2603 :
662 2543 766 2619 qui
794 2540 986 2603 sancti
1018 2539 1298 2603 laudibus
1329 2557 1446 2599 non
1482 2538 1681 2598 minus
1716 2553 1976 2607 morsus,

335 2651 511 2713 quam
537 2632 588 2693 si
613 2630 741 2712 ipse
764 2630 969 2692 fuisset
993 2647 1227 2691 summa
1242 2629 1489 2689 affectus
1520 2624 1980 2697 contumelia,in

335 2741 469 2784 eum
503 2721 842 2784 vehementi
871 2719 1083 2784 sniritu
1142 2716 1558 2790 invehebatur,
1594 2724 1652 2777 et
1686 2715 1977 2794 injustum

335 2811 584 2873 vocabat
604 2810 851 2890 id,quod
877 2809 1093 2871 factum
1120 2807 1333 2880 fuerat,
1362 2815 1422 2869 et
1444 2806 1689 2867 dicebat
1711 2823 1846 2865 esse
1870 2822 1977 2866 ne-

336 2901 576 2972 farium,
614 2900 908 2978 hospitem
934 2908 991 2958 et
1022 2895 1311 2959 advenam
1340 2895 1567 2975 primos
1590 2895 1679 2956 sic
1712 2896 1980 2956 honores

334 2990 657 3070 consequi:
685 2998 743 3050 et
775 2985 1429 3061 maxime,aiebat,eum
1463 2983 1622 3064 quia
1647 2981 1821 3045 nobis
1847 2982 1979 3062 plu-

334 3080 555 3142 rimum
581 3077 783 3139 differt
798 3076 1373 3155 religione.Propter
1391 3093 1523 3154 quae
1546 3074 1805 3154 primum
1832 3071 1980 3133 invi-

335 3169 492 3231 diam
525 3184 680 3247 aegre
701 3166 902 3228 ferens
934 3163 1602 3246 praefectusﬂuidnam,
1640 3162 1809 3237 dixit,
1842 3162 1977 3223 fue-

333 3257 410 3319 rit
441 3263 651 3337 praeter
682 3254 1002 3329 rationem,
1037 3255 1084 3315 si
1118 3255 1231 3328 vir,
1265 3253 1364 3333 qui
1396 3262 1489 3315 est
1535 3260 1596 3314 et
1628 3251 1725 3314 tali
1756 3269 1981 3331 genere

337 3353 523 3421 ortus,
558 3352 843 3425 tantaque
865 3350 925 3405 et
947 3342 1221 3405 doctrina
1249 3352 1309 3405 et
1341 3341 1635 3403 modestia
1669 3340 1976 3421 praeditus,

333 3438 526 3497 fuerat
557 3433 855 3496 indicatus
883 3451 918 3494 a
949 3432 1122 3494 nobis
1144 3432 1370 3494 honore
1394 3429 1775 3508 dignus,cum
1799 3429 1977 3491 etiam

336 3533 551 3607 praeter
568 3523 910 3604 alia,ipsum
928 3524 1217 3584 honorem
1237 3521 1766 3601 fugere,bonorem
1786 3520 1983 3601 acqui-

334 3623 427 3678 rat
458 3613 618 3694 apud
653 3612 891 3693 eos,qui
921 3610 1162 3692 sapiunt
1188 3618 1247 3673 et
1270 3618 1433 3672 recte
1460 3611 1659 3671 sciunt
1674 3607 1982 3689 judicare?

335 3703 563 3766 Deinde
584 3708 782 3765 autem
794 3699 1057 3764 Joannes
1079 3717 1316 3781 quoque
1341 3698 1576 3779 placide
1599 3700 1732 3778 ejus
1753 3716 1979 3760 sermo-

336 3811 471 3855 nem
505 3789 834 3871 excipiens,
857 3791 990 3853 Non
1019 3788 1354 3869 oportebat,
1387 3791 1642 3868 inquit,o
1665 3788 1977 3862 Anthemi,

336 3899 470 3943 eum
504 3880 601 3960 qui
634 3878 748 3941 sibi
777 3877 1042 3940 vindicat
1088 3878 1558 3958 philosophiam,
1595 3877 1677 3937 ita
1707 3877 1982 3954 superari

334 3969 411 4033 ab
443 3970 672 4031 honore
704 3967 1040 4041 hominum,
1080 3974 1139 4029 et
1172 3984 1306 4027 eum
1364 3968 1644 4047 persequi
1699 3974 1980 4046 tanquam

332 4078 459 4122 rem
493 4076 766 4136 magnam
793 4066 854 4119 et
886 4075 1097 4137 magna
1128 4055 1518 4119 contentione
1548 4055 1976 4137 appetendam,

336 4150 435 4230 qui
468 4167 588 4211 non
612 4148 804 4210 solum
832 4147 1006 4209 nobis
1026 4166 1145 4208 non
1171 4146 1590 4226 prodesse,sed
1620 4144 1799 4207 etiam
1833 4145 1970 4225 plu-

332 4238 552 4300 rimum
585 4246 780 4316 potest
831 4236 1076 4312 laedere,
1111 4236 1268 4317 quod
1321 4236 1534 4298 attinet
1562 4235 1635 4297 ad
1665 4234 1970 4296 virtutem.

2062 2463 2201 2533 μῶν,
2242 2458 2327 2515 καὶ
2384 2457 2617 2533 μάλιστα
2658 2456 2783 2535 περί
2843 2458 2906 2513 τὸ
2963 2455 3121 2521 σέϐας
3166 2458 3302 2530 ἡμῖν
3364 2478 3518 2535 παρα
3561 2454 3720 2529 πολὺ,

2061 2550 2213 2627 φησὶ,
2250 2545 2658 2604 διαλλάττοντα.
2695 2545 2820 2624 Ἐφ’
2855 2547 2943 2611 οἷς
2989 2547 3077 2603 καὶ
3104 2550 3290 2619 πρῶτα
3315 2547 3418 2604 τὸν
3446 2543 3719 2626 ὕπαρχον,

2061 2638 2111 2692 τί
2152 2635 2207 2692 δε
2251 2640 2348 2694 καὶ
2409 2636 2596 2714 γέγονε
2655 2635 2799 2713 παρὰ
2848 2636 2941 2692 τὸν
2982 2634 3168 2713 λόγον,
3221 2636 3428 2707 εἰπεῖν,
3489 2636 3531 2690 si
3589 2634 3722 2712 ἀνὴρ

2066 2726 2204 2783 οὕτω
2263 2726 2359 2800 μὶν
2424 2726 2608 2802 γένους
2670 2724 2817 2804 ἔχων
2860 2726 2950 2781 καὶ
3005 2723 3276 2804 παιδείας,
3338 2723 3487 2781 οὕτω
3531 2722 3588 2780 δὲ
3644 2727 3719 2795 τῷ

2064 2816 2261 2889 μετρίῳ
2317 2814 2627 2892 προσέχων,
2676 2811 2819 2879 ἄξιος
2878 2813 3006 2893 παρ’
3071 2813 3224 2888 ἣμῶν
3281 2811 3475 2892 ἐκρίθη
3531 2811 3714 2889 τιμῆς,

2062 2904 2197 2960 ὅπου
2257 2925 2319 2980 γε
2350 2904 2436 2959 καὶ
2491 2904 2662 2981 χωρὶς
2693 2905 2801 2959 τῶν
2842 2901 3047 2977 ἄλλων,
3083 2903 3211 2960 αὐτὸ
3269 2904 3330 2959 τὸ
3385 2902 3603 2981 φεύγειν
3628 2923 3713 2958 τι-

2062 2994 2193 3071 μὴν,
2253 2992 2418 3066 τιμὴν
2495 2990 2612 3049 οἶδε
2664 2996 3059 3071 περιποιεῖσθαι
3114 2999 3191 3063 τῷ
3262 2992 3341 3068 μὴ
3417 2999 3711 3063 ζητοῦντι,

2062 3082 2245 3138 ἔπειτα
2302 3079 2357 3138 δὲ
2390 3082 2478 3138 καὶ
2530 3082 2624 3138 τὸν
2656 3081 2913 3149 Ἰωάννην
2959 3082 3143 3159 πρᾴως
3173 3083 3267 3138 τὸν
3308 3080 3483 3160 λόγον
3512 3079 3713 3137 ὑπολα-

2062 3170 2247 3244 ϐόντα,
2310 3170 2405 3228 οὒκ
2460 3170 2657 3251 ἐχρῆν,
2718 3174 2763 3227 ὦ
2823 3168 3094 3251 Ἀνθέμιε,
3156 3171 3341 3251 φάναι,
3409 3168 3721 3251 φιλοσοφίας

2063 3260 2504 3335 ἀντιποιούμενον
2579 3264 2741 3337 τιμῆς
2813 3262 2953 3317 οὓτω
3023 3266 3122 3337 τῇν
3217 3261 3366 3338 παρᾶ
3435 3260 3722 3337 ἀνθρώπων

2063 3349 2457 3429 ἀμφισϐητεῖν,
2505 3350 2601 3406 καί
2663 3352 2737 3413 ὡς
2798 3351 2938 3427 μέγα
2995 3370 3046 3405 τι
3106 3349 3305 3417 ταύτην
3373 3346 3721 3426 μεταδιώκειν

2063 3442 2153 3497 καὶ
2210 3439 2617 3519 περιμάχητον,
2679 3441 2783 3519 οὑχ
2841 3438 2990 3502 ὅπως
3060 3438 3201 3517 μέγα
3261 3440 3348 3495 καὶ
3413 3434 3717 3514 ἀξιόλογον,

2064 3528 2186 3584 ἀλλ’
2245 3526 2361 3584 οὐδὲ
2417 3528 2605 3604 μικρὸν
2645 3528 2788 3601 ἡμᾶς
2846 3528 2920 3592 εἰς
2992 3528 3085 3584 τὸν
3156 3527 3256 3595 τῆς
3302 3527 3504 3607 ἀρετῆς
3547 3524 3704 3601 λόγον

2063 3616 2294 3695 ὠφελεῖν
2343 3614 2665 3691 δυναμένην.
2700 3619 2758 3673 Τί
2807 3616 2907 3694 γὰρ
2965 3615 3110 3695 παρὰ
3166 3617 3373 3683 ταύτην
3430 3615 3705 3691 ἄνθρωπος

2064 3708 2253 3763 ἑαυτοῦ
2305 3704 2529 3781 βελτίων
2587 3706 2649 3762 τὸ
2694 3706 2824 3785 πρὸς
2874 3703 3183 3777 ἀληθειανς
3244 3704 3326 3762 ὅτι
3392 3703 3447 3762 δέ
3503 3724 3570 3780 με
3625 3701 3713 3757 καὶ

2063 3795 2326 3870 ἀνομοίως
2385 3796 2515 3870 ὑμῖν
2546 3794 2695 3875 ἔχειν
2754 3796 2870 3872 περὶ
2919 3795 2982 3851 τὸ
3033 3792 3194 3859 σέϐας
3250 3796 3525 3871 εἰρήκατε,
3556 3796 3707 3849 τοῦτο

2064 3886 2219 3951 αὐτὸς
2268 3887 2363 3943 οὒκ
2403 3884 2732 3957 ἀρνήσόμαι,
2777 3880 2978 3940 πολλοῦ
3032 3903 3095 3961 γε
3132 3883 3222 3940 καὶ
3273 3882 3382 3940 δετο
3436 3879 3574 3940 ἀλλὰ
3614 3877 3706 3934 καί

2066 3982 2177 4049 νῦν,
2228 3971 2383 4041 εἴπερ
2426 3971 2645 4046 ἄλλοτε,
2679 3978 2748 4049 τῇ
2806 3971 3023 4051 γλῶττῃ
3084 3973 3311 4051 χάρίτας
3360 3971 3486 4051 ἔξω,
3534 3969 3703 4025 διακο-

2065 4063 2223 4131 νῆσαι
2254 4064 2386 4139 πρὸς
2414 4062 2581 4120 ταῦτά
2611 4084 2703 4137 μοι
2734 4060 3021 4140 δυναμένῃ.
3074 4062 3236 4127 Θεοὺς
3266 4062 3368 4141 γὰρ
3398 4062 3514 4119 οὔτε
3556 4052 3698 4132 οῖδα,

2066 4150 2183 4209 οὔτε
2242 4150 2647 4230 δμολογήσαιμι
2706 4150 2785 4225 μὴ
2844 4148 2981 4207 οὕτω
3049 4155 3228 4217 κακῶς
3282 4150 3393 4229 ἐγὼ
3448 4148 3533 4205 καὶ
3588 4163 3702 4225 φρίσ

2059 4246 2163 4295 νῶν
2184 4240 2385 4320 σχοίην
2419 4243 2519 4297 καὶ
2557 4237 2835 4319 γλώττης)
2862 4237 2983 4297 ἀλλ’
3014 4241 3101 4302 εἷς
3127 4238 3248 4315 έμοὶ
3275 4240 3403 4305 Θεὸς
3431 4240 3460 4296 ὃ
3488 4230 3700 4313 Χριστὸς

334 4328 485 4400 Quid
504 4327 667 4389 enim
688 4328 872 4389 fuerit
893 4344 1103 4389 revera
1125 4327 1301 4388 homo
1320 4345 1391 4388 ex
1415 4345 1487 4388 eo
1510 4326 1707 4406 seipso
1733 4324 1977 4386 melior?

2066 4330 2115 4386 ἑν
2174 4331 2335 4408 Πατρὶ
2394 4331 2483 4386 καί
2523 4329 2796 4403 Πνεύματι
2855 4328 3273 4408 γνωριζόμενοςο
3320 4330 3379 4394 ὃς
3424 4327 3591 4384 πάντα
3642 4338 3697 4376 τε

333 4416 502 4489 Quod
526 4434 666 4477 vero
686 4416 885 4479 dixisti
904 4434 998 4477 me
1015 4434 1149 4478 esse
1171 4415 1453 4479 dissimili
1476 4414 1639 4477 vobis
1660 4413 1975 4493 religione,

2066 4421 2375 4497 παρήγαγεν
2433 4418 2495 4475 ὲκ
2550 4419 2628 4493 μή
2682 4417 2875 4493 ὄντων,
2935 4418 3025 4475 καὶ
3060 4424 3151 4475 νῦν
3208 4417 3491 4497 ἀποῤῥήτῳ
3536 4409 3693 4468 σθένει

332 4504 786 4580 erubescerem,
810 4505 860 4566 si
890 4504 1133 4567 viderer
1166 4513 1387 4579 tacere,
1438 4504 1669 4567 ducens
1700 4491 1811 4565 hoc
1843 4521 1979 4566 esse

2066 4491 2362 4582 δια-κρατέτ,
2409 4491 2644 4586 καρπούς
2688 4527 2746 4563 τε
2810 4491 2933 4569 τοὺς
2976 4505 3220 4573 ἐτησίους
3264 4491 3403 4582 ημίῐν
3453 4516 3690 4583 χορηγιι,

335 4593 832 4676 pudendum.Ego
865 4596 1025 4657 enim
1057 4594 1204 4657 deos
1230 4613 1429 4675 neque
1453 4594 1733 4669 novi,uec
1758 4612 1853 4655 me
1878 4612 1981 4655 eos

337 4701 598 4765 unquam
623 4701 755 4746 esse
776 4686 1183 4763 adoraturum,
1212 4684 1519 4763 professus
1542 4684 1758 4745 fuerim
1786 4704 1802 4764 ;
1828 4682 1985 4744 absit

344 4781 409 4834 ut
427 4772 577 4834 adeo
598 4772 982 4854 desipiam,et
1004 4774 1082 4836 sit
1104 4774 1251 4835 mihi
1275 4774 1478 4853 lingua
1499 4781 1615 4835 tam
1641 4773 1979 4849 temeraria,

344 4862 461 4926 Sed
487 4881 639 4924 unus
661 4863 808 4926 mihi
834 4863 992 4926 Deus
1032 4871 1118 4926 est
1144 4862 1437 4937 Christus,
1472 4864 1572 4944 qui
1603 4863 1984 4942 cognoscitur

343 4952 404 5013 in
436 4950 608 5014 Patre
639 4960 698 5014 et
725 4952 786 5016 in
808 4952 1057 5034 Spiritu,
1091 4952 1196 5030 qui
1228 4965 1288 5014 et
1318 4954 1519 5015 omnia
1550 4952 1623 5014 ab
1656 4951 1827 5014 initio
1850 4970 1983 5033 pro-

340 5042 511 5105 duxit
540 5060 611 5104 ex
645 5042 925 5118 nihilo,et
955 5061 1116 5104 nunc
1147 5042 1437 5105 ineffabili
1490 5061 1560 5105 ea
1588 5044 1805 5105 virtute
1835 5060 1983 5104 con-

339 5132 511 5209 tinet,
546 5142 606 5195 et
635 5152 866 5196 annuos
898 5132 1072 5195 nobis
1099 5132 1331 5195 fructus
1372 5133 1736 5214 suppeditat,
1765 5141 1823 5194 et
1855 5151 1987 5194 ma-

340 5242 479 5285 num
505 5222 995 5303 aperiens,dmne
1018 5222 1239 5283 animal
1264 5224 1472 5303 implet
1495 5222 1916 5284 benedictione
1934 5224 1987 5283 4.

344 5310 458 5375 Sed
492 5330 612 5374 non
640 5313 937 5388 Christus,
970 5310 1119 5373 dixit
1176 5311 1573 5391 interpellans
1603 5311 1987 5388 Anthemius,

338 5402 613 5478 producit
644 5402 761 5463 hos
792 5403 1026 5464 fructus
1043 5401 1414 5478 annuos,sed
1447 5402 1744 5469 elementa
1775 5400 1981 5465 mundi

415 5561 444 5608 ι
476 5560 625 5623 Psal.
659 5574 854 5638 cxuv,
892 5567 915 5622 t
951 5561 1011 5625 6.

2066 4603 2163 4655 καὶ
2234 4598 2460 4676 ἀνοίγων
2518 4600 2678 4656 αὐτοῦ
2734 4597 2830 4665 τὴν
2889 4595 3085 4676 χεῖρα,
3131 4602 3237 4654 πᾶν
3292 4602 3429 4669 ζῶον
3470 4586 3690 4650 εὗδοιίας

2065 4685 2393 4764 ἀποπληροι,
2426 4681 2579 4742 Ἀλλ’
2607 4689 2713 4764 οὐχ
2745 4686 2774 4742 ὁ
2820 4686 3073 4765 Χριστὸς,
3107 4685 3268 4744 εἶπεν
3298 4685 3531 4764 ιγκόψας
3570 4676 3692 4765 ’.λιν-

2065 4776 2247 4851 θέμιος
2287 4822 2303 4854 ,
2361 4775 2486 4840 τοὺς
2559 4774 2802 4842 ἐτησίους
2875 4764 3092 4840 τούτους
3162 4776 3386 4856 προάγει
3453 4764 3690 4856 καρποὺς)

2068 4867 2135 4923 τὰ
2195 4877 2453 4943 στοιχεῖα
2496 4862 2551 4920 δὲ
2584 4870 2678 4922 τοὺ
2732 4866 2962 4944 κόσμου,
2996 4865 3151 4943 φησὶ,
3184 4854 3394 4943 καιροῖς
3445 4858 3583 4921 ἰδίοις
3633 4854 3695 4926 ﬁt

2067 4963 2175 5013 τῶν
2226 4956 2360 5011 θεῶν
2415 4954 2635 5031 προνοίᾳ
2691 4952 3027 5033 τελεσφορετ.
3087 4952 3242 5030 "Atta
3297 4952 3351 5010 δὲ
3410 4944 3483 5026 τῷ
3537 4948 3689 5033 ταῦτα

2071 5047 2271 5117 εἰπεῖν,
2310 5026 2531 5119 πονηρῷ
2587 5026 2873 5115 πνεύματι·
2913 5026 3245 5123 κατάσχετος
3307 5038 3577 5123 γεγονὼς,
3611 5026 3691 5086 καὶ

2072 5140 2140 5210 τῇ
2189 5133 2287 5210 γῆ,
2321 5133 2558 5207 καθάπερ
2588 5132 2743 5211 εἶχε,
2796 5121 3243 5212 προσαῤῥαχθεὶς,
3274 5131 3444 5189 ἔκειτο

2074 5208 2162 5279 καὶ
2195 5208 2522 5300 διαστρέφων
2583 5208 2691 5296 μὲν
2712 5208 3040 5300 ὀφθαλμοῦς,
3070 5208 3293 5286 όδόντας
3332 5218 3387 5277 δέ
3426 5208 3691 5300 τετριγὼς,

2075 5313 2166 5368 καὶ
2231 5310 2398 5389 ἀφρὸν
2463 5309 2787 5388 παραπτύων
2860 5318 2953 5368 τοῦ
3023 5311 3312 5383 στόματος.
3393 5302 3556 5364 Ταῦτα

2075 5379 2319 5481 ὕπαρχον
2376 5395 2458 5456 δαὶ
2514 5379 2638 5463 τοὺς
2701 5400 3074 5483 συμπαρόντας
3121 5379 3481 5476 *θεασαμένους
3534 5379 3693 5459 θαῦμᾶ
