3996 6178
70 324 278 414 1053
1258 344 1444 409 VITA
1489 342 1550 404 s.
1594 339 1916 405 JOANNIS
1957 337 2509 408 CHRYSOSTOMI.
3418 291 3594 409 1054'

67 506 142 539 τε
205 482 446 560 εἰσῄει
511 484 601 540 καὶ
646 479 928 554 ἔκπληξις,
997 478 1081 534 καὶ
1138 475 1357 555 θορύϐου
1418 476 1554 544 ἦσαν
1610 500 1645 552 μ

1989 476 2050 538 ιίε
2083 479 2459 558 temporibus
2493 479 2858 560 producunt,
2891 478 3137 542 deorum
3169 477 3567 560 providentia.

70 573 331 632 ἔπειτα
393 580 506 649 τῷ
549 571 798 650 μακαρίῳ
836 569 1173 650 προσχόντες
1207 566 1378 623 ἱκέται
1431 566 1646 644 γίνοντα

1991 566 2203 627 ondum
2225 568 2403 629 ﬁnem
2428 577 2741 650 acceperat
2765 571 2898 649 ejus
2921 589 3146 645 sermo,
3177 587 3312 632 cum
3337 587 3371 631 a
3393 569 3569 631 mali-

77 662 376 739 ἆμύνὶιν
439 649 661 730 ἀξιοῦσι
723 666 802 733 τῷ
852 659 1030 717 πάθει.
1069 649 1127 714 Ὀ
1163 655 1243 735 δὲ,
1281 655 1393 734 (καὶ
1423 655 1502 719 τίς
1560 657 1659 732 γὰρ
1700 654 1840 710 ὲκεί-

80 773 208 808 νου
287 749 843 831 φιλανθρωπότερος
878 745 928 825 ς)
987 745 1082 802 ἅτε
1139 745 1227 800 καὶ
1307 750 1399 798 τοῦ
1473 743 1844 822 φιλανθρώπου

90 849 414 917 Χριστοῦ
489 839 755 916 μιμητὴς,
817 834 1042 912 ᾤκτειρέ
1111 855 1168 889 τε
1240 837 1340 901 τῆς
1423 839 1696 912 συμφορᾶς
1753 833 1844 889 τὸν

100 930 507 1009 ἄνθρωπον,
553 929 639 986 καὶ
693 925 825 1002 ὑπὲρ
884 928 1043 982 αὐτοῦ
1107 921 1310 988 δεηθεὶς
1356 928 1448 978 τοῦ
1485 922 1652 996 μόνου
1705 923 1845 998 βοη-

106 1024 268 1077 Θιῒν
363 1017 698 1095 δυναμένου,
777 1012 971 1079 διπλῆν
1035 1017 1112 1083 τῷ
1169 1010 1404 1085 κειμένῴ
1458 1011 1685 1088 παρέχει
1751 1011 1847 1077 τὴν

111 1108 355 1170 ἴασιν,
405 1105 569 1164 Ἐπεὶ
598 1106 696 1183 γὰρ
725 1102 879 1164 οὗτος
912 1102 984 1164 εἷς
1037 1099 1289 1166 αἴσθησιν
1348 1101 1530 1171 ἦλθεν,
1565 1100 1624 1156 οἶ
1682 1104 1849 1159 κακοῦ

117 1199 456 1276 γέγονεν,
507 1195 600 1251 οὒκ
637 1194 966 1272 ἀποχρῶσαν
1022 1193 1180 1248 αὐτοῦ
1224 1191 1319 1254 τὴν
1362 1190 1642 1264 θεραπείαν
1698 1189 1844 1266 ἡγή-

116 1308 338 1360 σατο,
386 1285 539 1342 ἀλλὰ
571 1285 658 1340 καὶ
686 1285 784 1348 τὴν
814 1279 1008 1350 αἰτίαν,
1041 1277 1108 1334 δι’
1164 1279 1230 1345 ἣν
1281 1278 1355 1340 εἷς
1385 1279 1542 1334 τοῦτο
1573 1283 1846 1358 συμφορᾶς

119 1374 459 1449 ὤλισθεν,
489 1371 664 1430 ἐδεῖτο
692 1372 1102 1446 θεραπευθῆναι,
1137 1368 1238 1424 Τὸν
1262 1365 1317 1423 δὲ
1348 1365 1606 1432 ἐπιδεῖξαί
1635 1388 1693 1423 τε
1723 1388 1850 1443 προ-

119 1466 365 1540 Θύμως
444 1463 531 1520 καὶ
589 1458 1001 1536 συμϐουλεῦσαι,
1049 1459 1139 1513 τὸν
1198 1456 1460 1535 ἱεράρχῃν
1501 1457 1599 1521 τῆς
1637 1454 1846 1519 πόλεως

121 1557 221 1619 ὼς
285 1553 562 1633 τάχιστα
604 1547 955 1622 καταλαϐεῖν,
1017 1545 1142 1626 παρ’
1177 1545 1337 1602 αὑτοῦ
1372 1566 1428 1602 τε
1459 1546 1525 1602 τὰ
1557 1548 1678 1602 θεῖα
1710 1565 1846 1600 κατ-

122 1645 490 1724 ηχηθῆναι
568 1641 856 1714 μυστήρια,
912 1637 1035 1724 ,καὶ
1118 1635 1211 1691 τοῦ
1281 1640 1380 1701 τῆς
1437 1633 1847 1724 παλιγγενεσίας

1927 673 2042 734 gno
2062 657 2270 736 spiritu
2296 675 2612 736 possessus
2635 671 2692 720 et
2716 668 2883 720 terra;
2909 659 3143 739 allisus,
3165 659 3387 722 misere
3400 659 3574 736 jace-

1929 743 2027 804 bat
2051 746 2719 827 rugiens,lacrymarum
2755 757 2812 810 et
2835 748 3068 811 timoris
3092 748 3268 810 simul
3295 766 3476 810 causa
3497 748 3572 810 iis

1930 835 2031 913 qui
2061 833 2310 896 aderant
2344 853 2357 898 :
2397 846 2745 917 pervertens
2776 838 3017 917 quidem
3053 837 3283 910 oculos,
3310 837 3573 900 stridens

1929 931 2124 985 autem
2157 925 2461 1000 dentibus,
2497 944 2767 1006 Spumam
2804 945 2943 988 vero
2978 947 3048 989 ex
3083 946 3188 989 ore
3223 927 3572 1007 turpissime

1933 1013 2396 1094 exspuens.Ha2c
2411 1033 2543 1077 cum
2559 1017 2887 1097 aspexisset
2903 1017 3213 1095 praefectus
3229 1016 3396 1098 etqui
3410 1015 3573 1078 circa

1932 1103 2100 1164 illum
2120 1113 2424 1178 erant,eos
2445 1105 2630 1168 subiit
2655 1105 2974 1168 admiratio
3000 1115 3057 1167 et
3080 1114 3382 1186 stupor,et
3401 1113 3574 1168 erant

1932 1193 2095 1271 pleni
2126 1194 2402 1256 tumultu.
2439 1193 2670 1257 Deinde
2699 1196 2769 1256 ad
2799 1195 3040 1258 beatum
3073 1197 3363 1258 Joannem
3395 1213 3573 1257 acce-

1932 1282 2170 1350 dentes,
2198 1282 2349 1344 ﬁunt
2371 1284 2426 1345 ei
2444 1284 2769 1363 supplices,
2803 1297 2863 1346 et
2894 1293 3104 1364 rogant
3133 1294 3198 1346 ut
3229 1284 3367 1346 velit
3394 1302 3571 1364 opem

1931 1370 2089 1433 ferre
2121 1372 2562 1436 aifectioniJlle
2593 1381 2792 1434 antem
2818 1376 2974 1454 (quis
3003 1374 3165 1435 enim
3190 1373 3299 1435 fuit
3320 1373 3426 1435 illo
3459 1373 3574 1436 be-

1932 1461 2170 1538 nignior
2194 1459 2246 1539 Ῡ)
2269 1463 2450 1543 utqui
2491 1461 2733 1541 benigni
2759 1462 2976 1525 Christi
3009 1471 3165 1524 esset
3199 1463 3482 1538 imitator,
3513 1470 3574 1526 et

1931 1549 2284 1613 calamitatis
2309 1551 2570 1613 hominis
2590 1561 2678 1612 est
2707 1553 3079 1624 misertus,et
3099 1571 3231 1614 cum
3261 1570 3367 1632 pro
3391 1571 3462 1613 eo
3486 1570 3577 1614 ro-

1930 1648 2126 1718 gasset
2158 1638 2430 1720 eum,qui
2462 1640 2551 1702 vel
2583 1641 2745 1702 solus
2775 1649 3168 1722 potestopem
3195 1642 3445 1715 ferre,ei
3467 1642 3571 1722 qui

127 1723 499 1800 ἀξιωθῆναι
556 1728 799 1806 λουτροῦ,
855 1723 922 1782 δι’
981 1724 1040 1782 οὗ
1109 1726 1196 1780 καὶ
1259 1731 1364 1780 τῶν
1438 1723 1652 1802 ἀφανῶν

1995 1728 2184 1802 cebat,
2253 1729 2552 1809 duplicem
2613 1731 2782 1793 affert
2832 1731 3224 1794 curationem.
3261 1729 3405 1792 Nam
3438 1749 3573 1792 cum

129 1824 263 1890 τῆς
343 1825 552 1900 ψυχῆς
610 1815 896 1891 μωλώπων
936 1813 1086 1877 ἴασις
1143 1811 1314 1883 ἔσται,
1352 1813 1437 1868 καὶ
1482 1818 1576 1880 τῆς
1609 1820 1702 1870 τοῦ

1995 1825 2048 1880 te
2071 1817 2361 1880 liberatus
2387 1837 2420 1880 a
2440 1819 2739 1895 daemone,
2761 1821 3056 1881 sensisset
3080 1819 3142 1881 in
3172 1827 3390 1901 quanto
3421 1820 3573 1881 malo

134 1933 363 1989 μονος
438 1908 690 1985 ἒπηριίας
749 1905 1056 1982 ἀποτροπή.
1092 1901 1266 1979 Οῦπερ
1311 1901 1520 1965 ἐκεῖνος
1570 1909 1648 1977 τῷ
1706 1900 1852 1980 λόγῳ

139 2002 472 2079 πεισθεὶς,
543 2003 611 2074 τῇ
665 1993 923 2065 ὶκκλησίᾳ
979 1991 1362 2071 προσέρχέται,
1427 1993 1515 2048 καὶ
1559 1995 1636 2066 τῴ
1684 1993 1852 2071 Κυρίῳ

144 2091 506 2152 πιστεύσας
555 2089 890 2164 βαπτιζεται,
943 2083 1032 2139 καὶ
1070 2080 1302 2144 πολλοῖς
1355 2079 1652 2158 ὑπόδειγμα
1705 2082 1850 2160 γίνε-

148 2204 270 2239 ται
332 2184 451 2246 τῆς
483 2178 557 2241 είς
616 2175 842 2254 Χριστὸν
901 2173 1157 2234 πίστεως,
1204 2170 1366 2227 Φιλετ
1408 2172 1508 2248 γάρ
1537 2193 1652 2233 πως
1683 2172 1717 2238 ἡ
1748 2172 1854 2228 τῶν

157 2271 496 2348 ἐπιφανῶν
539 2268 636 2322 καὶ
684 2261 932 2342 μεγάλων
967 2260 1053 2316 ἐπὶ
1091 2265 1152 2315 το
1195 2271 1442 2337 κρεῖττον
1471 2258 1506 2326 ἢ
1536 2261 1633 2348 καὶ
1663 2271 1852 2338 χεῖρον

160 2347 526 2437 μεταϐολὴ,
573 2351 800 2416 πολλοῖς
837 2349 922 2406 ἐπὶ
961 2351 1023 2406 τὸ
1065 2349 1191 2405 ’ίσον
1249 2349 1482 2437 γίνεσθαι
1526 2347 1623 2414 τῆς
1680 2369 1849 2437 μετα-

158 2434 416 2510 δέσεως
447 2444 683 2523 ἀφορμή.
747 2441 1020 2498 Ἐντεῦθεν
1062 2440 1089 2493 ὑ
1133 2438 1232 2513 μὲν
1275 2442 1381 2493 τῶν
1432 2434 1676 2523 Ἀθηνῶν
1734 2436 1854 2492 ἐπί-

164 2556 444 2609 σκοπος,
627 2530 880 2594 Ἰωάννης
961 2529 1102 2600 αὗτῷ
1180 2527 1300 2603 περὶ
1363 2525 1462 2592 τὴν
1535 2515 1855 2591 Ἐκκλησίαν

164 2624 451 2684 ἐπίδοσιν
513 2621 820 2700 εἰργάσατο,
893 2615 1246 2688 θεασάμενος,
1311 2613 1476 2677 πολὺς
1539 2614 1602 2682 ἧν
1677 2615 1855 2692 λόγοις

164 2716 324 2791 ἅμα
411 2713 499 2767 καὶ
571 2707 919 2785 παραινέσεσι
995 2710 1153 2761 τοῦτο
1237 2704 1681 2777 ὑποποιούμενος,
1769 2705 1857 2760 καὶ

169 2802 468 2882 διάδοχον
525 2800 714 2855 ἑαυτοῦ
753 2794 873 2872 (γαί
920 2796 1020 2873 γὰρ
1065 2793 1130 2862 ἧν
1175 2792 1278 2861 ἤδη
1309 2792 1408 2860 τὴν
1439 2791 1652 2860 ἡλικίαν
1681 2795 1854 2872 προή-

1933 1915 2092 1969 esset
2145 1915 2431 1981 versatus,
2496 1909 2822 1972 arbitratus
2853 1929 2971 1972 non
3005 1908 3405 1972 sufﬁcientem
3440 1926 3573 1972 eam

1937 2014 2072 2059 esse
2102 1998 2498 2073 curationem,
2541 2017 2779 2062 causam
2810 2017 3080 2081 quoque,
3108 2007 3356 2080 propter
3394 2016 3573 2081 quam

1936 2092 2180 2146 venerat
2199 2085 2274 2147 ad
2302 2094 2527 2148 tantam
2552 2086 3229 2166 calamitatem,rogabat
3251 2085 3471 2159 curari,
3499 2101 3577 2146 ne

1937 2176 2136 2234 eadem
2162 2179 2212 2232 ei
2239 2192 2443 2235 rursus
2469 2180 2791 2236 evenirent.
2819 2179 2923 2236 Ille
2946 2189 3136 2236 autem
3161 2180 3401 2249 (sciebat
3421 2180 3580 2235 enim

1937 2260 2062 2322 veri
2086 2260 2191 2323 Dei
2218 2262 2814 2343 ignorationem,ejus
2834 2281 2968 2325 esse
2982 2261 3581 2338 causamlconsuluit,

1939 2358 2002 2411 ut
2028 2362 2304 2430 prompto
2335 2359 2392 2411 et
2423 2351 2606 2411 alacri
2654 2351 2856 2413 animo
2902 2352 3344 2432 quamprimum
3393 2351 3588 2413 adiret

1941 2439 2284 2519 pontificem
2320 2439 2666 2512 civitatis,et
2689 2449 2932 2520 rogaret
2961 2449 3024 2502 ut
3072 2440 3134 2501 in
3166 2441 3388 2502 divinis
3413 2448 3582 2503 cate-

1941 2529 2108 2590 chesi
2130 2528 2204 2590 ab
2232 2547 2301 2590 eo
2328 2529 2686 2591 initiaretur:
2715 2539 2772 2591 et
2793 2549 2910 2610 quo
2934 2531 3244 2591 latentium
3268 2530 3481 2592 animai
3505 2531 3590 2592 vi-

1941 2615 2141 2678 bicum
2169 2617 2401 2680 veniret
2430 2617 2750 2695 curatio,et
2781 2638 2813 2681 a
2844 2619 3408 2700 daemonibus,quos
3429 2619 3586 2682 cole-

1943 2707 2061 2782 bat,
2099 2708 2344 2769 omnino
2378 2706 2759 2784 liberaretur,
2811 2717 3241 2790 assequeretur
3283 2709 3580 2772 lavacrum

1939 2796 2628 2875 regenerationis.Paret
2650 2800 2782 2879 ejus
2804 2799 2980 2860 dictis
2999 2799 3449 2862 Anthemiuset
3470 2798 3586 2862 cito

175 2891 352 2970 κων)
417 2887 834 2964 ἑτοιμαζόμενος
871 2901 884 2914 ⁸
935 2883 1111 2947 άλλως
1157 2882 1212 2939 δὲ
1241 2885 1276 2952 ἡ
1334 2885 1425 2939 τοῦ
1469 2889 1601 2939 Θεοῦ
1637 2885 1857 2961 πρόνοια

172 2985 267 3041 τὰ
323 2977 445 3036 κατ’
518 2977 676 3036 αὑτὸν
749 2977 964 3054 ὑπῆρχε
1023 2974 1397 3050 ψηφιζομένη,
1450 2974 1579 3051 πρὸς
1640 2974 1856 3048 μείζονα

175 3071 430 3132 πάντως
461 3067 548 3123 καὶ
578 3064 912 3144 ὑψηλοτέραν
963 3063 1187 3145 λυχνίαν
1232 3065 1295 3120 τὸ
1339 3062 1482 3142 μέγα
1531 3063 1753 3120 ἐκεῖνος

2008 3064 2586 3129 iristum.Clar0rum
2610 3069 2769 3130 enim
2786 3075 2846 3130 et
2870 3086 3220 3149 magnorum
3243 3067 3508 3130 virorum
3526 3069 3586 3130 in

182 3159 400 3228 θήσειν
431 3155 720 3232 μέλλουσα.

2013 3155 2164 3217 elius
2184 3164 2288 3218 aut
2311 3155 2582 3219 deterius
2597 3157 3022 3227 mutatio,solet
3043 3157 3244 3220 multis
3259 3174 3396 3221 esse
3413 3176 3591 3221 causa

189 3245 295 3311 ad
344 3246 502 3309 idem
536 3243 900 3308 mutationis.
943 3244 1098 3307 Hinc
1129 3242 1345 3305 factum
1399 3251 1510 3317 est,
1546 3249 1606 3304 ut
1643 3241 2014 3306 Athenarum
2066 3247 2404 3326 episcopus,
2439 3263 2573 3308 cum
2629 3247 2956 3328 aspexisset
2984 3253 3263 3323 quantam
3297 3247 3427 3326 ejus
3472 3245 3591 3309 Ec-

195 3335 421 3400 clesie
462 3335 870 3398 accessionem
903 3331 1145 3395 fecisset
1173 3329 1435 3393 Joannes
1465 3331 1566 3394 ille
1607 3348 1849 3408 aureus,
1885 3331 2088 3394 verbis
2119 3342 2177 3394 et
2210 3335 2452 3396 monitis
2480 3333 2693 3396 crebro
2739 3353 2875 3396 eum
2907 3334 3021 3396 sibi
3054 3335 3406 3410 insinuaret,
3439 3343 3498 3396 et
3530 3342 3594 3395 ut

199 3424 337 3489 sibi
364 3432 523 3488 esset
550 3440 864 3487 successor
895 3422 1037 3502 (jam
1066 3421 1225 3483 enim
1255 3428 1388 3482 erat
1412 3419 1606 3499 gravis
1637 3427 1807 3482 aetate
1841 3430 2213 3500 procuraret.
2274 3422 2468 3486 Aliter
2497 3431 2694 3485 autem
2725 3422 2832 3485 Dei
2864 3421 3238 3504 providentia
3266 3423 3340 3485 de
3371 3441 3442 3486 eo
3467 3436 3591 3485 sta-

206 3523 444 3592 tuerat,
473 3515 538 3576 in
570 3512 784 3594 majori
805 3511 1052 3574 omnino
1083 3527 1154 3572 ex
1186 3509 1499 3571 excelsiori
1530 3508 1892 3571 candelabro
1924 3527 2198 3588 magnam
2230 3511 2392 3573 illam
2421 3511 2617 3573 lucem
2651 3511 2936 3593 positura.

310 3609 397 3673 F'.
429 3609 584 3667 Ἐπεὶ
628 3607 682 3665 δὲ
726 3608 814 3664 καὶ
859 3611 958 3673 τῆς
1006 3609 1111 3662 τῶν
1157 3604 1456 3672 Ἀθηναίων
1508 3603 1746 3669 παιδείας
1780 3605 1866 3660 ἐπὶ

2029 3601 2128 3668 III.
2167 3603 2310 3668 Cum
2347 3623 2485 3667 vero
2517 3605 2577 3666 in
2605 3604 3060 3668 Atheniensium
3097 3605 3370 3669 doctrina
3397 3604 3587 3688 pluri-

211 3700 480 3760 πλεῖστον
563 3697 840 3771 ἀπώνατο,
929 3693 1264 3774 σπλάγχνων
1351 3693 1495 3757 αὖθις
1585 3716 1787 3772 μητρικ

2015 3712 2110 3754 um
2146 3693 2828 3775 profecisset,viscerum
2857 3703 3264 3757 maternorum
3300 3703 3359 3760 et
3389 3695 3593 3776 patriae

216 3791 314 3848 καὶ
387 3786 633 3866 πατρίδος
692 3786 1160 3862 ὑπεμιμνήσκετο,
1226 3786 1313 3840 καὶ
1381 3785 1456 3846 εἷς
1521 3784 1794 3865 Ἀντιόχει

2015 3801 2158 3845 irsus
2183 3792 2274 3846 est
2295 3785 2736 3859 recordatus,et
2754 3801 2968 3847 rursus
2997 3785 3254 3847 Athenis
3273 3783 3454 3848 rediit
3473 3787 3593 3848 An-

217 3878 378 3938 πάλιν
423 3877 475 3945 ἐξ
525 3870 764 3946 Ἀθηνῶν
809 3875 1190 3956 ἐπανέρχεται.
1242 3874 1382 3932 Εἶτα
1440 3875 1607 3950 μικρᾶ
1672 3875 1795 3932 ταῦτ

2019 3873 2258 3934 icbiam.
2298 3872 2527 3936 Deinde
2580 3874 2707 3935 haec
2739 3892 2915 3954 parva
2945 3893 3078 3937 esse
3109 3881 3346 3956 putans,
3378 3893 3597 3955 nempe

223 3968 318 4028 καί
391 3967 585 4047 λόγους
645 3966 738 4024 καί
828 3966 1178 4042 πανηγύρεις,
1253 3965 1340 4022 κάὶ
1398 3962 1497 4021 ὅσα
1555 3963 1799 4044 φιλοτιμί

2017 3963 2255 4026 stiones
2302 3973 2363 4026 et
2391 3964 2740 4040 conciones,
2771 3973 2831 4026 et
2859 3983 3229 4047 quascunque
3258 3965 3332 4027 ad
3376 3983 3595 4046 super—

225 4059 388 4128 ἧπται
444 4063 544 4126 τῆς
621 4061 878 4132 περιττῆς
935 4053 1311 4132 ἡγησάμενος,
1372 4054 1463 4109 τὸν
1541 4051 1803 4132 ἀγγελικὸ

2015 4070 2270 4116 .caneam
2317 4054 2623 4134 pertinent
2669 4053 3085 4131 ambitionem,
3122 4055 3453 4135 angelicam
3485 4072 3593 4117 aeu

227 4148 331 4206 εἶτ’
373 4150 464 4204 οὗν
522 4147 818 4214 ἀσκητικὸν
871 4143 1076 4224 ἔκρινεν
1153 4142 1477 4222 ἀλγάξασθαι
1520 4144 1659 4224 βίον,
1722 4165 1805 4219 σοι

2017 4143 2346 4205 onasticam
2379 4149 2555 4204 vitam
2600 4143 2802 4205 statuit
2825 4144 3158 4225 suscipere,
3190 4143 3263 4207 ad
3297 4143 3410 4207 hoc
3441 4163 3593 4206 con-

226 4237 399 4311 ϐούλῳ
449 4239 582 4308 πρὸς
641 4243 798 4295 τοῦτο
841 4235 927 4291 καὶ
971 4239 1213 4306 κοινωνῷ
1259 4239 1348 4289 τοῦ
1399 4241 1604 4291 σκοποῦ
1634 4233 1804 4313 χρώμι

2014 4232 2178 4296 iltore
2197 4239 2256 4294 et
2276 4231 2531 4294 instituti
2555 4233 2718 4294 socio
2749 4241 2920 4296 utens
2941 4233 3163 4296 Basilio
3179 4232 3322 4312 (3-4)
3337 4233 3592 4314 quodam

229 4350 312 4391 νος
365 4324 651 4402 Βασιλείῳ,
686 4323 824 4404 φίλῳ
865 4325 966 4379 τινὶ
999 4323 1090 4380 καὶ
1120 4323 1358 4395 συνήθει,
1415 4323 1502 4379 καὶ
1532 4325 1594 4380 τὸ
1623 4321 1680 4378 ἓν
1725 4325 1807 4398 an.

2019 4341 2059 4383 o
2090 4322 2394 4398 familiari,
2429 4329 2488 4384 et
2517 4322 2620 4402 qui
2653 4331 2778 4384 erat
2813 4325 2992 4387 unius
3020 4323 3238 4386 animas
3260 4329 3320 4384 et
3347 4321 3597 4385 fraterni

232 4417 419 4497 ψύχως
465 4415 608 4489 αὖτῷ
654 4414 742 4470 καὶ
782 4411 1079 4492 ἀδελφικῶς
1139 4412 1450 4475 πνεύσαντι.
1503 4412 1611 4471 Οὔκ
1661 4412 1807 4469 ἐκεῐν

2019 4430 2088 4472 ιω
2122 4430 2194 4474 eo
2226 4410 2498 4492 spiritus.
2531 4409 2662 4474 Non
2687 4417 2737 4473 is
2757 4421 2955 4474 autem
2989 4421 3115 4475 erat
3146 4411 3384 4490 ille,qui
3415 4420 3474 4475 et
3500 4431 3597 4492 pa-

235 4509 380 4571 οὗτος
437 4507 465 4562 ὑ
523 4507 610 4562 καὶ
660 4501 878 4584 πατρίδα
919 4503 1008 4559 καὶ
1059 4501 1244 4580 Θρόνον
1299 4501 1400 4569 τῆς
1429 4504 1536 4557 τῶν
1572 4501 1813 4560 Καππαδι

2019 4501 2131 4562 iam
2165 4511 2229 4564 et
2258 4499 2466 4562 sedem
2501 4500 2732 4565 osnavit
2779 4501 3224 4582 Cappadocum,
3259 4509 3322 4564 ut
3355 4501 3597 4582 quidam

240 4599 341 4652 κῶν
403 4595 735 4672 τετιμηκὼς,
775 4594 848 4656 ὡς
911 4591 1119 4649 οἴονται
1178 4612 1317 4656 τινες
1362 4592 1465 4648 ὑπὸ
1501 4595 1598 4657 τῆς
1654 4593 1818 4661 ὁμων.

2024 4589 2322 4666 istimant,
2346 4589 2584 4670 decepti
2613 4608 2646 4650 a
2677 4589 3071 4653 similitudine
3101 4588 3602 4670 nominis.Siqui-

1940 2886 2174 2948 accedit
2195 2887 2269 2949 ad
2299 2887 2620 2950 ecclesiam
2648 2909 2661 2951 :
2690 2897 2748 2952 et
2765 2907 2900 2951 cum
2926 2888 3177 2951 Domino
3200 2888 3582 2964 credidisset,

1941 2974 2296 3059 baptizatur,
2328 2986 2388 3040 et
2418 2978 2483 3040 ﬁt
2513 2977 2722 3042 multis
2755 2979 3122 3060 exemplum,
3158 2987 3221 3041 ut
3252 2977 3498 3042 credant
3527 2981 3588 3042 in

241 4684 357 4757 μίας
399 4682 536 4750 ἴσως
596 4681 1027 4760 πεπλανημένοι,
1090 4679 1246 4758 εἴπερ
1309 4681 1489 4746 ἱκανὸς
1521 4681 1677 4746 αὑτὰς
1723 4685 1819 4738 οὔτε

2027 4698 2094 4741 em
2116 4679 2191 4740 ad
2216 4679 2395 4740 ﬁnem
2421 4679 2599 4756 hujus
2621 4678 2710 4740 rei
2740 4677 3211 4753 faciendam,hic
3235 4678 3364 4759 ipse
3387 4680 3605 4742 suﬂicit

240 4772 267 4828 ὁ
319 4783 541 4851 χρυσοῦς
596 4773 695 4840 τὴν
780 4769 1024 4849 γλῶτταν
1082 4772 1156 4833 εἷς
1232 4769 1408 4828 πίστιν
1467 4771 1762 4849 ἀρκούντως

2025 4786 2159 4847 igua
2187 4785 2428 4840 aureus,
2466 4767 2569 4847 qui
2600 4767 2744 4828 satis
2767 4767 2913 4830 illud
2939 4766 3209 4831 ostendit
3239 4767 3299 4828 in
3325 4766 3496 4828 libris
3527 4767 3603 4831 de

240 4847 372 4926 τοῖς-
412 4862 529 4939 περὶ
587 4861 681 4930 τῆς
744 4847 1036 4940 ἱερωσύνης
1107 4865 1272 4917 ταῦτα
1348 4847 1619 4928 δηλώσας.
1678 4867 1818 4918 Τοῦτ

2022 4857 2321 4921 ιεθτᾱοιιο.
2351 4857 2512 4920 Dicit
2567 4857 2728 4918 enim
2762 4875 2898 4919 eum
2933 4875 3068 4919 esse
3096 4857 3290 4939 ipsum
3327 4865 3600 4918 secutum

240 4951 333 5027 μὲν
381 4950 480 5029 γὰρ
537 4951 627 5007 καὶ
668 4951 760 5006 τὸν
804 4950 1014 5006 ἅπαντα
1063 4948 1258 5030 χρόνον
1314 4953 1459 5024 αὖτῷ
1524 4949 1818 5030 παρηκολοι

2026 4956 2080 5009 to
2117 4955 2413 5026 tempore,
2455 4954 2513 5008 et
2568 4945 2809 5008 easdem
2841 4947 3109 5026 attigisse
3140 4944 3515 5024 disciplinas,
3545 4954 3604 5008 et

241 5039 452 5109 θηκέναι
511 5038 681 5116 λέγει,
713 5039 801 5096 καὶ
834 5039 1167 5113 μαθημάτων
1214 5037 1450 5114 ἅψασθαι
1505 5047 1612 5096 τῶν
1672 5044 1814 5100 αὑτῶ

2024 5037 2200 5098 >sdem
2217 5035 2498 5097 habuisse
2516 5035 3115 5117 praeceptoresﬂuod
3131 5043 3325 5098 autem
3344 5035 3602 5098 maxime

239 5129 326 5188 καί
382 5128 728 5190 διδασκάλοις
775 5141 890 5194 τοῖς
944 5132 1128 5192 αὺτοῖς
1187 5131 1520 5208 χρήσασθαι.
1568 5129 1636 5188 ”Ο
1683 5128 1736 5186 δὲ
1770 5153 1817 5206 μ‹

2021 5125 2224 5187 nnium
2260 5123 2560 5204 prohibet,
2595 5143 2713 5187 non
2746 5126 2903 5188 hunc
2937 5143 3072 5188 esse
3105 5141 3382 5204 magnum
3428 5123 3599 5187 illum

240 5219 386 5277 λιστα
429 5220 646 5277 πάντων
691 5217 931 5296 ἅπείργει
976 5217 1053 5292 μὴ
1099 5224 1283 5274 τοῦτον
1343 5219 1486 5275 εἶναι
1520 5219 1610 5275 τὸν
1670 5219 1818 5297 μέγα⁴

2027 5215 2266 5288 ιείΙίιιῐη,
2298 5223 2411 5295 est,
2449 5214 2609 5295 quod
2642 5215 2836 5295 ipsum
2869 5215 3114 5298 quidem
3142 5213 3405 5276 ostendit
3434 5214 3605 5296 ejus-

243 5309 316 5366 ὅτι
375 5310 531 5367 αὑτὸν
602 5308 700 5384 μὲν
759 5308 849 5364 καὶ
907 5303 1156 5384 πατρίδος
1213 5307 1488 5387 ὑποφαίνει
1549 5314 1646 5376 τῆς
1707 5308 1821 5365 αὒτὶ

2027 5323 2094 5366 ιω
2127 5301 2354 5386 patriae,
2391 5302 2701 5385 fuisseque
2732 5311 2791 5366 et
2810 5321 3034 5382 genere
3059 5321 3233 5385 pares
3264 5309 3325 5364 et
3355 5303 3605 5368 divitiis.

244 5402 397 5478 εἶναι,
443 5399 536 5457 καῖ
582 5402 645 5456 τὸ
676 5397 829 5478 γένος
875 5395 1137 5474 ὁμότιμον
1184 5393 1294 5476 [γρ.
1329 5397 1422 5453 καὶ
1475 5400 1739 5476 ὁμοτίμου
1781 5420 1822 5456 τι

2029 5392 2270 5457 tomodo
2302 5410 2442 5456 vero
2474 5401 2703 5457 statues
2733 5393 2858 5458 haec
2909 5411 3044 5457 esse
3101 5411 3317 5475 magno
3370 5402 3431 5456 et
3463 5393 3607 5459 huic

318 5659 464 5746 (5-4)
492 5656 606 5740 Qui
636 5657 734 5725 hic
761 5655 948 5728 fuerit
976 5653 1234 5724 Basilius
1261 5654 1557 5725 incertum
1587 5662 1678 5725 est
1707 5678 1724 5739 ;
1751 5656 1888 5724 vide
1916 5657 2142 5730 Baron.
2174 5665 2320 5725 tom.
2348 5651 2427 5722 IV
2451 5652 2691 5724 Annal.
2721 5652 2796 5721 ad
2827 5654 3050 5720 annum
3083 5650 3227 5721 382.
