3996 6178
410 283 562 356 1055

1684 296 1964 361 MENSIS
2009 296 2462 363 JANUARIUS.

3636 299 3786 369 1056

405 422 664 514 maxime
687 426 1188 510 communia,quaa
1209 435 1346 491 sunt
1369 427 1624 489 maxime
1647 428 1881 491 diversa
1900 435 1928 491 ?
1946 427 2040 492 Si-

2127 432 2340 514 γένους]
2387 434 2474 491 καὶ
2517 432 2655 490 κατὰ
2723 432 2784 488 τὸ
2835 430 3090 492 πλουτεῖν
3159 435 3495 496 ίσοστάσιον.
3563 442 3676 494 Ποῦ
3731 435 3785 494 δῖ

403 512 645 594 quidem
679 515 1001 598 plurimum
1038 520 1194 581 inter
1222 536 1288 580 se
1321 518 1605 580 differunt
1634 519 1955 582 Antiochia
1985 527 2043 581 et

405 600 799 685 Cappadocia.
836 608 983 671 Sunt
1025 618 1223 673 autem
1264 607 1448 670 multa
1478 626 1718 689 quoque
1773 607 1889 669 alia
1938 627 2046 689 per

405 701 538 782 quae
559 695 776 777 conjici
809 705 1023 778 potest,
1061 716 1178 758 non
1213 715 1345 758 esse
1377 698 1536 757 hunc
1565 715 1842 775 magnum
1875 697 2046 759 Basi-

405 780 684 858 lium,sed
712 787 1027 866 quemdam
1047 787 1461 860 alium,ortum
1486 784 2044 849 AntiochiaeCaate-

405 888 534 932 rum
568 873 642 934 ab
666 875 778 936 hoc
823 877 1094 937 instituto
1128 885 1265 936 tunc
1298 875 1628 956 sapientem
1659 875 1961 936 abducunt
1993 885 2051 937 et

406 959 700 1038 civitas,et
727 966 909 1028 multo
944 967 1129 1046 magis
1154 966 1228 1028 ad
1257 965 1749 1046 persuadendum
1786 965 2051 1028 efficacia

405 1051 460 1114 ei
477 1057 1236 1138 temperanslacrymarum
1265 1055 1888 1118 medicamenta.Nam
1914 1056 2053 1117 civi-

398 1151 490 1205 tas
515 1144 1070 1228 quidem,tanquam
1094 1146 1300 1208 fretum
1334 1146 1641 1227 proprium
1661 1154 1718 1204 et
1737 1163 1772 1204 a
1794 1163 1858 1206 se
1888 1144 2042 1206 edu-

403 1241 768 1310 catum,eum
793 1237 1196 1316 amplectitur,
1237 1243 1454 1297 eteum
1493 1241 1780 1314 perpetuo
1812 1234 2048 1296 volebat

400 1322 715 1388 retinere:
776 1342 846 1387 ea
904 1324 1064 1386 enim
1127 1324 1295 1385 valde
1356 1321 1706 1384 movebatur
1763 1323 2045 1385 suavitate

401 1413 738 1475 orationum
799 1414 1068 1483 Joannis.
1134 1432 1381 1496 quarum
1442 1412 1758 1473 maximam
1818 1421 2044 1491 partem

403 1502 802 1565 consumebat
825 1503 884 1564 in
913 1503 1434 1583 judiciis,assidue
1467 1500 1610 1562 illuc
1639 1501 1960 1576 ventitans,
1988 1511 2048 1563 et

403 1602 631 1673 partem
666 1593 996 1656 defendens
1056 1592 1405 1655 inferiorem
1441 1599 1499 1652 et
1531 1610 1688 1665 eum,
1725 1592 1827 1671 qui
1856 1591 2043 1652 habe—

2127 531 2292 582 ταῦτα
2335 525 2517 592 θήσεις
2572 525 2660 582 καὶ
2703 531 2779 598 τῷ
2823 523 3044 601 μεγάλῳ
3093 526 3268 606 κοινὰ,
3330 524 3556 601 μᾶλλον
3601 525 3660 582 δὲ
3701 529 3786 585 καὶ

2127 619 2204 686 τῷ
2260 614 2497 691 μεγίστῳ
2555 611 2802 693 διαφορα,
2875 610 3030 691 εἴπερ
3095 613 3267 684 δήπου
3325 615 3421 670 καὶ
3466 613 3783 696 Ἀντιόχεια

2127 701 2284 766 πόλις
2334 705 2422 759 καὶ
2468 700 2823 760 Καππαδοκία
2866 699 3244 781 διενηνόχασιν
3279 721 3296 776 ;
3338 701 3464 760 ’ἐστι
3497 701 3557 760 δέ
3602 727 3665 782 γε
3694 704 3786 760 καί

2130 790 2270 848 ἄλλα
2301 790 2476 849 πολλὰ
2512 788 2578 847 δι’
2608 793 2684 845 ὧν
2732 789 2795 848 ἄν
2843 812 2923 856 τις
2979 792 3308 868 τεκμήραιτο
3351 793 3439 867 μὴ
3485 793 3582 848 τὸν
3621 791 3786 870 μέγαν

2130 885 2272 939 εἶναι
2329 881 2516 938 τοῦτον
2576 877 2878 955 Βασίλειον,
2931 878 3071 936 ἀλλά
3129 902 3254 938 τινα
3295 881 3515 957 μᾶλλον
3574 881 3637 938 ἐκ
3689 883 3784 948 τῆς

2131 968 2471 1051 Ἀντιοχείας
2545 969 2880 1047 ὁρμώμενον.
2946 968 3112 1027 Ἀλλὰ
3165 977 3260 1027 τοῦ
3332 978 3554 1028 σκοποῦ
3605 970 3788 1036 τούτου

2132 1061 2264 1124 τέως
2325 1059 2352 1126 ἥ
2415 1081 2473 1117 τε
2549 1058 2707 1124 πόλις
2762 1058 2920 1115 αὐτὸν
2975 1060 3264 1136 ἀπάγουσι,
3324 1062 3420 1116 καὶ
3486 1058 3699 1135 μᾶλλον
3755 1063 3786 1128 ἦ

2127 1152 2334 1228 μήτηρ,
2368 1149 2512 1206 δεινᾶ
2565 1150 2694 1218 πρὸς
2739 1149 2909 1229 πειθὼ
2964 1148 3031 1204 τὰ
3083 1148 3144 1206 ἐκ
3181 1155 3288 1205 τῶν
3348 1148 3603 1229 δακρύων
3649 1149 3789 1226 αύτῷ

2129 1241 2400 1318 κεράσασα
2469 1239 2746 1318 φάρμακα.
2824 1228 2886 1295 Ἠ
2958 1239 3056 1313 μὲν
3134 1237 3236 1316 γᾶρ
3295 1228 3467 1303 πόλις
3533 1243 3611 1303 ὼς
3665 1237 3786 1297 ἰδίου

2128 1329 2434 1406 θρέμματος
2465 1329 2796 1407 περιείχετο,
2829 1329 2918 1384 καὶ
2965 1325 3050 1384 διὰ
3079 1331 3278 1394 παντὸς
3307 1328 3588 1407 κατέχειν
3619 1326 3787 1397 ἠϐού-

2128 1417 2277 1480 λετο.
2315 1418 2488 1498 Εἶχον
2534 1419 2634 1495 γὰρ
2679 1417 2844 1484 αὐτὴν
2887 1418 3124 1496 ἰσχυρῶς
3184 1419 3237 1474 αἱ
3277 1425 3385 1475 τῶν
3440 1418 3657 1475 ἐκείνου
3688 1417 3783 1474 λό-

2128 1530 2238 1585 γων
2269 1509 2548 1585 Σειρῆνες,
2583 1510 2665 1569 εἷς
2695 1503 2840 1584 (sic)
2866 1507 2926 1563 τὸ
2957 1505 3217 1563 πλεῖστον
3246 1502 3405 1576 ἔνεμε
3436 1513 3522 1582 τῷ
3576 1506 3782 1578 δικαίῳ,

2125 1611 2245 1661 τοῖς
2303 1596 2666 1671 δικαστηρίοις
2723 1593 3082 1676 ἐνδιατρίϐων,
3143 1597 3240 1653 καί
3296 1602 3375 1669 τῷ
3420 1594 3784 1654 καταδεεστέ-

403 1687 576 1743 batur
603 1684 998 1764 contemptui,
1033 1699 1314 1744 recreans
1373 1680 1562 1742 Mater
1588 1688 1811 1761 autem,
1840 1689 2040 1761 utpote

2127 1709 2203 1764 ρῳ
2253 1685 2402 1762 μέρει
2447 1682 2744 1760 τιθέμενος.
2791 1675 2852 1740 Ἠ
2885 1683 2939 1740 δὲ
2988 1675 3195 1762 μήτηρ,
3250 1684 3346 1742 οἷα
3381 1684 3601 1761 μῆτηρ,
3649 1707 3784 1762 γνη-

403 1777 617 1848 mater,
631 1773 816 1850 magis
832 1790 1118 1854 germane
1136 1789 1271 1833 eum
1293 1769 1893 1850 adiens,doloresque
1919 1787 2040 1850 par.

2127 1773 2385 1852 σιώτερον
2443 1775 2585 1846 αὖτῷ
2640 1771 3026 1851 προσελθοῦσα,
3107 1774 3198 1830 καὶ
3258 1771 3468 1830 ὠδίνων
3526 1773 3644 1849 ἅμα
3702 1774 3785 1830 καὶ

407 1867 501 1920 tus
531 1868 589 1922 et
620 1859 995 1924 lactationem
1055 1864 1106 1923 ei
1171 1861 1230 1921 in
1266 1859 1613 1921 memoriam
1646 1877 1957 1931 revocans,
1985 1867 2040 1921 et

2124 1863 2296 1932 θηλης
2359 1864 2742 1941 δπομνήσασα,
2788 1862 2877 1918 καὶ
2924 1862 2986 1917 τὰ
3047 1861 3108 1919 ἐκ
3168 1866 3267 1931 τῆς
3331 1863 3576 1942 χηρείας
3623 1864 3781 1935 κακὰ,

401 1948 558 2011 mala
587 1949 908 2032 viduitatis,
946 1958 1005 2013 et
1034 1967 1406 2032 quaecunque
1435 1955 1714 2028 poterant
1739 1948 2044 2009 attrahere

404 2036 691 2114 filium,ut
723 2040 927 2101 matris
958 2036 1622 2114 misereretur,arcebat
1647 2054 1681 2098 a
1713 2038 2038 2117 proposito.

401 2124 517 2189 Sed
540 2128 726 2190 satius
751 2136 933 2203 est,ut
955 2128 1044 2191 illi
1069 2129 1183 2210 ipsi
1211 2128 1364 2190 hanc
1385 2126 1718 2207 relinquam
1745 2127 2041 2189 narratio-

399 2216 780 2301 nem.Neque
811 2217 972 2280 enim
995 2219 1240 2280 omnino
1261 2217 1352 2279 fas
1386 2224 1620 2290 est,uec
1650 2215 2040 2294 conveniens,

400 2312 465 2368 ut
479 2323 610 2368 cum
636 2308 690 2369 ei
710 2307 886 2370 liceat
905 2327 1010 2371 sua
1035 2327 1141 2389 per
1161 2327 1228 2370 se
1249 2306 1620 2380 dicere,nos,
1649 2304 1766 2366 illis
1787 2305 2040 2382 relictis,

399 2414 472 2456 ex
503 2395 678 2458 nobis
729 2398 876 2480 ipsis
909 2399 1194 2462 faciamus
1227 2395 1654 2458 narrationem.
1692 2393 1850 2458 Dicit
1879 2395 2038 2457 enim

395 2483 528 2566 ipse
555 2485 617 2548 in
645 2486 816 2550 libris
847 2488 932 2552 De
961 2489 1296 2552 sacerdotio
1326 2485 1442 2568 (5),
1465 2485 1724 2546 innuens
1755 2487 2036 2561 amicum,

400 2575 502 2656 qui
533 2596 668 2640 eum
701 2587 827 2640 erat
845 2578 1217 2642 abducturus
1246 2577 1321 2640 ad
1353 2575 1619 2656 id,cujus
1649 2575 1844 2637 studio
1875 2583 2040 2637 tene-

397 2664 830 2730 batur.Deinde
862 2679 1134 2741 matrem,
1170 2685 1302 2750 qure
1332 2666 1446 2728 hoc
1478 2665 1825 2739 resciverat,
1853 2664 2037 2725 mise-

399 2754 670 2819 rabiliter
696 2757 1050 2836 accessisse,
1084 2765 1142 2819 et
1173 2757 1232 2819 id
1276 2754 1674 2835 prohibuisse.
1712 2754 1809 2816 Sic
1840 2763 2035 2816 autem

400 2845 578 2906 habet
610 2864 623 2906 :
661 2848 978 2927 Postquam
1014 2845 1174 2909 enim
1209 2847 1398 2907 sensit
1450 2842 1790 2922 consilium,
1821 2843 1976 2923 quod
2004 2862 2038 2904 a

399 2933 578 2996 nobis
609 2935 1081 3016 capiebatur,me
1113 2936 1358 2996 dextera
1387 2940 1733 3012 accepto,et
1765 2933 1824 2993 in
1859 2933 2036 2995 domo

399 3022 459 3086 ei
485 3023 767 3086 attributa
793 3025 866 3086 ad
900 3024 1233 3086 sedendum
1269 3023 1558 3085 collocato
1585 3039 1770 3100 prepe
1792 3020 2031 3098 lectum,

2127 1954 2216 2009 καὶ
2257 1953 2432 2010 πάντα
2475 1951 2574 2008 ὅσα
2640 1949 2859 2008 δυνατὸν
2920 1951 2990 2020 ἦν
3047 1952 3158 2010 υἱὸν
3214 1950 3442 2008 ἑλκῦσαι
3501 1957 3572 2028 τῇ
3628 1952 3783 2028 μητρὶ

2127 2043 2255 2122 πρὸς
2314 2042 2670 2117 συμπάθειαν,
2731 2041 2961 2119 ἀπεῖργε
3025 2047 3118 2098 τοῦ
3163 2040 3524 2117 προκειμένου
3563 2057 3577 2070 ”
3641 2039 3781 2114 μᾶλ-

2125 2131 2218 2189 λον
2283 2129 2338 2188 δὲ
2383 2132 2526 2203 αὖτῷ
2562 2129 2749 2205 ἐκείνῳ
2809 2128 3020 2207 λέγοντι
3077 2131 3198 2207 περὶ
3252 2130 3448 2186 τούτου
3511 2149 3779 2209 παραχω-

2126 2223 2277 2300 ρήσω
2333 2227 2425 2278 τοῦ
2482 2219 2846 2297 διηγήματος.
2897 2221 3097 2276 Μανίαν
3141 2219 3241 2297 γὰρ
3299 2219 3366 2274 ἃν
3416 2217 3665 2293 ἀληθῶς,
3721 2217 3777 2273 οὗ

2125 2310 2331 2385 τόλμαν
2374 2309 2626 2384 ἠτιώμην
2670 2307 2912 2382 δικαίως,
2967 2310 3038 2388 εί,
3099 2306 3153 2362 ἐν
3194 2307 3284 2371 οἷς
3328 2308 3398 2365 τὰ
3453 2306 3660 2364 ἐκείνου
3711 2305 3775 2363 δι’

2125 2400 2326 2457 ἐκείνου
2369 2398 2543 2476 λέγειν
2587 2399 2779 2477 παρὸν,
2816 2399 2972 2464 αὐτὸς
3030 2397 3197 2455 ταῦτα
3247 2395 3414 2454 κατα)
3430 2397 3597 2471 ιπὼν,
3655 2392 3775 2474 παρ’

2122 2490 2254 2566 ἐμοῦ
2302 2491 2410 2566 Ιγρ,
2464 2486 2718 2567 ἐμαυτοῦ]
2777 2487 2876 2554 τὴν
2941 2485 3194 2567 διήγησιν
3251 2486 3585 2561 ἐποιούμην,
3631 2482 3772 2551 Φησὶ

2121 2580 2222 2658 γὰρ
2277 2579 2446 2639 οὕτως
2492 2577 2545 2633 ἐν
2589 2589 2706 2640 τοῖς
2751 2575 2878 2652 περὲ
2935 2577 3228 2655 ἱερωσύνης
3277 2576 3470 2652 αὐτὸς,
3503 2577 3600 2633 τὸν
3629 2571 3769 2654 φίλον

2122 2669 2462 2746 είσενεγκὼν,
2538 2666 2761 2732 ἀπάξειν
2848 2666 2936 2722 ἐπὶ
3010 2668 3072 2724 τὸ
3131 2663 3575 2738 σπουδαζόμενον
3639 2661 3769 2738 μέλ-

2121 2758 2304 2831 λον-ια,
2341 2756 2466 2813 εἶτα
2509 2756 2606 2823 τὴν
2639 2755 2850 2834 μητέρα
2881 2759 3154 2830 μαθοῦσαν
3207 2757 3294 2812 καὶ
3349 2763 3518 2814 τοῦτο
3574 2751 3766 2810 διακω-

2118 2846 2354 2905 λύσασαν
2389 2862 2403 2878 ⁸
2437 2845 2556 2926 ἕχει
2588 2843 2644 2901 δὲ
2677 2845 2847 2910 οὕτως
2885 2862 2899 2876 ⁸
2949 2843 3171 2912 Ἐπειδὴ
3203 2846 3303 2923 γὰρ
3363 2844 3569 2920 ᾔσθετο
3612 2852 3764 2901 ταῦτα

2117 2937 2528 3015 βουλευόμενον,
2600 2932 2838 2992 λαϐοῦσά
2921 2956 2990 3008 με
3065 2934 3164 3001 τῆς
3221 2930 3423 3008 δεξιᾶς,
3487 2933 3761 3008 εἰσήγαγεν

2120 3028 2192 3092 εἷς
2249 3027 2339 3082 τὸν
2393 3025 2830 3102 ἀποτεταγμένον
2902 3029 3053 3082 οἷκον
3126 3027 3286 3100 αὐτῇ,
3355 3023 3454 3080 καί
3517 3021 3759 3078 καθίσασα

398 3113 460 3175 in
475 3133 590 3206 quo
613 3133 720 3176 nos
739 3112 1395 3206 pepererat,emittebat
1411 3112 1601 3206 fontes
1621 3110 2035 3206 lacrymarum,

2124 3117 2351 3184 πλησίον
2407 3114 2492 3171 ἐπὶ
2537 3115 2632 3182 τῆς
2677 3117 2857 3188 εὖνῆς,
2902 3114 2969 3180 ἧς
3009 3115 3158 3186 ἡμᾶς
3204 3111 3390 3186 ὤδινε,
3422 3111 3605 3189 πηγὰς
3635 3107 3758 3185 ἐφίει

401 3210 462 3266 et
493 3202 852 3284 adjungebat
902 3203 1080 3266 verba
1131 3202 1411 3284 lacrymis
1461 3199 1917 3274 miserabiliora,
1951 3199 2038 3262 sic

2124 3205 2386 3284 δακρύων,
2447 3206 2534 3260 καὶ
2605 3211 2711 3262 τῶν
2767 3203 3005 3282 δακρύων
3073 3200 3406 3280 ἔλεεινὸτερα
3469 3200 3754 3278 προσετίθει

399 3292 553 3374 apud
590 3312 697 3357 nos
730 3294 1067 3357 lamentans
1102 3315 1114 3354 :
1149 3293 1317 3371 Mihi,
1351 3290 1562 3370 inquit,
1610 3310 1642 3350 ο
1677 3288 1782 3363 fili,
1817 3291 2038 3352 virtute

401 3381 486 3445 tui
519 3384 706 3464 patris
755 3383 857 3445 diu
889 3382 1007 3445 frui
1035 3400 1155 3444 non
1186 3379 1374 3454 licuit,
1412 3399 1547 3442 cum
1585 3380 1706 3442 Deo
1739 3378 1820 3439 ita
1848 3378 2035 3440 visum

403 3483 584 3535 esset.
618 3477 769 3538 Nam
803 3472 1043 3536 dolores
1075 3472 1134 3534 in
1165 3480 1335 3552 partu
1366 3477 1616 3551 propter
1646 3478 1702 3530 te
1734 3478 2032 3548 acceptos,

403 3578 566 3623 mors
593 3562 756 3624 illius
784 3559 1247 3637 consecuta,tibi
1268 3559 1512 3642 quidem
1543 3556 2036 3633 orbitatem,mihi

403 3659 602 3714 autem
632 3652 975 3714 viduitatem
1008 3649 1206 3714 attulit
1234 3658 1373 3712 ante
1407 3656 1734 3729 tempus,et
1765 3650 1919 3709 mala
1949 3653 2036 3707 vi-

405 3741 810 3817 duitatis,quae
835 3759 921 3803 eae
939 3741 1080 3804 solas
1101 3742 1511 3822 demum,quae
1532 3738 1634 3800 illa
1660 3756 1847 3818 passae
1876 3745 2035 3812 sunt,

406 3831 562 3892 scire
587 3846 789 3910 aperte
820 3829 1330 3912 potuerint.Nulla
1365 3828 1524 3890 enim
1559 3828 1746 3889 oratio
1781 3826 2041 3907 potuerit

405 3920 695 4000 consequi
729 3927 1142 4001 tempestatem
1177 3919 1338 3980 illam
1369 3926 1427 3978 et
1459 3919 1669 3978 fluctus
1701 3917 1859 3990 illos,
1893 3934 2040 3996 quos

405 4008 564 4071 subit
589 4009 848 4090 puella,e
882 4010 1057 4070 domo
1089 4009 1329 4089 quidem
1359 4013 1604 4088 paterna
1638 4025 1826 4085 nuper
1848 4024 2039 4082 egres‘

405 4115 490 4168 sa,
526 4105 585 4160 et
614 4115 814 4161 rerum
849 4096 1214 4178 imperita,et
1244 4097 1341 4176 qui
1374 4095 1642 4157 cohiberi
1678 4113 1794 4155 non
1823 4101 2037 4174 potest,

403 4195 653 4270 repente
683 4188 842 4250 luctu
872 4204 1180 4266 oppressa,
1217 4198 1276 4247 et
1309 4203 1558 4247 necesse
1591 4183 1818 4246 habens
1850 4186 2034 4262 majo-

402 4295 500 4340 res
547 4284 853 4358 suscipere
906 4275 1367 4354 sollicitudines,
1401 4292 1579 4354 quam
1640 4291 1744 4352 pro
1775 4283 1947 4336 aetate
1982 4281 2039 4336 et

404 4385 571 4429 sexu.
605 4366 850 4446 Oportet
878 4364 1040 4427 enim
1063 4373 1126 4426 ut
1155 4365 1417 4426 arbitror
1445 4362 1803 4424 famulorum
1837 4381 2038 4425 socor-

407 4455 564 4517 diam
595 4454 1073 4517 animadvertere
1089 4462 1163 4556 .et
1187 4453 1583 4559 corrigereﬁ‘t
1617 4451 2038 4559 maleficiaob-
2064 4509 2106 4559 Β

405 4553 1062 4626 servare,cognatorum
1086 4544 1334 4606 insidias
1359 4544 1728 4624 propulsare,
1766 4541 2038 4623 publica—

408 4652 624 4696 norum
647 4633 1477 4716 iujuriasetinhumanitatem
1500 4634 1559 4694 in
1581 4631 1887 4710 exigendis
1915 4650 2042 4693 vec-

407 4724 682 4804 tigalibus
717 4743 928 4803 magno
973 4732 1031 4784 et
1063 4724 1300 4786 excelso
1350 4723 1549 4785 animo
1583 4723 1764 4784 ferre.
1793 4719 1960 4794 Quod
1994 4720 2042 4782 si

405 4813 618 4876 relicto
651 4815 825 4877 etiam
860 4814 1085 4875 infante
1115 4812 1469 4882 decesserit,
1495 4814 1593 4892 qui
1626 4820 1714 4873 est
1746 4825 2039 4882 mortuus,

404 4903 454 4968 si
479 4904 553 4965 sit
575 4903 814 4984 quidem
841 4903 1085 4976 femina,
1113 4921 1386 4981 magnam
1412 4900 1649 4981 quidem
1686 4899 1772 4961 sic
1803 4918 2043 4977 quoque

407 4994 582 5057 matri
604 4992 891 5075 praebebit
922 4992 1413 5064 sollicitudinem,
1434 5009 1468 5051 a
1485 4988 1820 5069 sumptibus
1843 4998 2040 5050 tamen

407 5094 467 5147 et
494 5094 651 5146 metu
679 5081 1152 5144 liberam.Filius
1173 5089 1371 5142 autem
1400 5099 1527 5142 eam
1549 5079 1815 5161 quotidie
1837 5078 2043 5159 implet

409 5173 722 5238 timoribus
749 5169 1290 5234 innumerabilibus
1313 5179 1369 5232 et
1395 5170 1663 5250 pluribus
1683 5168 2040 5232 sollicitudi-

406 5264 774 5328 uibus.Mitto
799 5271 1102 5341 sumptum
1139 5261 1552 5341 pecuniarum,
1589 5277 1766 5340 quem
1793 5277 2042 5320 necesse

406 5356 592 5418 habet
613 5355 810 5416 facere
829 5354 878 5413 si
898 5371 1035 5414 eum
1059 5351 1317 5414 educare
1339 5347 1503 5431 Cupit
1527 5347 2041 5413 liberaliter.Nihil

407 5445 623 5508 horum
646 5451 844 5505 tamen
873 5442 1020 5503 mihi
1054 5440 1445 5522 persuasit,ut
1465 5439 1797 5502 secundum
1823 5437 2038 5500 inirem

495 5605 580 5685 (5)
611 5602 743 5666 Lib.
776 5618 844 5676 ιι,
875 5621 1010 5684 εει).
1037 5600 1100 5668 2.

2118 3297 2356 3375 ῥήματα,
2401 3296 2623 3351 τοιαῦτα
2656 3295 2784 3370 πρὸς
2825 3295 2968 3367 ἡμᾶς
3001 3289 3296 3371 ὀδυρομένη
3329 3289 3451 3371 [γρ.
3498 3286 3751 3375 ἂποδυροῖ

2120 3372 2310 3460 μένηιθ
2343 3381 3015 3462 Ἐγὼ,φησὶ,παιδίον,τῆς
3041 3381 3234 3455 ἀρετῆς
3261 3388 3354 3438 τοῦ
3383 3380 3585 3456 πατρὸς
3619 3372 3750 3454 [tofi]

2121 3481 2215 3532 σοῦ
2260 3475 2355 3532 οὒκ
2387 3475 2607 3553 ἀφείθην
2650 3469 2948 3530 ἀπολαῦσαι
2981 3469 3074 3527 ἐπὶ
3107 3469 3242 3527 πολύ
3278 3486 3291 3499 '
3346 3474 3425 3542 τῷ
3463 3470 3578 3540 Θεῷ
3607 3466 3747 3522 τοιῖτο

2119 3563 2328 3622 δοκοῦν.
2387 3565 2492 3628 Τὰς
2555 3563 2648 3640 γὰρ
2703 3559 2893 3624 ὠδίνας
2936 3561 3031 3625 τὰς
3098 3560 3187 3616 επὶ
3238 3562 3321 3616 σοὶ
3389 3554 3748 3628 διαδεξάμενος

2121 3657 2148 3710 ὁ
2191 3654 2418 3716 θάνατος
2483 3653 2708 3725 ἑκείνου,
2769 3652 2851 3708 σοὶ
2895 3650 2993 3724 μὲν
3038 3649 3311 3728 ὀρφανίαν,
3357 3648 3480 3721 ἐμοὶ
3533 3642 3745 3724 χηρείαν

2121 3742 2414 3809 ἐπέστησεν
2458 3739 2654 3817 ἄωρον⁶
2707 3741 2794 3796 καὶ
2860 3743 2957 3806 τῆς
3017 3738 3240 3817 χηρείας
3297 3734 3468 3808 δεινὰ,
3514 3733 3546 3788 ἃ
3600 3730 3746 3805 μόναι

2123 3835 2173 3889 αἱ
2217 3835 2475 3888 παθοῦσαι
2519 3827 2748 3885 δύναιντ’
2794 3827 2856 3884 ἂν
2921 3825 3112 3884 εἰδέναι
3171 3831 3380 3906 σαφῶς.
3445 3824 3614 3901 Λόγος
3655 3817 3745 3906 γᾷρ

2122 3919 2301 3986 οὐδεὶς
2334 3920 2395 3976 ἂν
2429 3919 2672 3993 ἐφίκοιτο
2703 3925 2796 3975 τοῦ
2828 3923 3103 3998 χειμῶνος
3134 3904 3335 3972 ἐκείνου
3378 3915 3468 3971 καὶ
3494 3919 3588 3968 τοῦ
3624 3904 3746 3964 κλύ-

2122 4009 2309 4083 δωνος,
2342 4009 2399 4063 ὃν
2429 4010 2708 4089 ὑφίσταται
2739 4007 2874 4085 κόρῆ
2906 4006 3020 4084 ἄρτι
3055 4005 3152 4077 μὲν
3179 4009 3276 4072 τῆς
3307 4005 3505 4067 οἰκείας
3536 4003 3627 4064 τῆς
3651 4015 3746 4089 τεξ-

2123 4081 2301 4179 τρῴαςν
2337 4081 2684 4176 προελθοῦσα,
2731 4081 2818 4152 καί
2862 4081 3194 4174 πραγμάτων
3226 4091 3442 4169 ἄπειρος
3473 4090 3618 4159 οὖσα,
3661 4081 3742 4179 ξε*

2120 4169 2311 4269 αίςρνης
2340 4169 2399 4244 τὲ
2435 4186 2612 4242 πένθει
2642 4169 2863 4264 ἆσχέτῳ
2891 4169 3205 4260 βαλλομένη
3226 4183 3318 4239 καὶ
3351 4169 3737 4269 ἀναγκαζομξνη

2123 4262 2433 4357 φροντίδων,
2462 4277 2550 4332 καὶ
2581 4280 2680 4341 τῆς
2717 4262 2924 4343 ἧ-λικίας
2971 4273 3185 4340 καὶτῆς
3224 4271 3431 4353 φύσεως
3477 4262 3738 4357 ἆνέχεσθαι

2123 4345 2541 4443 μειζόνωνξΔεϊ
2570 4365 2694 4442 γὰρ,
2729 4367 2910 4439 οἶμαι,
2944 4363 3197 4440 ῥᾳθυμίας
3238 4345 3466 4417 ὀἰκετῶν
3509 4345 3734 4443 ἐπιστρέ-

2123 4479 2261 4538 φειν,
2305 4457 2395 4513 καὶ
2425 4455 2744 4534 κακουργίας
2779 4455 3137 4533 παρατηρεῖν,
3171 4452 3442 4528 συγγενῶν
3473 4436 3731 4538 ἀποκρρῶ-

2126 4528 2242 4604 σθαι
2287 4541 2596 4624 ἐπιϐουλὰς,
2629 4549 2736 4600 τῶν
2765 4543 2830 4598 τὰ
2879 4541 3113 4618 δημόσια
3172 4539 3582 4615 εἰσπραττόντων
3625 4528 3722 4624 [γρ.

2127 4635 2490 4711 πραττόντωνι
2548 4635 2644 4698 τὰς
2722 4633 3002 4712 ἐπηρείας,
3075 4632 3163 4686 καὶ
3221 4629 3322 4696 τὴν
3379 4626 3629 4716 ἃπήνειαν.
3673 4612 3723 4716 ἓν

2126 4738 2248 4788 ταῖς
2294 4731 2399 4781 τῶν
2432 4701 2690 4803 εἰσφορῶν
2720 4701 3051 4784 καταϐολαϊς
3080 4719 3336 4798 γενναίως
3397 4717 3582 4796 φέρειν.
3616 4701 3727 4803 Eg?"

2126 4813 2179 4869 δὲ
2221 4815 2308 4871 καὶ
2350 4812 2558 4870 παιδίον
2601 4811 2913 4868 καταλιπὼν
2961 4811 2989 4865 ὁ
3038 4808 3308 4874 τεθνηκὼς
3341 4803 3575 4870 ἀπέλθοι,
3615 4792 3727 4895 Oef”

2126 4905 2224 4979 μὲν
2281 4904 2361 4978 ὃν,
2424 4901 2630 4970 πολλὴν
2687 4903 2777 4958 καὶ
2835 4899 2974 4958 οὕτω
3032 4896 3244 4977 παρέξει
3304 4901 3374 4972 τῇ
3444 4887 3591 4979 μητρί
3646 4887 3729 4979 1ft”

2125 4965 2392 5074 ίρροντίδα,
2439 4990 2587 5065 ὅμως
2638 4988 2692 5047 δὲ
2733 4991 2822 5046 καὶ
2881 4965 3249 5062 ἀναλωμάτων
3277 4986 3368 5042 καὶ
3397 4981 3535 5042 δέους
3564 4965 3727 5074 ξιτξηξ·

2125 5059 2400 5159 λαγμένην
2438 5102 2448 5113 ·
2473 5059 2512 5135 ’ὁ
2550 5078 2603 5134 δὲ
2646 5081 2755 5142 υἱὸς
2802 5080 3001 5155 μυρίων
3033 5059 3198 5145 αύτὴν
3239 5071 3421 5152 φόϐων
3469 5062 3581 5126 καθ’
3606 5059 3729 5159 ἑκά·

2125 5146 2257 5236 “Ti;
2283 5167 2585 5244 ἐμπίπλησι
2615 5167 2714 5236 “iv
2745 5146 2970 5246 ἡμέραν,
3007 5167 3093 5223 καὶ
3142 5146 3404 5221 πλείόνων
3449 5146 3726 5246 φροντίδων.

2278 5235 2375 5337 γαρ
2406 5265 2511 5314 τῶν
2542 5235 2866 5338 χρημάτων.
2893 5235 2969 5330 ἑῷ.
3019 5254 3288 5328 δαπάνην,
3320 5235 3729 5338 ὅσην-ῦπομένειν

2126 5334 2477 5425 ἀναγκάζεται
2509 5334 2817 5425 ἔλευθερίως
2878 5347 3037 5404 αὐτὸν
3087 5341 3374 5421 ἀναθρέψαι
3411 5334 3724 5425 ἐπιθυμοῦσξ-

2127 5412 2278 5495 Ἀλλ’
2305 5435 2456 5510 ὅμως
2487 5434 2633 5493 ούδέν
2679 5412 2744 5510 με
2776 5435 2975 5491 τούτων
3025 5412 3506 5509 ἕπεισειδευτέροις
3548 5412 3724 5494 ὁμιλῆ-
