3996 6178
219 291 381 366 1057
1272 291 1454 363 VITA
1512 299 1570 361 S.
1635 285 1887 361 JOANN

2007 285 2564 359 CHRYSOSTOMI.
3461 291 3614 360 1058

217 457 314 494 σαι
368 437 586 515 γάμοις,
627 433 735 494 οὐδ’
764 434 944 512 ἕτερον
974 436 1359 512 ἐπεισαγαγεῖν
1418 434 1638 512 νυμφίον
1667 438 1735 508 τῇ
1777 438 1894 489 τοῦ.

1978 428 2631 510 natrimonium,neque
2647 427 2826 491 alium
2852 445 3136 510 Sponsum
3155 422 3599 492 introducerem

220 527 427 605 πατρὸς
482 527 619 597 οἰκία
647 531 738 582 τοῦ
789 531 904 581 σοῦ’
967 520 1087 579 ἀλλ’
1145 522 1333 598 ἔμενον
1386 525 1441 579 ἓν
1502 527 1570 599 τῇ
1598 521 1733 598 ζάλῃ
1791 528 1880 582 καὶ

1978 541 2023 584 tn
2048 521 2292 585 domum
2319 523 2503 603 patris
2527 522 2743 584 tuizsed
2773 521 2962 582 mansi
2986 523 3042 582 in
3079 529 3428 602 tempestate
3450 529 3507 581 et
3529 529 3616 582 tu-

221 620 304 688 τῷ
337 613 564 692 θορύϐῳ,
599 615 686 670 καί
744 614 840 681 τὴν
897 610 1116 691 σιδηρᾶν
1170 613 1267 677 τῆς
1313 612 1541 692 χηρείας
1601 614 1694 670 οὒκ
1752 609 1880 689 ἐφυ-

223 725 327 781 γον
360 705 606 778 κάμινον,
640 709 851 780 πρῶτον
884 701 981 777 μὲν
1030 702 1134 756 ὑπὸ
1169 706 1266 768 τῆς
1297 700 1495 756 ἄνωθεν
1545 699 1880 776 βοηθουμένη

223 793 428 870 ῥοπῆς⁶
500 792 651 873 ἔφερε
723 790 776 848 δέ
836 815 929 866 μοι
1003 792 1335 869 παραμυθίαν
1405 790 1464 846 οὗ
1527 790 1720 867 μικρὰν
1777 794 1882 845 τῶν

224 881 444 961 δεινῶν,
478 884 566 938 καὶ
617 883 676 937 τὸ
707 882 946 960 συνεχῶς
996 881 1069 943 εἷς
1125 879 1226 946 τὴν
1287 880 1388 946 σὴν
1444 879 1566 954 ὄψιν
1615 881 1762 955 ὁρᾷν,
1795 889 1883 942 καὶ

229 972 417 1029 εἰκόνα
479 991 570 1046 μοι
641 977 734 1027 τοῦ
791 968 1237 1035 τετελευτηκότος
1293 967 1646 1048 φυλάσσεσθαι
1703 966 1881 1042 ἔμψυ-

228 1081 364 1141 χον,
400 1062 532 1139 πρὸς
586 1063 796 1115 Ιεκετνον
851 1055 970 1136 [γρ.
1004 1057 1231 1135 ἐκείνην]
1275 1055 1731 1132 ἀπηκριϐωμένην
1776 1078 1881 1112 κα-

228 1149 370 1213 λῶς,
436 1149 537 1205 Διὰ
568 1148 724 1206 τοῦτο
773 1149 859 1204 καὶ
894 1146 969 1203 ἔτι
1023 1148 1216 1216 νήπιος
1274 1145 1373 1227 ὢν,
1406 1147 1492 1203 καὶ
1525 1143 1662 1218 μηδὲ
1718 1145 1883 1224 φθέγ-

229 1241 422 1316 γεσθαί
463 1261 550 1295 πω
611 1238 818 1312 μαθὼν,
879 1236 967 1293 ὅτε
1024 1235 1257 1311 μάλιστα
1313 1234 1559 1311 τέρπουσι
1615 1236 1736 1298 τοὺς
1792 1255 1882 1290 τε·

229 1330 432 1391 κόντας
464 1331 512 1384 οἱ
539 1325 754 1400 παῖδες,
786 1325 998 1393 πολλήν
1029 1346 1122 1399 μοι
1174 1339 1445 1406 παρεῖχεσ
1477 1325 1577 1391 τὴν
1614 1323 1890 1402 παράκ)η-

495 1419 508 1438 ς
616 1417 629 1433 ε
803 1416 818 1432 κ
1099 1415 1120 1434 n
1211 1413 1235 1434 ει
1528 1415 1540 1435 I

231 1438 344 1480 σιν,
415 1425 512 1474 Και
568 1439 676 1492 μην
705 1415 825 1471 συδε
872 1415 1051 1472 ἐκεῖνο
1096 1436 1157 1470 αν
1211 1435 1361 1494 εχοις
1401 1415 1760 1488 αἰτιασασθαι,
1807 1411 1888 1469 ὅτι

233 1508 336 1574 τὴν
394 1505 494 1581 μὲν
538 1506 768 1584 χηρείαν
797 1506 1052 1582 γενναίως
1096 1504 1420 1582 ἠνέγκαμεν,
1468 1503 1568 1570 τὴν
1598 1502 1652 1559 δὲ
1713 1503 1892 1559 οὐσίαν

232 1617 328 1652 σοι
380 1595 482 1662 τὴν
513 1595 779 1672 πατρικὴν
831 1593 1219 1669 ἠλαττώσαμεν
1251 1591 1334 1648 διὰ
1384 1595 1483 1661 τὴν
1513 1592 1608 1659 τῆς
1666 1592 1892 1671 χηρείας

232 1683 503 1762 ἀνάγκην,
539 1682 670 1762 ὅπερ
727 1681 962 1747 πολλοὺς
991 1684 1098 1739 τῶν
1145 1684 1392 1762 ὀρφανίαν
1446 1681 1892 1762 δυστυχησάντων

1967 613 2177 683 multu,
2207 619 2266 674 et
2297 631 2416 672 non
2447 611 2622 689 effugi
2668 611 2920 672 ferream
2956 610 3256 672 fornacem
3288 608 3611 683 viduitatis,

1967 700 2225 781 primum
2252 701 2494 776 quidem
2523 701 2724 780 adjuta
2753 717 3012 781 superno
3044 697 3285 762 auxilio.
3320 695 3620 760 Aﬂ'o-rebat

1968 799 2165 852 autem
2207 788 2349 851 mihi
2384 809 2503 851 non
2536 805 2777 869 parvam
2815 789 3104 851 malorum
3145 787 3615 850 consolationem

1968 887 2027 940 et
2053 878 2210 956 quod
2249 886 2413 940 tuum
2449 878 2674 941 vultum
2715 877 2983 940 viderem
3018 877 3278 955 assidue,
3312 886 3370 940 et
3400 877 3618 938 mortui

1968 969 2291 1030 animatam
2327 985 2624 1029 servarem
2661 967 3006 1048 imaginem,
3039 967 3111 1028 ad
3171 967 3329 1029 illius
3358 965 3616 1043 efﬁgiem

1966 1064 2241 1119 accurate
2264 1075 2603 1138 expressam
2617 1054 2962 1136 .Propterea
2983 1075 3114 1118 cum
3131 1075 3293 1119 esses
3309 1054 3504 1119 adhuc
3521 1057 3582 1118 in
3595 1087 3618 1102 -

1972 1144 2124 1220 fans,
2155 1153 2213 1207 et
2241 1145 2496 1208 necdum
2523 1145 2685 1227 loqui
2717 1145 3054 1223 didicisses,
3082 1148 3320 1224 quando
3346 1153 3620 1227 parentes

1974 1239 2231 1297 maxime
2263 1235 2564 1297 delectant
2597 1238 2783 1316 pueri,
2820 1235 2965 1296 mihi
3002 1254 3270 1314 magnam
3311 1233 3622 1316 praebebas

1973 1323 2659 1405 consolationem.Atqui
2687 1343 2797 1386 nec
2819 1323 2966 1386 illud
2995 1325 3140 1386 mihi
3172 1325 3437 1406 potueris
3465 1321 3622 1404 obji-

1974 1431 2137 1488 cere,
2169 1413 2328 1491 quod
2364 1413 2708 1476 viduitatem
2735 1414 2979 1494 quidem
3002 1413 3233 1476 fortiter
3264 1413 3618 1476 tulerimus:

1977 1505 2196 1582 patrias
2228 1513 2426 1564 autem
2458 1502 2770 1564 facultates
2804 1501 2911 1564 tibi
2945 1501 3340 1563 minuerimus
3383 1510 3625 1582 propter

1979 1592 2388 1653 necessitatem
2416 1591 2898 1672 viduitatiszquod
2919 1591 3163 1670 quidem
3185 1591 3311 1652 scio
3334 1589 3624 1653 accidisse

1976 1680 2197 1756 multis,
2225 1681 2325 1760 qui
2355 1682 2412 1742 in
2437 1681 2752 1743 orbitatem
2783 1679 3144 1744 inciderant.
3177 1682 3327 1744 Nam
3351 1697 3452 1742 eas
3479 1697 3622 1761 quo-

235 1772 366 1831 οῖδα
424 1773 686 1838 παθόντας
729 1771 858 1850 ἆγώ,
916 1773 1015 1830 Καὶ
1071 1773 1172 1851 γὰρ
1227 1773 1316 1828 καὶ
1373 1773 1572 1838 ταύτην
1642 1770 1888 1847 ἀκεραίαν

1978 1787 2088 1846 que
2117 1775 2417 1831 universas
2441 1774 2644 1846 reliqui
2669 1776 2943 1846 integras,
2964 1783 3017 1831 et
3049 1788 3177 1846 qua;
3210 1773 3492 1831 debebant
3520 1787 3621 1831 ex-

237 1861 474 1929 ἒφύλαξα
525 1868 725 1936 πᾶσαν,
756 1863 844 1917 καὶ
893 1868 1002 1917 τῶν
1057 1861 1388 1940 ὀφειλόντων
1418 1862 1491 1924 εἰς
1550 1858 1886 1935 εὐδοκίμησιν

235 1951 610 2018 δοπανηθῆναι
667 1953 768 2018 τὴν
821 1951 922 2018 σὴν
980 1949 1222 2008 ἐνέλιπον
1279 1947 1446 2022 οὐδὲν,
1479 1948 1539 2005 ἑκ
1592 1955 1699 2005 τῶν
1729 1950 1890 2025 ἐμαυ-

235 2047 362 2117 τῆς,
399 2041 485 2097 καὶ
515 2041 590 2096 ὧν
643 2039 805 2109 ἦλθον
837 2040 1049 2099 οἴκοθεν
1081 2039 1304 2120 ἔχουσα,
1343 2039 1630 2096 δαπανὼσα
1663 2039 1890 2118 χρημά-

234 2152 374 2205 των,
415 2131 511 2188 Καὶ
567 2132 731 2204 μήτοι
793 2130 1014 2206 νομίσῃς
1073 2127 1424 2200 ὀνειδίζουσαν
1479 2149 1545 2203 με
1575 2135 1739 2184 ταῦτα
1795 2126 1893 2183 λέ-

237 2241 359 2298 γειν
387 2226 499 2294 νῦν,
541 2216 664 2275 ἀλλ’
694 2219 807 2275 ἀντὶ
841 2220 1052 2280 πάντων
1106 2239 1162 2274 σε
1191 2219 1390 2274 τούτων
1443 2219 1567 2292 μίαν
1599 2218 1727 2273 αἰτῶ
1780 2217 1893 2296 χά-

242 2331 350 2386 ριν,
384 2311 462 2383 μή
496 2329 562 2383 με
607 2305 821 2388 δευτέρᾳ
879 2310 1075 2388 χηρείᾳ
1133 2305 1468 2388 περιϐαλεῖν,
1502 2305 1639 2382 μηδὲ
1668 2309 1728 2362 τὸ
1786 2327 1896 2362 κοι-

243 2398 416 2474 μηθέν
460 2395 564 2464 ἤδη
595 2397 783 2463 πένθος
819 2399 1017 2472 ἀνάψαι
1061 2397 1246 2469 πάλιν,
1281 2395 1418 2452 ἀλλά
1449 2397 1751 2474 περίμεινον
1796 2397 1895 2462 τὴν

245 2487 390 2563 ἐμὴν
420 2486 699 2555 τελευτήν.
741 2487 902 2548 Ἴσως
935 2487 1069 2562 μετὰ
1114 2486 1300 2563 μικρὸν
1344 2483 1706 2558 ἀπελεύσομαι
1755 2485 1896 2564 χρό-

247 2599 368 2640 νον,
435 2576 573 2638 Τοὺς
604 2576 704 2650 μὲν
757 2577 851 2653 γὰρ
881 2574 1025 2636 νέους
1082 2573 1231 2635 ἐλπὶς
1290 2575 1377 2630 καὶ
1433 2574 1503 2638 εἷς
1534 2573 1702 2651 γῆρας
1751 2574 1895 2643 ἥξειν

252 2666 490 2743 μακρὸν,
526 2665 572 2720 οἶ
631 2662 685 2719 δὲ
717 2665 1078 2742 γεγηρακότες
1107 2666 1270 2739 ἡμεῖς
1317 2662 1462 2722 οὐδὲν
1509 2661 1686 2739 ἕτερον
1718 2663 1752 2730 ἢ
1806 2663 1896 2720 τὸν

247 2752 477 2809 θάνατον
537 2751 892 2828 ἀναμένομεν,
926 2751 1096 2809 ’Ὀταν
1155 2752 1242 2808 οὖν
1303 2773 1368 2826 με
1419 2758 1489 2829 τῇ
1521 2756 1591 2829 γῇ
1647 2749 1896 2825 παραδῴς

244 2843 337 2898 καὶ
398 2854 517 2905 τοῖς
550 2841 756 2905 ὀστέοις
799 2848 894 2899 τοῦ
924 2843 1122 2920 πατρὸς
1163 2840 1424 2918 ἀναμίξῃς
1455 2841 1546 2898 τοῦ
1586 2848 1700 2914 σοῦ,
1734 2839 1894 2897 στέλ-

247 2931 351 2986 λου
401 2930 615 3008 μακράς
668 2928 995 3005 ἀποδημίας,
1059 2932 1143 2986 καὶ
1202 2929 1333 2986 πΙέε
1387 2929 1671 3003 θάλασσον,
1729 2929 1798 2998 ἢν
1834 2928 1896 2986 ἃν

244 3019 456 3087 ἑθέλης’
514 3021 637 3076 τότε
669 3022 696 3075 ὁ
751 3017 1003 3075 κωλύσων
1034 3016 1221 3084 ούδείς.
1252 3019 1399 3084 "Em:
1427 3017 1494 3096 ξδ’
1523 3018 1586 3075 ἂν
1641 3019 1892 3095 ἒμπνέω-

246 3131 373 3186 μεν,
405 3109 651 3189 ἀνάσχου
703 3109 806 3176 τὴν
858 3107 973 3183 μεθ’
1031 3109 1188 3182 ἡμῶν
1245 3107 1486 3183 οἴκησιν,
1536 3107 1673 3184 μηδὲ
1723 3131 1892 3187 προσέ

246 3202 474 3279 κρούσῃς
517 3206 594 3272 τῷ
625 3199 765 3273 Θεῷ,
799 3198 976 3274 μάτην
1028 3200 1118 3254 καὶ
1148 3200 1266 3275 εἰκῇ
1295 3210 1416 3262 τοῖς
1447 3199 1706 3264 τοιούτοις
1756 3200 1895 3274 ἡμᾶς

247 3285 596 3368 περιϐάλλων
646 3287 841 3351 κακότς
891 3285 1216 3355 ἠδικηκότας
1280 3285 1448 3351 οὐδέν,
1524 3289 1581 3345 Εἰ
1647 3288 1743 3362 μὲν
1801 3289 1900 3367 γὰρ

246 3377 402 3459 ἔχεις
463 3375 746 3455 ἔγκαϐετν,
779 3377 859 3434 ὅτι
892 3377 948 3433 σὲ
1000 3378 1074 3441 εἷς
1105 3377 1360 3452 βιωτικὰς
1390 3375 1656 3453 περιέλκω
1685 3379 1904 3456 ξφροντί-

243 3467 370 3543 δας,
430 3469 522 3525 καὶ
576 3471 685 3523 τῶν
748 3466 1076 3545 πραγμάτων
1133 3466 1414 3544 ἀναγκάζω
1471 3467 1759 3547 φροντίζειν
1800 3473 1904 3523 τῶν

244 3558 423 3633 ἐμῶν,
459 3557 538 3631 μὴ
585 3558 710 3620 τοὺς
755 3561 856 3623 τῆς
888 3556 1096 3634 φύσεως
1154 3557 1371 3631 νόμους,
1406 3555 1481 3630 μὴ
1512 3555 1611 3623 τὴν
1668 3556 1898 3634 ἀνατρο-

246 3649 383 3726 φὴν,
419 3645 498 3721 μὴ
558 3644 654 3713 τὴν
686 3645 991 3724 συνήθειαν,
1029 3641 1157 3719 μηδ’
1220 3642 1353 3699 ἄλλο
1406 3643 1575 3719 μηδὲν
1623 3642 1896 3720 αἰδεσθείς,

243 3740 319 3802 ὡς
378 3732 689 3798 ἐπιϐούλους
747 3738 906 3812 φεῦγε
961 3734 1048 3790 καὶ
1122 3730 1436 3808 πολεμίους.
1499 3734 1559 3791 Εἰ
1617 3732 1670 3790 δὲ
1727 3734 1900 3791 πάντα

243 3827 580 3903 πράττομεν,
637 3822 778 3881 ὥστε
836 3820 1044 3891 πολλήν
1100 3843 1183 3878 σοι
1236 3821 1637 3899 παρασκευάσαι
1691 3822 1898 3903 σχολὴν

246 3921 318 3982 εἰς
353 3915 458 3982 τὴν
517 3920 610 3972 τοῦ
643 3913 759 3990 βίου
803 3912 992 3970 τούτου
1023 3913 1255 3991 πορείον,
1292 3913 1335 3968 εἷ
1366 3913 1454 3968 καὶ
1501 3909 1668 3986 μηδὲν
1696 3912 1898 3991 ἕτερον’

248 4008 409 4071 οὗτος
451 4009 579 4084 γοῦν
627 4001 912 4082 κατεχέτω
971 4022 1030 4057 σε
1088 4000 1214 4080 παρ’
1272 4003 1428 4075 ἡμῶν
1480 4002 1586 4080 Ιγρ,
1637 4003 1808 4083 ἡμῖν]
1875 4005 1902 4059 ὁ

247 4081 474 4172 δεσμός,
525 4091 630 4150 Κᾶν
676 4081 1034 4171 (ἄρῃμυρίους
1093 4111 1149 4146 σε
1204 4089 1368 4166 λέγῃς
1420 4081 1760 4171 φιλεῖς,λοῦδ’
1818 4091 1902 4154 εἷς

250 4207 334 4242 σοι
393 4182 607 4261 παρέξει
650 4181 916 4247 τοσαύτης
986 4179 1282 4237 ἀπολαῦσαι
1343 4178 1657 4259 ἐλευθερίας·
1719 4179 1904 4249 ἐπειδὴ

252 4273 396 4350 μηδὲ
454 4271 531 4328 ἔτι
562 4293 666 4343 τις,
704 4270 814 4344 ὅτῳ
845 4267 994 4343 μέλει
1041 4273 1137 4336 τῆς
1174 4273 1270 4336 σῆς
1307 4266 1698 4344 εὖδοκιμήσεως
1730 4269 1904 4337 ἐξίσης

252 4365 398 4439 δμοί.
434 4371 608 4422 Ταῦτα
657 4362 691 4429 ἡ
723 4359 864 4428 καλῆ
914 4356 1124 4424 διέξεισι
1173 4357 1408 4436 γλῶτταο
1445 4361 1532 4415 καὶ
1583 4358 1729 4424 ὅπως
1791 4367 1903 4416 Βα-

255 4453 460 4514 σίλειος
521 4451 620 4527 μὲν
651 4451 724 4517 εἰς
753 4451 847 4506 τὸν
903 4450 1004 4515 τῆς
1037 4446 1302 4512 διακονίας
1330 4449 1559 4528 ὑπήχγη
1606 4451 1784 4528 ζυγὸν,
1817 4451 1905 4506 καὶ

1973 1858 2250 1939 pendi,ut
2276 1859 2364 1920 vir
2384 1859 2573 1920 bonus
2604 1868 2660 1922 et
2692 1860 2912 1941 probus
2933 1859 3366 1939 evaderes,non
3399 1859 3622 1920 cessavi

1969 1948 2289 2022 eaexmeis,
2305 1957 2360 2010 et
2380 1967 2527 2030 quas
2549 1948 2725 2010 domo
2748 1948 3290 2029 attuli,expendere
3315 1947 3617 2028 pecuniis.

1975 2034 2095 2098 Nec
2141 2037 2447 2099 existimes
2502 2057 2598 2100 me
2627 2039 2752 2100 haec
2789 2036 2892 2100 tibi
2939 2057 3101 2099 nunc
3149 2039 3353 2099 dicere
3403 2055 3626 2117 expro-

1977 2125 2276 2204 brantem;
2308 2129 2409 2188 sed
2443 2147 2545 2208 pro
2569 2128 2641 2188 iis
2665 2127 2945 2188 omnibus
2974 2146 3151 2188 unam
3181 2135 3295 2188 ate
3325 2134 3461 2207 peto
3485 2144 3624 2206 gra-

1981 2216 2148 2288 tiam,
2169 2234 2243 2276 ne
2271 2234 2367 2276 me
2399 2218 2456 2278 in
2480 2215 2804 2278 secundam
2839 2215 3079 2295 injicias
3110 2215 3478 2278 viduitatem.
3506 2213 3625 2279 Sed

1979 2313 2255 2384 exspecta
2276 2322 2473 2364 meum
2501 2303 3118 2366 decessum.Fortasse
3149 2304 3312 2366 brevi
3335 2312 3465 2383 post
3483 2313 3628 2366 tem-

1980 2411 2124 2473 pore
2155 2392 2621 2456 decedam.Nam
2649 2411 2788 2473 Spes
2809 2394 3049 2475 quidem
3076 2402 3188 2468 est,
3213 2393 3628 2457 adolescentes

1980 2499 2113 2544 esse
2144 2482 2214 2543 ad
2248 2483 2481 2562 longam
2532 2492 2815 2545 venturos
2853 2491 3246 2548 senectutem.
3279 2481 3401 2546 Nos
3427 2493 3626 2547 autem

1980 2571 2080 2651 qui
2103 2573 2702 2647 consenuimus,nihil
2722 2573 2883 2635 aliud
2908 2592 3082 2654 quam
3118 2581 3362 2636 mortem
3387 2591 3630 2655 exspec-

1980 2669 2198 2722 tamus.
2234 2661 2481 2734 Quando
2501 2681 2640 2724 vero
2668 2680 2765 2724 me
2786 2670 2960 2725 teme
2981 2663 3376 2738 mandaveris,
3399 2673 3459 2725 et
3488 2681 3624 2726 cum

1979 2750 2211 2812 ossibus
2244 2751 2427 2830 patris
2463 2751 2542 2812 tui
2578 2751 2912 2817 miscueris.
2943 2751 3148 2831 longas
3170 2753 3414 2832 suscipe
3447 2770 3622 2830 pere-

1976 2839 2363 2918 grinationes,
2395 2848 2452 2902 et
2483 2860 2649 2903 mare
2677 2841 2884 2921 naviga
2904 2841 3305 2922 quodcunque
3339 2841 3621 2906 volueris:

1977 2939 2115 2990 tunc
2147 2930 2346 2991 nullus
2376 2939 2468 2993 est
2491 2931 2925 3012 prohibiturus.
2959 2931 3235 3005 Quaudiu
3269 2941 3468 2994 autem
3500 2933 3629 3012 spi-

1973 3033 2202 3100 ramus,
2226 3020 2525 3082 sustineas
2560 3020 2870 3082 nohiscum
2894 3020 3182 3084 habitare:
3215 3017 3626 3103 neque‘Deum

1977 3108 2386 3180 oﬂ'endas,nos
2415 3110 2720 3173 temerein
2754 3116 2911 3172 tanta
2944 3111 3096 3172 mala
3117 3111 3472 3192 conjiciens,
3497 3129 3629 3192 quae

1980 3205 2036 3259 te
2059 3198 2221 3260 nulla
2242 3199 2549 3262 ail‘ecimus
2572 3199 2810 3278 injuria.
2841 3197 2988 3262 Nam
3011 3200 3060 3261 si
3084 3218 3177 3262 me
3193 3201 3433 3281 quidem
3459 3208 3630 3281 potes

1981 3287 2476 3369 criminari,quod
2503 3296 2560 3350 te
2583 3288 2814 3350 attraho
2836 3288 2894 3350 in
2921 3290 3095 3370 hujus
3119 3290 3251 3351 vita;
3270 3289 3629 3352 sollicitudi-

1983 3395 2114 3456 nes,
2145 3385 2205 3437 et
2230 3396 2377 3456 cogo
2403 3387 2457 3439 te
2487 3397 2686 3439 rerum
2724 3397 2988 3440 mearum
3013 3396 3216 3440 curam
3250 3396 3485 3457 gerere:
3512 3398 3631 3441 non

1985 3465 2149 3544 leges
2182 3473 2429 3540 naturae,
2467 3485 2584 3527 non
2614 3466 3056 3543 educationem,
3092 3487 3211 3528 non
3252 3468 3630 3531 familiarita-

1983 3562 2246 3629 tem,nec
2262 3556 2487 3637 aliquid
2508 3557 2768 3637 denique
2798 3557 2956 3618 aliud
2989 3558 3304 3633 reveritus,
3331 3557 3469 3638 fuge
3494 3567 3628 3622 tan—

1983 3663 2159 3725 quam
2185 3645 2388 3706 hostes
2417 3655 2474 3708 et
2499 3646 2898 3709 insidiatores.
2933 3647 2995 3709 Si
3028 3655 3221 3708 autem
3255 3649 3457 3710 omnia
3489 3649 3631 3712 faci-

1986 3741 2212 3808 mus,ut
2236 3753 2510 3811 magnum
2542 3735 2646 3797 tibi
2673 3754 2950 3816 paremus
2981 3735 3164 3797 otium
3191 3737 3262 3799 ad
3289 3737 3400 3801 hoc
3435 3747 3494 3800 ut
3517 3740 3632 3803 hoc

1985 3830 2116 3885 vita:
2157 3823 2272 3885 iter
2299 3826 2671 3903 ingrediaris,
2707 3825 2755 3886 si
2793 3825 2944 3888 nihil
2974 3825 3157 3898 aliud,
3191 3827 3304 3890 hoc
3337 3829 3543 3892 saltem
3575 3837 3632 3891 te

1989 3922 2257 3974 nostrum
2312 3916 2564 3975 retineat
2617 3914 2944 3976 vinculum.
3007 3915 3154 3978 Nam
3207 3916 3316 3978 etsi
3365 3919 3530 3981 dicas
3577 3926 3633 3981 te

1987 4002 2271 4063 amariab
2301 4003 2864 4074 innumerabilibus.
2899 4023 3077 4067 nemo
3115 4006 3225 4068 tibi
3258 4006 3639 4089 praebebit,ut

1988 4097 2152 4154 tanta
2192 4091 2406 4153 fruaris
2445 4093 2745 4156 libertate.
2775 4095 2968 4157 Nemo
2999 4093 3181 4168 enim,
3220 4095 3314 4157 cui
3341 4106 3443 4158 tua
3473 4097 3630 4161 bona

1990 4181 2344 4242 existimatio
2370 4183 2445 4242 sit
2475 4201 2644 4258 aeque
2677 4201 2834 4244 curae
2859 4193 3034 4264 atque
3063 4193 3152 4245 est
3182 4184 3498 4247 mihi.lla:c
3525 4203 3626 4249 re-

1988 4272 2100 4331 fert
2131 4271 2330 4348 lingua
2357 4271 2455 4333 illa
2486 4270 2742 4350 egregia,
2771 4279 2829 4333 et
2850 4274 3350 4353 quemadmodum
3374 4274 3629 4338 Basilius

1989 4359 2229 4440 quidem
2256 4359 2437 4421 subiit
2473 4361 2680 4440 jugum
2716 4361 3082 4442 diaconatus,
3117 4381 3363 4441 sperans
3384 4365 3534 4438 fore,
3569 4373 3632 4427 ut

1990 4467 2124 4510 eum
2151 4449 2396 4510 haberet
2422 4450 2552 4528 ejus
2583 4449 2812 4511 ordinis
2847 4450 3110 4512 socium:
3146 4451 3246 4514 ille
3270 4461 3462 4516 autem
3505 4473 3634 4534 gra-

258 4543 420 4602 αὐτὸν
483 4541 738 4598 κοινωνὸν
791 4539 940 4619 ἔχειν
971 4536 1188 4602 ἐλπίσας
1247 4538 1342 4605 τῆς
1376 4538 1592 4604 τάξεως³
1629 4541 1656 4595 ὁ
1712 4537 1766 4595 δὲ
1814 4540 1894 4594 τὸ·.

1990 4538 2129 4599 dum
2181 4537 2459 4599 dubitans
2491 4539 2816 4618 suscipere,
2856 4539 3103 4619 pulchre
3159 4559 3292 4603 eum
3341 4532 3633 4623 promisso

255 4634 462 4710 βαθμὸν
518 4628 776 4703 ὀκνήσας,
809 4627 1238 4707 καί“ὑποσχέαει
1297 4633 1480 4684 νοῦτον
1532 4628 1894 4707 παρακρουσά-

1989 4625 2263 4707 impellit,
2300 4637 2578 4703 tanquam
2630 4625 2760 4706 ipse
2794 4646 3030 4709 quoque
3074 4629 3198 4710 jam
3232 4629 3446 4694 futuris
3477 4645 3637 4696 esset

259 4743 445 4799 μενος,
483 4722 558 4784 ὡς
609 4720 699 4776 καὶ
729 4718 882 4783 αὐτὸς
945 4716 1158 4793 μέλλων
1185 4725 1277 4776 τοῦ
1328 4714 1451 4772 ἴσου
1482 4717 1754 4796 μετέχειν,
1785 4717 1894 4773 τότε

1991 4715 2264 4795 ejucdem
2300 4716 2619 4798 particeps.
2655 4714 2724 4778 Et
2759 4722 2898 4778 tunc
2929 4717 3173 4798 quidem
3218 4729 3452 4784 recusat
3478 4721 3637 4784 ordi-

260 4811 359 4887 μέν
401 4810 669 4876 ὶξισταται
698 4808 798 4877 τὴν
827 4805 1184 4888 χειροτονίαν.
1237 4809 1596 4884 Χαρισάμενος
1629 4816 1894 4884 τοιγαροῦν

1992 4805 2316 4877 nationem,
2345 4805 2535 4867 victus
2569 4825 2600 4866 a
2631 4823 2737 4868 sua
2768 4807 2826 4867 in
2857 4824 2986 4868 eam
3017 4810 3372 4874 reverentia.

260 4905 328 4978 τῇ
383 4899 576 4978 μητρὶ,
604 4899 693 4956 καὶ
755 4895 898 4955 ἄκων
950 4897 1048 4965 τὴν
1092 4895 1258 4976 μέχρι
1300 4895 1483 4960 τέλους
1540 4895 1794 4974 παρέχων
1851 4899 2204 4974 γηροκομίαν,
2248 4893 2432 4962 ἒπειδή
2491 4896 2668 4963 ἐκείνη
2726 4899 2816 4953 τὸν
2870 4898 2982 4973 βίον
3041 4898 3291 4971 ἀπέλιπε,
3338 4903 3633 4978 παραυτίκα

261 4990 411 5054 οὗτος
463 4987 532 5046 τά
561 4987 682 5046 ὅσια
712 4986 796 5044 ἐπ’
829 4988 962 5063 αὐτῇ
1012 4983 1228 5065 δράσας,
1261 4987 1360 5054 τὴν
1390 4990 1497 5041 τῶν
1547 4984 1747 5062 γονέων
1778 4983 1910 5054 ὅλην
1968 4987 2144 5043 οόσὶαν
2180 4986 2430 5063 περιττὴν
2489 4985 2670 5062 οὖσαν,
2705 4992 2872 5068 τριχῆ
2931 4985 3146 5066 διαιρεῖ·
3181 4991 3268 5044 καὶ
3300 4995 3482 5068 πρῶτα
3537 4993 3634 5066 μὲν

261 5081 508 5150 πενήτων
588 5076 784 5134 ἔνδειαν
839 5083 916 5150 τῷ
972 5076 1157 5155 χρυσῷ
1211 5076 1512 5153 θεραπεύειο
1582 5073 1700 5131 ὅσαι
1759 5070 1816 5132 δὲ
1869 5078 1974 5132 τῶν
2036 5073 2336 5141 ἐκκλησιῶν
2398 5073 2696 5156 ἐτύγχανον
2760 5076 3101 5147 σπανίζουσαι
3177 5076 3496 5154 κειμηλίων,
3542 5082 3634 5138 τὸν

262 5167 487 5248 ἄργυρον
547 5171 730 5230 αύτοτς
781 5163 1039 5239 διανέμει⁶
1098 5168 1207 5220 τῶν
1260 5162 1316 5220 δὲ
1376 5163 1644 5234 ἀκινήτων
1683 5163 1765 5221 ὅτι
1823 5185 1922 5240 περ
1975 5168 2066 5235 ἦν,
2098 5164 2176 5239 τῷ
2233 5161 2475 5238 δημοσίῳ
2531 5164 2700 5243 φέρων
2759 5164 3090 5244 ἀποκληροϊ,
3124 5166 3220 5234 τὴν
3278 5157 3630 5247 ἀπραγμοσύ.

267 5280 366 5326 νην
430 5259 602 5331 ἑαυτῷ
675 5253 1136 5334 περιποιούμενος,
1195 5255 1280 5309 καὶ
1341 5250 1510 5332 ὅχλον
1587 5255 1786 5317 παντὸς
1843 5251 2133 5332 γοροϐόγον
2217 5250 2616 5330 διαδιδράσκων,
2697 5255 2833 5312 Εἶτα
2905 5258 2990 5311 καὶ
3062 5257 3180 5320 τοὺς
3255 5257 3461 5322 οἰκέτας
3534 5259 3632 5326 τῆς

265 5345 508 5412 δουλείας
565 5345 731 5419 ἀνεὶς,
790 5345 879 5399 καὶ
931 5343 1025 5406 τὰς
1082 5343 1215 5421 πρὸς
1269 5343 1331 5398 τὸ
1383 5348 1480 5419 ζῇν
1539 5341 1778 5422 ἀφορμὰς
1835 5342 2280 5423 παρασχόμενος,
2326 5344 2392 5398 τὰ
2453 5341 2739 5401 κάλλιστον
2785 5345 2997 5402 πάντων
3051 5345 3222 5421 ἑαυτῷ
3279 5346 3632 5430 συνεττίρησε²

263 5438 333 5495 τὸ
389 5435 559 5515 μηδὲν
628 5433 802 5514 ἔχειν,
863 5433 950 5488 καὶ
1007 5432 1068 5488 τὸ
1139 5431 1350 5500 λυθῆναι
1421 5433 1620 5495 παντὸς
1674 5430 1870 5508 δεσμοῦ
1922 5455 2000 5507 τῳ
2056 5434 2276 5512 παρόντι
2325 5432 2523 5508 ’κόσμῳ
2570 5434 2951 5516 συνάπτοντος,
3000 5435 3090 5496 καὶ
3136 5436 3267 5494 Θεόν
3324 5437 3437 5496 ἀντι
3485 5461 3630 5498 παν..

267 5547 373 5587 των
401 5523 732 5602 πλουτῆσαι,
765 5523 827 5582 τὸ
870 5521 1132 5602 μακάριον
1161 5519 1331 5586 ὄντως
1355 5520 1536 5597 κτῆμα
1565 5522 1653 5580 ναὶ
1680 5521 2046 5606 ἀναφαίρετον.
