3996 6178
434 268 588 348 1059

1718 268 2001 344 MENSIS
2041 266 2492 344 JANUARIUS.

3689 257 3836 332 1060

519 415 777 481 IV.Cum
802 416 1107 498 aliquanto
1138 421 1333 478 autem
1366 421 1502 496 post
1529 422 1802 494 tempore
1836 413 1933 474 vix
1965 431 2088 474 sus-

2261 414 2343 472 A'.
2403 413 2549 472 Μετὰ
2608 412 2662 470 δὲ
2722 411 2921 492 χρόνον
2963 431 3112 488 τινα,
3148 408 3248 475 τὴν
3277 403 3654 498 ἀναγνώστου
3710 400 3844 498 τάξιν

435 506 703 588 cepisset.
727 507 1002 570 ordinem
1025 506 1293 585 lectoris,
1315 522 1432 565 non
1464 502 1653 565 libros
1683 520 1888 564 sacros
1923 501 2091 580 lege-

441 595 542 658 bat
567 597 1079 670 solummodo,sed
1105 596 1283 657 etiam
1311 594 1518 673 spiritu
1549 593 1859 673 sapientiai
1881 611 1984 654 eos
2006 591 2095 652 in-

437 686 977 767 terpretabatur,et
1000 703 1210 763 magna
1230 681 1401 745 verbi
1426 683 1559 744 luce
1581 697 1637 744 et
1669 682 1828 744 bono
1851 681 2094 743 eviden-

439 773 535 836 tia:
568 775 845 836 utebatur
875 775 932 835 in
973 774 1368 853 expositione.
1399 770 1676 844 Quamvis
1707 780 1902 833 autem
1935 777 2095 832 tanta

439 872 595 924 esset
616 864 806 942 gratia
837 863 1213 943 praeditus,et
1235 861 1548 924 universus
1573 859 1826 939 populus
1861 858 2092 940 pende-

439 959 530 1013 ret
549 950 622 1012 ab
647 951 779 1030 ejus
803 951 1191 1030 lingua,aagre
1217 959 1412 1012 tamen
1447 949 1650 1011 ferens
1674 944 2092 1027 tumultus,qui

441 1047 610 1101 erant
632 1039 694 1101 in
713 1040 974 1111 civitate,
1007 1043 1275 1102 etvitans
1298 1038 1586 1120 quidquid
1623 1038 1762 1100 facit
1782 1036 1854 1099 ad
1886 1046 2090 1098 osten-

439 1127 816 1195 tationem.ut
841 1129 983 1210 quid
1009 1137 1314 1192 arceretur
1331 1147 1364 1190 a
1386 1126 1864 1208 desideriqquod
1892 1124 1966 1186 ab
1989 1126 2099 1186 ini-

439 1217 520 1279 tio
551 1218 751 1279 animo
775 1217 1342 1298 concipiebat,quod
1374 1224 1501 1278 erat
1524 1216 1633 1278 sub
1658 1219 1782 1279 Deo
1808 1216 2099 1288 vivere,et

441 1306 500 1368 ei
522 1305 634 1367 soli
657 1305 790 1368 ﬂeri
816 1305 1470 1380 manifestum,tristitia
1499 1304 1888 1380 afficiebatur,
1917 1321 2094 1382 ange-

441 1394 640 1470 batur,
665 1395 866 1457 animo
901 1396 1145 1476 plurimi
1169 1395 1424 1456 faciebat
1451 1394 1927 1468 solitudinem,et
1957 1401 2092 1453 tan-

444 1503 620 1566 quam
667 1483 792 1545 illic
823 1485 1182 1546 absconsum
1229 1485 1578 1546 inventurus
1617 1484 1987 1561 thesaurum,
2020 1480 2093 1542 ad

2175 503 2624 579 καταδεξάμενος,
2670 504 2732 560 οὗ
2803 501 2966 576 μόνον
3027 497 3213 561 ἁπλῶς
3269 499 3502 574 ὑπῆρχε
3569 492 3672 554 τὰς
3713 492 3843 568 ἱερὰς

2174 594 2631 671 ὑπαναγινώσκων
2691 589 2926 668 βίϐλους,
2974 587 3111 644 ἀλλὰ
3168 587 3255 643 καὶ
3313 585 3607 658 πνεύματι
3671 581 3844 656 σοφίας

2175 670 2536 762 διερμηνεύων
2593 683 2777 756 αὐτὰς,
2814 683 2900 737 καὶ
2955 677 3138 752 πολλῴ
3199 680 3276 750 τῷ
3329 675 3479 754 φωτὶ
3528 679 3632 762 τοῦ
3696 670 3847 762 λόγου

2176 773 2294 848 περὶ
2337 773 2436 838 τὴν
2466 771 2722 850 ἐξήγησιν
2768 771 3077 850 χρώμενος’
3139 767 3330 843 καίπερ
3387 762 3451 819 δὲ
3491 761 3646 818 οὕτω
3692 761 3845 839 χάρι-

2174 883 2270 924 τας
2303 860 2474 941 ἔχων,
2523 863 2610 917 καὶ
2673 861 2763 916 τὸν
2795 858 2923 914 λαὸν
2979 856 3186 913 ἅπαντα
3221 859 3318 921 τῆς
3352 851 3632 931 γλώττης
3691 851 3844 926 ἆνηρο

2176 935 2607 1025 “ptissana:
2665 950 2786 1010 τοὺς
2833 947 2887 1004 έν
2930 944 3088 1004 πόλει
3146 943 3530 1024 δοσχεραίνων
3577 935 3846 1018 θορύϐους,

2175 1039 2263 1094 καὶ
2336 1040 2396 1096 τὸ
2471 1037 2598 1116 πρὸς
2669 1035 2916 1101 ἐπίδειξιν
2987 1034 3126 1091 ἅπαν
3199 1031 3652 1110 περιϊστάμενος
3683 1074 3701 1100 ,
3772 1027 3848 1085 καὶ

2179 1127 2360 1206 ὥσπερ
2416 1130 2482 1194 ἧς
2554 1125 2609 1192 ἒξ
2667 1126 2844 1205 ἀρχῆς
2902 1123 3087 1181 ὤδινεν
3151 1122 3436 1197 ἐπιθυμίας
3508 1118 3843 1196 εἰργόμενος,

2177 1219 2297 1285 ἥτις
2357 1217 2421 1284 ἦν
2467 1218 2569 1273 ὑπὸ
2630 1217 2747 1289 Θεῷ
2787 1214 2904 1291 ζῇν·
2954 1213 3051 1270 καὶ
3095 1212 3266 1284 τούτῳ
3327 1209 3490 1286 μόνῳ
3570 1210 3844 1286 καταφανῆ

2177 1309 2408 1384 γίνεσθαι
2463 1303 2768 1384 ἤσχαλλεν,
2824 1302 3120 1382 ἐδυσφόρει,
3183 1301 3280 1367 τὴν
3331 1299 3582 1377 ἐρημίαν
3664 1297 3846 1372 ἡγεῖτο

2176 1401 2270 1450 τοῦ
2327 1396 2526 1459 παντὸς
2573 1394 2740 1459 ἀξίαν·
2789 1394 2876 1448 καὶ
2920 1392 3100 1470 ὥσπερ
3155 1389 3273 1445 ἐκεῖ
3320 1386 3704 1466 κεκρυμμένῳ
3757 1385 3845 1439 τινὶ

2179 1481 2391 1557 μέλλων
2439 1498 2752 1562 περιτυχεῖν
2801 1485 3069 1558 θησαυρῷ,
3134 1480 3266 1552 πρὶς
3313 1479 3493 1544 αὐτὴν
3574 1472 3845 1542 ἕσπευδενν

446 1565 576 1635 eam
602 1573 941 1638 festinabat.
972 1577 1116 1637 Cum
1151 1575 1264 1635 hoc
1289 1593 1428 1653 ergo
1451 1573 1652 1634 animo
1675 1579 1958 1644 versaret,
1981 1588 2095 1650 op—

2196 1573 2345 1635 tiitw;
2392 1572 2478 1630 ἐπὶ
2523 1580 2643 1631 νοόν
2694 1572 2864 1652 ἔχων,
2913 1571 3002 1627 τὸν
3065 1566 3366 1637 ἐπιτήδειον
3416 1565 3675 1644 φυλάξας
3732 1584 3845 1618 και-

449 1670 707 1743 portuno
733 1671 1003 1742 tempore
1034 1663 1376 1737 observato,
1407 1663 1630 1743 jubens
1661 1679 1871 1722 omnes
1900 1660 2096 1720 valere

2196 1665 2294 1737 >ὸν,
2355 1669 2486 1719 πᾶσι
2532 1665 2740 1742 χαίρειν
2799 1659 3183 1740 φθεγξάμενος,
3223 1658 3478 1731 οἰκείοις,
3542 1653 3847 1743 συγγενέσι,

449 1742 1367 1830 cognatos,amicos,familiares,
1395 1742 1635 1832 plausus
1656 1750 1882 1829 civiles,
1901 1757 2099 1810 osten-

2196 1751 2381 1832 ρίλοις,
2429 1753 2638 1830 κρότοις
2704 1750 3036 1829 πολιτικοῖς,
3099 1746 3405 1823 ἐπιδείξεσι,
3466 1747 3616 1824 πρὸς
3675 1742 3730 1799 δέ
3771 1743 3846 1797 καὶ

446 1841 730 1916 tationes,
753 1846 898 1920 quin
922 1841 1100 1901 etiam
1131 1859 1363 1915 eorum,
1393 1839 1615 1921 quibus
1647 1838 1824 1900 fiebat
1852 1837 2093 1917 injuria,

2196 1848 2257 1915 τῷ
2312 1854 2432 1906 τοῖς
2492 1839 2861 1915 ἀδικουμένοις
2923 1850 3266 1917 συνηγορεῖν,
3300 1838 3389 1893 καὶ
3436 1838 3595 1912 μήτε
3653 1844 3847 1909 μητρὸς

447 1929 925 1992 defensioneszet
948 1949 1059 1990 nec
1085 1928 1435 1990 viduitatem
1461 1929 1664 1989 matris
1686 1929 2097 2006 cogitans,nec

449 2016 675 2080 sororis
708 2036 910 2080 curam
947 2028 1258 2098 reputans,
1286 2036 1417 2098 quae
1441 2017 1695 2096 juvenili
1717 2034 1971 2096 corpore
1988 2034 2095 2076 su-

455 2105 880 2185 bieratjugum
914 2106 1298 2184 virginitatis,
1336 2123 1607 2186 opusque
1640 2104 1916 2178 habebat,
1952 2113 2014 2164 ut
2041 2102 2096 2164 ei

452 2194 774 2274 diligenter
794 2194 1205 2275 provideretur
1231 2217 1245 2257 :
1270 2203 1448 2275 atque
1468 2197 1616 2258 adeo
1647 2194 1836 2274 ipsam
1863 2210 2100 2274 quoque

452 2285 697 2345 domum
752 2301 960 2365 parum
1013 2302 1252 2358 curans,
1305 2284 1514 2346 relicta
1562 2282 1820 2356 civitate,
1871 2281 2102 2344 relictis

450 2372 756 2449 omnibus,
793 2381 912 2434 toto
949 2373 1101 2453 pede
1149 2374 1220 2434 ad
1255 2373 1429 2434 vitam
1464 2373 1722 2452 quietam
1759 2372 2097 2449 transfugit.

517 2460 896 2524 Deindecum
923 2471 1082 2524 esset
1102 2471 1243 2524 astas
1269 2462 1464 2524 adhuc
1483 2461 1918 2542 juvenilis,etsi
1941 2469 2100 2522 esset

454 2549 510 2612 ei
534 2569 754 2632 corpus
777 2559 987 2612 natura
1009 2551 1165 2613 male
1187 2552 1463 2614 affectum
1488 2560 1547 2612 et
1571 2551 2097 2627 valetudinarium,

452 2657 518 2700 se
539 2641 718 2702 tradit
737 2641 1214 2714 monasteriis,in
1239 2641 1457 2720 quibus
1471 2643 1586 2701 vita
1613 2641 1902 2720 agebatur
1929 2658 2104 2701 accu-

452 2735 642 2791 ratior
665 2737 723 2790 et
743 2730 1218 2810 asperior,quam
1243 2735 1302 2789 in
1327 2729 1482 2791 aliis:
1518 2738 1576 2790 et
1601 2747 1734 2790 cum
1771 2736 1952 2790 totam
1973 2747 2106 2790 ves-

453 2825 576 2880 tem
599 2818 859 2880 exuisset
880 2836 1015 2879 cum
1049 2818 1339 2898 sapientia
1363 2818 1697 2893 carnis,aut
1721 2825 1784 2878 ut
1803 2818 1999 2878 verius
2021 2819 2104 2880 di-

455 2923 612 2980 cam,
635 2906 790 2966 illam
845 2907 1012 2985 prius
1040 2908 1286 2980 exisset,
1323 2907 1516 2966 induit
1545 2906 1829 2966 amictum
1861 2925 1933 2967 ex
1968 2906 2104 2986 pilis

461 3002 1055 3074 contextum,corpus
1075 2993 1271 3056 adhuc
1288 2993 1583 3072 afﬂigens,
1605 3003 1664 3055 et
1683 2994 1866 3056 veluti
1887 3012 2102 3074 quam-

2180 1931 2409 2010 χηριίαν
2484 1932 2557 1994 εἷς
2633 1939 2752 1988 νοῦν
2829 1926 3036 2002 λαϐὼν,
3102 1926 3239 2002 μήτε
3324 1926 3438 2000 μὶν
3519 1921 3847 2001 προστασίαν

2181 2018 2412 2097 ἀδελφῆς
2464 2018 2922 2097 ὑπολογισάμενος
2994 2016 3115 2078 νέας
3191 2015 3266 2072 ἔτι
3342 2011 3560 2088 κομιδῇ
3635 2031 3841 2088 τυγχα-

2183 2107 2400 2184 νούσης,
2448 2110 2539 2166 τδν
2587 2109 2680 2176 τῆς
2738 2108 3019 2184 παρθενίας
3079 2127 3137 2162 τε
3189 2106 3346 2182 ζυγὸν
3408 2099 3841 2175 ἀναδεξαμένης,

2183 2197 2281 2253 καί
2353 2196 2587 2272 πολλῆς,
2648 2199 2722 2260 ὡς
2793 2198 2958 2269 εἰκὸς,
3005 2196 3252 2275 προνοίας
3325 2190 3586 2254 ἓπιδεοῦς
3662 2187 3838 2275 οὔσης,

2185 2284 2390 2360 μᾶλλον
2452 2285 2506 2342 δὲ
2539 2287 2626 2342 καὶ
2686 2287 2845 2342 αὐτοῦ
2879 2273 3175 2352 οἴκου-τὴν
3206 2280 3530 2356 ἐπιμέλειαν
3570 2280 3649 2342 εἷς
3708 2273 3843 2333 οὒδὲν

2184 2375 2432 2449 θέμενος,
2488 2373 2773 2432 ἀπολιπὼν
2830 2374 2926 2441 τὴν
2997 2371 3175 2446 πὸλιν,
3238 2373 3369 2450 πρὸς
3443 2371 3548 2426 τὸν
3621 2367 3840 2444 ἡσύχιον

2186 2463 2504 2538 αὑτομολεῐ.
2568 2473 2706 2521 Εϊτα
2737 2465 2836 2530 τῆς
2883 2461 3096 2530 ἡλικίας
3147 2461 3222 2517 ἔτι
3255 2466 3446 2539 νεαρᾶς
3510 2458 3711 2531 οὔσης,
3742 2455 3841 2508 καί·

2185 2576 2265 2611 τοι
2299 2555 2452 2634 φύσει
2493 2559 2590 2610 τοῦ
2633 2554 2882 2626 σώματος
2939 2554 3188 2630 πονήρως
3243 2552 3334 2606 καὶ
3393 2554 3638 2626 νοσερῶς
3687 2545 3836 2624 ἔχον-

2185 2665 2298 2718 τος,
2333 2656 2451 2705 τοῖς
2498 2644 2880 2722 μοναστηρίοις
2911 2655 3030 2708 τοῖς
3061 2639 3268 2718 μᾶλλον
3310 2641 3418 2696 τῶν
3455 2636 3649 2694 ἄλλων
3699 2635 3834 2710 ἀκρι-

2186 2730 2340 2798 ϐείας
2399 2730 2822 2807 ἐπειλημμένοις
2877 2732 3061 2787 ἑαυτὸν
3106 2728 3306 2803 δίδωσι,
3339 2730 3432 2784 καὶ
3488 2727 3595 2794 τὴν
3657 2726 3830 2779 ἐσθῆτα

2182 2829 2355 2878 πᾶσαν
2429 2819 2624 2885 ἀποδὺς
2677 2822 2816 2897 μετά
2866 2841 2928 2899 γε
2989 2830 3082 2880 τοῦ
3144 2819 3400 2896 σαρκικοῦ
3459 2815 3824 2896 φρονήματος,

2183 2911 2218 2978 ἢ
2288 2908 2676 2988 ταληθὲστερον
2749 2913 2945 2985 εὶπεϊν,
2991 2913 3172 2966 εκεῖ-ιο
3249 2904 3592 2986 προαποδὺς,
3654 2902 3719 2958 τὰ
3780 2899 3828 2953 ἐκ

2186 2998 2440 3078 τριχίνων
2511 3001 2798 3078 ὑφάσματα
2871 2997 3275 3078 περιϐάλλεται,
3352 2997 3577 3075 στρύχων
3651 2990 3722 3046 ἔτι
3778 2990 3829 3042 τὸ

455 3083 590 3142 dam
624 3083 844 3144 nubem
877 3093 1218 3158 attenuans,
1256 3091 1315 3144 et
1345 3083 1548 3143 lumini
1583 3083 1798 3144 mentis
1833 3082 2107 3164 praebens

2196 3087 2371 3166 σῶμα,
2407 3089 2493 3144 καὶ
2549 3090 2667 3144 οἷόν
2710 3111 2760 3144 τι
2819 3089 2973 3166 νέφος
3027 3087 3436 3162 ἁπολεπτύνων,
3472 3087 3574 3142 καί
3627 3083 3702 3156 τῷ
3754 3081 3825 3135 τοῦ

2119 3138 2169 3194 ο

457 3170 1134 3233 libertatem.Maximum
1154 3180 1354 3234 autem
1380 3171 1637 3252 ponebat
1661 3172 1922 3233 studium
1944 3172 2004 3234 in
2025 3173 2107 3234 le-

2196 3179 2280 3234 νοῦ
2349 3179 2482 3254 φωτὶ
2578 3177 2832 3256 παρέχων
2902 3179 3224 3256 ελευτερίαν,
3298 3174 3502 3254 ’Ἔργον
3577 3169 3634 3228 δὲ
3707 3169 3829 3236 αὔτῷ

456 3261 670 3340 gendis
699 3260 872 3323 libris
901 3261 1235 3324 divinarum
1281 3262 1748 3342 Scripturarum.
1781 3261 1945 3333 Quod
1978 3263 2106 3342 qui-

458 3351 598 3412 dem
622 3351 878 3412 faciebat
901 3360 1016 3412 tam
1045 3351 1364 3431 diligenter
1387 3362 1450 3414 ut
1479 3351 1594 3412 vim
1617 3369 1853 3426 eorum,
1886 3371 2016 3432 quae
2048 3359 2107 3413 in

458 3440 544 3502 eis
573 3441 1195 3516 insunt,nihilominus
1213 3441 1274 3502 in
1301 3449 1503 3502 mente
1527 3447 1604 3502 im
1614 3442 2105 3521 primeretzdein-

458 3531 532 3591 de
557 3549 738 3592 manu
763 3530 1000 3611 prapria
1022 3541 1085 3592 et
1108 3529 1314 3592 labore
1335 3531 1657 3608 digitorum
1679 3550 1776 3592 eas
1807 3531 2109 3610 interpre-

458 3629 704 3694 taretur,
738 3628 800 3681 ut
829 3620 1053 3681 dictum
1084 3630 1205 3681 est:
1250 3631 1307 3681 et
1335 3639 1467 3700 quae
1499 3631 1638 3681 sunt
1669 3621 2112 3700 comprehensu

465 3709 966 3789 diificilia,aperta
986 3708 1267 3771 redderet
1285 3709 1659 3772 studiosiszet
1676 3729 1850 3790 quam
1876 3719 2113 3771 senten-

471 3798 610 3859 tiam
634 3797 765 3878 ipse
795 3798 1118 3874 collegerat
1141 3817 1276 3860 cum
1309 3797 1536 3875 labore,
1563 3799 1857 3880 praeberet
1884 3799 1976 3878 iis,
2011 3797 2114 3878 qui

472 3886 1184 3967 volebant,accipiendam
1211 3887 1358 3948 citra
1383 3888 1566 3948 ullum
1593 3887 1953 3950 laborem.Si
1970 3906 2113 3967 ergo

472 3977 733 4057 propriis
763 3975 1067 4038 laboribus
1084 3993 1298 4058 panem
1327 3981 1616 4058 praebere,
1641 3979 1922 4038 conciliat
1951 3996 2115 4040 iner-

471 4067 1048 4141 cedem,esurientes
1069 4067 1299 4127 animas
1315 4068 1401 4127 sic
1425 4067 1978 4147 exsatiare,qnantae
1999 4068 2118 4128 fue-

467 4156 739 4218 ritcausa
756 4155 1286 4218 remunerationis?
1305 4158 1400 4218 Sic
1423 4175 1561 4235 ergo
1585 4156 1814 4217 divinas
1838 4157 2115 4236 Scriptu-

470 4263 568 4306 ras
591 4246 1252 4325 interpretans,deinde
1277 4255 1452 4306 etiam
1481 4263 1580 4306 eas
1602 4253 1844 4308 exornat
1861 4245 2116 4326 eo,quod

471 4334 544 4395 ad
570 4354 768 4397 mores
795 4336 1145 4414 pertinetmt
1175 4335 1320 4396 illud
1347 4336 1588 4415 quidem
1619 4348 1776 4397 esset
1807 4336 1880 4398 ad
1903 4338 2120 4397 mentis

2189 3263 2628 3342 σπουδαιότοτον,
2656 3255 2791 3323 ίτῶν
2853 3269 3004 3324 θείων
3071 3255 3290 3346 Γραφῶν
3347 3264 3560 3320 ἐπιέναι
3624 3260 3712 3323 τὰς
3762 3255 3828 3332 βί-

2189 3353 2350 3420 ϐλους
2413 3355 2580 3420 οὕτως
2637 3357 2911 3432 ἐμμελῶς,
2973 3359 3048 3418 ὣς
3134 3355 3281 3414 οὒδὲν
3339 3357 3506 3422 ἧττον
3566 3349 3829 3429 ἐγγράφειν

2192 3447 2259 3521 τῇ
2299 3443 2504 3518 διανοίᾳ
2557 3451 2663 3502 τῶν
2715 3446 3043 3524 ἐγκειμένων
3087 3447 3185 3512 τὴν
3242 3443 3492 3519 δύναμιν,
3528 3442 3623 3497 καὶ
3683 3433 3828 3502 οἰκείᾳ

2195 3537 2336 3615 χειρὶ
2393 3537 2481 3592 καὶ
2542 3537 2768 3611 καμάτῳ
2839 3534 3116 3592 δακτύλων
3200 3533 3566 3612 διερμηνεύειν
3657 3525 3823 3595 αὐτὰς,

2194 3625 2374 3703 ὥσπερ
2433 3625 2672 3704 εἴρηται,
2707 3626 2795 3682 καὶ
2851 3629 2998 3703 σαφῆ
3057 3624 3124 3680 τὰ
3171 3621 3448 3689 δύσληπτα
3494 3617 3690 3677 τιθέναι
3720 3623 3822 3673 τοῖς

2195 3713 2532 3792 φιλολόγοις,
2564 3712 2622 3769 ὅν
2663 3736 2722 3770 τε
2776 3716 2934 3778 αὐτὸς
2988 3713 3137 3787 πόνῳ
3180 3709 3421 3775 συνέλεξε
3480 3718 3629 3788 νοῦν,
3659 3709 3824 3792 τοῦτον

2198 3789 2415 3868 όιπόνως-
2491 3806 2745 3882 θηρᾶσθαι
2817 3803 3076 3884 παρέχειν
3147 3814 3264 3866 τοῖς
3333 3798 3702 3876 βουλομένοις.
3747 3789 3822 3884 -Εἷ

2199 3893 2287 3950 οὖν
2321 3895 2408 3968 τὸ,
2453 3880 2636 3957 πόνοις
2682 3880 2907 3958 οἰκείοις⁷
2944 3880 3101 3971 ἇρτον
3151 3889 3373 3961 διδόναι,
3406 3893 3601 3966 μισθοῦ
3649 3880 3821 3965 προξε⁶

2199 4006 2313 4055 νον,
2376 3983 2435 4036 νὸ
2509 3983 2692 4062 ψυχὰς
2751 3981 2888 4039 οὕτω
2959 3983 3209 4062 τρέφειν,
3270 3981 3449 4046 πόσης
3508 3978 3619 4035 ἐστὶ
3669 3971 3821 4062 δήπου

2199 4072 2477 4151 παραίτιον
2547 4059 2961 4148 μισθαποδοσίας
2992 4059 3016 4148 ﬁ;
3065 4059 3251 4148 ’ταύτῃ
3321 4075 3456 4150 χοῦν
3527 4068 3618 4130 τὰς
3694 4059 3818 4151 θείας

2201 4149 2558 4241 διερμηνεύων
2633 4163 2869 4242 Γραφὰς,
2942 4163 3029 4220 καί
3114 4164 3191 4235 τῷ
3257 4149 3426 4232 aetas
3485 4156 3650 4215 πάλιν
3709 4149 3816 4242 ἐπι-

2200 4237 2422 4326 κοσμεῒ⁶
2480 4252 2551 4316 ὡς
2594 4253 2656 4307 τὸ
2715 4237 2812 4324 μέν
2859 4251 3002 4308 εἶναι
3071 4252 3201 4329 πρδς
3258 4249 3534 4329 φωτισμὸν
3587 4237 3810 4308 διανοίας,

2199 4343 2262 4397 τὸ
2293 4321 2346 4396 δὲ
2399 4342 2531 4419 πρὸς
2561 4321 3080 4418 ἠθῶν-ἐπιμέλειαν.
3115 4321 3200 4397 Ἶ.Ιί
3246 4321 3452 4415 μᾶλλον
3483 4337 3613 4394 οὕτω
3661 4336 3808 4388 ποιεῖ·

471 4424 638 4484 illum
675 4428 1002 4500 nationem,
1026 4427 1137 4486 hoc
1160 4435 1354 4486 autem
1387 4425 1460 4485 ad
1505 4442 1738 4486 morum
1776 4445 1977 4488 curam
2013 4445 2107 4505 ge-

2203 4432 2278 4505 τῷ
2333 4428 2431 4506 μὲν
2487 4427 2787 4510 διαφωτίξει
2832 4431 2996 4507 μόνον
3049 4433 3142 4487 τὸν
3199 4427 3562 4509 κεκρυμμένον
3613 4420 3805 4480 πλοῦτον

470 4512 935 4592 rendam:aut,si
959 4515 1275 4580 mavis,illo
1301 4514 1547 4591 quidem
1574 4513 1901 4577 illustraret
1923 4517 2107 4577 solum

2202 4530 2293 4579 τοῦ
2336 4520 2660 4596 πνεύματος,
2720 4529 2799 4595 τῷ
2861 4522 2942 4600 δὲ,
3000 4519 3146 4584 ὅπως
3197 4517 3260 4575 ἂν
3313 4520 3403 4575 καὶ
3456 4515 3798 4600 μετάσχωεξεν,

474 4601 712 4663 divitias
735 4605 1003 4683 spiritus,
1037 4621 1168 4682 quae
1185 4605 1389 4682 jacent
1413 4606 1473 4664 in
1499 4604 1816 4684 profundo:
1844 4605 1957 4668 hoc
1979 4624 2117 4668 vero

475 4692 653 4752 etiam
691 4701 899 4772 aperte
931 4693 1282 4768 deduceret,
1315 4702 1376 4753 ut
1409 4694 1540 4772 ejus
1583 4711 1854 4754 essemus
1885 4696 2123 4775 partici-

475 4782 679 4862 pes.ln
707 4781 818 4843 hac
842 4791 1002 4860 grata
1025 4782 1223 4862 quiete
1242 4791 1298 4842 et
1319 4782 1552 4843 silentio
1585 4795 2025 4863 componuntur
2047 4786 2121 4847 ab

475 4888 546 4933 eo
569 4870 708 4932 libri
732 4872 807 4932 de
825 4871 1185 4934 sacerdotio:
1220 4872 1279 4932 in
1303 4872 1521 4952 quibus
1542 4882 1762 4952 quanta
1783 4875 2023 4954 quidem
2049 4877 2122 4938 sit

477 4960 733 5038 dignitas
777 4961 1123 5036 sacerdotii,
1150 4961 1390 5038 qualem
1433 4971 1631 5023 autem
1673 4980 1806 5024 esse
1855 4975 2123 5045 oporteat

478 5067 640 5126 eum,
666 5049 769 5130 qui
797 5051 911 5111 hoc
931 5059 1024 5113 est
1045 5049 1634 5129 dignatus,accurate
1654 5051 1936 5114 ostendit.
1958 5054 2124 5116 Tunc

477 5139 650 5201 etiam
702 5139 916 5202 scribit
943 5145 1272 5203 orationem
1331 5142 1404 5202 ad
1460 5141 1782 5218 quamdam
1829 5141 2122 5207 illustrem

479 5230 820 5306 mulierem,
855 5248 989 5311 quae
1021 5232 1193 5312 paulo
1239 5238 1375 5292 ante
1404 5231 1634 5291 viderat
1666 5240 1899 5293 noctem
1929 5233 2123 5295 vidui-

479 5320 636 5396 tatis,
673 5331 734 5380 et
766 5339 979 5399 magno
1011 5322 1172 5383 luctu
1206 5319 1579 5400 gravabatur,
1611 5337 1744 5381 eam
1778 5321 2001 5384 leniter
2023 5342 2122 5386 re-

480 5426 714 5480 creans,
751 5416 810 5469 et
840 5413 1168 5471 ostendens
1200 5409 1549 5470 viduitatem
1583 5428 1700 5469 non
1732 5428 1864 5473 esse
1895 5429 2022 5474 rem
2046 5414 2126 5474 vi-

481 5497 602 5560 lem
626 5497 1020 5576 etabjectam:
1053 5499 1159 5560 sed
1191 5517 1464 5575 magnam
1488 5507 1548 5559 et
1572 5500 1974 5562 venerandam
1995 5521 2126 5568 esse

481 5589 613 5669 ejus
631 5587 1012 5673 dignitatem,
1043 5606 1297 5668 eamque
1319 5588 1552 5668 magnis
1572 5588 1848 5652 laudibus
1870 5608 2003 5656 esse
2033 5593 2128 5658 di.

2201 4616 2384 4688 σαφῶς
2460 4591 2783 4673 ἓκδιδάσκειξ
2855 4591 2943 4668 Ἐν
3013 4610 3182 4684 ταύτῃ
3247 4614 3317 4683 τῇ
3387 4591 3655 4685 φιλησύχῳ
3705 4591 3797 4647 δια·

2201 4704 2379 4778 γωγῇ,
2441 4699 2530 4755 καὶ
2560 4700 2608 4755 οἱ
2667 4700 2790 4776 περῖ
2850 4704 2947 4767 τῆς
3001 4699 3292 4777 ἱερωσύνης
3335 4697 3478 4769 αὒτῴ
3525 4688 3800 4751 συντάττον-

2200 4777 2288 4846 ται
2319 4787 2495 4865 λόγοι·
2531 4787 2586 4843 ἓν
2639 4788 2724 4854 οἷς
2755 4788 2878 4846 ὅσον
2923 4789 3021 4864 μὲν
3050 4789 3110 4844 τὸ
3139 4789 3246 4852 τῶς
3275 4787 3561 4866 ἱερωσύνης
3609 4777 3797 4848 ἀξίωμα,

2203 4882 2392 4934 ὁποῖον
2446 4875 2502 4933 δὲ
2531 4876 2615 4932 δεῖ
2666 4879 2810 4934 εἶναι
2843 4880 2932 4936 τὸν
2965 4878 3278 4958 ἱερωμένον,
3327 4871 3555 4954 ἀκριϐῶς
3591 4869 3797 4958 δείκννσι-

2203 4967 2334 5026 Τότε
2391 4967 2480 5023 καὶ
2523 4966 2654 5046 πρός
2698 4989 2814 5024 τινα
2838 4969 2946 5025 τῶν
3004 4955 3306 5046 περιφανῶν
3364 4969 3622 5044 γυναιιιῶν
3669 4955 3798 5046 λτξῖοξ

2206 5057 2519 5136 συγγράφει,
2565 5039 2686 5133 ’ἄρτι
2747 5058 2974 5138 χηρείας
3023 5039 3234 5116 ἰδοῦσαν
3294 5039 3477 5131 νὺκτα,
3533 5053 3616 5110 καὶ
3651 5039 3801 5138 ποίαλῷ

2208 5133 2294 5220 τῷή
2322 5133 2513 5202 ⁷πένθει
2567 5133 3201 5226 ταύτης-βαρυνομένην,
3267 5142 3486 5220 ὁμαλῶς
3537 5133 3799 5226 ἀνακτώμξ·

2206 5258 2297 5300 νος
2352 5238 2439 5291 καὶ
2497 5233 2724 5311 δεικνὺς,
2777 5235 2859 5292 ὅτι
2905 5236 2982 5314 μὴ
3041 5237 3177 5293 πάνυ
3223 5232 3407 5299 ἄδοξον
3458 5233 3544 5290 καὶ
3596 5219 3801 5314 ταπεινδγ

2209 5328 2244 5394 ἦ
2301 5325 2520 5404 χηρεία,
2581 5305 2721 5381 ἄλλα
2787 5327 2877 5382 καὶ
2905 5305 3080 5403 ’μέγα
3136 5325 3224 5381 καὶ
3295 5325 3492 5399 σεμνὸν
3549 5321 3708 5404 αὐτῆς
3752 5305 3800 5404 τξ

2209 5395 2435 5493 ἀξίωμα,
2488 5395 2576 5470 καὶ
2637 5413 2851 5472 πολλῶν
2909 5395 3142 5481 ἀξιοῦται
3204 5415 3309 5473 τῶν
3361 5395 3636 5492 έγκωμίων
3674 5401 3710 5499 ’ἦ

2207 5505 2307 5574 τὴν
2354 5501 2648 5572 συνείδησιν
2700 5504 2972 5584 φυλάξασα
3027 5511 3108 5580 τῷ
3147 5502 3576 5583 κατοιχομένῳ,
3615 5494 3689 5555 καὶ
3738 5494 3799 5585 [fit

2212 5592 2471 5673 δευτέροις
2513 5593 2706 5674 γάμοις
2764 5595 2959 5666 ἑαυτήν
3014 5614 3070 5651 τε
3127 5592 3318 5669 ἄτιμον
3371 5593 3550 5671 θεῖσα,
3604 5585 3678 5646 καὶ
3722 5593 3800 5641 της
