3996 6178
419 256 571 328 1063

1706 251 1991 321 MENSIS
2035 250 2493 322 IANUARIUS.

3634 262 3771 331 ιωι

413 420 575 468 crem
610 414 905 461 sommum
933 394 1284 476 sumpsisse,
1318 412 1451 456 cum
1482 401 1642 457 esset
1672 409 1859 473 opus:
1892 394 1981 456 sic
2010 400 2209 455 autem
2256 396 2582 475 sumpsisse
2614 419 2628 456 :
2663 396 2824 462 funis
2853 415 2923 460 ex
2957 396 3077 460 alto
3103 396 3551 475 dominabatur,
3584 400 3775 481 alliga-

412 498 506 555 tus
555 486 887 552 extremis:
935 485 1027 547 cui
1070 493 1127 546 et
1176 482 1449 544 manibus
1504 492 1563 545 et
1605 481 1789 544 barba
1836 483 1969 560 ipse
2027 482 2312 559 innitens,
2361 485 2678 565 quemdam
2726 486 3052 563 modicum,
3106 506 3304 570 neque
3350 491 3620 570 ﬁrmum,
3677 492 3775 555 sed

411 580 776 644 imbecillum
808 584 865 638 et
893 578 1241 636 ementitum
1272 572 1569 633 somnium
1603 572 1895 650 gustabat.

494 671 720 733 V.Cum
743 667 827 728 sic
860 665 1037 726 vitam
1067 662 1476 741 ageret,valde
1498 661 1741 738 quidem
1777 661 2019 723 studeba

2103 698 2111 719 ι
2217 664 2304 727 E'.
2340 664 2493 723 Οὕτω
2521 666 2759 740 μετιόντι
2790 668 2881 723 τὸν
2924 667 3035 743 βίον
3066 666 3250 727 λαθεῖν
3314 670 3412 745 μέν
3460 671 3611 743 αὖτῷ
3666 668 3776 726 διε-

411 760 689 833 latere,et
712 753 1014 817 neminem
1039 750 1395 831 habere,qui
1418 760 1575 812 esset
1592 752 1726 830 ejus
1743 750 2045 812 conscius.

409 847 568 911 Nulli
592 847 752 909 enim
802 859 1033 922 eorum,
1066 842 1166 921 qui
1210 841 1363 901 mala
1385 840 1672 913 fecerant,
1696 849 1762 900 ut
1794 839 1882 901 illi
1913 857 2047 901 om-

413 939 553 1001 nino
578 953 737 999 curaa
755 932 864 995 fuit
886 928 1227 993 latere.Hoc
1251 940 1451 991 autem
1479 940 1605 991 erat
1634 929 2045 1003 difﬁcile,cum

410 1037 469 1091 et
499 1028 689 1089 virtus
714 1024 799 1085 sic
818 1040 882 1083 se
913 1019 1131 1084 habeat
1160 1028 1394 1095 natura,
1429 1028 1489 1080 ut
1521 1038 1685 1094 eum,
1720 1020 1821 1100 qui
1855 1020 2045 1100 ipsam

408 1123 668 1190 exercet,
704 1112 890 1173 soleat
918 1111 1119 1173 facere
1150 1109 1527 1170 manifestum
1560 1128 1574 1172 :
1612 1119 1668 1169 et
1700 1111 1859 1172 Deus
1891 1127 2043 1187 pra:-

406 1214 569 1269 terea
585 1203 731 1267 velit
754 1202 1044 1263 cultorem
1070 1218 1243 1260 suum
1266 1198 1624 1277 gloriﬁcare.
1652 1200 1853 1277 Itaque
1876 1198 2041 1259 illum

406 1313 644 1377 quoque
670 1292 759 1354 sic
783 1290 843 1352 in
866 1288 1189 1369 praesentia
1210 1286 1539 1368 aperit.Vir
1559 1288 1796 1377 quidam
1823 1306 2043 1366 genere

402 1376 609 1466 Syrus,
643 1377 1257 1458 nomineHesychius,
1291 1387 1459 1440 aetate
1482 1376 1723 1459 quidem
1742 1378 1866 1466 jam
1903 1396 2042 1456 pro-

396 1465 630 1546 vectus,
665 1479 935 1549 tempore
967 1480 1163 1528 autem
1192 1467 1319 1528 fere
1351 1485 1588 1547 quoque
1616 1465 1903 1546 aequalem
1935 1467 2035 1528 ha-

396 1558 575 1622 bebat
599 1557 1087 1621 exercitationem
1128 1556 1419 1635 :quiipse
1444 1574 1681 1636 quoque
1721 1563 1849 1616 erat
1884 1574 2040 1617 unus

398 1667 469 1711 ex
495 1648 746 1729 illis,qui
763 1646 824 1708 in
848 1662 1018 1706 sacro
1046 1645 1148 1704 illo
1176 1645 1607 1706 exercebantur
1631 1645 1993 1706 monasterio
2021 1667 2033 1708 :

395 1742 567 1819 cujus
589 1736 852 1816 vestigiis
877 1734 1153 1796 insistere
1175 1733 1456 1815 cupiebat
1481 1752 1731 1813 magnus
1753 1733 2039 1796 illeJoan-

394 1830 674 1904 nes,dum
701 1829 969 1888 nondum
995 1831 1152 1885 esset
1175 1826 1393 1886 virtute
1411 1823 1777 1885 summus.Ei
1798 1833 2036 1885 noctur-

392 1936 501 1981 nas
524 1935 734 1999 preces
759 1918 882 1979 Deo
908 1913 1177 1975 oﬁ'erenti
1202 1912 1747 1993 apparetquiddam
1766 1912 2031 1973 divinum

391 2015 450 2069 et
478 2008 712 2083 fortius,
747 2022 925 2086 quam
984 2011 1047 2063 ut
1106 2002 1162 2063 id
1214 2002 1438 2063 intueri
1490 2001 1733 2061 humani
1791 2010 2037 2081 possent

2133 753 2397 830 φερόντως
2451 757 2519 822 ἧν
2561 754 2598 820 ἦ
2629 752 2861 829 σπουδὴ,
2893 758 2981 813 καὶ
3026 755 3235 833 μηδένα
3282 758 3432 838 ἔχειν
3497 760 3654 817 κάτω
3691 762 3773 815 τὶν

2134 841 2424 901 συνειδότα.
2464 841 2643 902 Οὐδενὶ
2696 844 2796 922 γὰρ
2847 844 2987 902 οὕτω
3030 852 3137 903 τῶν
3166 848 3233 906 τὰ
3263 848 3473 925 πονηρά
3510 847 3773 927 δρώντων,

2131 933 2205 991 ὡς
2261 931 2448 1005 ἐκείνῳ
2523 934 2734 998 πάντως
2792 933 3024 1009 ἐμέλησε
3096 938 3159 992 τὸ
3226 936 3432 999 λαθεῖν.
3500 944 3675 996 Τοῦτο
3722 935 3771 992 δὲ

2129 1015 2326 1097 κομιδῇ
2381 1020 2661 1101 δυσχερὲς,
2707 1024 2857 1101 φύσει
2904 1045 2959 1080 τε
3003 1032 3100 1093 τῆς
3157 1025 3352 1101 ἀρετῆς
3408 1027 3587 1090 οὕτως
3616 1027 3770 1105 ἑχού-

2129 1130 2252 1183 σης,
2300 1112 2389 1166 καὶ
2426 1119 2517 1167 τοῦ
2562 1118 2693 1168 Θεοῦ
2734 1109 2967 1183 δοξάζειν
3023 1116 3114 1170 τὸν
3186 1116 3520 1194 θεραπευτὴν
3578 1113 3770 1191 βουλο-

2128 1197 2309 1272 μένου.
2376 1198 2552 1265 Δῆλον
2588 1208 2870 1277 τοιγαροῦν
2903 1202 3111 1259 έκεῖνον
3143 1212 3231 1261 και
3283 1203 3415 1268 τέως
3475 1202 3634 1260 τόνδε
3690 1205 3773 1260 τὸν

2124 1289 2319 1373 τρόπον
2377 1301 2550 1351 ποιεῖ,
2598 1287 2766 1369 Ἀνήρ
2807 1312 2889 1355 τις
2949 1298 3026 1365 τῷ
3086 1292 3226 1369 γένει
3258 1295 3448 1373 Σύρος,
3500 1294 3609 1359 τὴν
3639 1292 3773 1361 κλῆο

2124 1399 2207 1432 σιν
2243 1367 2519 1457 ’Πσύχιος,
2578 1378 2678 1445 τήν
2739 1367 2986 1436 Ἧλικίαν
3042 1367 3773 1461 προϐεόηκῶςίσύγχρονον

2124 1466 2306 1544 ὀλίγου
2361 1469 2461 1534 τὴν
2519 1466 2748 1534 ἄσκησιν
2804 1468 2974 1549 ἔχων,
3008 1470 3094 1532 εἷς
3127 1473 3213 1527 καὶ
3266 1474 3424 1535 αὐτὸς
3481 1477 3598 1527 τῶν
3641 1471 3771 1529 κατᾶ

2124 1556 2220 1622 τὴν
2277 1557 2420 1633 ἱερὰν
2482 1555 2690 1623 έκείνην
2746 1558 2915 1633 μονὴν
2970 1556 3338 1634 ἀσκουμένων,
3402 1562 3463 1617 οὗ
3518 1563 3611 1617 καὶ
3658 1560 3770 1617 κατ’

2123 1642 2283 1724 ἴχνος
2315 1646 2515 1721 βαίνειν
2543 1649 2569 1702 ὁ
2604 1646 2771 1725 μέγας
2806 1646 3016 1726 ἠγάπα,
3076 1647 3178 1712 ἕως
3234 1648 3382 1707 ὦπω
3425 1652 3529 1719 τὴν
3582 1650 3770 1727 ἄρετὴν

2121 1732 2280 1812 ἄκρος
2324 1737 2413 1801 ἦν.
2454 1736 2633 1807 τούτῳ
2679 1734 2742 1803 δὴ
2774 1738 2963 1797 νυκτὸς
3014 1738 3087 1802 είς
3147 1740 3455 1821 προσευχὴν
3502 1740 3773 1815 ἱσταμένω

2116 1824 2356 1903 φαίνεταί
2408 1844 2457 1879 τι
2514 1827 2660 1880 θεῖον
2726 1825 2820 1882 καὶ
2884 1824 3174 1905 ὀφθαλμῶν
3229 1827 3576 1908 ὑψηλότερον
3612 1850 3625 1862 ·
3689 1832 3770 1885 καὶ

2115 1912 2296 1989 ὥσπερ
2349 1914 2423 1977 εἷς
2479 1913 2638 1987 μέσον
2683 1916 2811 1972 αὒτὸ
2858 1919 3032 1974 θεῖναι
3093 1916 3343 1995 γλώττης
3393 1918 3575 1998 ἁγὼν,
3638 1918 3770 1976 οὕτω

2114 1999 2179 2069 δὴ
2236 2004 2323 2059 καὶ
2367 2004 2589 2059 ἀκοῦσαι
2648 2003 2833 2061 καινόν
2892 2027 2941 2062 τι
2973 2009 3060 2063 καὶ
3090 2006 3555 2088 φρικωδέστατον,
3606 2007 3767 2065 Ἀλλὰ

388 2094 738 2175 oculi,quod
766 2103 826 2156 et
857 2100 1095 2154 veretur
1114 2091 1313 2170 lingua
1332 2092 1388 2151 in
1416 2090 1679 2151 medium
1703 2090 2019 2173 adducere1

2115 2091 2406 2172 προσέχειν
2464 2090 2580 2148 δέον
2630 2094 2722 2149 τόν
2780 2100 2925 2155 νοῦν.
2994 2098 3092 2154 Καὶ
3148 2098 3247 2175 γὰρ
3297 2096 3445 2156 οσῖιδὲν
3479 2099 3649 2167 ἦττον
3679 2104 3767 2154 τοῦ

388 2193 448 2247 et
476 2185 631 2267 quod
659 2193 751 2247 est
780 2182 987 2245 auditu
1018 2180 1294 2261 inprimis
1320 2178 1757 2241 horribile.Sed
1792 2188 1881 2241 est
1916 2180 2026 2241 ad-

387 2272 690 2337 hibendus
713 2270 1214 2333 animus.Etenim
1248 2287 1365 2330 non
1401 2270 1599 2330 minus
1632 2278 1813 2347 metu,
1849 2288 2024 2349 quam

383 2362 682 2445 voluptate
716 2365 895 2423 mixta
929 2370 1017 2422 est
1048 2359 1332 2422 narratio.
1403 2356 1523 2419 Viri
1583 2358 1824 2439 quidam
1864 2369 2025 2421 veste

385 2451 903 2531 candidi,aspectu
927 2447 1295 2521 terribiles,e
1317 2446 1467 2509 coelo
1487 2448 1731 2524 quidem
1752 2445 1864 2509 visi
1887 2458 2025 2510 sunt

384 2539 456 2601 ad
480 2560 614 2603 eum
642 2540 1037 2602 descendere:
1060 2536 1273 2600 Joanni
1301 2555 1437 2599 vero
1469 2537 1669 2614 lingua
1703 2539 2023 2618 aureo,qui

382 2631 510 2710 ipse
543 2648 779 2711 quoque
811 2636 986 2689 noctu
1025 2627 1405 2708 precabatur,
1434 2626 1639 2688 venire
1670 2627 1729 2689 in
1762 2645 2019 2708 conspe-

378 2717 700 2781 ctum.Visi
723 2724 1107 2790 suntautem,
1141 2734 1296 2777 unus
1321 2716 1561 2796 quidem
1596 2714 1841 2789 librum,
1873 2716 2025 2778 alter

378 2817 580 2870 autem
605 2807 801 2868 claves
830 2804 1054 2865 habere
1084 2805 1145 2865 in
1180 2803 1725 2866 manibus.Deinde
1754 2807 2022 2867 Joannes

379 2914 526 2957 nova
554 2895 657 2957 illa
688 2912 895 2956 eorum
927 2892 1117 2955 forma
1146 2891 1612 2973 obstupefactus,
1647 2892 1863 2954 timore
1911 2893 2021 2954 fuit

380 2993 784 3066 correptus,et
806 3000 870 3044 se
888 2980 1065 3043 simul
1092 2980 1259 3042 humi
1282 2979 1627 3061 dejecit.Illi
1654 2988 1850 3042 autem
1875 2999 2015 3043 eum

382 3091 562 3136 manu
593 3072 1139 3154 apprehendentes,
1168 3070 1477 3149 eriguntet
1508 3078 1670 3132 metu
1694 3070 2020 3148 solvunt,et

2112 2178 2278 2259 φόϐου
2321 2184 2409 2237 καὶ
2453 2179 2623 2258 ἡδονῇ
2654 2183 3012 2261 συγκέκραται
3072 2186 3134 2242 τὸ
3178 2185 3449 2263 διήγημα.
3488 2188 3601 2245 Δύο
3626 2188 3763 2251 τινὲς

2111 2267 2293 2349 ἄνδρες
2354 2269 2532 2329 λεοκοὶ
2575 2272 2675 2337 τὴν
2718 2272 2939 2353 στολὴν,
2975 2273 3187 2353 φοϐεροὶ
3238 2278 3337 2343 τὴν
3385 2275 3541 2353 ὄψιν,
3603 2278 3762 2356 ούρα-

2108 2360 2255 2418 νόθεν
2301 2359 2480 2426 ἔδοξαν
2524 2364 2668 2437 αύτῷ
2698 2362 3000 2440 κατελθεῖν,
3067 2366 3153 2421 καὶ
3198 2370 3276 2439 τῷ
3330 2366 3560 2445 μεγάλῳ
3588 2369 3759 2441 τούτῳ

2106 2453 2194 2506 καὶ
2251 2454 2399 2524 αὖτῷ
2454 2450 2847 2531 προσεύχεσθαι
2903 2455 3206 2532 φαινομένῳ
3260 2457 3398 2513 κατὰ
3464 2456 3759 2535 προσώπον

2105 2540 2421 2617 προσελθεῖν
2456 2558 2474 2577 ⁸
2519 2542 2594 2595 ὧν
2637 2544 2667 2596 ὁ
2727 2540 2827 2617 μὲν
2874 2544 3064 2624 τόμον,
3124 2543 3303 2624 ἕτερος
3337 2543 3394 2601 δὲ
3421 2545 3591 2610 κλεῖς
3623 2568 3753 2604 κατ-

2103 2631 2253 2711 έχειν
2310 2630 2490 2704 ἐῴκει,
2549 2633 2649 2689 Τὸν
2703 2629 2960 2699 Ἰωάννην
3000 2631 3056 2688 δὲ
3101 2636 3163 2689 τὸ
3224 2636 3408 2692 καινὸν
3438 2638 3625 2693 αὐτῶν
3666 2645 3752 2693 τοῦ

2103 2719 2278 2784 εἴδους
2333 2719 2769 2797 καταπλαγέντα,
2829 2720 2979 2801 φόϐῳ
3051 2722 3344 2802 ληφθῆναι,
3407 2726 3502 2781 καὶ
3572 2748 3747 2803 παρα⁶

2103 2809 2297 2887 χρῆμα
2352 2808 2642 2887 σύντρομον
2700 2810 2886 2866 ἑαυτὸν
2964 2817 3031 2887 τῇ
3112 2817 3184 2889 γῇ
3254 2812 3746 2891 προσκαταϐιλειν,

2102 2899 2237 2961 τοὺς
2294 2896 2349 2953 δὲ
2410 2904 2512 2956 τῶν
2600 2905 2803 2976 χειρῶν
2894 2898 3316 2977 ἐπιλαϐομένους
3373 2900 3745 2979 διαναστῆσαι,

2102 2986 2244 3042 λύειν
2286 3009 2343 3043 τε
2398 2989 2490 3043 τὶν
2553 2985 2713 3067 φόϐον
2769 2987 2938 3068 αὐτῷ,
2997 2991 3084 3046 καὶ
3145 2989 3358 3069 θαῤῥεῖν
3415 2990 3742 3071 έγκελεύειν.

2101 3077 2188 3150 Τῷ
2244 3077 2545 3152 πυθομένῳ,
2593 3078 2727 3143 τίνες
2776 3078 2838 3134 ἂν
2889 3080 3032 3154 εἷεν,
3069 3079 3191 3159 οἵγε
3222 3080 3565 3151 τηλικαύτης
3597 3082 3743 3150 δόξης

370 3164 585 3244 jubent
625 3181 759 3225 eum
794 3178 928 3223 esse
959 3159 1115 3222 bono
1149 3160 1372 3222 animo.
1407 3158 1550 3223 Cum
1581 3178 1720 3221 vero
1750 3170 2017 3240 rogasset

2103 3164 2387 3239 ἠξιωμένοι
2420 3168 2551 3244 πρὸς
2611 3167 2769 3223 αὐτὸν
2826 3158 3151 3243 ὲληλύθασι,
3200 3170 3279 3245 μὴ
3305 3167 3496 3251 φοϐοῦ,
3535 3174 3743 3235 τούτους

379 3271 627 3333 magnus
654 3251 943 3323 Joannes,
989 3249 1251 3338 quinam
1306 3259 1528 3325 essent,
1568 3253 1668 3330 qui
1700 3268 1836 3311 cum
1870 3252 2014 3312 tanti

2103 3255 2272 3312 εἰπεῖν
2309 3270 2322 3284 ’
2371 3256 2419 3313 oi
2452 3253 2532 3329 δὲ,
2583 3257 2750 3330 ἡμεῖς
2807 3255 3011 3332 ἥκομέν
3078 3279 3160 3315 σοι
3219 3249 3554 3338 πεμφθέντες
3610 3260 3744 3334 παρὰ

375 3342 677 3417 essent,ad
705 3360 840 3403 eum
864 3337 1138 3401 venirent
1172 3355 1185 3398 :
1216 3338 1321 3399 sed
1349 3358 1424 3399 ne
1455 3338 1688 3411 timeas,
1722 3339 1811 3401 illi
1841 3340 2011 3402 dixe-

2103 3351 2347 3422 Χριστοῦ.
2386 3349 2519 3402 Εἶτα
2550 3347 2641 3401 τὸν
2671 3346 2768 3421 μὲν
2793 3347 2892 3414 τὴν
2923 3360 3090 3427 χεῖρα
3122 3337 3426 3405 ἐκτείναντα
3455 3351 3551 3407 τὸν
3583 3351 3742 3422 τόμον

374 3429 663 3495 runt.Nos
685 3432 845 3493 enim
872 3438 1147 3491 venimus
1178 3428 1251 3490 ad
1278 3428 1534 3502 te,missi
1565 3448 1597 3489 a
1629 3428 1885 3491 Christo.
1914 3430 2013 3491 Sic

2103 3432 2410 3513 ἐπιδιδόναι,
2450 3432 2601 3501 Δέξαι
2645 3437 2814 3515 τουτὶ,
2869 3435 3119 3517 λέγοντα,
3180 3439 3241 3494 τὸ
3300 3436 3538 3515 βιϐλίον,
3603 3440 3739 3518 Ἐγὼ

370 3522 744 3598 dixerunt,et
774 3519 975 3582 statim
1009 3518 1159 3580 alter
1192 3537 1398 3580 eorum
1435 3536 1644 3579 manus
1672 3518 2007 3598 porrigens,

2103 3525 2193 3603 γὰρ
2241 3523 2522 3597 ’[ωάννης,
2588 3527 2734 3604 ᾧπερ
2789 3527 2819 3594 ἡ
2871 3532 2966 3582 τοῦ
3019 3533 3153 3584 Θεοῦ
3215 3534 3372 3606 σοφία
3434 3530 3497 3585 τὸ
3549 3532 3736 3595 στῆθος

372 3610 542 3674 dicit:
570 3610 693 3673 Hoc
716 3610 945 3689 accipe.
979 3609 1040 3669 ld
1075 3616 1273 3670 autem
1301 3617 1426 3669 erat
1458 3608 1631 3669 liber.
1668 3606 1789 3687 Ego
1821 3610 2006 3686 enim,

370 3700 587 3782 inquit,
614 3718 743 3761 sum
769 3702 1054 3775 Joannes,
1080 3697 1177 3761 cui
1206 3698 1309 3761 Dei
1343 3697 1636 3777 sapientia
1667 3708 1875 3778 pectus
1907 3699 2004 3761 di-

372 3790 532 3850 misit
563 3797 622 3850 et
652 3789 920 3869 permisit
946 3790 999 3863 5,
1034 3796 1101 3850 ut
1153 3805 1335 3868 super
1363 3789 1555 3867 ipsum
1588 3789 2007 3850 recumberem

367 3879 517 3941 nihil
544 3880 947 3950 veritus.Quaa
979 3876 1085 3938 tibi
1108 3896 1346 3957 quoque
1378 3896 1483 3957 per
1513 3896 1622 3937 nos
1646 3878 1819 3939 faciet
1843 3877 2007 3941 Scri-

366 3976 568 4049 pturas
586 3969 1029 4049 comprehenso
1052 3967 1352 4039 faciles,et
1372 3966 1717 4028 deducetad
1741 3968 1897 4029 illius
1916 3987 2007 4029 co»

360 4060 712 4138 gnitionem.
746 4056 1037 4121 Similiter
1068 4065 1263 4118 autem
1300 4055 1452 4117 alter
1494 4074 1733 4137 quoque
1768 4075 2005 4119 manum

363 4148 696 4227 porrigens:
728 4145 1265 4227 Accipe,dicit,has
1287 4144 1603 4206 claves.Me
1627 4156 1820 4206 autem
1854 4150 2009 4208 scias

364 4254 495 4298 esse
528 4236 900 4311 Petrum,cui
935 4253 1020 4297 ea:
1049 4234 1285 4296 fuerant
1314 4252 1346 4294 a
1382 4236 1503 4296 Deo
1535 4235 1786 4296 traditae.
1821 4234 2006 4307 Quem

364 4342 522 4387 nunc
543 4344 783 4406 quoque
801 4324 982 4386 crede
1006 4343 1111 4404 per
1134 4341 1229 4385 me
1252 4324 1459 4385 eadem
1479 4333 1534 4385 te
1553 4324 1781 4403 dignari
1796 4326 2004 4407 gratia,

361 4417 512 4478 adeo
545 4426 608 4479 ut
657 4434 1033 4500 quaecunque
1084 4416 1360 4496 ligaveris
1416 4426 1517 4478 aut
1542 4418 1792 4479 solveris
1822 4436 2005 4499 super

364 4509 699 4584 terram,ita
736 4508 912 4570 etiam
939 4524 1005 4569 se
1030 4508 1288 4570 habeant
1309 4505 1368 4567 in
1393 4507 1679 4569 caelis.Ad
1704 4506 1829 4569 hzec
1860 4526 2000 4569 cum

362 4594 688 4659 beatusille
711 4596 1191 4670 erubesceret,et
1213 4604 1695 4657 consternaretur
1716 4597 1999 4673 auimo,et

361 4694 523 4747 tanta
549 4686 739 4765 gratia
764 4704 829 4749 se
852 4704 985 4749 esse
1007 4686 1301 4748 indicaret
1331 4684 1669 4765 indignum,
1697 4685 1880 4748 divini
1916 4687 1999 4748 illi

2022 4740 2069 4796 D

2093 3614 2285 3693 ἐνῆκε,
2318 3615 2406 3670 καὶ
2458 3614 2737 3671 ἐπιπεσεῖν
2800 3614 2943 3688 αὐτῷ
3002 3614 3325 3693 παρεδέξατο
3359 3632 3372 3647 ⁸
3409 3617 3531 3684 ἥτις
3559 3617 3624 3689 δή
3657 3640 3732 3675 σοι

2092 3705 2177 3759 καὶ
2238 3702 2302 3759 δι’
2366 3704 2522 3771 ἡμῶν
2579 3704 2647 3761 τὰ
2702 3710 2809 3760 τῶν
2872 3708 3092 3784 Γραφῶν
3169 3705 3361 3764 εὔλυτα
3416 3709 3598 3789 θήσει,
3651 3709 3733 3764 καὶ

2090 3793 2497 3873 χειραγωγήσει
2556 3793 2753 3861 ταύτης
2804 3804 2936 3872 πρὸς
2993 3794 3094 3862 τὴν
3151 3795 3436 3873 ἐπίγνωσιν
3469 3814 3482 3828 ⁸
3545 3801 3636 3855 τὸν
3688 3794 3730 3852 δ’

2092 3880 2258 3938 ἄλλον
2315 3882 2405 3938 καὶ
2462 3882 2619 3939 αὒτὸν
2675 3882 2775 3949 τὴν
2822 3896 2989 3963 χεῖρα
3038 3884 3316 3963 ὀρέγοντα,
3348 3884 3514 3967 δέξαι,
3552 3888 3724 3967 φάναι,

2091 3971 2248 4028 τάσδε
2300 3972 2395 4036 τὰς
2453 3970 2629 4036 κλεῖς.
2692 3972 2823 4049 Ἐμὲ
2884 3971 2938 4028 δὲ
3002 3973 3198 4052 Πέτρον
3259 3974 3396 4054 ἴσθι,
3448 3978 3540 4033 τὸν
3596 3976 3727 4053 παρὰ

2092 4069 2225 4119 Θεοῦ
2285 4062 2477 4125 ταύτας
2561 4061 2978 4145 ἔγχειρισθὲντα,
3049 4063 3108 4118 ὃν
3160 4063 3258 4121 καΐ
3326 4072 3412 4123 νῦν
3462 4064 3535 4122 δι’
3602 4066 3724 4142 ὶμοῦ

2090 4152 2304 4208 πίστευε
2343 4155 2440 4219 τῆς
2486 4150 2649 4217 αὒτῆς
2678 4172 2735 4207 σε
2765 4152 2991 4233 χάριτος
3021 4151 3198 4219 ἀξιοῦν
3232 4169 3247 4185 ⁸
3311 4153 3451 4211 ὥστε
3511 4156 3609 4212 ὅσα
3664 4156 3722 4209 ἃν

2090 4238 2254 4317 δήσῃ,
2302 4239 2338 4307 ἢ
2399 4239 2562 4319 λύσῃς
2623 4239 2713 4297 ini
2759 4244 2858 4309 τῆς
2902 4246 3033 4322 γῆς,
3086 4239 3338 4318 δεδεμένα
3368 4243 3534 4301 τᾶὖτα
3563 4244 3713 4317 εἶναι,

2089 4330 2125 4398 ἣ
2160 4329 2421 4405 λελυμένα
2444 4331 2532 4386 καὶ
2563 4329 2617 4386 έν
2648 4343 2763 4397 τοῖς
2794 4332 3066 4411 οὐρανοῖς.
3122 4333 3260 4410 Πρὸς
3308 4340 3475 4390 ταῦτα
3524 4332 3577 4390 δὲ
3633 4334 3713 4389 τὸν

2088 4420 2351 4498 μακάριον
2413 4419 2843 4501 δυσωπούμενον,
2926 4420 3108 4497 ὥσπερ
3193 4424 3283 4479 καὶ
3336 4424 3706 4498 ὑποπίπτοντα,

2085 4511 2173 4568 καὶ
2230 4508 2461 4591 ἀνάξιον,
2526 4508 2713 4567 ἑαυτὸν
2788 4511 3032 4591 κρίνοντα
3092 4512 3317 4592 χάριτος
3372 4512 3696 4581 τηλικαύτης,

2083 4600 2208 4663 τοὺς
2292 4599 2459 4664 θείους
2542 4597 2773 4665 ἐκείνους
2878 4599 3065 4680 ἄνδρας
3137 4600 3546 4679 ἀναλαμϐάνειν,
3621 4598 3698 4654 καὶ

2082 4689 2302 4768 θάρσους
2354 4690 2512 4747 αὐτὸν
2570 4687 2911 4765 έμπιμπλᾷν.
2974 4691 3112 4749 Εἶτα
3169 4692 3258 4749 καὶ
3302 4691 3705 4771 έπιχαράξαντας

358 4775 466 4837 viri
490 4794 627 4838 eum
650 4783 929 4839 recreant
950 4783 1009 4838 et
1028 4775 1285 4857 implent
1310 4774 1582 4837 audacia.
1612 4774 1842 4837 Deinde
1862 4794 1999 4838 cum

2103 4783 2243 4837 ιῦτοῦ
2308 4778 2407 4857 [ἵσ.
2458 4777 2622 4859 αὐτῷ]
2680 4786 2773 4837 τοῦ
2819 4788 3043 4860 σταυροῦ
3092 4783 3186 4838 τὸν
3216 4782 3406 4856 τύπον,
3439 4784 3529 4839 καὶ
3558 4778 3704 4860 φιλῆ-

358 4881 492 4926 eum
512 4867 712 4927 crucis
738 4865 924 4944 ﬁgura
946 4864 1463 4943 obsignassent,et
1496 4862 1602 4925 visi
1631 4873 1833 4926 assent
1863 4883 1997 4927 eum

358 4955 992 5031 osculari,revolarunt
1015 4958 1077 5015 in
1104 4951 1459 5015 cmlosJiaec
1483 4962 1619 5015 cum
1644 4953 1890 5017 vidisset
1913 4955 2002 5017 vir

356 5042 460 5106 ille
487 5046 761 5126 insignis,
797 5046 900 5107 diu
935 5047 1151 5107 mansit
1198 5044 1410 5125 plenus
1443 5050 1607 5106 metu
1638 5052 1698 5106 et
1727 5052 1995 5125 stupore,

356 5133 506 5196 adeo
530 5144 593 5197 ut
615 5154 749 5196 cum
777 5134 1055 5197 monachi
1079 5152 1215 5196 eum
1237 5134 1509 5196 viderent
1525 5135 1611 5196 sic
1632 5134 1999 5212 aﬂ'ectum,et

349 5233 635 5304 rogarent
655 5243 735 5303 qu
746 5242 933 5286 tenam
957 5233 1117 5286 esset
1139 5222 1442 5299 causa,vix
1459 5243 1528 5286 ea
1542 5224 1866 5304 aperuerit,
1899 5224 1995 5285 in-

355 5311 565 5377 dicens
581 5316 669 5376 eis
692 5311 1008 5378 silentium
1038 5333 1053 5379 :
1082 5322 1141 5375 et
1162 5324 1225 5375 ut
1244 5314 1371 5376 haec
1413 5314 1708 5377 celaretur
1735 5313 1998 5378 Joannes

360 5419 436 5465 ne
470 5406 685 5468 demus
717 5403 1191 5486 enim,inquit,ei
1221 5406 1623 5480 occasionem,
1643 5413 1706 5466 ut
1727 5404 1868 5466 hinc
1895 5422 1996 5466 re-

433 5583 467 5634 5
494 5583 668 5649 Joan.
702 5598 826 5659 ιω,
859 5581 964 5644 23.

2084 4892 2171 4927 σαι
2228 4868 2513 4948 φανέντας,
2568 4870 2870 4937 ἀναπτῆναι
2928 4870 3089 4930 πάλιν
3139 4872 3211 4934 εἰς
3243 4871 3519 4951 οὐρανούς.
3549 4870 3707 4930 Ταῦτα

2082 4961 2174 5017 τὸν
2230 4957 2396 5015 πολὺν
2452 4958 2659 5015 έκεῖνον
2729 4959 3027 5040 ἑωρακότα,
3114 4962 3315 5035 μεστὸν
3395 4958 3560 5042 φόϐου
3632 4955 3708 5012 καὶ

2081 5046 2465 5119 καταπλήξεως
2512 5049 2600 5105 ὶπὶ
2658 5047 2918 5105 πλεῖστον
2976 5048 3271 5131 διατελεῖν,
3330 5051 3402 5116 ὡς
3464 5052 3553 5107 καὶ
3601 5046 3709 5108 τοὺς

2083 5138 2357 5218 μοναχοὺς
2414 5136 2580 5197 οὕτως
2638 5136 2835 5217 ἔχοντα
2880 5138 3203 5215 θεωμένους,
3266 5140 3355 5196 καὶ
3403 5139 3505 5207 τὴν
3557 5136 3707 5195 αἰτίαν

2082 5226 2202 5295 ἥτις
2234 5226 2328 5294 εἴη
2385 5225 2930 5309 διαπυνθανομένους,
2989 5228 3148 5305 μόλις
3181 5231 3347 5297 αὐτην
3401 5227 3707 5303 έκκαλύψαι,

2083 5316 2293 5385 σιωπήν
2352 5315 2560 5384 πολλὴν
2618 5317 3081 5398 παραγγείλαντα,
3145 5320 3241 5376 καὶ
3302 5328 3399 5378 τοῦ
3450 5316 3710 5397 ἂπόρῤητα

2082 5416 2246 5467 ταῦτα
2300 5409 2509 5463 κεῖσθαι
2561 5412 2639 5483 τῷ
2684 5407 2946 5491 Ἰωάννῃ,
3003 5412 3081 5485 μὴ
3140 5410 3230 5466 καὶ
3258 5410 3524 5490 πρόφασιν
3578 5406 3711 5480 αύτῷ
