3996 6178
253 247 272 314 1
287 245 404 315 065

1288 246 1475 316 VITA
1531 251 1590 313 s.
1635 233 1959 314 JOANNIS
2003 237 2565 311 CHRYSOSTOMI.

3463 237 3616 310 1066

250 384 449 466 δῶμεν,
482 389 747 466 φήσαντα,
779 392 876 455 τῆς
929 388 1163 444 ὲντεῖθεν
1209 387 1634 467 ἀναχωρήσεως,
1670 387 1729 442 Οἱ
1788 407 1918 460 μενι

2008 382 2165 445 edat.
2199 378 2291 441 Illi
2322 396 2463 458 ergo
2495 379 2614 460 his,
2650 396 2782 458 qua:
2811 377 2968 439 dicta
3000 385 3159 467 sunt,
3195 377 3614 458 obstupefacti,

250 478 338 530 οὖν
391 476 474 532 ἐπὶ
504 491 623 540 τοῖς
677 473 954 556 λεχθεῖσιν
1013 476 1371 554 ἒκπλαγὲντες
1403 476 1502 542 τὴν
1540 476 1729 549 ἀκοὴν,
1763 497 1892 530 τεκ-

252 567 432 642 μηρίῳ
487 566 660 639 τούτῳ
704 568 791 622 καὶ
846 568 962 644 περὶ
994 568 1052 622 τὸ
1111 565 1300 622 λοιπὸν
1345 565 1588 644 ἒχρῶντο
1632 572 1724 621 τοῦ
1752 565 1889 641 βίου,

250 651 332 709 ὅτι
389 654 661 733 παράδοξα
690 653 902 717 πάντως
949 655 1096 712 ἔσται
1141 657 1230 711 καὶ
1270 655 1535 733 μεγαλεῖα
1579 652 1895 732 διαπραττό-

249 766 437 820 μενος.
509 747 607 802 Καὶ
665 744 854 822 γέγονε
927 747 1024 820 μὲν
1094 744 1328 819 ἀληθῶς,
1375 745 1531 822 μυρία
1598 750 1692 800 τοῦ
1763 744 1895 798 Θεοῦ

250 840 440 898 τοῦτον
507 835 593 891 ἐπὶ
651 842 758 892 τῶν
815 833 986 912 ἔργων
1028 833 1358 905 δοξαζοντος,
1422 826 1584 908 Ἡμῖν
1643 829 1697 887 δὲ
1741 831 1894 909 ὀλίγα

252 923 342 978 καὶ
386 920 453 978 δι’
515 922 735 1000 ὀλίγων,
794 924 970 990 ὁπόση
1027 921 1268 996 δύναμις,
1328 925 1392 978 εκ
1453 922 1652 978 τούτων
1694 919 1893 999 διηγη-

253 1012 399 1070 τὲον.

340 1100 451 1176 ς’.
516 1102 684 1180 Ἀνήρ
743 1125 822 1166 τις
888 1101 1224 1182 Ἀντιοχεὺς,
1279 1101 1342 1156 τὸ
1385 1100 1537 1178 γένος
1580 1099 1898 1178 περιφανὴς,

258 1193 353 1246 τὸν
401 1191 514 1267 βίον
544 1189 868 1270 πολυτελὴς,
903 1193 1044 1264 νόσῳ
1097 1191 1200 1246 τινὶ
1233 1188 1529 1268 περιαλγὴς
1561 1189 1622 1246 τὸ
1665 1192 1904 1266 ἡμικραο

257 1303 346 1336 νον
383 1280 647 1358 ἐγεγόνει.
685 1283 917 1347 Τοσούτη
949 1277 1002 1335 δὲ
1034 1282 1069 1348 ἡ
1101 1286 1194 1337 τοῦ
1247 1281 1444 1344 πάθους
1476 1278 1625 1352 ἀκμὴ
1654 1279 1740 1334 καὶ
1770 1276 1907 1333 οὕτω

259 1371 541 1443 σύντονος,
577 1373 650 1434 ὡς
710 1372 802 1426 τὸν
861 1370 1132 1450 ὀφθαλμὸν
1205 1367 1464 1426 ἐκστάντα
1521 1368 1613 1435 τῆς
1654 1366 1802 1444 ἕδρας
1841 1371 1909 1443 τῇ

255 1469 350 1518 τοῦ
404 1461 574 1515 κακοῦ
627 1457 845 1534 δυνάμει
907 1466 1067 1516 πᾶσιν
1108 1461 1346 1537 ὁρᾶσθαι,
1409 1463 1630 1536 πρᾶγμα
1673 1455 1910 1535 δακρύων

258 1548 430 1612 ἄξιον,
481 1555 678 1604 Τοῦτον
735 1549 808 1610 εἷς
865 1548 962 1615 τὴν
1008 1547 1178 1620 μονὴν
1221 1544 1570 1626 ἀφικόμενον,
1619 1545 1674 1600 ἐν
1726 1547 1763 1620 ᾗ
1818 1547 1909 1600 τὸν

260 1637 432 1714 μέγαν
493 1635 764 1693 διατελεῖν
823 1636 888 1704 ἧν
945 1634 1122 1694 πολλὰ
1177 1636 1276 1711 μὲν
1328 1634 1553 1708 δεῖσθαι,
1601 1633 1802 1700 πολλὰς
1856 1632 1910 1689 δὲ

1976 473 2076 535 hic
2129 468 2418 549 deinceps
2471 468 2727 529 futuram
2781 467 2911 546 ejus
2961 466 3135 528 vitam
3191 467 3614 547 conjiciebant,

1977 560 2133 642 quod
2191 558 2424 620 scilicet
2453 564 2614 618 esset
2646 556 2907 618 facturus
2954 575 3169 635 magna
3198 566 3258 619 et
3287 555 3618 619 admirabi-

1977 651 2076 711 lia.
2129 648 2203 711 Et
2232 647 2382 708 facta
2412 645 2654 727 quidem
2699 652 2841 707 sunt
2867 662 3081 708 revera
3132 645 3616 719 innumerabilia,

1977 737 2101 799 Deo
2132 735 2509 815 gloriﬁcante
2536 753 2819 814 magnum
2863 734 3028 796 illum
3063 736 3123 794 in
3156 735 3464 816 operibus.
3495 734 3621 797 No—

1979 827 2073 888 bis
2123 833 2320 887 autem
2370 843 2556 905 pauca
2612 832 2672 886 et
2721 823 2927 904 paucis
2973 825 3470 890 suntnarrranda
3517 843 3624 908 pro

1979 912 2229 978 viribus.

2049 1091 2262 1154 VLVir
2284 1091 2527 1174 quidam
2545 1091 3246 1168 Antiochenus,illustris
3269 1099 3636 1174 genere,vita

1986 1181 2339 1262 splendidus
2370 1189 2428 1243 et
2453 1179 3049 1260 magniﬁcus,morbo
3075 1182 3331 1262 quodam
3353 1203 3634 1264 magnum

1990 1270 2288 1334 sentiebat
2333 1270 2602 1332 dolorem
2649 1277 2708 1332 in
2740 1272 2934 1334 media
2983 1280 3151 1352 parte
3181 1273 3391 1337 cranii.
3445 1273 3637 1339 Tanta

1992 1374 2189 1436 autem
2239 1367 2366 1422 erat
2393 1360 2480 1421 vis
2514 1360 2708 1421 morbi
2761 1369 2820 1422 et
2850 1360 3000 1423 adeo
3032 1361 3292 1439 intensa,
3327 1371 3392 1424 ut
3423 1367 3637 1428 oculus

1991 1451 2135 1512 sede
2159 1459 2319 1512 esset
2341 1458 2670 1525 emotus,ut
2693 1450 2796 1531 qui
2826 1450 2880 1511 vi
2905 1450 3041 1512 mali
3077 1470 3196 1512 non
3230 1453 3524 1532 potuisset
3546 1473 3638 1517 re-

1991 1539 2227 1602 sistere:
2257 1547 2314 1600 et
2337 1539 2416 1600 ita
2445 1539 2749 1601 videretur
2779 1538 3059 1602 omnibus
3079 1559 3178 1602 res
3210 1541 3634 1622 lacrymabilis.

1991 1630 2047 1692 ls
2076 1648 2214 1690 cum
2249 1628 2504 1691 venisset
2534 1629 2606 1691 ad
2643 1629 3095 1703 monasterium,
3129 1631 3190 1690 in
3239 1649 3356 1712 quo
3387 1631 3644 1712 degebat

262 1727 399 1801 πρὸς
449 1724 596 1781 ἔλεον
653 1724 862 1805 ἀφιέναι
919 1726 1122 1803 φωνὰς,
1186 1726 1282 1792 τὴν
1324 1725 1602 1802 θεραπείαν
1658 1725 1906 1798 αἰτούμε-

2008 1737 2240 1798 nagnus
2270 1717 2558 1811 Joannes,
2587 1718 3103 1811 multumquidem
3136 1720 3402 1811 rogabat:
3427 1723 3642 1786 multas

265 1832 379 1870 νον·
429 1816 521 1870 τὶν
552 1813 606 1870 δὲ
649 1815 736 1871 καὶ
785 1817 1130 1889 συμπαθῆσαι
1190 1815 1288 1889 μὲν
1322 1813 1458 1894 (πῶς
1517 1812 1617 1890 γὰρ
1648 1817 1708 1871 οῦ
1764 1836 1904 1869 παν-

2008 1816 2191 1869 autem
2240 1808 2550 1871 emittebat
2581 1826 2754 1870 voces
2798 1809 2870 1871 ad
2909 1809 3260 1873 movendam
3293 1813 3640 1875 misericor-

267 1926 375 1960 των
415 1904 539 1959 ὄντα
597 1903 1098 1981 φιλανθρωπότατον
1134 1900 1183 1982 ;)
1241 1905 1506 1976 εἰρηκέναι
1569 1900 1624 1958 δὲ
1685 1905 1906 1982 μοχθη-

270 1996 376 2071 ρῶν
406 1991 574 2070 ἕργων
601 1992 746 2048 εἶναι
793 2002 957 2051 ταῦτα
988 1993 1076 2048 καὶ
1121 1997 1217 2058 τῆς
1249 1993 1322 2055 εἷς
1380 1999 1625 2069 Χριστιον
1658 1991 1906 2054 ἀπιστίας

268 2083 542 2160 επίχειρα.
595 2083 654 2138 El.
705 2081 790 2138 οὖν
848 2080 950 2158 ὅλῃ
1013 2087 1078 2156 τῇ
1137 2085 1291 2159 ψυχῇ
1350 2081 1520 2153 τούτῳ
1575 2079 1907 2158 προσέλθοις,

272 2175 360 2228 καὶ
442 2176 548 2227 τῶν
631 2170 902 2249 προτέρων
987 2169 1367 2250 ἀποσχόμενος
1453 2167 1912 2250 ἐπιτηδευμάτων,

261 2259 491 2338 ἀγωγὴν
553 2258 810 2334 μετέλθῃς
868 2258 1028 2337 φίλην
1073 2262 1212 2332 οὒτῷ
1261 2261 1347 2314 καὶ
1389 2259 1734 2337 ἀρέσκουσαν,
1771 2256 1918 2316 οὐδὲν

260 2350 323 2404 τὸ
395 2348 604 2406 κωλύον
676 2347 829 2404 ἔσται
889 2349 980 2404 καὶ
1035 2347 1133 2415 τὴν
1195 2353 1286 2403 τοῦ
1357 2346 1641 2411 λυποῦντος
1702 2346 1918 2422 ἕψεσθαι

259 2443 568 2516 θεραπείαν,
633 2444 736 2495 Τοῦ
797 2435 852 2492 δὲ
911 2440 1008 2492 καὶ
1054 2435 1317 2493 πιστεύειν
1363 2438 1777 2515 ὁμολογοῦντος,
1825 2433 1917 2490 καὶ

268 2528 471 2601 ἀμείνω
531 2528 686 2596 θήσει
743 2530 835 2582 τὸν
886 2527 1002 2602 βίον
1061 2526 1516 2602 ὕπισχνουμένου,
1551 2526 1680 2603 πρὸς
1727 2523 1782 2580 δὲ
1831 2525 1918 2580 καὶ

271 2619 365 2681 τὰς
426 2617 581 2694 ἁγίας
640 2616 844 2673 ἐκείνας
919 2613 1336 2694 καταφιλοῦντος
1407 2627 1628 2693 χεῖρας,
1697 2615 1784 2670 καὶ
1855 2615 1915 2669 τὸ

268 2705 508 2780 ἡμᾶτιον
555 2711 633 2779 τῷ
665 2703 915 2782 ἀλγοῦντι
947 2703 1096 2781 μέρει
1156 2702 1582 2782 προσάπτοντος,
1620 2707 1724 2782 οὐχ
1753 2705 1788 2771 ἡ
1819 2725 1914 2759 κε-

272 2793 420 2872 φαλὴ
481 2792 620 2868 μόνη
650 2800 749 2870 τῇς
808 2792 997 2860 ὄδύνης
1057 2791 1398 2866 ἀπήλλακτο,
1447 2791 1584 2848 ἀλλὰ
1636 2794 1783 2849 καὶὸ
1846 2797 1914 2868 τῇ

277 2883 365 2959 βίᾳ
422 2883 621 2950 ταύτης
679 2882 1010 2960 ἐκκρουσθεὶς
1069 2879 1366 2961 ὀφθαλμὸς,
1424 2880 1603 2960 ὥσπερ
1660 2882 1916 2959 πρότερον

267 2973 406 3029 κατὰ
461 2971 647 3050 χώραν
680 2969 767 3038 ἦν.
836 2971 1022 3048 ’Ἠρκει
1077 2977 1229 3027 τοῦτο
1288 2969 1506 3050 λεχθὲν,
1538 2971 1623 3026 καὶ
1674 2970 1770 3038 τῆς
1829 2973 1921 3027 τοῦ

269 3061 422 3136 ἁγίου
497 3061 729 3123 πίστεως
794 3057 1062 3136 σύμϐολον
1133 3059 1373 3138 γενέσθαι
1443 3059 1655 3138 σαφὲς,
1711 3060 1797 3116 καὶ
1856 3060 1920 3129 ἣν

277 3150 427 3214 οὗτος
461 3149 708 3208 ἒπλούτει
739 3151 882 3230 παρὰ
902 3149 994 3207 τοῦ
1025 3151 1179 3228 Θεοῦ,
1204 3152 1454 3229 γνωρίσαι
1485 3149 1682 3227 ῥοπήν,

356 3417 436 3481 Ζ’.
489 3405 545 3476 Ὀ
573 3416 627 3474 δὲ
673 3419 831 3496 λόγος
860 3419 948 3474 καὶ
984 3415 1160 3496 ἕτερον
1217 3416 1303 3472 ἐπὶ
1332 3417 1504 3491 τούτῳ
1533 3414 1760 3473 διελθεῖν
1793 3416 1920 3492 βού-

272 3510 449 3583 λεται,
511 3505 659 3563 οὐδὲν
706 3508 869 3575 ἧττον
930 3516 1023 3565 τοῦ
1083 3503 1439 3584 προλαϐόντος
1499 3507 1561 3563 τὸ
1631 3508 1932 3570 σιωπᾶσθαι

276 3601 357 3677 μὴ
415 3598 774 3675 ἀνεχόμενον,
837 3599 930 3671 Τὸ,
996 3597 1132 3650 κατὰ
1191 3597 1282 3650 τὸν
1358 3593 1658 3674 Ἀρχέλαον
1714 3593 1930 3658 πάντως

274 3689 439 3768 φημὶ,
504 3687 594 3741 καὶ
664 3689 729 3753 ἧς
805 3684 997 3763 ἔτυχεν
1071 3683 1275 3745 ἐκεῖνος
1348 3683 1794 3762 θαυματουργίας·
1872 3683 1928 3748 ὃς

275 3775 616 3854 Ἀντιοχείας
673 3774 769 3849 μὲν
801 3775 983 3854 ἄρχων
1018 3772 1309 3852 ἐτύγχανεν
1353 3771 1449 3847 ὢν,
1493 3773 1586 3828 καί
1618 3772 1684 3828 τὰ
1740 3778 1928 3850 πρῶτα

1942 3122 1983 3173 C

1996 1897 2181 1973 diam,
2220 1906 2428 1979 petens
2480 1898 2882 1960 curationem.
2943 1897 3000 1960 Is
3047 1918 3186 1962 vero
3233 1899 3345 1962 fuit
3395 1903 3643 1980 quidem

1994 1987 2302 2049 misertus.
2339 1987 2562 2060 Quidni
2592 1995 2780 2070 enim,
2811 2007 2945 2050 cum
2978 1998 3135 2052 esset
3161 1991 3429 2054 omnium
3453 1994 3643 2054 homi-

1997 2095 2143 2138 num
2170 2076 2707 2141 clementissimus?
2737 2079 2894 2141 Dixit
2923 2087 3146 2153 autem,
3173 2081 3299 2142 haec
3332 2100 3465 2143 esse
3489 2101 3643 2164 prae-

2003 2166 2120 2227 mia
2138 2166 2566 2228 sceleratorum
2592 2168 2910 2250 factorum,
2937 2178 2996 2232 et
3023 2169 3086 2230 in
3119 2169 3416 2232 Christum
3441 2171 3645 2236 incre—

2002 2253 2285 2320 dulitatis.
2317 2254 2379 2318 Si
2411 2275 2574 2335 ergo,
2609 2257 2831 2334 aiebat,
2866 2265 2988 2322 toto
3037 2259 3238 2321 animo
3269 2260 3344 2322 ad
3377 2280 3513 2323 eum
3545 2281 3646 2325 ac-

2005 2350 2281 2420 cesseris,
2319 2353 2377 2406 et
2407 2345 2626 2408 deinde
2659 2347 2962 2427 prioribus
2991 2347 3222 2410 relictis
3251 2349 3489 2428 studiis,
3514 2353 3650 2415 vitae

2002 2435 2291 2495 rationem
2305 2453 2582 2513 agressus
2595 2435 2781 2499 fueris
2797 2437 2852 2498 ei
2869 2445 3094 2514 gratam
3119 2446 3176 2500 et
3193 2439 3650 2510 mundam,uihil

2002 2522 2117 2583 erit
2139 2523 2296 2612 quod
2331 2525 2673 2606 obstet,quo
2709 2524 2908 2588 minus
2931 2537 3215 2606 sequatur
3245 2529 3472 2591 curatio
3493 2533 3644 2612 ejus,

2003 2611 2164 2692 quod
2190 2621 2246 2675 te
2269 2614 2518 2676 cruciat.
2555 2615 2701 2679 Cum
2730 2617 2780 2676 is
2803 2621 3002 2678 autem
3027 2626 3086 2678 et
3115 2635 3181 2679 se
3205 2618 3492 2684 fateretur
3510 2611 3650 2685 cre-

2003 2701 2174 2792 dere,
2200 2709 2258 2764 et
2286 2702 2677 2783 polliceretur
2700 2705 2875 2766 vitam
2901 2713 3134 2768 mutare
3155 2707 3215 2768 in
3244 2709 3551 2792 melius,et
3571 2713 3647 2776 il-

2000 2791 2116 2852 lius
2159 2793 2499 2856 catissimas
2552 2812 2764 2857 manus
2813 2793 3284 2869 deoscularetur,
3323 2806 3382 2860 et
3421 2791 3652 2864 delenti

2004 2880 2157 2958 parti
2182 2890 2404 2943 vestem
2430 2882 2931 2958 admoveret,non
2955 2884 3146 2946 solum
3174 2887 3283 2950 fuit
3305 2899 3478 2969 caput
3500 2890 3653 2955 libe-

2002 2974 2198 3030 ratum
2223 2987 2254 3030 a
2276 2969 2510 3046 dolore,
2536 2971 2643 3032 sed
2667 2972 2844 3033 etiam
2870 2973 3100 3049 oculus,
3123 2975 3224 3056 qui
3247 2978 3298 3036 vi
3318 2977 3391 3038 ab
3413 2997 3484 3041 eo
3517 2980 3652 3044 fue-

2007 3065 2097 3118 rat
2127 3058 2612 3134 exturbatus,fuit
2636 3061 2767 3123 loco
2799 3061 2988 3141 priori
3009 3065 3502 3131 restitutus.Satis
3525 3079 3656 3133 erat

2008 3145 2316 3228 hoc,quod
2335 3147 2566 3211 dictum
2587 3159 2773 3227 est,ut
2800 3159 2962 3213 esset
2979 3153 3218 3232 signum
3244 3158 3492 3221 evidens
3511 3162 3654 3224 ﬁdei

2010 3236 2228 3311 sancti,
2263 3245 2321 3300 et
2375 3245 2437 3299 ut
2480 3237 2856 3330 _signiﬁcaret
2904 3259 3188 3321 magnum
3219 3247 3428 3324 gratiae
3476 3249 3655 3330 adju-

2008 3334 2301 3402 mentum,
2337 3327 2496 3406 quod
2529 3346 2563 3388 a
2591 3330 2715 3391 Deo
2748 3337 2874 3392 erat
2901 3330 3123 3393 eﬁatim
3155 3347 3532 3400 consecutus.

2087 3413 2364 3509 _Vll.Vplt
2388 3426 2586 3478 autem
2609 3419 2800 3509 oratio
2820 3419 3073 3482 alterum
3099 3441 3334 3504 quoque
3367 3428 3653 3509 adjicere,

2017 3503 2414 3596 nihilominus
2447 3508 3018 3590 praecedente,quod
3043 3503 3415 3592 nequaquam
3439 3503 3662 3596 patitur

2015 3593 2287 3688 mandari
2322 3596 2964 3688 silentio.Cujusmodi
2997 3599 3159 3660 enim
3195 3600 3379 3665 fuerit
3410 3593 3659 3688 id,quod

2011 3683 2308 3774 Archelao
2349 3686 2658 3774 acciderit,
2694 3688 2859 3749 scitis
2904 3689 3132 3769 utique,
3169 3700 3226 3752 et
3265 3683 3566 3774 quodnam
3597 3698 3660 3759 in

2015 3789 2152 3834 eum
2196 3772 2413 3864 factum
2447 3773 2632 3836 fuerit
2687 3775 3035 3864 miraculum
3067 3798 3079 3839 :
3115 3779 3215 3858 qui
3247 3772 3375 3843 erat
3413 3785 3655 3864 quidem

278 3866 451 3947 φέρων
508 3867 607 3930 τῆς
641 3862 874 3928 πόλεως’
932 3861 992 3918 ἔκ
1047 3884 1192 3926 τινος
1253 3859 1306 3916 δὲ
1341 3860 1481 3935 αῦτῷ
1532 3861 1918 3936 συμπτώματος

2017 3879 2239 3942 praeses
2262 3863 2690 3939 Antiochiaa,et
2712 3863 3017 3928 obtinebat
3036 3873 3258 3947 primas
3276 3859 3471 3952 partes
3494 3875 3556 3937 in
3581 3877 3664 3938 ci-

281 3953 584 4032 ἀπορρήτου
647 3951 816 4030 λέπρα
876 3959 951 4027 τῷ
996 3951 1234 4026 μετώπῳ
1292 3972 1372 4014 τις
1414 3949 1752 4020 ἒπανθήνασα
1797 3973 1918 4029 σφο-

2015 3952 2200 4045 vitate
2217 3974 2230 4015 :
2267 3971 2485 4045 arcaqu
2513 3963 2710 4016 autem
2744 3973 2883 4016 casu
2917 3955 3084 4036 lepra
3107 3949 3402 4039 quaedam,
3437 3984 3570 4045 quae
3600 3967 3662 4028 in

285 4042 384 4119 δρα
441 4041 653 4114 ἒλύπει,
713 4039 780 4098 δι’
839 4042 1103 4120 αἰσχύνης
1159 4041 1220 4096 τὸ
1277 4039 1442 4102 πάθος
1500 4039 1790 4116 τιθέμενον,
1849 4063 1916 4096 κα

2021 4043 2152 4122 ejus
2175 4041 2372 4104 fronte
2397 4043 2912 4119 efﬁoruerat,eum
2938 4064 3146 4126 magna
3167 4039 3668 4118 aﬂiciebatmole-

288 4130 484 4211 σχεδὸν
547 4128 724 4187 ἅπασα
780 4130 1169 4210 ἐκτρεπόμενον
1228 4128 1376 4204 ὄψιν.
1440 4127 1619 4186 Πολλὰ
1681 4129 1778 4205 μὲν
1849 4129 1918 4186 οῦκ

2021 4132 2155 4206 stia,
2189 4140 2254 4192 ut
2285 4150 2419 4213 qua;
2452 4151 2590 4194 eum
2626 4133 2853 4214 pudore
2884 4135 3173 4213 afﬁceret,
3197 4145 3256 4200 et
3286 4141 3573 4221 efﬁceret,
3604 4155 3668 4208 ut

286 4224 480 4299 ἰατρῶν
538 4219 710 4300 τέχνῃ
770 4219 952 4296 βοηθῷ
1020 4219 1410 4298 χρησάμενος,
1467 4216 1614 4274 οῦδὲν
1686 4219 1918 4275 ἀπώνατι

2021 4221 2289 4284 omnium
2325 4223 2534 4284 vitaret
2556 4223 2786 4286 oculos.
2833 4222 2977 4287 Cum
3008 4225 3207 4304 itaque
3241 4230 3490 4294 multum
3524 4216 3667 4296 usus

289 4309 476 4383 πλέον,
536 4309 572 4377 ἢ
631 4317 708 4384 τῷ
765 4307 938 4388 λίχνῳ
1006 4309 1279 4379 παίζεσθαι
1335 4311 1442 4364 τῶν
1519 4305 1768 4384 ἐλπίδων,
1832 4306 1918 4364 ἕωι

2021 4320 2180 4372 esset
2211 4310 2606 4388 medicina,nt
2632 4331 2766 4394 quae
2793 4322 2996 4394 posset
3024 4315 3078 4376 ei
3106 4335 3280 4394 opem
3306 4318 3487 4398 ferre,
3516 4323 3670 4387 nihil

294 4401 666 4480 ἡλέγχθησαν,
733 4399 868 4475 Ὀψὲ
899 4401 1024 4478 γοῦν
1068 4401 1155 4454 καὶ
1187 4397 1347 4474 μόλις
1387 4397 1476 4454 τὸν
1511 4396 1664 4476 ἅγιον
1709 4400 1781 4461 εἷς
1815 4405 1918 4455 νοῦ·

2019 4399 2178 4462 aliud
2206 4400 2432 4462 fructus
2466 4420 2536 4464 ex
2560 4421 2630 4465 ea
2650 4402 3089 4484 accepit,quam
3116 4413 3178 4466 ut
3201 4426 3308 4488 spe
3333 4396 3553 4475 blanda
3585 4414 3666 4477 il-

294 4487 644 4567 ἑαλλόμενος,
720 4490 806 4544 καὶ
879 4487 1179 4566 θερμοτέρῳ
1251 4488 1514 4563 πνεύματι
1590 4488 1722 4564 πρὸς
1780 4487 1918 4546 αὐτὸ·

2021 4489 2553 4571 luderetur,donec
2578 4482 2847 4555 constitit
2869 4482 2999 4555 eam
3034 4513 3169 4558 esse
3193 4482 3493 4565 fallacem.
3520 4505 3666 4567 Cum

282 4578 636 4656 ἀγικόμενος,
697 4575 873 4634 ποδῶν
942 4599 1000 4634 τε
1055 4575 1258 4644 ἥπτετο
1315 4577 1419 4632 τῶν
1478 4575 1668 4652 ἁγίων,
1728 4576 1817 4633 καί
1878 4577 1940 4632 τὸ

295 4669 461 4732 πάθος
523 4664 744 4741 ἐδείκνυ,
779 4667 866 4723 καὶ
920 4667 1199 4742 θεραπείαν
1235 4666 1346 4737 ,τοῦ
1403 4663 1694 4728 λδποῦντος
1753 4664 1940 4740 ᾐτεῖτο

294 4756 506 4815 λαϐεῖν’
542 4757 631 4811 τὸν
688 4753 859 4812 δὲκαὶ
916 4756 1132 4824 ἐλεῆσαι
1184 4755 1284 4822 τὴν
1346 4755 1638 4835 συμφορὰν,
1674 4756 1762 4811 καὶ
1817 4767 1939 4820 ταῖς

294 4846 388 4904 τοῦ
439 4845 716 4912 δεηθέντος
749 4845 1147 4924 ἐπικαμφθῆναι
1189 4849 1431 4924 φωναῖς.
1467 4845 1604 4900 Εἶτα
1650 4843 1942 4922 ὁμολογίαν

298 4936 456 4994 αὐτόν
512 4937 808 5002 ἀπαιτῆσαι
870 4936 1116 5013 πονηρῶν
1177 4935 1248 4999 εἰς
1308 4935 1368 4989 τὸ
1412 4931 1535 5000 ἑξῆς
1591 4931 1758 5012 ἔργων
1799 4933 1942 4992 ἀπο-

294 5029 524 5102 τροπῆς,
589 5025 677 5080 καὶ
744 5023 835 5091 τῆς
879 5030 984 5079 τῶν
1056 5024 1560 5102 προημαρτημένων
1613 5023 1756 5097 αὐτῷ
1813 5022 1951 5102 διορ-

295 5114 535 5179 θώσεως.
601 5103 694 5177 Ὠς
739 5113 792 5168 δὲ
843 5112 1047 5176 ἐκεῖνος
1107 5113 1281 5171 πάντα
1334 5124 1515 5168 ποιεῖν
1555 5109 1946 5193 ἰπηγγὲλλετο,

297 5210 384 5260 καὶ
437 5205 536 5271 τὴν
589 5202 868 5282 θεραπείαν
940 5201 1208 5277 ἐπιμελῶς
1278 5200 1694 5282 ἆντεπρσὶττετο,
1757 5201 1946 5260 λαϐεῖν

299 5295 458 5351 αὐτὸν
505 5292 841 5373 παραχρῆμα
873 5290 1099 5365 κελεύει,
1133 5293 1220 5347 καὶ
1261 5291 1350 5346 ἔπ’
1411 5293 1630 5366 ὀνόματι
1661 5299 1754 5348 τοῦ
1812 5299 1945 5370 Χρι-

299 5392 427 5442 στοῦ
471 5382 656 5441 λοῦσαι
715 5387 790 5455 τῷ
846 5380 1018 5454 ὕδατι,
1082 5381 1168 5461 ἀφ’
1218 5383 1376 5456 οὗπερ
1421 5381 1534 5446 ἔθος
1599 5383 1765 5438 πῖνειν
1823 5385 1945 5446 τοὺς

299 5473 574 5556 ἀδελφούς,
643 5471 839 5530 Τούτου
897 5469 950 5526 δὲ
1009 5471 1318 5548 γενομένου,
1352 5471 1602 5548 κάθαρσις
1648 5472 1791 5546 αύτῷ
1849 5473 1946 5542 τῆς

548 5609 810 5672 PunoL.
859 5609 974 5674 Gn.
1020 5608 1208 5675 CXIV

2021 4587 2218 4640 autem
2240 4589 2480 4641 sanctus
2503 4579 2595 4642 vix
2620 4582 2862 4644 tandem
2890 4584 2943 4645 ei
2962 4585 3220 4648 venisset
3238 4587 3300 4649 in
3326 4603 3673 4663 mentem,et

2023 4669 2095 4758 ad
2122 4687 2256 4730 eum
2283 4668 2544 4732 venisset
2566 4671 2910 4733 ferventiori
2943 4674 3179 4754 spiritu,
3213 4679 3404 4758 tetigit
3434 4695 3672 4747 sanctos

2025 4757 2160 4820 illos
2186 4759 2464 4838 pedes,et
2487 4760 2764 4822 morbum
2800 4763 3082 4837 ostendit,
3109 4775 3166 4828 et
3187 4757 3359 4847 petiit
3383 4780 3442 4832 ut
3463 4791 3674 4838 conse-

2027 4856 2315 4929 queretur
2336 4849 2706 4912 curationem
2733 4853 2888 4930 ejus,
2911 4853 3070 4933 quod
3102 4854 3269 4918 illum
3305 4860 3461 4923 male
3481 4863 3673 4928 habe-

2027 4938 2147 5031 bat.
2185 4937 2242 5000 Is
2276 4948 2472 5031 autem
2500 4949 2558 5002 et
2583 4941 2862 5031 misertus
2892 4943 3265 5022 calamitatis,
3293 4957 3354 5010 ut
3384 4951 3484 5031 qui
3518 4965 3678 5018 esset

2029 5026 2562 5102 clementissimus,
2598 5037 2659 5090 et
2688 5030 2876 5092 ﬂexus
2917 5031 3026 5094 fuit
3056 5037 3356 5113 precantis
3400 5026 3670 5108 vocibus.

2030 5115 2265 5178 Deinde
2297 5135 2431 5178 cum
2476 5137 2546 5180 eo
2593 5129 2800 5198 pactus
2845 5130 2955 5196 est,
2991 5131 3107 5184 uta
3139 5125 3310 5188 malis
3343 5128 3680 5198 declinaret

2032 5207 2320 5304 operibus
2343 5209 2427 5304 de
2443 5218 2905 5304 caetero,petens
2928 5213 3199 5289 etiam,ut
3215 5219 3419 5298 priora
3434 5237 3678 5304 peccata

2031 5297 2557 5394 corrig_eret.Q_uod
2585 5300 2832 5394 quidem
2859 5321 2992 5366 cum
3019 5316 3174 5369 esset
3198 5297 3678 5394 pollicitus,prae-

2031 5385 2159 5448 buit
2185 5387 2239 5447 ei
2261 5389 2874 5453 curationemzdicens
2892 5394 2947 5454 in
2978 5385 3220 5460 nomine
3234 5400 3449 5464 Christi
3475 5385 3600 5467 lava
3619 5415 3680 5470 te

2032 5495 2204 5558 aqua,
2238 5475 2337 5537 ubi
2363 5477 2573 5541 fratres
2608 5479 2806 5542 solent
2836 5482 3067 5547 bibere.
3103 5485 3273 5560 Quod
3295 5509 3431 5554 cum
3455 5493 3678 5561 factum

3280 5624 3356 5691 34
