3996 6178
452 246 470 321 1
485 248 602 323 067

1747 258 1803 332 Μ
1813 260 1910 333 ΕΝ
1917 266 2029 332 SIS
2066 263 2100 332 Ι
2105 269 2208 333 AN
2217 258 2519 332 UARIUS.

3664 265 3796 336 1068

444 407 622 469 esset,
653 395 796 459 fecit
841 397 1119 460 similiter
1146 405 1322 480 atque
1371 395 1533 461 Siloé
1560 399 1612 477 ϐ,
1649 409 1708 463 et
1755 410 2066 465 consecuta

2161 399 2360 479 λέπρας
2421 400 2789 475 ἐπηιιολούθει,
2855 401 2942 457 καὶ
2997 399 3168 467 οὕτως
3213 404 3287 467 ὡς
3345 402 3488 477 μηδὶ
3550 401 3791 475 σύμϐολόν

444 496 535 549 est
583 487 767 568 leprae
798 489 1025 550 sanatio
1056 489 1203 550 adeo
1250 505 1419 570 pure,
1457 496 1521 552 ut
1551 509 1662 553 nec
1696 493 1888 554 morbi
1941 492 2079 574 qui-

443 580 578 638 dem
639 585 980 638 remaneret
1035 577 1370 655 vestigium.
1436 578 1666 652 Quanta
1715 581 2078 644 Archelaum

442 673 686 748 propter
735 666 847 728 hoc
881 665 1130 728 incessit
1192 666 1393 729 laetitia
1424 667 1439 727 !
1474 668 1768 741 Quantam
1824 672 2083 752 perfudit

439 756 720 835 gaudium
759 763 770 816 ι
807 755 1067 826 Quantas
1098 755 1297 816 effecit
1319 757 1433 819 hoc
1465 766 1528 819 ut
1559 761 1680 822 Deo
1714 771 1918 840 ageret
1942 780 2076 841 gra-

438 845 548 905 tias
585 843 599 903 l
655 842 804 915 Quid
839 861 958 904 non
991 843 1149 919 dico,
1187 844 1348 923 quod
1376 853 1464 908 est
1515 851 1709 927 majus
1739 858 1798 911 et
1846 850 2077 930 perfec-

434 933 551 994 tius
577 939 604 995 ?
639 932 853 1004 Quanti
886 933 995 996 fuit
1027 934 1078 993 ei
1111 935 1294 995 studii
1319 953 1518 1011 causa,
1553 947 1614 999 ut
1639 939 1714 1000 ad
1745 941 1958 1002 animae
1977 959 2078 1002 as-

437 1023 669 1103 piceret
698 1024 1068 1084 curationem
1103 1029 1118 1084 ε
1154 1026 1358 1087 Sancti
1387 1028 1543 1088 enim
1568 1029 1765 1090 verbis
1789 1028 1938 1090 adeo
1971 1031 2080 1091 fuit

432 1120 731 1192 captus,et
763 1112 912 1174 adeo
945 1114 1175 1177 studuit
1205 1133 1413 1178 revera
1445 1118 1690 1198 exsequi
1721 1120 1803 1194 id,
1839 1119 1994 1199 quod
2024 1117 2081 1180 ei

432 1201 814 1281 promiserat,
853 1210 919 1264 ut
978 1203 1125 1264 nihil
1180 1205 1473 1279 differret,
1512 1225 1713 1288 neque
1770 1209 1857 1269 rei
1911 1209 2081 1270 daret

431 1291 613 1352 ullam
670 1310 897 1354 moram
950 1293 1292 1372 temporis:
1349 1295 1453 1356 sed
1489 1296 1582 1372 iis,
1611 1314 1742 1377 quae
1789 1297 2072 1375 habebat,

424 1381 622 1442 statim
678 1380 1014 1443 distributis
1057 1383 1447 1465 pauperibus,
1481 1385 1732 1447 aliorum
1787 1386 2078 1467 deinceps

423 1489 558 1532 esse
611 1478 900 1532 statueret
931 1473 1156 1534 versari
1187 1473 1248 1534 in
1297 1473 1397 1550 iis,
1435 1493 1568 1555 quae
1599 1475 1672 1536 ad
1705 1476 1862 1537 hanc
1897 1477 2071 1537 vitam

423 1561 774 1639 pertinent:
829 1569 886 1624 et
920 1563 1049 1642 ejus
1098 1564 1316 1625 sectari
1374 1565 1631 1640 somnia,
1667 1584 1734 1626 ex
1771 1565 1845 1626 iis
1895 1567 2074 1628 stulte

421 1649 617 1711 illud:
673 1650 803 1731 ipse
833 1659 1031 1712 autem
1091 1652 1338 1714 veniens
1393 1653 1466 1715 ad
1523 1655 1974 1730 monasterium,
2012 1657 2072 1716 in

423 1759 539 1820 quo
572 1751 700 1802 erat
731 1740 894 1802 illius
931 1742 1226 1818 medicus,
1264 1744 1518 1805 voluerit
1562 1762 1697 1806 esse
1728 1745 1788 1805 in
1823 1764 2070 1807 numero
2099 1783 2133 1831 Β

421 1829 684 1904 illorum,
722 1831 822 1910 qui
856 1830 977 1891 illic
1012 1833 1450 1894 exercebantur
1483 1856 1495 1892 :
1533 1842 1593 1895 et
1644 1835 1754 1895 sub
1786 1853 1857 1896 eo
1910 1854 2069 1916 prae-

420 1927 668 2000 ceptore
693 1918 873 1981 vitam
910 1920 1140 1999 eligens
1172 1923 1696 2002 perfectissimam,
1731 1924 1852 1986 illic
1885 1944 2071 2006 usque

421 2009 497 2070 ad
554 2009 732 2070 finem
766 2010 1010 2072 studere
1063 2013 1300 2088 placere
1347 2014 1640 2077 Creatori.
1675 2013 1802 2076 Hoc
1853 2015 2070 2076 multos

420 2117 488 2159 ex
521 2098 620 2173 iis,
653 2099 753 2179 qui
786 2110 955 2161 erant
986 2101 1249 2164 illustres
1299 2103 1654 2180 Antiochiae,
1689 2106 1964 2166 excitavit
1993 2104 2065 2166 ad

417 2187 677 2249 similem
739 2189 1209 2267 mmulationem,
1244 2201 1302 2253 et
1331 2191 1610 2273 adjunxit
1641 2213 1894 2256 numero
1953 2214 2065 2256 eo-

415 2295 572 2351 rum,
610 2278 712 2358 qui
764 2279 908 2339 salvi
951 2280 1147 2340 ﬁunt:
1205 2280 1490 2343 similiter
1547 2281 1707 2344 enim
1753 2282 1876 2344 Deo
1928 2302 2067 2344 suas

415 2373 661 2447 propter
691 2381 936 2448 egentes
963 2369 1314 2432 dedicantes
1330 2371 1664 2450 facultates,
1693 2373 1790 2434 alii
1821 2373 2061 2448 quidem

412 2457 581 2517 relati
616 2469 756 2521 sunt
788 2459 844 2517 in
879 2477 1198 2520 numerum
1241 2461 1418 2540 hujus
1466 2466 1650 2524 sancti
1687 2462 2060 2536 monasterii,

410 2546 710 2628 quomodo
746 2549 920 2609 etiam
954 2549 1120 2609 aiunt
1153 2549 1323 2612 illum
1380 2549 1788 2628 Theodorum,
1823 2553 1919 2633 qui
1953 2552 2065 2614 fuit

410 2657 564 2699 unus
621 2657 690 2699 ex
723 2638 893 2699 valde
924 2638 1262 2702 illustribus
1298 2661 1312 2702 :
1370 2641 1472 2702 alii
1512 2659 1646 2703 vero
1697 2642 2066 2705 ventitabant

409 2727 486 2790 ad
545 2727 682 2802 alia,
712 2747 843 2809 quae
875 2728 933 2788 in
985 2729 1223 2792 civitate
1273 2737 1442 2792 erant
1492 2731 1870 2796 monasteria.
1923 2730 2062 2794 Om-

412 2837 522 2878 nes
573 2827 768 2879 autem
829 2818 1219 2880 intuebantur
1263 2821 1333 2881 ad
1395 2820 1567 2881 vitam
1617 2821 1886 2895 Joannis,
1925 2831 2058 2883 tan-

408 2925 586 2987 quam
640 2927 822 2968 unum
885 2909 1211 2990 exemplar.
1285 2908 1431 2972 Nam
1493 2910 1607 2970 etsi
1680 2920 1848 2972 erant
1904 2912 2058 2990 apud

407 2996 698 3076 singulos,
734 2997 836 3079 qui
891 3004 1000 3059 vita
1033 3006 1091 3059 et
1143 2999 1355 3060 ordine
1403 2998 1768 3080 praestabant
1821 3000 1976 3080 aliis,
2012 3001 2058 3063 is

406 3096 606 3150 tamen
663 3100 789 3150 erat
823 3090 1091 3152 omnium
1141 3089 1375 3169 primus
1432 3089 1704 3153 eruditor
1731 3099 1791 3152 et
1841 3090 2055 3170 magis-

2162 512 2212 546 τι
2266 497 2359 547 τοῦ
2388 493 2584 555 πάθους
2642 493 2704 548 τὸ
2760 491 3014 568 παράπαν
3073 491 3482 572 ὑπολελεῖφθαι.
3520 493 3667 559 Πόση
3721 497 3794 549 τὸν

2165 576 2462 657 Ἀρχέλαον
2511 580 2598 636 ἐπὶ
2628 580 2796 653 τούτῳ
2839 603 2985 660 χαρα
3042 579 3321 658 περιέλαϐε
3359 601 3376 655 ς
3409 582 3594 648 πόσης
3642 581 3792 661 εὔχα-

2165 672 2365 746 ριστίας
2419 667 2558 742 αὒτῳ
2587 672 2682 737 τῆς
2735 671 2865 748 πρὸς
2922 671 3011 726 τὸν
3049 673 3180 727 Θεὸν
3233 669 3490 749 πρόξενον
3527 672 3791 747 κατέπτη

2163 759 2240 828 (τί
2267 758 2344 832 μὴ
2389 757 2530 835 λέγω
2573 759 2634 815 τὸ
2683 766 2873 834 μεῖζον
2903 760 2990 816 καὶ
3045 759 3364 838 τελεώτερον
3396 765 3439 840 ;)
3496 759 3671 826 πόσης
3724 762 3793 815 αἷ-

2164 848 2248 903 τία
2308 848 2478 917 τούτῳ
2532 848 2660 925 πρὸς
2706 850 2892 928 ψυχὴν
2941 849 3224 924 θεραπείας
3255 852 3288 918 ἡ
3338 851 3627 924 σωματικί
3682 849 3794 917 αὕτη

2163 935 2378 1013 γέγονεν
2420 935 2574 1001 ἵασις
2613 955 2630 1008 ;
2672 939 2762 994 καὶ
2805 939 2906 1015 γὰρ
2949 938 3114 1001 οὕτως
3171 937 3286 1006 ἥλω
3344 937 3462 1017 [γρ.
3522 937 3665 994 ἑάλω
3707 944 3794 994 τῶν

2161 1027 2254 1082 τοῦ
2303 1025 2454 1103 ἁγίου
2485 1024 2658 1104 λόγων
2713 1028 2802 1082 καὶ
2853 1028 3244 1105 παραισέσεων,
3278 1030 3363 1084 καὶ
3417 1027 3594 1094 οὕτως
3623 1028 3796 1084 ’έσπευο

2161 1135 2248 1170 σεν
2322 1113 2576 1190 ἀψευδεῖς
2634 1119 2777 1190 αὐτῷ
2848 1113 3020 1181 δεῖξαι
3100 1118 3187 1180 τὰς
3257 1117 3618 1194 ὑποσχέσεις,
3678 1116 3795 1172 ὥστε

2163 1203 2258 1260 οὒκ
2308 1206 2382 1267 εἰς
2441 1201 2732 1276 ἀναϐολὰς,
2767 1201 2883 1260 οὐδὲ
2933 1205 3129 1284 χρόνον
3161 1206 3276 1260 τινὰ
3319 1203 3504 1261 δοῦναι
3552 1211 3628 1278 τῷ
3677 1205 3794 1282 πρά-

2159 1316 2326 1370 γματι
2383 1295 2470 1350 καὶ
2503 1291 2818 1373 μελλήσεις,
2851 1291 2988 1349 ἀλλά
3046 1296 3342 1369 παραυτίκα
3397 1295 3467 1353 τά
3515 1294 3645 1350 ὅντα
3699 1308 3797 1358 τοῖς

2158 1382 2430 1456 δεομένοις
2495 1383 2577 1438 καὶ
2606 1381 2796 1449 πένησι
2842 1381 3169 1457 διελόμενον,
3205 1383 3398 1455 ἑτέρων
3438 1384 3592 1440 εἶναι
3644 1382 3791 1460 λογίο

2157 1475 2368 1543 σασθαι,
2430 1472 2490 1527 τὸ
2557 1473 2674 1548 περὶ
2731 1473 2821 1528 τὸν
2873 1471 2983 1548 βίον
3039 1471 3388 1550 ἀνεστράφθαι
3448 1470 3661 1550 φιλεῖν,
3719 1474 3790 1527 καὶ

2156 1573 2272 1622 τοῖς
2333 1561 2552 1639 ὀνείροις
2612 1561 2796 1617 τούτου
2863 1564 3238 1638 προσκεῖσθαι,
3294 1561 3538 1616 καὶτῶν
3592 1565 3790 1640 φθειρο-

2156 1650 2332 1724 μένων
2375 1650 2713 1731 ἀντέχεσθαι·
2779 1651 2935 1706 αὒτὸν
2993 1648 3045 1704 δὲ
3104 1651 3164 1705 τὸ
3207 1652 3600 1727 μοναστήριον,
3647 1651 3677 1705 ’ὁ
3716 1652 3792 1706 τὸν

2155 1741 2333 1808 ἰατρὸν
2386 1745 2532 1819 εἰχε,
2568 1737 2936 1796 καταλαϐόντα
2977 1741 3161 1794 τούτου
3224 1738 3331 1818 [ἴς.
3393 1737 3602 1822 τοῦτο],
3652 1739 3793 1818 μέρος

2157 1830 2344 1886 ἑαυτὸν
2406 1852 2663 1899 ποιησαι,
2726 1830 2813 1886 καὶ
2870 1835 2976 1885 τῶν
3023 1828 3139 1884 ἒιιεῖ
3194 1829 3373 1894 καλῶς
3429 1830 3788 1904 ἀσκουμένων·

2155 1921 2242 1976 καὶ
2303 1920 2415 1996 βίον
2478 1918 2734 1994 ἑλόμενον
2789 1920 2888 1975 ὑπὸ
2948 1915 3202 1990 παιδευτῇ
3261 1923 3433 1990 τούτῳ
3496 1922 3589 1975 καὶ
3633 1923 3790 1986 καθη-

2155 2011 2342 2087 γεμόνι
2399 2012 2490 2065 τὸν
2547 2008 2944 2088 ἀκριϐέστατον,
2983 2007 3099 2064 ἐκεῖ
3155 2008 3318 2087 μέχρι
3356 2007 3548 2071 τέλους
3613 2010 3788 2084 εὐαρε-

2154 2099 2343 2166 στῆσαι
2394 2106 2468 2173 τῷ
2499 2100 2758 2158 κτίσαντι.
2820 2104 2985 2154 Τοῦτο
3042 2096 3269 2158 πολλοὺς
3315 2103 3422 2152 τῶν
3471 2099 3530 2154 ἒν
3592 2099 3788 2154 Ἀντιοο

2153 2191 2278 2268 χεὲᾳ
2335 2195 2640 2268 περιφανῶν
2689 2190 2790 2265 πρὸ
2849 2190 2942 2242 τὸν
2999 2189 3183 2262 ὃμοιον
3235 2186 3444 2264 ἠρέθισε
3476 2186 3668 2260 ζῆλον,
3714 2189 3788 2243 καὶ

2148 2287 2224 2354 τῷ
2292 2279 2440 2357 μέρει
2509 2279 2616 2334 τῶν
2679 2278 2996 2353 σωζομένων
3067 2275 3335 2341 συνέταξε.
3399 2277 3787 2354 Παραπλησὶως

2147 2370 2249 2448 γὰρ
2303 2375 2379 2441 τῷ
2418 2375 2533 2442 Θεῷ
2576 2369 2671 2436 τὴν
2730 2367 2907 2426 οὐσίαν
2937 2365 3020 2423 διὰ
3077 2367 3182 2422 τῶν
3233 2364 3503 2442 δεομένων
3548 2367 3784 2444 ἀφοσιού-

2148 2480 2323 2533 μενοι,
2384 2460 2429 2514 οἷ
2490 2458 2610 2534 μὲν,
2673 2462 2749 2530 τῷ
2811 2464 2902 2514 τοῦ
2961 2456 3112 2535 ἀγίου
3182 2459 3356 2530 τούτῳ
3410 2455 3786 2534 φροντιστηρίῳ

2148 2547 2607 2626 συγκατελέγοντυ
2684 2545 2888 2626 (ὥσπερ
2952 2543 3018 2613 δὴ
3087 2547 3176 2602 καὶ
3248 2547 3524 2624 Θεόδωρον
3598 2545 3782 2601 ἐκεῖνόν

2147 2661 2332 2718 φασιν,
2370 2637 2460 2695 ἕνα
2519 2637 2626 2693 τῶν
2678 2634 2874 2716 σιρόδρα
2935 2634 3204 2715 ἐπιφανῶν
3261 2635 3609 2716 φενόμενον),
3643 2637 3687 2692 οἱ
3737 2633 3778 2688 δὲ

2149 2729 2236 2784 καὶ
2294 2727 2492 2806 ἑτέροις
2554 2727 2914 2804 προσεφοίτων
2967 2726 3341 2804 μοναστηρίοις
3373 2741 3499 2788 τοῖς
3544 2725 3645 2782 ἀνά
3695 2724 3774 2790 τὴν

2146 2816 2302 2874 πόλιν
2361 2816 2648 2891 κειμένοις
2712 2815 2903 2878 πάντες
2975 2813 3030 2870 δὲ
3101 2813 3280 2893 ὥσπερ
3351 2817 3424 2880 εἷς
3487 2814 3773 2895 ἀρχέτυπον

2144 2906 2222 2987 ἓν,
2254 2908 2345 2962 τὸν
2405 2905 2651 2962 Ἰωάννου
2706 2905 2817 2980 βίον
2869 2900 3195 2964 ἀπέϐλεπον.
3267 2903 3373 2962 Καΐ
3429 2904 3539 2984 γὰρ
3583 2905 3628 2960 εἰ
3668 2899 3773 2980 παρ’

2144 2997 2393 3060 ἑκάστοις
2451 2995 2612 3074 ἦσαν,
2646 2997 2700 3051 o'i
2755 2994 2840 3050 καὶ
2881 2994 2980 3071 βίῷ
3035 2995 3124 3049 καὶ
3155 2991 3295 3058 τάξει
3356 2991 3628 3074 διέφερον,
3658 2991 3772 3047 ἀλλὰ

2144 3087 2355 3143 πάντων
2402 3085 2489 3150 εἷς
2518 3085 2584 3153 ἦν
2617 3083 2767 3147 οὗτος
2799 3085 2827 3140 ὁ
2874 3089 3084 3163 πρῶτος
3114 3083 3470 3161 καθηγγητὴτ
3525 3084 3614 3140 καὶ
3642 3079 3770 3138 διδέ-

411 3144 606 3150 m------
667 3144 787 3150 --ν
1141 3144 1372 3169 ,----._-
1435 3144 1692 3153 --π-η-
1735 3144 1791 3152 --
1843 3144 2029 3170 --.Ἰ-υ

406 3185 519 3242 ter.

2151 3175 2334 3241 τκαλος
2345 3225 2359 3240 ,

484 3268 638 3332 VIII.
673 3268 893 3332 Verum
919 3271 1226 3331 enimvero
1260 3268 1380 3330 vult
1410 3269 1598 3333 oratio
1625 3271 1877 3334 aliorum
1909 3292 2054 3354 quo-

2219 3256 2308 3326 H'.
2358 3264 2524 3322 Ἀλλά
2554 3267 2860 3340 μεμνῆσθαι
2912 3262 3071 3354 πάλιν
3103 3262 3130 3317 ὃ
3189 3260 3350 3354 λόγος
3399 3285 3490 3354 νιαι
3521 3267 3627 3320 τῶν
3680 3259 3768 3317 ἄλ-

403 3378 520 3440 que
555 3359 905 3420 meminisse
929 3359 1059 3438 ejus
1093 3358 1546 3440 miraculorum,
1577 3369 1634 3422 et
1666 3380 1734 3424 ea
1761 3380 1880 3424 non
1926 3349 2052 3424 dari

2151 3360 2246 3413 low
2289 3355 2448 3414 αὑτοῦ
2476 3353 2722 3432 βούλεται
2779 3352 3104 3455 θαυμασίων,
3133 3354 3221 3455 θεαὶ
3280 3351 3358 3455 pii.
3415 3349 3560 3430 λήθῃ
3594 3371 3770 3455 ,παρα-

402 3439 713 3524 oblivioni,
738 3467 869 3525 quae
894 3466 1104 3510 revera
1135 3469 1253 3510 non
1283 3457 1422 3510 sunt
1445 3439 1626 3530 digna
1656 3467 1787 3532 qua:
1811 3451 2050 3517 dentur.

2151 3443 2334 3502 Ξιδόναι
2378 3446 2444 3502 τὰ
2503 3446 2580 3520 μὴ
2639 3457 2847 3510 σιωπης
2907 3441 3072 3508 ὅντως
3137 3439 3276 3508 ἄξια,
3322 3442 3490 3521 Ἀνὴρ
3551 3442 3648 3520 γὰρ
3701 3460 3766 3504 τις

403 3537 547 3601 Nam
592 3539 684 3598 vir
706 3536 947 3618 quidam
986 3538 1230 3600 nomine
1251 3529 1534 3614 Eucleus,
1555 3540 1651 3601 cui
1675 3529 1904 3602 invidia
1924 3541 2049 3603 dm-

2151 3533 2369 3599 Ξῖίκλεος
2424 3533 2680 3609 τοῦνομα,
2719 3533 2894 3614 φθόνῷ
2935 3530 3187 3609 δαιμονίῳ
3236 3533 3329 3588 τὸν
3359 3531 3636 3611 ὀφθαλμὸν
3682 3529 3766 3585 έκ-

403 3628 596 3689 monis
625 3626 859 3688 excisus
883 3635 1013 3688 erat
1043 3627 1513 3703 oculus,statuit,
1543 3630 1720 3691 vitam
1741 3632 2052 3712 suscipere

403 3717 790 3778 monasticam
823 3717 876 3776 in
905 3735 975 3776 eo
1003 3717 1383 3792 monasterio,
1407 3718 1468 3779 in
1493 3738 1608 3798 quo
1632 3729 1760 3781 erat
1783 3730 2044 3784 sanctus:

403 3823 662 3886 cumque
687 3805 1064 3880 accessisset,
1085 3815 1143 3868 et
1167 3807 1431 3868 habitum
1458 3817 1748 3872 mutasset
1768 3819 1828 3872 et
1847 3811 2046 3885 vitam,

401 3913 675 3970 magnum
702 3898 976 3956 Joannem
1005 3902 1239 3957 attrahit
1264 3903 1331 3958 ad
1359 3903 1836 3962 misericordiam.
1874 3905 2052 3964 Audit

398 3985 602 4060 itaque
624 3985 789 4046 illum
815 3985 899 4046 sic
921 3985 991 4046 ad
1021 3985 1276 4048 verbum
1308 3995 1670 4060 orantem,et
1707 4007 1916 4067 magno
1939 3989 2051 4051 fer-

400 4091 539 4135 vore
565 4075 1110 4137 commiseratiouis
1141 4078 1226 4137 sic
1249 4076 1513 4137 animum
1549 4075 2046 4143 inﬂammantem:

2133 3628 2343 3699 κοπεὶς,
2392 3627 2484 3681 τὸν
2542 3625 2750 3702 μονήρη
2813 3622 2926 3699 βίον
2983 3622 3038 3678 ἐν
3093 3625 3239 3698 ᾧπερ
3311 3623 3338 3677 ὁ
3398 3620 3573 3699 μέγας
3606 3621 3762 3692 ξοῦτος

2135 3717 2344 3796 ὑπῆρχε
2404 3715 2630 3791 σεμνείῳ
2688 3713 2962 3789 μετελθεῖν
3023 3710 3226 3774 εἵλετο,
3302 3712 3399 3768 Καὶ
3471 3708 3760 3786 προσελθὼν

2133 3809 2227 3861 καὶ
2288 3809 2484 3885 σχῆμα
2541 3801 2826 3879 διαμείψας
2857 3803 2943 3858 καὶ
2996 3801 3132 3880 βίον,
3167 3802 3241 3864 εἰς
3299 3799 3447 3856 ἔλεον
3493 3799 3758 3856 ἐπισπᾶται

2132 3898 2222 3952 τὸν
2278 3893 2453 3973 ἅγιον.
2518 3893 2727 3950 Ἀιιούει
2786 3899 3066 3972 τοιγαροῦν
3123 3889 3287 3954 οὕτως
3347 3888 3550 3948 ἐκείνου
3604 3909 3756 3967 προσ-

2134 3984 2442 4061 ευξαμένου,
2506 3985 2594 4040 καὶ
2664 3981 2841 4059 πολλῇ
2909 3987 2977 4059 τῇ
3047 3979 3216 4058 θέρμῃ
3288 4003 3384 4046 της
3449 3977 3755 4055 συμπαθείας

2132 4077 2231 4144 τὴν
2293 4074 2478 4153 ψυχὴν
2540 4073 2962 4152 ἐκπυρώσαντος.
3023 4062 3080 4128 Ὀ
3133 4071 3286 4150 Θεὸς,
3318 4068 3535 4150 ἀδελφέ,
3566 4064 3754 4134 ἰάσηταί

399 4163 580 4239 Deus,
610 4184 642 4225 o
675 4165 882 4240 frater,
918 4165 1023 4226 tibi
1061 4163 1424 4240 medebitur,
1449 4165 1886 4228 etilluminabit
1920 4177 2051 4229 tuos

2151 4168 2214 4245 τὲ,
2280 4165 2369 4220 καὶ
2422 4164 2626 4243 φωτίσῃ
2683 4162 2802 4226 τοὺς
2875 4158 3173 4240 ὀφθαλμοὺς
3235 4161 3322 4216 καὶ
3391 4164 3492 4226 τῆς
3565 4155 3750 4231 καρδίας

399 4254 606 4315 oculos
632 4263 689 4314 et
722 4255 920 4314 cordis
945 4264 1005 4314 et
1032 4255 1330 4335 corporis.
1367 4255 1558 4319 Simul
1592 4276 1721 4317 cum
1752 4257 1862 4318 hoc
1895 4257 2050 4320 dicto

2151 4277 2225 4310 που
2256 4255 2342 4309 καὶ
2371 4259 2464 4309 τοῦ
2496 4253 2769 4327 σώματος.
2824 4250 2974 4324 ’Ἅμα
3005 4247 3058 4304 δὲ
3104 4253 3180 4321 τῷ
3209 4247 3357 4325 λόγῳ
3385 4251 3472 4305 καὶ
3505 4250 3587 4305 καὶ
3611 4249 3640 4314 ἡ
3668 4249 3746 4300 θε-

2281 4343 2291 4354 ι
2493 4341 2503 4354 ο
2798 4341 2810 4354 ι
2866 4343 2877 4354 ι
2929 4341 2942 4354 ς
2988 4342 3008 4354 Α
3052 4337 3071 4354 κ
3129 4339 3142 4354 \
3239 4336 3252 4354 ἱ
3385 4338 3425 4354 h—
3637 4337 3648 4354 ἢ
3689 4332 3714 4354 τ

398 4344 704 4406 concurrit
733 4343 910 4404 etiam
935 4345 1246 4419 curatio,et
1272 4344 1638 4406 illuminatus
1661 4354 1786 4407 erat
1816 4346 2043 4417 oculus,

2151 4343 2325 4401 ›απεία
2385 4341 2694 4422 συνέτρεχε,
2728 4341 2816 4396 καὶ
2863 4343 2886 4395 ξι
2918 4337 3184 4417 ὀφθαλμὸς
3235 4336 3543 4416 ἐφωτίζετο,
3576 4337 3650 4391 καὶ
3687 4336 3742 4398 ἧν

2151 4433 2155 4440 .
2442 4433 2454 4440 ι
2508 4433 2517 4440 .
2826 4429 2842 4440 ι
2941 4432 2950 4440 ι
3089 4419 3103 4440 ε
3123 4438 3129 4440 .
3195 4427 3212 4440 \
3231 4433 3258 4440 _
3507 4431 3519 4440 ι
3631 4422 3668 4440 1η

401 4441 459 4494 et
492 4451 561 4492 eo
595 4431 879 4493 utebatur
914 4433 1196 4494 similiter
1225 4441 1404 4514 atque
1426 4435 1560 4495 alio.
1593 4434 1961 4527 Simpliciter
1987 4443 2045 4527 et

2151 4433 2278 4514 ἒχων
2311 4439 2388 4507 τῷ
2437 4419 3045 4511 ἐτέρῳηπαραπλησίως.
3089 4419 3265 4496 ’Λπλῆ
3297 4451 3388 4504 μοι
3434 4422 3734 4527 καὶ-σχέδιος

399 4521 620 4582 leniter
643 4540 673 4581 a
699 4540 794 4582 me
819 4531 1135 4583 narrantur
1155 4504 1462 4597 miracula,
1490 4523 1629 4584 dum
1653 4504 1736 4585 ad'
1758 4524 2042 4586 orationis

2151 4504 2201 4591 in
2224 4529 2328 4580 τῶν
2362 4504 2656 4598 θαυμάτων
2717 4504 2964 4597 διήγησις
2995 4519 3124 4595 πρὸς
3183 4519 3246 4573 τὸ
3288 4523 3464 4592 μῆκος
3519 4504 3723 4614 decrepiti—

398 4609 623 4690 aspicio
646 4611 1108 4706 longitudinem,
1137 4621 1196 4673 et
1227 4612 1375 4673 nihil
1397 4613 1523 4675 volo
1559 4612 1688 4674 fuse
1714 4632 1779 4675 ac
1813 4614 2041 4694 prolixe

2151 4637 2174 4670 ‘t.
2234 4619 2325 4670 τοῦ
2371 4611 2558 4690 λόγου,
2591 4611 2679 4667 καὶ
2739 4607 2906 4682 μηδὲν
2964 4605 3395 4706 ἐπεξεργάζεσθαι
3439 4603 3725 4706 βουλομένη-ι’κ

398 4700 696 4780 persequi.
737 4701 856 4762 Sed
885 4699 1046 4762 nullo
1079 4721 1228 4782 opus
1255 4709 1345 4763 est
1379 4711 1732 4764 ornamento
1764 4712 2035 4779 externo,

2151 4702 2272 4770 ιλην
2331 4699 2546 4777 οὖδεμία
2574 4700 2731 4781 χρεία
2760 4699 2918 4778 χρεία
2969 4701 3064 4764 τῆς
3099 4694 3284 4762 ἔξωθεν
3319 4694 3629 4767 εὐπρεπείας,
3655 4694 3729 4744 καὶ

397 4799 452 4850 et
487 4789 557 4850 iis
608 4809 737 4870 qua:
771 4809 838 4851 ea
871 4799 1114 4871 possunt
1167 4790 1478 4886 extollere,
1513 4791 1616 4886 sed
1649 4791 1906 4886 sufﬁciet
1954 4795 2041 4856 eis

2156 4801 2230 4849 ὦν
2300 4791 2535 4871 ἐπαίρειν
2592 4790 2721 4846 αὐτᾶ
2783 4787 3106 4864 δυναμένων,
3151 4785 3293 4842 ἀλλὰ
3330 4785 3527 4849 κάλλος
3579 4783 3728 4886 aufert

394 4898 498 4940 sua
551 4867 932 4960 pulchritudo
992 4890 1050 4942 et
1111 4879 1479 4959 magnitudo.
1516 4880 1642 4953 Quo
1699 4882 1859 4945 circa
1908 4894 2045 4947 sunt

2151 4883 2215 4940 ιαέ
2251 4867 2472 4960 μέγεθος
2516 4881 2578 4936 τὸ
2620 4877 2757 4934 ἴδιον
2803 4877 3129 4957 ἀποχρήσει.
3161 4874 3318 4934 Ὀθεν
3362 4873 3428 4948 δὴ
3459 4877 3544 4932 καὶ
3594 4867 3734 4927 τᾶλλα

394 4969 569 5031 etiam
608 4969 748 5030 mihi
782 4969 899 5031 alia
929 4969 1142 5031 eodem
1177 4970 1354 5031 modo
1390 4971 1708 5036 narranda.

2151 4975 2325 5052 τρόπον
2355 4995 2447 5048 μοι
2476 4970 2568 5025 τὸν
2596 4968 2714 5026 ’ίσον
2745 4965 3054 5043 διηγητεον.

478 5061 576 5120 ΙΧ.
614 5060 828 5121 Mulier
859 5059 1138 5138 quaedam
1195 5059 1337 5120 civis
1365 5061 1766 5136 Antiochena,
1804 5065 2048 5128 nomine

2164 5049 2174 5052 ν
2214 5053 2297 5125 ϐ’,
2363 5061 2500 5128 Γυνὴ
2549 5057 2754 5119 πολιτις
2813 5055 3175 5136 Ἀντιοχείας,
3211 5054 3442 5130 τοῦνομα
3494 5049 3732 5161 Χριστένσ,

393 5147 711 5222 Christina,
750 5148 1041 5229 proﬂuvio
1075 5147 1382 5226 sanguinis
1433 5159 1664 5230 septen-
1696 5150 1821 5231 jam
1857 5171 2046 5215 annos

2151 5155 2338 5220 Γαύτην
2412 5149 2720 5246 αἷμοῤῥοίαςι
2796 5146 2961 5209 πόθος
3041 5148 3128 5203 καὶ
3201 5149 3273 5211 εἷς
3343 5143 3562 5220 ἕϐδομον
3637 5143 3731 5246 ξτος

394 5236 652 5316 graviter
679 5227 1011 5300 laborabat.
1045 5235 1187 5298 Cum
1223 5256 1291 5299 ca
1323 5257 1464 5318 ergo
1494 5227 1594 5301 diu
1629 5227 1733 5302 usa
1767 5242 2039 5319 medicis,

2151 5243 2387 5324 [αλεπῶς
2424 5227 2670 5319 ἔτρυχεν.
2707 5227 2798 5299 Ὠς
2844 5235 2932 5292 οὗν
2963 5237 3166 5314 ἰατροῖς
3211 5234 3386 5293 πολλά
3414 5229 3730 5334 χρησαμέἴη,

394 5327 732 5401 agnovisset
780 5347 884 5389 eos
913 5345 1064 5388 vana
1095 5345 1202 5406 spe
1257 5317 1481 5391 ducere
1515 5340 1569 5390 et
1616 5348 1782 5393 mora
1814 5317 2066 5406 inutili,‘

2151 5317 2281 5400 ενὴν
2343 5317 2527 5388 ἐλπίδα
2551 5317 2621 5385 Ἵνά
2663 5327 2717 5394 ιξ
2760 5329 2931 5385 αὐτῶν
2959 5325 3100 5404 ἓγνω
3143 5324 3238 5382 καί
3281 5326 3508 5402 ματαίαν
3554 5317 3730 5398 τριϐὴν,

396 5417 631 5476 vehitur
659 5435 691 5476 a
715 5416 1031 5495 jumentis,
1065 5424 1122 5476 et
1153 5418 1279 5478 viro
1314 5430 1638 5500 sequente,
1672 5419 1939 5481 defertur
1965 5420 2037 5482 ad

2151 5423 2312 5500 μόρτος
2386 5423 2585 5501 γίνεται
2658 5430 2774 5482 τοῖς
2831 5417 3129 5495 ὑποζυγίοις
3159 5462 3177 5494 ,
3251 5417 3345 5472 καί
3416 5422 3508 5472 τοῦ
3576 5409 3734 5490 ἀνδρὸς

472 5582 506 5631 6
533 5580 708 5647 Joan.
741 5601 823 5659 IX,
863 5587 914 5646 Ἰ.
