3996 6178
228 280 390 349 1069

1272 283 1458 350 VlTA
1502 287 1563 350 S.
1617 279 1943 350 JOANNIS
1984 279 2542 349 GHRYSOSTOMI.

3439 284 3602 371 1079

217 423 472 486 συνόντος
511 423 641 501 πρὸς
685 423 785 489 τὴν
828 423 982 500 ἁγίαν
1012 422 1210 489 ταύτην
1267 423 1437 497 μονὴν
1491 423 1729 503 φέρεται,
1771 424 1850 478 καῖ

1943 422 2056 484 hoc
2077 429 2348 484 sanctum
2385 420 2840 498 monasterium,
2866 428 2926 482 et
2970 421 3280 502 projicitur
3299 423 3371 488 .in
3398 427 3586 494 vestis-

214 517 300 583 τῷ
345 509 553 567 πυλῶνι
615 513 1025 590 προσπίπτεται.
1065 502 1123 570 (Ο
1168 511 1239 588 δὲ,
1281 514 1375 569 καί
1409 514 1538 589 πρὸς
1572 515 1664 568 τὸν
1714 513 1850 591 ἇίγιοε

1951 511 2230 575 bulo.llle
2263 519 2460 576 autem
2494 511 2567 572 ad
2595 521 2870 574 sanctum
2904 513 3384 592 ingressus,cum
3410 514 3588 578 dixis-

213 598 495 678 εἰσελθὼν,
559 602 648 657 καὶ
706 602 802 668 τὴν
861 602 1034 658 αἰτίαν
1089 602 1283 666 εἰπὼνζι
1310 601 1407 669 τῆς
1479 600 1731 681 ἀφίξεως,
1806 603 1866 657 τὸ

212 689 365 753 παρὰ
398 691 461 745 τὸ
489 688 607 746 δέον
651 689 865 768 προέξειν
897 689 1237 769 ἐπιτιμᾶται,
1271 688 1364 746 καί
1411 691 1510 758 τὴν
1543 698 1634 747 τοῦ
1684 691 1862 747 συνοί-

210 797 409 842 σοντος
438 777 678 856 ἄγνοιαν.
716 780 776 836 Τί
806 780 928 858 γὰρ,
987 781 1141 858 φησὶ,
1201 781 1293 835 τὸν
1347 780 1655 856 θεραπεύειν
1698 789 1863 838 ταῦτα

211 865 512 942 δυνάμενον
595 867 897 946 παρελθὼν,
973 872 1294 944 ὁμοιοπαθεϊ
1378 870 1678 945 προσῆλθες
1763 869 1862 923 ἀν-

210 955 440 1031 θρώπῳ,
492 957 558 1012 τὰ
615 957 745 1035 ὑπὲρ
809 959 905 1023 τὴν
962 957 1182 1031 δύναμιν
1214 958 1478 1035 ἀπαιτῶν,
1531 956 1672 1024 πλὴν
1725 955 1864 1012 ἆ).λὰ

211 1051 286 1116 τῇ
350 1046 562 1122 γυναικὶ
604 1045 756 1111 λέξον
791 1067 804 1080 ·
858 1049 932 1110 ὡς
965 1049 1009 1103 εἰ
1051 1048 1113 1103 τὸ
1142 1048 1375 1124 σκληρὸν
1399 1056 1554 1105 τοῦτο
1596 1047 1685 1102 καὶ
1713 1045 1862 1102 ἀπα-

211 1135 545 1213 ραχώρητον
597 1138 690 1192 τοῦ
749 1139 948 1214 τρόπου
1003 1134 1336 1210 διωσαμένη,
1396 1136 1610 1211 μετρίαν
1670 1134 1862 1201 ἑαυτὴν

211 1225 306 1278 καὶ
381 1222 750 1303 φιλάνθρωπον
823 1238 947 1290 ταῖς
1033 1225 1370 1300 θεραπαίναις
1429 1225 1716 1304 παράσχῃ,
1773 1223 1861 1280 καὶ

209 1325 388 1392 χεῖρα
442 1316 540 1389 μὲν
597 1313 852 1371 πλουσίαν
894 1314 1129 1390 διανοίξῃ
1172 1327 1291 1378 τοῖς
1345 1314 1562 1387 πένησι,
1627 1334 1860 1391 προσευ-

209 1404 339 1480 χῶν
383 1400 437 1457 δὲ
470 1405 758 1476 μνησθείη,
792 1406 880 1460 καὶ
931 1404 1237 1482 ἐγκρατείας
1289 1404 1722 1477 ἀντιποιήσαιτο,
1756 1425 1858 1457 τα-

208 1506 354 1570 χεῖα
414 1495 501 1549 καὶ
551 1496 586 1561 ἡ
648 1501 740 1550 τοῦ
794 1495 1043 1569 σώματος
1101 1494 1352 1570 θεραπεία
1413 1495 1548 1568 μετὰ
1599 1494 1700 1558 τὴν
1759 1491 1854 1558 τῆς

207 1586 408 1662 ψυχῆς
442 1581 654 1657 ἕψεται.
692 1584 952 1641 Μανθάνει
983 1591 1148 1640 ταῦτα
1192 1586 1252 1640 τὸ
1294 1585 1534 1662 γύναιον,
1569 1583 1656 1640 καὶ
1689 1579 1856 1654 μηδὲν

1950 610 2040 662 set
2060 597 2295 663 causam
2320 601 2678 674 adventus,a
2701 607 2908 662 sancto
2928 601 3586 682 reprehenditur,quod

1947 708 2067 750 non
2090 690 2300 752 fecerit
2323 700 2388 752 ut
2411 698 2540 752 erat
2559 698 3126 767 consentaneum,et
3145 690 3306 771 quod
3337 690 3580 770 ignora-

1945 785 2038 837 ret
2088 777 2170 850 id,
2207 778 2366 859 quod
2416 784 2543 839 erat
2565 777 2682 838 sibi
2723 777 2987 839 futurum
3027 775 3433 852 conducibile.
3468 777 3587 843 Cur

1948 867 2132 938 enim,
2159 867 2378 946 inquit,
2405 885 2478 929 eo
2503 867 2831 946 praeterito,
2858 867 2957 947 qui
2981 867 3106 928 haec
3129 874 3328 946 potest
3349 887 3580 946 curare,

1945 955 2254 1016 accessisti
2269 955 2342 1017 ad
2363 954 2686 1036 virum,qui
2711 963 2803 1017 est
2825 954 3120 1018 obnoxius
3151 955 3365 1019 iisdem
3397 958 3584 1021 aﬂ‘ec-

1946 1043 2318 1119 tionibus,ab
2340 1063 2412 1106 eo
2432 1044 2741 1123 postulans
2766 1062 3000 1125 ea,quae
3018 1043 3219 1119 facere
3251 1065 3370 1108 non
3401 1057 3491 1110 est
3520 1047 3586 1110 in

1945 1133 2078 1213 ejus
2097 1132 2419 1213 potestate?
2432 1131 2551 1198 Sed
2576 1143 2775 1196 tamen
2794 1135 2921 1196 haec
2943 1135 3039 1196 dic
3060 1135 3250 1197 uxori:
3271 1134 3332 1199 Si
3354 1139 3584 1218 asperis

1943 1230 2003 1284 et
2027 1223 2439 1303 pervicacibus
2461 1223 2555 1286 bis
2576 1223 2850 1286 moribus
2867 1223 3100 1303 ejectis,
3129 1233 3185 1286 te
3211 1225 3577 1290 moderatam

1941 1319 2001 1373 et
2023 1311 2344 1392 benignam
2367 1311 2604 1374 ancillis
2625 1311 2980 1392 praebueris:
2999 1322 3058 1375 et
3073 1330 3320 1376 manum
3336 1315 3580 1396 quidem

1942 1400 2168 1479 largam
2192 1411 2249 1463 et
2279 1402 2525 1463 divitem
2553 1401 2915 1481 pauperibus
2933 1402 3268 1482 aperueris,
3279 1406 3576 1484 precatio-

1941 1506 2198 1570 nemque
2230 1500 2290 1550 et
2311 1490 2744 1551 continentiam
2772 1489 3066 1552 oblivioni
3103 1510 3221 1552 non
3247 1495 3574 1572 mandaris,

1939 1577 2155 1640 anima;
2196 1579 2565 1640 curationem
2608 1581 2722 1641 cito
2767 1589 3171 1658 consequetur
3190 1584 3418 1645 curatio
3441 1602 3581 1647 cor-

206 1670 402 1736 ἀτελὲς
451 1672 667 1751 ἀφεῖναι
734 1680 842 1730 τῶν
915 1673 1345 1751 ἐπιτεταγμένων
1401 1671 1585 1737 δηλοῖ.
1647 1673 1742 1732 Ὦς
1799 1667 1850 1725 δὲ

1943 1667 2132 1745 poris.
2164 1668 2402 1748 Accipit
2451 1668 2578 1730 haec
2629 1669 2866 1745 mulier,
2901 1677 2962 1731 et
3003 1670 3306 1749 signiﬁcat
3333 1691 3398 1735 se
3428 1673 3578 1737 nihil

206 1761 360 1837 παρὰ
419 1768 511 1817 τοῦ
575 1761 760 1840 ἀνδρὸς
820 1760 1015 1829 ἤκουσε
1070 1763 1167 1829 τὴν
1237 1760 1557 1838 ἐπαγγελίαν
1619 1759 1850 1832 ἐκεῖνος,

1939 1758 2298 1818 omissurum
2325 1777 2702 1840 eorum,quae
2717 1759 3334 1841 jusserat.Postquam
3358 1763 3585 1828 audivit

208 1847 438 1928 ”Απιτε,
471 1852 623 1930 φησὶ,
669 1853 806 1926 μετὰ
851 1853 1066 1930 εἰρήνης
1103 1867 1115 1880 '
1163 1853 1540 1928 τεθεράπευται
1594 1850 1693 1926 γὰρ
1747 1847 1850 1914 ἤδη

1937 1846 2038 1908 ille
2060 1865 2095 1909 a
2115 1846 2329 1910 marito
2353 1850 2554 1910 uxoris
2579 1848 3042 1928 promissionem
3080 1868 3093 1912 :
3126 1849 3328 1924 Abite,
3360 1855 3578 1935 inquit,

207 1939 362 2016 παρὰ
416 1940 642 2018 Χριστοῦ
699 1964 784 1998 σοι
828 1944 890 1996 τὸ
948 1943 1187 2018 γύναιον.
1255 1950 1416 1999 Τουτο
1460 1941 1613 2000 αὐτὸς
1679 1935 1850 1993 ἀπελ-

1937 1936 2053 2017 jam
2075 1937 2234 1998 enim
2255 1947 2462 2000 curata
2483 1937 2594 1999 fuit
2615 1956 2647 1999 a
2664 1936 2902 2000 Christo
2955 1957 3109 2002 uxor
3132 1948 3252 2004 tua.
3287 1940 3414 2005 Hoc
3444 1962 3579 2006 cum

206 2028 344 2097 θὼν,
406 2031 499 2085 καί
561 2029 646 2086 ἐπὶ
707 2037 816 2086 τῶν
875 2030 1044 2108 ἔργων
1101 2031 1267 2094 οὕτως
1339 2028 1484 2102 ἰδὼν,
1545 2029 1690 2090 εὐθὺς
1739 2026 1850 2102 ἅμα

1937 2025 2068 2106 ipse
2090 2025 2325 2101 abiens,
2359 2045 2572 2088 revera
2595 2027 2680 2088 ita
2724 2046 2860 2090 esse
2905 2027 3177 2105 vidisset,
3209 2031 3405 2096 statim
3441 2052 3576 2096 cum

207 2121 436 2194 γτναικ“ι
493 2120 591 2186 τὴν
650 2120 746 2192 μὲν
831 2119 1075 2198 γλῶτταν
1135 2122 1266 2198 πρὸς
1354 2120 1694 2198 εὐχαριστίαν
1759 2121 1850 2172 τοῦ

1937 2133 2124 2178 uxore
2155 2115 2416 2194 linguam
2451 2115 2692 2197 quidem
2717 2116 2899 2178 movit
2927 2117 3003 2179 ad
3032 2117 3354 2197 gratiarum
3387 2123 3574 2185 actio.

209 2207 519 2278 κτίσαντος,
575 2209 694 2272 τοὺς
742 2205 797 2264 δὲ
855 2207 1020 2272 πόδας
1072 2211 1202 2288 πρὸς
1265 2210 1478 2284 πορείαν
1527 2207 1710 2269 ἐκίνει,
1756 2204 1850 2261 ’Ἐν

1941 2205 2300 2284 nem,pedes
2315 2217 2520 2269 autem
2539 2206 2611 2268 ad
2645 2205 2940 2269 iter.Cum
2967 2226 3146 2269 unum
3167 2206 3579 2289 iis,qua3dicla

211 2293 293 2350 ἔτι
355 2310 470 2361 τοῖς
529 2297 831 2374 εἰρημένοις
895 2300 1162 2377 προσθεὶς,
1213 2304 1320 2355 τῶν
1351 2297 1548 2376 ἐτέρων
1580 2295 1739 2353 πάλιν
1800 2294 1850 2349 ἐν

1938 2303 2101 2368 sunt,
2136 2294 2439 2374 adjecero,
2487 2298 2743 2357 aliorum
2775 2313 2986 2357 rursus
3029 2314 3138 2358 suo
3183 2304 3454 2378 tempore
3485 2299 3575 2362 fa-

211 2381 331 2457 ἰδίῳ
360 2392 528 2463 καιρῷ
559 2387 938 2463 μνησθήσομαι
951 2436 965 2450 .

295 2473 340 2530 ι’
353 2519 368 2535 .
415 2474 563 2531 Λέων
619 2476 829 2552 μεγέθει
874 2477 1150 2554 μέγιστος,
1197 2477 1284 2532 καὶ
1327 2477 1423 2544 τὴν
1483 2474 1655 2542 ἀλκὴν
1719 2471 1851 2530 ἁνυ-

215 2563 503 2642 πόστατος,
588 2563 959 2642 φοϐερώτατός
1019 2587 1078 2622 τε
1136 2562 1364 2644 όφθηναι
1437 2566 1526 2622 καὶ
1578 2564 1851 2620 ἐπιθέσθαι

206 2649 537 2728 δεινότατος,
597 2653 717 2711 κατ’
777 2654 957 2712 ἐκεῖνο
1014 2662 1201 2731 καιροῦ
1272 2667 1388 2719 τοϊς
1459 2668 1579 2732 περὶ
1640 2652 1848 2710 Ἀντιό-

207 2763 374 2820 χειαν
432 2742 676 2817 ἐκώμαζε
746 2744 958 2807 τόποις.
1018 2746 1183 2808 Οὗτος
1226 2757 1492 2822 γεωργοῖς
1537 2745 1635 2819 μὲν
1672 2765 1846 2810 πονη-

210 2832 307 2907 ρὸς
334 2831 548 2908 γείτων,
583 2830 783 2896 ὀδίταις
813 2831 866 2889 δὲ
898 2831 1143 2912 χαλεπὸν
1200 2834 1372 2906 θέαμα
1420 2834 1508 2889 καὶ
1539 2834 1850 2906 συνάντημα

208 2919 306 2984 ἦν.
363 2921 461 2978 Καὶ
502 2921 602 2999 γὰρ
639 2921 824 3000 ἀθρόον
886 2924 1090 2982 τούτοις
1143 2923 1508 2998 ἐπιτιθέμενος
1568 2921 1850 2986 πλείστους

210 3028 270 3062 τε
329 3009 513 3088 ἀνῄρει
573 3011 660 3066 καὶ
717 3011 1035 3090 παρέπεμπε
1091 3019 1159 3088 τῇ
1223 3015 1434 3091 γαστρί,
1515 3014 1611 3071 Καὶ
1667 3011 1731 3079 ἦν
1789 3014 1851 3069 τὸ

1937 2383 2090 2445 ciam
2124 2384 2514 2447 mentionem.
3268 2453 3271 2457 _

2018 2471 2217 2535 X.Leo
2239 2473 2654 2553 magnitudine
2680 2473 3057 2545 maximus,et
3075 2475 3246 2556 cujus
3263 2475 3422 2536 vires
3442 2489 3573 2535 sus-

1938 2562 2116 2623 tineri
2146 2582 2265 2624 non
2295 2572 2659 2644 poterant,et
2677 2563 2778 2645 qui
2794 2573 2922 2626 erat
2945 2564 3075 2626 visu
3099 2564 3357 2626 maxime
3390 2561 3572 2625 terri-

1935 2651 2095 2727 bilis,
2133 2659 2192 2713 et
2243 2655 2314 2714 ad
2348 2653 2751 2716 invadendum
2783 2652 3141 2726 acerrimus,
3175 2653 3276 2715 illo
3305 2663 3576 2732 tempore

1934 2741 2288 2804 versabatur
2317 2743 2377 2804 in
2410 2743 2581 2811 locis,
2608 2762 2742 2824 qua;
2766 2751 2904 2804 sunt
2934 2743 3095 2805 circa
3123 2741 3572 2807 Alexandriam.

1934 2831 1991 2893 ls
2022 2845 2155 2892 erat
2185 2833 2462 2910 agricolis
2485 2833 2728 2913 quidem
2756 2831 2950 2894 malus
2974 2831 3574 2909 vicinus,viatoribus

1932 2928 2130 2982 autem
2163 2941 2338 3000 grave
2371 2923 2788 3002 spectaculum
2817 2931 2876 2984 et
2898 2940 3152 2985 occursu
3167 2920 3569 2984 formidabile.

1932 3009 2140 3089 Magno
2170 3013 2330 3072 enim
2367 3013 2594 3092 impetu
2627 3015 2682 3074 in
2717 3031 2823 3074 eos
2878 3018 3247 3093 irrumpens,
3281 3011 3574 3093 plurimos

209 3103 438 3173 πρᾶγμα
491 3096 713 3196 φοϐερὸν
797 3103 884 3156 καὶ
961 3101 1274 3180 ἀμήχανον,
1350 3101 1448 3159 Καί
1505 3122 1634 3158 ποτε
1717 3103 1848 3180 πρὸς

1937 3099 2334 3168 occidebat.et
2357 3102 2535 3196 simul
2557 3103 2616 3163 in
2637 3112 2904 3196 ventrem
2932 3102 3577 3196 tr_ansmittebat:_erat-

213 3186 372 3243 αὐτὸν
458 3186 634 3254 πολλή
717 3188 811 3246 καί
898 3189 1213 3264 ἀκμάζουσα
1266 3193 1372 3248 τῶν
1443 3189 1847 3270 πλησιοχώρων

1937 3207 2054 3266 que
2075 3208 2146 3251 ex
2169 3209 2339 3270 aaquo
2357 3200 2416 3252 et
2433 3191 2653 3253 damno
2675 3191 3317 3271 perniciosissimus,et
3338 3191 3410 3252 ad
3435 3209 3572 3254 eum

212 3275 670 3354 ἐπιστρατεύσασα
738 3282 860 3357 χεὶρ
913 3280 1002 3336 ἐπὶ
1056 3287 1208 3352 κακῷ
1278 3286 1354 3354 τῷ
1421 3278 1536 3353 ἰδίῳ
1591 3279 1730 3358 ἔγνω
1787 3282 1849 3336 τὸ

211 3365 492 3442 τολμηρὸν
572 3365 896 3432 ἐπιδείξασα,
961 3369 1066 3426 Καί
1125 3371 1225 3449 γὰρ
1310 3367 1556 3449 ἐξαίφνης
1636 3370 1850 3428 πάντων

210 3453 594 3536 καταδραμὼν,
629 3458 718 3523 οὓς
750 3458 847 3532 μὲν
877 3459 966 3515 καὶ
1009 3459 1158 3533 μόνῳ
1210 3466 1287 3534 τῷ
1336 3460 1646 3538 βρυχήματι
1681 3477 1850 3516 κατα·-

210 3545 394 3609 σέίσας
452 3544 683 3625 φυγάδας
744 3544 959 3626 ἔδειξεν,
994 3549 1082 3614 οὓς
1139 3549 1193 3604 δὲ
1251 3550 1341 3606 καὶ
1398 3546 1719 3626 διαλαφύξας
1773 3553 1852 3622 τῷ

211 3634 442 3710 στόματι
501 3633 718 3693 δεῖπνον
773 3635 938 3710 ἔθετο,
1015 3639 1161 3702 τινὰς
1235 3636 1286 3692 δὲ
1347 3639 1434 3694 καὶ
1492 3634 1850 3716 διασπαράξας

207 3737 329 3788 τοῖς
390 3723 559 3790 ὄνυξιν
617 3725 878 3788 ἐλεεινοὺς
927 3727 1233 3804 εἰργάσατο,
1273 3728 1368 3786 Καὶ
1400 3727 1449 3784 τί
1477 3729 1576 3805 γαρ
1610 3726 1765 3801 ἄλλο,
1813 3728 1849 3796 ἢ

205 3811 426 3878 λέοντος
485 3817 855 3892 τραυματίας;
912 3818 1147 3872 ἐντεῦθεν
1183 3818 1231 3872 τί
1277 3814 1578 3872 συνέϐαινεν
1617 3836 1633 3892 ;
1693 3817 1847 3896 ἀφίε-

207 3906 327 3958 σθαι
364 3902 462 3977 μὲν
491 3905 586 3968 τὰς
634 3903 857 3981 ἆροόρας
914 3905 1016 3961 ὑπὸ
1075 3903 1181 3960 τῶν
1223 3909 1475 3982 γεωργῶν
1505 3904 1847 3978 ἀνεπιμελή-

205 4012 359 4066 τους,
393 3991 741 4071 ἐκτρέπεσθαι
788 3991 843 4048 δὲ
891 3994 1012 4058 τοῦς
1073 3991 1474 4071 ὁδοιποροῦντας
1520 3996 1594 4057 εἰς
1651 3995 1846 4058 τόπους

205 4078 438 4146 ἀϐάτους
489 4081 574 4138 διὰ
631 4084 692 4139 τὸ
748 4088 839 4140 τοῦ
880 4085 1041 4160 θηρὸς
1099 4083 1483 4142 ἀνυπόστατόν.
1525 4074 1618 4148 Ὠς
1667 4083 1722 4139 δὲ
1772 4089 1846 4150 είς

207 4169 446 4250 ἔσχατον
498 4170 720 4250 ἀπορίας
779 4171 1048 4245 ἐλθόντες,
1081 4171 1237 4246 μόλις
1283 4174 1412 4230 ποτὲ
1471 4175 1561 4230 τὸν
1594 4181 1686 4230 τοῦ
1718 4176 1848 4231 Θεοῦ

209 4259 488 4339 ἄνθρωπον
545 4263 618 4323 εἰς
679 4267 797 4318 νοῦν
854 4258 1066 4335 ἔλαϐον,
1129 4261 1482 4337 παμπληθεῖς
1524 4265 1657 4338 πρὸς
1690 4266 1848 4321 αὐτὸν

211 4349 552 4429 ἀφικόμενοι,
611 4350 676 4406 τά
725 4371 784 4406 τε
817 4351 956 4408 κακὰ
989 4351 1050 4406 τὰ
1080 4349 1140 4406 ἐκ
1169 4357 1261 4408 τοῦ
1291 4349 1506 4415 λέοντος
1537 4350 1844 4429 διηγοῦντο,

213 4440 300 4493 καὶ
331 4436 460 4516 παρ’
513 4439 671 4496 αὐτοῦ
729 4438 877 4496 λύσιν
934 4440 1158 4515 ᾐτοῦντο
1216 4439 1310 4508 τῆς
1347 4447 1638 4520 συμφορᾶς,
1674 4442 1734 4501 Ὀ
1792 4442 1846 4500 δέ

211 4529 472 4604 πρότερον
555 4529 629 4592 εἰς
713 4528 1082 4606 ὀλιγοπιστίαν
1162 4531 1351 4594 αὐτοὺς
1405 4529 1687 4610 ὀνειδίσας,
1760 4536 1849 4590 καὶ

210 4616 304 4673 τοῦ
362 4616 586 4697 ἅμαχαν
644 4619 830 4682 αὐτοῖς
873 4619 1098 4699 ὀφθῆναι
1155 4621 1247 4677 τον
1301 4623 1460 4699 θῆρα,
1521 4618 1846 4678 δεσποτικῶν

214 4704 444 4763 ἐντολῶν
505 4705 788 4786 ὀλιγωρίαν
849 4708 1250 4784 αἰτιασάμενος,
1319 4711 1476 4784 ὑμεῖς
1529 4711 1650 4784 μὲν,
1717 4709 1842 4789 ἔφη,

214 4800 410 4860 πάντες
455 4797 590 4872 ὁμοῦ
634 4795 736 4872 Ιτίσ.
776 4795 947 4854 λείπει
1002 4797 1076 4876 ἐν]
1107 4801 1185 4873 τῷ
1226 4805 1335 4872 ναῷ
1367 4797 1702 4863 συνελθόντες
1735 4799 1844 4865 ἐξι-

213 4881 427 4942 λεοῦσθε
484 4887 545 4941 τὸ
617 4891 763 4943 θετον
797 4903 812 4917 ⁶
872 4894 1061 4943 τοῦτον
1115 4886 1194 4967 δὲ,
1246 4887 1406 4967 ὅνπερ
1473 4889 1602 4964 ὑμῖν
1660 4888 1846 4965 δίδωμι

216 4971 465 5053 (σταυρὸς
520 4973 576 5030 δὲ
631 4977 694 5032 τὸ
750 4973 1023 5045 διδόμενον
1077 4976 1168 5057 ἦν)
1223 4976 1309 5033 ἐπὶ
1340 4977 1436 5041 τὰς
1481 4980 1575 5035 τοῦ
1630 4978 1844 5044 λέοντος

209 5065 441 5134 στήσατε
494 5061 749 5129 διεξόδους
784 5084 799 5099 ⁸
859 5067 947 5122 καὶ
996 5063 1158 5144 φόϐος
1195 5067 1291 5142 μὲν
1335 5072 1438 5128 πᾶς
1470 5066 1716 5146 ἀπέστω,
1749 5090 1843 5124 τε-

209 5149 324 5209 λεία
382 5151 438 5208 δὲ
479 5154 654 5219 πίστις
700 5153 863 5235 ἔστω,
922 5158 1011 5212 καὶ
1041 5155 1256 5234 ταχέως
1285 5159 1448 5232 Ὑμῖν
1479 5157 1746 5234 γνώριμος
1808 5159 1842 5226 ἡ

212 5248 300 5298 τοῦ
356 5241 486 5316 ἐμοῦ
567 5250 794 5321 Χριστοῦ
869 5243 1090 5319 δύναμις
1151 5244 1322 5307 ἔσται.
1398 5255 1591 5304 Τοῦτον
1648 5245 1847 5303 ἐκεῖνοι

211 5332 298 5388 τὸν
355 5333 579 5410 σταυρὸν
634 5331 912 5406 λαϐόντες,
959 5335 1046 5390 καὶ
1105 5335 1169 5390 τὰ
1223 5333 1614 5413 ἐπιτεταγμένα
1674 5338 1844 5406 ποιή-

215 5440 422 5499 σαντες,
453 5423 527 5486 ὡς
583 5422 681 5485 τὴν
741 5421 999 5479 ἐπιοῦσαν
1029 5425 1147 5478 ἐκεῖ
1185 5421 1469 5502 γεγόνασιν
1506 5422 1572 5502 (ὧ
1606 5426 1849 5482 Δέσποτα

213 5509 307 5568 καῖ
353 5511 451 5566 Θεέ
507 5511 744 5585 πάιτων,
800 5513 886 5568 οιαὶ
936 5510 1244 5590 παραδόξων
1298 5513 1467 5592 ἔργων
1499 5514 1848 5583 ἀκατάληπτε

216 5600 467 5680 ποιητὰ),
527 5601 711 5679 νεκρὸν
765 5601 927 5681 ὁρῶσι
985 5602 1082 5670 τὴν
1138 5604 1274 5682 θῆρα
1331 5605 1464 5680 πρὸς
1514 5602 1648 5679 αὐτῇ
1697 5604 1847 5681 βάσει

1933 3278 2010 3339 de
2045 3278 2242 3340 medio
2277 3279 2611 3342 tollendum
2637 3280 3028 3342 difﬁcillimus
3062 3302 3076 3339 :
3105 3288 3166 3342 et
3195 3298 3328 3342 cum
3364 3297 3576 3358 magna

1935 3375 1995 3429 et
2023 3367 2215 3429 vivida
2241 3387 2452 3430 manus
2484 3387 2726 3444 eorum,
2749 3370 2852 3450 qui
2884 3386 3073 3450 prope
3107 3367 3472 3443 habitabant,
3509 3368 3573 3430 in

1935 3456 2134 3536 ipsum
2191 3458 2525 3533 invasisset,
2558 3460 2801 3538 agnovit
2829 3476 2894 3520 se
2923 3477 3031 3520 suo
3085 3457 3240 3520 malo
3274 3458 3388 3520 hoc
3438 3475 3572 3520 esse

1934 3563 2162 3611 ausam.
2190 3545 2520 3610 Celerrime
2553 3548 2712 3610 enim
2741 3547 2807 3609 in
2840 3565 3050 3610 omnes
3071 3546 3570 3620 incurrens,alios

1933 3637 2176 3714 quidem
2203 3637 2331 3697 solo
2364 3637 2561 3714 rugitu
2597 3638 2727 3699 loco
2772 3645 2989 3717 motos,
3025 3636 3202 3699 vertit
3231 3636 3294 3697 in
3319 3636 3514 3716 fugam
3551 3659 3565 3695 :

1934 3725 2084 3788 alios
2113 3736 2310 3787 autem
2339 3744 2444 3788 ore
2477 3725 2814 3806 discerptus
2845 3727 3044 3788 exedit
3098 3748 3111 3789 :
3144 3726 3398 3788 aliorum
3429 3743 3569 3788 vero

1935 3833 2070 3877 cum
2101 3835 2318 3895 corpus
2349 3815 2739 3878 dilacerasset
2765 3814 3360 3895 unguibus,reddidit
3391 3816 3572 3889 mise-

1931 3904 2176 3967 rabiles.
2211 3904 2359 3978 Quid
2388 3906 2548 3967 enim
2582 3906 2768 3983 aliud,
2807 3905 2920 3966 nisi
2953 3905 3314 3976 sauciatosa
3346 3905 3572 3968 leone?

1931 3993 2085 4057 Hinc
2109 3995 2252 4075 quid
2278 3995 2618 4057 accidebat?
2646 3994 2960 4075 Neglectos
2991 3995 3235 4075 quidem
3264 4013 3440 4072 agros
3469 4014 3572 4058 re-

1931 4084 2124 4165 linqui
2145 4084 2217 4147 ab
2241 4085 2555 4164 agricolis:
2591 4085 2663 4146 ad
2697 4084 2829 4146 loca
2854 4092 3050 4146 autem
3084 4085 3245 4146 invia
3277 4084 3572 4148 divertere

1928 4175 2209 4249 viatores,
2247 4183 2562 4255 propterea
2599 4177 2755 4256 quod
2779 4175 2969 4237 bestia
2984 4176 3266 4238 sustineri
3290 4193 3406 4237 non
3429 4195 3571 4256 pos-

1930 4273 2041 4327 set.
2069 4264 2384 4344 Postquam
2407 4273 2602 4326 autem
2618 4265 2743 4343 jam
2761 4264 2835 4326 ad
2854 4272 3182 4326 extremam
3201 4264 3429 4327 redacti
3452 4265 3570 4326 du-

1930 4353 2301 4429 bitationem,
2319 4355 2412 4416 vix
2437 4353 2673 4416 tandem
2698 4355 2994 4416 recordati
3023 4353 3265 4426 fuerunt
3291 4355 3566 4418 homines

1937 4445 2534 4517 Dei,lrequentissima
2561 4446 2928 4505 multitudine
2949 4447 3020 4504 ad
3045 4448 3232 4517 ipsum
3256 4447 3572 4520 venientes.

1934 4530 2258 4593 narrabant
2282 4531 2409 4611 ipsa
2433 4532 2589 4593 mala
2611 4531 2830 4612 quibus
2851 4532 2948 4593 leo
2969 4550 3074 4594 eos
3101 4530 3468 4607 aﬂ‘ecerat,et
3499 4531 3574 4594 ab

1930 4619 2062 4700 ipso
2085 4619 2388 4701 petebant,
2415 4631 2482 4682 ut
2504 4639 2609 4683 eos
2631 4621 2894 4684 solveret
2915 4621 3027 4686 hac
3074 4621 3432 4684 calamitate.
3467 4621 3576 4684 Ille

1931 4728 2070 4770 vero
2092 4728 2226 4771 cum
2257 4728 2506 4790 paucam
2534 4711 2711 4772 ﬁdem
2737 4710 2825 4772 eis
2857 4709 3027 4791 prius
3056 4711 3580 4786 exprobrasset,et

1929 4799 2086 4878 quod
2110 4799 2198 4860 eis
2219 4799 2347 4860 visa
2373 4808 2530 4861 esset
2557 4799 2746 4861 bestia
2767 4799 3272 4879 inexpugnabilis,
3298 4807 3579 4862 causatus

1931 4899 2090 4951 esset
2119 4890 2639 4968 contemptionem
2690 4889 3028 4950 divinorum
3083 4899 3573 4970 praeceptorum:

1932 4975 2115 5036 Vobis
2136 4975 2918 5056 quidem,inquit,omnibus
2941 4977 3203 5039 estDeus
3219 4976 3572 5058 placandus,

1926 5066 1989 5127 in
2013 5065 2301 5144 templum
2328 5064 2508 5127 simul
2529 5065 3050 5129 convenientibus:
3078 5066 3136 5127 id
3163 5074 3386 5143 autem,
3416 5067 3575 5146 quod

1928 5155 2004 5217 de
2025 5153 2193 5216 vobis
2219 5158 2377 5234 (erat
2397 5174 2537 5218 vero
2565 5164 2727 5232 crux)
2752 5155 3100 5233 ponendum
3121 5155 3289 5218 estin
3314 5156 3575 5232 iislocis,

1932 5263 2040 5326 per
2065 5262 2199 5325 quae
2225 5245 2438 5307 transit
2457 5245 2578 5310 leo:
2600 5254 2658 5308 et
2679 5245 2835 5308 absit
2853 5247 3096 5327 quidem
3124 5245 3320 5308 omnis
3343 5254 3572 5310 metus:

1931 5340 2006 5396 sit
2037 5344 2239 5396 autem
2294 5336 2558 5415 perfecta
2610 5335 2786 5409 ﬁdes,
2843 5345 2901 5397 et
2931 5334 3088 5397 haud
3124 5337 3202 5398 ita
3235 5336 3418 5398 multo
3449 5341 3583 5415 post

1937 5424 2256 5487 manifesta
2309 5424 2476 5486 vobis
2533 5426 2942 5506 quoqueerit
2971 5426 3087 5488 mei
3125 5423 3344 5489 Christi
3368 5425 3579 5488 virtus.

1935 5512 2078 5578 Cum
2110 5515 2264 5576 hanc
2288 5515 2374 5577 illi
2399 5533 2643 5578 crucem
2666 5516 3141 5596 accepissent,et
3160 5515 3316 5578 sicut
3337 5515 3424 5578 eis
3447 5515 3582 5576 fue-

1933 5614 2024 5668 rat
2054 5604 2412 5686 imperatum
2433 5603 2744 5684 fecissent,
2772 5615 2834 5669 et
2861 5604 2959 5668 die
2990 5605 3270 5689 sequenti
3301 5604 3447 5670 illuc
3476 5623 3583 5669 ve-
