3996 6178
465 259 606 336 1071
1751 267 2032 345 MENSIS
2065 273 2518 348 JANUARIUS.
3693 268 3819 346 1079

455 411 710 486 nissent,
743 427 777 471 0
809 410 1066 474 Domine
1088 421 1145 473 et
1168 412 1324 474 Deus
1355 415 1650 488 omnium,
1682 422 1742 476 et
1770 415 2088 478 admirabi-

2173 427 2266 475 τοΒ
2309 427 2534 496 σταυροῦ
2602 418 2866 489 κείμενον,
2915 416 3066 473 Οῧτω
3109 419 3388 494 τοιγαροῦν
3486 417 3518 470 ὁ
3582 415 3820 491 μακάριος

457 499 602 561 lium
636 518 890 582 operum
941 501 1190 564 etfector
1221 501 1570 577 ineﬂ‘abilis,
1603 501 1862 565 belluam
1900 505 2088 568 vident

2179 511 2252 573 εἷς
2299 507 2550 585 τέταρτον
2608 505 2724 568 ἔτος
2770 512 2843 583 τῇ
2903 513 3042 582 μονῇ
3099 505 3276 583 έκείνῃ
3324 503 3611 582 διαϐιοὺς,
3656 507 3739 560 καὶ
3774 508 3824 560 τὰ

447 590 751 670 jacentem
785 596 1079 653 mortuam
1129 591 1201 652 ad
1259 591 1450 670 ipsam
1484 590 1674 653 basim
1707 591 1941 657 Crucis.
1976 596 2088 657 Sed

2180 599 2276 672 μὲν
2319 599 2411 660 οἶς
2448 595 2624 673 ἔλεγε,
2672 597 2738 652 τὰ
2783 593 2839 652 δὲ
2885 606 2970 651 καὶ
3015 594 3218 669 μᾶλλον
3265 597 3354 658 οἷς
3426 595 3674 670 ἔπραττε
3719 597 3824 668 πρὸς

459 681 658 742 missis
680 680 740 741 in
767 680 1088 760 praesentia
1117 679 1360 760 quidem
1389 681 2088 756 miraculis,transeamus

2175 687 2275 753 τὴν
2353 687 2549 762 ἀρετὴν
2637 683 2999 760 ἐπαγόμενος,
3060 685 3354 762 περιφανὴς
3443 682 3699 748 κατέστη
3761 687 3828 737 καὶ

456 770 529 830 ad
554 768 838 831 orationis
856 767 1099 830 seriem.
1134 768 1280 830 Cum
1305 769 1406 831 ille
1428 789 1571 849 ergo
1593 770 1806 834 beatus
1837 774 1923 834 sic
1953 792 2088 854 qua-

2181 774 2522 854 περιϐόητος,
2554 772 2652 828 καί
2683 773 2749 840 ἦν
2781 771 2876 840 ἡδὺ
2926 779 3087 830 πᾶσιν
3146 773 3468 850 έντρύφημα
3517 772 3617 826 καὶ
3671 770 3828 842 γλώσ-

458 869 591 920 tuor
621 876 809 920 annos
826 857 1066 919 vixisset
1087 859 1148 918 in
1179 859 1295 920 hoc
1319 861 1929 940 monasterio,partim
1957 863 2088 943 qui-

2181 887 2297 929 σαις
2348 869 2447 921 καὶ
2492 863 2712 940 ἀκοαῖς,
2761 869 2868 917 τῶν
2912 861 3010 935 μὲν
3053 861 3258 940 λέγειν,
3309 865 3419 918 τῶν
3456 859 3521 917 δὲ
3558 861 3832 938 προσέχειν

457 947 590 1008 dem
624 947 862 1026 iis,qum
919 945 1182 1020 dicebat,
1223 949 1438 1028 partim
1464 964 1665 1012 autem
1695 960 1752 1012 et
1787 953 1994 1030 magis,
2022 954 2088 1014 iis

2177 967 2295 1014 τοῖς
2383 951 2697 1029 λεγομένοις
2780 951 2968 1016 ἐπίσης
3050 951 3368 1031 φιλούντων,
3457 952 3612 1026 Πρὸς
3695 953 3834 1004 ταῦτα

455 1055 587 1114 quas
611 1035 892 1112 faciebat,
928 1035 1224 1098 inducens
1251 1037 1322 1098 ad
1354 1039 1656 1113 virtutem,
1686 1041 1870 1101 evasit
1903 1042 2096 1102 clarus

454 1135 513 1185 et
534 1125 699 1185 omni
723 1143 791 1186 es
818 1133 984 1206 parte
1002 1125 1777 1210 celebratus,omnibusque
1794 1139 1851 1190 et
1874 1131 2095 1209 linguis

455 1223 514 1274 et
568 1213 812 1276 auribus
844 1231 1118 1292 magnam
1178 1216 1467 1278 afferebat.
1515 1218 1873 1299 voluptatem
1911 1239 1924 1279 :
1961 1221 2096 1282 aliis

2177 1042 2385 1107 ἐκεῖνος
2445 1044 2551 1119 οὐχ
2624 1039 2771 1103 ’ὅπως
2834 1038 3030 1113 ἡδέως,
3107 1039 3246 1096 ἀλλά
3318 1042 3402 1096 καὶ
3473 1038 3607 1095 λίαν
3677 1036 3832 1104 ἀηδῶς

2178 1133 2324 1212 ἔχων
2379 1133 2469 1186 καί
2526 1130 2907 1208 βαρυνόμενος,
2956 1134 3043 1185 καὶ
3085 1131 3149 1184 τὸ
3192 1131 3476 1186 λανθάνειν
3541 1128 3612 1183 ἐκ
3657 1131 3835 1189 παντὸς

2177 1223 2375 1299 τρόπου
2418 1218 2816 1292 διανοούμενος,
2889 1217 3125 1292 δρασμὸν
3185 1219 3365 1295 ἕτερον
3403 1217 3614 1291 πάλιν,
3665 1219 3752 1272 καὶ
3788 1222 3837 1272 τὸ

453 1303 696 1384 quidem
727 1302 1097 1378 dicere,aliis
1121 1323 1258 1366 vero
1277 1323 1345 1367 ea
1368 1325 1500 1385 quae
1516 1306 2088 1376 dicebantur.atten-

2176 1314 2236 1368 ἐκ
2300 1311 2462 1385 μέσου
2544 1308 2661 1388 [γρ.
2746 1307 2956 1387 μέσων]
3030 1307 3216 1363 ἑαυτὸν
3271 1311 3450 1364 θεῖναι
3519 1307 3620 1363 καὶ
3675 1307 3837 1385 ἀγανὴ

453 1395 597 1455 dere
629 1410 699 1455 ex
728 1411 897 1473 aequo
918 1394 1282 1458 amantibus.
1319 1394 1462 1457 Cum
1486 1397 1613 1458 hmo
1639 1396 1724 1458 illi
1760 1417 1878 1459 non
1914 1399 2088 1460 modo

2175 1396 2512 1472 διεσκεψατο.
2577 1397 2675 1454 Καὶ
2733 1397 2905 1451 τοίνυν
2962 1395 3123 1472 λάθρα
3176 1394 3477 1476 διαφυγὼν,
3535 1396 3634 1452 καὶ
3679 1415 3836 1450 κατα-

452 1493 617 1560 grata
644 1502 762 1544 non
789 1493 1012 1556 essent,
1047 1485 1151 1546 sed
1210 1501 1280 1546 ea
1306 1486 1484 1547 etiam
1517 1504 1674 1563 aegre
1704 1487 1910 1562 ferret,
1948 1489 2088 1567 (non

2177 1488 2344 1562 μόνας
2401 1487 2678 1564 γενόμενος
2731 1485 2857 1560 παρ’
2917 1484 3072 1549 ὅλους
3145 1484 3237 1542 δύο
3279 1485 3470 1563 διῆγεν
3539 1485 3836 1556 ἑοιαυτοῦς,

456 1573 653 1633 minus
671 1572 854 1646 enim,
888 1589 1064 1652 quam
1091 1591 1160 1634 ex
1187 1575 1310 1636 Deo
1333 1573 1552 1650 vivere,
1581 1575 1857 1637 studebat
1885 1579 1971 1639 sic
2001 1580 2088 1638 vi-

2175 1581 2280 1648 ζών
2321 1577 2490 1639 οὕτως
2539 1576 2836 1653 ἐρημικῶς,
2883 1574 2979 1630 καί
3027 1582 3104 1648 τῷ
3147 1582 3264 1650 Θεῷ
3293 1577 3447 1649 μόνῳ
3481 1573 3833 1652 φαινόμενος.

453 1660 645 1722 vendo
677 1660 884 1736 latere,
918 1667 986 1722 ut
1014 1671 1188 1723 antea
1234 1662 1522 1742 diximus)
1549 1682 1759 1726 rursus
1788 1665 2088 1727 constituit

2177 1667 2248 1723 Οὐ
2279 1665 2476 1745 λύχνος
2521 1665 2587 1732 ἧν
2636 1665 2801 1738 αὐτῷ,
2850 1663 2910 1720 οὗ
2952 1664 3133 1744 κλίνη,
3166 1669 3228 1722 οὗ
3274 1665 3553 1741 τράπεζα,
3623 1661 3747 1745 οξδέ
3797 1685 3838 1717 τι

452 1751 767 1846 aufugere,
799 1759 858 1812 et
881 1768 947 1846 se
979 1750 1168 1812 oculis
1186 1737 1510 1846 hominum
1543 1751 1906 1817 subducere.
1941 1756 2088 1817 Cum

2182 1765 2386 1814 τοιοῦτο
2441 1761 2550 1811 τῶν
2608 1755 2740 1830 πρὸς
2799 1754 3090 1829 ὑπηρεσίαν
3145 1756 3238 1810 τοῦ
3296 1754 3594 1827 σώματος.
3665 1737 3838 1827 "Apso;

452 1839 652 1920 itaque
710 1840 1049 1903 clanculum
1102 1841 1448 1918 aufugisset,
1503 1851 1560 1902 et
1591 1859 1862 1904 seorsum
1897 1847 2088 1906 vivere

2177 1843 2231 1899 δὲ
2293 1849 2478 1916 μόνος,
2546 1845 2630 1898 καὶ
2693 1844 2846 1906 αὐτὸς
2907 1845 3241 1922 βραχύτατος
3313 1844 3448 1921 πρός
3532 1864 3692 1905 τινος
3748 1847 3840 1896 τῶν

451 1935 845 2002 statuisset,to
857 1939 944 1992 tos
959 1929 1112 1991 duos
1131 1932 1415 2008 transegit
1435 1930 1859 2004 annos,vivens
1883 1933 2088 1994 solita-

2177 1933 2498 2010 έκγειτόνων
2569 1931 2918 2010 ποριζόμενος
2952 1946 2968 1963 ⁸
3043 1935 3210 2013 ψύχει
3273 1932 3350 2006 δὲ,
3419 1935 3522 1988 καὶ
3585 1933 3833 2007 καύσωνι,

449 2018 631 2094 rie,et
652 2017 766 2080 soli
789 2020 913 2080 Deo
934 2021 1392 2098 apparens.Non
1425 2028 1555 2082 erat
1579 2019 1635 2082 ei
1666 2021 1938 2095 lucerna,
1975 2042 2088 2085 non

2180 2025 2274 2080 καί
2313 2025 2513 2086 πάσαις
2567 2035 2689 2087 ταῖς
2745 2022 2806 2078 ἐκ
2848 2031 2942 2080 τοῦ
2985 2022 3136 2099 ἀέρος
3191 2021 3603 2100 ταλαιπωρίαις
3684 2021 3839 2076 ἐτέλει

451 2107 794 2185 lectus,non
815 2125 1248 2190 mensa,neque
1275 2108 1505 2189 aliquid
1527 2110 1898 2189 hujusmodi,
1933 2113 2088 2193 quod

2177 2112 2625 2187 διαμιλλώμενος.
2693 2112 2847 2168 Ἐπεὶ
2903 2111 2958 2167 δὲ
3029 2110 3132 2167 ἔδει
3203 2115 3290 2168 καὶ
3339 2113 3509 2168 αὒτὸν
3559 2110 3836 2185 ἄνθρωπον

451 2197 629 2259 faciat
654 2199 725 2258 ad
761 2197 1159 2258 ministerium
1189 2197 1695 2278 corporis.Solum
1730 2209 1928 2262 autem
1967 2208 2088 2264 erat

2176 2204 2323 2275 ὄντα,
2387 2205 2476 2260 καὶ
2534 2215 2654 2266 ταῖς
2711 2202 3001 2264 ἀσθενείαις
3061 2207 3161 2268 τῆς
3205 2203 3410 2280 φύσεως
3478 2202 3835 2266 ὺποκείμενον

449 2287 505 2348 ei
554 2305 762 2365 parum
816 2293 1014 2368 panis,
1064 2288 1219 2369 quod
1274 2288 1659 2367 praebebatur
1686 2289 1760 2350 ab
1789 2290 1993 2372 aliquo
2023 2309 2088 2353 ex

2175 2291 2524 2372 ἐλεγχθῆναι,
2587 2299 2636 2348 τί
2691 2292 2944 2368 γίνεταις
3006 2292 3095 2346 καὶ
3154 2297 3268 2352 πῶς
3327 2292 3391 2346 τὰ
3441 2290 3578 2346 κατ’
3637 2289 3834 2344 ἐκεῖνον

449 2377 663 2438 vicinis
699 2397 714 2436 :
749 2377 938 2453 algori
969 2395 1109 2438 vero
1144 2385 1202 2436 et
1231 2376 1426 2450 aestui,
1461 2387 1518 2440 et
1547 2377 1824 2440 omnibus
1857 2379 2088 2460 injuriis

2176 2384 2543 2456 οἰκονομεῖται
2579 2403 2595 2453 ;
2661 2384 2748 2436 καὶ
2794 2379 2939 2444 οἵαις
2990 2379 3020 2445 ἡ
3065 2387 3158 2437 τοῦ
3201 2387 3335 2439 Θεοῦ
3373 2381 3542 2458 σοφία
3576 2377 3830 2439 πολλάκις

449 2467 608 2528 aeris
629 2473 756 2528 erat
778 2465 1172 2548 espositus,et
1202 2484 1338 2527 cum
1370 2467 1458 2528 eis
1482 2467 1905 2530 contendebat.
1941 2468 2088 2542 Quo-

2175 2484 2299 2534 ταῖς
2357 2471 2628 2549 ἀφορμαῖς
2685 2469 2976 2549 κέγρηται,
3025 2467 3177 2546 έτερα
3253 2468 3321 2524 δι’
3365 2471 3579 2544 ἑτέρων
3627 2464 3829 2523 πλέϐειν

449 2557 607 2618 niam
641 2563 840 2617 autem
895 2555 1209 2636 oportebat
1237 2557 1430 2637 ipsum
1465 2577 1726 2638 quoque.
1761 2578 1898 2620 cum
1934 2570 2088 2620 esset

2176 2561 2502 2639 εὐμηχάνως
2535 2561 2887 2633 οἱκονομοῦσα
2924 2579 2940 2633 ;
2985 2559 3052 2615 τά
3109 2559 3440 2636 ὑπογάστρια
3503 2556 3820 2627 πλήττεται,

449 2649 650 2721 homo,
692 2645 928 2707 ostendi
961 2664 1095 2707 esse
1125 2646 1446 2707 oonoxium
1483 2657 1714 2708 naturae
1736 2647 2088 2710 infirmitati-

2175 2650 2272 2705 καῖ
2330 2659 2418 2712 τας
2462 2648 2710 2720 δυνάμεις
2761 2646 3028 2704 διαλύεται
3081 2655 3188 2703 τῶν
3251 2653 3482 2725 νεφρῶν,
3561 2661 3694 2707 ταῖς
3736 2651 3824 2700 τῶν

451 2734 581 2815 bus,
617 2735 762 2814 quid
789 2736 958 2813 sit,et
986 2735 1288 2814 quomodo
1318 2753 1418 2797 res
1451 2735 1612 2798 illius
1641 2736 2086 2815 dispensantur,

2176 2740 2362 2813 πάγων
2407 2735 2732 2807 ὑπερϐολαῖς
2784 2737 3058 2804 ἡττηθείς,
3117 2729 3249 2793 ἰ’πὸ
3295 2738 3502 2804 ταύτης
3565 2735 3818 2792 συνωθού-

449 2834 506 2886 et
534 2824 810 2906 qualibus
842 2842 1001 2902 sape
1031 2824 1184 2885 solet
1214 2823 1318 2885 Dei
1343 2824 1635 2904 sapientia
1657 2826 1744 2886 uti
1763 2827 2088 2889 occasioni-

2177 2849 2334 2902 μενος
2383 2829 2491 2905 Ιγρ,
2525 2827 2614 2882 οὖν
2645 2826 2879 2906 ὠθούμ,]
2924 2831 3022 2892 τῆς
3055 2825 3319 2902 ἀνάγκης,
3353 2824 3575 2899 μᾶλλον
3608 2823 3667 2880 δὲ
3699 2823 3819 2899 παρᾶ

449 2914 706 2989 bus,alia
739 2931 847 2992 per
898 2913 1012 2973 alia
1043 2922 1370 2975 contexens
1402 2923 1459 2974 et
1489 2915 1750 2991 varians,
1797 2915 2088 2997 facileque

2176 2923 2267 2973 τοῦ
2321 2914 2545 2994 ἄγοντος
2606 2915 2766 2972 αὑτὸν
2823 2915 3124 2989 πνεύματος
3180 2913 3555 2993 ὁδηγούμενος
3599 2911 3812 2972 πολλοῖς

450 3012 508 3064 et
529 3020 741 3081 magno
764 3003 1016 3064 artificio
1041 3002 1429 3084 dispensans?
1456 3001 1520 3065 in
1554 3003 1676 3066 imo
1693 3014 1897 3067 ventre
1929 3013 2088 3069 acci-

2175 3008 2423 3070 ὺπόθεσις
2467 3005 2734 3082 σωτηρίας
2801 3004 3068 3082 γενέσθαι,
3135 3004 3237 3071 τὴν
3309 3003 3654 3071 Ἐκκλησίαν
3714 3021 3807 3072 παρ

451 3094 536 3172 pit
559 3110 801 3153 sensum
832 3091 1145 3164 doloris,et
1171 3092 1302 3171 ejus
1327 3109 1538 3154 renum
1570 3093 1881 3155 solvuntur
1911 3096 2088 3172 vires,

2178 3093 2364 3150 ἐλπίδα
2423 3091 2819 3168 καταλαμϐάνει
2854 3113 2869 3131 ο
2934 3095 3022 3149 καὶ
3079 3099 3211 3149 πᾶσι
3256 3093 3380 3168 μὲν,
3443 3091 3737 3171 έξαιρέτως
3774 3086 3818 3142 δὲ

447 3192 511 3243 ut
541 3182 645 3258 qui
677 3182 884 3243 fuisset
914 3189 1230 3261 superatus
1261 3199 1294 3241 a
1326 3181 1528 3242 nimiis
1550 3181 2088 3262 frigoribus.Com-

2177 3185 2254 3259 τῷ
2282 3182 2505 3262 μεγάλῳ
2538 3181 2799 3257 Μελετίῳ,
2835 3181 3043 3248 πολλῆς
3075 3180 3272 3250 ἡδονῆς
3304 3183 3587 3246 καταστὰς
3635 3180 3820 3254 αἴτιος,

447 3272 655 3352 pulsus
678 3289 818 3351 ergo
849 3271 922 3332 ab
947 3273 1058 3331 hac
1091 3271 1475 3346 necessitate,
1513 3273 1603 3333 vel
1635 3274 1832 3354 potius
1862 3275 2088 3337 deduc-

2177 3274 2274 3330 καί
2329 3273 2662 3352 ὑποδειχθεὶς
2707 3275 2781 3336 ὡς
2837 3271 3029 3339 ἥδιστα
3101 3273 3236 3349 πρὸς
3284 3275 3442 3330 αὐτοῦ
3503 3273 3598 3328 καὶ
3657 3289 3818 3354 παρατ

446 3372 541 3422 tus
573 3360 646 3421 ab
679 3380 902 3442 eo,quo
935 3361 1292 3434 ducebatur,
1328 3361 1573 3440 spiritu,
1611 3353 1670 3422 ut
1701 3372 1861 3424 esset
1889 3365 2088 3428 multis

2177 3361 2420 3442 κληθεὶς,
2466 3365 2590 3420 εἶτα
2634 3362 2721 3418 καὶ
2765 3363 2864 3428 τὴν
2924 3362 3022 3418 τοῦ
3075 3359 3320 3418 διακόνου
3367 3359 3713 3440 χειροτονίαν
3743 3353 3818 3411 ὑπ’

446 3468 630 3513 causa
689 3451 919 3524 salutis,
954 3451 1029 3510 ad
1065 3451 1400 3512 Ecclesiam
1436 3460 1655 3530 praeter
1703 3471 1871 3533 spem
1933 3456 2088 3516 venit

2177 3453 2338 3510 αὖτοῦ
2397 3451 2785 3531 καταδέχεται.
2832 3451 3014 3524 Τούτῳ
3071 3449 3125 3506 δὲ
3167 3453 3246 3523 τῷ
3303 3451 3494 3527 βαθμῷ
3541 3447 3817 3516 κάλλιστα,

447 3542 576 3620 ejus
610 3540 910 3602 luminare
949 3561 961 3600 :
1011 3549 1068 3601 ct
1102 3559 1234 3601 cum
1269 3542 1549 3601 omnibus
1579 3541 1848 3623 quidem,
1876 3550 2090 3622 praeci-

445 3648 559 3710 pue
589 3639 788 3691 autem
852 3649 1064 3708 magno
1119 3631 1362 3691 Meletio
1408 3629 1619 3692 fuisset
1647 3649 1828 3694 causa
1861 3651 2094 3711 magna

445 3719 688 3792 laetitiae,
742 3727 801 3780 et
856 3717 930 3779 ab
983 3738 1052 3779 co
1089 3718 1774 3797 fuissetjucundissime
1805 3732 2092 3802 acceptus

447 3816 506 3869 et
531 3817 860 3883 recreatus,
895 3807 1116 3868 deinde
1147 3807 1325 3869 etiam
1377 3807 1453 3870 ab
1511 3827 1582 3870 eo
1641 3810 1865 3891 accipit
1922 3811 2090 3874 ordi-

445 3914 583 3958 nem
614 3895 873 3960 diaconi.
908 3893 1052 3958 Cum
1087 3904 1284 3958 autem
1313 3896 1374 3958 in
1407 3898 1520 3958 hoc
1565 3899 1751 3975 gradu
1805 3901 2089 3980 pulcher-

2173 3544 2260 3599 καὶ
2318 3544 2392 3605 ὡς
2426 3548 2542 3616 Θεῷ
2591 3541 2767 3621 φίλον,
2802 3541 2889 3597 ἐπὶ
2932 3541 3088 3596 πέντε
3131 3552 3252 3604 τοῖς
3287 3539 3434 3604 ὅλοις
3465 3539 3646 3596 ἔτεσιν
3678 3537 3813 3592 ivtu-

2175 3630 2494 3706 δοκιμήσας,
2529 3635 2618 3687 καὶ
2675 3629 2856 3708 λόγοις
2888 3630 2978 3693 οἷς
3009 3651 3065 3686 τε
3098 3627 3397 3709 έσχεδίαζε,
3441 3632 3534 3686 καὶ
3565 3629 3657 3690 οἷς
3687 3623 3808 3681 καεά

2175 3721 2388 3800 σχολὴν
2417 3721 2670 3777 συνετίθει
2704 3723 2792 3778 καὶ
2845 3719 3078 3796 μελέτης
3121 3717 3267 3787 ἠξίου
3317 3717 3567 3783 πλείονος
3614 3718 3673 3774 lu
3725 3717 3810 3779 τῆς

2177 3815 2386 3892 χρυσῆς
2441 3810 2656 3880 ὑετίζων
2705 3808 2979 3888 γλώττης,
3032 3808 3212 3872 καλῶς
3242 3809 3305 3864 τὸ
3349 3812 3445 3874 τῆς
3494 3804 3805 3872 Ἐκκλησία(

2175 3898 2361 3980 ἤρδευε
2392 3899 2706 3978 πρόσωπον.

442 3987 619 4061 rime,
658 3995 722 4048 ut
776 3984 900 4048 Deo
930 3995 1164 4063 gratum
1223 3994 1371 4061 erat,
1411 3993 1562 4048 totos
1614 3989 1876 4070 quinque
1920 4008 2112 4052 annos
2159 4007 2224 4052 se
2279 3986 2589 4067 gessisset,
2623 3995 2740 4049 tam
2789 3987 2921 4068 ejus
2952 3985 3344 4062 orationibus,
3377 4003 3527 4067 quas
3583 3985 3816 4067 propter

445 4093 744 4138 summam
795 4074 1020 4154 ingenii
1078 4075 1311 4155 copiam
1375 4074 1633 4137 habebat
1691 4096 1760 4139 ex
1821 4085 2112 4159 tempore,
2150 4094 2331 4160 quam
2375 4075 2450 4138 iis
2497 4094 2604 4157 per
2631 4078 2821 4138 otium
2870 4075 3293 4158 componebat,
3327 4083 3388 4138 et
3440 4073 3804 4138 meditatione

445 4165 655 4245 majori
688 4164 1034 4227 elaborabat
1065 4183 1241 4226 aurer
1272 4164 1495 4244 lingua,
1530 4165 1743 4228 imbris
1772 4169 1958 4230 instar
1982 4168 2322 4242 effundens,
2357 4166 2610 4246 pulchre
2643 4165 2877 4246 rigabat
2904 4167 3117 4230 faciem
3149 4165 3460 4228 Ecclesiae.

521 4255 619 4318 XI.
650 4258 796 4319 Cum
851 4264 1058 4336 postea
1116 4263 1313 4316 autem
1366 4255 1641 4318 Meletius
1699 4258 1971 4320 venisset
2015 4259 2086 4320 ad

2257 4247 2367 4316 1A..
2431 4257 2690 4314 Μελετίου
2747 4257 2802 4314 δὲ
2863 4260 3000 4332 μετά
3053 4264 3220 4314 ταῦτα
3272 4259 3407 4334 πρὸς
3478 4257 3580 4324 τὴν
3641 4254 3691 4310 έν
3739 4254 3796 4323 τῇ

445 4351 868 4426 episcoporum
888 4345 1338 4425 synodum,qu
1358 4355 1717 4426 congregata
1739 4347 2097 4410 fueratCon-

443 4433 929 4514 stantinopoli,ut
943 4452 1044 4494 eos
1061 4433 1304 4514 quidem
1322 4433 1796 4513 deponeret,qui
1811 4456 1946 4498 cum
1966 4435 2097 4517 Spi-

2187 4347 2745 4406 Κωνσιαντινουπόλει
2816 4349 2923 4402 τῶν
2997 4347 3308 4403 ἐπισκόπων
3362 4343 3580 4402 σύνοδον
3630 4345 3792 4418 inpot-

2179 4439 2470 4511 τήσαντος,
2517 4434 2601 4515 ἐφ’
2643 4439 2688 4509 ᾧ
2729 4435 2978 4492 καθελεῖν
3023 4436 3120 4509 μὲν
3183 4435 3306 4498 τοὺς
3349 4441 3428 4509 τῷ
3473 4433 3602 4511 ἁγιῳ
3641 4426 3783 4486 mni-

441 4523 560 4584 ritu
584 4530 789 4584 sancto
815 4522 1161 4603 pugnabant
1188 4541 1306 4585 non
1329 4523 1388 4583 in
1414 4524 1643 4604 Spiritu
1669 4525 1776 4587 Dei
1812 4546 1826 4586 :
1858 4527 2088 4604 Grego-

2179 4550 2306 4603 ματι
2367 4525 2735 4605 μαχομένους,
2780 4527 3081 4603 Γρηγορίου
3125 4523 3180 4581 δὲ
3211 4527 3312 4591 τὴν
3338 4523 3589 4600 θεολόγον
3611 4518 3775 4605 ivsse-

442 4611 598 4673 rium
625 4601 829 4673 autem
846 4611 1014 4673 illum
1043 4613 1388 4691 theologum
1415 4601 1476 4673 in
1501 4612 1647 4675 sede
1669 4601 2014 4676 collocaret:
2035 4624 2088 4676 et

2180 4601 2379 4694 ιδρύσαι
2444 4601 2649 4695 ξωνὴν,
2707 4616 2871 4674 κάκεῖ
2909 4601 3044 4672 ἡτῶν
3117 4615 3458 4693 προσκαίρων
3510 4601 3768 4695 ἀλλαξαμέξ

441 4701 566 4764 illic
593 4718 726 4784 quae
754 4711 890 4763 sunt
947 4701 1174 4763 caduca
1227 4711 1284 4763 et
1316 4701 1388 4763 ad
1421 4709 1660 4781 tempus
1692 4710 2088 4782 permutasset

2177 4692 2266 4761 νου
2323 4707 2388 4762 τὰ
2447 4692 2701 4780 μένοντα,
2753 4707 2780 4762 ὂ
2864 4713 3095 4785 χρυσοῦς
3151 4706 3304 4768 οὗτος
3355 4692 3500 4777 νᾶμα
3579 4699 3664 4777 μὲν
3724 4692 3774 4745 τὸ

440 4791 954 4867 manentibus,bic
989 4809 1126 4853 vere
1156 4791 1590 4867 aureus,simul
1627 4792 1871 4873 quidem
1896 4794 2090 4854 vitans

441 4901 679 4944 omnem
705 4881 1121 4944 excellentiam
1145 4893 1202 4942 et
1222 4882 1444 4943 bonum
1470 4881 1844 4962 amplectens
1866 4882 2088 4944 silentii

440 4981 500 5033 et
519 4974 1097 5054 quietis,revertitur
1127 4972 1189 5033 in
1215 4972 1478 5051 primum
1504 4973 2086 5036 monasterium.Sed

439 5081 573 5124 cum
611 5063 781 5125 illinc
813 5081 1020 5125 rursus
1051 5063 1406 5125 recessisset
1441 5084 1454 5125 :
1516 5062 1841 5125 revertitur
1869 5064 2085 5125 Antio-

439 5153 788 5227 chiam,non
824 5154 1085 5232 migrans
1108 5161 1482 5228 tetnere,nec
1507 5151 1641 5214 sine
1674 5154 1780 5216 Dei
1815 5152 2081 5229 numine,

441 5251 501 5304 ut
529 5242 684 5304 alius
714 5243 867 5305 duce
899 5253 1074 5304 utens
1125 5262 1230 5303 sua
1284 5242 1544 5306 ratione.
1572 5243 1688 5305 Sed
1723 5241 1910 5304 Deum
1947 5260 2082 5304 eum

440 5341 720 5394 movente
753 5340 812 5393 et
859 5345 1133 5405 vocante,
1189 5332 1366 5394 modo
1398 5332 1656 5412 quodam
1694 5331 1992 5395 diviniore
2024 5339 2086 5392 et

439 5422 832 5500 praestantiori
853 5421 1324 5499 ratione.Magno
1347 5423 1506 5482 enim
1532 5421 2085 5501 Flaviano,quiMe-

439 5511 578 5570 letiu
613 5511 787 5589 paulo
818 5519 956 5571 ante
1007 5512 1068 5572 in
1107 5511 1252 5571 sede
1281 5518 1687 5584 successerat,
1722 5509 1847 5573 Deo
1880 5510 1942 5572 in
1971 5528 2080 5571 au-

436 5613 573 5658 rora
590 5597 829 5659 canenti
851 5615 1054 5661 sacros
1079 5599 1355 5679 hymnos,
1387 5613 1688 5682 apparens
1732 5598 1983 5681 angelus
2013 5599 2074 5662 in

2173 4795 2438 4874 ὑπερέχον
2515 4793 2658 4850 ἅπαν
2743 4792 3182 4868 ὑπεξιστάμενος,
3258 4791 3373 4867 ἅμα
3453 4789 3505 4846 δὲ
3581 4790 3657 4846 καὶ
3701 4786 3772 4837 τοῦ

2172 4883 2342 4940 καλοῦ
2374 4889 2472 4951 τῆς
2530 4885 2764 4964 ἡσυχίας
2823 4883 3286 4957 ἀντιποιούμενος,
3342 4882 3417 4943 είς
3470 4882 3567 4948 τήν
3597 4875 3774 4956 πρώτην

2172 4973 2317 5039 αὖθις
2395 4972 2783 5051 ὶπαναστρέφει
2869 4973 3064 5047 μονήν.
3141 4968 3311 5028 Ἀλλὰ
3381 4969 3543 5025 πάλιν
3607 4964 3773 5024 tuto“

2170 5063 2477 5127 ἀπαναστὰς
2521 5063 2595 5127 είς
2641 5061 2983 5142 Ἀντιόχειαν
3020 5060 3401 5140 ἐπανέρχεται,
3466 5060 3570 5138 οὐχ
3625 5051 3774 5112 ἁπλῶς

2169 5153 2361 5225 οὕτως,
2397 5149 2512 5210 οὐδὲ
2543 5151 2691 5208 ἀθεεὶ⁵
2723 5152 2823 5218 τὴν
2875 5149 3166 5224 μετάϐασιν
3213 5149 3600 5222 ποιησάμενος,
3630 5144 3773 5212 ὥσπερ

2167 5243 2230 5297 ἃν
2284 5242 2464 5319 ἕτερος
2519 5239 2810 5319 λογισμοῖς
2893 5239 3040 5303 ἰδίοις
3099 5237 3431 5309 ἀκολουθῶν,
3490 5235 3627 5293 ἀλλά
3669 5233 3773 5288 Θεοῦ

2165 5333 2483 5401 κινήσαντος
2536 5329 2695 5387 αὺτὸν
2747 5331 2836 5388 καὶ
2893 5329 3216 5393 καλέσαντος
3277 5327 3460 5405 τρόπῳ
3514 5327 3618 5383 τινὶ
3653 5327 3770 5380 θειο-

2165 5421 2302 5498 τέρῳ
2353 5421 2443 5479 καὶ
2495 5418 2642 5498 λόγῳ
2700 5419 2810 5498 [ῗσ.
2886 5420 3069 5499 λόγου]
3141 5419 3426 5497 κρείττονι.
3485 5415 3642 5495 ’Δρτι
3689 5409 3770 5488 γὰρ

2163 5509 2450 5584 Φλαϐιανῷ
2504 5510 2582 5584 τῷ
2649 5508 2873 5588 μεγάλῳ
2948 5511 3040 5565 τὸν
3115 5507 3371 5564 Μελετίου
3456 5499 3772 5578 διαδεξαμένην

2161 5600 2366 5679 θρόνον,
2428 5598 2544 5676 Θεῷ
2605 5599 2724 5682 περὶ
2766 5600 2868 5669 τὴν
2919 5597 2993 5657 ἕω
3049 5597 3172 5664 τοὺς
3228 5595 3400 5678 ἱεροὺς
3456 5591 3770 5676 προσφέροντι
