  <div class='ocr_page' id='page_1' title='image "/cluster/home/n/w/nwhite01/storage/ocr_20150623/114/mdp.39015028574344/548.png"; bbox 0 0 3996 6178; ppageno 0'>
   <div class='ocr_carea' id='block_1_1' title="bbox 278 352 436 422">
    <p class='ocr_par' dir='ltr' id='par_1_1' title="bbox 278 352 436 422">
     <span class='ocr_line' id='line_1_1' title="bbox 278 352 436 422; baseline -0.013 0"><span class='ocrx_word' id='word_1_1' title='bbox 278 352 436 422; x_wconf 78' lang='grc'><strong>1073</strong></span> 
     </span>
    </p>
   </div>
   <div class='ocr_carea' id='block_1_2' title="bbox 1319 346 2589 421">
    <p class='ocr_par' dir='ltr' id='par_1_2' title="bbox 1319 346 2589 421">
     <span class='ocr_line' id='line_1_2' title="bbox 1319 346 2589 421; baseline -0.006 -1"><span class='ocrx_word' id='word_1_2' title='bbox 1319 353 1506 421; x_wconf 85' lang='lat' dir='ltr'><strong>VITA</strong></span> <span class='ocrx_word' id='word_1_3' title='bbox 1551 353 1614 418; x_wconf 86' lang='lat' dir='ltr'><strong>S.</strong></span> <span class='ocrx_word' id='word_1_4' title='bbox 1659 346 1982 418; x_wconf 78' lang='lat' dir='ltr'><strong>JOANNIS</strong></span> <span class='ocrx_word' id='word_1_5' title='bbox 2035 348 2589 417; x_wconf 85' lang='lat' dir='ltr'><strong>CHRYSOSTOMI.</strong></span> 
     </span>
    </p>
   </div>
   <div class='ocr_carea' id='block_1_3' title="bbox 3490 347 3639 418">
    <p class='ocr_par' dir='ltr' id='par_1_3' title="bbox 3490 347 3639 418">
     <span class='ocr_line' id='line_1_3' title="bbox 3490 347 3639 418; baseline 0.013 -2"><span class='ocrx_word' id='word_1_6' title='bbox 3490 347 3639 418; x_wconf 84' lang='grc'>1074</span> 
     </span>
    </p>
   </div>
   <div class='ocr_carea' id='block_1_4' title="bbox 270 485 1923 573">
    <p class='ocr_par' dir='ltr' id='par_1_4' title="bbox 270 489 1921 573">
     <span class='ocr_line' id='line_1_4' title="bbox 270 489 1921 573; baseline -0.004 -22"><span class='ocrx_word' id='word_1_7' title='bbox 270 495 473 571; x_wconf 74' lang='grc' dir='ltr'>ὕμνους</span> <span class='ocrx_word' id='word_1_8' title='bbox 518 492 745 573; x_wconf 74' lang='grc' dir='ltr'>ἅγγελος</span> <span class='ocrx_word' id='word_1_9' title='bbox 791 493 1034 570; x_wconf 74' lang='grc' dir='ltr'>ἐπιστὰς,</span> <span class='ocrx_word' id='word_1_10' title='bbox 1083 493 1170 550; x_wconf 72' lang='grc' dir='ltr'><strong>ἐπὶ</strong></span> <span class='ocrx_word' id='word_1_11' title='bbox 1227 493 1289 551; x_wconf 80' lang='grc' dir='ltr'><strong>τὸ</strong></span> <span class='ocrx_word' id='word_1_12' title='bbox 1333 493 1713 570; x_wconf 78' lang='grc' dir='ltr'>μοναστήριον,</span> <span class='ocrx_word' id='word_1_13' title='bbox 1760 489 1788 546; x_wconf 82' lang='grc' dir='ltr'>ὃ</span> <span class='ocrx_word' id='word_1_14' title='bbox 1829 489 1921 546; x_wconf 78' lang='grc' dir='ltr'><strong>τὸν</strong></span> 
     </span>
    </p>
   </div>
   <div class='ocr_carea' id='block_1_5' title="bbox 2007 485 3639 573">
    <p class='ocr_par' dir='ltr' id='par_1_5' title="bbox 2007 485 3639 570">
     <span class='ocr_line' id='line_1_5' title="bbox 2007 485 3639 570; baseline 0.004 -23"><span class='ocrx_word' id='word_1_15' title='bbox 2007 488 2535 564; x_wconf 84' lang='lat' dir='ltr'><strong>monasterium,in</strong></span> <span class='ocrx_word' id='word_1_16' title='bbox 2559 506 2678 570; x_wconf 88' lang='lat' dir='ltr'><strong>quo</strong></span> <span class='ocrx_word' id='word_1_17' title='bbox 2700 493 2831 551; x_wconf 91' lang='lat' dir='ltr'><strong>ert</strong></span> <span class='ocrx_word' id='word_1_18' title='bbox 2849 485 3318 569; x_wconf 88' lang='lat' dir='ltr'><strong>Joannes,jussit</strong></span> <span class='ocrx_word' id='word_1_19' title='bbox 3335 487 3425 551; x_wconf 88' lang='lat' dir='ltr'><strong>ire</strong></span> <span class='ocrx_word' id='word_1_20' title='bbox 3459 508 3639 567; x_wconf 87' lang='lat' dir='ltr'><strong>quam</strong></span> 
     </span>
    </p>
   </div>
   <div class='ocr_carea' id='block_1_6' title="bbox 271 579 1914 664">
    <p class='ocr_par' dir='ltr' id='par_1_6' title="bbox 271 579 1914 664">
     <span class='ocr_line' id='line_1_6' title="bbox 271 579 1914 664; baseline -0.005 -21"><span class='ocrx_word' id='word_1_21' title='bbox 271 586 534 651; x_wconf 78' lang='grc' dir='ltr'><strong>Ἰωάννην</strong></span> <span class='ocrx_word' id='word_1_22' title='bbox 591 585 774 664; x_wconf 75' lang='grc' dir='ltr'>εἶχεν,</span> <span class='ocrx_word' id='word_1_23' title='bbox 826 583 907 640; x_wconf 80' lang='grc' dir='ltr'><strong>ὅτι</strong></span> <span class='ocrx_word' id='word_1_24' title='bbox 951 585 1185 664; x_wconf 80' lang='grc' dir='ltr'>τάχιστα</span> <span class='ocrx_word' id='word_1_25' title='bbox 1233 583 1511 662; x_wconf 80' lang='grc' dir='ltr'>ἀφικέσθαι</span> <span class='ocrx_word' id='word_1_26' title='bbox 1557 579 1914 653; x_wconf 69' lang='grc' dir='ltr'><strong>διεκελεύετο,</strong></span> 
     </span>
    </p>
   </div>
   <div class='ocr_carea' id='block_1_7' title="bbox 269 667 1919 751">
    <p class='ocr_par' dir='ltr' id='par_1_7' title="bbox 269 667 1919 751">
     <span class='ocr_line' id='line_1_7' title="bbox 269 667 1919 751; baseline -0.005 -19"><span class='ocrx_word' id='word_1_27' title='bbox 269 676 366 732; x_wconf 80' lang='grc' dir='ltr'><strong>καὶ</strong></span> <span class='ocrx_word' id='word_1_28' title='bbox 413 681 596 732; x_wconf 79' lang='grc' dir='ltr'>τοῦτον</span> <span class='ocrx_word' id='word_1_29' title='bbox 639 675 728 732; x_wconf 71' lang='grc' dir='ltr'><strong>ἐπὶ</strong></span> <span class='ocrx_word' id='word_1_30' title='bbox 770 674 868 740; x_wconf 81' lang='grc' dir='ltr'><strong>τὴν</strong></span> <span class='ocrx_word' id='word_1_31' title='bbox 911 671 1201 740; x_wconf 72' lang='grc' dir='ltr'><strong>ἐκκλησίαν</strong></span> <span class='ocrx_word' id='word_1_32' title='bbox 1243 693 1301 728; x_wconf 92' lang='grc' dir='ltr'><strong>τε</strong></span> <span class='ocrx_word' id='word_1_33' title='bbox 1346 671 1597 751; x_wconf 74' lang='grc' dir='ltr'>ἀγαγεῖν,</span> <span class='ocrx_word' id='word_1_34' title='bbox 1647 672 1734 726; x_wconf 78' lang='grc' dir='ltr'><strong>καὶ</strong></span> <span class='ocrx_word' id='word_1_35' title='bbox 1777 667 1919 747; x_wconf 78' lang='grc' dir='ltr'>ἱερέα</span> 
     </span>
    </p>
   </div>
   <div class='ocr_carea' id='block_1_8' title="bbox 269 756 1918 838">
    <p class='ocr_par' dir='ltr' id='par_1_8' title="bbox 269 756 1918 838">
     <span class='ocr_line' id='line_1_8' title="bbox 269 756 1918 838; baseline -0.005 -18"><span class='ocrx_word' id='word_1_36' title='bbox 269 764 584 838; x_wconf 73' lang='grc' dir='ltr'><strong>τελειῶσαι,</strong></span> <span class='ocrx_word' id='word_1_37' title='bbox 671 769 858 824; x_wconf 77' lang='grc' dir='ltr'>σκεῦος</span> <span class='ocrx_word' id='word_1_38' title='bbox 947 766 1089 837; x_wconf 77' lang='grc' dir='ltr'>αὒτῷ</span> <span class='ocrx_word' id='word_1_39' title='bbox 1170 760 1404 838; x_wconf 80' lang='grc' dir='ltr'>ἐκλογῆς</span> <span class='ocrx_word' id='word_1_40' title='bbox 1496 760 1626 817; x_wconf 69' lang='grc' dir='ltr'>κατὰ</span> <span class='ocrx_word' id='word_1_41' title='bbox 1713 756 1918 815; x_wconf 83' lang='grc' dir='ltr'>Παυλον</span> 
     </span>
    </p>
   </div>
   <div class='ocr_carea' id='block_1_9' title="bbox 273 846 1918 928">
    <p class='ocr_par' dir='ltr' id='par_1_9' title="bbox 273 846 1918 928">
     <span class='ocr_line' id='line_1_9' title="bbox 273 846 1918 928; baseline -0.007 -18"><span class='ocrx_word' id='word_1_42' title='bbox 273 853 554 928; x_wconf 73' lang='grc' dir='ltr'><strong>ἐσόμενον,</strong></span> <span class='ocrx_word' id='word_1_43' title='bbox 629 855 716 910; x_wconf 84' lang='grc' dir='ltr'>καὶ</span> <span class='ocrx_word' id='word_1_44' title='bbox 780 853 857 926; x_wconf 79' lang='grc' dir='ltr'>τῷ</span> <span class='ocrx_word' id='word_1_45' title='bbox 914 851 1060 928; x_wconf 89' lang='grc' dir='ltr'>λόγῳ</span> <span class='ocrx_word' id='word_1_46' title='bbox 1126 849 1390 926; x_wconf 78' lang='grc' dir='ltr'>μέλλοντα</span> <span class='ocrx_word' id='word_1_47' title='bbox 1446 849 1546 916; x_wconf 77' lang='grc' dir='ltr'>τὴν</span> <span class='ocrx_word' id='word_1_48' title='bbox 1602 846 1918 922; x_wconf 78' lang='grc' dir='ltr'><strong>οἰκουμένην</strong></span> 
     </span>
    </p>
   </div>
   <div class='ocr_carea' id='block_1_10' title="bbox 272 935 1920 1021">
    <p class='ocr_par' dir='ltr' id='par_1_10' title="bbox 272 935 1920 1021">
     <span class='ocr_line' id='line_1_10' title="bbox 272 935 1920 1021; baseline -0.006 -21"><span class='ocrx_word' id='word_1_49' title='bbox 272 941 613 1021; x_wconf 72' lang='grc' dir='ltr'>περιλαϐεῖν,</span> <span class='ocrx_word' id='word_1_50' title='bbox 702 942 838 998; x_wconf 82' lang='grc' dir='ltr'><strong>κατᾶ</strong></span> <span class='ocrx_word' id='word_1_51' title='bbox 919 943 1010 996; x_wconf 81' lang='grc' dir='ltr'>τὸν</span> <span class='ocrx_word' id='word_1_52' title='bbox 1082 941 1240 996; x_wconf 63' lang='grc' dir='ltr'>αὑτὸν</span> <span class='ocrx_word' id='word_1_53' title='bbox 1316 938 1371 1021; x_wconf 62' lang='lat'><strong>8:3</strong></span> <span class='ocrx_word' id='word_1_54' title='bbox 1431 940 1614 1013; x_wconf 83' lang='grc' dir='ltr'>καιρὸν</span> <span class='ocrx_word' id='word_1_55' title='bbox 1673 939 1708 1004; x_wconf 78' lang='grc' dir='ltr'><strong>ἡ</strong></span> <span class='ocrx_word' id='word_1_56' title='bbox 1763 935 1920 1011; x_wconf 82' lang='grc' dir='ltr'>ὁμοία</span> 
     </span>
    </p>
   </div>
   <div class='ocr_carea' id='block_1_11' title="bbox 271 1013 1918 1108">
    <p class='ocr_par' dir='ltr' id='par_1_11' title="bbox 271 1013 1918 1108">
     <span class='ocr_line' id='line_1_11' title="bbox 271 1013 1918 1108; baseline -0.006 -18"><span class='ocrx_word' id='word_1_57' title='bbox 271 1013 359 1107; x_wconf 41' lang='grc' dir='ltr'>τῷ.</span> <span class='ocrx_word' id='word_1_58' title='bbox 437 1013 659 1108; x_wconf 77' lang='grc' dir='ltr'>Ἰωάννῃ</span> <span class='ocrx_word' id='word_1_59' title='bbox 741 1030 1064 1107; x_wconf 83' lang='grc' dir='ltr'>παρίσταται</span> <span class='ocrx_word' id='word_1_60' title='bbox 1123 1027 1272 1103; x_wconf 79' lang='grc' dir='ltr'>ὄψις.</span> <span class='ocrx_word' id='word_1_61' title='bbox 1343 1013 1606 1105; x_wconf 50' lang='grc' dir='ltr'><strong>ΙἈγγελος</strong></span> <span class='ocrx_word' id='word_1_62' title='bbox 1665 1027 1765 1104; x_wconf 78' lang='grc' dir='ltr'><strong>γὰρ</strong></span> <span class='ocrx_word' id='word_1_63' title='bbox 1824 1025 1918 1081; x_wconf 85' lang='grc' dir='ltr'><strong>κά·</strong></span> 
     </span>
    </p>
   </div>
   <div class='ocr_carea' id='block_1_12' title="bbox 277 1111 1920 1202">
    <p class='ocr_par' dir='ltr' id='par_1_12' title="bbox 277 1111 1920 1202">
     <span class='ocr_line' id='line_1_12' title="bbox 277 1111 1920 1202; baseline -0.006 -22"><span class='ocrx_word' id='word_1_64' title='bbox 277 1125 442 1195; x_wconf 79' lang='grc' dir='ltr'>κείνῳ</span> <span class='ocrx_word' id='word_1_65' title='bbox 493 1120 913 1202; x_wconf 78' lang='grc' dir='ltr'>προσευχομένῳ</span> <span class='ocrx_word' id='word_1_66' title='bbox 971 1119 1064 1174; x_wconf 74' lang='grc' dir='ltr'><strong>σὺν</strong></span> <span class='ocrx_word' id='word_1_67' title='bbox 1137 1116 1313 1194; x_wconf 86' lang='grc' dir='ltr'>πολλῇ</span> <span class='ocrx_word' id='word_1_68' title='bbox 1388 1123 1455 1193; x_wconf 79' lang='grc' dir='ltr'><strong>τῇ</strong></span> <span class='ocrx_word' id='word_1_69' title='bbox 1525 1114 1650 1192; x_wconf 79' lang='grc' dir='ltr'><strong>δόξῃ</strong></span> <span class='ocrx_word' id='word_1_70' title='bbox 1709 1115 1796 1172; x_wconf 87' lang='grc' dir='ltr'>καὶ</span> <span class='ocrx_word' id='word_1_71' title='bbox 1851 1111 1920 1178; x_wconf 83' lang='grc' dir='ltr'><strong>τῆ</strong></span> 
     </span>
    </p>
   </div>
   <div class='ocr_carea' id='block_1_13' title="bbox 277 1202 1918 1291">
    <p class='ocr_par' dir='ltr' id='par_1_13' title="bbox 277 1202 1918 1291">
     <span class='ocr_line' id='line_1_13' title="bbox 277 1202 1918 1291; baseline -0.005 -23"><span class='ocrx_word' id='word_1_72' title='bbox 277 1213 418 1289; x_wconf 76' lang='grc' dir='ltr'>αὐγῇ</span> <span class='ocrx_word' id='word_1_73' title='bbox 475 1213 774 1291; x_wconf 80' lang='grc' dir='ltr'>παραστὰς,</span> <span class='ocrx_word' id='word_1_74' title='bbox 821 1209 1041 1266; x_wconf 75' lang='grc' dir='ltr'>ἕπεσθαι</span> <span class='ocrx_word' id='word_1_75' title='bbox 1085 1209 1216 1286; x_wconf 86' lang='grc' dir='ltr'>πρὸς</span> <span class='ocrx_word' id='word_1_76' title='bbox 1261 1207 1360 1274; x_wconf 76' lang='grc' dir='ltr'><strong>τὴν</strong></span> <span class='ocrx_word' id='word_1_77' title='bbox 1430 1202 1918 1291; x_wconf 10' lang='grc' dir='ltr'>ἐκκλησίανγῷλα-</span> 
     </span>
    </p>
   </div>
   <div class='ocr_carea' id='block_1_14' title="bbox 274 1290 1919 1375">
    <p class='ocr_par' dir='ltr' id='par_1_14' title="bbox 274 1290 1919 1375">
     <span class='ocr_line' id='line_1_14' title="bbox 274 1290 1919 1375; baseline -0.007 -17"><span class='ocrx_word' id='word_1_78' title='bbox 274 1300 470 1375; x_wconf 78' lang='grc' dir='ltr'>ϐιανῷ,</span> <span class='ocrx_word' id='word_1_79' title='bbox 557 1290 646 1358; x_wconf 82' lang='grc' dir='ltr'><strong>καὶ</strong></span> <span class='ocrx_word' id='word_1_80' title='bbox 727 1300 830 1366; x_wconf 78' lang='grc' dir='ltr'><strong>τὴν</strong></span> <span class='ocrx_word' id='word_1_81' title='bbox 913 1297 1004 1354; x_wconf 73' lang='grc' dir='ltr'><strong>τοῦ</strong></span> <span class='ocrx_word' id='word_1_82' title='bbox 1109 1293 1461 1375; x_wconf 78' lang='grc' dir='ltr'>πρεσϐυτέρου</span> <span class='ocrx_word' id='word_1_83' title='bbox 1543 1290 1919 1357; x_wconf 72' lang='grc' dir='ltr'><strong>καταδέξασθαι</strong></span> 
     </span>
    </p>
   </div>
   <div class='ocr_carea' id='block_1_15' title="bbox 277 1381 1922 1470">
    <p class='ocr_par' dir='ltr' id='par_1_15' title="bbox 277 1381 1922 1470">
     <span class='ocr_line' id='line_1_15' title="bbox 277 1381 1922 1470; baseline -0.007 -24"><span class='ocrx_word' id='word_1_84' title='bbox 277 1391 618 1470; x_wconf 73' lang='grc' dir='ltr'>χειροτονίαν</span> <span class='ocrx_word' id='word_1_85' title='bbox 671 1389 1014 1464; x_wconf 87' lang='grc' dir='ltr'>προστάττει.</span> <span class='ocrx_word' id='word_1_86' title='bbox 1067 1388 1169 1444; x_wconf 80' lang='grc' dir='ltr'><strong>Τὸν</strong></span> <span class='ocrx_word' id='word_1_87' title='bbox 1219 1383 1401 1452; x_wconf 77' lang='grc' dir='ltr'>δὲτὴν</span> <span class='ocrx_word' id='word_1_88' title='bbox 1433 1384 1688 1442; x_wconf 74' lang='grc' dir='ltr'><strong>ὀπτασίαν</strong></span> <span class='ocrx_word' id='word_1_89' title='bbox 1731 1381 1922 1447; x_wconf 71' lang='grc' dir='ltr'>θεῖκὴν</span> 
     </span>
    </p>
   </div>
   <div class='ocr_carea' id='block_1_16' title="bbox 279 1457 1920 1556">
    <p class='ocr_par' dir='ltr' id='par_1_16' title="bbox 279 1457 1920 1556">
     <span class='ocr_line' id='line_1_16' title="bbox 279 1457 1920 1556; baseline -0.006 -20"><span class='ocrx_word' id='word_1_90' title='bbox 279 1457 386 1556; x_wconf 58' lang='grc' dir='ltr'><strong>μὲν</strong></span> <span class='ocrx_word' id='word_1_91' title='bbox 423 1484 566 1536; x_wconf 75' lang='grc' dir='ltr'>εἶναι</span> <span class='ocrx_word' id='word_1_92' title='bbox 599 1479 674 1549; x_wconf 77' lang='grc' dir='ltr'>μὴ</span> <span class='ocrx_word' id='word_1_93' title='bbox 715 1457 1096 1555; x_wconf 45' lang='grc' dir='ltr'>’ἀγ-ιοήσαντα,</span> <span class='ocrx_word' id='word_1_94' title='bbox 1153 1472 1590 1549; x_wconf 78' lang='grc' dir='ltr'>διευλαϐούμενον</span> <span class='ocrx_word' id='word_1_95' title='bbox 1632 1469 1686 1528; x_wconf 77' lang='grc' dir='ltr'><strong>δὲ</strong></span> <span class='ocrx_word' id='word_1_96' title='bbox 1744 1469 1920 1533; x_wconf 79' lang='grc' dir='ltr'>ἄλλως</span> 
     </span>
    </p>
   </div>
   <div class='ocr_carea' id='block_1_17' title="bbox 276 1559 1922 1645">
    <p class='ocr_par' dir='ltr' id='par_1_17' title="bbox 276 1559 1922 1645">
     <span class='ocr_line' id='line_1_17' title="bbox 276 1559 1922 1645; baseline -0.005 -21"><span class='ocrx_word' id='word_1_97' title='bbox 276 1571 368 1625; x_wconf 88' lang='grc' dir='ltr'>καὶ</span> <span class='ocrx_word' id='word_1_98' title='bbox 441 1569 694 1625; x_wconf 73' lang='grc' dir='ltr'><strong>ὀκνοῦντα</strong></span> <span class='ocrx_word' id='word_1_99' title='bbox 753 1569 885 1645; x_wconf 71' lang='grc' dir='ltr'>πρὸς</span> <span class='ocrx_word' id='word_1_100' title='bbox 943 1567 1004 1622; x_wconf 72' lang='grc' dir='ltr'>τὸ</span> <span class='ocrx_word' id='word_1_101' title='bbox 1063 1565 1353 1643; x_wconf 79' lang='grc' dir='ltr'>ἐπίταγμα,</span> <span class='ocrx_word' id='word_1_102' title='bbox 1406 1563 1625 1619; x_wconf 76' lang='grc' dir='ltr'>ἀκοῦσαι</span> <span class='ocrx_word' id='word_1_103' title='bbox 1708 1559 1922 1636; x_wconf 83' lang='grc' dir='ltr'>λέγεται</span> 
     </span>
    </p>
   </div>
   <div class='ocr_carea' id='block_1_18' title="bbox 275 1650 1920 1738">
    <p class='ocr_par' dir='ltr' id='par_1_18' title="bbox 275 1650 1920 1738">
     <span class='ocr_line' id='line_1_18' title="bbox 275 1650 1920 1738; baseline -0.007 -24"><span class='ocrx_word' id='word_1_104' title='bbox 275 1657 544 1736; x_wconf 78' lang='grc' dir='ltr'>θειοτέρας</span> <span class='ocrx_word' id='word_1_105' title='bbox 588 1658 772 1738; x_wconf 67' lang='grc' dir='ltr'>φωνῆς</span> <span class='ocrx_word' id='word_1_106' title='bbox 811 1673 825 1688; x_wconf 87' lang='grc'>⁶</span> <span class='ocrx_word' id='word_1_107' title='bbox 891 1656 960 1712; x_wconf 79' lang='lat' dir='ltr'><strong>&quot;A</strong></span> <span class='ocrx_word' id='word_1_108' title='bbox 1030 1657 1057 1711; x_wconf 83' lang='grc' dir='ltr'>ὁ</span> <span class='ocrx_word' id='word_1_109' title='bbox 1104 1656 1234 1714; x_wconf 79' lang='grc' dir='ltr'>Θεὸς</span> <span class='ocrx_word' id='word_1_110' title='bbox 1277 1653 1548 1730; x_wconf 76' lang='grc' dir='ltr'>βούλεται,</span> <span class='ocrx_word' id='word_1_111' title='bbox 1611 1651 1688 1715; x_wconf 83' lang='grc' dir='ltr'><strong>τίς</strong></span> <span class='ocrx_word' id='word_1_112' title='bbox 1739 1650 1920 1712; x_wconf 78' lang='grc' dir='ltr'>ἱκανὸς</span> 
     </span>
    </p>
   </div>
   <div class='ocr_carea' id='block_1_19' title="bbox 277 1740 1914 1824">
    <p class='ocr_par' dir='ltr' id='par_1_19' title="bbox 277 1740 1914 1824">
     <span class='ocr_line' id='line_1_19' title="bbox 277 1740 1914 1824; baseline -0.005 -20"><span class='ocrx_word' id='word_1_113' title='bbox 277 1748 423 1805; x_wconf 75' lang='grc' dir='ltr'>ἔσται</span> <span class='ocrx_word' id='word_1_114' title='bbox 485 1745 880 1819; x_wconf 73' lang='grc' dir='ltr'>διασκεδάσαις</span> <span class='ocrx_word' id='word_1_115' title='bbox 927 1745 1066 1802; x_wconf 69' lang='grc' dir='ltr'>οὕτω</span> <span class='ocrx_word' id='word_1_116' title='bbox 1097 1743 1488 1824; x_wconf 78' lang='grc' dir='ltr'>χρηματισθεὶς</span> <span class='ocrx_word' id='word_1_117' title='bbox 1545 1743 1573 1798; x_wconf 84' lang='grc' dir='ltr'><strong>ὁ</strong></span> <span class='ocrx_word' id='word_1_118' title='bbox 1632 1740 1914 1816; x_wconf 75' lang='grc' dir='ltr'>μακάριος,</span> 
     </span>
    </p>
   </div>
   <div class='ocr_carea' id='block_1_20' title="bbox 279 1833 1223 1915">
    <p class='ocr_par' dir='ltr' id='par_1_20' title="bbox 279 1833 1223 1915">
     <span class='ocr_line' id='line_1_20' title="bbox 279 1833 1223 1915; baseline -0.004 -21"><span class='ocrx_word' id='word_1_119' title='bbox 279 1839 370 1894; x_wconf 84' lang='grc' dir='ltr'><strong>καὶ</strong></span> <span class='ocrx_word' id='word_1_120' title='bbox 452 1836 804 1915; x_wconf 70' lang='grc' dir='ltr'>λογισάμενος</span> <span class='ocrx_word' id='word_1_121' title='bbox 888 1833 1223 1913; x_wconf 70' lang='grc' dir='ltr'>εὐγνώμονος</span> 
     </span>
    </p>
   </div>
   <div class='ocr_carea' id='block_1_21' title="bbox 285 1919 1921 2004">
    <p class='ocr_par' dir='ltr' id='par_1_21' title="bbox 285 1919 1921 2004">
     <span class='ocr_line' id='line_1_21' title="bbox 285 1919 1921 2004; baseline -0.005 -22"><span class='ocrx_word' id='word_1_122' title='bbox 285 1927 558 1984; x_wconf 87' lang='grc' dir='ltr'>Δεσπότου</span> <span class='ocrx_word' id='word_1_123' title='bbox 605 1926 797 2004; x_wconf 75' lang='grc' dir='ltr'>γνώμη</span> <span class='ocrx_word' id='word_1_124' title='bbox 843 1925 921 1999; x_wconf 72' lang='grc' dir='ltr'>μὴ</span> <span class='ocrx_word' id='word_1_125' title='bbox 981 1921 1301 2000; x_wconf 74' lang='grc' dir='ltr'>ἀντιλέγειν,</span> <span class='ocrx_word' id='word_1_126' title='bbox 1348 1919 1741 2000; x_wconf 75' lang='grc' dir='ltr'>προσκαλεῖται</span> <span class='ocrx_word' id='word_1_127' title='bbox 1799 1920 1921 1980; x_wconf 81' lang='grc' dir='ltr'>τοὺς</span> 
     </span>
    </p>
   </div>
   <div class='ocr_carea' id='block_1_22' title="bbox 280 2009 1921 2095">
    <p class='ocr_par' dir='ltr' id='par_1_22' title="bbox 280 2009 1921 2095">
     <span class='ocr_line' id='line_1_22' title="bbox 280 2009 1921 2095; baseline -0.008 -21"><span class='ocrx_word' id='word_1_128' title='bbox 280 2017 580 2095; x_wconf 74' lang='grc' dir='ltr'>μοναχοὺς,</span> <span class='ocrx_word' id='word_1_129' title='bbox 641 2017 728 2072; x_wconf 83' lang='grc' dir='ltr'><strong>καὶ</strong></span> <span class='ocrx_word' id='word_1_130' title='bbox 811 2015 955 2080; x_wconf 82' lang='grc' dir='ltr'>ὅπως</span> <span class='ocrx_word' id='word_1_131' title='bbox 1012 2013 1186 2070; x_wconf 59' lang='lat' dir='ltr'><strong>at.st</strong></span> <span class='ocrx_word' id='word_1_132' title='bbox 1251 2011 1440 2086; x_wconf 78' lang='grc' dir='ltr'>μέλλοι</span> <span class='ocrx_word' id='word_1_133' title='bbox 1513 2009 1921 2088; x_wconf 72' lang='grc' dir='ltr'>διαχωρίζεσθαι</span> 
     </span>
    </p>
   </div>
   <div class='ocr_carea' id='block_1_23' title="bbox 279 2097 1923 2183">
    <p class='ocr_par' dir='ltr' id='par_1_23' title="bbox 279 2097 1923 2183">
     <span class='ocr_line' id='line_1_23' title="bbox 279 2097 1923 2183; baseline -0.006 -19"><span class='ocrx_word' id='word_1_134' title='bbox 279 2105 660 2183; x_wconf 73' lang='grc' dir='ltr'>καταγγέλλει.</span> <span class='ocrx_word' id='word_1_135' title='bbox 695 2106 827 2169; x_wconf 84' lang='grc' dir='ltr'>Τοὺς</span> <span class='ocrx_word' id='word_1_136' title='bbox 885 2103 938 2159; x_wconf 75' lang='grc' dir='ltr'><strong>δὲ</strong></span> <span class='ocrx_word' id='word_1_137' title='bbox 989 2103 1132 2179; x_wconf 81' lang='grc' dir='ltr'>λύπῃ</span> <span class='ocrx_word' id='word_1_138' title='bbox 1186 2099 1278 2158; x_wconf 77' lang='grc' dir='ltr'>καί</span> <span class='ocrx_word' id='word_1_139' title='bbox 1309 2101 1502 2176; x_wconf 77' lang='grc' dir='ltr'>ἀθυμία</span> <span class='ocrx_word' id='word_1_140' title='bbox 1532 2097 1923 2178; x_wconf 71' lang='grc' dir='ltr'>συνεχομένους</span> 
     </span>
    </p>
   </div>
   <div class='ocr_carea' id='block_1_24' title="bbox 281 2187 1917 2273">
    <p class='ocr_par' dir='ltr' id='par_1_24' title="bbox 281 2187 1917 2273">
     <span class='ocr_line' id='line_1_24' title="bbox 281 2187 1917 2273; baseline -0.006 -22"><span class='ocrx_word' id='word_1_141' title='bbox 281 2196 466 2273; x_wconf 82' lang='grc' dir='ltr'>λόγοις</span> <span class='ocrx_word' id='word_1_142' title='bbox 515 2217 567 2251; x_wconf 87' lang='grc' dir='ltr'><strong>τε</strong></span> <span class='ocrx_word' id='word_1_143' title='bbox 625 2193 941 2272; x_wconf 78' lang='grc' dir='ltr'>παρεκάλει,</span> <span class='ocrx_word' id='word_1_144' title='bbox 1010 2194 1100 2249; x_wconf 83' lang='grc' dir='ltr'><strong>καὶ</strong></span> <span class='ocrx_word' id='word_1_145' title='bbox 1167 2190 1364 2264; x_wconf 82' lang='grc' dir='ltr'>τρόπον</span> <span class='ocrx_word' id='word_1_146' title='bbox 1416 2191 1536 2246; x_wconf 75' lang='grc' dir='ltr'>τινὰ</span> <span class='ocrx_word' id='word_1_147' title='bbox 1592 2187 1917 2265; x_wconf 80' lang='grc' dir='ltr'>θεραπεύων,</span> 
     </span>
    </p>
   </div>
   <div class='ocr_carea' id='block_1_25' title="bbox 282 2275 1917 2361">
    <p class='ocr_par' dir='ltr' id='par_1_25' title="bbox 282 2275 1917 2361">
     <span class='ocr_line' id='line_1_25' title="bbox 282 2275 1917 2361; baseline -0.007 -21"><span class='ocrx_word' id='word_1_148' title='bbox 282 2284 515 2358; x_wconf 77' lang='grc' dir='ltr'>μάλιστα</span> <span class='ocrx_word' id='word_1_149' title='bbox 541 2282 597 2339; x_wconf 78' lang='grc' dir='ltr'>δὲ</span> <span class='ocrx_word' id='word_1_150' title='bbox 641 2285 727 2339; x_wconf 84' lang='grc' dir='ltr'><strong>καὶ</strong></span> <span class='ocrx_word' id='word_1_151' title='bbox 772 2289 861 2338; x_wconf 73' lang='grc' dir='ltr'><strong>τοῦ</strong></span> <span class='ocrx_word' id='word_1_152' title='bbox 904 2283 1184 2361; x_wconf 80' lang='grc' dir='ltr'>χρησίμου</span> <span class='ocrx_word' id='word_1_153' title='bbox 1217 2280 1428 2342; x_wconf 79' lang='grc' dir='ltr'>τούτοις</span> <span class='ocrx_word' id='word_1_154' title='bbox 1472 2275 1917 2351; x_wconf 76' lang='grc' dir='ltr'>ἐπιμελούμενος,</span> 
     </span>
    </p>
   </div>
   <div class='ocr_carea' id='block_1_26' title="bbox 284 2363 1922 2446">
    <p class='ocr_par' dir='ltr' id='par_1_26' title="bbox 284 2363 1922 2446">
     <span class='ocr_line' id='line_1_26' title="bbox 284 2363 1922 2446; baseline -0.007 -16"><span class='ocrx_word' id='word_1_155' title='bbox 284 2373 374 2430; x_wconf 79' lang='grc' dir='ltr'><strong>δύο</strong></span> <span class='ocrx_word' id='word_1_156' title='bbox 431 2377 536 2428; x_wconf 77' lang='grc' dir='ltr'><strong>τῶν</strong></span> <span class='ocrx_word' id='word_1_157' title='bbox 595 2372 806 2429; x_wconf 77' lang='grc' dir='ltr'>πάντων</span> <span class='ocrx_word' id='word_1_158' title='bbox 865 2371 1236 2446; x_wconf 81' lang='grc' dir='ltr'>ἐκλεξάμενος,</span> <span class='ocrx_word' id='word_1_159' title='bbox 1278 2370 1330 2426; x_wconf 81' lang='grc' dir='ltr'>οἳ</span> <span class='ocrx_word' id='word_1_160' title='bbox 1375 2369 1472 2444; x_wconf 84' lang='grc' dir='ltr'><strong>βίῳ</strong></span> <span class='ocrx_word' id='word_1_161' title='bbox 1517 2373 1575 2424; x_wconf 79' lang='grc' dir='ltr'><strong>τε</strong></span> <span class='ocrx_word' id='word_1_162' title='bbox 1627 2365 1717 2422; x_wconf 85' lang='grc' dir='ltr'><strong>καὶ</strong></span> <span class='ocrx_word' id='word_1_163' title='bbox 1775 2363 1922 2439; x_wconf 82' lang='grc' dir='ltr'>λόγῳ</span> 
     </span>
    </p>
   </div>
   <div class='ocr_carea' id='block_1_27' title="bbox 283 2452 1922 2540">
    <p class='ocr_par' dir='ltr' id='par_1_27' title="bbox 283 2452 1922 2540">
     <span class='ocr_line' id='line_1_27' title="bbox 283 2452 1922 2540; baseline -0.008 -20"><span class='ocrx_word' id='word_1_164' title='bbox 283 2467 390 2520; x_wconf 88' lang='grc' dir='ltr'><strong>τῶν</strong></span> <span class='ocrx_word' id='word_1_165' title='bbox 446 2461 622 2519; x_wconf 78' lang='grc' dir='ltr'>ἄλλων</span> <span class='ocrx_word' id='word_1_166' title='bbox 666 2474 955 2540; x_wconf 69' lang='grc' dir='ltr'>προεῖχον,</span> <span class='ocrx_word' id='word_1_167' title='bbox 1017 2461 1114 2528; x_wconf 76' lang='grc' dir='ltr'>τὴν</span> <span class='ocrx_word' id='word_1_168' title='bbox 1169 2457 1492 2535; x_wconf 86' lang='grc' dir='ltr'>προστασίαν</span> <span class='ocrx_word' id='word_1_169' title='bbox 1537 2455 1644 2511; x_wconf 87' lang='grc' dir='ltr'><strong>τῶν</strong></span> <span class='ocrx_word' id='word_1_170' title='bbox 1683 2452 1922 2532; x_wconf 73' lang='grc' dir='ltr'>ἀδελφῶν</span> 
     </span>
    </p>
   </div>
   <div class='ocr_carea' id='block_1_28' title="bbox 284 2542 1920 2630">
    <p class='ocr_par' dir='ltr' id='par_1_28' title="bbox 284 2542 1920 2630">
     <span class='ocr_line' id='line_1_28' title="bbox 284 2542 1920 2630; baseline -0.008 -20"><span class='ocrx_word' id='word_1_171' title='bbox 284 2552 580 2630; x_wconf 86' lang='grc' dir='ltr'>ἐπιτρέπει.</span> <span class='ocrx_word' id='word_1_172' title='bbox 629 2553 718 2609; x_wconf 83' lang='grc' dir='ltr'>Ἐν</span> <span class='ocrx_word' id='word_1_173' title='bbox 763 2551 808 2625; x_wconf 83' lang='grc' dir='ltr'>ᾧ</span> <span class='ocrx_word' id='word_1_174' title='bbox 851 2550 905 2605; x_wconf 75' lang='grc' dir='ltr'><em>δὲ</em></span> <span class='ocrx_word' id='word_1_175' title='bbox 952 2556 1114 2607; x_wconf 77' lang='grc' dir='ltr'>ταῦτα</span> <span class='ocrx_word' id='word_1_176' title='bbox 1177 2547 1404 2624; x_wconf 82' lang='grc' dir='ltr'>ἐγίνετο,</span> <span class='ocrx_word' id='word_1_177' title='bbox 1453 2542 1753 2608; x_wconf 76' lang='grc' dir='ltr'>Φλαϐιανὸς</span> <span class='ocrx_word' id='word_1_178' title='bbox 1796 2542 1920 2598; x_wconf 78' lang='grc' dir='ltr'>ἐπι-</span> 
     </span>
    </p>
   </div>
   <div class='ocr_carea' id='block_1_29' title="bbox 287 2632 1920 2717">
    <p class='ocr_par' dir='ltr' id='par_1_29' title="bbox 287 2632 1920 2717">
     <span class='ocr_line' id='line_1_29' title="bbox 287 2632 1920 2717; baseline -0.002 -21"><span class='ocrx_word' id='word_1_179' title='bbox 287 2643 442 2714; x_wconf 74' lang='grc' dir='ltr'>στὰς,</span> <span class='ocrx_word' id='word_1_180' title='bbox 489 2642 584 2697; x_wconf 83' lang='grc' dir='ltr'>καί</span> <span class='ocrx_word' id='word_1_181' title='bbox 655 2641 730 2714; x_wconf 79' lang='grc' dir='ltr'><strong>τῷ</strong></span> <span class='ocrx_word' id='word_1_182' title='bbox 775 2641 1020 2717; x_wconf 79' lang='grc' dir='ltr'>μακαρίῳ</span> <span class='ocrx_word' id='word_1_183' title='bbox 1080 2634 1196 2712; x_wconf 82' lang='grc' dir='ltr'>μεθ’</span> <span class='ocrx_word' id='word_1_184' title='bbox 1255 2633 1449 2703; x_wconf 71' lang='grc' dir='ltr'>ἡδονῆς</span> <span class='ocrx_word' id='word_1_185' title='bbox 1507 2632 1920 2711; x_wconf 69' lang='grc' dir='ltr'>συγγενόμενος,</span> 
     </span>
    </p>
   </div>
   <div class='ocr_carea' id='block_1_30' title="bbox 287 2721 1924 2808">
    <p class='ocr_par' dir='ltr' id='par_1_30' title="bbox 287 2721 1924 2808">
     <span class='ocr_line' id='line_1_30' title="bbox 287 2721 1924 2808; baseline -0.008 -21"><span class='ocrx_word' id='word_1_186' title='bbox 287 2730 387 2787; x_wconf 77' lang='grc' dir='ltr'>Ἐκ</span> <span class='ocrx_word' id='word_1_187' title='bbox 442 2730 646 2787; x_wconf 84' lang='grc' dir='ltr'>πολλοῦ</span> <span class='ocrx_word' id='word_1_188' title='bbox 695 2731 816 2803; x_wconf 75' lang='grc' dir='ltr'>μὲν,</span> <span class='ocrx_word' id='word_1_189' title='bbox 864 2728 990 2808; x_wconf 72' lang='grc' dir='ltr'>ἔφη,</span> <span class='ocrx_word' id='word_1_190' title='bbox 1035 2727 1132 2793; x_wconf 79' lang='grc' dir='ltr'>τῆς</span> <span class='ocrx_word' id='word_1_191' title='bbox 1171 2726 1270 2792; x_wconf 72' lang='grc' dir='ltr'>σῆς</span> <span class='ocrx_word' id='word_1_192' title='bbox 1316 2724 1614 2802; x_wconf 76' lang='grc' dir='ltr'>ἐτύγχανον</span> <span class='ocrx_word' id='word_1_193' title='bbox 1658 2721 1924 2795; x_wconf 80' lang='grc' dir='ltr'>ἐπιθυμῶν</span> 
     </span>
    </p>
   </div>
   <div class='ocr_carea' id='block_1_31' title="bbox 289 2811 1923 2898">
    <p class='ocr_par' dir='ltr' id='par_1_31' title="bbox 289 2811 1923 2898">
     <span class='ocr_line' id='line_1_31' title="bbox 289 2811 1923 2898; baseline -0.006 -25"><span class='ocrx_word' id='word_1_194' title='bbox 289 2818 528 2892; x_wconf 81' lang='grc' dir='ltr'>ὁμιλίας,</span> <span class='ocrx_word' id='word_1_195' title='bbox 589 2819 867 2898; x_wconf 70' lang='grc' dir='ltr'>σοφώτατε</span> <span class='ocrx_word' id='word_1_196' title='bbox 922 2815 1212 2893; x_wconf 71' lang='grc' dir='ltr'>ἀνθρώπων</span> <span class='ocrx_word' id='word_1_197' title='bbox 1268 2814 1354 2868; x_wconf 76' lang='grc' dir='ltr'>καὶ</span> <span class='ocrx_word' id='word_1_198' title='bbox 1419 2811 1710 2886; x_wconf 77' lang='grc' dir='ltr'>τιμιώτατε</span> <span class='ocrx_word' id='word_1_199' title='bbox 1740 2857 1755 2888; x_wconf 92' lang='grc'><strong>,</strong></span> <span class='ocrx_word' id='word_1_200' title='bbox 1812 2811 1923 2886; x_wconf 84' lang='grc' dir='ltr'>είρ-</span> 
     </span>
    </p>
   </div>
   <div class='ocr_carea' id='block_1_32' title="bbox 2003 579 3644 642">
    <p class='ocr_par' dir='ltr' id='par_1_32' title="bbox 2003 579 3644 642">
     <span class='ocr_line' id='line_1_32' title="bbox 2003 579 3644 642; baseline 0.004 -6"><span class='ocrx_word' id='word_1_201' title='bbox 2003 581 2278 640; x_wconf 77' lang='grc' dir='ltr'><strong>οἰιὶεεὶωθ</strong></span> <span class='ocrx_word' id='word_1_202' title='bbox 2298 589 2352 640; x_wconf 89' lang='lat' dir='ltr'><strong>et</strong></span> <span class='ocrx_word' id='word_1_203' title='bbox 2384 596 2514 640; x_wconf 88' lang='lat' dir='ltr'><strong>eum</strong></span> <span class='ocrx_word' id='word_1_204' title='bbox 2556 581 2769 640; x_wconf 89' lang='lat' dir='ltr'><strong>ducere</strong></span> <span class='ocrx_word' id='word_1_205' title='bbox 2795 580 2867 639; x_wconf 89' lang='lat' dir='ltr'><strong>ad</strong></span> <span class='ocrx_word' id='word_1_206' title='bbox 2892 579 3192 638; x_wconf 80' lang='lat' dir='ltr'><strong>ecclesiam</strong></span> <span class='ocrx_word' id='word_1_207' title='bbox 3215 589 3272 640; x_wconf 90' lang='lat' dir='ltr'><strong>et</strong></span> <span class='ocrx_word' id='word_1_208' title='bbox 3300 595 3644 642; x_wconf 82' lang='lat' dir='ltr'><strong>consecrare</strong></span> 
     </span>
    </p>
   </div>
   <div class='ocr_carea' id='block_1_33' title="bbox 2001 665 3640 747">
    <p class='ocr_par' dir='ltr' id='par_1_33' title="bbox 2001 665 3640 747">
     <span class='ocr_line' id='line_1_33' title="bbox 2001 665 3640 747; baseline 0.002 -21"><span class='ocrx_word' id='word_1_209' title='bbox 2001 665 2404 742; x_wconf 77' lang='lat' dir='ltr'><strong>sacerdotem,</strong></span> <span class='ocrx_word' id='word_1_210' title='bbox 2440 666 2704 728; x_wconf 89' lang='lat' dir='ltr'><strong>futurum</strong></span> <span class='ocrx_word' id='word_1_211' title='bbox 2739 666 2795 728; x_wconf 90' lang='lat' dir='ltr'><strong>ei</strong></span> <span class='ocrx_word' id='word_1_212' title='bbox 2835 683 2944 728; x_wconf 84' lang='lat' dir='ltr'><strong>vas</strong></span> <span class='ocrx_word' id='word_1_213' title='bbox 2977 665 3293 728; x_wconf 78' lang='lat' dir='ltr'><strong>electionis</strong></span> <span class='ocrx_word' id='word_1_214' title='bbox 3337 668 3640 747; x_wconf 86' lang='lat' dir='ltr'><strong>quomodo</strong></span> 
     </span>
    </p>
   </div>
   <div class='ocr_carea' id='block_1_34' title="bbox 2002 756 3643 837">
    <p class='ocr_par' dir='ltr' id='par_1_34' title="bbox 2002 756 3643 837">
     <span class='ocr_line' id='line_1_34' title="bbox 2002 756 3643 837; baseline 0.002 -20"><span class='ocrx_word' id='word_1_215' title='bbox 2002 757 2223 818; x_wconf 85' lang='lat' dir='ltr'><strong>Paulus</strong></span> <span class='ocrx_word' id='word_1_216' title='bbox 2254 758 2306 830; x_wconf 90' lang='lat'><strong>7,</strong></span> <span class='ocrx_word' id='word_1_217' title='bbox 2340 764 2400 816; x_wconf 90' lang='lat' dir='ltr'><strong>et</strong></span> <span class='ocrx_word' id='word_1_218' title='bbox 2431 756 2614 818; x_wconf 86' lang='lat' dir='ltr'><strong>verbo</strong></span> <span class='ocrx_word' id='word_1_219' title='bbox 2664 756 3244 837; x_wconf 89' lang='lat' dir='ltr'><strong>comprehensurum</strong></span> <span class='ocrx_word' id='word_1_220' title='bbox 3296 756 3643 820; x_wconf 88' lang='lat' dir='ltr'><strong>universum</strong></span> 
     </span>
    </p>
   </div>
   <div class='ocr_carea' id='block_1_35' title="bbox 2002 843 3643 928">
    <p class='ocr_par' dir='ltr' id='par_1_35' title="bbox 2002 843 3643 928">
     <span class='ocr_line' id='line_1_35' title="bbox 2002 843 3643 928; baseline 0.001 -22"><span class='ocrx_word' id='word_1_221' title='bbox 2002 843 2212 907; x_wconf 88' lang='lat' dir='ltr'><strong>orbem</strong></span> <span class='ocrx_word' id='word_1_222' title='bbox 2237 854 2410 908; x_wconf 65' lang='lat' dir='ltr'><strong>terra:</strong></span> <span class='ocrx_word' id='word_1_223' title='bbox 2439 845 2660 908; x_wconf 89' lang='lat' dir='ltr'><strong>Eadem</strong></span> <span class='ocrx_word' id='word_1_224' title='bbox 2683 853 2882 908; x_wconf 90' lang='lat' dir='ltr'><strong>autem</strong></span> <span class='ocrx_word' id='word_1_225' title='bbox 2911 845 3060 908; x_wconf 91' lang='lat' dir='ltr'><strong>hora</strong></span> <span class='ocrx_word' id='word_1_226' title='bbox 3079 845 3150 908; x_wconf 87' lang='lat' dir='ltr'><strong>ad</strong></span> <span class='ocrx_word' id='word_1_227' title='bbox 3171 844 3463 910; x_wconf 82' lang='lat' dir='ltr'><strong>Joannem</strong></span> <span class='ocrx_word' id='word_1_228' title='bbox 3487 865 3643 928; x_wconf 90' lang='lat' dir='ltr'><strong>quo-</strong></span> 
     </span>
    </p>
   </div>
   <div class='ocr_carea' id='block_1_36' title="bbox 2003 933 3645 1018">
    <p class='ocr_par' dir='ltr' id='par_1_36' title="bbox 2003 933 3645 1018">
     <span class='ocr_line' id='line_1_36' title="bbox 2003 933 3645 1018; baseline 0.003 -24"><span class='ocrx_word' id='word_1_229' title='bbox 2003 953 2120 1014; x_wconf 85' lang='lat' dir='ltr'><strong>que</strong></span> <span class='ocrx_word' id='word_1_230' title='bbox 2153 934 2315 995; x_wconf 91' lang='lat' dir='ltr'><strong>venit</strong></span> <span class='ocrx_word' id='word_1_231' title='bbox 2361 934 2578 997; x_wconf 85' lang='lat' dir='ltr'><strong>similis</strong></span> <span class='ocrx_word' id='word_1_232' title='bbox 2632 934 2807 998; x_wconf 82' lang='lat' dir='ltr'><strong>visio.</strong></span> <span class='ocrx_word' id='word_1_233' title='bbox 2858 933 3008 996; x_wconf 88' lang='lat' dir='ltr'><strong>Nam</strong></span> <span class='ocrx_word' id='word_1_234' title='bbox 3059 934 3148 997; x_wconf 91' lang='lat' dir='ltr'><strong>illi</strong></span> <span class='ocrx_word' id='word_1_235' title='bbox 3179 954 3418 1018; x_wconf 89' lang='lat' dir='ltr'><strong>quoque</strong></span> <span class='ocrx_word' id='word_1_236' title='bbox 3448 937 3645 1000; x_wconf 89' lang='lat' dir='ltr'><strong>oranti</strong></span> 
     </span>
    </p>
   </div>
   <div class='ocr_carea' id='block_1_37' title="bbox 2002 1023 3643 1106">
    <p class='ocr_par' dir='ltr' id='par_1_37' title="bbox 2002 1023 3643 1106">
     <span class='ocr_line' id='line_1_37' title="bbox 2002 1023 3643 1106; baseline 0.002 -20"><span class='ocrx_word' id='word_1_237' title='bbox 2002 1032 2205 1086; x_wconf 91' lang='lat' dir='ltr'><strong>astans</strong></span> <span class='ocrx_word' id='word_1_238' title='bbox 2227 1023 2479 1101; x_wconf 84' lang='lat' dir='ltr'><strong>angelus</strong></span> <span class='ocrx_word' id='word_1_239' title='bbox 2499 1041 2634 1085; x_wconf 90' lang='lat' dir='ltr'><strong>cum</strong></span> <span class='ocrx_word' id='word_1_240' title='bbox 2661 1041 2879 1103; x_wconf 78' lang='lat' dir='ltr'><strong>magna</strong></span> <span class='ocrx_word' id='word_1_241' title='bbox 2903 1023 3094 1104; x_wconf 81' lang='lat' dir='ltr'><strong>gloria</strong></span> <span class='ocrx_word' id='word_1_242' title='bbox 3115 1031 3176 1086; x_wconf 92' lang='lat' dir='ltr'><strong>et</strong></span> <span class='ocrx_word' id='word_1_243' title='bbox 3193 1024 3643 1106; x_wconf 85' lang='lat' dir='ltr'><strong>splendore,ju-</strong></span> 
     </span>
    </p>
   </div>
   <div class='ocr_carea' id='block_1_38' title="bbox 2006 1112 3641 1194">
    <p class='ocr_par' dir='ltr' id='par_1_38' title="bbox 2006 1112 3641 1194">
     <span class='ocr_line' id='line_1_38' title="bbox 2006 1112 3641 1194; baseline 0.002 -21"><span class='ocrx_word' id='word_1_244' title='bbox 2006 1113 2103 1175; x_wconf 89' lang='lat' dir='ltr'><strong>bet</strong></span> <span class='ocrx_word' id='word_1_245' title='bbox 2125 1121 2332 1192; x_wconf 85' lang='lat' dir='ltr'><strong>aperte</strong></span> <span class='ocrx_word' id='word_1_246' title='bbox 2363 1112 2714 1174; x_wconf 86' lang='lat' dir='ltr'><strong>Flavianum</strong></span> <span class='ocrx_word' id='word_1_247' title='bbox 2737 1113 2908 1194; x_wconf 82' lang='lat' dir='ltr'><strong>sequi</strong></span> <span class='ocrx_word' id='word_1_248' title='bbox 2937 1113 3011 1175; x_wconf 91' lang='lat' dir='ltr'><strong>ad</strong></span> <span class='ocrx_word' id='word_1_249' title='bbox 3031 1112 3452 1194; x_wconf 89' lang='lat' dir='ltr'><strong>Ecclesiam,et</strong></span> <span class='ocrx_word' id='word_1_250' title='bbox 3474 1115 3641 1178; x_wconf 88' lang='lat' dir='ltr'><strong>acci-</strong></span> 
     </span>
    </p>
   </div>
   <div class='ocr_carea' id='block_1_39' title="bbox 2003 1200 3640 1282">
    <p class='ocr_par' dir='ltr' id='par_1_39' title="bbox 2003 1200 3640 1282">
     <span class='ocr_line' id='line_1_39' title="bbox 2003 1200 3640 1282; baseline 0.002 -19"><span class='ocrx_word' id='word_1_251' title='bbox 2003 1219 2147 1282; x_wconf 84' lang='lat' dir='ltr'><strong>pere</strong></span> <span class='ocrx_word' id='word_1_252' title='bbox 2178 1200 2455 1264; x_wconf 85' lang='lat' dir='ltr'><strong>ordinem</strong></span> <span class='ocrx_word' id='word_1_253' title='bbox 2483 1202 2950 1282; x_wconf 78' lang='lat' dir='ltr'><strong>presbyteratus.</strong></span> <span class='ocrx_word' id='word_1_254' title='bbox 2981 1201 3088 1265; x_wconf 90' lang='lat' dir='ltr'><strong>Ille</strong></span> <span class='ocrx_word' id='word_1_255' title='bbox 3117 1211 3316 1265; x_wconf 91' lang='lat' dir='ltr'><strong>autem</strong></span> <span class='ocrx_word' id='word_1_256' title='bbox 3349 1221 3485 1266; x_wconf 91' lang='lat' dir='ltr'><strong>cum</strong></span> <span class='ocrx_word' id='word_1_257' title='bbox 3519 1223 3640 1268; x_wconf 89' lang='lat' dir='ltr'><strong>non</strong></span> 
     </span>
    </p>
   </div>
   <div class='ocr_carea' id='block_1_40' title="bbox 2000 1289 3640 1369">
    <p class='ocr_par' dir='ltr' id='par_1_40' title="bbox 2000 1289 3640 1369">
     <span class='ocr_line' id='line_1_40' title="bbox 2000 1289 3640 1369; baseline 0.003 -17"><span class='ocrx_word' id='word_1_258' title='bbox 2000 1292 2340 1367; x_wconf 81' lang='lat' dir='ltr'><strong>ignorasset</strong></span> <span class='ocrx_word' id='word_1_259' title='bbox 2361 1289 2607 1369; x_wconf 88' lang='lat' dir='ltr'><strong>quidem</strong></span> <span class='ocrx_word' id='word_1_260' title='bbox 2634 1291 2928 1353; x_wconf 88' lang='lat' dir='ltr'><strong>visionem</strong></span> <span class='ocrx_word' id='word_1_261' title='bbox 2952 1308 3086 1353; x_wconf 88' lang='lat' dir='ltr'><strong>esse</strong></span> <span class='ocrx_word' id='word_1_262' title='bbox 3107 1291 3640 1368; x_wconf 78' lang='lat' dir='ltr'><strong>divinam,revere-</strong></span> 
     </span>
    </p>
   </div>
   <div class='ocr_carea' id='block_1_41' title="bbox 2001 1379 3641 1464">
    <p class='ocr_par' dir='ltr' id='par_1_41' title="bbox 2001 1379 3641 1464">
     <span class='ocr_line' id='line_1_41' title="bbox 2001 1379 3641 1464; baseline 0.001 -22"><span class='ocrx_word' id='word_1_263' title='bbox 2001 1387 2169 1442; x_wconf 91' lang='lat' dir='ltr'><strong>retur</strong></span> <span class='ocrx_word' id='word_1_264' title='bbox 2200 1387 2398 1442; x_wconf 89' lang='lat' dir='ltr'><strong>autem</strong></span> <span class='ocrx_word' id='word_1_265' title='bbox 2432 1380 2662 1460; x_wconf 87' lang='lat' dir='ltr'><strong>alioqui</strong></span> <span class='ocrx_word' id='word_1_266' title='bbox 2709 1387 2768 1443; x_wconf 89' lang='lat' dir='ltr'><strong>et</strong></span> <span class='ocrx_word' id='word_1_267' title='bbox 2798 1379 3101 1443; x_wconf 82' lang='lat' dir='ltr'><strong>dubitaret</strong></span> <span class='ocrx_word' id='word_1_268' title='bbox 3138 1381 3360 1459; x_wconf 88' lang='lat' dir='ltr'><strong>facere,</strong></span> <span class='ocrx_word' id='word_1_269' title='bbox 3390 1383 3552 1464; x_wconf 90' lang='lat' dir='ltr'><strong>quod</strong></span> <span class='ocrx_word' id='word_1_270' title='bbox 3585 1382 3641 1444; x_wconf 85' lang='lat' dir='ltr'><strong>ei</strong></span> 
     </span>
    </p>
   </div>
   <div class='ocr_carea' id='block_1_42' title="bbox 2005 1469 3645 1550">
    <p class='ocr_par' dir='ltr' id='par_1_42' title="bbox 2005 1469 3645 1550">
     <span class='ocr_line' id='line_1_42' title="bbox 2005 1469 3645 1550; baseline 0.002 -19"><span class='ocrx_word' id='word_1_271' title='bbox 2005 1469 2199 1531; x_wconf 87' lang='lat' dir='ltr'><strong>fuerat</strong></span> <span class='ocrx_word' id='word_1_272' title='bbox 2229 1469 2585 1550; x_wconf 90' lang='lat' dir='ltr'><strong>imperatum</strong></span> <span class='ocrx_word' id='word_1_273' title='bbox 2621 1477 2867 1550; x_wconf 88' lang='lat' dir='ltr'><strong>propter</strong></span> <span class='ocrx_word' id='word_1_274' title='bbox 2892 1469 3389 1546; x_wconf 86' lang='lat' dir='ltr'><strong>moderationem,</strong></span> <span class='ocrx_word' id='word_1_275' title='bbox 3422 1471 3645 1534; x_wconf 90' lang='lat' dir='ltr'><strong>dicitur</strong></span> 
     </span>
    </p>
   </div>
   <div class='ocr_carea' id='block_1_43' title="bbox 2004 1557 3638 1634">
    <p class='ocr_par' dir='ltr' id='par_1_43' title="bbox 2004 1557 3638 1634">
     <span class='ocr_line' id='line_1_43' title="bbox 2004 1557 3638 1634; baseline 0.004 -17"><span class='ocrx_word' id='word_1_276' title='bbox 2004 1577 2210 1620; x_wconf 91' lang='lat' dir='ltr'><strong>vocem</strong></span> <span class='ocrx_word' id='word_1_277' title='bbox 2267 1557 2568 1620; x_wconf 89' lang='lat' dir='ltr'><strong>audivisse</strong></span> <span class='ocrx_word' id='word_1_278' title='bbox 2613 1558 3012 1621; x_wconf 86' lang='lat' dir='ltr'><strong>diviniorem:</strong></span> <span class='ocrx_word' id='word_1_279' title='bbox 3049 1561 3194 1633; x_wconf 87' lang='lat' dir='ltr'><strong>Quae</strong></span> <span class='ocrx_word' id='word_1_280' title='bbox 3223 1559 3381 1622; x_wconf 88' lang='lat' dir='ltr'><strong>Deus</strong></span> <span class='ocrx_word' id='word_1_281' title='bbox 3410 1561 3638 1634; x_wconf 85' lang='lat' dir='ltr'><strong>statuit,</strong></span> 
     </span>
    </p>
   </div>
   <div class='ocr_carea' id='block_1_44' title="bbox 2005 1646 3647 1730">
    <p class='ocr_par' dir='ltr' id='par_1_44' title="bbox 2005 1646 3647 1730">
     <span class='ocr_line' id='line_1_44' title="bbox 2005 1646 3647 1730; baseline 0.002 -23"><span class='ocrx_word' id='word_1_282' title='bbox 2005 1649 2142 1727; x_wconf 85' lang='lat' dir='ltr'><strong>quis</strong></span> <span class='ocrx_word' id='word_1_283' title='bbox 2169 1649 2387 1727; x_wconf 88' lang='lat' dir='ltr'><strong>poterit</strong></span> <span class='ocrx_word' id='word_1_284' title='bbox 2409 1647 2626 1709; x_wconf 89' lang='lat' dir='ltr'><strong>vitare?</strong></span> <span class='ocrx_word' id='word_1_285' title='bbox 2645 1646 2790 1710; x_wconf 86' lang='lat' dir='ltr'><strong>Cum</strong></span> <span class='ocrx_word' id='word_1_286' title='bbox 2812 1648 2900 1710; x_wconf 92' lang='lat' dir='ltr'><strong>sic</strong></span> <span class='ocrx_word' id='word_1_287' title='bbox 2922 1665 3279 1730; x_wconf 87' lang='lat' dir='ltr'><strong>responsum</strong></span> <span class='ocrx_word' id='word_1_288' title='bbox 3310 1648 3647 1730; x_wconf 83' lang='lat' dir='ltr'><strong>accepisset</strong></span> 
     </span>
    </p>
   </div>
   <div class='ocr_carea' id='block_1_45' title="bbox 2006 1735 3642 1819">
    <p class='ocr_par' dir='ltr' id='par_1_45' title="bbox 2006 1735 3642 1819">
     <span class='ocr_line' id='line_1_45' title="bbox 2006 1735 3642 1819; baseline 0.002 -21"><span class='ocrx_word' id='word_1_289' title='bbox 2006 1736 2244 1816; x_wconf 88' lang='lat' dir='ltr'><strong>beatos,</strong></span> <span class='ocrx_word' id='word_1_290' title='bbox 2268 1744 2328 1798; x_wconf 88' lang='lat' dir='ltr'><strong>et</strong></span> <span class='ocrx_word' id='word_1_291' title='bbox 2349 1736 2526 1798; x_wconf 92' lang='lat' dir='ltr'><strong>simul</strong></span> <span class='ocrx_word' id='word_1_292' title='bbox 2550 1735 2943 1798; x_wconf 83' lang='lat' dir='ltr'><strong>intellexisset</strong></span> <span class='ocrx_word' id='word_1_293' title='bbox 2963 1754 3097 1800; x_wconf 88' lang='lat' dir='ltr'><strong>esse</strong></span> <span class='ocrx_word' id='word_1_294' title='bbox 3115 1737 3269 1817; x_wconf 78' lang='lat' dir='ltr'><strong>grati</strong></span> <span class='ocrx_word' id='word_1_295' title='bbox 3289 1744 3350 1801; x_wconf 91' lang='lat' dir='ltr'><strong>et</strong></span> <span class='ocrx_word' id='word_1_296' title='bbox 3369 1737 3642 1819; x_wconf 88' lang='lat' dir='ltr'><strong>pruden-</strong></span> 
     </span>
    </p>
   </div>
   <div class='ocr_carea' id='block_1_46' title="bbox 1327 1824 1923 1907">
    <p class='ocr_par' dir='ltr' id='par_1_46' title="bbox 1327 1829 1917 1907">
     <span class='ocr_line' id='line_1_46' title="bbox 1327 1829 1917 1907; baseline -0.008 -19"><span class='ocrx_word' id='word_1_297' title='bbox 1327 1835 1471 1888; x_wconf 80' lang='grc' dir='ltr'>εἶναι</span> <span class='ocrx_word' id='word_1_298' title='bbox 1571 1829 1917 1907; x_wconf 80' lang='grc' dir='ltr'>θεράποντος,</span> 
     </span>
    </p>
   </div>
   <div class='ocr_carea' id='block_1_47' title="bbox 2007 1824 3644 1907">
    <p class='ocr_par' dir='ltr' id='par_1_47' title="bbox 2007 1824 3644 1906">
     <span class='ocr_line' id='line_1_47' title="bbox 2007 1824 3644 1906; baseline 0.002 -20"><span class='ocrx_word' id='word_1_299' title='bbox 2007 1824 2081 1887; x_wconf 89' lang='lat' dir='ltr'><strong>tis</strong></span> <span class='ocrx_word' id='word_1_300' title='bbox 2107 1825 2464 1901; x_wconf 89' lang='lat' dir='ltr'><strong>famuli,non</strong></span> <span class='ocrx_word' id='word_1_301' title='bbox 2488 1843 2826 1906; x_wconf 81' lang='lat' dir='ltr'><strong>repugnare</strong></span> <span class='ocrx_word' id='word_1_302' title='bbox 2851 1824 3086 1889; x_wconf 91' lang='lat' dir='ltr'><strong>Domini</strong></span> <span class='ocrx_word' id='word_1_303' title='bbox 3116 1826 3644 1903; x_wconf 81' lang='lat' dir='ltr'><strong>voluntati,accer-</strong></span> 
     </span>
    </p>
   </div>
   <div class='ocr_carea' id='block_1_48' title="bbox 2006 1915 3644 1980">
    <p class='ocr_par' dir='ltr' id='par_1_48' title="bbox 2006 1915 3644 1980">
     <span class='ocr_line' id='line_1_48' title="bbox 2006 1915 3644 1980; baseline 0 -2"><span class='ocrx_word' id='word_1_304' title='bbox 2006 1917 2081 1978; x_wconf 85' lang='lat' dir='ltr'><strong>sit</strong></span> <span class='ocrx_word' id='word_1_305' title='bbox 2113 1916 2439 1977; x_wconf 88' lang='lat' dir='ltr'><strong>monachos</strong></span> <span class='ocrx_word' id='word_1_306' title='bbox 2465 1935 2478 1978; x_wconf 92' lang='lat'>:</span> <span class='ocrx_word' id='word_1_307' title='bbox 2504 1924 2561 1978; x_wconf 92' lang='lat' dir='ltr'><strong>et</strong></span> <span class='ocrx_word' id='word_1_308' title='bbox 2590 1934 2723 1977; x_wconf 92' lang='lat' dir='ltr'><strong>cum</strong></span> <span class='ocrx_word' id='word_1_309' title='bbox 2749 1916 2835 1978; x_wconf 89' lang='lat' dir='ltr'><strong>eis</strong></span> <span class='ocrx_word' id='word_1_310' title='bbox 2859 1915 3112 1978; x_wconf 82' lang='lat' dir='ltr'><strong>dixisset</strong></span> <span class='ocrx_word' id='word_1_311' title='bbox 3139 1935 3204 1980; x_wconf 88' lang='lat' dir='ltr'><strong>se</strong></span> <span class='ocrx_word' id='word_1_312' title='bbox 3235 1935 3370 1980; x_wconf 85' lang='lat' dir='ltr'><strong>esse</strong></span> <span class='ocrx_word' id='word_1_313' title='bbox 3395 1916 3644 1980; x_wconf 83' lang='lat' dir='ltr'><strong>absces-</strong></span> 
     </span>
    </p>
   </div>
   <div class='ocr_carea' id='block_1_49' title="bbox 2005 2005 3646 2087">
    <p class='ocr_par' dir='ltr' id='par_1_49' title="bbox 2005 2005 3646 2087">
     <span class='ocr_line' id='line_1_49' title="bbox 2005 2005 3646 2087; baseline 0.001 -21"><span class='ocrx_word' id='word_1_314' title='bbox 2005 2024 2233 2079; x_wconf 90' lang='lat' dir='ltr'><strong>surum,</strong></span> <span class='ocrx_word' id='word_1_315' title='bbox 2267 2006 2438 2068; x_wconf 83' lang='lat' dir='ltr'><strong>aifert</strong></span> <span class='ocrx_word' id='word_1_316' title='bbox 2485 2006 2574 2067; x_wconf 87' lang='lat' dir='ltr'><strong>eis</strong></span> <span class='ocrx_word' id='word_1_317' title='bbox 2606 2005 2904 2081; x_wconf 88' lang='lat' dir='ltr'><strong>dolorem,</strong></span> <span class='ocrx_word' id='word_1_318' title='bbox 2938 2006 3042 2086; x_wconf 89' lang='lat' dir='ltr'><strong>qui</strong></span> <span class='ocrx_word' id='word_1_319' title='bbox 3064 2024 3186 2068; x_wconf 92' lang='lat' dir='ltr'><strong>non</strong></span> <span class='ocrx_word' id='word_1_320' title='bbox 3222 2014 3416 2087; x_wconf 84' lang='lat' dir='ltr'><strong>potest</strong></span> <span class='ocrx_word' id='word_1_321' title='bbox 3443 2006 3646 2070; x_wconf 87' lang='lat' dir='ltr'><strong>verbis</strong></span> 
     </span>
    </p>
   </div>
   <div class='ocr_carea' id='block_1_50' title="bbox 2007 2093 3646 2175">
    <p class='ocr_par' dir='ltr' id='par_1_50' title="bbox 2007 2093 3646 2175">
     <span class='ocr_line' id='line_1_50' title="bbox 2007 2093 3646 2175; baseline 0 -19"><span class='ocrx_word' id='word_1_322' title='bbox 2007 2095 2310 2174; x_wconf 78' lang='lat' dir='ltr'><strong>eXprimi:</strong></span> <span class='ocrx_word' id='word_1_323' title='bbox 2373 2093 2695 2175; x_wconf 86' lang='lat' dir='ltr'><strong>Postquam</strong></span> <span class='ocrx_word' id='word_1_324' title='bbox 2746 2103 2946 2157; x_wconf 91' lang='lat' dir='ltr'><strong>autem</strong></span> <span class='ocrx_word' id='word_1_325' title='bbox 2997 2113 3104 2157; x_wconf 90' lang='lat' dir='ltr'><strong>eos</strong></span> <span class='ocrx_word' id='word_1_326' title='bbox 3153 2095 3350 2158; x_wconf 88' lang='lat' dir='ltr'><strong>verbis</strong></span> <span class='ocrx_word' id='word_1_327' title='bbox 3378 2097 3524 2158; x_wconf 87' lang='lat' dir='ltr'><strong>satis</strong></span> <span class='ocrx_word' id='word_1_328' title='bbox 3555 2102 3646 2159; x_wconf 91' lang='lat' dir='ltr'><strong>est</strong></span> 
     </span>
    </p>
   </div>
   <div class='ocr_carea' id='block_1_51' title="bbox 2007 2183 3643 2264">
    <p class='ocr_par' dir='ltr' id='par_1_51' title="bbox 2007 2183 3643 2264">
     <span class='ocr_line' id='line_1_51' title="bbox 2007 2183 3643 2264; baseline 0.002 -19"><span class='ocrx_word' id='word_1_329' title='bbox 2007 2183 2454 2254; x_wconf 84' lang='lat' dir='ltr'><strong>consolatus,de</strong></span> <span class='ocrx_word' id='word_1_330' title='bbox 2482 2202 2554 2246; x_wconf 91' lang='lat' dir='ltr'><strong>eo</strong></span> <span class='ocrx_word' id='word_1_331' title='bbox 2578 2202 2840 2264; x_wconf 84' lang='lat' dir='ltr'><strong>quoque,</strong></span> <span class='ocrx_word' id='word_1_332' title='bbox 2875 2185 3035 2264; x_wconf 92' lang='lat' dir='ltr'><strong>quod</strong></span> <span class='ocrx_word' id='word_1_333' title='bbox 3069 2194 3195 2248; x_wconf 90' lang='lat' dir='ltr'><strong>erat</strong></span> <span class='ocrx_word' id='word_1_334' title='bbox 3223 2183 3346 2248; x_wconf 86' lang='lat' dir='ltr'><strong>illis</strong></span> <span class='ocrx_word' id='word_1_335' title='bbox 3367 2186 3514 2249; x_wconf 92' lang='lat' dir='ltr'><strong>utile</strong></span> <span class='ocrx_word' id='word_1_336' title='bbox 3542 2187 3643 2248; x_wconf 82' lang='lat' dir='ltr'><strong>fu-</strong></span> 
     </span>
    </p>
   </div>
   <div class='ocr_carea' id='block_1_52' title="bbox 2009 2271 3648 2356">
    <p class='ocr_par' dir='ltr' id='par_1_52' title="bbox 2009 2271 3648 2356">
     <span class='ocr_line' id='line_1_52' title="bbox 2009 2271 3648 2356; baseline 0.002 -24"><span class='ocrx_word' id='word_1_337' title='bbox 2009 2281 2231 2344; x_wconf 89' lang='lat' dir='ltr'><strong>turum,</strong></span> <span class='ocrx_word' id='word_1_338' title='bbox 2267 2271 2582 2352; x_wconf 86' lang='lat' dir='ltr'><strong>sollicitus,</strong></span> <span class='ocrx_word' id='word_1_339' title='bbox 2609 2273 2817 2334; x_wconf 87' lang='lat' dir='ltr'><strong>electis</strong></span> <span class='ocrx_word' id='word_1_340' title='bbox 2845 2272 3082 2335; x_wconf 87' lang='lat' dir='ltr'><strong>duobus</strong></span> <span class='ocrx_word' id='word_1_341' title='bbox 3111 2291 3183 2336; x_wconf 86' lang='lat' dir='ltr'><strong>ex</strong></span> <span class='ocrx_word' id='word_1_342' title='bbox 3209 2274 3511 2344; x_wconf 91' lang='lat' dir='ltr'><strong>omnibus,</strong></span> <span class='ocrx_word' id='word_1_343' title='bbox 3543 2275 3648 2356; x_wconf 90' lang='lat' dir='ltr'><strong>qui</strong></span> 
     </span>
    </p>
   </div>
   <div class='ocr_carea' id='block_1_53' title="bbox 2009 2361 3647 2444">
    <p class='ocr_par' dir='ltr' id='par_1_53' title="bbox 2009 2361 3647 2444">
     <span class='ocr_line' id='line_1_53' title="bbox 2009 2361 3647 2444; baseline 0.002 -21"><span class='ocrx_word' id='word_1_344' title='bbox 2009 2370 2256 2423; x_wconf 70' lang='lat' dir='ltr'><strong>erantet</strong></span> <span class='ocrx_word' id='word_1_345' title='bbox 2278 2361 2398 2423; x_wconf 89' lang='lat' dir='ltr'><strong>vita</strong></span> <span class='ocrx_word' id='word_1_346' title='bbox 2420 2370 2476 2422; x_wconf 94' lang='lat' dir='ltr'><strong>et</strong></span> <span class='ocrx_word' id='word_1_347' title='bbox 2495 2379 2777 2424; x_wconf 88' lang='lat' dir='ltr'><strong>sermone</strong></span> <span class='ocrx_word' id='word_1_348' title='bbox 2799 2361 3174 2438; x_wconf 86' lang='lat' dir='ltr'><strong>reliquorum</strong></span> <span class='ocrx_word' id='word_1_349' title='bbox 3201 2363 3467 2427; x_wconf 80' lang='lat' dir='ltr'><strong>omnium</strong></span> <span class='ocrx_word' id='word_1_350' title='bbox 3493 2383 3647 2444; x_wconf 71' lang='lat' dir='ltr'><strong>prae-</strong></span> 
     </span>
    </p>
   </div>
   <div class='ocr_carea' id='block_1_54' title="bbox 2008 2450 3644 2526">
    <p class='ocr_par' dir='ltr' id='par_1_54' title="bbox 2008 2450 3644 2526">
     <span class='ocr_line' id='line_1_54' title="bbox 2008 2450 3644 2526; baseline 0.001 -14"><span class='ocrx_word' id='word_1_351' title='bbox 2008 2450 2384 2526; x_wconf 89' lang='lat' dir='ltr'><strong>stantissimi,</strong></span> <span class='ocrx_word' id='word_1_352' title='bbox 2415 2451 2663 2512; x_wconf 82' lang='lat' dir='ltr'><strong>fratrum</strong></span> <span class='ocrx_word' id='word_1_353' title='bbox 2688 2469 2891 2512; x_wconf 91' lang='lat' dir='ltr'><strong>curam</strong></span> <span class='ocrx_word' id='word_1_354' title='bbox 2918 2453 3005 2510; x_wconf 87' lang='lat' dir='ltr'><strong>eis</strong></span> <span class='ocrx_word' id='word_1_355' title='bbox 3026 2451 3368 2514; x_wconf 89' lang='lat' dir='ltr'><strong>committit.</strong></span> <span class='ocrx_word' id='word_1_356' title='bbox 3396 2452 3644 2515; x_wconf 86' lang='lat' dir='ltr'><strong>Interim</strong></span> 
     </span>
    </p>
   </div>
   <div class='ocr_carea' id='block_1_55' title="bbox 2001 2539 3640 2616">
    <p class='ocr_par' dir='ltr' id='par_1_55' title="bbox 2001 2539 3640 2616">
     <span class='ocr_line' id='line_1_55' title="bbox 2001 2539 3640 2616; baseline 0.003 -15"><span class='ocrx_word' id='word_1_357' title='bbox 2001 2539 2377 2614; x_wconf 88' lang='lat' dir='ltr'><strong>autem,dum</strong></span> <span class='ocrx_word' id='word_1_358' title='bbox 2405 2541 2640 2612; x_wconf 84' lang='lat' dir='ltr'><strong>fierent,</strong></span> <span class='ocrx_word' id='word_1_359' title='bbox 2667 2539 2962 2603; x_wconf 81' lang='lat' dir='ltr'><strong>accedens</strong></span> <span class='ocrx_word' id='word_1_360' title='bbox 2978 2541 3314 2616; x_wconf 89' lang='lat' dir='ltr'><strong>Flavianus,</strong></span> <span class='ocrx_word' id='word_1_361' title='bbox 3341 2561 3474 2605; x_wconf 86' lang='lat' dir='ltr'><strong>cum</strong></span> <span class='ocrx_word' id='word_1_362' title='bbox 3511 2562 3640 2606; x_wconf 85' lang='lat' dir='ltr'><strong>ma-</strong></span> 
     </span>
    </p>
   </div>
   <div class='ocr_carea' id='block_1_56' title="bbox 2004 2628 3643 2712">
    <p class='ocr_par' dir='ltr' id='par_1_56' title="bbox 2004 2628 3643 2712">
     <span class='ocr_line' id='line_1_56' title="bbox 2004 2628 3643 2712; baseline 0.003 -22"><span class='ocrx_word' id='word_1_363' title='bbox 2004 2630 2163 2690; x_wconf 83' lang='lat' dir='ltr'><strong>xima</strong></span> <span class='ocrx_word' id='word_1_364' title='bbox 2185 2629 2486 2709; x_wconf 88' lang='lat' dir='ltr'><strong>voluptate</strong></span> <span class='ocrx_word' id='word_1_365' title='bbox 2507 2628 2746 2691; x_wconf 89' lang='lat' dir='ltr'><strong>beatum</strong></span> <span class='ocrx_word' id='word_1_366' title='bbox 2771 2629 3066 2692; x_wconf 87' lang='lat' dir='ltr'><strong>allocutus</strong></span> <span class='ocrx_word' id='word_1_367' title='bbox 3092 2647 3106 2692; x_wconf 90' lang='lat'>:</span> <span class='ocrx_word' id='word_1_368' title='bbox 3134 2629 3245 2693; x_wconf 90' lang='lat' dir='ltr'><strong>Diu</strong></span> <span class='ocrx_word' id='word_1_369' title='bbox 3268 2631 3643 2712; x_wconf 85' lang='lat' dir='ltr'><strong>quidem,in-</strong></span> 
     </span>
    </p>
   </div>
   <div class='ocr_carea' id='block_1_57' title="bbox 2006 2717 3650 2800">
    <p class='ocr_par' dir='ltr' id='par_1_57' title="bbox 2006 2717 3650 2800">
     <span class='ocr_line' id='line_1_57' title="bbox 2006 2717 3650 2800; baseline 0.003 -20"><span class='ocrx_word' id='word_1_370' title='bbox 2006 2717 2505 2800; x_wconf 87' lang='lat' dir='ltr'><strong>quit,desideravi</strong></span> <span class='ocrx_word' id='word_1_371' title='bbox 2531 2726 2589 2780; x_wconf 88' lang='lat' dir='ltr'><strong>te</strong></span> <span class='ocrx_word' id='word_1_372' title='bbox 2611 2718 3001 2800; x_wconf 85' lang='lat' dir='ltr'><strong>convenire,o</strong></span> <span class='ocrx_word' id='word_1_373' title='bbox 3019 2719 3107 2781; x_wconf 89' lang='lat' dir='ltr'><strong>vir</strong></span> <span class='ocrx_word' id='word_1_374' title='bbox 3127 2720 3570 2800; x_wconf 86' lang='lat' dir='ltr'><strong>sapientissime</strong></span> <span class='ocrx_word' id='word_1_375' title='bbox 3589 2731 3650 2785; x_wconf 87' lang='lat' dir='ltr'><strong>et</strong></span> 
     </span>
    </p>
   </div>
   <div class='ocr_carea' id='block_1_58' title="bbox 2007 2807 3646 2892">
    <p class='ocr_par' dir='ltr' id='par_1_58' title="bbox 2007 2807 3646 2892">
     <span class='ocr_line' id='line_1_58' title="bbox 2007 2807 3646 2892; baseline 0.003 -23"><span class='ocrx_word' id='word_1_376' title='bbox 2007 2813 2068 2869; x_wconf 89' lang='lat' dir='ltr'><strong>in</strong></span> <span class='ocrx_word' id='word_1_377' title='bbox 2093 2807 2305 2890; x_wconf 89' lang='lat' dir='ltr'><strong>primis</strong></span> <span class='ocrx_word' id='word_1_378' title='bbox 2329 2809 2704 2872; x_wconf 83' lang='lat' dir='ltr'><strong>venerande:</strong></span> <span class='ocrx_word' id='word_1_379' title='bbox 2759 2828 2882 2870; x_wconf 92' lang='lat' dir='ltr'><strong>non</strong></span> <span class='ocrx_word' id='word_1_380' title='bbox 2923 2808 3099 2872; x_wconf 89' lang='lat' dir='ltr'><strong>licuit</strong></span> <span class='ocrx_word' id='word_1_381' title='bbox 3123 2818 3320 2872; x_wconf 90' lang='lat' dir='ltr'><strong>autem</strong></span> <span class='ocrx_word' id='word_1_382' title='bbox 3364 2829 3555 2892; x_wconf 83' lang='lat' dir='ltr'><strong>usque</strong></span> <span class='ocrx_word' id='word_1_383' title='bbox 3584 2813 3646 2874; x_wconf 91' lang='lat' dir='ltr'><strong>in</strong></span> 
     </span>
    </p>
   </div>
   <div class='ocr_carea' id='block_1_59' title="bbox 289 2897 1923 2986">
    <p class='ocr_par' dir='ltr' id='par_1_59' title="bbox 289 2897 1923 2986">
     <span class='ocr_line' id='line_1_59' title="bbox 289 2897 1923 2986; baseline -0.005 -22"><span class='ocrx_word' id='word_1_384' title='bbox 289 2909 465 2986; x_wconf 81' lang='grc' dir='ltr'>γόμην</span> <span class='ocrx_word' id='word_1_385' title='bbox 497 2906 551 2962; x_wconf 81' lang='grc' dir='ltr'><strong>δὲ</strong></span> <span class='ocrx_word' id='word_1_386' title='bbox 593 2897 798 2974; x_wconf 15' lang='grc' dir='ltr'>είςίτὴν</span> <span class='ocrx_word' id='word_1_387' title='bbox 849 2907 1085 2983; x_wconf 75' lang='grc' dir='ltr'>σήμερον</span> <span class='ocrx_word' id='word_1_388' title='bbox 1128 2902 1608 2970; x_wconf 75' lang='grc' dir='ltr'>ἐκκλησιαστικαῖς</span> <span class='ocrx_word' id='word_1_389' title='bbox 1638 2899 1923 2979; x_wconf 76' lang='grc' dir='ltr'>προσέχων</span> 
     </span>
    </p>
   </div>
   <div class='ocr_carea' id='block_1_60' title="bbox 2007 2897 3650 2986">
    <p class='ocr_par' dir='ltr' id='par_1_60' title="bbox 2008 2897 3650 2975">
     <span class='ocr_line' id='line_1_60' title="bbox 2008 2897 3650 2975; baseline 0.001 -15"><span class='ocrx_word' id='word_1_390' title='bbox 2008 2898 2370 2960; x_wconf 89' lang='lat' dir='ltr'><strong>hodiernum</strong></span> <span class='ocrx_word' id='word_1_391' title='bbox 2397 2897 2584 2975; x_wconf 90' lang='lat' dir='ltr'><strong>diem,</strong></span> <span class='ocrx_word' id='word_1_392' title='bbox 2616 2916 2753 2960; x_wconf 88' lang='lat' dir='ltr'><strong>cum</strong></span> <span class='ocrx_word' id='word_1_393' title='bbox 2799 2916 3074 2961; x_wconf 79' lang='lat' dir='ltr'><strong>vacarem</strong></span> <span class='ocrx_word' id='word_1_394' title='bbox 3097 2900 3260 2963; x_wconf 89' lang='lat' dir='ltr'><strong>curis</strong></span> <span class='ocrx_word' id='word_1_395' title='bbox 3278 2901 3650 2964; x_wconf 86' lang='lat' dir='ltr'><strong>ecclesiasti-</strong></span> 
     </span>
    </p>
   </div>
   <div class='ocr_carea' id='block_1_61' title="bbox 289 2989 1923 3076">
    <p class='ocr_par' dir='ltr' id='par_1_61' title="bbox 289 2989 1923 3076">
     <span class='ocr_line' id='line_1_61' title="bbox 289 2989 1923 3076; baseline -0.007 -21"><span class='ocrx_word' id='word_1_396' title='bbox 289 2999 524 3076; x_wconf 78' lang='grc' dir='ltr'>φροντίσι</span> <span class='ocrx_word' id='word_1_397' title='bbox 558 3017 572 3032; x_wconf 77' lang='grc' dir='ltr'><strong><em>ο</em></strong></span> <span class='ocrx_word' id='word_1_398' title='bbox 632 3003 718 3053; x_wconf 74' lang='grc' dir='ltr'><strong>νῦν</strong></span> <span class='ocrx_word' id='word_1_399' title='bbox 772 2995 827 3052; x_wconf 74' lang='grc' dir='ltr'><strong>δὲ</strong></span> <span class='ocrx_word' id='word_1_400' title='bbox 875 2993 1052 3075; x_wconf 78' lang='grc' dir='ltr'>(δόξαν</span> <span class='ocrx_word' id='word_1_401' title='bbox 1111 2992 1249 3049; x_wconf 62' lang='grc' dir='ltr'>οὕτω</span> <span class='ocrx_word' id='word_1_402' title='bbox 1289 2991 1432 3066; x_wconf 79' lang='grc' dir='ltr'>Θεῷ)</span> <span class='ocrx_word' id='word_1_403' title='bbox 1479 2992 1610 3067; x_wconf 80' lang='grc' dir='ltr'>πρὸς</span> <span class='ocrx_word' id='word_1_404' title='bbox 1655 2990 1716 3045; x_wconf 81' lang='grc' dir='ltr'>σὲ</span> <span class='ocrx_word' id='word_1_405' title='bbox 1761 2989 1923 3069; x_wconf 75' lang='grc' dir='ltr'>ἀφίγ-</span> 
     </span>
    </p>
   </div>
   <div class='ocr_carea' id='block_1_62' title="bbox 2007 2989 3651 3076">
    <p class='ocr_par' dir='ltr' id='par_1_62' title="bbox 2008 2989 3651 3064">
     <span class='ocr_line' id='line_1_62' title="bbox 2008 2989 3651 3064; baseline 0.003 -15"><span class='ocrx_word' id='word_1_406' title='bbox 2008 2989 2300 3050; x_wconf 90' lang='lat' dir='ltr'><strong>cis.Nunc</strong></span> <span class='ocrx_word' id='word_1_407' title='bbox 2320 3006 2461 3050; x_wconf 89' lang='lat' dir='ltr'><strong>vero</strong></span> <span class='ocrx_word' id='word_1_408' title='bbox 2480 3007 2616 3050; x_wconf 91' lang='lat' dir='ltr'><strong>cnm</strong></span> <span class='ocrx_word' id='word_1_409' title='bbox 2637 2989 2759 3050; x_wconf 88' lang='lat' dir='ltr'><strong>Deo</strong></span> <span class='ocrx_word' id='word_1_410' title='bbox 2785 2991 2864 3050; x_wconf 87' lang='lat' dir='ltr'><strong>ita</strong></span> <span class='ocrx_word' id='word_1_411' title='bbox 2886 2989 3074 3050; x_wconf 78' lang='lat' dir='ltr'><strong>visum</strong></span> <span class='ocrx_word' id='word_1_412' title='bbox 3095 2989 3277 3064; x_wconf 88' lang='lat' dir='ltr'><strong>sit,ad</strong></span> <span class='ocrx_word' id='word_1_413' title='bbox 3301 3000 3358 3053; x_wconf 90' lang='lat' dir='ltr'><strong>te</strong></span> <span class='ocrx_word' id='word_1_414' title='bbox 3378 2991 3651 3054; x_wconf 89' lang='lat' dir='ltr'><strong>venimus</strong></span> 
     </span>
    </p>
   </div>
   <div class='ocr_carea' id='block_1_63' title="bbox 291 3077 1923 3159">
    <p class='ocr_par' dir='ltr' id='par_1_63' title="bbox 291 3078 1923 3159">
     <span class='ocr_line' id='line_1_63' title="bbox 291 3078 1923 3159; baseline -0.006 -17"><span class='ocrx_word' id='word_1_415' title='bbox 291 3091 448 3159; x_wconf 88' lang='grc' dir='ltr'>μεθα.</span> <span class='ocrx_word' id='word_1_416' title='bbox 501 3091 633 3144; x_wconf 83' lang='grc' dir='ltr'>Εἶτα</span> <span class='ocrx_word' id='word_1_417' title='bbox 677 3085 772 3142; x_wconf 75' lang='grc' dir='ltr'>καὶ</span> <span class='ocrx_word' id='word_1_418' title='bbox 816 3085 988 3155; x_wconf 69' lang='grc' dir='ltr'>δήλην</span> <span class='ocrx_word' id='word_1_419' title='bbox 1046 3083 1189 3155; x_wconf 75' lang='grc' dir='ltr'><strong>αύτῷ</strong></span> <span class='ocrx_word' id='word_1_420' title='bbox 1215 3081 1315 3148; x_wconf 75' lang='grc' dir='ltr'>τὴν</span> <span class='ocrx_word' id='word_1_421' title='bbox 1344 3080 1488 3136; x_wconf 87' lang='grc' dir='ltr'>θείαν</span> <span class='ocrx_word' id='word_1_422' title='bbox 1531 3078 1653 3154; x_wconf 78' lang='grc' dir='ltr'>ὄψιν</span> <span class='ocrx_word' id='word_1_423' title='bbox 1685 3099 1923 3144; x_wconf 86' lang='grc' dir='ltr'>πεποιη-</span> 
     </span>
    </p>
   </div>
   <div class='ocr_carea' id='block_1_64' title="bbox 2007 3077 3649 3159">
    <p class='ocr_par' dir='ltr' id='par_1_64' title="bbox 2009 3077 3649 3144">
     <span class='ocr_line' id='line_1_64' title="bbox 2009 3077 3649 3144; baseline 0.004 -6"><span class='ocrx_word' id='word_1_424' title='bbox 2009 3077 2380 3140; x_wconf 86' lang='lat' dir='ltr'><strong>carissimam</strong></span> <span class='ocrx_word' id='word_1_425' title='bbox 2405 3077 2931 3140; x_wconf 86' lang='lat' dir='ltr'><strong>animam.Detnde</strong></span> <span class='ocrx_word' id='word_1_426' title='bbox 2952 3097 3086 3140; x_wconf 91' lang='lat' dir='ltr'><strong>cum</strong></span> <span class='ocrx_word' id='word_1_427' title='bbox 3108 3081 3162 3142; x_wconf 90' lang='lat' dir='ltr'><strong>ei</strong></span> <span class='ocrx_word' id='word_1_428' title='bbox 3185 3080 3364 3142; x_wconf 90' lang='lat' dir='ltr'><strong>etiam</strong></span> <span class='ocrx_word' id='word_1_429' title='bbox 3387 3080 3649 3144; x_wconf 88' lang='lat' dir='ltr'><strong>divinam</strong></span> 
     </span>
    </p>
   </div>
   <div class='ocr_carea' id='block_1_65' title="bbox 290 3159 1923 3255">
    <p class='ocr_par' dir='ltr' id='par_1_65' title="bbox 290 3168 1923 3255">
     <span class='ocr_line' id='line_1_65' title="bbox 290 3168 1923 3255; baseline -0.006 -23"><span class='ocrx_word' id='word_1_430' title='bbox 290 3175 474 3255; x_wconf 80' lang='grc' dir='ltr'>κότος,</span> <span class='ocrx_word' id='word_1_431' title='bbox 534 3177 750 3251; x_wconf 69' lang='grc' dir='ltr'>ἐπείπερ</span> <span class='ocrx_word' id='word_1_432' title='bbox 809 3174 1046 3252; x_wconf 77' lang='grc' dir='ltr'>ἔγνωστο</span> <span class='ocrx_word' id='word_1_433' title='bbox 1103 3177 1180 3244; x_wconf 87' lang='grc' dir='ltr'>τῷ</span> <span class='ocrx_word' id='word_1_434' title='bbox 1231 3170 1474 3247; x_wconf 74' lang='grc' dir='ltr'>μεγάλῳ,</span> <span class='ocrx_word' id='word_1_435' title='bbox 1529 3175 1662 3227; x_wconf 83' lang='grc' dir='ltr'>Θεοῦ</span> <span class='ocrx_word' id='word_1_436' title='bbox 1709 3168 1923 3240; x_wconf 87' lang='grc' dir='ltr'>νεύματι</span> 
     </span>
    </p>
   </div>
   <div class='ocr_carea' id='block_1_66' title="bbox 2007 3159 3653 3255">
    <p class='ocr_par' dir='ltr' id='par_1_66' title="bbox 2010 3167 3653 3250">
     <span class='ocr_line' id='line_1_66' title="bbox 2010 3167 3653 3250; baseline 0.002 -22"><span class='ocrx_word' id='word_1_437' title='bbox 2010 3168 2349 3246; x_wconf 87' lang='lat' dir='ltr'><strong>aperuisset</strong></span> <span class='ocrx_word' id='word_1_438' title='bbox 2394 3167 2710 3241; x_wconf 85' lang='lat' dir='ltr'><strong>visionem,</strong></span> <span class='ocrx_word' id='word_1_439' title='bbox 2761 3168 3040 3248; x_wconf 88' lang='lat' dir='ltr'><strong>quoniam</strong></span> <span class='ocrx_word' id='word_1_440' title='bbox 3083 3176 3372 3230; x_wconf 89' lang='lat' dir='ltr'><strong>statuerat</strong></span> <span class='ocrx_word' id='word_1_441' title='bbox 3403 3187 3653 3250; x_wconf 87' lang='lat' dir='ltr'><strong>magnus</strong></span> 
     </span>
    </p>
   </div>
   <div class='ocr_carea' id='block_1_67' title="bbox 291 3255 1923 3344">
    <p class='ocr_par' dir='ltr' id='par_1_67' title="bbox 291 3255 1923 3344">
     <span class='ocr_line' id='line_1_67' title="bbox 291 3255 1923 3344; baseline -0.007 -23"><span class='ocrx_word' id='word_1_442' title='bbox 291 3267 353 3321; x_wconf 79' lang='grc' dir='ltr'><strong>τὸ</strong></span> <span class='ocrx_word' id='word_1_443' title='bbox 381 3267 631 3344; x_wconf 82' lang='grc' dir='ltr'>παράπαν</span> <span class='ocrx_word' id='word_1_444' title='bbox 661 3268 738 3337; x_wconf 68' lang='grc' dir='ltr'>μὴ</span> <span class='ocrx_word' id='word_1_445' title='bbox 795 3263 1120 3337; x_wconf 80' lang='grc' dir='ltr'>ἀντιλέγειν,</span> <span class='ocrx_word' id='word_1_446' title='bbox 1156 3259 1333 3320; x_wconf 76' lang='grc' dir='ltr'>ἄλλως</span> <span class='ocrx_word' id='word_1_447' title='bbox 1363 3279 1420 3314; x_wconf 88' lang='grc' dir='ltr'><strong>τε</strong></span> <span class='ocrx_word' id='word_1_448' title='bbox 1451 3259 1550 3326; x_wconf 74' lang='grc' dir='ltr'><strong>τῆς</strong></span> <span class='ocrx_word' id='word_1_449' title='bbox 1579 3258 1720 3320; x_wconf 79' lang='grc' dir='ltr'>θείας</span> <span class='ocrx_word' id='word_1_450' title='bbox 1753 3255 1923 3332; x_wconf 77' lang='grc' dir='ltr'>ὅψεως</span> 
     </span>
    </p>
   </div>
   <div class='ocr_carea' id='block_1_68' title="bbox 2007 3255 3653 3344">
    <p class='ocr_par' dir='ltr' id='par_1_68' title="bbox 2008 3255 3653 3330">
     <span class='ocr_line' id='line_1_68' title="bbox 2008 3255 3653 3330; baseline 0.001 -11"><span class='ocrx_word' id='word_1_451' title='bbox 2008 3255 2273 3319; x_wconf 84' lang='lat' dir='ltr'><strong>Joannes</strong></span> <span class='ocrx_word' id='word_1_452' title='bbox 2303 3255 2762 3330; x_wconf 82' lang='lat' dir='ltr'><strong>sicutdiximus,</strong></span> <span class='ocrx_word' id='word_1_453' title='bbox 2797 3258 2905 3319; x_wconf 90' lang='lat' dir='ltr'><strong>Dei</strong></span> <span class='ocrx_word' id='word_1_454' title='bbox 2928 3257 3102 3318; x_wconf 91' lang='lat' dir='ltr'><strong>nutui</strong></span> <span class='ocrx_word' id='word_1_455' title='bbox 3132 3257 3378 3319; x_wconf 87' lang='lat' dir='ltr'><strong>omnino</strong></span> <span class='ocrx_word' id='word_1_456' title='bbox 3411 3277 3532 3320; x_wconf 91' lang='lat' dir='ltr'><strong>non</strong></span> <span class='ocrx_word' id='word_1_457' title='bbox 3557 3278 3653 3322; x_wconf 83' lang='lat' dir='ltr'><strong>re-</strong></span> 
     </span>
    </p>
   </div>
   <div class='ocr_carea' id='block_1_69' title="bbox 293 3344 1923 3433">
    <p class='ocr_par' dir='ltr' id='par_1_69' title="bbox 293 3344 1923 3433">
     <span class='ocr_line' id='line_1_69' title="bbox 293 3344 1923 3433; baseline -0.007 -21"><span class='ocrx_word' id='word_1_458' title='bbox 293 3354 361 3412; x_wconf 87' lang='grc' dir='ltr'>δι’</span> <span class='ocrx_word' id='word_1_459' title='bbox 420 3354 734 3433; x_wconf 77' lang='grc' dir='ltr'>ἀμφοτέρων</span> <span class='ocrx_word' id='word_1_460' title='bbox 795 3351 1202 3430; x_wconf 81' lang='grc' dir='ltr'>βεϐαιωθείσης,</span> <span class='ocrx_word' id='word_1_461' title='bbox 1265 3346 1412 3412; x_wconf 74' lang='grc' dir='ltr'>ἀξιοῖ</span> <span class='ocrx_word' id='word_1_462' title='bbox 1480 3348 1572 3402; x_wconf 80' lang='grc' dir='ltr'>τὸν</span> <span class='ocrx_word' id='word_1_463' title='bbox 1648 3344 1923 3425; x_wconf 78' lang='grc' dir='ltr'>ἀρχιερέα,</span> 
     </span>
    </p>
   </div>
   <div class='ocr_carea' id='block_1_70' title="bbox 2007 3344 3654 3433">
    <p class='ocr_par' dir='ltr' id='par_1_70' title="bbox 2015 3345 3654 3426">
     <span class='ocr_line' id='line_1_70' title="bbox 2015 3345 3654 3426; baseline 0.004 -21"><span class='ocrx_word' id='word_1_464' title='bbox 2015 3364 2300 3426; x_wconf 86' lang='lat' dir='ltr'><strong>pugnare,</strong></span> <span class='ocrx_word' id='word_1_465' title='bbox 2337 3354 2395 3407; x_wconf 94' lang='lat' dir='ltr'><strong>et</strong></span> <span class='ocrx_word' id='word_1_466' title='bbox 2427 3345 2682 3407; x_wconf 83' lang='lat' dir='ltr'><strong>maxime</strong></span> <span class='ocrx_word' id='word_1_467' title='bbox 2707 3364 2839 3407; x_wconf 88' lang='lat' dir='ltr'><strong>cum</strong></span> <span class='ocrx_word' id='word_1_468' title='bbox 2874 3345 3076 3408; x_wconf 89' lang='lat' dir='ltr'><strong>divina</strong></span> <span class='ocrx_word' id='word_1_469' title='bbox 3106 3347 3256 3408; x_wconf 81' lang='lat' dir='ltr'><strong>visio</strong></span> <span class='ocrx_word' id='word_1_470' title='bbox 3289 3366 3395 3424; x_wconf 91' lang='lat' dir='ltr'><strong>per</strong></span> <span class='ocrx_word' id='word_1_471' title='bbox 3423 3357 3654 3411; x_wconf 83' lang='lat' dir='ltr'><strong>utrum-</strong></span> 
     </span>
    </p>
   </div>
   <div class='ocr_carea' id='block_1_71' title="bbox 289 3433 1923 3525">
    <p class='ocr_par' dir='ltr' id='par_1_71' title="bbox 289 3434 1923 3525">
     <span class='ocr_line' id='line_1_71' title="bbox 289 3434 1923 3525; baseline -0.007 -21"><span class='ocrx_word' id='word_1_472' title='bbox 289 3449 387 3514; x_wconf 72' lang='grc' dir='ltr'>τὴν</span> <span class='ocrx_word' id='word_1_473' title='bbox 444 3448 589 3525; x_wconf 72' lang='grc' dir='ltr'>ἱερὰν</span> <span class='ocrx_word' id='word_1_474' title='bbox 639 3445 1018 3521; x_wconf 79' lang='grc' dir='ltr'>μυσταγωγίαν</span> <span class='ocrx_word' id='word_1_475' title='bbox 1080 3441 1236 3496; x_wconf 73' lang='grc' dir='ltr'>αὗτὸν</span> <span class='ocrx_word' id='word_1_476' title='bbox 1295 3440 1512 3495; x_wconf 74' lang='grc' dir='ltr'>ἀκεῖνον</span> <span class='ocrx_word' id='word_1_477' title='bbox 1586 3434 1706 3493; x_wconf 84' lang='grc' dir='ltr'>κατ’</span> <span class='ocrx_word' id='word_1_478' title='bbox 1767 3437 1923 3503; x_wconf 73' lang='grc' dir='ltr'>αὒτὴν</span> 
     </span>
    </p>
   </div>
   <div class='ocr_carea' id='block_1_72' title="bbox 2007 3433 3654 3525">
    <p class='ocr_par' dir='ltr' id='par_1_72' title="bbox 2015 3433 3654 3525">
     <span class='ocr_line' id='line_1_72' title="bbox 2015 3433 3654 3525; baseline 0.003 -31"><span class='ocrx_word' id='word_1_479' title='bbox 2015 3454 2130 3515; x_wconf 86' lang='lat' dir='ltr'><strong>que</strong></span> <span class='ocrx_word' id='word_1_480' title='bbox 2162 3435 2370 3525; x_wconf 79' lang='lat' dir='ltr'><strong>fuisset</strong></span> <span class='ocrx_word' id='word_1_481' title='bbox 2397 3435 2952 3525; x_wconf 77' lang='lat' dir='ltr'><strong>confirmata,rogat</strong></span> <span class='ocrx_word' id='word_1_482' title='bbox 2982 3433 3152 3495; x_wconf 84' lang='lat' dir='ltr'><strong>illum</strong></span> <span class='ocrx_word' id='word_1_483' title='bbox 3177 3434 3371 3513; x_wconf 79' lang='lat' dir='ltr'><strong>ipsum</strong></span> <span class='ocrx_word' id='word_1_484' title='bbox 3409 3439 3654 3516; x_wconf 84' lang='lat' dir='ltr'><strong>pontifi-</strong></span> 
     </span>
    </p>
   </div>
   <div class='ocr_carea' id='block_1_73' title="bbox 291 3522 1923 3612">
    <p class='ocr_par' dir='ltr' id='par_1_73' title="bbox 291 3522 1923 3612">
     <span class='ocr_line' id='line_1_73' title="bbox 291 3522 1923 3612; baseline -0.008 -18"><span class='ocrx_word' id='word_1_485' title='bbox 291 3522 564 3594; x_wconf 75' lang='grc' dir='ltr'>ἐκτελέσαι</span> <span class='ocrx_word' id='word_1_486' title='bbox 649 3535 750 3602; x_wconf 82' lang='grc' dir='ltr'><strong>τὴν</strong></span> <span class='ocrx_word' id='word_1_487' title='bbox 823 3533 1052 3612; x_wconf 75' lang='grc' dir='ltr'>ἡμέραν,</span> <span class='ocrx_word' id='word_1_488' title='bbox 1143 3529 1224 3608; x_wconf 73' lang='grc' dir='ltr'>ἐφ’</span> <span class='ocrx_word' id='word_1_489' title='bbox 1301 3530 1346 3604; x_wconf 85' lang='grc' dir='ltr'>ᾦ</span> <span class='ocrx_word' id='word_1_490' title='bbox 1424 3531 1528 3584; x_wconf 87' lang='grc' dir='ltr'><strong>τῶν</strong></span> <span class='ocrx_word' id='word_1_491' title='bbox 1587 3528 1923 3602; x_wconf 65' lang='grc' dir='ltr'>ἀγιασμάτωι</span> 
     </span>
    </p>
   </div>
   <div class='ocr_carea' id='block_1_74' title="bbox 2007 3522 3654 3612">
    <p class='ocr_par' dir='ltr' id='par_1_74' title="bbox 2017 3522 3654 3605">
     <span class='ocr_line' id='line_1_74' title="bbox 2017 3522 3654 3605; baseline 0.002 -19"><span class='ocrx_word' id='word_1_492' title='bbox 2017 3542 2174 3592; x_wconf 92' lang='lat' dir='ltr'><strong>cem,</strong></span> <span class='ocrx_word' id='word_1_493' title='bbox 2213 3531 2278 3583; x_wconf 88' lang='lat' dir='ltr'><strong>ut</strong></span> <span class='ocrx_word' id='word_1_494' title='bbox 2311 3522 2415 3584; x_wconf 92' lang='lat' dir='ltr'><strong>illo</strong></span> <span class='ocrx_word' id='word_1_495' title='bbox 2447 3523 2578 3601; x_wconf 91' lang='lat' dir='ltr'><strong>ipso</strong></span> <span class='ocrx_word' id='word_1_496' title='bbox 2609 3523 2708 3584; x_wconf 89' lang='lat' dir='ltr'><strong>die</strong></span> <span class='ocrx_word' id='word_1_497' title='bbox 2739 3541 2974 3584; x_wconf 88' lang='lat' dir='ltr'><strong>sacrum</strong></span> <span class='ocrx_word' id='word_1_498' title='bbox 3009 3531 3252 3602; x_wconf 78' lang='lat' dir='ltr'><strong>peragat</strong></span> <span class='ocrx_word' id='word_1_499' title='bbox 3281 3527 3654 3605; x_wconf 70' lang='lat' dir='ltr'><strong>mysterium,</strong></span> 
     </span>
    </p>
   </div>
   <div class='ocr_carea' id='block_1_75' title="bbox 291 3613 1932 3702">
    <p class='ocr_par' dir='ltr' id='par_1_75' title="bbox 291 3613 1932 3702">
     <span class='ocr_line' id='line_1_75' title="bbox 291 3613 1932 3702; baseline -0.01 -17"><span class='ocrx_word' id='word_1_500' title='bbox 291 3627 529 3688; x_wconf 73' lang='grc' dir='ltr'>ἅπαντας</span> <span class='ocrx_word' id='word_1_501' title='bbox 576 3636 903 3702; x_wconf 78' lang='grc' dir='ltr'>μετασχεῖν,</span> <span class='ocrx_word' id='word_1_502' title='bbox 954 3621 1041 3676; x_wconf 81' lang='grc' dir='ltr'>καὶ</span> <span class='ocrx_word' id='word_1_503' title='bbox 1091 3625 1211 3681; x_wconf 57' lang='grc' dir='ltr'>τοὺς</span> <span class='ocrx_word' id='word_1_504' title='bbox 1256 3618 1356 3684; x_wconf 73' lang='grc' dir='ltr'>τὴν</span> <span class='ocrx_word' id='word_1_505' title='bbox 1403 3613 1650 3695; x_wconf 59' lang='grc' dir='ltr'>φροντίδα</span> <span class='ocrx_word' id='word_1_506' title='bbox 1692 3613 1932 3680; x_wconf 77' lang='grc' dir='ltr'>διαδεξα-</span> 
     </span>
    </p>
   </div>
   <div class='ocr_carea' id='block_1_76' title="bbox 293 3703 1934 3791">
    <p class='ocr_par' dir='ltr' id='par_1_76' title="bbox 293 3703 1934 3791">
     <span class='ocr_line' id='line_1_76' title="bbox 293 3703 1934 3791; baseline -0.008 -20"><span class='ocrx_word' id='word_1_507' title='bbox 293 3715 478 3790; x_wconf 82' lang='grc' dir='ltr'>μένους</span> <span class='ocrx_word' id='word_1_508' title='bbox 521 3716 628 3770; x_wconf 62' lang='grc' dir='ltr'><strong>τῶν</strong></span> <span class='ocrx_word' id='word_1_509' title='bbox 680 3710 918 3791; x_wconf 72' lang='grc' dir='ltr'>ἀδελφῶν</span> <span class='ocrx_word' id='word_1_510' title='bbox 977 3714 1076 3776; x_wconf 79' lang='grc' dir='ltr'>τῆς</span> <span class='ocrx_word' id='word_1_511' title='bbox 1135 3706 1261 3784; x_wconf 89' lang='grc' dir='ltr'>παρ’</span> <span class='ocrx_word' id='word_1_512' title='bbox 1305 3710 1463 3766; x_wconf 71' lang='grc' dir='ltr'>αὒτοῦ</span> <span class='ocrx_word' id='word_1_513' title='bbox 1507 3704 1752 3782; x_wconf 67' lang='grc' dir='ltr'>εὐλογίας</span> <span class='ocrx_word' id='word_1_514' title='bbox 1809 3703 1934 3760; x_wconf 83' lang='grc' dir='ltr'>ἐπι-</span> 
     </span>
    </p>
   </div>
   <div class='ocr_carea' id='block_1_77' title="bbox 293 3793 1934 3883">
    <p class='ocr_par' dir='ltr' id='par_1_77' title="bbox 293 3793 1934 3883">
     <span class='ocr_line' id='line_1_77' title="bbox 293 3793 1934 3883; baseline -0.009 -21"><span class='ocrx_word' id='word_1_515' title='bbox 293 3816 505 3883; x_wconf 78' lang='grc' dir='ltr'>τυχεῖν.</span> <span class='ocrx_word' id='word_1_516' title='bbox 572 3802 715 3858; x_wconf 82' lang='grc' dir='ltr'><strong>Μετᾶ</strong></span> <span class='ocrx_word' id='word_1_517' title='bbox 759 3800 813 3856; x_wconf 72' lang='grc' dir='ltr'><strong>δὲ</strong></span> <span class='ocrx_word' id='word_1_518' title='bbox 857 3799 1022 3855; x_wconf 78' lang='grc' dir='ltr'>ταύτά</span> <span class='ocrx_word' id='word_1_519' title='bbox 1064 3819 1248 3876; x_wconf 73' lang='grc' dir='ltr'>φησιν,</span> <span class='ocrx_word' id='word_1_520' title='bbox 1305 3795 1415 3862; x_wconf 80' lang='grc' dir='ltr'>ὅπη</span> <span class='ocrx_word' id='word_1_521' title='bbox 1465 3801 1544 3868; x_wconf 85' lang='grc' dir='ltr'>τῷ</span> <span class='ocrx_word' id='word_1_522' title='bbox 1598 3801 1712 3868; x_wconf 84' lang='grc' dir='ltr'>Θεῷ</span> <span class='ocrx_word' id='word_1_523' title='bbox 1755 3793 1934 3883; x_wconf 73' lang='grc' dir='ltr'>φίλον,</span> 
     </span>
    </p>
   </div>
   <div class='ocr_carea' id='block_1_78' title="bbox 297 3881 1938 3968">
    <p class='ocr_par' dir='ltr' id='par_1_78' title="bbox 297 3881 1938 3968">
     <span class='ocr_line' id='line_1_78' title="bbox 297 3881 1938 3968; baseline -0.009 -19"><span class='ocrx_word' id='word_1_524' title='bbox 297 3881 576 3966; x_wconf 81' lang='grc' dir='ltr'>προθύμως</span> <span class='ocrx_word' id='word_1_525' title='bbox 645 3889 796 3968; x_wconf 73' lang='grc' dir='ltr'>’ἐχειν</span> <span class='ocrx_word' id='word_1_526' title='bbox 853 3885 1192 3943; x_wconf 73' lang='grc' dir='ltr'>ἄκολουθετν.</span> <span class='ocrx_word' id='word_1_527' title='bbox 1257 3883 1508 3961; x_wconf 81' lang='grc' dir='ltr'>Ἐγένετο</span> <span class='ocrx_word' id='word_1_528' title='bbox 1568 3891 1734 3940; x_wconf 79' lang='grc' dir='ltr'>ταῦτα</span> <span class='ocrx_word' id='word_1_529' title='bbox 1771 3897 1785 3910; x_wconf 85' lang='grc'><strong><em>⁸</em></strong></span> <span class='ocrx_word' id='word_1_530' title='bbox 1847 3881 1938 3937; x_wconf 83' lang='grc' dir='ltr'>καὶ</span> 
     </span>
    </p>
   </div>
   <div class='ocr_carea' id='block_1_79' title="bbox 296 3970 1935 4056">
    <p class='ocr_par' dir='ltr' id='par_1_79' title="bbox 296 3970 1935 4056">
     <span class='ocr_line' id='line_1_79' title="bbox 296 3970 1935 4056; baseline -0.007 -19"><span class='ocrx_word' id='word_1_531' title='bbox 296 3984 362 4055; x_wconf 78' lang='grc' dir='ltr'><strong>τῇ</strong></span> <span class='ocrx_word' id='word_1_532' title='bbox 414 3981 535 4045; x_wconf 77' lang='grc' dir='ltr'><strong>ἑξῆς</strong></span> <span class='ocrx_word' id='word_1_533' title='bbox 592 3985 668 4052; x_wconf 84' lang='grc' dir='ltr'>τῷ</span> <span class='ocrx_word' id='word_1_534' title='bbox 719 3977 949 4056; x_wconf 76' lang='grc' dir='ltr'>ἱεράρχη</span> <span class='ocrx_word' id='word_1_535' title='bbox 1010 3973 1305 4050; x_wconf 78' lang='grc' dir='ltr'>μέλλοντος</span> <span class='ocrx_word' id='word_1_536' title='bbox 1364 3971 1788 4050; x_wconf 76' lang='grc' dir='ltr'>συναποδημεῖν,</span> <span class='ocrx_word' id='word_1_537' title='bbox 1848 3970 1935 4048; x_wconf 81' lang='grc' dir='ltr'>γί-</span> 
     </span>
    </p>
   </div>
   <div class='ocr_carea' id='block_1_80' title="bbox 297 4059 1939 4147">
    <p class='ocr_par' dir='ltr' id='par_1_80' title="bbox 297 4059 1939 4147">
     <span class='ocr_line' id='line_1_80' title="bbox 297 4059 1939 4147; baseline -0.008 -21"><span class='ocrx_word' id='word_1_538' title='bbox 297 4071 439 4127; x_wconf 87' lang='grc' dir='ltr'>νεταί</span> <span class='ocrx_word' id='word_1_539' title='bbox 468 4092 520 4126; x_wconf 88' lang='grc' dir='ltr'><strong>τι</strong></span> <span class='ocrx_word' id='word_1_540' title='bbox 550 4075 770 4147; x_wconf 75' lang='grc' dir='ltr'>πρᾶγμα</span> <span class='ocrx_word' id='word_1_541' title='bbox 799 4065 1033 4143; x_wconf 78' lang='grc' dir='ltr'>δακρύων</span> <span class='ocrx_word' id='word_1_542' title='bbox 1067 4065 1138 4128; x_wconf 81' lang='grc' dir='ltr'>ὡς</span> <span class='ocrx_word' id='word_1_543' title='bbox 1186 4061 1397 4130; x_wconf 82' lang='grc' dir='ltr'>ἀληθῶς</span> <span class='ocrx_word' id='word_1_544' title='bbox 1458 4060 1624 4126; x_wconf 70' lang='grc' dir='ltr'>ἄξιον,</span> <span class='ocrx_word' id='word_1_545' title='bbox 1672 4059 1939 4139; x_wconf 77' lang='grc' dir='ltr'>(Μνήμης</span> 
     </span>
    </p>
   </div>
   <div class='ocr_carea' id='block_1_81' title="bbox 296 4150 1937 4232">
    <p class='ocr_par' dir='ltr' id='par_1_81' title="bbox 296 4150 1937 4232">
     <span class='ocr_line' id='line_1_81' title="bbox 296 4150 1937 4232; baseline -0.007 -17"><span class='ocrx_word' id='word_1_546' title='bbox 296 4159 604 4232; x_wconf 75' lang='grc' dir='ltr'>ἀξιούμενον</span> <span class='ocrx_word' id='word_1_547' title='bbox 659 4157 748 4212; x_wconf 89' lang='grc' dir='ltr'>καὶ</span> <span class='ocrx_word' id='word_1_548' title='bbox 817 4156 983 4227; x_wconf 82' lang='grc' dir='ltr'>ζημία</span> <span class='ocrx_word' id='word_1_549' title='bbox 1041 4165 1162 4216; x_wconf 79' lang='grc' dir='ltr'>ταῖς</span> <span class='ocrx_word' id='word_1_550' title='bbox 1246 4150 1766 4232; x_wconf 73' lang='grc' dir='ltr'>φιλανθρωποτέραις</span> <span class='ocrx_word' id='word_1_551' title='bbox 1827 4153 1937 4224; x_wconf 82' lang='grc' dir='ltr'>ψυ-</span> 
     </span>
    </p>
   </div>
   <div class='ocr_carea' id='block_1_82' title="bbox 2017 3611 3658 3697">
    <p class='ocr_par' dir='ltr' id='par_1_82' title="bbox 2017 3611 3658 3697">
     <span class='ocr_line' id='line_1_82' title="bbox 2017 3611 3658 3697; baseline 0.002 -23"><span class='ocrx_word' id='word_1_552' title='bbox 2017 3621 2080 3674; x_wconf 83' lang='grc' dir='ltr'><strong>ιιι</strong></span> <span class='ocrx_word' id='word_1_553' title='bbox 2101 3613 2223 3673; x_wconf 91' lang='lat' dir='ltr'><strong>sint</strong></span> <span class='ocrx_word' id='word_1_554' title='bbox 2243 3631 2453 3674; x_wconf 92' lang='lat' dir='ltr'><strong>omnes</strong></span> <span class='ocrx_word' id='word_1_555' title='bbox 2476 3613 2800 3694; x_wconf 89' lang='lat' dir='ltr'><strong>participes</strong></span> <span class='ocrx_word' id='word_1_556' title='bbox 2821 3611 3354 3696; x_wconf 84' lang='lat' dir='ltr'><strong>sanctificatorum,</strong></span> <span class='ocrx_word' id='word_1_557' title='bbox 3378 3622 3443 3678; x_wconf 87' lang='lat' dir='ltr'><strong>et</strong></span> <span class='ocrx_word' id='word_1_558' title='bbox 3461 3614 3530 3691; x_wconf 88' lang='lat' dir='ltr'><strong>ii,</strong></span> <span class='ocrx_word' id='word_1_559' title='bbox 3555 3617 3658 3697; x_wconf 87' lang='lat' dir='ltr'><strong>qni</strong></span> 
     </span>
    </p>
   </div>
   <div class='ocr_carea' id='block_1_83' title="bbox 2019 3703 3660 3786">
    <p class='ocr_par' dir='ltr' id='par_1_83' title="bbox 2019 3703 3660 3786">
     <span class='ocr_line' id='line_1_83' title="bbox 2019 3703 3660 3786; baseline 0.002 -22"><span class='ocrx_word' id='word_1_560' title='bbox 2019 3703 2268 3764; x_wconf 77' lang='lat' dir='ltr'><strong>fratrum</strong></span> <span class='ocrx_word' id='word_1_561' title='bbox 2307 3720 2512 3786; x_wconf 82' lang='lat' dir='ltr'><strong>curam</strong></span> <span class='ocrx_word' id='word_1_562' title='bbox 2557 3711 2979 3782; x_wconf 90' lang='lat' dir='ltr'><strong>susceperunt,</strong></span> <span class='ocrx_word' id='word_1_563' title='bbox 3013 3713 3463 3784; x_wconf 85' lang='lat' dir='ltr'><strong>consequantur</strong></span> <span class='ocrx_word' id='word_1_564' title='bbox 3492 3705 3660 3768; x_wconf 88' lang='lat' dir='ltr'><strong>illius</strong></span> 
     </span>
    </p>
   </div>
   <div class='ocr_carea' id='block_1_84' title="bbox 2019 3791 3661 3876">
    <p class='ocr_par' dir='ltr' id='par_1_84' title="bbox 2019 3791 3661 3876">
     <span class='ocr_line' id='line_1_84' title="bbox 2019 3791 3661 3876; baseline 0.003 -22"><span class='ocrx_word' id='word_1_565' title='bbox 2019 3791 2530 3855; x_wconf 86' lang='lat' dir='ltr'><strong>benedictionem.</strong></span> <span class='ocrx_word' id='word_1_566' title='bbox 2569 3793 2708 3855; x_wconf 88' lang='lat' dir='ltr'><strong>Post</strong></span> <span class='ocrx_word' id='word_1_567' title='bbox 2737 3793 2862 3854; x_wconf 69' lang='lat' dir='ltr'><strong>hazc</strong></span> <span class='ocrx_word' id='word_1_568' title='bbox 2881 3800 3102 3862; x_wconf 86' lang='lat' dir='ltr'><strong>autem,</strong></span> <span class='ocrx_word' id='word_1_569' title='bbox 3136 3795 3353 3876; x_wconf 88' lang='lat' dir='ltr'><strong>inquit,</strong></span> <span class='ocrx_word' id='word_1_570' title='bbox 3388 3814 3504 3875; x_wconf 88' lang='lat' dir='ltr'><strong>quo</strong></span> <span class='ocrx_word' id='word_1_571' title='bbox 3535 3798 3661 3859; x_wconf 91' lang='lat' dir='ltr'><strong>Deo</strong></span> 
     </span>
    </p>
   </div>
   <div class='ocr_carea' id='block_1_85' title="bbox 2018 3881 3664 3963">
    <p class='ocr_par' dir='ltr' id='par_1_85' title="bbox 2018 3881 3664 3963">
     <span class='ocr_line' id='line_1_85' title="bbox 2018 3881 3664 3963; baseline 0.003 -22"><span class='ocrx_word' id='word_1_572' title='bbox 2018 3887 2207 3943; x_wconf 76' lang='lat' dir='ltr'><strong>visum</strong></span> <span class='ocrx_word' id='word_1_573' title='bbox 2254 3890 2364 3954; x_wconf 90' lang='lat' dir='ltr'><strong>est,</strong></span> <span class='ocrx_word' id='word_1_574' title='bbox 2401 3899 2621 3962; x_wconf 74' lang='lat' dir='ltr'><strong>sequar</strong></span> <span class='ocrx_word' id='word_1_575' title='bbox 2665 3881 2797 3961; x_wconf 90' lang='lat' dir='ltr'><strong>ipse</strong></span> <span class='ocrx_word' id='word_1_576' title='bbox 2833 3900 3074 3963; x_wconf 89' lang='lat' dir='ltr'><strong>quoque</strong></span> <span class='ocrx_word' id='word_1_577' title='bbox 3097 3893 3374 3963; x_wconf 86' lang='lat' dir='ltr'><strong>prompto</strong></span> <span class='ocrx_word' id='word_1_578' title='bbox 3396 3884 3664 3948; x_wconf 86' lang='lat' dir='ltr'><strong>etalacri</strong></span> 
     </span>
    </p>
   </div>
   <div class='ocr_carea' id='block_1_86' title="bbox 2019 3971 3667 4053">
    <p class='ocr_par' dir='ltr' id='par_1_86' title="bbox 2019 3971 3667 4053">
     <span class='ocr_line' id='line_1_86' title="bbox 2019 3971 3667 4053; baseline 0.001 -19"><span class='ocrx_word' id='word_1_579' title='bbox 2019 3971 2244 4034; x_wconf 86' lang='lat' dir='ltr'><strong>animo.</strong></span> <span class='ocrx_word' id='word_1_580' title='bbox 2281 3971 2460 4033; x_wconf 79' lang='lat' dir='ltr'><strong>Facta</strong></span> <span class='ocrx_word' id='word_1_581' title='bbox 2499 3979 2639 4032; x_wconf 92' lang='lat' dir='ltr'><strong>sunt</strong></span> <span class='ocrx_word' id='word_1_582' title='bbox 2662 3971 2812 4047; x_wconf 62' lang='lat' dir='ltr'><strong>haec,</strong></span> <span class='ocrx_word' id='word_1_583' title='bbox 2848 3979 3058 4034; x_wconf 90' lang='lat' dir='ltr'><strong>etcum</strong></span> <span class='ocrx_word' id='word_1_584' title='bbox 3079 3973 3359 4053; x_wconf 87' lang='lat' dir='ltr'><strong>sequenti</strong></span> <span class='ocrx_word' id='word_1_585' title='bbox 3382 3973 3480 4036; x_wconf 91' lang='lat' dir='ltr'><strong>die</strong></span> <span class='ocrx_word' id='word_1_586' title='bbox 3504 3982 3667 4036; x_wconf 81' lang='lat' dir='ltr'><strong>esset</strong></span> 
     </span>
    </p>
   </div>
   <div class='ocr_carea' id='block_1_87' title="bbox 2021 4059 3667 4143">
    <p class='ocr_par' dir='ltr' id='par_1_87' title="bbox 2021 4059 3667 4143">
     <span class='ocr_line' id='line_1_87' title="bbox 2021 4059 3667 4143; baseline 0.004 -23"><span class='ocrx_word' id='word_1_587' title='bbox 2021 4059 2292 4121; x_wconf 89' lang='lat' dir='ltr'><strong>abiturus</strong></span> <span class='ocrx_word' id='word_1_588' title='bbox 2323 4059 2499 4121; x_wconf 89' lang='lat' dir='ltr'><strong>simul</strong></span> <span class='ocrx_word' id='word_1_589' title='bbox 2533 4079 2666 4121; x_wconf 92' lang='lat' dir='ltr'><strong>cum</strong></span> <span class='ocrx_word' id='word_1_590' title='bbox 2703 4060 3003 4141; x_wconf 81' lang='lat' dir='ltr'><strong>pontifice,</strong></span> <span class='ocrx_word' id='word_1_591' title='bbox 3042 4063 3104 4123; x_wconf 81' lang='lat' dir='ltr'><strong>ﬁt</strong></span> <span class='ocrx_word' id='word_1_592' title='bbox 3135 4080 3234 4123; x_wconf 90' lang='lat' dir='ltr'><strong>res</strong></span> <span class='ocrx_word' id='word_1_593' title='bbox 3265 4061 3667 4143; x_wconf 78' lang='lat' dir='ltr'><strong>lacrymabilis</strong></span> 
     </span>
    </p>
   </div>
   <div class='ocr_carea' id='block_1_88' title="bbox 2024 4148 3667 4228">
    <p class='ocr_par' dir='ltr' id='par_1_88' title="bbox 2024 4148 3667 4228">
     <span class='ocr_line' id='line_1_88' title="bbox 2024 4148 3667 4228; baseline 0.002 -18"><span class='ocrx_word' id='word_1_594' title='bbox 2024 4148 2136 4228; x_wconf 76' lang='lat' dir='ltr'><strong>piis</strong></span> <span class='ocrx_word' id='word_1_595' title='bbox 2158 4149 2461 4223; x_wconf 87' lang='lat' dir='ltr'><strong>animis,si</strong></span> <span class='ocrx_word' id='word_1_596' title='bbox 2484 4149 2574 4210; x_wconf 92' lang='lat' dir='ltr'><strong>vel</strong></span> <span class='ocrx_word' id='word_1_597' title='bbox 2595 4149 2791 4211; x_wconf 90' lang='lat' dir='ltr'><strong>solum</strong></span> <span class='ocrx_word' id='word_1_598' title='bbox 2814 4149 3118 4214; x_wconf 88' lang='lat' dir='ltr'><strong>audiatur.</strong></span> <span class='ocrx_word' id='word_1_599' title='bbox 3138 4149 3285 4211; x_wconf 89' lang='lat' dir='ltr'><strong>Eum</strong></span> <span class='ocrx_word' id='word_1_600' title='bbox 3312 4151 3667 4214; x_wconf 83' lang='lat' dir='ltr'><strong>circumsis-</strong></span> 
     </span>
    </p>
   </div>
   <div class='ocr_carea' id='block_1_89' title="bbox 299 4237 1923 4326">
    <p class='ocr_par' dir='ltr' id='par_1_89' title="bbox 299 4239 1914 4326">
     <span class='ocr_line' id='line_1_89' title="bbox 299 4239 1914 4326; baseline -0.006 -23"><span class='ocrx_word' id='word_1_601' title='bbox 299 4261 434 4326; x_wconf 76' lang='grc' dir='ltr'>γαῐς</span> <span class='ocrx_word' id='word_1_602' title='bbox 469 4247 551 4302; x_wconf 70' lang='grc' dir='ltr'><strong>καὶ</strong></span> <span class='ocrx_word' id='word_1_603' title='bbox 586 4245 934 4323; x_wconf 70' lang='grc' dir='ltr'>συμπάσχειν</span> <span class='ocrx_word' id='word_1_604' title='bbox 965 4243 1020 4298; x_wconf 90' lang='grc' dir='ltr'><strong>ἐν</strong></span> <span class='ocrx_word' id='word_1_605' title='bbox 1053 4254 1170 4302; x_wconf 77' lang='grc' dir='ltr'>τοῖς</span> <span class='ocrx_word' id='word_1_606' title='bbox 1200 4241 1462 4302; x_wconf 88' lang='grc' dir='ltr'>τοιούτοις</span> <span class='ocrx_word' id='word_1_607' title='bbox 1512 4239 1914 4314; x_wconf 80' lang='grc' dir='ltr'>ἐπισταμέναις.</span> 
     </span>
    </p>
   </div>
   <div class='ocr_carea' id='block_1_90' title="bbox 2007 4237 3670 4326">
    <p class='ocr_par' dir='ltr' id='par_1_90' title="bbox 2025 4237 3670 4320">
     <span class='ocr_line' id='line_1_90' title="bbox 2025 4237 3670 4320; baseline 0.001 -19"><span class='ocrx_word' id='word_1_608' title='bbox 2025 4250 2157 4301; x_wconf 91' lang='lat' dir='ltr'><strong>tens</strong></span> <span class='ocrx_word' id='word_1_609' title='bbox 2183 4237 2495 4300; x_wconf 90' lang='lat' dir='ltr'><strong>universus</strong></span> <span class='ocrx_word' id='word_1_610' title='bbox 2517 4240 2738 4301; x_wconf 86' lang='lat' dir='ltr'><strong>chorus</strong></span> <span class='ocrx_word' id='word_1_611' title='bbox 2763 4240 3197 4302; x_wconf 87' lang='lat' dir='ltr'><strong>monachorum</strong></span> <span class='ocrx_word' id='word_1_612' title='bbox 3226 4238 3480 4320; x_wconf 90' lang='lat' dir='ltr'><strong>perinde</strong></span> <span class='ocrx_word' id='word_1_613' title='bbox 3509 4259 3584 4304; x_wconf 89' lang='lat' dir='ltr'><strong>ac</strong></span> <span class='ocrx_word' id='word_1_614' title='bbox 3617 4242 3670 4303; x_wconf 90' lang='lat' dir='ltr'><strong>si</strong></span> 
     </span>
    </p>
   </div>
   <div class='ocr_carea' id='block_1_91' title="bbox 304 4316 1923 4414">
    <p class='ocr_par' dir='ltr' id='par_1_91' title="bbox 304 4328 1923 4414">
     <span class='ocr_line' id='line_1_91' title="bbox 304 4328 1923 4414; baseline -0.006 -22"><span class='ocrx_word' id='word_1_615' title='bbox 304 4337 648 4414; x_wconf 73' lang='grc' dir='ltr'>Περιστάντες</span> <span class='ocrx_word' id='word_1_616' title='bbox 720 4336 821 4411; x_wconf 79' lang='grc' dir='ltr'>γὰρ</span> <span class='ocrx_word' id='word_1_617' title='bbox 898 4333 1056 4388; x_wconf 73' lang='grc' dir='ltr'>αὖτὸν</span> <span class='ocrx_word' id='word_1_618' title='bbox 1134 4331 1276 4392; x_wconf 74' lang='grc' dir='ltr'>ἅπας</span> <span class='ocrx_word' id='word_1_619' title='bbox 1340 4332 1368 4385; x_wconf 77' lang='grc' dir='ltr'>ὃ</span> <span class='ocrx_word' id='word_1_620' title='bbox 1423 4335 1531 4386; x_wconf 89' lang='grc' dir='ltr'><strong>τῶν</strong></span> <span class='ocrx_word' id='word_1_621' title='bbox 1599 4328 1923 4402; x_wconf 60' lang='grc' dir='ltr'>μοναζόντωε</span> 
     </span>
    </p>
   </div>
   <div class='ocr_carea' id='block_1_92' title="bbox 2007 4316 3666 4414">
    <p class='ocr_par' dir='ltr' id='par_1_92' title="bbox 2023 4316 3666 4408">
     <span class='ocr_line' id='line_1_92' title="bbox 2023 4316 3666 4408; baseline 0.001 -18"><span class='ocrx_word' id='word_1_622' title='bbox 2023 4327 2284 4408; x_wconf 90' lang='lat' dir='ltr'><strong>eo,quod</strong></span> <span class='ocrx_word' id='word_1_623' title='bbox 2309 4327 2411 4389; x_wconf 93' lang='lat' dir='ltr'><strong>ille</strong></span> <span class='ocrx_word' id='word_1_624' title='bbox 2434 4329 2614 4390; x_wconf 90' lang='lat' dir='ltr'><strong>simul</strong></span> <span class='ocrx_word' id='word_1_625' title='bbox 2648 4346 2782 4390; x_wconf 89' lang='lat' dir='ltr'><strong>cum</strong></span> <span class='ocrx_word' id='word_1_626' title='bbox 2818 4330 2906 4391; x_wconf 88' lang='lat' dir='ltr'><strong>eis</strong></span> <span class='ocrx_word' id='word_1_627' title='bbox 2939 4316 3484 4404; x_wconf 82' lang='lat' dir='ltr'><strong>esset,viverent,et</strong></span> <span class='ocrx_word' id='word_1_628' title='bbox 3506 4330 3666 4392; x_wconf 89' lang='lat' dir='ltr'><strong>divi-</strong></span> 
     </span>
    </p>
   </div>
   <div class='ocr_carea' id='block_1_93' title="bbox 301 4417 1923 4506">
    <p class='ocr_par' dir='ltr' id='par_1_93' title="bbox 301 4419 1923 4506">
     <span class='ocr_line' id='line_1_93' title="bbox 301 4419 1923 4506; baseline -0.007 -24"><span class='ocrx_word' id='word_1_629' title='bbox 301 4427 492 4506; x_wconf 75' lang='grc' dir='ltr'>γορὸς,</span> <span class='ocrx_word' id='word_1_630' title='bbox 540 4424 722 4500; x_wconf 80' lang='grc' dir='ltr'>ὥσπερ</span> <span class='ocrx_word' id='word_1_631' title='bbox 785 4427 861 4493; x_wconf 71' lang='grc' dir='ltr'>τῷ</span> <span class='ocrx_word' id='word_1_632' title='bbox 921 4421 1110 4494; x_wconf 88' lang='grc' dir='ltr'>ἐκείνῳ</span> <span class='ocrx_word' id='word_1_633' title='bbox 1167 4431 1406 4475; x_wconf 79' lang='grc' dir='ltr'>συνεῖναι</span> <span class='ocrx_word' id='word_1_634' title='bbox 1464 4423 1684 4488; x_wconf 83' lang='grc' dir='ltr'>ζῶντες,</span> <span class='ocrx_word' id='word_1_635' title='bbox 1743 4419 1832 4472; x_wconf 86' lang='grc' dir='ltr'>καὶ</span> <span class='ocrx_word' id='word_1_636' title='bbox 1873 4422 1923 4492; x_wconf 64' lang='grc' dir='ltr'><strong>τῇ</strong></span> 
     </span>
    </p>
   </div>
   <div class='ocr_carea' id='block_1_94' title="bbox 2007 4417 3667 4506">
    <p class='ocr_par' dir='ltr' id='par_1_94' title="bbox 2022 4417 3667 4498">
     <span class='ocr_line' id='line_1_94' title="bbox 2022 4417 3667 4498; baseline 0.002 -20"><span class='ocrx_word' id='word_1_637' title='bbox 2022 4418 2193 4479; x_wconf 89' lang='lat' dir='ltr'><strong>sione</strong></span> <span class='ocrx_word' id='word_1_638' title='bbox 2213 4417 2391 4480; x_wconf 81' lang='lat' dir='ltr'><strong>simul</strong></span> <span class='ocrx_word' id='word_1_639' title='bbox 2430 4436 2668 4498; x_wconf 86' lang='lat' dir='ltr'><strong>quoque</strong></span> <span class='ocrx_word' id='word_1_640' title='bbox 2701 4430 2902 4480; x_wconf 83' lang='lat' dir='ltr'><strong>essent</strong></span> <span class='ocrx_word' id='word_1_641' title='bbox 2934 4420 3021 4480; x_wconf 90' lang='lat' dir='ltr'><strong>eis</strong></span> <span class='ocrx_word' id='word_1_642' title='bbox 3053 4419 3400 4482; x_wconf 87' lang='lat' dir='ltr'><strong>auferendae</strong></span> <span class='ocrx_word' id='word_1_643' title='bbox 3429 4420 3667 4494; x_wconf 63' lang='lat' dir='ltr'><strong>animm,</strong></span> 
     </span>
    </p>
   </div>
   <div class='ocr_carea' id='block_1_95' title="bbox 303 4496 1923 4592">
    <p class='ocr_par' dir='ltr' id='par_1_95' title="bbox 303 4496 1923 4592">
     <span class='ocr_line' id='line_1_95' title="bbox 303 4496 1923 4592; baseline -0.007 -20"><span class='ocrx_word' id='word_1_644' title='bbox 303 4496 550 4592; x_wconf 53' lang='grc' dir='ltr'>διαιρέσει</span> <span class='ocrx_word' id='word_1_645' title='bbox 609 4513 896 4588; x_wconf 79' lang='grc' dir='ltr'>μέλλοντες</span> <span class='ocrx_word' id='word_1_646' title='bbox 954 4512 1392 4589; x_wconf 64' lang='grc' dir='ltr'>συναφαιρεϊσθαι</span> <span class='ocrx_word' id='word_1_647' title='bbox 1447 4508 1533 4564; x_wconf 89' lang='grc' dir='ltr'><strong>καὶ</strong></span> <span class='ocrx_word' id='word_1_648' title='bbox 1589 4509 1681 4572; x_wconf 75' lang='grc' dir='ltr'><strong>τὰς</strong></span> <span class='ocrx_word' id='word_1_649' title='bbox 1729 4507 1923 4585; x_wconf 60' lang='grc' dir='ltr'>ψυχὰς,</span> 
     </span>
    </p>
   </div>
   <div class='ocr_carea' id='block_1_96' title="bbox 2007 4496 3674 4592">
    <p class='ocr_par' dir='ltr' id='par_1_96' title="bbox 2024 4496 3674 4588">
     <span class='ocr_line' id='line_1_96' title="bbox 2024 4496 3674 4588; baseline 0.003 -21"><span class='ocrx_word' id='word_1_650' title='bbox 2024 4506 2126 4588; x_wconf 92' lang='lat' dir='ltr'><strong>qui</strong></span> <span class='ocrx_word' id='word_1_651' title='bbox 2155 4506 2227 4568; x_wconf 88' lang='lat' dir='ltr'><strong>ad</strong></span> <span class='ocrx_word' id='word_1_652' title='bbox 2263 4496 2614 4568; x_wconf 81' lang='lat' dir='ltr'><strong>movendam</strong></span> <span class='ocrx_word' id='word_1_653' title='bbox 2647 4509 3118 4572; x_wconf 87' lang='lat' dir='ltr'><strong>misericordiam</strong></span> <span class='ocrx_word' id='word_1_654' title='bbox 3155 4527 3272 4570; x_wconf 90' lang='lat' dir='ltr'><strong>non</strong></span> <span class='ocrx_word' id='word_1_655' title='bbox 3303 4508 3585 4572; x_wconf 91' lang='lat' dir='ltr'><strong>dicebant</strong></span> <span class='ocrx_word' id='word_1_656' title='bbox 3614 4518 3674 4572; x_wconf 87' lang='lat' dir='ltr'><strong>et</strong></span> 
     </span>
    </p>
   </div>
   <div class='ocr_carea' id='block_1_97' title="bbox 303 4593 1923 4680">
    <p class='ocr_par' dir='ltr' id='par_1_97' title="bbox 303 4593 1923 4680">
     <span class='ocr_line' id='line_1_97' title="bbox 303 4593 1923 4680; baseline -0.007 -18"><span class='ocrx_word' id='word_1_657' title='bbox 303 4609 352 4662; x_wconf 87' lang='grc' dir='ltr'><strong>τί</strong></span> <span class='ocrx_word' id='word_1_658' title='bbox 393 4606 472 4679; x_wconf 79' lang='grc' dir='ltr'>μὴ</span> <span class='ocrx_word' id='word_1_659' title='bbox 527 4606 658 4680; x_wconf 82' lang='grc' dir='ltr'>πρὸς</span> <span class='ocrx_word' id='word_1_660' title='bbox 717 4607 902 4659; x_wconf 78' lang='grc' dir='ltr'>οἶκτον</span> <span class='ocrx_word' id='word_1_661' title='bbox 958 4599 1200 4676; x_wconf 75' lang='grc' dir='ltr'>’έλεγονς</span> <span class='ocrx_word' id='word_1_662' title='bbox 1259 4598 1414 4653; x_wconf 84' lang='grc' dir='ltr'>ποίαν</span> <span class='ocrx_word' id='word_1_663' title='bbox 1454 4598 1660 4675; x_wconf 67' lang='grc' dir='ltr'>θρήνων</span> <span class='ocrx_word' id='word_1_664' title='bbox 1706 4593 1923 4672; x_wconf 77' lang='grc' dir='ltr'>ὑπερϐο-</span> 
     </span>
    </p>
   </div>
   <div class='ocr_carea' id='block_1_98' title="bbox 2007 4593 3672 4680">
    <p class='ocr_par' dir='ltr' id='par_1_98' title="bbox 2027 4595 3672 4669">
     <span class='ocr_line' id='line_1_98' title="bbox 2027 4595 3672 4669; baseline 0.003 -12"><span class='ocrx_word' id='word_1_665' title='bbox 2027 4595 2354 4658; x_wconf 68' lang='lat' dir='ltr'><strong>faciebant?</strong></span> <span class='ocrx_word' id='word_1_666' title='bbox 2372 4596 2557 4669; x_wconf 89' lang='lat' dir='ltr'><strong>Quam</strong></span> <span class='ocrx_word' id='word_1_667' title='bbox 2583 4617 2700 4659; x_wconf 92' lang='lat' dir='ltr'><strong>non</strong></span> <span class='ocrx_word' id='word_1_668' title='bbox 2721 4599 2808 4659; x_wconf 85' lang='lat' dir='ltr'><strong>vel</strong></span> <span class='ocrx_word' id='word_1_669' title='bbox 2833 4616 3128 4661; x_wconf 90' lang='lat' dir='ltr'><strong>summam</strong></span> <span class='ocrx_word' id='word_1_670' title='bbox 3153 4598 3417 4661; x_wconf 88' lang='lat' dir='ltr'><strong>edebant</strong></span> <span class='ocrx_word' id='word_1_671' title='bbox 3437 4599 3672 4663; x_wconf 84' lang='lat' dir='ltr'><strong>lamen-</strong></span> 
     </span>
    </p>
   </div>
   <div class='ocr_carea' id='block_1_99' title="bbox 302 4683 1923 4768">
    <p class='ocr_par' dir='ltr' id='par_1_99' title="bbox 302 4683 1915 4765">
     <span class='ocr_line' id='line_1_99' title="bbox 302 4683 1915 4765; baseline -0.008 -14"><span class='ocrx_word' id='word_1_672' title='bbox 302 4694 402 4761; x_wconf 77' lang='grc' dir='ltr'><strong>λὴν</strong></span> <span class='ocrx_word' id='word_1_673' title='bbox 483 4691 854 4764; x_wconf 82' lang='grc' dir='ltr'>ἀπελίμπανον</span> <span class='ocrx_word' id='word_1_674' title='bbox 893 4737 908 4760; x_wconf 97' lang='grc'><strong>,</strong></span> <span class='ocrx_word' id='word_1_675' title='bbox 981 4687 1254 4765; x_wconf 80' lang='grc' dir='ltr'>περιέψων</span> <span class='ocrx_word' id='word_1_676' title='bbox 1320 4687 1504 4763; x_wconf 75' lang='grc' dir='ltr'>αὒτὸν,</span> <span class='ocrx_word' id='word_1_677' title='bbox 1566 4683 1915 4763; x_wconf 74' lang='grc' dir='ltr'>περιέϐαλλον</span> 
     </span>
    </p>
   </div>
   <div class='ocr_carea' id='block_1_100' title="bbox 2007 4683 3677 4768">
    <p class='ocr_par' dir='ltr' id='par_1_100' title="bbox 2026 4685 3677 4768">
     <span class='ocr_line' id='line_1_100' title="bbox 2026 4685 3677 4768; baseline 0.004 -22"><span class='ocrx_word' id='word_1_678' title='bbox 2026 4685 2316 4747; x_wconf 87' lang='lat' dir='ltr'><strong>tationem</strong></span> <span class='ocrx_word' id='word_1_679' title='bbox 2342 4693 2369 4749; x_wconf 88' lang='lat'><strong>?</strong></span> <span class='ocrx_word' id='word_1_680' title='bbox 2393 4686 2538 4748; x_wconf 84' lang='lat' dir='ltr'><strong>Eum</strong></span> <span class='ocrx_word' id='word_1_681' title='bbox 2570 4686 3574 4768; x_wconf 85' lang='lat' dir='ltr'><strong>demulcebant,amplectebantur,</strong></span> <span class='ocrx_word' id='word_1_682' title='bbox 3609 4706 3677 4752; x_wconf 86' lang='lat' dir='ltr'><strong>se</strong></span> 
     </span>
    </p>
   </div>
   <div class='ocr_carea' id='block_1_101' title="bbox 303 4773 1923 4859">
    <p class='ocr_par' dir='ltr' id='par_1_101' title="bbox 303 4773 1923 4854">
     <span class='ocr_line' id='line_1_101' title="bbox 303 4773 1923 4854; baseline -0.006 -14"><span class='ocrx_word' id='word_1_683' title='bbox 303 4782 520 4845; x_wconf 80' lang='grc' dir='ltr'>ἑαυτοὺς</span> <span class='ocrx_word' id='word_1_684' title='bbox 578 4793 699 4844; x_wconf 77' lang='grc' dir='ltr'>τοῖς</span> <span class='ocrx_word' id='word_1_685' title='bbox 757 4780 944 4836; x_wconf 86' lang='grc' dir='ltr'>τούτου</span> <span class='ocrx_word' id='word_1_686' title='bbox 987 4777 1174 4852; x_wconf 87' lang='grc' dir='ltr'>μέλεσι</span> <span class='ocrx_word' id='word_1_687' title='bbox 1218 4773 1687 4854; x_wconf 71' lang='grc' dir='ltr'>συμπαρέϐαλλον.</span> <span class='ocrx_word' id='word_1_688' title='bbox 1757 4781 1923 4851; x_wconf 78' lang='grc' dir='ltr'>Παρα-</span> 
     </span>
    </p>
   </div>
   <div class='ocr_carea' id='block_1_102' title="bbox 2007 4773 3682 4859">
    <p class='ocr_par' dir='ltr' id='par_1_102' title="bbox 2027 4775 3682 4859">
     <span class='ocr_line' id='line_1_102' title="bbox 2027 4775 3682 4859; baseline 0.002 -22"><span class='ocrx_word' id='word_1_689' title='bbox 2027 4775 2320 4837; x_wconf 87' lang='lat' dir='ltr'><strong>membris</strong></span> <span class='ocrx_word' id='word_1_690' title='bbox 2349 4776 2514 4837; x_wconf 91' lang='lat' dir='ltr'><strong>illius</strong></span> <span class='ocrx_word' id='word_1_691' title='bbox 2544 4776 3266 4859; x_wconf 87' lang='lat' dir='ltr'><strong>implicabant.Desipere</strong></span> <span class='ocrx_word' id='word_1_692' title='bbox 3295 4796 3397 4840; x_wconf 88' lang='lat' dir='ltr'><strong>eos</strong></span> <span class='ocrx_word' id='word_1_693' title='bbox 3421 4777 3682 4840; x_wconf 79' lang='lat' dir='ltr'><strong>faciebat</strong></span> 
     </span>
    </p>
   </div>
   <div class='ocr_carea' id='block_1_103' title="bbox 306 4864 1923 4952">
    <p class='ocr_par' dir='ltr' id='par_1_103' title="bbox 306 4864 1923 4952">
     <span class='ocr_line' id='line_1_103' title="bbox 306 4864 1923 4952; baseline -0.006 -25"><span class='ocrx_word' id='word_1_694' title='bbox 306 4883 518 4952; x_wconf 74' lang='grc' dir='ltr'>φρονεῖν</span> <span class='ocrx_word' id='word_1_695' title='bbox 566 4871 756 4934; x_wconf 69' lang='grc' dir='ltr'>αὐτοὺς</span> <span class='ocrx_word' id='word_1_696' title='bbox 813 4869 982 4925; x_wconf 78' lang='grc' dir='ltr'>ἐποίει</span> <span class='ocrx_word' id='word_1_697' title='bbox 1042 4869 1104 4923; x_wconf 81' lang='grc' dir='ltr'>τὸ</span> <span class='ocrx_word' id='word_1_698' title='bbox 1135 4866 1304 4928; x_wconf 80' lang='grc' dir='ltr'>πάθος</span> <span class='ocrx_word' id='word_1_699' title='bbox 1334 4865 1473 4942; x_wconf 72' lang='grc' dir='ltr'>ἐνὸο,</span> <span class='ocrx_word' id='word_1_700' title='bbox 1507 4867 1735 4942; x_wconf 75' lang='grc' dir='ltr'>ἡγοῦντο</span> <span class='ocrx_word' id='word_1_701' title='bbox 1779 4864 1923 4921; x_wconf 66' lang='lat' dir='ltr'><strong>cusz</strong></span> 
     </span>
    </p>
   </div>
   <div class='ocr_carea' id='block_1_104' title="bbox 2007 4864 3679 4952">
    <p class='ocr_par' dir='ltr' id='par_1_104' title="bbox 2031 4864 3679 4944">
     <span class='ocr_line' id='line_1_104' title="bbox 2031 4864 3679 4944; baseline 0.002 -18"><span class='ocrx_word' id='word_1_702' title='bbox 2031 4864 2212 4926; x_wconf 92' lang='lat' dir='ltr'><strong>animi</strong></span> <span class='ocrx_word' id='word_1_703' title='bbox 2248 4864 2620 4944; x_wconf 87' lang='lat' dir='ltr'><strong>perturbatio</strong></span> <span class='ocrx_word' id='word_1_704' title='bbox 2655 4885 2670 4927; x_wconf 89' lang='lat'><strong>:</strong></span> <span class='ocrx_word' id='word_1_705' title='bbox 2708 4866 3134 4930; x_wconf 86' lang='lat' dir='ltr'><strong>existimabant</strong></span> <span class='ocrx_word' id='word_1_706' title='bbox 3162 4885 3405 4943; x_wconf 85' lang='lat' dir='ltr'><strong>se,cum</strong></span> <span class='ocrx_word' id='word_1_707' title='bbox 3441 4866 3679 4944; x_wconf 90' lang='lat' dir='ltr'><strong>liceret,</strong></span> 
     </span>
    </p>
   </div>
   <div class='ocr_carea' id='block_1_105' title="bbox 307 4951 1923 5036">
    <p class='ocr_par' dir='ltr' id='par_1_105' title="bbox 307 4951 1909 5036">
     <span class='ocr_line' id='line_1_105' title="bbox 307 4951 1909 5036; baseline -0.005 -20"><span class='ocrx_word' id='word_1_708' title='bbox 307 4951 426 5036; x_wconf 65' lang='grc' dir='ltr'>ψειν</span> <span class='ocrx_word' id='word_1_709' title='bbox 481 4962 624 5033; x_wconf 73' lang='grc' dir='ltr'>αὖτῴ</span> <span class='ocrx_word' id='word_1_710' title='bbox 665 4961 752 5016; x_wconf 83' lang='grc' dir='ltr'>καὶ</span> <span class='ocrx_word' id='word_1_711' title='bbox 795 4959 862 5016; x_wconf 70' lang='grc' dir='ltr'>τὰ</span> <span class='ocrx_word' id='word_1_712' title='bbox 905 4957 1152 5031; x_wconf 84' lang='grc' dir='ltr'>σώματα,</span> <span class='ocrx_word' id='word_1_713' title='bbox 1206 4955 1304 5020; x_wconf 73' lang='grc' dir='ltr'>τὴν</span> <span class='ocrx_word' id='word_1_714' title='bbox 1363 4953 1698 5032; x_wconf 64' lang='grc' dir='ltr'>ὑφοστροιρὴν</span> <span class='ocrx_word' id='word_1_715' title='bbox 1729 4951 1909 5029; x_wconf 79' lang='grc' dir='ltr'>ὰπηγό</span> 
     </span>
    </p>
   </div>
   <div class='ocr_carea' id='block_1_106' title="bbox 2007 4951 3684 5036">
    <p class='ocr_par' dir='ltr' id='par_1_106' title="bbox 2028 4952 3684 5036">
     <span class='ocr_line' id='line_1_106' title="bbox 2028 4952 3684 5036; baseline 0.004 -27"><span class='ocrx_word' id='word_1_716' title='bbox 2028 4952 2276 5033; x_wconf 83' lang='lat' dir='ltr'><strong>velipsa</strong></span> <span class='ocrx_word' id='word_1_717' title='bbox 2331 4972 2466 5016; x_wconf 91' lang='lat' dir='ltr'><strong>esse</strong></span> <span class='ocrx_word' id='word_1_718' title='bbox 2517 4973 2774 5035; x_wconf 89' lang='lat' dir='ltr'><strong>corpora</strong></span> <span class='ocrx_word' id='word_1_719' title='bbox 2825 4959 3284 5036; x_wconf 87' lang='lat' dir='ltr'><strong>conjuncturos,</strong></span> <span class='ocrx_word' id='word_1_720' title='bbox 3335 4955 3532 5018; x_wconf 91' lang='lat' dir='ltr'><strong>reditu</strong></span> <span class='ocrx_word' id='word_1_721' title='bbox 3565 4955 3684 5017; x_wconf 89' lang='lat' dir='ltr'><strong>sibi</strong></span> 
     </span>
    </p>
   </div>
   <div class='ocr_carea' id='block_1_107' title="bbox 308 5041 1923 5126">
    <p class='ocr_par' dir='ltr' id='par_1_107' title="bbox 308 5041 1923 5123">
     <span class='ocr_line' id='line_1_107' title="bbox 308 5041 1923 5123; baseline -0.004 -18"><span class='ocrx_word' id='word_1_722' title='bbox 308 5071 478 5123; x_wconf 88' lang='grc' dir='ltr'>ρευον,</span> <span class='ocrx_word' id='word_1_723' title='bbox 525 5051 624 5116; x_wconf 75' lang='grc' dir='ltr'>τὴν</span> <span class='ocrx_word' id='word_1_724' title='bbox 665 5049 860 5123; x_wconf 78' lang='grc' dir='ltr'>μονὴν,</span> <span class='ocrx_word' id='word_1_725' title='bbox 923 5049 994 5106; x_wconf 84' lang='grc' dir='ltr'>ὡς</span> <span class='ocrx_word' id='word_1_726' title='bbox 1030 5044 1226 5120; x_wconf 77' lang='grc' dir='ltr'>μηκέτι</span> <span class='ocrx_word' id='word_1_727' title='bbox 1256 5042 1477 5099; x_wconf 84' lang='grc' dir='ltr'>δυνατὸν</span> <span class='ocrx_word' id='word_1_728' title='bbox 1506 5041 1744 5117; x_wconf 75' lang='grc' dir='ltr'>ὄμμασιν</span> <span class='ocrx_word' id='word_1_729' title='bbox 1777 5043 1923 5121; x_wconf 65' lang='grc' dir='ltr'><strong>ὀνρθῆ</strong></span> 
     </span>
    </p>
   </div>
   <div class='ocr_carea' id='block_1_108' title="bbox 2007 5041 3682 5126">
    <p class='ocr_par' dir='ltr' id='par_1_108' title="bbox 2033 5042 3682 5126">
     <span class='ocr_line' id='line_1_108' title="bbox 2033 5042 3682 5126; baseline 0.002 -22"><span class='ocrx_word' id='word_1_730' title='bbox 2033 5042 2503 5118; x_wconf 86' lang='lat' dir='ltr'><strong>interdicebant,</strong></span> <span class='ocrx_word' id='word_1_731' title='bbox 2541 5043 2852 5124; x_wconf 83' lang='lat' dir='ltr'><strong>fugiebant</strong></span> <span class='ocrx_word' id='word_1_732' title='bbox 2909 5048 3365 5119; x_wconf 89' lang='lat' dir='ltr'><strong>monasterium,</strong></span> <span class='ocrx_word' id='word_1_733' title='bbox 3401 5054 3682 5126; x_wconf 87' lang='lat' dir='ltr'><strong>tanquam</strong></span> 
     </span>
    </p>
   </div>
   <div class='ocr_carea' id='block_1_109' title="bbox 309 5124 1923 5216">
    <p class='ocr_par' dir='ltr' id='par_1_109' title="bbox 309 5124 1923 5212">
     <span class='ocr_line' id='line_1_109' title="bbox 309 5124 1923 5212; baseline -0.004 -19"><span class='ocrx_word' id='word_1_734' title='bbox 309 5161 390 5195; x_wconf 91' lang='grc' dir='ltr'><strong>ναι</strong></span> <span class='ocrx_word' id='word_1_735' title='bbox 449 5139 572 5201; x_wconf 80' lang='grc' dir='ltr'>τοῖς</span> <span class='ocrx_word' id='word_1_736' title='bbox 630 5139 856 5209; x_wconf 76' lang='grc' dir='ltr'>ἑαυτῶν,</span> <span class='ocrx_word' id='word_1_737' title='bbox 913 5131 1316 5212; x_wconf 72' lang='grc' dir='ltr'>ἀπεδίδρασκον,</span> <span class='ocrx_word' id='word_1_738' title='bbox 1379 5124 1470 5197; x_wconf 67' lang='grc' dir='ltr'>Ὠς</span> <span class='ocrx_word' id='word_1_739' title='bbox 1514 5129 1570 5187; x_wconf 75' lang='grc' dir='ltr'><strong>δὲ</strong></span> <span class='ocrx_word' id='word_1_740' title='bbox 1612 5130 1768 5207; x_wconf 80' lang='grc' dir='ltr'>μόλις</span> <span class='ocrx_word' id='word_1_741' title='bbox 1820 5154 1923 5188; x_wconf 89' lang='grc' dir='ltr'><strong>ποτ</strong></span> 
     </span>
    </p>
   </div>
   <div class='ocr_carea' id='block_1_110' title="bbox 2007 5124 3688 5216">
    <p class='ocr_par' dir='ltr' id='par_1_110' title="bbox 2039 5124 3688 5216">
     <span class='ocr_line' id='line_1_110' title="bbox 2039 5124 3688 5216; baseline 0.002 -22"><span class='ocrx_word' id='word_1_742' title='bbox 2039 5132 2170 5194; x_wconf 82' lang='lat' dir='ltr'><strong>fieri</strong></span> <span class='ocrx_word' id='word_1_743' title='bbox 2231 5151 2347 5194; x_wconf 92' lang='lat' dir='ltr'><strong>non</strong></span> <span class='ocrx_word' id='word_1_744' title='bbox 2407 5144 2634 5212; x_wconf 85' lang='lat' dir='ltr'><strong>posset,</strong></span> <span class='ocrx_word' id='word_1_745' title='bbox 2700 5144 2763 5195; x_wconf 91' lang='lat' dir='ltr'><strong>ut</strong></span> <span class='ocrx_word' id='word_1_746' title='bbox 2805 5136 3064 5216; x_wconf 89' lang='lat' dir='ltr'><strong>amplius</strong></span> <span class='ocrx_word' id='word_1_747' title='bbox 3124 5136 3250 5198; x_wconf 91' lang='lat' dir='ltr'><strong>suis</strong></span> <span class='ocrx_word' id='word_1_748' title='bbox 3304 5124 3688 5216; x_wconf 76' lang='lat' dir='ltr'><strong>aspiceretur</strong></span> 
     </span>
    </p>
   </div>
   <div class='ocr_carea' id='block_1_111' title="bbox 309 5219 1923 5306">
    <p class='ocr_par' dir='ltr' id='par_1_111' title="bbox 309 5219 1921 5303">
     <span class='ocr_line' id='line_1_111' title="bbox 309 5219 1921 5303; baseline -0.006 -18"><span class='ocrx_word' id='word_1_749' title='bbox 309 5235 375 5303; x_wconf 77' lang='grc' dir='ltr'>τῇ</span> <span class='ocrx_word' id='word_1_750' title='bbox 420 5233 562 5303; x_wconf 80' lang='grc' dir='ltr'>τομῇ</span> <span class='ocrx_word' id='word_1_751' title='bbox 591 5228 683 5282; x_wconf 81' lang='grc' dir='ltr'>τοῦ</span> <span class='ocrx_word' id='word_1_752' title='bbox 714 5225 900 5302; x_wconf 89' lang='grc' dir='ltr'>λόγου,</span> <span class='ocrx_word' id='word_1_753' title='bbox 937 5223 1022 5278; x_wconf 83' lang='grc' dir='ltr'><strong>καὶ</strong></span> <span class='ocrx_word' id='word_1_754' title='bbox 1058 5232 1208 5280; x_wconf 73' lang='grc' dir='ltr'>ιούεο</span> <span class='ocrx_word' id='word_1_755' title='bbox 1254 5221 1352 5295; x_wconf 74' lang='grc' dir='ltr'>μὲν</span> <span class='ocrx_word' id='word_1_756' title='bbox 1385 5229 1478 5277; x_wconf 73' lang='grc' dir='ltr'><strong>τοῦ</strong></span> <span class='ocrx_word' id='word_1_757' title='bbox 1509 5219 1772 5300; x_wconf 78' lang='grc' dir='ltr'>μεγάλου,</span> <span class='ocrx_word' id='word_1_758' title='bbox 1800 5228 1921 5277; x_wconf 80' lang='grc' dir='ltr'>τοῦτ</span> 
     </span>
    </p>
   </div>
   <div class='ocr_carea' id='block_1_112' title="bbox 2007 5219 3688 5306">
    <p class='ocr_par' dir='ltr' id='par_1_112' title="bbox 2039 5221 3688 5306">
     <span class='ocr_line' id='line_1_112' title="bbox 2039 5221 3688 5306; baseline 0.001 -23"><span class='ocrx_word' id='word_1_759' title='bbox 2039 5221 2253 5285; x_wconf 87' lang='lat' dir='ltr'><strong>oculis.</strong></span> <span class='ocrx_word' id='word_1_760' title='bbox 2289 5221 2434 5284; x_wconf 88' lang='lat' dir='ltr'><strong>Cum</strong></span> <span class='ocrx_word' id='word_1_761' title='bbox 2495 5234 2694 5285; x_wconf 90' lang='lat' dir='ltr'><strong>autem</strong></span> <span class='ocrx_word' id='word_1_762' title='bbox 2727 5234 2971 5288; x_wconf 87' lang='lat' dir='ltr'><strong>secante</strong></span> <span class='ocrx_word' id='word_1_763' title='bbox 3003 5226 3272 5288; x_wconf 86' lang='lat' dir='ltr'><strong>oratione</strong></span> <span class='ocrx_word' id='word_1_764' title='bbox 3307 5225 3516 5306; x_wconf 89' lang='lat' dir='ltr'><strong>partim</strong></span> <span class='ocrx_word' id='word_1_765' title='bbox 3553 5225 3688 5306; x_wconf 88' lang='lat' dir='ltr'><strong>qui-</strong></span> 
     </span>
    </p>
   </div>
   <div class='ocr_carea' id='block_1_113' title="bbox 311 5308 1923 5395">
    <p class='ocr_par' dir='ltr' id='par_1_113' title="bbox 311 5308 1923 5392">
     <span class='ocr_line' id='line_1_113' title="bbox 311 5308 1923 5392; baseline -0.004 -19"><span class='ocrx_word' id='word_1_766' title='bbox 311 5315 364 5373; x_wconf 73' lang='grc' dir='ltr'><strong>δὲ</strong></span> <span class='ocrx_word' id='word_1_767' title='bbox 422 5324 514 5372; x_wconf 84' lang='grc' dir='ltr'>τοῦ</span> <span class='ocrx_word' id='word_1_768' title='bbox 556 5315 852 5392; x_wconf 81' lang='grc' dir='ltr'>ἀρχιερεως</span> <span class='ocrx_word' id='word_1_769' title='bbox 899 5317 1280 5387; x_wconf 73' lang='grc' dir='ltr'>παραινοῦντος</span> <span class='ocrx_word' id='word_1_770' title='bbox 1341 5311 1426 5365; x_wconf 67' lang='grc' dir='ltr'>καῖ</span> <span class='ocrx_word' id='word_1_771' title='bbox 1487 5308 1810 5386; x_wconf 83' lang='grc' dir='ltr'>δριμυτέραν</span> <span class='ocrx_word' id='word_1_772' title='bbox 1856 5333 1923 5367; x_wconf 78' lang='grc' dir='ltr'><strong>πο</strong></span> 
     </span>
    </p>
   </div>
   <div class='ocr_carea' id='block_1_114' title="bbox 2007 5308 3688 5395">
    <p class='ocr_par' dir='ltr' id='par_1_114' title="bbox 2042 5311 3688 5395">
     <span class='ocr_line' id='line_1_114' title="bbox 2042 5311 3688 5395; baseline 0.003 -23"><span class='ocrx_word' id='word_1_773' title='bbox 2042 5311 2180 5372; x_wconf 92' lang='lat' dir='ltr'><strong>dem</strong></span> <span class='ocrx_word' id='word_1_774' title='bbox 2215 5312 2410 5390; x_wconf 86' lang='lat' dir='ltr'><strong>magni</strong></span> <span class='ocrx_word' id='word_1_775' title='bbox 2451 5311 2724 5384; x_wconf 83' lang='lat' dir='ltr'><strong>Joannis,</strong></span> <span class='ocrx_word' id='word_1_776' title='bbox 2759 5316 2974 5393; x_wconf 83' lang='lat' dir='ltr'><strong>partim</strong></span> <span class='ocrx_word' id='word_1_777' title='bbox 3010 5322 3210 5377; x_wconf 87' lang='lat' dir='ltr'><strong>autem</strong></span> <span class='ocrx_word' id='word_1_778' title='bbox 3245 5314 3548 5395; x_wconf 83' lang='lat' dir='ltr'><strong>pontiﬁcis</strong></span> <span class='ocrx_word' id='word_1_779' title='bbox 3576 5314 3688 5377; x_wconf 89' lang='lat' dir='ltr'><strong>ad-</strong></span> 
     </span>
    </p>
   </div>
   <div class='ocr_carea' id='block_1_115' title="bbox 313 5397 1923 5484">
    <p class='ocr_par' dir='ltr' id='par_1_115' title="bbox 313 5397 1922 5478">
     <span class='ocr_line' id='line_1_115' title="bbox 313 5397 1922 5478; baseline -0.004 -18"><span class='ocrx_word' id='word_1_780' title='bbox 313 5409 398 5462; x_wconf 86' lang='grc' dir='ltr'><strong>καὶ</strong></span> <span class='ocrx_word' id='word_1_781' title='bbox 457 5406 556 5471; x_wconf 77' lang='grc' dir='ltr'>τὴν</span> <span class='ocrx_word' id='word_1_782' title='bbox 605 5404 916 5476; x_wconf 55' lang='grc' dir='ltr'>ἐπιτίμησιν</span> <span class='ocrx_word' id='word_1_783' title='bbox 961 5399 1334 5478; x_wconf 74' lang='grc' dir='ltr'>ἐπιφέροντος,</span> <span class='ocrx_word' id='word_1_784' title='bbox 1392 5398 1487 5455; x_wconf 81' lang='grc' dir='ltr'><strong>ἀπ’</strong></span> <span class='ocrx_word' id='word_1_785' title='bbox 1539 5401 1701 5456; x_wconf 73' lang='grc' dir='ltr'><strong>αὖτοῦ</strong></span> <span class='ocrx_word' id='word_1_786' title='bbox 1750 5397 1922 5478; x_wconf 70' lang='grc' dir='ltr'><strong>διερῥά</strong></span> 
     </span>
    </p>
   </div>
   <div class='ocr_carea' id='block_1_116' title="bbox 2007 5397 3692 5484">
    <p class='ocr_par' dir='ltr' id='par_1_116' title="bbox 2047 5401 3692 5484">
     <span class='ocr_line' id='line_1_116' title="bbox 2047 5401 3692 5484; baseline 0.002 -23"><span class='ocrx_word' id='word_1_787' title='bbox 2047 5402 2374 5476; x_wconf 82' lang='lat' dir='ltr'><strong>monentis,</strong></span> <span class='ocrx_word' id='word_1_788' title='bbox 2411 5410 2470 5464; x_wconf 94' lang='lat' dir='ltr'><strong>et</strong></span> <span class='ocrx_word' id='word_1_789' title='bbox 2499 5401 2825 5484; x_wconf 86' lang='lat' dir='ltr'><strong>aliquando</strong></span> <span class='ocrx_word' id='word_1_790' title='bbox 2857 5403 3037 5466; x_wconf 88' lang='lat' dir='ltr'><strong>etiam</strong></span> <span class='ocrx_word' id='word_1_791' title='bbox 3071 5403 3692 5484; x_wconf 88' lang='lat' dir='ltr'><strong>acerbiusincrepan-</strong></span> 
     </span>
    </p>
   </div>
   <div class='ocr_carea' id='block_1_117' title="bbox 314 5487 1923 5577">
    <p class='ocr_par' dir='ltr' id='par_1_117' title="bbox 314 5487 1923 5573">
     <span class='ocr_line' id='line_1_117' title="bbox 314 5487 1923 5573; baseline -0.008 -23"><span class='ocrx_word' id='word_1_792' title='bbox 314 5515 508 5573; x_wconf 82' lang='grc' dir='ltr'>γησαν,</span> <span class='ocrx_word' id='word_1_793' title='bbox 555 5494 600 5547; x_wconf 73' lang='grc' dir='ltr'>οἱ</span> <span class='ocrx_word' id='word_1_794' title='bbox 659 5490 756 5564; x_wconf 77' lang='grc' dir='ltr'>μὲν</span> <span class='ocrx_word' id='word_1_795' title='bbox 803 5487 1022 5550; x_wconf 69' lang='grc' dir='ltr'>ἄκοντες</span> <span class='ocrx_word' id='word_1_796' title='bbox 1069 5487 1446 5564; x_wconf 67' lang='grc' dir='ltr'>ἐπανήρχοντο</span> <span class='ocrx_word' id='word_1_797' title='bbox 1498 5491 1717 5553; x_wconf 78' lang='grc' dir='ltr'>πυκνῶς</span> <span class='ocrx_word' id='word_1_798' title='bbox 1775 5490 1923 5545; x_wconf 71' lang='grc' dir='ltr'>αὖτο]</span> 
     </span>
    </p>
   </div>
   <div class='ocr_carea' id='block_1_118' title="bbox 2007 5487 3687 5577">
    <p class='ocr_par' dir='ltr' id='par_1_118' title="bbox 2046 5489 3687 5577">
     <span class='ocr_line' id='line_1_118' title="bbox 2046 5489 3687 5577; baseline 0.001 -24"><span class='ocrx_word' id='word_1_799' title='bbox 2046 5489 2290 5562; x_wconf 87' lang='lat' dir='ltr'><strong>tis,sunt</strong></span> <span class='ocrx_word' id='word_1_800' title='bbox 2311 5489 2383 5552; x_wconf 86' lang='lat' dir='ltr'><strong>ab</strong></span> <span class='ocrx_word' id='word_1_801' title='bbox 2413 5508 2482 5553; x_wconf 88' lang='lat' dir='ltr'><strong>eo</strong></span> <span class='ocrx_word' id='word_1_802' title='bbox 2505 5493 2715 5570; x_wconf 87' lang='lat' dir='ltr'><strong>avulsi,</strong></span> <span class='ocrx_word' id='word_1_803' title='bbox 2752 5494 2855 5555; x_wconf 90' lang='lat' dir='ltr'><strong>alii</strong></span> <span class='ocrx_word' id='word_1_804' title='bbox 2887 5493 3132 5577; x_wconf 88' lang='lat' dir='ltr'><strong>quidem</strong></span> <span class='ocrx_word' id='word_1_805' title='bbox 3163 5491 3335 5556; x_wconf 85' lang='lat' dir='ltr'><strong>inviti</strong></span> <span class='ocrx_word' id='word_1_806' title='bbox 3356 5493 3687 5570; x_wconf 90' lang='lat' dir='ltr'><strong>redierunt,</strong></span> 
     </span>
    </p>
   </div>
   <div class='ocr_carea' id='block_1_119' title="bbox 395 5665 904 5744">
    <p class='ocr_par' dir='ltr' id='par_1_119' title="bbox 395 5665 904 5744">
     <span class='ocr_line' id='line_1_119' title="bbox 395 5665 904 5744; baseline 0.014 -17"><span class='ocrx_word' id='word_1_807' title='bbox 395 5674 422 5727; x_wconf 85' lang='lat'>7</span> <span class='ocrx_word' id='word_1_808' title='bbox 449 5673 588 5741; x_wconf 74' lang='lat' dir='ltr'><strong>Act.</strong></span> <span class='ocrx_word' id='word_1_809' title='bbox 624 5687 706 5744; x_wconf 75' lang='lat' dir='ltr'><strong>ix,</strong></span> <span class='ocrx_word' id='word_1_810' title='bbox 745 5665 904 5734; x_wconf 69' lang='lat'><strong>1-22.</strong></span> 
     </span>
    </p>
   </div>
  </div>
