3996 6178
442 324 595 394 1075

1735 329 2018 394 MENSIS
2057 328 2503 397 JANUARIUS.

3698 333 3827 397 1076

437 470 654 535 crebro
669 467 742 532 ad
776 487 910 532 eum
942 485 1007 530 se
1037 466 1304 549 ipsorum
1349 465 1836 529 convertentibus
1867 467 2072 537 oculis,

2161 473 2266 522 τῶν
2325 465 2612 544 ὄφθαλμῶν
2655 466 3125 547 ἐπιστρεφομὲνων
3172 470 3261 523 καὶ
3290 469 3421 536 ’τὴν
3459 470 3700 545 πορείαν
3729 483 3828 533 τοῖς

439 571 498 625 et
517 563 736 643 pedum
760 561 876 622 iter
893 554 1664 636 interrumpentibus,quod
1689 556 1900 618 divisio
1919 569 2072 618 esset

437 653 840 714 involuntaria
875 667 888 711 :
914 647 1014 707 alii
1041 664 1172 707 cum
1197 662 1408 722 magno
1428 646 1658 706 Joanne
1682 645 1794 706 iter
1818 646 2071 724 ingressi

440 751 605 812 sunt,
641 747 800 802 recta
841 734 1280 800 contendentes
1323 733 1396 794 ad
1453 734 1796 796 ecclesiam.
1852 734 2074 798 Omnes

437 838 635 894 autem
667 828 934 903 undique
978 822 1366 884 conﬂuebant
1415 831 1474 883 et
1525 823 1872 899 currebant,
1907 835 1972 884 ut
2018 826 2071 886 ei

440 921 654 983 ﬁerent
682 917 940 978 obviam.
973 913 1102 975 Non
1137 913 1334 972 minus
1367 913 1440 973 ad
1489 913 1684 993 ipsum
1737 915 2072 988 Antiochia,

439 1027 614 1092 quam
642 1007 849 1088 priusS
866 1006 938 1066 ad
955 1007 1274 1084 Baptistam
1294 1002 1353 1063 in
1367 1003 1688 1064 Jordanem
1712 1005 2074 1067 lsrael.Cum

438 1108 634 1161 autem
661 1115 796 1159 eum
825 1093 1158 1157 ordinaturi
1177 1093 1505 1170 essent(7).
1533 1103 1598 1152 ut
1619 1094 2072 1172 Deusjusserat,

437 1196 495 1251 et
525 1187 657 1249 dies
678 1186 918 1248 adesset
940 1182 1332 1265 praestitutus,
1369 1181 1572 1242 aderat
1602 1182 1847 1262 quidem
1882 1184 2076 1244 omnis

437 1287 626 1340 castus
669 1275 960 1348 ﬁdelium,
996 1281 1056 1334 et
1101 1271 1277 1332 simul
1317 1271 1491 1332 etiam
1529 1271 1737 1333 aderat
1759 1273 2078 1334 universus

439 1367 671 1431 Chorus
699 1365 1070 1448 pontiﬁcum.
1108 1362 1254 1424 Cum
1275 1361 1346 1421 ad
1370 1379 1532 1422 aram
1555 1378 1694 1423 vero
1717 1380 1945 1424 sacram
1972 1381 2074 1423 ac-

439 1453 1169 1535 cessissent.,etquitlem,
1204 1459 1270 1513 ut
1291 1451 1377 1511 fas
1401 1450 2076 1532 exigit,caputPontiﬁci
2111 1484 2113 1487 -

443 1545 847 1610 submisisset:
875 1543 989 1625 ipsi
1013 1550 1208 1604 autem
1231 1541 1362 1619 ejus
1386 1559 1597 1602 manus
1619 1541 2078 1622 fuissentimpo-

441 1637 594 1712 sitae,
631 1636 985 1698 miraculum
1020 1630 1319 1712 quoddam
1351 1629 1450 1691 hic
1473 1649 1712 1710 quoque
1732 1632 1872 1692 facit
1893 1634 2074 1704 Deus,

441 1733 500 1788 et
520 1724 784 1787 ostendit
807 1742 940 1786 eum
961 1721 1064 1802 qui
1087 1719 1608 1790 initiabatur,esse
1638 1721 1976 1798 dignum,et
2004 1740 2076 1783 ex

2158 557 2312 610 ποσὶν
2359 555 2757 632 ἐγκοπτόντων,
2823 559 2871 612 αἱ
2923 554 2977 612 δὲ
3030 560 3146 628 περὶ
3191 559 3280 614 τὸν
3337 558 3546 635 μέγαν
3584 558 3685 623 τῆς
3728 556 3829 612 ἱ)δοῦ

2157 645 2405 725 εἴχοντο,
2455 649 2572 704 εὒθυ
2615 649 2715 713 τῆς
2782 645 3072 713 ἐκκλησίας
3115 647 3482 709 ἐλαύνοντες.
3557 646 3829 725 Συνὲῤῥεοιι

2156 732 2210 789 δὲ
2268 733 2536 809 πανδημεὶ
2592 737 2813 809 πάντες,
2863 739 2953 792 καὶ
2995 739 3127 814 πρὸς
3167 740 3265 806 τὴν
3317 740 3662 803 δπάντησιν
3709 738 3833 793 ἔθεον

2159 824 2262 903 οὔχ
2291 827 2455 890 ἦττον
2484 825 2570 882 ἐπ’
2613 827 2772 884 αὐτὸν
2820 828 3153 905 Ἀντιόχεια,
3256 828 3340 884 ἐπὶ
3375 830 3492 884 τὸν
3531 830 3835 894 Βαπτιστὴν

2159 915 2415 991 πρότερον
2472 916 2545 978 εἰς
2593 917 2685 971 τὸν
2728 916 3002 994 Ἰορδάνην
3049 919 3075 971 ὅ
3109 917 3348 987 Ἰσραήλ,
3421 917 3606 975 Ἐπεὶ
3664 915 3722 972 δὲ
3769 921 3838 971 καὶ

2161 1018 2498 1083 χειροτονεῖν
2541 1007 2699 1062 αὐτὸν
2743 1005 2994 1084 ἔμελλον,
3064 1009 3136 1070 ὡς
3186 1009 3248 1062 τὸ
3304 1012 3474 1064 θετον
3546 1006 3836 1084 ἐπίταγμα,

2159 1096 2245 1148 καὶ
2274 1096 2308 1160 ἡ
2356 1096 2510 1173 κυρία
2567 1100 2768 1172 παρῆν,
2813 1102 2958 1151 πᾶσα
3001 1095 3098 1170 μὲν
3133 1103 3237 1152 τῶν
3269 1103 3500 1153 πιστῶν
3537 1098 3838 1172 ὁμήγυρις,

2157 1189 2257 1244 πᾶς
2293 1183 2346 1237 δὲ
2387 1185 2411 1238 ἧ
2458 1189 2564 1239 τῶν
2614 1186 2912 1264 ἀρχιερέων
2962 1187 3125 1262 χορὸς
3159 1188 3491 1262 συμπαρῆν.
3539 1178 3645 1249 Ὠς
3678 1183 3736 1241 δὲ
3765 1188 3837 1240 καὶ

2159 1273 2234 1346 τῷ
2263 1275 2389 1350 ἱερῷ
2432 1272 2735 1349 προσῆλθον
2796 1274 2898 1352 [γρ.
2964 1273 3257 1356 προσῆλθε]
3287 1276 3720 1352 θυσιαστηρίῳ,
3756 1275 3836 1328 xz?

2159 1363 2316 1425 αὒτὸς
2347 1361 2469 1436 μὲν,
2518 1365 2590 1422 ὡς
2646 1363 2814 1437 θέμις,
2876 1363 3079 1443 ὓπέσχε
3136 1369 3214 1438 τῷ
3243 1366 3493 1444 ἱεράρχῃ
3529 1366 3643 1432 τὴν
3679 1386 3836 1444 κειρα-

2158 1450 2281 1524 λὴν,
2345 1452 2531 1508 τούτου
2586 1451 2640 1508 δὲ
2688 1455 2738 1508 αἱ
2779 1465 2968 1532 χεῖρες
3008 1454 3142 1530 αὒτῇ
3214 1455 3574 1527 ἐπετίθεντο,
3633 1459 3840 1527 θαυμα-

2157 1555 2375 1618 τουργεϊ
2405 1565 2453 1597 τι
2488 1542 2750 1599 κάνταῦθα
2800 1544 2954 1613 Θεὸς,
3019 1543 3112 1599 καί
3145 1542 3368 1600 δεικνύει
3417 1547 3530 1600 τὸν
3597 1542 3838 1600 τελεοού-

2159 1652 2225 1704 με
2242 1653 2320 1687 ιον
2369 1629 2514 1696 ἄξιόν
2555 1653 2614 1688 τε
2657 1632 2995 1710 ὑπάρχοντα,
3029 1633 3285 1689 καὶκατὰ
3314 1645 3409 1694 τοῦ
3449 1633 3672 1691 δοκοῦν
3710 1635 3838 1702 αὖτῷ

2156 1723 2283 1785 τῆς
2313 1721 2602 1796 ἱερωσύνης
2659 1720 3092 1796 καναξιούμενον,
3157 1725 3456 1801 Περιστερὰ
3542 1723 3661 1799 γὰρ
3719 1720 3836 1776 λευ-

438 1832 546 1877 sua
593 1813 891 1876 sententia
933 1811 1102 1874 illum
1147 1808 1452 1885 dignatum
1504 1807 1688 1869 fuisse
1709 1811 2072 1872 sacerdotio.

2161 1809 2229 1874 κὴ
2273 1810 2361 1864 καὶ
2393 1810 2454 1864 τὸ
2511 1807 2660 1872 εἶδος
2701 1809 2900 1888 σφόδρα
2945 1809 3111 1888 καλή,
3159 1810 3270 1867 ἅνω
3324 1813 3417 1868 τὸν
3472 1819 3625 1867 ναὸν
3659 1824 3838 1885 περιϊ-

439 1903 730 1968 Columba
761 1904 921 1966 enim
945 1911 1002 1962 et
1041 1900 1243 1961 colore
1260 1896 1418 1970 alba,
1444 1907 1501 1957 et
1523 1898 1726 1976 specie
1748 1898 1916 1959 valde
1941 1900 2077 1979 pul-

439 1993 904 2074 chra,templum
924 1989 1204 2071 superius
1219 1987 1740 2058 convolans,illico
1767 1989 2076 2050 descendit

440 2090 502 2146 et
527 2082 753 2144 insidet
783 2081 961 2162 capiti
988 2076 1247 2158 ejus,qui
1280 2075 2073 2158 ordinabatur.Supervaca-

438 2190 621 2234 neum
657 2179 816 2236 esset
873 2169 1120 2232 omnino
1171 2165 1482 2227 immorari
1514 2168 1576 2226 in
1607 2165 2078 2247 interpretandis

437 2261 512 2323 iis
542 2281 675 2342 quae
695 2269 835 2324 sunt
859 2254 1310 2321 manifesta.Cui
1337 2254 1495 2317 enim
1531 2274 1648 2316 non
1681 2265 1769 2318 est
1800 2257 2080 2320 manifes-

438 2358 588 2425 tum,
621 2351 736 2413 hoc
767 2367 902 2413 esse
933 2352 1168 2428 signum
1201 2343 1393 2408 sancti
1423 2343 1682 2420 Spiritus
1703 2344 1734 2404 ‘I

519 2440 799 2505 Xll.Cum
821 2441 1022 2521 itaque
1040 2436 1284 2518 copiose
1304 2435 1376 2497 ad
1400 2453 1534 2496 eum
1561 2435 1883 2496 afﬂuxisset
1905 2437 2079 2516 spiri-

435 2538 534 2594 tus
550 2527 1113 2612 sapientianicebat
1135 2525 1380 2608 quidem
1414 2524 1621 2612 videre
1637 2525 2076 2605 frequentiores

435 2611 954 2700 congregationes,
990 2625 1048 2678 et
1105 2614 1389 2696 populum
1442 2611 1516 2672 ad
1546 2631 1680 2674 eum
1711 2613 2072 2675 audiendum

438 2711 893 2773 convenientem
923 2727 938 2767 :
978 2707 1108 2786 ejus
1138 2713 1336 2765 autem
1387 2702 1674 2780 linguam,
1710 2721 1841 2781 quae
1869 2722 2072 2765 move-

435 2799 612 2862 batur
630 2797 892 2870 assidue,
929 2804 988 2858 et
1016 2793 1302 2856 orationis
1333 2793 1556 2854 ﬂuento
1587 2792 2072 2866 inundabat.Quo

440 2897 713 2967 tempore
733 2905 866 2948 cum
893 2901 1232 2946 sermonem
1261 2881 1576 2942 extolleret
1603 2879 1984 2961 altius,quam
2012 2891 2075 2943 ut

436 2977 497 3038 id
523 2977 678 3055 vulgi
701 2973 1003 3055 ingenium
1061 2977 1325 3051 caperet,
1361 2969 1579 3031 mulier
1609 2971 1904 3050 quaedam,
1942 2991 2074 3052 quae

439 3080 709 3142 prompto
731 3067 962 3140 quidem
989 3075 1045 3124 et
1065 3067 1242 3122 alacri
1260 3064 2072 3134 animoconcurrerat,eorum

437 3163 661 3236 autem,
695 3171 826 3234 quae
855 3150 1206 3214 dicebantur
1234 3147 1612 3211 altitudinem
1663 3149 1900 3230 assequi
1957 3169 2070 3211 non
2092 3186 2132 3237 ρ

439 3252 777 3327 poterat,nc
800 3241 1082 3304 dubitavit
1103 3239 1343 3320 quidem
1369 3238 1497 3319 ejus
1515 3238 1843 3327 orationem
1867 3250 2072 3319 aperte

435 3326 912 3414 reprehendere,
945 3339 1005 3394 et
1034 3349 1162 3392 eam
1198 3347 1412 3391 vocare
1438 3326 2070 3410 infrugiferam,prop-

439 3432 604 3485 terea
624 3421 780 3503 quod
806 3440 924 3483 non
956 3421 1171 3502 adepta
1201 3427 1362 3481 esset
1391 3416 1640 3497 id,quod
1669 3417 2069 3480 desiderabat.

437 3513 565 3576 Hoc
585 3531 722 3574 cum
747 3512 819 3573 ad
843 3517 1021 3575 aures
1043 3510 1204 3572 illius
1239 3509 1628 3590 pervenisset,
1665 3509 1850 3570 efﬁcit
1883 3518 1942 3570 ut
1975 3509 2071 3570 in-

436 3600 684 3664 tellectu
706 3601 1032 3664 faciliorem
1057 3609 1116 3663 et
1135 3600 1497 3681 apertiorem
1521 3607 1911 3679 componeret
1932 3617 2071 3660 ora-

437 3692 683 3755 tionem.
707 3689 878 3754 Tunc
899 3698 1096 3754 autem
1123 3690 1363 3772 quidam
1387 3706 1456 3750 ex
1488 3687 1691 3768 iis,qui
1717 3687 2074 3750 tenebantur

440 3799 648 3844 amore
671 3780 1232 3862 eloquentim,valde
1262 3778 1543 3841 delectati
1576 3777 1752 3839 melle
1783 3777 1944 3838 illius
1966 3778 2075 3838 lin-

437 3870 1050 3952 guaa,considerantes
1075 3869 1236 3932 illius
1262 3868 1564 3931 orationes
1585 3884 1716 3928 esse
1739 3876 1796 3928 et
1818 3868 1998 3930 utiles
2017 3875 2075 3929 et

437 3961 951 4042 veras,sensisque
968 3960 1184 4023 divinis
1217 3959 1445 4036 plenas,
1475 3956 1788 4038 clarasque
1811 3967 1867 4017 et
1895 3975 2074 4038 aper-

441 4061 608 4126 tas,et
629 4069 759 4112 cum
785 4062 996 4127 quanta
1024 4056 1202 4126 gratis
1227 4061 1284 4112 et
1312 4058 1528 4125 quanto
1560 4051 1785 4108 dicendi
1809 4051 2070 4118 ﬂamine,

442 4145 784 4220 quantoque
805 4139 1062 4201 artiﬁcio
1088 4146 1146 4200 et
1167 4155 1341 4218 quam
1368 4135 1612 4218 pulchra
1639 4135 2074 4216 compositione

436 4229 878 4310 proferrentur,
903 4229 1005 4292 alii
1034 4228 1278 4308 quidem
1313 4244 1448 4288 eum
1474 4245 1541 4288 os
1584 4225 1691 4287 Dei
1714 4234 1772 4287 et
1800 4226 2018 4288 Christi
2055 4248 2067 4289 :

433 4317 537 4380 alii
567 4326 792 4392 autem,
821 4318 976 4398 quod
1013 4316 1201 4394 magis
1247 4316 1514 4386 invaluit,
1550 4334 1685 4376 eum
1718 4314 2071 4396 Chrysosto-

437 4424 599 4468 mum
636 4407 1008 4483 vocabant,itl
1044 4415 1132 4468 est
1165 4425 1232 4467 os
1274 4423 1543 4467 aureum.
1582 4407 1722 4467 Post
1752 4405 1876 4466 haec
1934 4405 2072 4468 Fla-

435 4495 645 4597 yianus
668 4496 935 4597 quidem,
972 4497 1268 4597 arbitrans
1289 4493 1512 4597 fore,ut_
1532 4511 1666 4553 eum
1701 4502 1835 4573 post
1863 4512 1928 4597 se
1958 4496 2070 4597 lta-
2094 4547 2138 4597 Β

435 4583 609 4646 beret
629 4584 951 4646 antistitem
973 4584 1257 4647 Ecclesiae
1274 4583 1833 4656 Antiochenaa,eum
1857 4583 1931 4646 ad
1958 4585 2072 4647 hoc

436 4672 850 4748 inducebat,et
870 4691 1070 4737 rerum
1103 4691 1303 4736 curam
1326 4674 1382 4735 ei
1405 4671 1638 4734 volebat
1661 4672 2069 4737 tradere.Cum

435 4773 632 4826 autem
659 4763 830 4825 turba
851 4763 1348 4839 sollicitudinum,
1385 4762 1524 4823 etin
1562 4762 1858 4840 ejusmodi
1888 4762 2072 4824 rebus

436 4851 1066 4927 distrahianimum,ei
1101 4853 1345 4913 minime
1378 4859 1538 4912 esset
1560 4859 1818 4931 gratum,
1850 4850 1910 4931 id
1945 4852 2072 4931 qui-

437 4933 574 4996 dem
598 4932 877 4996 lubenter
893 4932 1111 5015 repulit
1137 4951 1151 4995 :
1178 4933 1288 4994 soli
1322 4949 1462 4994 vero
1495 4929 1784 4991 doctrinte
1805 4929 1871 4991 et
1899 4929 2068 4993 inlir-

434 5041 666 5084 morum
701 5022 1019 5084 visitationi
1050 5022 1377 5085 vacandum
1442 5038 1574 5082 esse
1633 5020 1887 5084 censuit.
1941 5021 2067 5094 Quo

432 5112 673 5193 quidem
703 5111 920 5176 factum
953 5120 1136 5187 est,ut
1164 5109 1405 5184 Christi,
1436 5109 1598 5185 quod
1625 5110 1824 5172 omnia
1849 5120 2066 5192 potest,

429 5201 781 5277 uomine,ab
802 5202 1148 5265 inﬁrmitate
1173 5202 1390 5263 multos
1412 5199 1708 5264 liberavit.
1737 5199 1878 5261 Eum
1906 5202 2065 5262 enim

425 5309 637 5354 rursus
658 5291 953 5372 insignem
978 5292 1165 5354 voluit
1187 5291 1444 5354 reddere
1463 5290 1939 5373 spiritus.Satius
1969 5311 2067 5353 au-

2162 1898 2408 1971 πταμένη
2453 1898 2658 1954 κάτεισι
2708 1904 3070 1978 παραχρῆμα,
3105 1900 3199 1956 καί
3231 1904 3298 1977 τῇ
3327 1909 3421 1956 τοῦ
3461 1921 3834 1980 χειροτονου⁹

2162 1987 2323 2061 μένου
2365 1988 2682 2053 ἓπικάθηται
2728 1988 2961 2067 κεφαλῇ.
3010 1990 3229 2055 Πάντως
3283 1990 3343 2047 οὗ
3375 1992 3506 2070 χρὴ
3545 1993 3833 2068 περιττοὺς

2162 2077 2306 2133 εἶναι
2356 2078 2422 2134 τὰ
2479 2075 2616 2143 δῆλα
2678 2076 3147 2156 διερμηνεύοντας.
3208 2081 3320 2138 Τίνι
3369 2082 3486 2157 γὰρ
3547 2081 3616 2136 οὗ
3651 2079 3830 2159 σαφὲς,

2162 2166 2243 2223 ὅτι
2269 2174 2360 2224 τοῦ
2388 2167 2528 2222 θείου
2560 2168 2864 2244 Πνεύματος
2896 2175 3054 2225 τοῦτο
3085 2167 3352 2243 σύμϐολον
3381 2170 3454 2237 ἦν
3498 2189 3518 2243 ;

2246 2433 2356 2490 lB'.
2422 2433 2579 2492 ’Ὅθεν
2637 2443 2762 2511 γοῦν
2819 2436 2909 2491 καὶ
2963 2444 3055 2494 τοῦ
3105 2438 3200 2505 τῆς
3261 2439 3447 2518 σοφίας
3514 2442 3823 2512 πνεύματος

2159 2520 2537 2601 δαψιλέστερον
2607 2525 2750 2599 αὒτῷ
2834 2526 3213 2607 προσρυέντος,
3305 2527 3661 2605 πυκνοτέρα(
3732 2527 3818 2599 μὲν

2159 2611 2222 2678 ἦν
2281 2612 2406 2686 ορᾷν
2448 2612 2544 2674 τὰς
2603 2612 2838 2678 συνάξεις
2887 2615 2978 2670 καὶ
3034 2616 3127 2671 τὸν
3178 2615 3306 2672 λαὸν
3364 2619 3639 2672 συνιόντα
3699 2616 3815 2692 πρὸς

2157 2703 2257 2766 τὴν
2299 2700 2574 2778 ἀκρόασιν,
2641 2702 3022 2782 συνεχέστερον
3079 2703 3134 2760 δὲ
3179 2710 3320 2780 αὐτῷ
3352 2706 3701 2776 κινουμένην
3726 2705 3807 2768 τὴν

2158 2789 2402 2866 γλῶτταν
2450 2792 2540 2846 καὶ
2588 2793 2666 2853 τῷ
2723 2799 2829 2847 τῶν
2877 2791 3053 2870 λόγων
3097 2795 3317 2870 ῥεύματι
3377 2796 3807 2871 πελαγίζουσαν.

2158 2879 2288 2937 "Ore
2320 2881 2408 2935 καὶ
2439 2888 2624 2954 μεῖζον
2653 2881 2689 2949 ἢ
2736 2883 2872 2937 κατὰ
2913 2884 3012 2948 τὴν
3067 2883 3282 2940 πολλῶν
3312 2883 3562 2941 διάνοιαν
3597 2886 3692 2940 τὸν
3723 2882 3803 2937 λό-

2157 2990 2252 3045 γον
2307 2969 2643 3045 ἐπαίροντος,
2715 2974 2848 3048 γυνή
2908 2974 3189 3049 προθύμως
3264 2975 3362 3049 μὲν
3403 2974 3802 3051 συνδραμοῦσα,

2157 3065 2249 3114 τοῦ
2307 3057 2474 3134 ὕψους
2531 3058 2585 3115 δὲ
2626 3066 2732 3116 τῶν
2791 3059 3098 3137 λεγομένων
3149 3063 3513 3141 ἐκπίπτουσα,
3572 3067 3802 3142 φανερῶς

2157 3145 2426 3226 ἐμέμφετο
2483 3155 2558 3220 τῷ
2616 3147 2784 3226 λόγῳ,
2847 3152 2932 3207 καὶ
2974 3151 3224 3231 ἀνωφελῆ
3297 3159 3490 3209 τοῦτον
3551 3149 3803 3209 ἀπεκάλει

2156 3238 2251 3293 καί
2315 3235 2573 3315 είκαρπον⁴
2609 3246 2775 3296 Τοῦτο
2805 3239 3019 3297 ἐκείνων
3051 3243 3123 3305 εἰς
3166 3241 3279 3298 ὦτα
3327 3241 3506 3316 ὶλθὸν,
3571 3243 3705 3318 πρὸς
3751 3239 3799 3292 τὸ

2156 3325 2364 3402 μᾶλλον
2422 3328 2586 3407 σαφὲς
2631 3330 2717 3384 καὶ
2779 3328 3097 3387 εὐσύνοπτον
3155 3333 3245 3386 τὸν
3300 3330 3466 3410 λόγον
3499 3331 3800 3392 συντάττειν

2158 3417 2566 3492 παρασκευάζει,
2627 3417 2754 3476 Τότε
2799 3416 2862 3486 δὴ
2911 3419 3003 3474 καί
3033 3426 3141 3476 τῶν
3173 3419 3480 3499 φιλολόγων
3526 3421 3681 3483 τινὲς
3735 3419 3799 3490 τῷ

2156 3504 2335 3572 μέλιτι
2376 3511 2472 3574 τῆς
2517 3505 2718 3564 ἐκείνου
2775 3508 3020 3585 γλώττης
3079 3507 3440 3589 διαφερόντως
3515 3509 3794 3585 ἡδόμενοι,

2154 3596 2241 3650 καὶ
2297 3595 2420 3659 τοὺς
2466 3594 2657 3672 λόγους
2716 3600 2788 3663 ὡς
2837 3598 2936 3668 μὲν
2984 3597 3314 3680 ἐπωφελεῖς,
3349 3602 3420 3664 ὡς
3453 3598 3511 3657 δὲ
3545 3597 3784 3667 ἀληθεῖς,

2153 3687 2225 3746 ὣς
2283 3683 2336 3740 δὲ
2408 3686 2694 3760 νοημάτων
2749 3688 2902 3744 θείων
2967 3687 3187 3766 πλήρεις
3247 3699 3656 3761 κατανοοῦντες,
3715 3685 3791 3740 καὶ

2155 3773 2303 3840 ὅπως
2348 3775 2446 3848 μὲν
2490 3776 2805 3854 σαφηνείας,
2859 3775 3004 3839 ὅπως
3051 3775 3106 3833 δὲ
3166 3778 3390 3853 μεθόδο.)
3446 3782 3539 3836 καὶ
3577 3779 3784 3858 τέχνης,

2156 3861 2301 3926 ὅπως
2329 3861 2382 3919 δὲ
2413 3864 2640 3942 χάριτος
2690 3863 2878 3944 ἔχουσι
2934 3868 3024 3923 καὶ
3083 3867 3314 3946 εὖροίας,
3350 3869 3471 3928 οἵου
3515 3869 3574 3925 δὲ
3600 3870 3783 3946 ῥυθμοῦ

2156 3955 2243 4008 καὶ
2298 3955 2587 4028 συνθήκης,
2622 3958 2820 4030 οἱμὲν,
2857 3963 2991 4012 Θεοῦ
3045 3979 3102 4012 τε
3163 3958 3250 4014 καὶ
3308 3965 3540 4033 Χριστοῦ
3600 3957 3777 4030 στόμα,

2155 4045 2201 4099 οἱ
2254 4041 2308 4098 δὲ
2371 4041 2422 4121 (ὃ
2481 4045 2568 4100 καὶ
2626 4044 2834 4120 μᾶλλον
2893 4059 3113 4124 κρατεῖν
3159 4046 3389 4128 ἴσχυσε)
3420 4049 3776 4120 Χουσόστομον

2155 4132 2314 4188 αὒτὸν
2370 4132 2695 4197 ἀπεκάλουν,
2773 4137 2918 4194 Μετὰ
2975 4135 3028 4192 δὲ
3099 4146 3288 4216 ταῦτα,
3337 4136 3638 4201 Φλαὸιανὸς
3691 4132 3774 4209 μὲν

2155 4219 2407 4300 πρόεδρον
2463 4224 2621 4280 αὐτὸν
2664 4225 2761 4290 τῆς
2807 4225 3138 4304 Ἀντιοχέων
3195 4225 3523 4293 Ἐκκλησίας
3553 4227 3636 4283 καὶ
3664 4221 3769 4278 διάο

2153 4310 2323 4391 δοχον
2379 4315 2538 4370 αὖτοῦ
2624 4311 3050 4388 καταλιμπάνειν
3125 4315 3394 4389 οἰόμενος,
3456 4315 3611 4395 ὲνῆγε
3657 4311 3768 4387 πρὸς

2155 4403 2332 4474 τοῦτο,
2399 4402 2482 4456 καὶ
2539 4401 2639 4468 τὴν
2701 4407 2806 4457 τῶν
2881 4404 3215 4482 πραγμάτων
3291 4408 3435 4478 αῦτῷ
3493 4405 3762 4474 οἰκονομίαν

2153 4489 2476 4568 ἔγχειρίζειν
2514 4487 2797 4558 ἠϐούλετο.
2837 4499 2923 4567 Τῷ
2970 4491 3025 4548 δὲ
3075 4493 3361 4572 φροντίδων
3393 4494 3562 4574 δ’χλος
3598 4493 3668 4549 καί
3702 4486 3752 4540 τὸ

2153 4583 2286 4658 πρὸς
2344 4581 2410 4636 τὰ
2469 4587 2690 4637 τοιαῦτα
2749 4587 3103 4660 περισπᾶσθαι
3148 4585 3241 4639 τὸν
3295 4591 3416 4640 νοῦν
3461 4582 3744 4640 παντάπασιν

2159 4668 2184 4689 ν
2250 4668 2280 4724 λ
2317 4693 2328 4704 .
2377 4671 2405 4724 δ
2571 4677 2594 4687 ν
2750 4672 2769 4706 ε
2921 4674 2936 4694 ε
3014 4671 3058 4691 ’δ’
3477 4690 3490 4704 .
3597 4670 3605 4690 ν
3709 4661 3748 4703 *ξ

2153 4692 2244 4748 αφι
2285 4691 2342 4724 οδ
2409 4692 2458 4744 ν,
2505 4693 2661 4727 τουτο
2706 4695 2804 4746 μιν
2850 4695 2939 4728 και
2969 4674 3139 4741 ἡοεως
3181 4673 3439 4731 ἀπώσατο
3545 4693 3664 4749 μονῃ
3708 4681 3753 4718 ον

2151 4764 2220 4834 τῇ
2277 4757 2606 4836 διδασκαλίᾳ,
2657 4763 2743 4818 καὶ
2785 4768 2854 4838 τῇ
2899 4769 3006 4819 τῶν
3049 4763 3286 4820 ἀσθενῶν
3344 4763 3617 4839 ἐπισκέψει
3642 4774 3751 4835 σχοο

2153 4846 2332 4919 λάζειν
2388 4850 2610 4929 ἔκριθεν,
2672 4850 2724 4915 ἒξ
2766 4852 2840 4907 ὧν
2895 4854 2982 4907 καὶ
3041 4851 3275 4917 πολλοὺς
3323 4861 3400 4928 τῷ
3430 4854 3601 4909 πάντα
3627 4849 3752 4905 δυνα-

2154 4936 2300 5012 μένῳ
2357 4945 2585 5017 Χριστοῦ
2641 4940 2890 5012 ὀνόματι,
2951 4946 3049 5009 τῆς
3107 4941 3375 5008 ἀσθενείας
3455 4941 3751 5011 ἀπήλλαττε.

2157 5027 2262 5083 Καὶ
2344 5029 2446 5105 γὰρ
2532 5028 2762 5106 ἐπιφανῆ
2857 5029 3033 5086 τοῦτον
3097 5031 3186 5087 καὶ
3271 5031 3415 5096 αὖθις
3470 5035 3531 5088 τὸ
3587 5031 3756 5097 πνεῦμα

2150 5117 2376 5182 καθίστη
2436 5119 2524 5174 καὶ
2580 5115 2813 5189 δοξάζειν
2870 5118 3148 5186 ἠϐούλετο,
3197 5120 3357 5178 Οὖδὲν
3413 5119 3468 5176 δὲ
3531 5121 3648 5177 οἷον
3690 5109 3756 5168 κπιῖ

2151 5205 2304 5282 ὀλίγα
2362 5209 2678 5285 παραθεῖναι
2724 5215 2800 5282 τῷ
2844 5207 2991 5287 λόγῳ
3035 5213 3166 5289 πρὸς
3212 5208 3521 5288 δοξολογίαν
3550 5217 3640 5267 τοῦ
3685 5201 3756 5260 δυ·

2151 5294 2525 5368 ναμώσαντος.

433 5387 551 5443 tem
587 5381 766 5443 fuerit
795 5382 1012 5446 iterum
1041 5399 1360 5463 paucorum
1397 5382 1770 5455 meminisse,
1805 5381 1959 5444 sicut
1984 5401 2112 5443 sum
2142 5382 2466 5463 pollicitus.

510 5491 543 5539 8
575 5491 720 5553 Luc.
749 5507 838 5570 ιιι,
873 5493 933 5557 2.

500 5595 580 5664 ('7)
610 5595 916 5669 Presbyter
950 5599 1252 5658 ordinatur
1284 5614 1438 5656 anno
1467 5599 1594 5662 386,
1643 5609 1701 5655 ut
1741 5605 1900 5669 notat
1935 5597 2062 5654 Bar.

423 5663 618 5726 Utrum
649 5663 834 5726 νει-οὶ
868 5669 1141 5728 Flaviano
1175 5669 1262 5727 vel
1288 5671 1358 5727 ab
1393 5670 1638 5742 Evagrio
1677 5667 1906 5729 Paulini
1933 5682 2065 5725 suc-

2151 5611 2410 5670 cessore,
2444 5599 2775 5670 discrepant
2813 5610 3100 5662 auctores.
3133 5602 3276 5662 Vide
3307 5603 3518 5663 Baron.
3555 5611 3681 5663 tom.
3705 5587 3758 5652 IV

2148 5668 2344 5732 Annal
2374 5670 2444 5729 ad
2485 5685 2580 5730 an.
2613 5668 2742 5731 3'86.
