3996 6178
282 317 433 388 1077

1312 318 1501 385 VITA
1544 319 1602 383 S.
1650 315 1973 383 JOANNIS
2026 314 2582 381 CHRYSOSTOMI.

3485 314 3639 384 1078

358 453 461 515 II".
521 454 724 530 Γυναίφ
779 452 881 511 τινὶ
939 456 1044 510 τῶν
1102 450 1157 509 ὲν
1213 450 1520 533 Ἀντιοχείᾳ
1579 456 1898 533 περιφανῶν,

2066 446 2216 512 XIII.
2250 448 2476 512 Illustri
2500 447 2735 512 cuidam
2769 445 3008 511 mulieri
3040 446 3369 512 Antiochiae
3410 468 3631 514 nomen

277 543 473 606 Εὖκλία
530 552 786 620 τούνομα’
853 542 1019 620 ταύτῃ
1088 540 1143 598 δὲ
1209 542 1320 605 υίὸς
1377 541 1653 619 ἆγᾶπητὺς
1707 541 1797 621 ἧν,
1858 541 1915 605 ὃς

280 641 485 713 πυρετῷ
567 630 825 692 καυσώδει
909 629 1131 708 ληγθεΐς
1236 629 1484 702 τελευτᾷν
1568 628 1909 686 ἔκινδύνυεοε.

278 731 538 801 Μιμετται
603 729 881 801 τοιγαροῦν
938 720 1037 781 τὴν
1097 720 1394 776 Χαναναίαν
1456 722 1491 789 ἣ
1566 721 1768 798 μήτηρ,
1828 718 1915 774 καὶ

276 819 355 887 τῷ
396 813 638 890 μακαρίῳ
695 808 1076 890 προσελθοῦσα,
1133 809 1220 865 καὶ
1276 808 1453 888 φωνὰς
1510 809 1685 884 ἐκείνῃ
1742 827 1916 886 παρα-

273 900 519 969 πλησίως
576 899 915 977 προσάγουσα
973 896 1151 961 ἐλέους
1212 910 1422 975 τυχεῖν,
1470 901 1563 957 οὐκ
1622 897 1708 953 ἐπὶ
1748 899 1807 952 θυ
1824 917 1915 974 (α-

268 991 375 1069 τρὶ,
409 988 531 1047 ἀλλ’
574 987 654 1069 ἐφ’
713 990 807 1063 υἱῷ
850 985 1194 1065 πατρεκάλει,
1251 985 1398 1054 Πλὴν
1429 985 1566 1043 ἂλλά
1624 986 1914 1065 προσέχειν

271 1077 382 1159 δεῖ,
414 1080 505 1136 τὸν
564 1083 708 1158 νοῦν,
738 1076 825 1134 καὶ
856 1086 1081 1132 σκοπεῖν
1140 1073 1288 1138 ὅπως
1321 1078 1449 1155 εἶχε
1499 1095 1741 1152 γνωμης,
1778 1072 1913 1149 μετὰ

270 1153 378 1228 τοῦ,
422 1153 672 1243 σώματος
727 1165 1034 1242 θεραπεύειν
1076 1168 1165 1221 καί
1222 1163 1317 1229 τὰς
1370 1153 1548 1242 ψυχὰς
1608 1161 1813 1239 μᾶλλον
1856 1160 1911 1217 δὲ

270 1259 363 1315 καὶ
403 1259 504 1336 πρὸ
532 1257 732 1314 τούτων
791 1254 1017 1319 ἐκείνας·
1052 1253 1166 1311 ἐπεὶ
1196 1255 1283 1311 καὶ
1333 1261 1425 1312 τοῦ
1456 1254 1687 1333 πάσχειν
1730 1255 1909 1318 κακῶς

269 1348 340 1404 τὰ
389 1350 636 1425 σώματα,
692 1345 883 1410 ταύτας
939 1343 1106 1407 αἰτίας
1150 1342 1389 1421 ηὕρισκε,
1446 1350 1542 1401 Καί
1598 1349 1756 1400 τοῦτο
1816 1341 1910 1418 μὲν

269 1436 360 1494 διὰ
427 1435 533 1493 τῶν
603 1434 911 1513 φθασάντων
967 1431 1128 1501 δῆλον
1187 1433 1397 1511 γέγονε,
1445 1429 1675 1500 δηλώσει
1728 1431 1782 1488 δὲ
1826 1432 1911 1488 καὶ

268 1530 417 1594 αὖθις
450 1527 477 1582 ὃ
522 1524 706 1603 λόγος,
764 1516 859 1588 Ὠς
890 1523 989 1602 γὰρ
1034 1522 1270 1598 ἐκθύμως
1300 1521 1433 1601 ἄγαν
1492 1525 1576 1578 καὶ
1607 1521 1911 1601 περιπαθῶς

264 1619 304 1683 ἡ
365 1616 497 1693 γυνὴ
548 1615 679 1693 πρὸς
734 1612 832 1680 τὴν
876 1613 1146 1690 ἱκετηρίαν
1201 1611 1426 1668 ἓτείνετο
1483 1610 1726 1691 (καὶγὰρ
1782 1610 1911 1690 εἶχε

264 1703 473 1766 πολλὰς
519 1704 649 1781 πρὸς
703 1703 764 1758 τὸ
804 1705 1020 1781 θρηνεῖν
1076 1700 1344 1781 ἀφορμὰς,
1378 1699 1464 1757 ἐπὶ
1515 1699 1764 1779 τέσσαρσι
1793 1712 1910 1764 τοῖς

1999 546 2122 600 erat
2147 538 2378 603 Euclia.
2412 538 2483 603 Ei
2505 556 2643 601 vero
2666 545 2792 599 erat
2812 535 3066 599 dilectus
3085 537 3376 616 ﬁlius,qui
3401 539 3637 604 ardenti

1997 624 2164 689 febre
2196 627 2520 705 laborabat,
2555 636 2614 690 et
2641 626 2919 689 veniebat
2948 627 3007 689 in
3038 626 3249 690 mortis
3276 628 3632 708 periculum.

2000 715 2153 790 Quid
2201 716 2411 796 igitur?
2439 719 2629 781 Mater
2658 715 2922 779 imitatur
2944 717 3335 779 Chananzeam
3356 719 3410 794 8,
3437 727 3495 782 et
3514 740 3633 783 non

2001 810 2194 867 minus
2214 825 2386 886 quam
2415 804 2717 875 ﬁlius,suis
2736 805 3105 868 inﬂammata
3124 806 3638 885 visceribus,acce-

1998 894 2085 957 dit
2108 895 2180 957 ad
2208 896 2755 977 beatum,emittens
2777 913 2952 960 voces
2974 896 3062 960 illi
3083 897 3400 960 similrszet
3423 919 3538 962 non
3562 902 3640 963 si-

1999 984 2220 1046 militer
2243 995 2304 1047 ut
2336 986 2437 1048 illa
2467 986 2527 1047 in
2553 986 2821 1067 ﬁlia,sed
2846 986 2902 1048 in
2936 986 3054 1048 lilio
3080 989 3502 1052 miserabilitor
3532 1010 3636 1053 ro—

1995 1091 2139 1151 gans
2161 1083 2221 1136 ut
2244 1084 2719 1157 consequeretur
2741 1074 3242 1140 misericordiam.
3267 1077 3383 1141 Sed
3407 1088 3640 1161 oportet

1994 1167 2257 1225 animum
2284 1165 2596 1227 attendere
2619 1171 2679 1226 et
2701 1166 3107 1243 considerare,
3132 1168 3636 1248 quemadmodum

1995 1250 2232 1332 egregio
2255 1253 2339 1315 illi
2363 1255 2495 1316 viro
2520 1264 2646 1317 erat
2667 1255 2904 1317 animus
2935 1260 3165 1318 animas
3187 1255 3362 1318 etiam
3396 1276 3636 1335 curare,

1993 1341 2245 1423 illasque
2282 1343 2463 1406 multo
2488 1344 2697 1423 magis,
2732 1351 3011 1422 quoniam
3038 1354 3103 1406 ut
3124 1346 3277 1408 male
3296 1356 3639 1426 paterentur

1993 1432 2381 1512 corpora,has
2403 1432 2745 1496 inveniebat
2764 1452 2990 1496 causas.
3014 1434 3085 1497 Et
3109 1439 3221 1496 hoc
3254 1436 3495 1515 quidem
3510 1439 3637 1520 jam

1995 1529 2176 1582 evasrt
2203 1521 2585 1584 manifestum
2614 1541 2721 1603 per
2739 1541 2971 1603 ea,qua3
3004 1534 3502 1604 praecesseruntza
3525 1548 3600 1590 no
3616 1562 3639 1577 -

1995 1607 2089 1671 bis
2106 1618 2301 1671 autem
2327 1630 2533 1673 rursus
2545 1631 2789 1695 quoque
2805 1613 3465 1678 ostendetur.Videntur
3481 1617 3640 1679 enim

1994 1699 2166 1781 pueri
2190 1707 2466 1780 parentes
2488 1701 2672 1764 fuisse
2684 1702 2744 1764 in
2767 1702 2885 1765 vita
2902 1703 3133 1783 agenda
3150 1703 3436 1767 socordes
3452 1713 3511 1769 et
3527 1725 3637 1771 ne-

262 1792 373 1863 ἤδη
429 1790 865 1859 τετελευτηκόσιν
920 1789 1088 1861 υἱοῖς,
1134 1791 1218 1846 κα³
1278 1789 1436 1846 αὐτὸν
1495 1789 1744 1859 θνήσκειν
1787 1791 1898 1867 spat

1995 1786 2307 1868 gligentes.
2338 1787 2480 1852 Cum
2506 1790 2667 1852 enim
2691 1792 2984 1854 concitate
3006 1803 3066 1853 et
3087 1793 3299 1856 insane
3314 1793 3636 1860 admodum

263 1881 562 1960 μέλλουσα)
623 1880 829 1946 ἐκεῖνος
886 1880 987 1937 ὑπὸ
1018 1878 1110 1936 τοῦ
1152 1881 1510 1942 συνοικοῦντος
1546 1877 1690 1952 αὖτῷ
1744 1879 1898 1935 πνεύ-

1991 1886 2253 1940 terretur
2296 1878 2514 1941 mulier
2541 1879 2612 1942 ad
2656 1881 3113 1963 supplicandum
3146 1881 3429 1962 (habebat
3476 1886 3636 1948 enim

264 1996 437 2050 ματος
492 1973 557 2029 τὰ
622 1970 858 2050 ἐγκρυφῆ
913 1967 1168 2042 κατιδὼν,
1217 1971 1307 2026 καὶ
1365 1969 1518 2045 γνοὺς
1575 1971 1649 2033 ὡς
1709 1972 1760 2025 αἱ
1805 1974 1898 2024 τῶν

1996 1966 2312 2030 maximam
2363 1968 2729 2031 lamentandi
2790 1970 3195 2046 occasionem,
3229 1980 3292 2035 ut
3323 1992 3454 2055 qum
3504 1985 3639 2055 post

263 2063 510 2142 πατέρων
564 2060 817 2139 ἁμαρτίαι
862 2073 981 2122 τοῖς
1027 2060 1174 2116 παισὶ
1222 2060 1315 2116 τὸν
1343 2058 1564 2115 θάνατον
1617 2058 1898 2133 ἑμνηστεύ·

1996 2070 2254 2137 quatuor
2274 2057 2428 2120 ﬁlios
2438 2059 2564 2139 jam
2585 2060 3063 2141 mortuos.ipsum
3083 2080 3319 2143 quoque
3344 2062 3535 2127 visura
3550 2083 3641 2128 es-

263 2137 452 2227 σαντο,
511 2137 705 2215 ταύτας
776 2151 848 2212 είς
927 2150 989 2205 τὸ
1062 2148 1284 2228 φανερὸν
1356 2144 1752 2224 αἰτιασάμενος,
1815 2157 1890 2205 Κα

1999 2165 2062 2208 se
2087 2148 2290 2227 mori),
2314 2148 2415 2211 ille
2444 2137 2582 2210 cum
2615 2149 2833 2230 spiritu
2864 2137 2927 2212 in
2953 2169 3023 2213 eo
3052 2137 3357 2214 habitante
3389 2152 3640 2217 vidisset

262 2248 476 2319 τοῦτον,
536 2239 685 2314 εἶπε,
749 2239 841 2296 τὸν
899 2238 1167 2314 πέμπτον,
1221 2239 1266 2294 εἷ
1329 2238 1408 2314 μὴ
1466 2238 1719 2313 μετάνοια
1772 2238 1898 2310 ὑμᾶς

1991 2253 2082 2311 ea,
2108 2255 2240 2317 qua;
2260 2235 2544 2311 latebant,
2570 2247 2628 2300 et
2658 2238 3053 2318 cognovisset,
3080 2239 3238 2321 quod
3262 2250 3505 2322 peccata
3528 2263 3636 2324 pa-

264 2330 479 2406 εἰσέλθη
579 2329 686 2387 τῶν
790 2327 1180 2407 πεπραγμένων
1213 2375 1228 2401 ,
1313 2327 1499 2405 νεκρὸν
1599 2323 1898 2405 παραπόδας

1985 2334 2227 2388 rentum
2244 2325 2380 2387 ﬁliis
2405 2335 2652 2389 mortem
2672 2328 3296 2405 conciliaverant,cum
3317 2349 3390 2392 ea
3400 2323 3640 2411 publice

267 2421 481 2497 ὄψεσθε.
520 2419 668 2477 Ἐπεὶ
711 2415 765 2473 δὲ
795 2419 842 2474 οἱ
898 2430 1076 2496 γονεῖς
1120 2418 1318 2475 τούτων
1362 2416 1639 2479 ἀκούοντες
1684 2415 1898 2493 γνησίαν

1989 2423 2350 2478 accusasset:
2379 2415 2548 2476 Hunc
2572 2416 3057 2498 quoque,inquit,
3088 2418 3505 2499 quintum,nisi
3530 2441 3638 2484 eo-

267 2508 669 2587 ἐπηγγέλλοντο
736 2507 834 2574 τὴν
879 2510 1164 2580 μετάνοιάν
1220 2507 1309 2564 καὶ
1364 2507 1520 2565 αὖτὸν
1579 2506 1711 2584 πρὸς
1767 2527 1905 2569 συμ-

264 2601 484 2657 πάθειαν
541 2596 893 2677 παρεκάλουν,
927 2595 1180 2670 ἐλεήσας,
1217 2596 1422 2661 ἐκεῖνος
1472 2594 1570 2662 τὴν
1607 2594 1900 2673 συμφορὰν,

262 2687 400 2763 ὕδωρ
453 2690 826 2765 προσαχθῆναι
882 2684 1108 2742 κελεύει’
1157 2685 1187 2742 ὃ
1233 2686 1342 2764 τρὶς
1408 2684 1505 2760 μὲν
1540 2680 1626 2740 ἐπ’
1684 2684 1902 2757 ὀνόματι

264 2783 363 2845 τῆς
409 2777 561 2854 ἁγίας
593 2773 814 2853 Τριάδος
859 2776 1171 2856 σιρραγίσας.
1226 2774 1342 2853 τρίξ
1370 2771 1426 2830 δὲ
1476 2774 1618 2847 αὐτῷ
1662 2774 1754 2829 τὸν
1806 2793 1900 2828 νο-

262 2875 454 2925 σοῦντα
507 2862 887 2945 ὂιαῤῥαντίσος,
915 2866 1039 2942 ὑγιᾶ
1080 2870 1149 2942 τῇ
1200 2864 1552 2944 γεφεννηκυίᾳ
1602 2861 1899 2942 παρέσχεν,

1988 2504 2667 2586 rum,quaafecistis,vos
2691 2502 2944 2568 subierit
2973 2505 3639 2586 pmnitentia,videbitis

1988 2612 2021 2653 e
2041 2593 2287 2672 vestigio
2323 2603 2623 2655 mortuum
2650 2603 2707 2656 et
2736 2601 3096 2660 examinem.
3131 2594 3275 2659 Cum
3308 2607 3508 2662 autem
3532 2620 3638 2682 pa-

1986 2692 2195 2745 rentes
2221 2683 2313 2745 his
2335 2682 2556 2746 auditis
2581 2702 2781 2746 veram
2809 2697 2869 2746 et
2891 2684 3187 2749 sinceram
3221 2688 3640 2767 promisissent

1987 2772 2490 2851 pmnitentiam,et
2514 2792 2648 2855 quae
2668 2773 2845 2836 facile
2867 2774 3088 2836 moveri
3117 2778 3632 2857 poterat,animam

1986 2861 2292 2924 incitasset
2311 2862 2383 2924 ad
2410 2862 3012 2932 misericordiam.ille
3036 2865 3316 2928 misertus
3338 2868 3633 2932 calamita-

264 2956 420 3014 Οὗτοι
471 2956 570 3031 μὲν
627 2955 714 3011 οὖν
786 2955 966 3029 ὥσπερ
1031 2954 1453 3030 ἀντιθεραπεύειν
1524 2951 1898 3028 βουληθέντες,

1989 2954 2085 3025 tis,
2107 2970 2321 3028 aquam
2339 2950 2512 3031 jubet
2547 2952 2768 3015 alieni.
2798 2952 2989 3026 Quam
3013 2972 3149 3015 cum
3168 2961 3260 3016 ter
3279 2955 3518 3036 quidem
3542 2960 3633 3021 si-

263 3049 427 3120 ἱκανῷ
482 3047 685 3124 χρυσίῳ
734 3045 825 3100 τὸν
875 3043 1025 3122 ἅγιον
1085 3042 1393 3122 ἑδι-»ροῦντο⁸
1453 3040 1587 3114 τῷδε
1631 3039 1746 3102 οὐδὲ
1803 3064 1898 3116 μι-

1986 3050 2225 3119 gnasset
2246 3041 2307 3102 in
2328 3039 2574 3103 nomine
2595 3050 2816 3105 sanctae
2828 3041 3213 3122 Trinitatis,et
3235 3052 3324 3107 ter
3343 3064 3412 3108 ea
3431 3066 3632 3128 asper-

258 3136 383 3208 οιρόν
440 3157 487 3190 τι
543 3136 649 3191 τῶν
707 3131 992 3206 διδομένων
1050 3134 1299 3211 προσιτὸν
1353 3133 1593 3212 γέγονεν,
1642 3132 1898 3211 εἰρηκότι,

1986 3129 2165 3191 sisset
2185 3131 2486 3210 illum,qui
2505 3129 3065 3211 aegrotabat,sannm
3092 3141 3202 3195 eta
3231 3134 3438 3197 morbo
3470 3137 3626 3200 libe-

258 3224 337 3298 μὴ
397 3225 496 3290 τὴν
554 3232 648 3283 τοῦ
709 3229 840 3281 Θεοῦ
897 3220 1095 3300 δωρεὰν
1153 3226 1454 3302 χρημάτων
1511 3220 1669 3279 ὤνιον
1726 3234 1898 3277 ποιεῖν

1985 3236 2115 3279 rum
2140 3219 2404 3281 reddidit
2425 3218 2640 3300 ei,quaa
2662 3230 2974 3300 genuerat.
3008 3223 3205 3303 Atque
3227 3223 3265 3283 ii
3288 3223 3629 3304 quidem,ut

249 3311 552 3389 βούλεσθαι*
616 3308 766 3370 Ἀλλ’
840 3309 995 3388 εἴπερ
1053 3311 1205 3390 ὑμῖν,
1259 3311 1411 3390 φησὶ,
1470 3307 1619 3388 φίλον
1677 3309 1898 3387 φανερὸν

1983 3308 2086 3387 qui
2108 3307 2329 3371 vellent
2352 3310 2579 3370 referre
2609 3308 2825 3388 gratias
2847 3310 2903 3372 ei
2926 3310 3028 3392 qui
3062 3320 3389 3392 curaverat,
3416 3330 3628 3392 magna

249 3407 474 3468 ποιῆσαι
539 3400 620 3456 ὅτι
643 3407 720 3475 τῷ
778 3404 894 3471 Θεῷ
937 3400 1161 3479 χάριτας
1213 3398 1504 3476 ὁμολογεῖν
1547 3397 1743 3475 ἔγνωτε
1795 3402 1895 3463 τῆς

1983 3395 2033 3456 vi
2054 3397 2183 3459 auri
2207 3405 2475 3458 sanctum
2501 3397 2822 3461 donabant.
2854 3400 3002 3461 Cum
3034 3408 3228 3462 autem
3265 3401 3536 3484 dixisset,
3558 3423 3625 3467 se

250 3491 472 3569 ἰάσεως,
532 3488 713 3558 ἀληθῆ
767 3486 966 3553 δείξατε
1024 3489 1122 3556 τὴν
1178 3489 1498 3567 ὑπόσχεσιν,
1557 3483 1653 3543 καί
1716 3487 1893 3552 πάσης

1983 3503 2054 3548 ne
2087 3484 2401 3547 minimum
2440 3486 2680 3566 quidem
2715 3488 2865 3549 velle
2907 3488 3184 3570 accipere
3224 3509 3460 3572 eorum,
3490 3483 3625 3576 quas

248 3581 349 3653 μὲν
407 3580 663 3652 πονηρίας
720 3577 998 3657 ἀφέμενοι,
1046 3574 1224 3643 πάσης
1281 3575 1334 3633 δὲ
1397 3575 1632 3655 πράξεως
1688 3574 1889 3652 ἀγαθῆς

1983 3573 2292 3649 dabantur,
2321 3575 2529 3637 dicens
2557 3594 2624 3639 se
2650 3576 2808 3640 nolle
2835 3576 2938 3643 Dei
2962 3578 3182 3641 donum
3218 3579 3490 3661 pecuniis
3511 3573 3621 3646 ve-

245 3667 621 3741 ἐπιλαϐόμενοι
660 3715 677 3747 ,
749 3666 914 3731 οὕτως
991 3667 1244 3723 εἰσοίσετε
1317 3670 1393 3738 τῷ
1469 3663 1721 3733 ἣλεηκότι
1795 3663 1895 3750 τὴν

1983 3664 2111 3726 nale
2137 3683 2493 3748 proponere:
2530 3664 2647 3728 Sed
2671 3666 2749 3745 si,
2774 3667 2962 3750 inquit
2991 3668 3136 3742 illis,
3159 3668 3321 3730 vobis
3343 3688 3500 3732 curae
3520 3673 3617 3749 sit,

243 3756 477 3833 ἀμοιϐὴν
532 3744 822 3837 ἀξιόχρεω.
890 3757 986 3815 Καὶ
1051 3762 1205 3812 τοῦτο
1261 3754 1358 3828 μὲν
1401 3752 1660 3810 τόιοῦτον’
1723 3754 1784 3810 τὸ
1838 3744 1893 3807 δὲ

1983 3744 2362 3817 manifestum
2395 3755 2652 3818 reddere
2685 3744 3004 3835 quod'Deo
3037 3776 3175 3821 vere
3196 3757 3372 3836 agitis
3401 3744 3620 3840 gratias

243 3854 331 3904 νῦν
379 3848 701 3926 ῥηθήσεσθαι
753 3845 974 3922 μέλλον,
1032 3844 1159 3924 παρ’
1210 3842 1356 3902 οῦδὲν
1414 3847 1576 3912 ἧττον
1630 3845 1713 3899 καὶ
1757 3844 1890 3919 πρὸς

1983 3861 2081 3924 pro
2104 3844 2733 3915 curatione,ostendite
2752 3863 2885 3908 esse
2906 3866 3104 3909 veram
3128 3849 3615 3929 promissionem,

242 3940 427 4016 ψυχῆς
457 3934 721 4016 ὠφέλειαν
765 3932 1089 4013 ἐπιτήδειον,
1124 3934 1211 3990 καὶ
1244 3932 1341 4001 τὴν
1397 3939 1490 3989 τοῦ
1521 3931 1671 4010 ἁγίου
1701 3932 1885 4012 χάριν,

1983 3941 2030 3994 et
2061 3932 2267 3996 relicta
2289 3933 2454 3995 omni
2498 3933 2907 4016 improbitate,
2933 3936 3090 3999 bona
3111 3955 3294 4020 opera
3316 3948 3613 4006 exercete:

240 4025 415 4093 ὁπόση
447 4027 784 4103 παραστῆσαι
813 4023 1122 4100 δυνάμενον.

1983 4021 2018 4084 si
2044 4023 2231 4105 ei,qui
2254 4024 2433 4085 vestri
2459 4031 2547 4086 est
2570 4025 2870 4104 misertus,
2898 4027 3170 4090 referetis
3197 4029 3469 4108 gratiam.
3497 4030 3615 4095 Sed

239 4113 478 4194 quidem
511 4114 623 4176 hic
655 4121 746 4176 est
777 4111 1139 4193 hujusmodi.
1180 4110 1346 4186 Quod
1381 4118 1582 4172 autem
1620 4128 1776 4172 nunc
1809 4118 1901 4173 est
1931 4110 2256 4175 dicendum
2296 4112 2482 4176 nihilo
2514 4122 2604 4175 est
2653 4133 2724 4176 eo
2759 4115 2961 4178 minus
2991 4125 3048 4178 et
3092 4117 3165 4179 ad
3197 4118 3413 4181 anima:
3444 4119 3613 4181 utili-

237 4209 443 4277 tatem,
475 4211 531 4266 et
561 4202 994 4266 ostendendam
1025 4201 1297 4282 gratiam,
1331 4218 1463 4282 qua)
1492 4200 1552 4261 in
1586 4217 1798 4279 magno
1825 4197 2055 4263 Joanne
2085 4200 2411 4265 habitabat.

323 4281 431 4355 1A..
501 4293 628 4353 Κατ’
661 4293 837 4350 ἐκεῖνο
879 4281 1063 4372 καιροῦ
1113 4294 1140 4348 ὁ
1182 4297 1279 4358 τῆς
1326 4281 1534 4356 πόλεως
1576 4287 1762 4369 ἅρχων
1813 4291 1880 4348 τὰ

2020 4288 2290 4365 XlV.Qui
2311 4291 2413 4355 illo
2428 4300 2697 4375 tempore
2715 4301 2843 4357 erat
2861 4312 3082 4376 prreses
3102 4294 3611 4374 civitatis,labora-

244 4384 551 4460 Μαρκίωνος
621 4382 863 4462 δόγματα
935 4388 1108 4439 νοσῶν
1179 4386 1271 4455 ἧν,
1330 4382 1418 4437 καὶ
1489 4392 1607 4442 τοῖς
1680 4379 1881 4439 ἐκείνου

1983 4387 2060 4441 iat
2092 4379 2303 4442 morbo
2337 4381 2677 4462 dogmatum
2712 4384 3057 4452 Marcionis.
3085 4393 3145 4446 et
3181 4384 3413 4447 favebat
3444 4386 3608 4450 illius

243 4473 547 4550 συνηγορῶν
629 4470 984 4551 σπυδασταϊς,
1055 4472 1144 4528 καὶ
1216 4471 1403 4547 μυρίαν
1484 4471 1718 4527 ἒντευθεν
1800 4472 1879 4542 τῷ

1983 4468 2354 4531 :ectatoribus
2385 4493 2398 4530 :
2435 4480 2493 4532 et
2525 4472 2659 4534 ideo
2693 4473 2848 4554 parti
2881 4474 3233 4537 orthodoxae
3265 4484 3389 4536 erat
3432 4495 3610 4541 causa

239 4561 496 4640 ὂρθοὸοξῳ
559 4562 708 4639 μέρει
781 4561 1034 4641 παρέχων
1104 4560 1199 4628 τήν
1246 4555 1475 4648 βλάϐην,
1523 4559 1707 4615 τούτου
1752 4560 1875 4648 ,τὴν

1983 4557 2251 4620 ualorum
2287 4559 2841 4648 innumerabilium.
2872 4562 3064 4644 Hujus
3095 4582 3339 4626 uxorem
3374 4565 3470 4642 iis,
3505 4569 3607 4648 qui

240 4655 476 4730 γαμετὴν
533 4654 562 4709 ὁ
613 4650 926 4731 ἆποῤῥήτως
987 4656 1152 4707 ταῦτα
1206 4647 1520 4724 ποικίλλων,
1551 4650 1639 4706 καὶ
1690 4647 1874 4727 φιλαν-

236 4740 458 4819 θρώπως
546 4741 985 4816 οἷκονομούμενος
1068 4737 1210 4813 νόσῳ
1291 4736 1619 4817 δυσεντερίας
1702 4737 1871 4817 ἀφῆκε

235 4842 567 4909 περιπεσεῖν.
618 4820 680 4886 Ἠ
737 4829 792 4887 δὲ
833 4830 1010 4898 ἦττων
1061 4837 1153 4889 τοῦ
1205 4828 1372 4886 κακού
1428 4826 1716 4907 γενομένη,
1762 4832 1871 4884 πᾶ-

237 4941 328 4977 σαν
386 4920 484 4993 μὲν
541 4920 763 4996 ίοτρείας
822 4918 1109 4999 ἂπήλεγχε
1167 4917 1395 4998 τέχνηνο
1459 4917 1654 4981 πάντες
1712 4915 1767 4972 δὲ
1829 4918 1875 4973 οἱ

234 5009 297 5064 τὰ
365 5009 465 5064 ’ἶσα
521 5018 830 5090 φρονοῦντες
903 5010 975 5071 εἷς
1052 5008 1364 5088 προσευχὴν
1430 5005 1872 5085 συγκαλούμενοι,

233 5097 424 5176 βελτίω
478 5096 736 5155 διετίθουν
792 5096 960 5161 οὐδέν,
1039 5097 1202 5159 Μόλις
1262 5104 1386 5175 γοῦν
1455 5101 1555 5163 τῆς
1631 5093 1874 5153 ἰωαννου

234 5187 454 5268 χάριτος
510 5189 581 5252 εἷς
641 5187 862 5262 μνήμην
914 5185 1174 5256 ἐλθόντες,
1210 5188 1297 5243 καὶ
1348 5196 1503 5244 τοῦτο
1559 5186 1696 5241 κατὰ
1752 5192 1872 5243 νοῦν

231 5277 460 5352 θέμενοι,
523 5278 596 5339 ὡς
662 5277 705 5330 εἰ
778 5276 846 5331 δι’
918 5277 1076 5332 αὐτοῦ
1143 5274 1352 5353 γένοιτο
1413 5282 1508 5331 τοῦ
1564 5275 1867 5350 νοσήματος

1959 4665 2174 4711 arcane
2230 4656 2288 4711 et
2316 4647 2577 4729 benigne
2630 4652 2758 4714 hac
2810 4652 3016 4727 variat,
3051 4653 3279 4715 dimisit
3329 4654 3606 4718 laborare

1960 4735 2171 4799 morbo
2206 4738 2479 4803 torminis
2523 4740 2971 4806 intestinorum.
3008 4741 3115 4806 Illa
3142 4751 3338 4806 autem
3369 4762 3403 4805 a
3451 4745 3603 4808 malo

1957 4835 2239 4909 superata
2261 4847 2499 4891 omnem
2525 4830 2768 4912 quidem
2798 4831 3022 4896 refellit
3051 4832 3366 4896 medicinae
3384 4842 3598 4900 artem:

1958 4934 2170 4979 omnes
2190 4919 2462 5000 vcro,qui
2478 4918 2687 4982 eadem
2707 4920 3269 4999 sentiebant,vocati
3289 4923 3360 4985 ad
3384 4922 3602 4986 oratio-

1958 5024 2247 5080 nem,non
2266 5026 2393 5068 eam
2417 5008 2634 5071 melius
2650 5010 3132 5088 aﬂ‘ecerunt,imo
3150 5031 3289 5074 vero
3312 5011 3599 5090 deterius,

1959 5094 2096 5183 mali
2137 5102 2370 5177 tempus
2401 5097 2454 5158 ei
2499 5099 2898 5179 producentes
2939 5119 3086 5164 vana
3110 5121 3218 5183 spe
3248 5102 3596 5170 curationis.

1955 5181 2067 5246 Vix
2126 5184 2363 5247 tandem
2432 5195 2628 5250 autem
2686 5187 2934 5252 Joannis
3005 5181 3210 5272 gratiae
3271 5192 3598 5267 recordati,

1955 5290 2091 5363 cum
2125 5273 2239 5335 hoc
2267 5275 2422 5355 apud
2474 5295 2538 5339 se
2569 5278 2935 5354 statuissent,
2973 5280 3133 5362 quod
3165 5282 3213 5342 si
3247 5300 3355 5363 per
3400 5281 3597 5362 ipsum

230 5364 398 5439 λύσις,
433 5363 859 5444 συναποσχέσθαι
918 5367 1006 5422 καὶ
1049 5365 1146 5430 τῆς
1190 5364 1327 5420 κατὰ
1369 5365 1430 5419 τὸ
1486 5362 1659 5441 δόγμα
1712 5363 1867 5420 νόσου

1983 5368 2124 5424 ξεί-ει
2145 5380 2180 5425 a
2206 5362 2414 5426 morbo
2438 5365 2738 5443 liberatio,
2763 5368 2942 5432 simul
2971 5361 3148 5433 etiam
3174 5361 3535 5435 desisterent
3565 5391 3600 5434 a

230 5453 634 5536 χαλεπωτέρας,
668 5452 833 5520 οὕτως
892 5455 1106 5521 ἑαυτοὺς
1152 5453 1428 5523 πείσαντες
1476 5451 1705 5538 κλινήρη
1765 5452 1865 5527 τῆν

1983 5450 2162 5519 morbo
2203 5452 2519 5537 dogmatis,
2553 5457 2652 5543 qui
2686 5467 2772 5520 est
2822 5458 2996 5540 longe
3026 5460 3301 5546 gravior;
3334 5479 3472 5527 cum
3507 5461 3595 5529 sic

300 5636 335 5695 ο
361 5634 569 5706 Matth.
601 5651 697 5712 xv,
734 5632 835 5703 22.
