3996 6178
378 329 533 397 1079

1660 333 1942 396 MENSIS
1997 331 2449 397 JANUABIUS.

3653 326 3791 392 1080

377 471 493 534 sibi
537 471 1063 552 persuasissent,in
1089 470 1243 532 lecto
1270 469 1730 532 decumbentem
1765 470 2023 531 afferunt

2140 480 2333 524 υναῖκα
2389 471 2734 541 κομισθεῖσαν
2794 469 2895 544 πρὸ
2953 468 3056 523 τῶν
3115 473 3206 523 τοῦ
3255 470 3433 543 ἱεροῦ
3501 470 3793 538 napis-.6”:

378 561 718 638 mulierem,
756 571 956 624 eteam
983 567 1375 640 statuuntpro
1400 559 1629 621 foribus
1653 559 1882 640 templi,
1918 559 2021 620 de-

377 651 712 714 siderantes
748 652 1017 714 invenire
1058 649 1401 712 Flavianum
1435 658 1496 711 et
1523 649 1763 712 beatum
1800 649 2024 710 vultum

375 744 836 803 Joannis.Sanctt
860 758 997 815 ergo
1021 743 1088 799 ad
1117 757 1214 799 eos
1245 741 1841 814 egrediuntur.Neque
1871 741 2024 798 enim

379 843 485 904 par
499 843 631 887 esse
648 831 843 905 neqtre
858 824 1176 885 honesturn
1197 822 1620 901 censebant,ut
1633 829 1719 885 eis
1738 821 2023 904 templum

381 922 872 994 pateretquorum
899 912 1098 974 anima
1119 930 1236 973 non
1255 910 1880 992 patebatdogmatibus
1904 912 2025 992 pie-

379 1008 766 1066 tatis.Primus
791 1016 983 1065 autem
1007 1007 1088 1064 eis
1104 1007 1248 1063 dixit
1273 1022 1446 1064 verus
1465 1007 1749 1064 tllebomo
1766 1005 2023 1070 Dei,bea-

380 1091 729 1172 ta,inquam,
753 1091 853 1153 illa
877 1098 932 1152 et
955 1091 1152 1152 suavis
1171 1089 1394 1168 lingua:
1429 1089 1580 1162 Quid
1609 1107 1708 1150 vos
1731 1088 1934 1167 movit,
1963 1095 2025 1150 ut

377 1181 702 1243 statueritis
732 1181 938 1243 venire
969 1179 1040 1241 ad
1070 1179 1358 1260 templum
1393 1179 1892 1254 Christianorum,
1917 1177 2022 1260 qui

378 1269 676 1333 Christum
703 1271 945 1351 quidem
974 1269 1401 1331 adversamini:
1433 1268 1794 1332 Marciouem
1827 1277 2022 1330 autem

379 1359 620 1438 plurimi
644 1359 860 1436 facitis,
891 1368 949 1420 et
972 1358 1207 1422 habetis
1232 1358 1295 1418 in
1329 1376 1542 1438 magno
1565 1358 1828 1419 honore?
1857 1355 2024 1428 Quod

377 1453 608 1523 quidem
633 1453 802 1524 plane
823 1454 959 1510 satis
977 1452 1404 1523 ostendit,quod
1428 1450 1585 1507 illius
1609 1451 1864 1508 cultores
1888 1463 2028 1505 con-

377 1538 723 1596 vocaverltis
745 1539 812 1595 ad
839 1539 1024 1595 morbi
1051 1548 1146 1595 aut
1169 1537 1412 1608 alicuius
1436 1535 1712 1593 molestiae
1732 1533 2024 1590 liberatio-

381 1641 544 1700 nem,
576 1623 810 1705 etquod
837 1642 970 1686 cum
1009 1623 1094 1684 illi
1119 1622 1342 1704 precati
1367 1629 1591 1698 essent,
1617 1640 1735 1682 non
1766 1618 2029 1682 assecuti

382 1717 512 1778 sitis
533 1717 1088 1797 curationemzquod
1118 1715 1360 1797 quidem
1392 1714 1558 1776 vobis
1573 1713 1790 1776 accidit
1813 1720 2031 1794 praeter

383 1805 1214 1886 exspectationemDiscedite
1228 1822 1368 1883 ergo
1381 1803 1454 1864 ab
1470 1805 1583 1865 hoc
1597 1821 1764 1864 sacro
1779 1801 2025 1882 templo,

383 1897 664 1976 quoniam
690 1914 802 1958 nec
827 1915 931 1958 voc
956 1894 1228 1976 poteritis
1249 1894 1493 1955 omnino
1515 1893 1818 1956 Christum
1845 1901 2028 1953 tenta-

380 2003 558 2046 rezne
582 1985 696 2048 hoc
717 1985 899 2047 stulte
919 1984 1163 2064 putetis.
1199 1983 1286 2046 Illi
1311 1990 1505 2044 autem
1525 1981 1802 2044 dicebant
1833 1999 1900 2042 se
1923 1999 2029 2062 pa-

383 2081 622 2135 rentum
649 2092 854 2136 errore
887 2092 1022 2136 esse
1046 2080 1252 2154 captos
1276 2079 1339 2134 et
1360 2090 1549 2152 usque
1578 2071 1639 2132 in
1673 2069 2028 2131 hodiernum

385 2163 545 2226 diem
568 2161 754 2225 fuisse
769 2171 1081 2244 superatos
1105 2181 1137 2224 ιι
1159 2161 1313 2223 mala
1331 2158 1910 2222 consuetudine.Sed
1928 2176 2033 2239 per

385 2251 710 2326 Christum,
737 2251 1111 2328 aiebant,vos
1139 2249 1822 2330 rogamus,miseremini
1847 2248 2033 2330 poeni-

387 2343 662 2404 tentium.
694 2340 792 2404 Sic
815 2342 974 2402 enim
1004 2359 1138 2402 cum
1167 2359 1262 2415 eo,
1287 2340 1444 2421 quod
1466 2358 1685 2420 corpus
1705 2348 1868 2401 recte
1897 2339 2033 2400 affi-

387 2431 866 2508 cietis,eflicietis
880 2431 1058 2494 etiam
1073 2437 1158 2507 ,ut
1179 2448 1322 2492 sana
1334 2429 1409 2491 sit
1425 2428 1858 2492 animaSciatis
1873 2427 2033 2489 enim

384 2522 538 2599 fore,
579 2529 644 2582 ut
685 2540 794 2583 nos
843 2537 1222 2602 nequaquam
1275 2518 1529 2600 amplius
1568 2517 1972 2581 abstineamus
2002 2535 2034 2578 a

390 2616 806 2673 communione
822 2623 1160 2684 vestra,qua
1175 2623 1256 2670 est
1270 2627 1338 2669 ex
1354 2627 1482 2668 vera
1497 2611 1830 2683 pietateilis
1850 2611 2036 2667 ﬂexus

393 2713 641 2770 magnus
667 2697 1116 2769 Joannesjussit
1140 2711 1344 2768 aquam
1377 2696 1592 2752 atl‘erri:
1616 2696 1708 2752 cui
1733 2709 1864 2752 cum
1887 2695 2035 2750 divi-

392 2799 534 2842 num
565 2784 930 2853 signaculum
956 2783 1248 2852 iniecisset
1272 2781 1527 2852 pontifex
1547 2781 1654 2849 (sic
1674 2780 1828 2838 enim
1844 2779 1964 2836 illic
1981 2777 2034 2835 ei

387 2869 722 2938 persuasit).
751 2865 982 2922 mulieri
1012 2865 1217 2922 infudit
1253 2866 1310 2920 in
1337 2864 1544 2921 Christi
1575 2863 1830 2919 nomine.
1871 2862 2035 2930 Quod

389 2951 624 3024 quidem
650 2965 781 3007 cum
807 2951 1019 3007 factum
1046 2957 1214 3018 esset,
1238 2964 1367 3020 quae
1385 2949 1440 3004 in
1468 2948 1614 3005 lecto
1635 2948 2038 3012 accumbebat.

390 3037 590 3097 statim
616 3035 874 3098 surrexit
897 3054 1062 3111 sana,
1091 3043 1304 3097 etcum
1332 3034 1545 3094 marito
1569 3042 1626 3094 et
1653 3032 1889 3095 civibus
1921 3051 2042 3095 una

2110 555 2314 630 πυλῶν,
2353 561 2508 615 αὒτοῦ
2538 579 2592 613 τε
2651 555 2949 614 Φλαὸιανοῦ
2999 557 3085 613 καὶ
3139 555 3231 623 τῆς
3276 555 3586 613 Ἰωάννου
3621 567 3795 630 τυχεῖν

2109 644 2480 718 ἐπιθυμοῦντες
2537 645 2737 721 ὅψεως,
2800 644 2996 710 Ἐξίασι
3056 652 3348 723 τοιγαροῦν
3408 642 3572 720 πρὸς
3628 644 3797 705 αὖτοὺς

2139 736 2156 790 ἱ
2237 734 2262 756 τι
2518 735 2530 758 ›
2574 735 2588 752 ς
2704 735 2717 752 ι
2822 733 2848 755 κ
3024 732 3046 754 ι
3353 733 3369 752 ο
3674 733 3727 762 9-
3787 753 3802 765 ⁸

2109 757 2136 790 ο
2225 752 2392 812 αγιοι,
2470 731 2596 790 Ουδε
2661 757 2761 812 γαρ
2818 731 2960 800 αξιον
3024 756 3230 812 εκριναν
3283 735 3582 811 βασιμον
3633 745 3801 786 amet.

2108 821 2348 899 γενέσθαι
2399 823 2458 878 τὸ
2509 824 2669 900 ἱερὸν,
2705 821 2900 878 ἄϐατον
2945 823 3020 878 ἔτι
3083 829 3150 898 τῇ
3206 819 3489 893 εὐσεϐείᾳ
3550 819 3662 874 τὶν
3718 824 3807 893 ψυ-

2107 912 2219 991 χὴν
2251 910 2460 991 ἔχουσι.
2511 913 2606 970 Καὶ
2650 913 2861 988 πρῶτος
2915 914 3047 990 πρὸς
3095 913 3278 977 αὐτοὺς
3359 914 3397 967 ὁ
3435 909 3678 976 ἀληθὴς
3735 916 3812 964 τυ)

2107 1007 2238 1057 Θεοῦ
2296 999 2588 1079 ἅνθρωπος,
2650 1003 2684 1068 ἡ
2769 1004 2999 1078 μακαρία
3077 1000 3297 1080 γλῶσσα
3389 1001 3506 1056 καὶ
3582 997 3815 1076 μελιχρέ

2106 1092 2193 1146 καὶ
2241 1092 2526 1164 σωτήριος,
2562 1089 2622 1147 Τί
2665 1091 2948 1169 παθόντες,
2981 1090 3106 1168 ἔφη,
3141 1091 3219 1164 τῷ
3262 1098 3391 1147 τῶν
3467 1095 3818 1167 Χριστιανῶν

2107 1186 2218 1253 ναῷ
2262 1178 2714 1255 προσεληλύθατε,
2771 1181 2817 1236 οἱ
2872 1181 2937 1236 τὰ
2985 1187 3208 1257 Χριστοῦ
3265 1181 3380 1255 μὲν
3459 1178 3819 1252 ἐκτρεπόμε-

2109 1291 2211 1339 νοι,
2259 1271 2323 1323 τὰ
2355 1269 2664 1342 Μαρκίωνος
2710 1267 2882 1324 δὲκαὶ
2940 1267 3136 1349 σφόδρα
3167 1267 3252 1324 διὰ
3305 1273 3515 1343 τιμῆς
3559 1267 3816 1346 ἔχοντες

2110 1363 2210 1422 Οἷς
2239 1380 2380 1436 μεγα
2426 1360 2603 1414 καὶτὸ
2657 1360 2774 1421 τοὺς
2808 1358 3006 1417 ἐκείνου
3047 1360 3386 1436 θεραπευτὰς
3428 1359 3525 1421 εἷς
3591 1357 3817 1414 ἐπικου-

2111 1449 2226 1522 ρίαν
2308 1446 2598 1524 συγκαλεῖν
2677 1451 2768 1503 καὶ
2856 1446 3170 1524 ἀπαλλαγῆν
3243 1458 3334 1506 τοῦ
3448 1448 3817 1521 νοσήματος.

2109 1537 2413 1602 Ἀπύστητε
2465 1537 2635 1592 τοίνυν
2670 1544 2762 1593 τοῦ
2803 1539 2944 1613 ἱεροῦ
2977 1543 3123 1596 ναοῦ.
3177 1535 3306 1594 Οὖδὲ
3352 1537 3486 1614 γὰρ
3554 1535 3820 1613 ἐκπειρά-

2113 1648 2200 1681 σαι
2247 1627 2473 1702 Χριστὸν
2537 1626 2696 1700 ὑμεῖς
2763 1625 3063 1692 δυνήσεσθε
3139 1627 3216 1699 μὴ
3283 1633 3467 1682 τοῦτο
3560 1630 3821 1700 πονηρῶς

2113 1713 2311 1773 οἴεσθε.
2389 1713 2518 1776 Τοὺς
2588 1713 2643 1769 δὲ
2728 1717 2935 1791 γονικῇ,
3012 1713 3195 1792 φάναι,
3268 1717 3693 1794 κεχειρῶσθαι

2114 1802 2316 1879 πλάνῃ,
2365 1803 2452 1858 καὶ
2517 1804 2788 1868 συνηθείας
2848 1808 3082 1879 πονηρᾶς
3157 1805 3431 1870 ἡττᾶσθαι
3509 1805 3586 1858 τὸ
3655 1803 3818 1881 μέχρι

2113 1897 2210 1958 τῆς
2281 1892 2538 1968 σήμερον·
2614 1889 2752 1946 ἀλλὰ
2822 1893 2952 1966 πρὸς
3027 1899 3118 1947 τοῦ
3191 1899 3437 1968 Χριστοῦ
3554 1889 3813 1964 δεόμεθα,

2115 1982 2405 2057 οἰκτείρατε
2480 1979 2969 2055 μεταμελομένους.
3032 1980 3182 2038 Οὕτω
3231 1982 3330 2058 γὰρ
3390 1995 3566 2055 μετὰ
3618 1990 3720 2039 τοῦ
3766 1981 3817 2034 εὖ

2115 2077 2271 2146 σῶμα
2334 2071 2580 2144 ποιῆσαι,
2617 2069 2712 2125 καῖ
2773 2071 2872 2136 τὴν
2929 2071 3114 2149 ψυχὴν
3172 2072 3474 2149 ὁγιάσατε.
3547 2072 3661 2128 Καὶ
3721 2071 3815 2145 γὰρ

2115 2161 2292 2216 οὐκέτι
2361 2163 2460 2227 τῆς
2550 2160 2686 2215 κατὰ
2754 2161 2854 2224 τὴν
2913 2157 3178 2216 εὐσέϐειαν
3261 2161 3418 2234 ὑμῶν
3511 2159 3808 2220 κοινωνίας

2118 2250 2511 2317 ἀποστήσεσθαι
2620 2246 3080 2324 διαϐεϐαιοιῦμεθα.
3191 2251 3416 2313 Τούτοις
3562 2249 3812 2320 ἐπικαμυ

2117 2338 2307 2417 φθέντα
2366 2339 2454 2393 τὸν
2523 2337 2717 2415 μέγαν,
2790 2337 2926 2415 ὕδωρ
2997 2343 3432 2417 προσενεχθῆναι
3519 2337 3805 2409 κελεῦσαι,

2117 2431 2269 2485 τοῦτο
2328 2426 2382 2483 δὲ
2441 2427 2724 2506 ἆφραγίσαι
2775 2429 2864 2482 τὸν
2916 2427 3170 2507 ίὲράρχην
3233 2429 3386 2505 (οὕτω
3451 2435 3565 2484 τοῦ
3615 2426 3807 2483 Ἰωάν-

2119 2541 2208 2574 νου
2266 2515 2572 2595 πείσαννος)
2634 2519 2721 2573 καὶ
2779 2515 2865 2572 ἐπὶ
2936 2523 3010 2590 τῷ
3077 2518 3175 2573 τοῦ
3248 2525 3494 2593 Χριστοῦ
3578 2518 3802 2590 ὀνόματι

2117 2609 2486 2686 καταχεθῇναι
2573 2605 2690 2684 [γρ.
2777 2608 3233 2684 κατασχεσθῆναι]
3305 2609 3408 2673 τῆς
3511 2605 3800 2683 γυναικός,

2120 2698 2289 2774 Οὖπερ
2353 2694 2418 2762 δὴ
2480 2695 2785 2774 γενομένου,
2833 2696 2867 2761 ἦ
2929 2692 3249 2761 κλινοτετὴς
3321 2697 3484 2760 εὐθὺς
3547 2696 3795 2752 ἀνίστατο

2116 2786 2294 2862 ὑγιὴς,
2342 2787 2428 2841 καὶ
2490 2784 2600 2859 ἅμα
2648 2785 2737 2840 σὺν
2803 2783 2946 2864 ἀνδρὶ
3007 2785 3094 2840 καὶ
3157 2784 3406 2850 πολίταις
3466 2792 3584 2860 μιᾷ
3656 2788 3798 2862 φωνῇ

2119 2878 2211 2933 τὸν
2272 2877 2496 2953 Χριστὸν
2557 2873 2898 2952 ἐμεγάλυνεν.
2958 2874 3096 2930 Εἶτα
3152 2876 3240 2930 καί
3283 2878 3411 2954 πρὸς
3488 2879 3634 2954 γόνυ
3708 2873 3789 2928 πί-

2121 2985 2341 3028 πτοντες
2373 2965 2495 3028 τοὺς
2548 2965 2729 3041 ἁγίους
2789 2963 3114 3042 συγγνώμην
3155 2969 3258 3029 τῆς
3307 2969 3592 3043 προτέρας
3643 2962 3792 3040 ᾔτουν

2123 3054 2340 3134 ἀγνοίας
2403 3054 2514 3133 [γρ,
2571 3051 2796 3132 ἀνοίας],
2851 3072 2940 3108 και
2995 3053 3133 3110 οὕτω
3195 3054 3484 3132 χαίροντες
3551 3053 3787 3128 ἐπανῄε-

390 3148 537 3193 voce
583 3129 900 3191 unanimes
949 3128 1250 3191 Christum
1286 3125 1761 3206 magniﬁcabant.
1813 3125 2041 3188 Deinde

2140 3125 2247 3222 ταν,
2280 3125 2473 3197 πολλα.
2500 3125 2604 3216 μὲν
2635 3125 3084 3219 τῶν-γρημάτων
3144 3125 3262 3204 τόῖς
3297 3125 3376 3196 ’ἐν
3431 3144 3617 3221 χρείᾳ
3681 3125 3790 3195 δια-

392 3225 570 3286 etiam
603 3225 674 3286 ad
710 3231 1049 3286 sanctorum
1082 3239 1275 3301 genua
1304 3220 1707 3301 procidentes,
1743 3220 2041 3300 petierunt

2140 3220 2458 3306 νειμάμενοι,
2519 3232 2801 3307 τριάκοντα
2860 3229 2914 3284 δὲ
2976 3228 3169 3307 λιτρῶν
3242 3233 3465 3309 χρυσίον
3545 3232 3638 3287 ἐπὶ
3712 3227 3787 3284 δαν

389 3336 420 3377 ν
437 3318 637 3380 eniam
661 3317 881 3398 prioris
908 3315 1344 3392 ignorantiam
1365 3314 1607 3376 domum
1624 3313 1955 3376 redierunt:
1982 3321 2045 3375 et

395 3429 528 3472 cum
585 3409 802 3474 multas
833 3408 1082 3486 quidem
1131 3408 1417 3489 pecunias
1447 3408 1656 3486 egenis
1699 3405 2044 3468 distribuis-

394 3508 551 3576 sent,
587 3499 828 3578 triginta
862 3516 1000 3560 vero
1046 3498 1228 3560 libras
1259 3497 1412 3573 auri,
1443 3498 1653 3577 partim
1683 3497 1925 3577 quidem
1971 3494 2045 3557 ad

396 3596 705 3668 sumptum
734 3587 1181 3667 peregrinorum
1196 3585 1428 3668 ,partim
1450 3596 1645 3647 autem
1662 3593 2041 3666 aegrotorum,

402 3678 619 3760 partim
645 3694 782 3740 vero
807 3677 1106 3757 egentium
1135 3675 1510 3739 xenodochio
1541 3675 1954 3750 tradidissent,
1990 3684 2048 3737 et

398 3767 472 3829 ab
517 3767 620 3828 illo
673 3774 944 3846 tempore
976 3785 1010 3828 a
1059 3766 1577 3829 Marcionistarum
1623 3765 2049 3826 communione

401 3857 643 3918 omnino
679 3855 1138 3936 abstinuissent,
1173 3856 1463 3916 insaniam
1515 3863 1573 3915 et
1599 3855 1918 3917 amentiam
1949 3872 2048 3916 res

399 3947 644 4008 illorum
679 3953 980 4013 vocantes.
1023 3944 1240 4008 Christi
1264 3950 1659 4006 sacrosancta;
1704 3943 2049 4007 assidebant

401 4035 713 4100 Ecclesiae.
750 4036 890 4098 Cam
917 4043 1110 4096 autem
1148 4034 1233 4096 illi
1258 4031 1422 4094 omni
1454 4031 1721 4095 adhibito
1743 4033 1965 4109 studio,
1989 4041 2051 4096 et

401 4132 586 4200 omni,
611 4134 675 4188 ut
699 4126 943 4195 dicitur,
969 4124 1227 4185 rudente
1252 4122 1597 4197 moto,nihil
1629 4122 1874 4184 omnino
1907 4140 2049 4203 pera

401 4216 780 4290 fecissent,et
801 4214 1227 4293 desperassent
1252 4211 1382 4274 ﬁeri
1409 4219 1679 4293 posse,ut
1707 4211 1823 4291 ipsi
1843 4211 1916 4274 ad
1947 4229 2051 4274 eos

401 4306 688 4380 redirent,
728 4303 1223 4384 praestigiatorem
1267 4313 1326 4363 et
1357 4303 1590 4380 Magum
1620 4301 1907 4364 Joannem
1939 4320 2052 4382 ap-

405 4394 730 4474 pellabant,
756 4402 820 4455 et
854 4391 1128 4472 pluribus
1160 4385 1291 4453 aliis
1342 4390 1722 4465 coutumelis,
1757 4391 2050 4454 civitatem

405 4483 718 4557 obeuntes,
760 4501 892 4543 cum
944 4480 1310 4543 alﬁciebant.
1349 4480 1456 4543 Ille
1499 4499 1641 4542 vero
1675 4489 1900 4543 tantum
1941 4479 2050 4542 ab-

2124 3321 2291 3397 πάνῃ,
2351 3326 2508 3376 τοῦτο
2581 3319 2677 3393 μὲν
2737 3317 2920 3394 ξένων,
2979 3325 3136 3376 τοῦτο
3205 3317 3260 3374 δὲ
3345 3321 3662 3377 νοσούντων
3710 3318 3789 3372 καὶ

2127 3407 2435 3484 μενομὲνων
2495 3416 2570 3481 τῷ
2627 3406 2946 3487 ξενοδοχείῳ
2999 3411 3430 3488 παρασχόμενοι,
3503 3409 3602 3474 Ἐξ
3662 3407 3786 3464 ἐκεί-

2129 3506 2216 3555 νοῦ
2270 3496 2324 3553 δὲ
2355 3499 2660 3554 παντάπασι
2720 3499 2808 3554 καὶ
2851 3503 2950 3565 τῆς
3005 3504 3110 3555 τῶν
3171 3505 3604 3577 Μαρκιωνιστῶν
3663 3498 3785 3553 ἀπο-

2130 3587 2392 3668 σχόμενοι
2454 3587 2732 3651 κοινωνίας
2767 3633 2784 3661 ,
2847 3592 2913 3663 τῇ
2967 3589 3060 3644 τοῦ
3121 3593 3348 3666 Χριστοῦ
3416 3588 3785 3666 προσήδρευον

2129 3676 2447 3749 Ἐκκλησίᾳ.
2511 3668 2604 3741 Ὠς
2647 3674 2699 3731 δὲ
2733 3674 2940 3744 πολλὴν
2997 3675 3194 3733 ἐκεῖνοι
3234 3679 3333 3746 τὴν
3377 3677 3625 3747 σπουδὴν
3669 3678 3775 3732 εἰσ-

2130 3767 2465 3844 ενέγκαντες,
2551 3767 2641 3822 καὶ
2711 3765 2892 3839 ὥσπερ
2976 3769 3003 3822 ὸ
3078 3765 3263 3847 λόγος,
3337 3768 3514 3826 πάντα
3604 3765 3775 3824 κάλων

2129 3858 2466 3925 κινήσαντες.
2518 3856 2617 3923 τὴν
2681 3857 2753 3920 εἷς
2811 3861 2878 3914 τὰ
2936 3855 3120 3933 πρώην
3153 3859 3324 3914 αὐτῶν
3379 3859 3495 3936 ]γρ,
3561 3855 3769 3930 τούτων]

2132 3945 2471 4024 ὑποστροφὴν
2531 3945 2873 4022 ἀπέγνωσαν,
2932 3947 3104 4024 μάγον
3175 3968 3232 4003 τε
3317 3947 3624 4008 ἀπεκάλουν
3691 3945 3771 4000 τὸν

2132 4036 2413 4115 Ἰωάννην,
2474 4034 2565 4091 καὶ
2625 4033 2760 4091 ἄλλα
2790 4035 3046 4114 πλεῖστα,
3092 4036 3190 4104 τὴν
3233 4036 3391 4094 πόλιν
3449 4037 3763 4117 περιϊόντες,

2133 4126 2204 4189 εἰς
2264 4126 2422 4181 αὺτὸν
2480 4121 2706 4202 ὕϐριζον,
2769 4127 2831 4182 '0
2875 4124 2928 4180 δὲ
2973 4135 3224 4184 τοσοῦτον
3277 4128 3490 4208 ἀπέσχε
3532 4136 3624 4186 τοῦ
3690 4133 3766 4188 καὶ

2133 4216 2266 4292 πρὸς
2335 4213 2512 4292 ὀλίγον
2579 4213 2969 4293 ἐπιστραφῆναι
3056 4222 3157 4270 τῶν
3229 4214 3453 4294 ὕϐρεων,
3527 4219 3606 4274 ὅτι
3681 4214 3760 4271 καὶ

2134 4305 2476 4380 σεμνύνεσθαι
2536 4302 2741 4379 μᾶλλον
2799 4303 2886 4361 ἐπ’
2949 4304 3139 4365 αὒταϊς
3193 4307 3346 4386 εἶχε,
3395 4315 3472 4383 τῷ
3517 4309 3642 4386 πρὸς
3679 4304 3756 4358 τὸν

2143 4395 2421 4461 Δεσπότην
2456 4394 2646 4468 ὁμοίῳ·
2681 4393 2858 4459 ἄλλως
2887 4417 2944 4450 τε
3003 4394 3058 4451 δὲ
3091 4396 3180 4451 καί
3223 4397 3564 4474 γεόπεμπτον
3593 4399 3749 4453 αὐτοῖς

2137 4484 2430 4563 συμφορὰν,
2466 4482 2586 4540 ὅσον
2632 4483 2804 4559 οὕπω,
2836 4483 3167 4540 καταλαϐεῖν
3211 4485 3536 4562 μέλλουσαν,
3576 4483 3742 4541 ἐκεῖνός

403 4573 607 4645 fuit,ut
632 4571 720 4633 vel
743 4573 1053 4632 minimum
1083 4580 1320 4632 curaret
1345 4570 1941 4648 contumelias,uteis
1959 4589 2041 4650 pot

2142 4585 2422 4647 προεῖπεν.
2501 4563 2739 4650 Ὀλίγαις
2813 4574 2913 4650 γὰρ
2980 4573 3196 4649 ὕστερον
3264 4575 3494 4654 ἡμέραις
3555 4571 3734 4644 σεισμοῦ

407 4663 523 4724 tius
555 4660 834 4723 similiter
861 4671 1038 4742 atque
1071 4661 1360 4724 Dominus
1406 4660 1784 4740 gloriaretur.
1820 4660 2061 4741 Alioqui

407 4761 604 4814 autem
626 4751 912 4813 divinitus
937 4750 1266 4812 immissam
1294 4749 1686 4812 calamitatem
1706 4749 1777 4811 ad
1801 4767 1903 4810 eos
1927 4767 2060 4811 mox

409 4861 542 4904 esse
564 4850 874 4903 venturam
901 4840 1002 4901 ille
1029 4839 1323 4921 praedixit.
1359 4839 1567 4900 Paucis
1599 4839 1756 4898 enim
1783 4845 1916 4919 post
1938 4838 2063 4900 die-

410 4935 544 5008 bus,
581 4949 717 4994 cum
750 4948 998 5009 magnus
1051 4937 1429 4991 terratmotus
1462 4928 1674 4991 fuisset
1701 4927 2058 5004 Antiochiae,

410 5023 542 5102 ipsa
573 5021 813 5094 domus,
843 5039 977 5102 qua)
1006 5019 1516 5082 Marcionistarum
1549 5026 1897 5098 susceperat
1924 5036 2064 5079 con-

411 5112 846 5191 gregationem,
879 5128 1192 5179 corruens,
1227 5117 1284 5171 et
1331 5109 1543 5168 domus
1588 5127 1826 5188 quoque
1873 5107 2064 5188 pluri-

412 5220 524 5263 mae
547 5221 681 5263 cum
704 5201 914 5281 iis,qui
935 5200 1143 5262 eadem
1159 5196 2067 5279 sentiebant,labelactatte,per-

413 5291 692 5354 diderunt
746 5290 1064 5370 quamdam
1121 5289 1542 5353 incredibilem
1595 5305 1802 5348 eorum
1857 5288 2064 5349 multi-

415 5381 707 5455 tudinem,
745 5380 984 5460 etquod
1018 5388 1108 5440 est
1135 5381 1392 5441 maxime
1416 5376 1795 5451 admirabile,
1818 5387 1876 5438 et
1907 5378 2063 5458 quod

415 5480 622 5550 aperte
651 5469 1005 5530 ostendebat
1034 5487 1165 5529 eam
1190 5467 1472 5530 divinitus
1505 5465 1833 5527 immissam
1859 5467 2070 5529 fuisset

414 5557 983 5632 calamitatem,cum
1002 5565 1162 5620 tanta
1190 5557 1466 5637 periisset
1491 5553 1813 5616 multitudo
1832 5573 2063 5633 eorum,

417 5646 514 5726 qui
549 5645 702 5707 male
725 5645 1087 5722 sentiebant,
1117 5646 1317 5710 nullus
1349 5665 1420 5710 ex
1451 5645 1549 5726 iis,
1593 5645 1698 5728 qui
1725 5655 1894 5710 recte
1923 5663 2064 5709 seu-

2147 4661 2382 4740 μεγάλου
2424 4663 2522 4728 τὴν
2570 4661 2857 4742 Ἀντιόχου
2901 4665 3237 4738 κινήσαντος,
3273 4667 3428 4728 αὐτός
3461 4689 3516 4723 τε
3546 4667 3740 4730 heims,

2145 4754 2203 4816 ὃς
2249 4752 2343 4819 τὴν
2374 4752 2480 4808 τῶν
2539 4753 2952 4828 Μαρκιωνιστῶν
2998 4755 3313 4832 συναγωγὴν
3371 4755 3606 4836 ἐδέχετο,
3633 4770 3742 4822 συμ-

2145 4842 2346 4914 πεσὼν,
2393 4842 2482 4896 καὶ
2531 4842 2687 4898 οἰκίαι
2744 4841 2997 4898 πλεῖσται
3039 4855 3158 4905 τοῖς
3216 4845 3280 4899 τὰ
3339 4845 3469 4901 αὐτὰ
3514 4847 3745 4924 φρονοῦσιν

2146 4933 2693 4993 ἑπικατασεισθεῒσαι,
2766 4930 2991 4988 ἄπιστόν
3049 4955 3098 4987 τι
3164 4933 3366 5001 πλῆθος
3432 4938 3600 4992 αὑτῶν
3659 4930 3743 4984 ἀπ-

2145 5018 2369 5089 ήλεσαν.
2437 5023 2530 5077 Καὶ
2579 5022 2640 5076 τὸ
2692 5019 3152 5096 θαυμασιώτατον,
3189 5024 3277 5077 καὶ
3334 5025 3361 5080 ὅ
3409 5025 3628 5102 φανερὰν
3663 5017 3750 5074 Est-

2147 5110 2290 5166 κνύει
2348 5107 2613 5165 θεώλατον
2675 5109 2819 5164 εἶναι
2876 5109 2976 5175 τὴν
3041 5113 3336 5190 συμφορὰν,
3399 5112 3483 5168 ὅτι
3541 5110 3749 5168 τοσούτου

2150 5197 2381 5267 πλήθους
2451 5205 2560 5254 τῶν
2635 5196 2937 5262 κακοδόξων
3008 5199 3380 5277 ἀπολωλότος,
3456 5201 3614 5263 οὒδεὶς
3672 5194 3749 5252 τῶν

2148 5288 2272 5366 ὀρθὰ
2329 5293 2656 5367 φρονούντων
2717 5291 2901 5351 αὐτοῖς
2961 5291 3329 5350 συναπώλετο.
3393 5299 3560 5348 Τοῦτο
3621 5283 3749 5367 γενό-

2149 5397 2308 5452 μεθον
2392 5378 2480 5432 καὶ
2549 5377 2671 5438 τοὺς
2744 5375 3085 5441 εὖσεϐοὕντας
3172 5378 3460 5458 ἑπὲρῤωσε,
3534 5383 3617 5436 καὶ
3673 5375 3752 5430 τῶν

2149 5471 2326 5527 κακῶς
2423 5468 2754 5544 φρονούντων
2825 5469 3052 5546 συχνοὺς
3135 5467 3496 5548 διωρθώσατο.
3580 5469 3664 5527 Καὶ
3707 5462 3754 5527 ἦν

2147 5553 2281 5621 ἰδεῖν
2312 5556 2448 5612 κατὰ
2491 5559 2590 5621 τὴν
2645 5556 2856 5614 ἅπασαν
2887 5557 3076 5636 χώραν
3119 5564 3217 5626 τῆς
3253 5558 3460 5625 πόλεως
3492 5555 3753 5635 εὖκτηρίους

2151 5645 2250 5725 μὲν
2313 5643 2497 5712 οἴκους
2528 5653 2644 5723 Θεῷ
2673 5646 3106 5730 ἀνεγειρομέναυο
3147 5649 3201 5706 εἴ
3257 5671 3358 5710 που
3388 5647 3443 5707 δὲ
3490 5651 3609 5718 ναός
3639 5641 3755 5703 εἰδω-
