3996 6178
236 352 397 422 1081

1290 357 1475 420 VITA
1521 358 1580 421 S.
1641 357 1967 422 JOANNIS
2005 349 2560 420 CHRYSOSTOMI.

3457 341 3607 414 1082

229 487 396 552 λικὸς
441 488 848 566 καταλέλειπτο,
913 493 1198 567 καθῃρεῖτο
1255 491 1340 548 καὶ
1391 492 1464 554 εἰς
1526 496 1628 567 γῆν
1686 489 1920 570 ἰδαφί-Δ

2005 488 2212 566 ebant,
2245 488 2425 551 simul
2454 505 2590 550 cum
2621 486 2698 548 iis
2729 485 2928 567 periit.
2955 483 3080 548 Hoc
3111 500 3248 548 cum
3276 476 3358 546 ita
3387 481 3607 547 factum

232 584 395 649 ζετοο
455 577 644 657 ἄνδρας
703 578 758 636 δὲ
809 577 1122 658 φιλοσοφίας
1168 580 1254 636 καὶ
1318 579 1508 656 ἀρετῆς
1555 578 1888 654 ἐπιμελομέ-

233 690 372 730 νους
439 670 527 725 καὶ
569 668 746 746 πολλῇ
809 675 878 746 τῇ
911 669 1114 726 συνέσει
1143 681 1603 750 κεκοσμημένους,
1633 671 1734 726 δπὸ
1790 675 1888 735 τῆς

232 764 342 814 τοῦ
399 757 634 836 μεγάλου
689 759 877 817 τούτου
933 761 1179 836 προνοίας
1233 760 1306 824 εἷς
1362 759 1460 826 τήν
1515 765 1619 815 τῶν
1676 756 1889 814 πολλῶν

233 849 517 922 σωτηρίαν
589 847 1058 923 ἐκπεμπομένους.
1134 849 1429 926 Μαρτύριον
1499 845 1747 921 ἀψευδὲς,
1822 849 1888 903 τὰ

233 937 387 993 κατὰ
467 937 530 993 τὸ
615 935 896 1012 Ἀμμανὸν
977 936 1098 1014 ἄρος
1183 944 1475 1002 τηνικαῦτα
1555 937 1892 1015 γεγενημένα

236 1022 372 1080 ἔνθα
415 1025 539 1086 τοὺς
569 1032 952 1090 κατοικοῦντας
996 1024 1142 1082 οὐδὲν
1193 1025 1355 1082 πλέον
1401 1025 1551 1105 ἔχειν
1595 1027 1669 1090 εἰς
1699 1025 1889 1102 ἀγριόο

236 1135 389 1180 τητα
421 1115 539 1179 τοὺς
594 1118 758 1192 θῆρας
793 1115 1208 1180 καταλιπόιτας.
1257 1116 1330 1176 εἷς
1376 1115 1638 1182 τοσαύτην
1697 1114 1892 1180 έκείνος

235 1200 456 1279 ἤγαγεν
515 1203 826 1279 ἡμερότητα
873 1225 932 1260 τε
989 1205 1079 1260 καὶ
1125 1203 1451 1283 θεοσέϐειαν,
1487 1206 1562 1269 ὡς
1620 1203 1892 1280 ἀμελῆσαι

240 1292 355 1367 μὲν
438 1297 538 1359 τῆς
626 1291 1099 1371 πατροπαραδότου
1179 1294 1459 1372 θρησκείας
1549 1295 1892 1372 (πράγματος

237 1383 476 1461 ἰσχυροῦ
534 1380 754 1462 σφόδρα,
802 1384 891 1439 καὶ
949 1382 1161 1460 ἀλόγως
1205 1384 1326 1447 τοὺς
1385 1384 1616 1449 πολλοὺς
1671 1386 1746 1447 ὡς
1803 1384 1898 1440 οὒκ

237 1469 418 1528 ἄλλου
447 1473 591 1535 τινὸς
636 1471 1037 1552 χειρουμένου),
1073 1473 1166 1528 σὺν
1195 1471 1374 1549 πολλῇ
1431 1471 1484 1529 δὲ
1515 1478 1581 1549 τῇ
1637 1474 1898 1548 προθυμίᾳ

235 1563 384 1637 πρὸς
445 1563 506 1617 τὸ
536 1567 636 1628 τῆς
679 1559 932 1628 ἀληθείας
983 1562 1179 1642 φέγγος
1227 1563 1620 1637 αὐτομολῆσαι’
1675 1565 1762 1619 καὶ
1819 1563 1899 1637 μὴ

237 1649 420 1728 μέχρι
470 1650 659 1706 τούτου
712 1651 927 1722 στῆναι,
985 1649 1123 1706 ἀλλὰ
1189 1653 1276 1707 καὶ
1337 1650 1566 1714 πολλοὺς
1618 1650 1669 1717 ἐξ
1725 1653 1900 1708 αὐτῶν

236 1736 664 1817 φιλοτιμότερον
719 1745 786 1815 τῇ
818 1736 1054 1811 εὐσεϐείᾳ
1105 1739 1417 1818 χρωμένους
1473 1739 1661 1818 ανδρας
1697 1761 1754 1798 τε
1811 1742 1901 1796 καὶ

1973 585 2152 655 esset,
2165 585 2223 640 et
2241 579 2370 659 pios
2386 576 2881 650 corroboravit,et
2903 574 3164 639 correxit
3180 573 3400 636 multos
3422 592 3492 635 ex
3511 571 3610 647 iis,

1973 667 2076 743 qui
2102 668 2256 730 male
2277 665 2642 729 sentiebant:
2680 674 2740 727 et
2768 665 2987 728 licebat
3019 664 3220 727 videre
3245 663 3306 726 in
3335 662 3615 725 universa

1971 757 2219 836 regione
2243 756 2521 829 civitatis,
2545 757 2756 818 domos
2787 755 3034 834 quidem
3060 755 3348 817 oratorias
3369 751 3493 816 Deo
3518 770 3618 814 ex-

1971 845 2397 928 citari,templa
2415 855 2613 908 autem
2638 843 3177 921 simulacrorum,si
3200 843 3357 925 quod
3377 860 3618 906 reman-

1971 943 2155 1006 serat,
2183 935 2340 997 dirui
2371 936 2638 997 funditus
2664 943 2722 998 et
2743 936 2802 996 in
2830 946 3048 997 terram
3081 934 3298 1015 dejici:
3327 933 3485 995 viros
3504 951 3616 995 au-

1977 1029 2124 1099 tem,
2154 1026 2256 1105 qui
2282 1024 2681 1106 philosophiae
2701 1043 2906 1086 curam
2942 1024 3234 1105 gerebant
3263 1032 3322 1085 et
3354 1023 3614 1097 virtutis,

1982 1131 2315 1194 magnaque
2332 1115 2526 1175 ornati
2549 1123 2720 1175 erant
2736 1114 3131 1193 intelligentia
3154 1121 3210 1176 et
3227 1112 3505 1175 acumine
3528 1111 3616 1172 in-

1979 1203 2206 1283 genii,a
2221 1205 2417 1282 magni
2433 1204 2613 1283 hujus
2632 1202 2743 1265 viri
2770 1204 3140 1284 providentia
3157 1203 3349 1266 emitti
3370 1202 3442 1264 ad
3467 1200 3589 1262 mul
3604 1233 3621 1247 -

1979 1301 2172 1354 torum
2197 1293 2472 1355 salutem.
2503 1294 2740 1355 Certum
2763 1303 2958 1355 autem
2988 1292 3308 1374 ejus,quod
3335 1292 3618 1366 dicimus,

1981 1382 2388 1444 testimonium
2439 1391 2578 1444 sunt
2620 1401 2713 1457 ea,
2749 1401 2881 1463 qua:
2931 1383 3084 1445 iacta
3134 1389 3274 1444 sunt
3316 1381 3375 1441 in
3420 1388 3622 1441 monte

1982 1470 2416 1532 Ammanombi
2436 1489 2540 1533 eos
2565 1470 2666 1551 qui
2686 1470 3163 1552 habitabant,qui
3186 1477 3355 1547 erant
3373 1468 3540 1548 impii
3563 1472 3622 1529 et

1983 1561 2392 1635 immansueti,
2419 1568 2477 1623 et
2505 1561 2658 1622 nihil
2693 1560 3052 1622 differebant
3079 1579 3114 1620 a
3142 1559 3468 1621 bestiarum
3504 1557 3622 1616 im-

1983 1649 2399 1729 manitate,ille
2418 1650 2491 1711 ad
2516 1659 2732 1710 tantam
2761 1649 3279 1711 mansuetudinem
3303 1644 3548 1709 deduxit
3567 1651 3624 1706 et

1983 1737 2288 1818 pietatem,
2315 1746 2432 1799 uta
2464 1738 2732 1819 patribus
2751 1739 2993 1819 quidem
3028 1739 3221 1800 datam
3256 1733 3627 1815 neglexerint

237 1842 536 1905 γυναῖκας,
585 1829 704 1893 νοὺς
759 1830 859 1902 μὲν
898 1830 988 1885 τὸν
1046 1834 1156 1885 τῶν
1213 1835 1496 1908 μοναχῶν,
1526 1831 1647 1895 τοὺς
1693 1829 1748 1886 δὲ
1807 1831 1898 1885 τὸν

2002 1827 2499 1906 'eligionem,rem
2528 1828 2698 1891 valde
2718 1827 3114 1904 difiicilem,et
3139 1845 3291 1908 quae,
3318 1827 3367 1886 si
3390 1823 3508 1886 ulla
3529 1840 3626 1884 res

238 1925 362 1974 τῶν
415 1917 689 1995 παρθένων
721 1919 877 1995 ζυγὸν
922 1918 1194 1998 ὗπελθεϊν,
1229 1921 1305 1977 Τὰ
1353 1919 1407 1974 δὲ
1438 1923 1558 1998 περὶ
1591 1921 1651 1977 το
1704 1920 1899 1978 Κάσιον

2002 1916 2353 1991 ilia,multos
2376 1918 2555 1979 vincit
2579 1919 2808 1996 absque
2833 1919 3084 1978 ratione:
3121 1923 3394 1997 prompto
3427 1922 3626 1976 autem

242 2005 378 2081 ὅρος
424 2008 512 2063 καὶ
569 2008 659 2063 τὸν
703 2006 883 2063 ἐκεῖσε
954 2013 1061 2062 τῶν
1127 2005 1401 2078 Ἐλλήνων
1446 2011 1571 2065 ναὸν
1636 2015 1714 2082 τῷ
1757 2005 1900 2086 ἀνδρὶ

2002 2013 2041 2066 ιι
2062 2006 2246 2068 alacri
2269 2005 2474 2068 animo
2508 2007 2933 2086 transfugerint
2957 2006 3029 2068 ad
3057 2008 3252 2068 lucem
3273 2003 3630 2067 veritatiszet

249 2095 594 2174 πραχθέντα,
627 2103 706 2160 τίς
759 2095 898 2152 οὕτω
939 2096 1206 2172 βάσκανος
1266 2097 1302 2164 ἢ
1345 2098 1601 2177 ῥᾴθυμος,
1635 2097 1707 2163 ὠς
1762 2099 1898 2152 ὑπο-

2002 2112 2097 2155 ιοο
2120 2095 2412 2157 hactenus
2435 2096 2846 2176 steterint,sed
2874 2100 3049 2158 etiam
3079 2093 3250 2156 multi
3267 2113 3336 2156 ex
3358 2092 3433 2154 iis
3447 2091 3628 2172 pieta-

249 2198 441 2260 μεῖναι
488 2185 815 2263 παραλιπεῖν
853 2204 870 2261 ;
903 2185 1024 2243 ἔνθα
1050 2187 1316 2254 τοσαύτης
1367 2187 1577 2254 πλάνης
1606 2191 1670 2243 τὸ
1701 2187 1900 2264 πρότε-

2002 2199 2046 2244 ιε
2065 2182 2160 2244 usi
2191 2183 2662 2265 muniﬁcentius,
2690 2185 2821 2266 viri,
2848 2187 3180 2266 inquam,et
3205 2183 3511 2261 mulieres,
3543 2177 3631 2240 illi

259 2297 356 2354 ρον
400 2273 589 2354 οὔσης,
619 2277 708 2331 καὶ
740 2273 972 2346 πλήθους
1015 2276 1115 2350 μὲν
1171 2276 1398 2354 ἀριθμοῦ
1425 2277 1752 2355 κρείττονος,
1786 2275 1905 2331 ὅσαι

2002 2271 2234 2352 quidem
2262 2273 2714 2347 monachorum,
2745 2275 2836 2336 hae
2866 2276 3158 2354 virginum
3185 2274 3393 2352 jugum
3425 2267 3634 2332 subie-

259 2367 400 2442 ὧραι
459 2369 775 2443 φοιτῶντος,
809 2365 1007 2442 μύρίων
1061 2363 1116 2421 δὲ
1171 2366 1323 2436 ζώων
1355 2370 1567 2446 σφαγῆς
1623 2364 1911 2444 γινομένης

2002 2363 2135 2423 rint.
2161 2361 2274 2434 Qui
2301 2371 2498 2425 autem
2526 2366 2582 2425 in
2608 2364 2781 2428 Casio
2806 2374 3007 2428 monte
3028 2377 3088 2428 et
3107 2372 3170 2425 in
3203 2362 3446 2443 templo,
3472 2361 3634 2443 quod

265 2457 343 2518 εἷς
373 2477 471 2521 την
503 2456 606 2510 τῶν
636 2452 903 2528 δαιμόνων
939 2451 1061 2532 (φεῦ
1092 2451 1139 2526 Σ)
1188 2456 1491 2533 θεραπείαν,
1523 2455 1700 2515 πάντα
1729 2454 1914 2511 ἐκεῖνα

2002 2451 2118 2513 iliic
2147 2460 2294 2526 erat,
2329 2451 2645 2532 gentilium
2696 2453 2770 2514 ab
2803 2453 2904 2515 illo
2956 2453 3079 2515 viro
3108 2454 3263 2515 facta
3309 2459 3472 2532 sunt,
3502 2449 3638 2532 quis

267 2543 451 2622 ᾤχετο
509 2543 596 2598 καὶ
647 2540 860 2608 ἀπέσϐη
919 2547 998 2615 τῷ
1066 2541 1216 2616 ζήλῳ
1275 2547 1372 2610 τῆς
1419 2543 1662 2621 μεγάλης
1715 2543 1916 2608 ταύτης

2002 2550 2091 2604 εει
2136 2541 2288 2603 adeo
2317 2541 2554 2603 invidus
2604 2553 2703 2603 aut
2753 2543 3058 2622 negligens
3107 2550 3208 2605 aut
3234 2541 3434 2622 deses,
3465 2549 3526 2602 ut
3575 2539 3636 2600 id

269 2635 360 2689 καὶ
429 2632 744 2698 θεοκινήτου
800 2632 1011 2710 χυχῆς.
1075 2629 1208 2689 Οὐδὲ
1274 2637 1434 2689 ταῦτα
1479 2631 1630 2697 λίθης
1691 2630 1809 2696 ἄξια
1850 2631 1918 2686 τὰ

2002 2630 2284 2692 sustineat
2315 2631 2822 2712 praetermittere?
2850 2632 2977 2705 Quo
3009 2635 3069 2694 in
3101 2633 3229 2693 luco
3270 2650 3407 2694 cum
3439 2638 3638 2691 tantus

269 2722 400 2797 πρὸς
462 2725 530 2794 τῇ
589 2719 855 2795 ἀκρωρείᾳ
918 2725 1014 2785 τῆς
1058 2719 1267 2783 πόλεως
1310 2727 1404 2778 τοῦ
1454 2721 1548 2787 τῆς
1599 2717 1914 2800 Ἀφροδίτης

271 2810 608 2888 γεγενημένα
648 2816 777 2866 ναοῦ
819 2811 906 2865 καὶ
950 2809 1031 2866 ὅτι
1063 2811 1139 2884 μὴ
1201 2811 1362 2884 μόνον
1393 2810 1605 2868 ἓκεῖνον
1660 2813 1915 2886 καθαιρε-

267 2903 423 2968 θῆναι
467 2897 554 2954 διὰ
611 2897 847 2965 σπουδῆς
908 2899 1076 2974 ἔθετο,
1124 2899 1262 2958 ἀλλὰ
1337 2901 1423 2955 καὶ
1482 2898 1672 2978 ἄνδρας
1733 2899 1914 2975 ἁγίους

269 2988 737 3064 ἐγκατοικισθῆναι
809 2994 886 3061 τῷ
962 2989 1112 3062 τόπῳ
1197 2987 1451 3067 φοϐεροὺς
1533 3000 1652 3050 τοῖς
1735 2987 1916 3044 ἐκεῖσε

268 3074 698 3154 παραδυομένοες
783 3076 1114 3155 ὑπάρξοντας
1197 3075 1468 3153 δαίμοσιν,
1553 3078 1625 3141 ὡς
1708 3076 1916 3153 μακρὰν

272 3165 372 3240 μὲν
415 3165 649 3227 ἐκείνους
692 3164 1048 3240 ἀπελαθῆναι,
1081 3167 1320 3244 καθάπερ
1377 3169 1524 3229 τινὸς
1577 3164 1746 3223 ὅπλου
1788 3186 1916 3245 φρι-

273 3256 405 3311 κτοῦ
459 3260 557 3321 τῆς
601 3261 708 3311 τῶν
772 3252 974 3332 ἀνδρῶν
1034 3257 1206 3334 εὐχῆς
1265 3256 1453 3321 αὐτοῖς
1515 3254 1914 3330 έπισειομένης⁸

276 3344 586 3422 ἀνθρώπους
629 3344 684 3398 δὲ
713 3345 838 3408 τοὺς
867 3347 1267 3422 περιοικοῦντας
1300 3347 1361 3401 οῦ
1410 3351 1508 3411 τῆς
1542 3347 1714 3401 αὐτῶν
1761 3345 1924 3420 μόνον

277 3433 660 3510 ἀπαλλαγῆναι
718 3433 922 3509 λύμης,
985 3433 1124 3490 ἀλλὰ
1185 3437 1270 3490 καὶ
1313 3433 1570 3502 πλείστης
1637 3435 1927 3490 ἀπολαύειν

281 3528 380 3590 τῆς
435 3521 698 3602 ὠφελείας
742 3535 861 3586 τοῖς
920 3529 1218 3580 συνοικοῦσι
1265 3537 1536 3601 μοναχοῐς
1582 3521 1924 3598 ὁμιλοῦντας.

281 3611 477 3690 ’Ἔργον
531 3617 630 3679 τῆς
670 3612 874 3668 ἐκείνου
929 3609 1185 3685 σπουδῆς,
1222 3613 1308 3668 καὶ
1362 3614 1397 3679 ἡ
1447 3611 1502 3667 ἐν
1557 3618 1626 3688 τῇ
1657 3609 1790 3690 ἄκρᾳ
1837 3618 1926 3668 τοῦ

282 3702 457 3772 Βήλου
526 3701 820 3778 λεγομένου
891 3698 1122 3776 βεϐήλου
1187 3707 1319 3756 ναοῦ
1380 3702 1702 3780 καθαίρεσις,
1759 3705 1847 3756 καὶ
1897 3701 1926 3756 ὁ

281 3791 350 3866 μέ
358 3813 477 3870 χρις
509 3789 729 3870 ἐδάφους
761 3791 1084 3870 ἀφανισμὸς,
1122 3787 1239 3869 ἔχει
1272 3790 1360 3846 καὶ
1415 3792 1450 3857 ἡ
1483 3795 1588 3845 τῶν
1621 3789 1926 3846 Σελευκέων

282 3883 542 3958 περιοικὶς
589 3881 848 3942 τοιούτοις
893 3877 1336 3958 έγκαυχήσασθαι
1365 3889 1460 3938 τοῦ
1489 3877 1673 3956 ἀνδρὸς
1726 3900 1929 3954 κατορ-

282 3971 542 4046 θώμασιν’
631 3969 746 4026 ἐπεὶ
819 3970 908 4025 καὶ
991 3965 1279 4024 εἰδωλικῶν
1347 3972 1489 4024 ναῶν
1571 3967 1926 4045 καθαιρέσεις,

282 4061 436 4138 ιερῶν
505 4081 562 4115 τε
627 4059 781 4115 θείων
843 4054 1150 4132 οἰκοδομὰς,
1227 4058 1315 4114 καὶ
1387 4057 1660 4131 οἴκισμοὺς
1731 4055 1930 4136 ἀνδρῶν

282 4147 606 4228 φιλαρέτων,
671 4150 760 4205 καὶ
830 4147 1000 4214 ταύτη
1073 4145 1441 4225 γεγενημένας
1501 4148 1765 4225 εὑρήσεις.
1842 4147 1929 4207 Τίς

283 4239 384 4316 γὰρ
441 4240 534 4296 τὸν
561 4237 723 4310 ζῆλον
780 4238 916 4294 κατὰ
958 4237 1118 4314 μέρος
1175 4235 1370 4301 ἐξείποι
1413 4241 1511 4302 τῆς
1566 4235 1931 4304 ἇποστολίκῆς

1997 2737 2170 2781 error
2191 2721 2356 2799 prius
2379 2731 2538 2782 esset
2561 2720 2904 2792 diﬂ‘usus,et
2933 2721 3249 2785 multitudo
3271 2719 3512 2802 quidem
3538 2737 3639 2781 as-

1997 2809 2174 2872 sidue
2205 2809 2438 2871 veniret
2468 2809 3136 2885 innumerabilis,ﬁeret
3158 2818 3355 2872 autem
3379 2809 3643 2870 immen-

2000 2917 2130 2961 sum
2164 2899 2509 2960 animalium
2543 2900 2903 2961 sacriﬁcium
2938 2906 3183 2981 propter
3207 2899 3454 2965 cultum.
3492 2897 3642 2976 proh

1999 2988 2194 3051 do’lor!
2232 2988 2571 3050 daemonum
2596 2987 3019 3068 perieruntilla
3044 2989 3246 3052 omnia
3267 2997 3327 3051 et
3355 2987 3645 3050 exstincta

2000 3083 2140 3138 sunt
2178 3079 2304 3137 zelo
2335 3076 2500 3138 illius
2530 3095 2762 3156 magna;
2806 3086 2864 3139 et
2893 3095 3022 3158 qua:
3065 3095 3100 3138 a
3129 3076 3250 3140 Deo
3297 3075 3646 3138 movebatur

2001 3164 2237 3227 animae.
2291 3166 2499 3246 Neque
2530 3165 2656 3227 haec
2707 3174 2846 3227 sunt
2876 3166 3074 3245 digna,
3108 3185 3241 3246 quae
3289 3164 3648 3226 mandentur

2007 3255 2409 3336 silentioquae
2432 3256 2584 3317 facta
2607 3265 2746 3316 sunt
2766 3255 2827 3316 in
2854 3255 3090 3335 fastigio
3120 3254 3465 3329 civitatis,in
3489 3263 3644 3314 tem-

2008 3341 2105 3422 plo
2136 3341 2480 3404 Veneriszet
2501 3344 2656 3423 quod
2684 3361 2800 3404 non
2823 3343 3015 3404 solum
3049 3343 3436 3415 studuerit,ut
3456 3341 3516 3401 id
3550 3339 3648 3400 die

2007 3439 2308 3505 rueretur,
2343 3431 2444 3492 sed
2497 3433 2672 3494 etiam
2707 3442 2771 3493 ut
2800 3432 2859 3492 in
2903 3451 2972 3493 eo
3005 3434 3134 3494 loco
3182 3432 3283 3492 viri
3315 3430 3505 3492 sancti
3537 3431 3648 3491 ha-

2010 3519 2296 3594 bitarent,
2334 3521 2634 3582 terribiles
2657 3519 2758 3596 iis,
2792 3522 2895 3602 qui
2925 3539 2996 3583 eo
3027 3521 3332 3595 subibant,
3359 3520 3650 3581 daemoni-

2011 3609 2121 3671 bus
2153 3631 2167 3670 :
2201 3610 2351 3671 adeo
2385 3622 2446 3671 ut
2472 3610 2560 3671 illi
2599 3611 2846 3691 quidem
2881 3612 3088 3692 procul
3117 3610 3346 3691 expulsi
3403 3609 3651 3683 fuerint,

2011 3709 2288 3780 tanquam
2331 3699 2517 3761 armis
2545 3701 2897 3781 quibusdam
2950 3699 3323 3762 terribilibus
3375 3697 3649 3773 intentis,

2010 3806 2217 3850 eorum
2241 3788 2506 3851 virorum
2531 3789 2832 3869 precibus:
2866 3790 3137 3852 homines
3157 3797 3380 3863 autem,
3406 3789 3505 3868 qui
3529 3789 3651 3849 cir-

2011 3878 2315 3940 cumcirca
2337 3878 2704 3954 habitabant,
2733 3898 2851 3941 non
2877 3880 3072 3941 solum
3097 3899 3130 3941 a
3150 3879 3392 3941 laesione
3413 3877 3654 3938 illorum

2013 3966 2548 4044 liberarentur,sed
2579 3967 2756 4031 etiam
2785 3969 3100 4031 maximam
3129 3968 3473 4049 acciperent
3496 3967 3659 4028 utili-

2011 4065 2364 4130 tatem,cum
2391 4066 2636 4140 possent
2659 4064 2882 4120 versari
2909 4077 3043 4120 cum
3070 4057 3509 4136 monachis,qui
3531 4073 3665 4136 per-

2013 4146 2406 4210 fectisrantin
2425 4147 2532 4209 Dei
2549 4147 2961 4212 timore.lllius
2974 4147 3192 4210 mentis
3207 4157 3266 4209 et
3287 4145 3468 4207 studii
3484 4145 3664 4205 etiam

2018 4243 2110 4298 est
2140 4255 2311 4316 opus,
2338 4256 2470 4317 qua;
2511 4238 2624 4302 fuit
2653 4238 2712 4298 in
2743 4256 2879 4300 arce
2918 4238 3069 4313 Beli,
3104 4237 3207 4318 qui
3248 4235 3492 4315 dicitur,
3521 4251 3662 4314 pro-

285 4329 494 4395 ἐκείνης
528 4333 626 4384 καῖ
661 4327 1144 4404 μεμεριμνημένης
1177 4326 1389 4405 ψυχῆς,
1423 4325 1515 4381 ἵνα
1546 4333 1674 4403 γοῦν
1695 4327 1772 4401 μὴ
1802 4328 1920 4405 πρὸς

2016 4325 2139 4387 fani
2172 4325 2377 4407 templi
2409 4328 2766 4404 destructio,
2799 4337 2858 4390 et
2887 4330 2957 4390 ad
3008 4329 3200 4390 solum
3232 4344 3417 4406 usque
3449 4325 3661 4386 demo-

286 4416 541 4494 ἀμετρίαν
599 4419 736 4491 ἡμῖν
799 4418 826 4472 ὁ
889 4415 1050 4493 λόγος
1109 4415 1468 4493 παραταθείη,
1529 4413 1700 4470 τᾶλλα
1759 4415 1920 4475 πάντα

2018 4415 2174 4478 litio.
2201 4417 2402 4477 Potest
2433 4419 2611 4478 etiam
2643 4435 2774 4498 qua:
2805 4417 2967 4479 circa
2991 4415 3336 4479 Seleuciam
3368 4413 3666 4475 habitatur

294 4506 358 4562 τὰ
419 4506 476 4563 ἐν
547 4509 624 4579 τῷ
691 4503 1050 4582 πρεσϐυτερίῳ
1105 4505 1276 4578 τούτῳ
1348 4503 1747 4580 κατωρθωμένα
1818 4527 1920 4560 πα-

2021 4505 2212 4585 regio,
2245 4505 2486 4584 gloriari
2520 4507 2824 4586 praeclaris
2877 4507 3047 4569 factis
3079 4507 3237 4568 illius
3267 4504 3397 4566 viri.
3429 4502 3572 4564 Nam
3605 4513 3665 4566 et

297 4595 560 4675 ραλιπὼν,
595 4594 678 4651 ἐπὶ
709 4579 802 4651 τὸν
832 4599 933 4660 τῆς
957 4579 1265 4659 -ἐπισκοπῆς
1296 4579 1560 4667 βαδιεῖται
1593 4593 1815 4672 χρόνον,

2002 4579 2485 4656 ἐἱιὶιυιέἑινοιδυηι
2521 4579 2742 4676 templa
2774 4595 2899 4657 illic
2921 4596 3136 4668 diruta,
3161 4603 3221 4655 et
3245 4593 3473 4655 divinas
3503 4591 3665 4655 aedes

293 4690 716 4758 exstructas,et
734 4682 894 4744 viros
921 4681 1152 4743 virtutis
1169 4679 1473 4742 studiosos
1497 4679 1619 4742 illic
1641 4682 1716 4743 ad
1736 4681 2124 4744 habitandum
2149 4683 2470 4745 collocatos
2501 4685 2797 4750 invenies.
2823 4687 2966 4758 Quis
2997 4691 3155 4746 enim
3184 4683 3375 4746 zelum
3409 4679 3665 4757 singula-

292 4773 396 4836 tim
417 4771 822 4836 enuntiaverit
843 4770 1006 4832 illius
1033 4769 1377 4851 apostolicae.
1401 4777 1460 4831 et
1483 4771 2106 4835 sollicitaaanimaa?Ne
2130 4792 2268 4851 ergo
2292 4773 2352 4834 in
2372 4780 2726 4836 immensum
2758 4775 2933 4836 nobis
2951 4784 3178 4837 crescat
3197 4767 3665 4849 oratio,reliquis

294 4863 574 4926 omnibus
605 4860 1041 4943 praetermissis,
1059 4878 1192 4939 quis
1214 4868 1378 4923 recte
1407 4869 1573 4938 gesta
1600 4874 1741 4922 sunt
1765 4861 1824 4922 in
1857 4861 1971 4924 hoc
2006 4862 2442 4945 presbyteratu,
2470 4883 2538 4926 ea
2570 4864 2856 4945 procedet
2884 4865 2956 4926 ad
2991 4875 3224 4944 tempus
3257 4868 3659 4941 cpiscoliatus.

377 4954 485 5014 IE'.
535 4953 609 5011 Οὗ
661 4952 830 5016 πολὰς
886 4953 986 5029 γὰρ
1040 4951 1220 5031 ᾤχετο
1276 4951 1496 5030 χρόνος,
1527 4953 1616 5008 καὶ
1659 4954 1944 5029 Νεκτάριος

297 5044 394 5117 μὲν
468 5045 496 5098 ὁ
567 5041 661 5109 τῆς
731 5041 1130 5100 Κωνσταντίνου
1213 5039 1470 5118 πρόεδρος
1554 5042 1684 5119 πρὸς
1760 5043 1946 5119 Κύριον

293 5130 646 5210 ἐξεδήμησεν,
678 5131 822 5191 sae-3c
882 5127 938 5185 δὲ
972 5132 999 5186 ὁ
1054 5139 1147 5185 του
1188 5131 1372 5207 θρόνου
1402 5129 1543 5195 ἄξιος
1603 5131 1942 5201 ἐπεζητεῖτο.

295 5219 514 5278 ’Ἅλλων
574 5224 661 5276 οῦν
726 5217 934 5292 ἄλλοις,
971 5217 1152 5294 ὥσπερ
1198 5217 1313 5282 ἔθος
1369 5219 1422 5273 ἐν
1482 5232 1600 5284 τοῖς
1657 5221 1942 5291 τοιούτοις,

293 5312 360 5366 τὰ
407 5322 647 5388 πρωτεῖα
706 5309 1002 5382 νεμόντων,
1049 5311 1136 5362 καὶ
1194 5314 1302 5364 τῶν
1361 5308 1460 5382 μὲν
1504 5307 1675 5387 φιλίᾳ,
1730 5315 1835 5364 τῶν
1891 5307 1944 5365 δὲ

367 5468 448 5539 (8)
479 5466 781 5526 Nectarius
810 5467 1014 5539 praesul
1039 5465 1207 5539 Aobijt
1255 5480 1410 5524 anno
1454 5467 1582 5539 367,
1604 5466 1948 5539 consulibus

297 5535 536 5597 Caesarie
567 5549 623 5596 et
658 5535 859 5602 Attico,
893 5539 927 5594 5
958 5536 1081 5594 Kal.
1137 5535 1363 5594 Octob..
1403 5547 1466 5594 ut
1496 5535 1811 5596 ex’Socrat.
1847 5537 1944 5596 lib.

296 5623 372 5678 v1,
404 5623 457 5667 c.
489 5611 523 5672 2
578 5617 735 5669 notat
777 5609 906 5668 Bar.
943 5609 1024 5666 De
1085 5607 1326 5666 Nectarii
1357 5616 1564 5680 morte,
1599 5617 1656 5666 et
1702 5609 1950 5668 Joannis

2108 4951 2234 5016 XV.
2267 4953 2394 5014 Non
2428 4954 2677 5015 multum
2704 4955 2864 5016 enim
2903 4954 3244 5016 intercessit
3265 4949 3574 5032 temporis,
3610 4955 3669 5009 et

2027 5041 2342 5105 Nectarius
2366 5043 2610 5124 quidem
2643 5045 2856 5124 praesul
2875 5042 3442 5122 Constantinopolis,
3459 5039 3672 5117 migrat

2028 5132 2100 5193 ad
2120 5131 2440 5194 Dominum
2469 5134 2553 5213 (8)
2569 5181 2581 5195 .
2597 5135 2877 5196 Protinus
2901 5142 3097 5196 autem
3121 5131 3482 5215 querebatur
3500 5128 3671 5210 quis-

2032 5223 2320 5302 piam,qui
2349 5230 2506 5283 esset
2529 5224 2745 5302 dignus
2767 5241 2834 5285 ea
2856 5224 3026 5287 sede.
3059 5225 3206 5285 Cum
3229 5222 3328 5284 alii
3354 5239 3494 5299 ergo
3516 5219 3673 5296 aliis,

2030 5320 2094 5372 ut
2116 5311 2246 5373 ﬁeri
2267 5313 2418 5374 solet
2440 5313 2500 5373 in
2533 5311 2834 5393 ejusmodi
2863 5311 3048 5376 rebus
3080 5313 3309 5392 primas
3339 5320 3536 5392 partes
3561 5309 3670 5370 tri-

2031 5467 2360 5539 creatipone,
2382 5465 2515 5539 vide,
2537 5465 2776 5539 Niceph.
2810 5481 2916 5539 cap
2963 5468 2996 5522 2
3022 5468 3123 5525 lib.
3153 5479 3294 5539 xui;
3329 5467 3544 5524 Theod.
3570 5465 3672 5539 lib.

2033 5552 2086 5605 v,
2113 5551 2163 5602 c,
2195 5537 2303 5604 26;
2338 5538 2459 5595 Soz.
2505 5537 2603 5596 iib.
2648 5550 2762 5606 νινε,
2793 5554 2841 5595 c.
2882 5537 2950 5608 ‘2,
2982 5541 3016 5597 3
3049 5561 3062 5610 ;
3096 5540 3226 5598 Soc.
3260 5537 3356 5598 lib.
3389 5549 3466 5606 v1,
3505 5553 3556 5598 c.
3591 5537 3667 5604 2;

2035 5608 2162 5665 Bar.
2189 5622 2284 5666 an.
2318 5609 2442 5666 397.
2541 5630 2559 5642 -
