3996 6178
411 283 563 354 1083

1694 302 1976 366 MENSIS
2033 306 2173 369 JAN
2187 306 2490 372 UARIUS.

3701 304 3822 373 ΠΗ

408 423 666 523 buerent
701 427 788 512 (ﬁt
831 431 992 495 enim
1025 432 1084 496 in
1118 434 1191 498 iis
1244 434 1498 498 maxima
1527 455 1595 499 ex
1631 445 1798 518 parte
1832 439 2048 500 exami-

2145 438 2421 515 δυναστείᾳ
2492 444 2551 499 τὸ
2622 441 2832 522 θαρρεῖν
2903 442 3166 523 ἐχόντων,
3228 441 3356 499 ἔστι
3451 437 3521 496 δὲ
3603 440 3688 494 ὧν
3753 443 3827 497 καὶ

409 519 596 593 natio,
633 539 752 582 non
808 541 878 584 ex
920 527 1134 589 virtute
1158 544 1393 608 eorum,
1428 529 1523 609 qui
1547 526 2055 601 asciscuntur,sed

413 625 484 671 ex
509 627 740 687 eorum,
767 613 873 689 qui
902 623 1036 676 sunt
1071 624 1365 695 potentes,
1395 618 1452 680 in
1487 636 1589 679 eos
1612 616 2052 695 benevolentia,

413 717 545 780 qua;
586 701 676 762 vel
703 709 793 764 est
824 723 968 784 pura
998 723 1064 767 ac
1087 708 1344 784 sincera,
1381 708 1472 770 vel
1499 708 1753 769 accessit
1783 710 2053 770 muneri-

412 787 570 864 bus):
599 799 904 870 oporteret
929 804 1125 858 autem
1160 809 1428 859 sanctum
1455 797 1740 877 Spiritum
1785 797 2048 874 vincere,

413 886 472 968 et
493 897 626 940 eum
653 882 897 962 praefici,
924 887 1022 964 qui
1055 887 1127 947 ad
1151 888 1264 949 hoc
1286 887 1480 968 ipsum
1521 896 1646 949 erat
1678 887 1752 948 ab
1793 907 1860 948 eo
1896 908 2050 968 prae-

410 967 832 1049 destinatus,et
863 977 1135 1053 superari
1168 967 1377 1040 omnes
1408 995 1442 1040 a
1472 978 1718 1040 Joannis
1747 967 1963 1039 virtute
1995 987 2052 1040 et

409 1059 836 1138 eloquentia,et
861 1064 914 1124 ei
939 1067 1194 1145 primum
1223 1068 1418 1129 locum
1447 1068 1662 1130 cedere
1687 1069 1745 1130 in
1771 1069 2045 1132 ecclesia:

411 1154 470 1207 et
487 1147 711 1230 alioqui
732 1152 865 1230 ejus
885 1153 1036 1217 fama
1054 1155 1248 1234 plenae
1262 1167 1684 1219 essentomnes
1697 1159 2053 1236 aures,adeo

413 1243 477 1297 ut
507 1236 682 1329 etiam
717 1238 872 1304 bona
895 1242 1054 1305 illius
1076 1245 1382 1309 auditione
1412 1249 1741 1327 accepisset
1789 1248 2052 1329 impera-

411 1331 523 1386 tor:
558 1326 608 1388 is
640 1347 778 1391 vero
811 1341 939 1394 erat
971 1335 1262 1396 Arcadius
1292 1355 1308 1412 ;
1342 1355 1477 1398 cum
1510 1326 1634 1398 haec
1665 1337 1744 1398 ita
1764 1355 1828 1398 se
1866 1326 2052 1398 habe-

409 1419 820 1507 rent,taﬁndem
840 1441 972 1482 cum
997 1432 1052 1485 et
1074 1425 1172 1504 qui
1195 1425 1522 1487 Ecclesiam
1555 1427 1930 1506 regebant,et
1952 1426 2052 1507 qui

415 1506 850 1584 rempublicam
883 1512 1403 1591 administrabant,
1423 1535 1553 1577 cum
1586 1517 1947 1595 imperatore
1971 1506 2053 1578 fin

413 1612 591 1656 unam
623 1601 1050 1664 convenissent
1078 1604 1462 1678 sententiam,
1497 1606 1813 1668 mittuntur
1843 1607 2056 1669 litterae

413 1683 874 1774 adflavianum
909 1692 1249 1771 pontiﬁcem
1283 1694 1617 1756 Antiochia
1649 1714 1662 1755 :
1717 1714 1848 1774 quae
1878 1696 2054 1757 simul

2142 532 2344 608 χρυσίῳ
2401 543 2500 598 την
2560 535 2656 598 τῆς
2712 533 3117 612 ἀρχιερωσύνης
3175 537 3375 611 ψῆφοι
3423 531 3620 586 ὢνιον
3667 551 3834 585 movi-

2181 620 2205 676 ἐ
2377 622 2400 677 ἐ
2474 623 2485 642 \
2544 621 2600 642 ,ΙΝ
2729 624 2739 644 1
2809 622 2832 639 η
3089 633 3112 642 ν
3353 628 3420 660 αν.
3598 622 3612 660 ³
3779 622 3834 658 .2.

2139 644 2178 695 μ
2211 644 2338 680 νων.
2405 644 2490 678 πει
2545 635 2648 678 εοει
2679 645 2740 678 το
2797 646 2949 701 αγιον
2982 629 3197 697 Πνευμα
3252 645 3437 678 νικαι
3509 641 3614 676 κα.
3649 621 3743 675 τὸν
3779 653 3833 683 ιι,

2138 712 2266 768 αὐτὸ
2338 711 2492 768 τοῦτο
2553 712 2919 790 πρωρισμένον
2988 711 3079 768 ὑπ’
3122 716 3277 770 τύτοῦ
3339 710 3836 789 προχειρίζεσθαι,

2137 800 2233 865 τῆς
2279 801 2530 860 Ἰωάννου
2588 824 2668 875 τε,
2705 804 2869 881 φημὶ,
2903 802 3096 880 ἀρετῆς
3157 804 3245 860 καὶ
3301 801 3622 880 γλώττης
3687 801 3838 866 ἡττηο

2135 889 2288 956 θῆναι
2348 892 2574 962 πάντας,
2608 892 2694 948 καὶ
2726 899 2832 947 τῶν
2891 890 3185 969 πρεσϐείων
3243 894 3413 966 αὒτῷ
3452 895 3579 956 τῆς
3653 889 3838 956 iula-

2137 979 2251 1042 σίας
2301 987 2728 1060 παραχωρῆσαι,
2781 979 2886 1048 ἤδη
2965 983 3051 1038 καὶ
3123 987 3190 1058 τῇ
3260 1004 3374 1038 κατ
3456 980 3652 1036 αὐτὸν
3703 981 3838 1056 φήμῃ

2135 1069 2314 1134 πάσης
2398 1069 2568 1137 ἀκοῆς
2653 1069 3171 1145 ὑποπιμπλαμένης,
3247 1073 3318 1134 ὡς
3431 1068 3608 1143 μηδὲ
3705 1071 3842 1125 mhi-1

2139 1159 2370 1228 ἀνήκοον
2433 1173 2616 1232 μεῖναι
2685 1162 2774 1216 τὸν
2820 1169 3115 1239 κρατοῦντα
3176 1167 3283 1218 τῶν
3344 1161 3606 1216 ἐκείνου
3677 1156 3839 1215 καλῶν

2141 1247 2444 1327 (Ἀρκάδιος
2504 1249 2656 1313 οὗτος
2685 1249 2800 1326 ἦν),
2833 1249 2949 1308 ἐπεὶ
3002 1257 3161 1307 ταῦτο
3220 1250 3410 1313 οὕτως
3472 1249 3664 1328 εἶχε,
3701 1247 3839 1309 τέλος

2135 1343 2242 1393 τῶν
2272 1338 2367 1403 τῆς
2425 1337 2746 1405 Ἐκκλησίας
2785 1341 2871 1395 καὶ
2927 1345 3028 1406 τῆς
3072 1336 3346 1402 πολιτείας
3416 1338 3726 1418 ἆχόντων
3780 1337 3840 1397 εἰς

2137 1426 2261 1501 μίαν
2316 1425 2539 1503 γνώμην
2608 1435 2685 1502 τῷ
2753 1427 2970 1502 βασιλεῖ
3039 1426 3444 1507 συνελθόντων,
3537 1429 3841 1505 γράμματι

2136 1516 2267 1589 πρὸς
2350 1517 2441 1571 τὸν
2523 1517 2738 1595 ἱεράρχν
2828 1515 3166 1598 Ἀντιοχείας
3249 1514 3610 1573 Φλαϐιανὸν
3707 1514 3840 1589 πέμ-

2138 1626 2352 1681 πονται,
2387 1607 2520 1679 ὁμοῦ
2564 1605 2662 1680 μὲν
2714 1607 2804 1662 τὸν
2849 1607 3138 1685 Νεκταρίου
3166 1607 3528 1685 γνωρίζοντα
3579 1607 3836 1679 θάνατον,

2139 1697 2272 1768 ὁμοῦ
2342 1693 2395 1750 δὲ
2482 1697 2568 1752 καὶ
2626 1697 2714 1751 τὸν
2777 1703 3007 1775 χρυσοῦν
3066 1697 3347 1770 Ἰωάννην,
3423 1698 3504 1752 τὸ
3578 1697 3700 1773 γῆν
3762 1697 3836 1749 καὶ

413 1772 653 1866 quidem
680 1786 736 1837 et
769 1777 1028 1843 Nectarii
1057 1789 1308 1844 mortem
1334 1783 1387 1844 ei
1410 1772 1912 1862 significabant,et
1943 1805 2048 1846 au-

2137 1784 2402 1840 θάλατταν
2462 1785 2718 1864 περιέχον
2769 1789 2968 1861 θαῦμα,
2999 1787 3087 1843 καὶ
3137 1787 3298 1844 αὐτοῦ
3349 1785 3451 1859 δὲ,
3487 1787 3686 1866 φημὶ,
3729 1807 3831 1840 πα-

411 1864 919 1950 reumJoannem,
945 1871 1104 1952 quod
1133 1881 1353 1935 terram
1379 1882 1436 1934 et
1459 1892 1618 1934 mare
1643 1875 1909 1935 continet
1937 1875 2052 1935 mi-

409 1955 707 2030 raculum,
736 1965 913 2040 atque
939 1960 1089 2022 adeo
1127 1963 1322 2042 ipsum
1357 1963 1532 2024 etiam
1577 1964 1790 2025 caelum
1843 1965 2047 2043 tangit,

413 2043 486 2106 ad
513 2044 708 2124 ipsum
731 2049 1144 2116 accersebant.
1178 2053 1529 2115 Pontificem
1565 2063 1789 2125 autem,
1814 2072 1952 2115 cum
1987 2055 2050 2116 in

400 2151 616 2196 manus
669 2140 1023 2217 sumpsisset
1065 2141 1406 2222 epistolam,
1441 2150 1498 2204 et
1530 2160 1659 2204 eam
1696 2143 2051 2223 perlegisset.

400 2223 567 2286 aiunt
598 2224 914 2289 tradidisse
943 2227 1154 2291 Joanni
1193 2251 1209 2305 ;
1241 2250 1376 2293 cum
1411 2250 1572 2308 vero,
1608 2252 1740 2294 cum
1784 2233 2047 2312 legisset,

401 2314 658 2376 multum
685 2315 926 2396 quidem
953 2317 1299 2398 ingenuisse
1322 2329 1564 2402 propter
1597 2341 1686 2392 ea.
1711 2341 1842 2403 qua}
1861 2325 2050 2403 scrip-

402 2412 502 2484 pta
523 2405 756 2467 fuerant
785 2425 799 2469 :
836 2417 894 2469 et
916 2409 1139 2472 multas
1158 2411 1336 2473 etiam
1363 2412 1651 2494 lacrymas
1682 2413 1952 2474 emisisse
1976 2429 2048 2474 ex

403 2495 596 2558 oculis
627 2505 872 2577 propter
901 2500 1326 2563 contritionem
1365 2503 1632 2582 spiritus,
1660 2503 1956 2564 dicentem
1982 2522 2046 2564 se

403 2602 538 2648 esse
561 2584 968 2665 indignum,et
991 2591 1092 2670 qui
1111 2591 1289 2670 longe
1305 2590 1638 2666 abesset,ut
1656 2603 1816 2654 tanta
1834 2595 2048 2654 rectio-

403 2674 500 2737 nis
520 2693 664 2736 cura
698 2675 911 2739 debeat
950 2679 1006 2740 ei
1034 2679 1494 2741 committi.Nam
1532 2698 1724 2760 parvae
1753 2682 2044 2755 navi,aie-

401 2762 653 2837 bat,non
679 2775 772 2826 est
805 2774 991 2829 tutum
1028 2787 1305 2844 magnum
1341 2789 1492 2830 onus
1524 2769 1863 2849 imponere.
1901 2770 2044 2834 Cum

403 2853 489 2914 sic
506 2853 898 2923 diceret,eum
929 2857 1348 2918 consolabatur
1362 2858 1768 2931 Flavianus,et
1782 2866 1917 2938 apte
1937 2860 2027 2920 eti

403 2942 948 3023 gebat,verbis,pro
982 2946 1750 3028 medicamentis,spargens
1776 2949 1905 3028 ejus
1922 2950 2050 3009 ani-

408 3036 487 3092 mi
534 3033 972 3110 aegritudinem.
1008 3033 1224 3097 Civitas
1273 3045 1468 3098 autem
1505 3045 1813 3118 postquam
1865 3039 2053 3099 sensit

2136 1879 2372 1949 ραψαῦον
2430 1881 2522 1931 τοῦ
2591 1877 2830 1951 ούρανοῦ,
2887 1877 3016 1943 πρὸς
3073 1883 3228 1932 τοῦτο
3285 1874 3828 1951 μετακαλούμενσι,

2137 1964 2224 2028 Εἰς
2255 1977 2447 2042 χεῖρας
2493 1972 2580 2022 οῦν
2611 1967 2710 2032 τὴν
2755 1965 3044 2034 ἐπιστολὴν
3074 1968 3164 2022 τὸν
3203 1966 3490 2046 ἀρχιερέα.
3527 1965 3828 2039 δεξάμενον

2136 2054 2221 2108 καὶ
2266 2056 2612 2130 πετελθόντα,
2674 2055 2973 2135 ἐγχειρίσαι
3033 2057 3158 2134 φασὶ
3201 2058 3289 2113 καὶ
3345 2063 3436 2129 τῷ
3494 2057 3684 2133 ἁγίῳ.
3745 2055 3829 2110 τὸν

2135 2140 2189 2197 δὲ
2245 2142 2541 2220 ἀναγνόντα
2601 2144 2777 2202 πολλά
2834 2146 2932 2220 μὲν
2993 2144 3327 2211 ἐπιστενάξαι
3361 2158 3504 2212 τοῖς
3570 2166 3820 2223 γεγραμ-

2134 2231 2338 2304 μένοις,
2409 2231 2580 2289 πολλά
2641 2233 2694 2289 δὲ
2770 2237 2857 2291 καὶ
2927 2233 3125 2313 ⁴ῗάκρυα
3192 2241 3261 2310 τῇ
3328 2242 3430 2292 τοῦ
3504 2234 3824 2307 πνεύματος

2131 2319 2380 2398 συντριϐῇ
2438 2325 2543 2378 τῶν
2603 2321 2888 2401 ὀφθαλμῶν
2949 2323 3263 2399 ἀποστάξαι,
3323 2323 3570 2390 ἀνάξιον
3637 2323 3816 2378 ἑαυτὸν

2131 2411 2274 2466 εἶναι
2328 2412 2576 2487 λέγοντα,
2632 2414 2720 2468 καὶ
2764 2411 2867 2491 ὅτι,
2905 2412 3112 2469 Πολλοῦ
3162 2411 3265 2470 δέω
3308 2413 3588 2492 μεγάλης
3657 2410 3816 2470 οὕτως

2129 2499 2307 2579 ἀρχῆς
2351 2501 2645 2567 ὐττοσέἦναι
2698 2502 2883 2577 βάρος’
2944 2502 3059 2559 ἐπεὶ
3105 2505 3190 2559 καὶ
3241 2506 3336 2568 νηὶ
3385 2503 3579 2578 μικρὰ
3627 2501 3807 2578 ςόρτον

2131 2591 2344 2660 μείζονα
2402 2592 2666 2646 πιστεύειν
2724 2590 2820 2647 οὒκ
2878 2590 3138 2670 ἀσφαλές.
3200 2594 3300 2649 Τὸν
3349 2613 3422 2668 .γε
3493 2588 3810 2648 Φλαὸιανὸν

2129 2679 2453 2736 ἀνακτᾶσθαί
2509 2703 2567 2736 τε
2629 2683 2786 2739 αὐτὸν
2832 2683 2922 2737 καὶ
2974 2682 3190 2761 ἀνέχειν
3243 2679 3564 2754 ἐπιδεξίως,
3632 2679 3804 2755 λόγους

2130 2768 2243 2850 ἀντὶ
2287 2769 2582 2849 φαρμάκων
2639 2777 2708 2842 τη
2762 2770 2955 2845 ἀθυμίᾳ
2998 2776 3095 2837 τῆς
3151 2775 3338 2850 ψυχῆς
3397 2769 3802 2826 ἒπιπάττοντα.

2139 2848 2198 2914 Ἠ
2266 2848 2448 2933 μέντοι
2526 2858 2678 2924 πόλις
2751 2862 2824 2923 ὡς
2893 2864 3118 2939 ᾕσθοντο
3188 2848 3289 2926 τῆς
3363 2864 3571 2927 κοινῆς
3618 2859 3798 2930 ζημίας

2131 2947 2331 3014 ταύτης
2383 2949 2470 3004 καὶ
2502 2955 2769 3026 συμγορᾶς
2815 2951 3031 3024 (ζημίον
3080 2949 3181 3027 γὰρ
3216 2948 3444 3011 ἕκαστος
3496 2948 3618 3026 οὐχ
3665 2947 3796 3004 ὅπως

2135 3038 2221 3092 καὶ
2297 3039 2538 3116 φορησὴν
2613 3040 2712 3104 τὴν
2785 3036 3032 3094 Ἰωάννου
3116 3038 3366 3114 στέρησιν
3435 3036 3788 3114 ὲλογέζοντο),

405 3121 523 3184 hoc
549 3121 832 3184 damnum
867 3123 1174 3204 (damnum
1207 3126 1369 3188 enim
1396 3146 1513 3188 non
1542 3127 1854 3188 ferendum
1881 3127 2048 3207 judi-

2134 3126 2336 3203 βαθέως
2370 3127 2534 3203 εἶχον
2567 3129 2653 3182 καὶ
2684 3126 2801 3183 λίαν
2836 3130 3168 3201 περιπαθῶς.
3224 3130 3357 3184 Εἶτα
3386 3128 3480 3183 καὶ
3515 3128 3598 3188 ὡς
3631 3122 3792 3200 βίαιόν

406 3212 579 3295 cabat
603 3214 1268 3295 unusquisqueJoannis
1292 3217 1800 3297 privationem),id
1819 3236 1972 3296 aegre
1995 3218 2053 3278 et

405 3302 806 3364 intoleranter
837 3303 1372 3368 ferebant.Deinde
1403 3307 1582 3367 etiam
1609 3318 1892 3387 tanquam
1927 3308 2052 3368 vio-

405 3393 630 3454 lentum
652 3393 881 3470 aliquid
919 3397 1289 3475 tyrannicum
1314 3398 1630 3477 passuri,et
1658 3395 1792 3457 aliis
1822 3399 2048 3459 cessuri

407 3501 638 3563 ea,qute
661 3483 734 3544 ad
766 3483 929 3564 ipsos
963 3483 1366 3566 pertinebant,
1401 3485 1736 3548 clamabant
1766 3486 2048 3548 adversus

409 3590 543 3634 cum
577 3572 676 3653 qui
701 3573 878 3634 misit:
913 3574 1063 3646 Quid
1090 3574 1494 3638 vero?adeone
1517 3587 1607 3637 est
1629 3576 1829 3638 infelix
1855 3578 2045 3638 Cons-

405 3662 816 3741 tantinopolis,
834 3663 1146 3742 jactantes,
1176 3665 1406 3728 adeone
1428 3685 1642 3745 expers
1658 3665 1920 3728 virorum
1947 3664 2050 3726 bo-

409 3753 655 3813 norum?
683 3751 770 3813 Ad
807 3762 1112 3814 tantamne
1145 3755 1376 3815 virtutis
1409 3755 1667 3835 inopiam
1720 3754 1877 3817 venit
1906 3754 2050 3815 urbs

408 3839 668 3902 maxime
700 3840 910 3919 regia“!
939 3840 1118 3903 Estne
1143 3843 1292 3905 adeo
1324 3845 1494 3923 inops
1525 3845 1585 3906 in
1620 3844 1716 3920 iis,
1751 3865 1885 3925 quae
1913 3852 2052 3906 sunt

410 3930 974 4012 principalia,quam
1003 3933 1317 4010 oportebat
1346 3934 1405 3994 in
1438 3935 1712 3996 omnibus
1741 3953 2047 4016 superare,

410 4029 476 4084 ut
506 4039 538 4083 a
579 4020 756 4082 nobis
783 4040 933 4099 opus
966 4021 1182 4083 habeat
1214 4023 1431 4103 eo,qui
1462 4028 1536 4084 sit
1568 4024 1806 4086 illorum
1851 4024 2057 4105 praefu-

410 4118 580 4172 turus
607 4110 940 4173 Ecclesiae?
971 4109 1086 4174 Sed
1122 4130 1230 4172 nos
1279 4131 1386 4172 nec
1423 4121 1536 4174 tam
1570 4114 1758 4194 stulti,
1794 4133 1907 4176 nec
1939 4123 2054 4176 tam

407 4202 807 4282 negligentes,
844 4221 954 4263 nec
985 4210 1298 4281 tantopere
1335 4202 1559 4264 erimus
1598 4203 1954 4284 proditores,
1991 4213 2051 4266 ut

411 4294 501 4355 eis
533 4301 734 4355 nostro
765 4291 922 4353 bono
957 4303 1074 4354 tam
1107 4292 1281 4353 facile
1329 4293 1635 4356 cedamus.
1671 4292 1855 4374 Caput
1885 4295 2050 4375 prius

410 4381 584 4445 nobis
606 4382 1087 4458 auferent,quam
1114 4382 1279 4443 illum
1306 4401 1337 4443 a
1365 4382 1705 4444 volentibus
1729 4383 1900 4445 nobis
1930 4385 2045 4445 sint

409 4471 736 4550 accepturi.
760 4470 897 4532 Haec
927 4472 1216 4544 dicentes,
1239 4470 1458 4533 deinde
1487 4473 1660 4534 etiam
1690 4491 1861 4534 suum
1893 4493 2042 4536 con-

410 4561 609 4623 silium
635 4560 1427 4640 conﬁrmantjurejurando,
1451 4580 1566 4623 non
1602 4563 1946 4641 permittere
1975 4564 2046 4625 iis

411 4651 511 4731 qui
566 4648 727 4710 missi
751 4648 1007 4712 fuerant:
1041 4651 1145 4712 sed
1179 4667 1311 4711 esse
1343 4656 1539 4730 potius
1572 4659 1807 4730 paratos
1838 4652 1908 4714 ad
1943 4672 2048 4732 pa-

410 4740 703 4814 tiendum,
731 4739 781 4800 si
813 4739 952 4820 quid
982 4749 1184 4803 essent
1222 4740 1454 4802 facturi.
1490 4741 1634 4803 Cum
1660 4744 1854 4822 itaque
1885 4745 2046 4824 epis-

408 4849 596 4910 copus
618 4828 922 4892 habuisset
947 4830 1328 4903 concionem,
1355 4838 1414 4891 et
1436 4830 1615 4891 verba
1644 4831 1886 4893 fecisset
1917 4843 2053 4912 apta

409 4921 483 4984 ad
509 4920 1086 5001 persuadendum,ut
1113 4920 1400 4993 efficeret,
1427 4939 1502 4981 ne
1531 4921 1790 5000 pepulns
1817 4932 2050 4985 contra-

413 5011 664 5087 diceret,
701 5011 818 5073 illis
840 5029 910 5073 ea
935 5021 1104 5073 erant
1127 5010 1320 5072 inanis
1343 5011 1646 5087 strepitus,
1683 5019 1738 5071 et
1763 5031 1911 5074 vana
1936 5034 2045 5076 au-

408 5100 564 5163 rium
593 5100 890 5163 molestia.
923 5100 1072 5173 Quid
1106 5102 1265 5162 enim
1284 5099 1542 5162 dicendo
1574 5111 1774 5181 posset
1805 5122 2046 5182 persua-

410 5190 579 5271 dere,
600 5210 733 5252 cum
765 5209 867 5253 eos
890 5191 1090 5271 lingua
1107 5199 1263 5253 esset
1287 5189 1642 5270 privaturus:
1678 5191 1894 5271 lingua,
1915 5213 2045 5272 quae

410 5289 529 5342 tam
565 5281 811 5360 pulchre
833 5281 1074 5360 quidem
1100 5280 1373 5354 canebat,
1400 5289 1458 5342 et
1479 5281 1649 5360 cujus
1678 5290 1886 5343 cantus
1920 5293 2043 5344 erat

410 5371 560 5437 adeo
577 5369 740 5430 utilis
763 5379 820 5431 et
846 5371 1353 5444 salutaris‘IQuam
1384 5389 1500 5430 non
1524 5370 2040 5448 audire,damnum

413 5467 503 5521 est
531 5478 650 5519 non
683 5459 1132 5534 mediocre,sed
1164 5460 1254 5521 vel
1287 5460 1356 5522 ad
1392 5460 1579 5537 ipsam
1613 5480 1799 5540 usque
1834 5480 2039 5541 perva-

414 5549 564 5610 dens
584 5547 838 5608 animam
854 5598 861 5607 .
877 5550 1104 5611 Deinde
1127 5569 1260 5611 eum
1295 5551 1391 5630 qui
1419 5549 1584 5610 missi
1605 5550 2042 5630 fuerant,para-

414 5644 550 5699 rent
563 5634 673 5694 vim
690 5638 904 5701 afferre
921 5648 978 5700 et
993 5641 1229 5701 trahere
1251 5641 1354 5702 Joa
1367 5656 1442 5699 nn
1455 5638 1586 5704 em,i
1595 5657 1701 5719 pse
1716 5639 2042 5720 ingressus,

2069 4522 2110 4572 D

2134 3240 2184 3273 τι
2261 3219 2347 3272 καὶ
2411 3218 2720 3294 τυραννικὸν
2789 3218 3086 3283 ὑποστῆναι
3164 3215 3486 3291 μέλλοντες,
3563 3216 3655 3271 καὶ
3722 3212 3787 3267 ὧν

2135 3312 2402 3385 προσῆκεν
2461 3307 2645 3370 αὺτοῖς
2676 3307 2949 3378 ἐκστῆναι,
2985 3305 3254 3363 κατεϐόων
3311 3313 3404 3363 τοῦ
3436 3307 3777 3380 πέμψαντος·

2133 3399 2192 3454 Τί
2234 3394 2365 3474 δαί,
2422 3395 2558 3452 ούτω
2619 3395 2883 3475 δυστυχὴς
2942 3396 2977 3462 ἡ
3041 3397 3438 3454 Κωνσταντίνου
3501 3395 3774 3471 λέγοντες,

2131 3484 2295 3550 οὕτως
2370 3486 2588 3562 ἄμοιρος
2661 3495 2753 3544 τοῦ
2813 3483 3138 3564 φοϐουμένου
3221 3486 3311 3540 τὸν
3399 3485 3641 3562 Κύριον,
3709 3481 3775 3539 εἰς

2131 3577 2395 3642 τοσαύτην
2443 3577 2541 3643 ἧκε
2598 3580 2695 3641 τῆς
2753 3577 2947 3651 ἀρετῆς
3008 3575 3198 3631 σπάνιν
3267 3576 3302 3641 ἡ
3373 3569 3773 3650 βασιλικωτάτη

2131 3672 2238 3720 τῶν
2301 3664 2532 3738 πόλεων,
2568 3665 2734 3729 οὕτως
2770 3663 2969 3739 άπορος
3001 3663 3054 3719 ἐν
3106 3681 3224 3728 τοῖς
3269 3661 3529 3743 καίρίοις,
3564 3666 3634 3728 ἦν
3680 3658 3770 3714 ἔδει

2133 3753 2218 3811 διὰ
2250 3756 2467 3815 πάντων
2517 3767 2758 3833 κρατεῖν,
2793 3756 2863 3819 ὡς
2917 3755 3042 3828 παρ’
3090 3755 3248 3830 ἡμῶν
3304 3751 3512 3810 δεῖσθαι
3545 3757 3640 3808 τοῦ
3684 3752 3770 3813 τῆς

2137 3844 2458 3907 Ἐκκλησίας
2491 3848 2627 3920 αὐτῇ
2671 3844 3111 3922 προστησομὲνου
3143 3863 3160 3918 ς
3209 3841 3376 3899 Ἀλλὰ
3405 3843 3511 3920 γὰρ
3539 3842 3642 3918 οὐχ
3683 3834 3765 3892 ού·-

2135 3958 2241 3998 τως
2300 3936 2542 4004 ἀνοήτως
2585 3937 2752 4008 ἡμεῖς
2801 3931 3012 4007 ἕξομεν,
3045 3933 3151 4012 οὐχ
3203 3930 3341 3989 οὕτω
3389 3931 3637 4008 ῥᾳθύμως
3683 3925 3764 3982 καί

2136 4025 2489 4104 προδοτικῶς,
2539 4027 2611 4088 ὡς
2675 4025 2797 4101 ῥᾷον
2844 4021 3297 4087 αὖτοῖςξὺπεῖξαι
3357 4026 3448 4076 τοῦ
3525 4014 3761 4094 ἡμετέρου

2141 4102 2324 4174 καλοῦ.
2421 4115 2530 4180 Τὴν
2603 4111 2846 4194 κεφαλὴν
2921 4113 3175 4190 πρότερον
3249 4111 3654 4188 ἀφαιρήσονται,

2135 4205 2342 4260 ἐκεῖνον
2393 4201 2512 4281 παρ’
2576 4189 2807 4258 ἑκόντων
2863 4189 3018 4276 ἡμῶν
3078 4201 3366 4276 λήψονται.
3441 4204 3660 4258 Τοιαῦτα
3696 4189 3749 4256 δή

2139 4316 2252 4350 τινα
2341 4293 2642 4370 εἰρηκότες,
2711 4293 2876 4348 ἔπετα
2932 4292 3020 4346 καὶ
3090 4289 3266 4367 ὅρκοις
3358 4286 3607 4357 ἀλλήλων
3669 4281 3745 4340 τὰς

2133 4384 2315 4462 ψυχὰς
2375 4380 2652 4457 ἐμπεδοῦι,
2715 4382 2791 4456 μὴ
2870 4380 3077 4460 ἐφεῖναι
3148 4391 3267 4442 τοῖς
3329 4373 3732 4473 ἀπεσταλμένοξ,

2129 4473 2246 4528 ἀλλ’
2312 4474 2518 4548 ἕτοιμοι
2554 4473 2698 4528 εἶναι
2756 4472 2888 4548 πρὸς
2922 4473 2984 4527 τὸ
3013 4473 3205 4527 παθεῖν
3262 4466 3496 4544 μᾶλλον,
3529 4464 3638 4522 εἴτι
3679 4464 3727 4548 ἓν

2129 4565 2216 4619 καὶ
2273 4561 2396 4641 δρᾷν
2449 4561 2713 4638 μέλλωσι.
2749 4563 2852 4620 Τοῦ
2906 4561 3079 4616 τοίνυν
3130 4559 3428 4615 ἐπισκόπυυ
3486 4545 3718 4641 inhiat?"

2131 4634 2346 4722 σαντος,
2401 4655 2488 4708 καὶ
2524 4658 2591 4727 τῇ
2639 4653 2757 4727 περὶ
2801 4651 2986 4708 τούτου
3035 4649 3344 4726 δημηγορίᾳ
3389 4648 3570 4703 ἑαυτὸν
3611 4634 3726 4715 ﬁgi“

2131 4766 2248 4822 τος,
2296 4743 2434 4800 ὥστε
2466 4755 2653 4798 πεῖσαι
2713 4743 2774 4797 τὸ
2824 4739 3029 4807 πλῆθος
3073 4739 3149 4813 μὴ
3193 4736 3491 4813 ἀντιλέγειν
3531 4732 3723 4794 ὲκεὶνοις,

2135 4836 2306 4912 ψόφος
2357 4834 2422 4900 ἦν
2455 4833 2615 4910 ἀργὸς
2646 4839 2834 4904 ταῦτα,
2867 4831 2976 4886 καὶ.
3011 4828 3208 4904 ματαία
3240 4833 3347 4883 τῶν
3395 4825 3549 4882 ὤτων
3585 4816 3728 4898 ὄχλη-

2133 4908 2238 4985 σιςξ
2303 4923 2360 4980 Τί
2392 4908 2498 5000 γὰρ.
2536 4908 2639 4977 -καὶ
2668 4920 2840 4997 λέγων
2897 4917 3124 4987 ἠδύνατο
3176 4918 3398 4988 πείθειν,
3435 4914 3548 4971 ἐπεὶ
3588 4908 3726 5007 γλὼξ-

2129 5037 2228 5080 της
2301 5013 2621 5088 ἀποστερεῖν
2681 5011 2866 5071 αὖτοὺς
2937 5007 3151 5084 ἔμελλε,
3187 5005 3435 5084 γλώττης
3495 5004 3624 5060 οὓτω
3657 5004 3728 5070 μὲν

2128 5106 2290 5160 καλὸν
2363 5100 2614 5174 ᾀδούσης,
2673 5099 2811 5155 οὕτω
2883 5097 2934 5154 δὲ
2996 5096 3264 5174 ὠφέλιμον
3323 5095 3412 5151 καὶ
3485 5090 3723 5164 σωτήριον,

2127 5195 2189 5262 ἧς
2251 5195 2307 5248 τὸ
2338 5193 2415 5266 μὴ
2469 5191 2702 5262 ἀκούειν,
2735 5189 2901 5262 ζημία
2945 5185 3111 5259 δεινή,
3158 5187 3246 5240 καὶ
3290 5185 3362 5245 εἷς
3409 5182 3574 5249 αὒτὴν
3600 5181 3729 5248 ἥκου-

2129 5306 2194 5340 σα
2263 5264 2362 5348 τὴν
2417 5279 2651 5360 ψυχήνς
2715 5279 2854 5336 Εἶτα
2903 5281 3009 5332 τῶν
3066 5273 3486 5348 ἀπεσταλμένων
3513 5272 3596 5327 καὶ
3641 5264 3731 5342 βίαν

2127 5375 2462 5449 προσθεῖναι,
2502 5371 2586 5425 καὶ
2637 5369 2806 5444 ταύτῃ
2855 5369 2946 5422 τὸν
2994 5366 3248 5430 Ἰωάννην
3303 5361 3519 5419 ἑλκύσαι
3570 5357 3726 5435 προθυ-

2128 5461 2406 5537 μουμένων
2466 5459 2621 5524 αῦτὸς
2657 5458 2794 5513 εἶ’σω
2851 5456 3162 5534 γενόμενος,
3198 5453 3284 5508 καὶ
3329 5451 3454 5508 ὅσον
3483 5449 3725 5524 πρόκριτοι

2126 5532 2408 5628 ἐκπέμψας
2463 5555 2563 5616 τῆς
2623 5532 3037 5622 πόλεως,ήήξίου
3070 5567 3132 5601 το
3180 5543 3383 5610 πλῆθος
3413 5538 3578 5615 μηδὲν
3618 5532 3720 5590 νεώς

2127 5663 2273 5724 τερον
2321 5645 2605 5721 φρονῆσαι,
2667 5635 2805 5716 μηδὲ
2864 5636 3170 5718 πράγμασιν
3225 5631 3362 5698 ὅλως
3427 5627 3719 5713 θερμοτέροις
