3996 6178
217 355 432 422 1085
1312 355 1498 419 VITA
1546 356 1603 417 S.
1671 353 1994 417 JOANNIS
2034 351 2588 416 CHRYSOSTOMI.
3487 341 3637 414 1086

217 485 642 567 ἐπιχειρῆσαι,
678 485 908 564 βεϐαιῶν
967 489 1039 550 ὡς
1086 490 1191 568 οὔχ
1233 485 1367 544 ἑκὼν
1425 486 1609 542 ἑαυτὸν
1667 488 1886 564 προήσε·

1990 486 2226 547 emissis
2258 487 2354 561 iis,
2387 489 2486 568 qui
2535 494 2703 550 erant
2756 485 3040 568 praecipui
3069 482 3347 561 civitatis,
3389 483 3636 566 ragabat

212 597 338 632 ται
413 590 532 640 τοῖς
589 575 808 643 ἀπάξειν
852 576 1302 652 ἀπεσταλμένοις,
1367 575 1532 640 Μόλις
1593 578 1715 653 γοῦν
1771 575 1886 633 οὔτις

1991 575 2255 656 plebem,
2291 595 2366 638 ne
2397 577 2538 658 quid
2573 576 2708 638 novi
2731 577 3268 660 moliretur,neque
3291 593 3388 638 res
3416 591 3634 653 aggre-

214 665 357 732 τὴν
429 665 636 734 πολλὴν
719 671 904 730 αὐτοῖς
981 668 1123 738 ὁμὴν
1180 666 1427 733 ἵστησιν.
1491 664 1621 723 Οὐδὲ
1679 667 1781 743 γὰρ
1833 667 1886 722 εἷς

1991 667 2236 728 deretur
2250 667 2428 726 nimis
2443 667 2661 728 acriter
2687 681 2746 730 et
2769 665 3554 740 inconsiderate,alﬁrmans
3568 681 3632 724 se

214 750 409 812 ἅπαν
440 756 720 822 ἀνείθησαν
748 763 855 812 τῶν
899 755 1212 836 φροντίδων,
1245 754 1366 811 ἀλλ’
1398 755 1450 812 ἐν
1481 761 1558 828 τῷ
1619 755 1765 832 μέρει
1810 776 1878 810 κα

1990 772 2108 815 non
2123 772 2231 816 sua
2252 765 2469 834 sponte
2494 774 2558 818 se
2582 755 2936 818 traditurum
2961 757 3162 837 iis,qui
3193 754 3353 816 missi
3373 753 3629 816 fuerant.

219 843 514 922 φυλακὴν
557 845 864 913 ἐποιοῦντο,
890 843 1183 902 δεδοικότες
1238 846 1436 920 μήπως
1486 867 1566 910 τις
1619 845 1708 900 καὶ
1766 866 1886 922 προ-

1989 845 2132 906 Cum
2157 844 2242 905 sic
2273 845 2643 916 dixisset,vix
2676 865 2949 925 magnum
2974 845 3264 928 repressit
3284 861 3490 906 eorum
3515 843 3630 902 im-

219 929 418 989 δοσία
478 935 591 1006 περὶ
634 940 818 991 τοῦτον
853 938 1169 1013 συνενεχθῇ.
1234 941 1408 991 Ταῦτα
1453 936 1540 990 καὶ
1574 941 1651 1007 τῷ
1689 932 1886 1008 βασιλε

1991 933 2430 1014 petum.Neque
2454 936 2612 996 enim
2642 953 2705 995 se
2726 954 2866 997 cura
2889 936 3134 997 omnino
3153 933 3502 996 liberarunt:
3527 931 3632 994 sed

220 1018 404 1088 ὃῆλα
454 1020 523 1078 δι’
577 1021 871 1088 ἐπιστολῆς
933 1023 1194 1099 γίνονται,
1242 1024 1330 1078 καὶ
1395 1025 1443 1078 οἱ
1503 1020 1878 1095 ἀπεσταλμένα

1986 1021 2165 1082 etiam
2195 1041 2302 1102 per
2318 1024 2476 1085 vices
2501 1024 2832 1086 custodiam
2863 1024 3228 1087 adhibebant
3252 1042 3326 1084 ne
3348 1022 3545 1104 aliqua
3567 1023 3629 1081 in

219 1110 352 1177 τὴν
447 1111 554 1168 τῶν
637 1109 966 1191 Ἀντιοχέων
1023 1109 1269 1168 ἔνστασιν
1339 1111 1619 1191 ὑφειμένον
1673 1110 1886 1189 ἔχουσαε

1987 1128 2122 1172 eum
2148 1112 2318 1174 ﬁeret
2344 1113 2628 1193 proditio.
2663 1113 2799 1176 Haec
2840 1114 3187 1195 imperatori
3217 1113 3634 1192 signiﬁcantur

224 1197 439 1278 Οὒδέν,
503 1199 796 1264 ἐϐεϐαίουν,
845 1199 1013 1256 Πλὲον
1064 1200 1153 1256 οὖν
1193 1200 1336 1275 αῦτῷ
1382 1222 1440 1256 τε
1497 1201 1584 1257 καὶ
1638 1211 1756 1262 τοϊς
1809 1204 1886 1265 τῆ;

1991 1198 2416 1282 litteris,etqui
2451 1203 2618 1265 missi
2650 1203 3293 1278 fuerant,afﬁrmabant
3314 1201 3632 1266 Antioche-

222 1286 479 1354 πόλεως
537 1292 584 1346 οἱ
626 1292 758 1368 πρὸς
805 1290 1058 1356 Ἰωάννην
1115 1287 1304 1367 ἔρωτες
1369 1289 1746 1355 ἐξεκαύθησαν.
1809 1299 1886 1346 Κα

1992 1307 2206 1351 norum
2239 1294 2629 1354 constantiam
2659 1311 2722 1354 se
2757 1295 2906 1357 nihil
2939 1293 3267 1357 remittere.
3304 1292 3369 1352 Ei
3401 1310 3543 1370 ergo
3575 1299 3634 1352 et

220 1377 352 1455 γὰρ
421 1378 610 1435 εἴωθεν
642 1378 958 1453 ἀμελεῖσθαι
1019 1379 1120 1453 μὲν
1163 1381 1224 1434 τὸ
1281 1377 1472 1457 ῥᾳδίως
1535 1378 1881 1456 χειρούμενον

1993 1377 2220 1440 civibus
2255 1382 2665 1444 vehementius
2696 1402 2984 1446 accensus
3025 1385 3134 1446 fuit
3164 1401 3333 1444 amor
3360 1382 3420 1442 in
3447 1379 3630 1444 Joan-

220 1469 302 1523 τὸ
374 1466 434 1523 δὲ
492 1466 764 1546 διατριϐὴν
822 1471 907 1524 καὶ
972 1469 1135 1525 πόνον
1192 1467 1274 1546 ἐφ’
1327 1468 1481 1524 ἑαυτὸ
1541 1465 1652 1546 [ἶσ.
1711 1468 1882 1541 ἐαυτῷ

1992 1487 2156 1530 nem.
2179 1468 2341 1532 Solet
2360 1472 2519 1532 enim
2551 1473 2958 1554 negligi,quod
2986 1474 3166 1535 facile
3193 1471 3447 1551 capitur;
3471 1475 3627 1550 quod

222 1556 527 1637 παρέχον,
588 1559 854 1630 ὑποκνίζει
928 1559 1020 1614 τὸν
1080 1559 1262 1614 πόθον.
1332 1558 1678 1632 Σκεψάμενος
1733 1560 1886 1612 τοίνυε

1988 1570 2188 1620 autem
2220 1560 2478 1640 aliquam
2509 1581 2734 1623 moram
2759 1564 2930 1626 ail‘ert
2953 1572 3014 1626 et
3034 1563 3630 1640 dilationem,provo-

225 1650 374 1709 πῶς
438 1645 502 1703 ἂν
587 1649 732 1722 αύτῴ
788 1649 1003 1726 γένοιτο
1061 1653 1154 1704 τοῦ
1209 1669 1263 1702 τε
1340 1645 1768 1720 σπουδαζομένου
1826 1645 1886 1720 μὶ

1987 1657 2080 1708 cat
2103 1647 2498 1712 desiderium.
2538 1650 2681 1712 Cum
2718 1671 2860 1731 ergo
2891 1653 3046 1733 apud
3074 1671 3138 1714 se
3157 1650 3622 1722 considerasset,

225 1734 603 1816 διαμαρτεῖν,
665 1739 753 1794 καὶ
813 1735 1016 1813 μηδένα
1059 1734 1290 1792 κίνδυνον
1331 1741 1408 1809 τῷ
1457 1735 1728 1814 πράγματι
1759 1756 1886 1808 συμ-

1986 1741 2476 1810 quemadmodum
2509 1755 2700 1812 posset
2747 1754 2804 1801 et
2825 1745 2876 1798 id
2902 1744 3052 1815 quod
3077 1741 3444 1800 desiderabat
3467 1751 3625 1795 asse-

228 1838 479 1905 πεσεῖν,
523 1827 601 1900 τῷ
655 1828 856 1901 κόμητι
912 1825 1252 1905 Ἀντιοχείας
1315 1825 1502 1903 γράφει
1547 1822 1616 1879 δι’
1657 1822 1886 1902 ἆποῤῥή-

1986 1825 2228 1903 qui,nee
2248 1824 2386 1886 ideo
2409 1844 2506 1888 res
2527 1837 2686 1888 esset
2704 1829 2760 1890 in
2789 1829 2973 1890 ullum
3002 1836 3247 1890 ventura
3269 1825 3624 1907 periculum,

231 1935 390 1972 των.
431 1916 526 1972 Καὶ
585 1915 743 1979 αὑτὸς
797 1913 897 1980 ἔξω
945 1913 1042 1982 τῆς
1081 1914 1290 1978 πόλεως
1320 1916 1412 1969 τὸν
1445 1913 1698 1979 Ἰωάννην
1729 1933 1886 1986 μετα·

1987 1911 2201 1974 scribit
2233 1932 2340 1992 per
2363 1932 2580 1978 arcana
2602 1917 2673 1978 ad
2701 1918 2980 1978 comitem
3013 1914 3509 1995 Antiochiaelpse
3524 1933 3630 1974 au-

232 2002 640 2079 πεμψέμενος,
701 2007 773 2070 ὡς
818 2003 1121 2081 ἀναγκαίων
1181 2005 1342 2081 γάριν
1393 2005 1537 2077 αῦτῷ
1574 2000 1886 2079 κοινολογη-

1987 2008 2105 2062 tem
2140 2021 2274 2064 cum
2307 2003 2601 2067 Joannem
2652 2007 3072 2069 accersivisset
3103 2016 3270 2068 extra
3300 2005 3623 2077 civitatem,

231 2093 512 2167 σόμενος,
571 2093 820 2168 ἡμιόνοις
863 2094 1009 2156 εῦθὺς
1069 2094 1237 2150 καίτοι
1301 2091 1500 2172 σφόδρα
1564 2089 1886 2166 διατεινόμε-

1986 2097 2264 2172 tanquam
2299 2093 2375 2154 de
2407 2094 2768 2174 quibusdam
2803 2096 2985 2158 rebus
3011 2095 3371 2158 necessariis
3395 2111 3529 2156 cum
3554 2109 3626 2153 eo

236 2203 338 2237 νον
406 2180 741 2256 ἐπιϐιϐάσας,
801 2184 887 2240 καὶ
945 2181 1084 2238 οὕτω
1138 2183 1236 2251 τήν
1317 2181 1474 2239 πόλιν
1531 2180 1705 2238 λαθὼν
1779 2193 1886 2241 τοῖς

1983 2182 2566 2256 communicaturus,
2601 2201 2734 2246 eum
2767 2185 2910 2248 licet
2939 2186 3109 2248 valde
3138 2187 3532 2248 reluctantem
3567 2187 3626 2244 et

235 2270 694 2347 ἀπεσταλμένοις
726 2273 884 2330 αὐτὸν
915 2271 1201 2348 ἐπιτρέψας
1231 2271 1518 2348 ἐκπέμπει.

1981 2279 2414 2348 repugnantem
2453 2272 2656 2353 mulis,
2689 2293 2842 2350 quos
2870 2274 3130 2336 habebat
3161 2273 3626 2355 paratos,impo—

1983 2364 2127 2430 suit,
2158 2368 2215 2420 et
2244 2359 2330 2421 sic
2361 2361 2524 2422 nullo
2552 2362 2798 2424 omnino
2827 2364 3089 2426 animum
3122 2370 3194 2427 ad
3210 2370 3498 2437 vertente,
3525 2361 3618 2442 ip-

1984 2465 2114 2509 sum
2151 2448 2224 2509 iis
2254 2451 2351 2529 qui
2385 2451 2552 2511 missi
2580 2451 2838 2527 fuerant,
2868 2453 3149 2515 traditum
3180 2453 3419 2516 emittit.

333 2543 464 2618 ις’,
484 2543 617 2602 ’Ὅτε
632 2549 760 2620 γοῦν
789 2538 816 2595 δ
845 2539 1052 2608 ἀληθής
1085 2538 1357 2616 ἅνθρωπος
1388 2545 1481 2595 τοῦ
1510 2545 1644 2594 Θεοῦ
1667 2537 1886 2604 πλησίοι

2062 2536 2212 2600 XVI.
2249 2540 2393 2601 Cum
2428 2559 2568 2620 ergo
2630 2540 2732 2603 ille
2773 2560 2950 2604 verus
2981 2543 3160 2604 homo
3191 2542 3322 2616 Dei,
3357 2549 3482 2604 toto
3513 2540 3618 2604 illo

236 2638 352 2699 τῆς
411 2631 798 2709 βασιλευούσης
841 2629 1074 2707 γένοιτο,
1137 2629 1356 2705 πρώτην
1414 2628 1613 2694 ταύτην
1671 2625 1886 2682 εἶσόδιοι

1979 2625 2252 2689 confecto
2285 2627 2522 2703 itinere,
2548 2629 2672 2708 jam
2708 2639 2867 2692 esset
2897 2649 3081 2711 prope
3122 2629 3332 2693 urbem
3366 2629 3615 2709 regiam,

239 2721 512 2798 βασιλικῇ
567 2721 759 2797 γνώμη
815 2725 1034 2794 τιμᾶται
1096 2719 1282 2793 τιμήν,
1347 2723 1456 2772 Πᾶν
1507 2715 1628 2772 ὅσον
1661 2737 1886 2794 περιφα-

1977 2715 2091 2777 hoc
2117 2719 2371 2796 primum
2394 2718 2622 2780 honore
2645 2719 2898 2781 atﬁcitur
2927 2721 2986 2781 in
3018 2721 3293 2800 ingressu
3318 2720 3620 2782 voluntate

240 2810 337 2871 νές
400 2811 462 2866 οῦ
519 2810 616 2875 τῆς
676 2807 996 2874 Ἐκκλησίας
1028 2808 1214 2881 μόνον,
1245 2806 1384 2862 ἀλλὰ
1414 2807 1501 2861 καὶ
1535 2813 1638 2862 τῶν
1668 2808 1724 2861 ἓν
1749 2805 1886 2862 τέλει

1975 2804 2380 2885 imperatoris:
2409 2807 2700 2889 quidquid
2727 2817 2854 2871 erat
2877 2810 3104 2872 clarum
3129 2817 3186 2872 et
3215 2809 3468 2888 illustre,
3500 2827 3618 2871 non

242 2897 304 2965 ’ἑξ
362 2897 562 2973 μιλίοις
637 2897 1020 2976 προσελθόντες
1073 2901 1172 2964 τῆς
1243 2895 1478 2969 πόλεως,
1556 2894 1886 2975 φιλοφρόνως

1977 2893 2169 2956 solum
2198 2896 2257 2956 in
2289 2895 2694 2972 Ecclesia,sed
2719 2898 2894 2959 etiam
2921 2919 2990 2960 ex
3018 2898 3483 2978 magistratibus,
3517 2917 3617 2959 sex

242 2986 544 3054 ἕδεξιοῦντο
600 2986 878 3064 λαμπραῖς
936 2987 1261 3056 ὑπαντήσεσι
1308 2987 1396 3042 καὶ
1466 2997 1677 3059 τιμαῖς.
1741 2983 1886 3042 Οὕτω

1976 2983 2257 3045 milliaria
2298 3003 2678 3065 progressum
2727 2995 2894 3050 extra
2923 2988 3250 3063 civitatem,
3282 2987 3619 3051 ridentibus

242 3079 340 3135 καὶ
400 3091 543 3156 τοῖς,
604 3077 695 3156 ἀφ’
751 3079 828 3132 ὧν
879 3075 1113 3148 ἀπέστη,
1185 3076 1379 3152 θερμὸν
1442 3074 1656 3141 ἐνέτηξε
1699 3075 1886 3154 πόθον,

243 3169 340 3224 καὶ
398 3166 625 3244 ἄῤῥητον
669 3171 852 3230 αὐτοῖς
913 3165 978 3234 ἦν
1037 3167 1097 3220 τὸ
1142 3169 1240 3232 τῆς
1268 3166 1462 3240 ζημίας
1493 3164 1766 3236 ἐπίπονον,
1801 3166 1892 3220 καὶ

242 3268 395 3328 τοῖς,
455 3257 593 3316 ποιὸς
651 3257 740 3318 οὓς
797 3255 1021 3334 ἐπέστη,
1083 3253 1290 3321 πολλὴν
1349 3253 1618 3319 ἑνέσταξεν
1667 3253 1886 3327 ἡδονὴν,

245 3345 348 3402 καῗ
382 3344 600 3424 ἕρμαιον
661 3367 710 3400 τι
749 3347 933 3405 αὐτοῖς
993 3343 1129 3408 ἔδοξε
1178 3348 1324 3400 θετον
1363 3345 1452 3398 καὶ
1481 3341 1665 3420 κέρδος
1697 3342 1890 3420 ἀπερι-

244 3434 466 3501 νόητον.
504 3433 810 3513 Ἀμφότερα
868 3433 923 3488 δὲ
977 3433 1042 3500 ἦν
1088 3439 1188 3499 τῆς
1232 3434 1567 3508 πολυτρόπου
1610 3439 1700 3488 τοῦ
1759 3439 1892 3488 Θεοῦ

245 3525 460 3604 σοφίας,
516 3524 601 3578 καὶ
643 3528 743 3590 τῆς
779 3522 952 3579 πάντα
996 3521 1092 3578 καί
1138 3532 1258 3580 νοῦν
1318 3523 1406 3578 καὶ
1461 3520 1620 3598 λόγον
1652 3520 1888 3588 νικώσης

245 3614 653 3694 χρηστότητος,
713 3611 808 3668 ’ίνα
855 3614 940 3668 καὶ
995 3613 1092 3679 τὴν
1136 3615 1297 3670 αὐτοῦ
1341 3611 1559 3690 ἀρετὴν,
1594 3610 1744 3676 ὅπως
1774 3611 1892 3668 ἐστί

243 3709 410 3759 πᾶσιν
478 3701 772 3779 ἐπέραστός
831 3721 886 3756 τε
946 3703 1034 3756 καὶ
1113 3701 1516 3780 περιμάχητος,
1577 3699 1742 3779 δείξῃ,
1806 3702 1894 3757 καὶ

243 3796 438 3866 μισθοῦ
496 3791 746 3869 πρόξενον
805 3789 1075 3867 ἑκατέροις
1151 3792 1309 3846 αὐτὸν
1376 3791 1716 3859 καταστήσῃ.
1797 3791 1893 3847 Καὶ

243 3883 344 3960 γὰρ
377 3881 675 3960 ἀμφότεροι
728 3879 917 3960 φιλίως
975 3881 1106 3958 πρὸς
1157 3880 1219 3935 τὸ
1251 3880 1412 3935 καλὸν
1444 3877 1664 3957 ἔχοντες
1712 3878 1883 3956 ἔγνω-

245 3971 528 4048 ρίσθησαν,
586 3972 634 4025 οἱ
693 3969 791 4044 μὲν
837 3970 913 4042 τῷ
956 3969 1091 4041 μετὰ
1141 3967 1314 4034 λύπης
1375 3965 1694 4040 ἀποϐαλεῖν,
1730 3971 1777 4025 οἱ
1833 3966 1887 4023 δὲ

243 4067 318 4133 τῷ
362 4059 482 4134 μεθ’
540 4057 736 4128 ἡδονῆς
779 4056 1149 4123 ὑποδέξασθαι.
1184 4056 1337 4115 Ἐπεὶ
1382 4055 1436 4112 δὲ
1493 4059 1580 4114 καὶ
1635 4056 1882 4137 εἰσέλθοι,

243 4151 333 4206 καὶ
395 4151 585 4226 μικρόν
639 4170 691 4204 τι
739 4149 800 4204 τὸ
861 4145 1056 4212 μεταξὺ
1104 4145 1330 4220 διελθὸν,
1367 4147 1401 4214 ἡ
1449 4148 1599 4224 κυρία
1627 4149 1726 4212 τῆς
1758 4168 1880 4225 χει-

1973 3074 2166 3135 oculis
2186 3081 2246 3135 et
2264 3075 2396 3136 laeto
2414 3077 2577 3138 vultu
2601 3077 3011 3157 significantes
3026 3080 3245 3141 animae
3267 3077 3619 3151 laetitiam,ei

1975 3161 2125 3224 ﬁunt
2156 3163 2486 3240 obviam,et
2521 3185 2656 3228 eum
2689 3167 3202 3247 splendidissimis
3225 3167 3493 3230 afﬁciunt
3515 3166 3617 3230 ho-

1977 3252 2250 3316 noribus.
2286 3253 2384 3316 Sic
2419 3263 2475 3316 et
2496 3255 2594 3330 iis,
2617 3275 2650 3315 a
2678 3256 2897 3335 quibus
2925 3256 3222 3331 discessit,
3249 3257 3467 3320 ardens
3496 3257 3616 3316 im-

1978 3341 2140 3402 misit
2177 3341 2546 3404 desiderium
2579 3343 2682 3404 ill’a
2713 3345 3140 3408 desiderabilis
3173 3355 3230 3408 et
3257 3345 3501 3407 maximi
3523 3345 3612 3408 fa-

1975 3429 2189 3491 cienda
2211 3431 2410 3492 anima
2445 3453 2458 3494 :
2497 3442 2554 3494 et
2586 3433 2684 3508 iis,
2715 3434 2785 3495 ad
2812 3453 2964 3514 quos
2987 3437 3262 3512 accessit,
3299 3435 3613 3496 maximam

1973 3521 2162 3580 attulit
2183 3524 2452 3593 voluptat:
2480 3541 2557 3582 m.
2590 3527 2772 3582 Erant
2793 3536 2986 3584 autem
3011 3535 3258 3599 utraque
3281 3527 3616 3598 multiplicis

1980 3608 2084 3671 Dei
2115 3611 2428 3688 sapientiae
2460 3622 2517 3672 et
2550 3610 3098 3694 benignitatis,qua3
3127 3631 3364 3676 omnem
3387 3613 3615 3674 intelli-

1975 3699 2235 3776 gentiam
2255 3699 2438 3761 vincit
2462 3709 2519 3761 et
2543 3702 2975 3776 orationem,ut
2995 3712 3052 3764 et
3083 3702 3243 3764 illius
3273 3701 3616 3764 ostenderet

1974 3786 2344 3863 virtutem,et
2366 3807 2540 3869 quam
2564 3791 2641 3852 sit
2663 3790 2958 3864 amabilis,
2993 3800 3048 3853 et
3065 3791 3335 3854 efﬁceret
3392 3799 3452 3852 ut
3485 3791 3616 3872 ipse

1977 3877 2246 3958 utrisque
2263 3879 2600 3940 mercedem
2626 3879 3232 3944 conciliaret.Ambos
3253 3880 3412 3943 enim
3431 3881 3617 3943 hone-

1969 3968 2043 4026 sti
2065 3985 2270 4028 amore
2297 3969 2488 4029 teneri
2513 3969 2620 4029 fuit
2641 3968 2944 4047 cognitum
2977 3989 2992 4029 :
3017 3969 3152 4031 illos
3175 3969 3611 4050 quidem,quod

1967 4073 2102 4118 cum
2155 4056 2364 4118 dolore
2409 4057 2768 4131 dimiserint,
2826 4059 2937 4119 hos
2993 4067 3216 4132 autem,
3279 4060 3438 4140 quod
3475 4078 3608 4120 cum

1967 4143 2170 4205 laetitia
2191 4145 2716 4225 exceperinLCum
2744 4165 2884 4208 vero
2909 4156 3067 4210 esset
3089 4147 3480 4226 ingressus,et
3507 4149 3609 4210 iu-

247 4238 486 4315 ροτονίας
541 4238 740 4316 παρῆν,
785 4237 1035 4314 παρῆσαν
1080 4237 1176 4310 μὲν
1232 4238 1322 4292 καὶ
1375 4237 1423 4291 οἱ
1473 4244 1571 4308 τῆς
1621 4236 1884 4316 ἐπαρχίας

1972 4235 2342 4296 tercessisset
2368 4253 2608 4315 parvum
2633 4236 2888 4315 spatium
2923 4238 3234 4317 temporis,
3260 4237 3610 4299 aderatdies

248 4327 554 4399 ἐπίσκοποι,
593 4330 770 4405 παρῆν
815 4326 868 4382 δὲ
911 4329 1000 4383 καὶ
1044 4329 1071 4381 ὁ
1130 4331 1230 4392 τῆς
1286 4323 1686 4404 Ἀλεξανδρείας
1747 4326 1884 4382 Θεό-

1972 4325 2437 4386 consecrationis
2472 4343 2486 4388 :
2519 4332 2732 4388 etcum
2758 4325 3035 4388 adessent
3063 4325 3304 4408 quidem
3341 4326 3607 4408 episcopi

249 4415 400 4496 φιλος
446 4421 654 4491 πρῶτος
712 4421 820 4472 τῶν
876 4414 1056 4471 ἄλλων
1102 4415 1426 4478 ἐπισπεύσας
1455 4421 1522 4490 τῇ
1578 4413 1886 4492 τελεσιουρ-

1972 4417 2550 4487 provinciae,adesset
2574 4428 2762 4474 autem
2791 4420 2959 4474 etiam
2985 4417 3337 4488 Theophilus
3358 4421 3610 4475 Alexan-

247 4506 335 4584 γίᾳ
377 4507 470 4560 τοῦ
526 4505 793 4583 μάκαρος.
864 4503 1073 4570 ’Ἐκτην
1146 4503 1244 4579 μὲν
1311 4501 1400 4560 οὗν
1465 4505 1493 4559 ὁ
1535 4500 1886 4580 Φεϐρουάριος

1973 4502 2118 4563 driae
2143 4502 2356 4580 (9),qui
2383 4504 2608 4582 primus
2635 4520 2702 4562 ex
2726 4502 2860 4564 aliis
2883 4503 3613 4578 festinavit,utinteresset

249 4607 372 4674 εἶχε
402 4595 534 4672 πρὸς
563 4601 632 4671 τῇ
678 4592 868 4669 εἰκάδι,
915 4596 1054 4661 ὑπῆν
1086 4591 1140 4650 δὲ
1172 4595 1398 4665 εἰκάζειν
1458 4591 1536 4650 ὅτι
1584 4591 1886 4670 συνηδομέ-

1972 4589 2131 4651 beati
2152 4589 2403 4653 Joannis
2426 4592 2870 4655 consecrationi
2901 4615 2913 4651 :
2940 4602 2998 4656 et
3029 4602 3188 4655 esset
3219 4593 3458 4674 quidem
3494 4596 3608 4656 Fe-

249 4706 334 4741 νου
380 4687 498 4740 τότε
543 4687 636 4740 καί
683 4687 778 4740 τοῦ
819 4685 927 4740 τῶν
970 4683 1134 4762 ἁγίων
1190 4691 1383 4762 χοροῦ,
1436 4684 1523 4740 καὶ
1556 4681 1692 4758 μηδὲ
1723 4683 1882 4762 ἆγγέο

247 4771 349 4830 λων
395 4779 494 4838 τῆς
549 4773 690 4838 θείας
747 4774 945 4841 ταύτης
993 4774 1182 4850 ἐορτῆς
1214 4772 1680 4847 ἀπολειπομένων,
1730 4776 1756 4830 ὁ
1801 4773 1888 4830 ἐπὶ

247 4862 341 4940 γῆς
403 4861 633 4942 ἅγγελος
676 4864 753 4937 τῷ
811 4863 1061 4940 ἱερατικῷ
1104 4861 1396 4918 τελείοῦται
1453 4863 1739 4942 χρίσματι,
1799 4863 1887 4918 καὶ

247 4957 320 5024 τῷ
360 4955 456 5017 τῆς
488 4949 814 5017 Ἐκκλησίας
865 4950 987 5026 ὕψει
1039 4953 1341 5028 στηρίζεται
1376 4953 1403 5006 ὁ
1429 4948 1688 5030 διαφανὴς
1720 4951 1890 5028 ἀστὴρ

251 5041 332 5096 καὶ
388 5039 764 5118 ὑπέρλαμπρος
802 5089 818 5114 ,
879 5043 965 5097 καὶ
1029 5043 1162 5120 φωτὶ
1223 5039 1558 5120 χαριεστέρῳ
1625 5041 1720 5102 τὰς
1781 5047 1887 5097 τῶν

247 5127 534 5207 ἀνθρώπων
579 5129 932 5205 περιλάμπων
996 5133 1176 5208 ψυχάς
1213 5150 1228 5165 ⁸
1291 5131 1349 5194 ὃς
1385 5132 1470 5186 καὶ
1507 5130 1620 5206 βίον
1649 5129 1780 5210 εἶχε
1809 5135 1887 5203 τῷ

249 5215 387 5294 λόγῳ
417 5220 725 5299 σύμφωνον,
762 5221 849 5275 καὶ
883 5218 1042 5296 λόγον
1101 5223 1344 5276 τοιούτου
1387 5221 1502 5296 βίου
1542 5221 1885 5298 προσήκοντα

249 5309 589 5385 καθαρότητι,
655 5303 719 5388 ᾯ
781 5310 842 5364 τὸ
899 5311 1096 5364 πείθειν
1159 5309 1296 5365 οὕτω
1348 5308 1544 5385 ῥᾴδιον,
1593 5313 1666 5373 ὡς
1707 5307 1881 5368 οὐδενί

250 5393 390 5473 ἄλλῳ
445 5397 505 5452 τὸ
563 5396 739 5474 λέγειν
807 5396 990 5461 ἅπλῶς
1028 5413 1042 5427 ⁹

1111 5401 1172 5455 οὗ
1211 5413 1409 5478 πραεῖα
1468 5400 1564 5474 μὲν
1608 5400 1642 5467 ἠ
1699 5400 1877 5479 φωνὴ,

314 5565 396 5635 (9)
419 5565 587 5640 Anno
611 5562 718 5618 398
738 5563 1536 5640 metropolitanisastauitibus
1564 5567 1876 5640 episcdpis,

1971 4678 2194 4742 bruarii
2217 4681 2346 4744 dies
2374 4681 2692 4744 vicesimus
2716 4691 2943 4744 sextuS'
2972 4683 3179 4744 liceret
3199 4693 3395 4745 autem
3417 4686 3606 4762 conji-

1969 4771 2299 4852 cere,quod
2319 4791 2450 4834 cum
2475 4772 2656 4834 simul
2674 4772 2980 4834 laetaretur
2999 4773 3222 4834 chorus
3240 4781 3604 4848 sanctorum,

1973 4877 2048 4921 ne
2073 4861 2271 4940 angeli
2293 4863 2535 4941 quidem
2557 4861 2843 4924 abessent
2865 4863 2939 4922 ab
2963 4863 3075 4923 hoc
3096 4861 3299 4924 divino
3323 4863 3606 4943 festo,qui

1972 4957 2100 5010 erat
2123 4950 2180 5010 in
2201 4959 2358 5012 terra
2378 4951 2830 5030 angelus,sacro
2851 4951 3172 5013 chrismate
3195 4961 3603 5027 consecratur,

1971 5047 2030 5100 et
2059 5039 2116 5100 in
2147 5041 2382 5102 excelso
2443 5042 2572 5102 loco
2633 5041 2908 5102 ecclesiae
2966 5040 3314 5114 collocatur,
3349 5043 3451 5122 qui
3483 5051 3609 5105 erat

1967 5146 2176 5189 revera
2201 5129 2374 5191 stella
2405 5129 3239 5212 lucidissima,etjucundiori
3263 5131 3397 5192 luce
3419 5132 3608 5192 homi-

1968 5235 2108 5278 num
2170 5218 2500 5281 illustrabat
2553 5222 2788 5283 animas
2842 5239 2855 5282 :
2912 5222 3012 5298 qui
3049 5230 3106 5282 et
3139 5220 3397 5283 habebat
3425 5223 3604 5284 vitam

1966 5307 2218 5369 orationi
2249 5309 2796 5385 convenientem,et
2818 5311 3178 5384 orationem,
3202 5329 3335 5390 qua;
3356 5310 3608 5376 decebat

1969 5397 2145 5461 talem
2171 5397 2301 5459 vitae.
2325 5397 2638 5478 puritatem
2677 5417 2689 5461 :
2718 5401 2815 5461 cui
2862 5400 3223 5479 persuadere
3255 5418 3372 5461 non
3407 5400 3604 5462 minus

1963 5573 2227 5640 stomum,
2248 5568 2584 5639 designasse
2614 5569 2946 5640 episcopo:
2975 5568 3192 5640 Socrat.
3228 5568 3330 5626 lib.
3361 5579 3442 5630 VI.
3479 5569 3594 5635 0.2,

250 5648 354 5693 sua:
383 5636 690 5709 provinciae
738 5647 1136 5709 consecratur.
1174 5637 1476 5708 Theophil.
1513 5636 1878 5696 Alexandria:
1960 5640 2186 5697 Sozom.
2218 5639 2320 5696 lib.
2353 5636 2480 5708 vin,
2513 5636 2665 5708 cap.‘
2701 5639 2754 5707 2,
2802 5636 3084 5700 memerat
3124 5639 3424 5707 Buronius,
3455 5648 3596 5696 tom.

249 5706 545 5783 episcopus
601 5721 718 5767 non
789 5706 1099 5778 volentem,
1148 5709 1249 5771 sed
1309 5706 1571 5772 coactum
1623 5710 1878 5787 Chryso-

1967 5710 2028 5769 V.
2058 5712 2269 5770 Annal.
2302 5712 2372 5771 ad
2402 5727 2549 5771 ann.
2584 5712 2710 5770 397.
