3996 6178
426 313 575 387 1087

1716 318 1996 388 MENSIS
2036 323 2366 388 JANUARI
2381 326 2493 392 US.

3700 320 3821 390 1088

421 466 550 523 erat
570 455 960 540 facile,quam
984 453 1172 522 cuivis
1193 455 1299 520 alii
1321 455 1700 520 solummodo
1719 458 2068 524 dicere.Cu-

2166 477 2351 542 πραεῖα
2379 461 2445 532 δὴ
2476 464 2510 534 ἡ
2541 461 2794 542 ἔντευξις,
2826 464 2855 522 ὁ
2884 461 2939 520 δὲ
2992 461 3155 544 λόιος
3205 463 3394 528 οὕτως
3451 461 3720 538 ὁμαλῶς,

415 551 518 632 jus
536 568 650 613 vox
669 548 914 631 quidem
937 556 1064 610 erat
1085 547 1264 621 lenis,
1291 545 1446 609 lenis
1467 555 1664 610 autem
1687 551 2063 629 congressio:

424 640 620 703 oratio
641 656 948 718 vero,qnae
967 640 1120 700 adeo
1137 635 1370 719 placide
1395 645 1452 698 et
1470 637 1740 716 jucunde
1762 639 1986 702 ﬂuebat
2005 639 2067 700 in

424 729 782 803 animam,et
804 736 918 790 tam
944 726 1204 806 benigne
1221 744 1351 788 eam
1377 727 1808 806 attingebat,ut
1835 729 2067 790 nullum

426 830 576 880 esset
597 821 879 894 ejusmodi
907 819 1393 878 medicamentum
1437 823 1724 890 corporis,
1757 823 1908 893 quod
1937 837 2067 880 rum

418 906 646 979 iuvaret
668 905 1160 977 plurimum,nihil
1186 905 1492 963 aﬁerretin
1511 905 1724 964 utendo
1751 907 2028 966 molestia
2053 923 2066 964 :

423 991 730 1068 quomodo
751 991 855 1053 illa
878 990 1106 1070 absque
1129 990 1252 1052 ullo
1278 1007 1482 1052 morsu
1508 990 1830 1053 maximam
1854 992 2072 1054 aﬂ‘ere-

425 1084 1120 1148 batutilitatem.Deinde
1141 1083 1241 1146 die
1262 1084 1539 1164 sequenti
1561 1084 1694 1164 ipse
1715 1085 2068 1165 imperator,

429 1189 489 1242 et
508 1171 852 1262 quicunque
875 1186 1046 1242 erant
1074 1179 1137 1240 in
1163 1178 1398 1240 civitate
1422 1177 1700 1240 honorati
1723 1186 1782 1240 et
1801 1179 1937 1240 aliis
1958 1198 2068 1241 su-

431 1270 723 1350 periores,
758 1269 831 1331 ad
873 1269 1114 1332 beatum
1139 1270 1330 1330 virum
1354 1267 1716 1332 accedentes
1744 1270 1883 1348 (hoc
1907 1269 2066 1331 enim

429 1361 672 1421 omnino
703 1357 1029 1438 volebant),
1081 1359 1214 1438 ejus
1247 1375 1462 1436 preces
1493 1364 1552 1419 et
1583 1356 2067 1421 benedictionem

421 1450 864 1530 jucundissime
904 1456 1044 1511 sunt
1063 1450 1394 1511 consecuti.
1427 1447 1659 1510 Deinde
1680 1449 1805 1523 ille,
1850 1469 1987 1511 cum
2020 1451 2072 1513 is

431 1537 880 1618 laudabilis,qui
911 1538 1244 1618 prius,eum
1282 1536 1816 1601 invasissetmetus
1837 1547 2074 1601 etesset

429 1644 692 1688 summus
744 1631 998 1687 imitator
1016 1630 1153 1687 Jesu
1176 1628 1543 1696 humilitatis,
1574 1629 1784 1701 injecta
1810 1633 2073 1688 oratione

430 1716 516 1778 sic
548 1713 695 1776 dixit
729 1733 743 1778 :
777 1713 1096 1778 Terribilis
1129 1712 1281 1775 mihi
1311 1713 1438 1775 visa
1496 1722 1608 1787 est,
1645 1732 1680 1776 ο
1715 1719 2068 1794 imperator,

2150 553 2319 622 ἡδέως
2377 554 2510 631 ῥέων
2558 557 2631 621 εἰς
2665 556 2767 623 τὴν
2809 556 3023 635 ψυχὴν,
3069 556 3160 613 καὶ
3204 556 3395 620 οὕτως
3459 556 3662 623 ἠπίως
3693 553 3826 619 αὑτῆς

2152 644 2478 718 ἁπτόμενος,
2541 644 2680 701 ὥστε
2763 642 2934 720 μῆςέν
3014 651 3256 702 τοιοῦτον
3309 645 3499 701 εἶναι
3571 641 3830 722 φάρμακον

2151 740 2428 808 σώματος,
2491 734 2518 789 ὃ
2579 736 2647 791 τὰ
2705 733 2935 811 μέγιστα
2986 734 3226 814 ὠφελοῦν
3287 731 3472 794 οὐδὲν
3544 732 3723 789 λυπεῖ
3782 739 3834 808 τῇ,

2152 824 2506 901 προσψαύσει,
2579 825 2653 888 ὡς
2707 826 2920 887 ὶκεῒνος
2977 822 3226 903 μεγάλην
3281 846 3344 882 τε
3464 824 3568 880 καὶ
3653 819 3833 888 πολλὴν

2151 909 2396 981 ἀδήκτως
2444 911 2666 988 ἐμποιεῖ
2709 913 2808 979 τὴν
2839 912 3126 994 ὠφέλειαν,
3183 914 3319 971 Εἶτα
3394 913 3522 980 τὴν
3575 912 3837 986 ὑστεραίαν

2153 1001 2401 1077 βασιλεὺς
2459 1004 2641 1083 αὐτὸς,
2693 1005 2781 1059 καὶ
2841 1004 2940 1070 τῆς
2985 1002 3259 1068 πολιτείας
3304 1004 3456 1060 ὅσον
3495 1001 3737 1077 ἔντιμον
3765 1001 3836 1056 καὶ

2152 1091 2272 1155 τοὺς
2331 1090 2565 1152 πολλοὺς
2611 1089 2996 1170 ὑπερϐεϐηκὸς,
3060 1091 3475 1168 προσελθόντες
3533 1097 3627 1164 τῷ
3681 1111 3840 1158 μακα-

2151 1181 2247 1255 ρίῳ
2293 1178 2471 1260 (τοῦτο
2525 1180 2627 1259 γὰρ
2686 1180 2746 1236 ἐκ
2788 1181 2987 1244 παντὸς
3030 1179 3226 1256 ἠξίουν)
3289 1186 3414 1238 τῶν
3498 1177 3646 1256 παρ’
3709 1177 3840 1234 αὗτώ

2154 1270 2331 1349 εὑχῶν
2369 1268 2552 1337 ἥδιστα
2583 1271 2798 1338 καὶτῆς
2849 1269 3093 1348 εὐλογίας
3150 1269 3471 1331 ἀπέλαυον.
3542 1267 3682 1327 Εἶθ’
3727 1269 3843 1324 οὕτω

2153 1358 2316 1436 λόγον
2373 1357 2622 1435 ἐμϐαλὼν
2680 1359 2917 1434 heims,
2980 1363 3053 1424 ὡς
3110 1362 3213 1417 ὑπὺ
3260 1365 3361 1429 τῆς
3423 1360 3627 1424 αὐτῆς
3667 1355 3844 1419 δειλίας

2155 1450 2418 1528 ἐχόμενος
2469 1451 2566 1515 τῆς
2624 1452 2933 1524 ἔπαινετῆς,
2975 1450 3042 1519 ἧς
3098 1451 3189 1507 καὶ
3233 1451 3558 1530 πρότερον,
3619 1451 3719 1504 καὶ
3763 1472 3844 1523 μι-

2154 1540 2336 1611 μητὴς
2380 1537 2550 1596 τελῶν
2579 1544 2679 1606 τῆς
2711 1538 2890 1605 Ἰησοῦ
2946 1541 3351 1612 ταπεινώσεως,
3402 1536 3692 1616 Φοϐερόν
3735 1559 3842 1613 μοι,

2154 1627 2336 1699 εἶπεν,
2371 1631 2416 1683 ὦ
2443 1627 2688 1704 βασιλεῦ,
2736 1629 2824 1684 καὶ
2870 1637 3056 1703 μεῖζον
3099 1629 3135 1698 ἢ
3187 1629 3308 1686 κατ’
3367 1630 3546 1703 ἐμὴν
3601 1629 3841 1702 δύναμιν,

2154 1720 2254 1784 τῆς
2313 1719 2590 1794 ἱεραρχίας
2634 1717 2830 1784 ταύτης
2863 1724 2964 1785 τῆς
3012 1720 3307 1799 ὑπερφυους
3366 1721 3444 1776 τὸ
3515 1717 3771 1792 ἀξίωμα,
3825 1716 3846 1771 ὅ

430 1804 744 1884 terribilis,
782 1812 839 1866 et
882 1804 1074 1883 major
1119 1821 1294 1882 quam
1320 1811 1548 1864 utmeae
1571 1803 1728 1865 vires
1746 1805 1906 1866 ferre
1928 1823 2071 1885 pos-

2166 1827 2225 1881 αε
2284 1808 2371 1862 καὶ
2417 1805 2596 1863 δειλὸν
2653 1807 2818 1864 ἱποίει
2862 1809 2949 1864 καὶ
2993 1810 3125 1887 πρὸς
3181 1809 3279 1876 τὴν
3334 1809 3585 1886 αἵρεσιν
3621 1806 3842 1882 διαμέλ-

433 1894 857 1972 sent,insignis
881 1893 1139 1972 dignitas
1160 1893 1339 1972 hujus
1364 1892 1767 1972 pontiﬁcatus:
1793 1895 1956 1974 quod
1979 1913 2075 1956 me

430 1987 602 2044 etiam
624 1985 901 2043 reddebat
925 1985 1186 2042 timidum
1207 1993 1574 2042 cunctantem
1599 1986 1670 2042 ad
1696 1985 1821 2054 ejus
1873 2001 2076 2044 susce-

430 2070 702 2151 ptionem
733 2091 746 2132 :
775 2068 933 2150 quod
958 2068 1103 2131 etad
1132 2086 1322 2130 meam
1349 2068 1624 2130 intuerer
1645 2068 2069 2146 abjectionem,

421 2168 482 2221 et
501 2159 575 2221 ad
597 2158 1074 2239 magnitudinem
1103 2157 1426 2237 ejus,quod
1453 2175 1602 2220 meae
1625 2157 1763 2220 ﬁdei
1790 2161 2073 2221 commit-

427 2247 831 2322 tebatur.Quo
857 2258 948 2310 est
967 2249 1128 2310 enim
1153 2247 1414 2327 dignitas
1436 2247 1858 2323 sublimior,eo
1887 2249 2076 2329 magis

431 2357 584 2419 opus
606 2336 784 2401 habet
806 2337 1010 2420 iis,qui
1031 2344 1174 2399 sunt
1196 2337 1682 2411 excelsiviribus,
1711 2345 1768 2399 et
1787 2337 1889 2417 qui
1922 2356 2071 2400 con-

431 2427 618 2491 fidere
642 2436 896 2510 possunt
917 2429 979 2489 in
1022 2427 1386 2490 ministerio.
1420 2427 1566 2490 Cum
1599 2435 1797 2490 autem
1822 2446 1934 2489 nos
1966 2427 2074 2490 etsi

429 2517 708 2598 indignos
739 2527 798 2581 et
827 2517 1203 2598 abjectos,iis
1233 2516 1453 2598 quibus
1481 2517 1598 2579 scit
1628 2516 1989 2594 rationibus,
2023 2517 2076 2578 is

433 2613 600 2685 cujus
617 2612 840 2685 judicia
859 2621 996 2670 sunt
1015 2615 1259 2684 abyssus
1283 2611 1464 2670 multa
1491 2611 1636 2679 “hab
1661 2611 1810 2668 hanc
1834 2611 2072 2670 deduxit

434 2697 768 2778 speculam,
805 2707 865 2762 et
885 2697 1118 2760 ratione
1165 2697 1394 2777 prmditi
1425 2697 1518 2758 sui
1544 2696 1742 2776 gregis
1771 2705 2074 2776 pastorem

435 2790 986 2866 constituit,rogo,o
1007 2788 1362 2868 imperator,
1398 2803 1504 2866 per
1533 2804 1664 2848 eam
1689 2803 2073 2866 spem,quam

437 2894 649 2938 omnes
682 2876 984 2939 habemus
1015 2881 1233 2956 (neque
1283 2875 1445 2936 enim
1498 2874 1646 2936 mihi
1682 2883 1870 2936 tutum
1902 2875 2082 2938 fuerit

435 2964 727 3047 deinceps
757 2964 1166 3044 silere,neque
1191 2964 1348 3045 quod
1374 2982 1574 3025 meum
1602 2975 1692 3027 est
1716 2965 1909 3026 solum
1934 2983 2079 3045 spe-

435 3053 679 3129 ctando,
709 3055 1151 3118 mercenarium
1175 3061 1400 3126 esse,et
1423 3072 1542 3116 non
1561 3057 1908 3133 pastorem);
1932 3072 2081 3132 rogo

438 3151 680 3242 ergo,ut
703 3143 1117 3224 principaliter
1139 3142 1381 3242 quidem
1410 3161 1511 3242 vos
1535 3141 1637 3204 Dei
1658 3143 1853 3242 verbis
1869 3162 2077 3242 aurem

2166 3149 2326 3226 φημὶ,
2373 3145 2587 3224 πράξεις
2618 3144 2951 3221 οἰκοδομεῖν,
3009 3148 3066 3204 Εἰ
3096 3146 3159 3215 ἒή
3193 3167 3333 3209 τινες
3365 3146 3811 3227 προελήφθησαν,

2157 1895 2321 1953 λοντα
2363 1897 2440 1972 τῷ
2491 1897 2624 1974 πρός
2681 1918 2738 1952 τε
2781 1899 2880 1965 τὴν
2955 1897 3093 1973 ἐμὴν
3155 1897 3430 1978 ἐσχατιὰν
3498 1899 3732 1977 ἆφορᾷν
3770 1902 3843 1950 καὶ

2155 1987 2255 2053 τὴν
2309 1993 2406 2042 τοῦ
2462 1985 2847 2062 πιστευομένου
2903 1986 3327 2065 μεγαλειότητα.
3383 1989 3576 2062 ’⁷οτιῳ
3630 1989 3740 2066 γὰρ
3791 1988 3842 2041 τὸ

2154 2074 2389 2150 ὑψηλὸν,
2436 2076 2674 2147 τοσούτῳ
2729 2077 2819 2132 καὶ
2867 2077 2976 2134 τῶν
3007 2078 3078 2141 εἰς
3113 2075 3333 2152 δύναμιν
3372 2076 3651 2152 ὑψηλῶν
3680 2075 3842 2131 δεῖται

2156 2166 2288 2244 πρὸς
2349 2165 2448 2232 τὴν
2501 2167 2818 2243 ὑπηρεσίαν.
2881 2164 3035 2223 Ἐπεὶ
3094 2164 3147 2220 δὲ
3211 2167 3297 2223 καὶ
3353 2166 3634 2232 ἀναξίους
3695 2165 3836 2225 ὄντας

2158 2257 2244 2311 καὶ
2303 2253 2491 2333 χαμαὶ
2549 2254 2826 2329 κειμένους
2883 2256 3049 2331 ἡμᾶς,
3097 2255 3188 2320 οἷς
3243 2255 3556 2313 ἓπίσταται
3639 2254 3836 2332 λόγοις,

2157 2343 2217 2400 οὑ
2275 2345 2341 2398 τὰ
2394 2343 2626 2420 κρίματα
2685 2341 2913 2405 ἄϐυσσος
2964 2342 3166 2425 πολλὴ,
3229 2347 3302 2408 εἷς
3362 2346 3598 2412 ταύτην
3668 2344 3830 2420 ἤγαγε

2158 2433 2458 2506 περιωπὴν,
2491 2433 2581 2489 καὶ
2611 2433 2844 2508 ποιμένα
2894 2438 2993 2499 τῆς
3044 2432 3268 2510 λογικῆς
3320 2435 3494 2490 αὑτοῦ
3530 2432 3830 2496 κατέστησε

2158 2524 2418 2603 ποίμνης,
2502 2521 2712 2597 δέομαι,
2801 2522 3042 2599 βασιλεῦ,
3125 2524 3258 2601 πρὸς
3314 2524 3505 2579 αὐτῶν
3576 2518 3819 2587 ἐλπίδων,

2155 2612 2231 2667 ὧν
2291 2611 2487 2676 πάντες
2546 2610 2788 2690 ἐχόμεθα
2833 2609 2974 2687 (οὑδὲ
3005 2611 3108 2688 γὰρ
3148 2609 3426 2668 ἀκίνδυνόν
3478 2635 3588 2687 μοι
3637 2612 3702 2666 τὸ
3731 2608 3822 2663 ἀπὸ

2155 2699 2306 2761 τοῦδε
2339 2706 2516 2779 σιγᾷν,
2583 2699 2698 2759 οὑδὲ
2743 2701 2804 2757 τὸ
2849 2700 3080 2776 ἐμαυτοῦ
3130 2702 3294 2774 μόνον
3339 2701 3575 2776 ὁρῶντα
3619 2701 3813 2776 μισθω-

2156 2792 2246 2847 τὸν
2291 2790 2469 2868 εἶναι,
2514 2790 2604 2846 καὶ
2659 2789 2718 2846 οὒ
2775 2788 3030 2869 ποιμένα)
3093 2789 3279 2864 δέομαι
3329 2797 3648 2869 τοιγαροῦν
3701 2808 3815 2864 προ-

2160 2878 2473 2957 ηγουμένως
2527 2878 2625 2954 μὲν
2667 2891 2788 2941 τοϊς
2845 2884 2941 2934 τοῦ
2996 2886 3130 2937 Θεοῦ
3189 2877 3372 2957 λόγους
3403 2880 3510 2943 οὖς
3547 2879 3810 2936 εὖσύνετον

2161 2970 2501 3048 ὑποσχόντας
2573 2970 2736 3048 ὑμᾶς,
2809 2969 2897 3024 επὶ
2966 2970 3044 3042 τῷ
3127 2967 3357 3043 θεμελίῳ
3410 2973 3530 3034 τῆς
3597 2968 3810 3027 πίστεως

2164 3081 2364 3138 χρυσον
2395 3059 2483 3113 καὶ
2513 3055 2737 3135 ἄργυρον
2767 3057 2856 3113 καὶ
2914 3055 3087 3120 λίθους
3144 3057 3375 3132 τιμίους,
3431 3058 3546 3114 τὰς
3598 3057 3804 3134 ἀγαθὰς,

3929 2133 3932 2250 ῑ

3927 2303 3932 2388 l

3924 2395 3932 2695 4

3921 2699 3932 2948 3

3921 2969 3932 3204 ἓ

439 3207 777 3314 praebentes
803 3207 1309 3340 attentam,sbp'e‘r
1325 3231 1784 3340 fundamentum
1808 3233 2077 3335 ﬁdei,au-

2166 3207 2345 3305 ετξ-ικαὶ
2386 3207 2747 3314 ⁴ιέροληιρθεϊεν
2798 3207 2950 3314 ίὸπερ
3002 3207 3343 3315 cincti-lotam)
3371 3207 3816 3313 n‘apan'tléuzat;

440 3342 574 3386 rum
610 3333 668 3386 et
695 3333 1006 3402 argentum
1039 3333 1096 3386 et
1126 3321 1358 3403 lapides
1391 3327 1708 3403 pretiosos,
1747 3321 1960 3393 bonas.
1994 3323 2083 3385 in-

437 3433 643 3491 quam,
674 3411 1379 3485 actiones,tediﬁcetis.Si
1411 3411 1513 3493 qui
1537 3420 1736 3474 autem
1765 3431 2083 3494 praeoccu-

437 3505 559 3586 pati
584 3502 1146 3583 luerunt,aut,quod
1171 3500 1476 3577 absit,sint
1499 3501 2085 3582 prmoccupandihu-

442 3599 636 3656 manis
657 3593 996 3668 delictis,ea
1017 3601 1156 3654 sunt
1179 3591 1532 3672 paenitentia
1554 3601 1610 3653 et
1633 3591 1830 3653 studio
1853 3609 2077 3672 expur-

440 3684 658 3763 ganda.
692 3683 781 3745 Ad
802 3702 930 3744 eam
951 3683 1027 3744 sit
1051 3681 1225 3743 nobis
1247 3681 1566 3762 pulchrum
1593 3681 1936 3762 exemplum
1962 3697 2082 3742 ma-

439 3791 593 3852 gnus
627 3771 727 3834 ille
756 3771 944 3833 David
977 3772 1157 3852 “,qui
1190 3790 1325 3833 cum
1374 3771 1436 3832 in
1467 3780 1774 3852 peccatum
1805 3779 1868 3832 ut
1900 3771 2078 3832 homo

438 3861 844 3936 incidisset,et
874 3861 947 3924 ab
978 3862 1224 3924 homine
1254 3862 1472 3924 fuisset
1503 3862 1933 3942 reprehensus,
1962 3879 2080 3922 non

441 3961 504 4014 ut
525 3952 705 4014 homo
729 3951 1333 4031 solummodo,neque
1366 3950 1644 4012 similiter
1675 3969 1744 4012 ac
1775 3950 1987 4029 vulgus
2016 3967 2081 4012 se

441 4042 623 4122 gessit
652 4041 998 4120 gratissima
1057 4041 1160 4103 illa
1209 4040 1431 4111 anima,
1487 4058 1681 4121 neque
1715 4039 2080 4102 contumelia

436 4131 976 4215 reprehensionem
1002 4129 1290 4212 pauperis
1317 4148 1420 4192 rex
1452 4129 1701 4210 repulit,
1732 4129 1835 4191 sed
1870 4145 2082 4206 magna

443 4221 859 4284 moderatione
874 4228 932 4283 et
949 4221 1127 4282 animi
1143 4219 1503 4281 contritione
1523 4220 1712 4300 ipsam
1740 4218 2085 4298 tulitrepre-

439 4313 797 4375 hensionem
810 4318 890 4385 ,et
906 4328 1042 4372 cum
1057 4327 1122 4373 se
1137 4327 1417 4390 peccasse
1437 4329 1556 4371 non
1581 4317 1738 4370 esset
1762 4307 2080 4379 inﬁciatus,

442 4407 618 4463 citius
644 4419 822 4482 quam
859 4399 1475 4478 iecerat,consecutus
1505 4397 2082 4460 fuitremissionem.

441 4491 626 4570 Atqui
657 4489 777 4551 labi
807 4489 1048 4569 quidem
1083 4497 1174 4551 est
1196 4487 1370 4550 facile
1400 4510 1412 4552 :
1439 4505 1688 4568 surgere
1716 4495 2004 4555 autem,et
2025 4486 2085 4547 in

441 4587 660 4641 statum
689 4577 952 4661 priorem
979 4579 1340 4653 restitui,est
1371 4595 1691 4659 operosum
1723 4595 1792 4638 ac
1810 4575 2083 4640 difﬁcile.

445 4670 618 4735 Adeo
643 4677 770 4732 erat
788 4669 1052 4746 mitis,ad
1065 4688 1132 4731 eo
1150 4670 1513 4732 moderatus:
1538 4679 1654 4729 tam
1672 4686 1947 4748 magnum
1971 4667 2089 4729 frus

443 4773 602 4823 ctum
621 4760 730 4822 fuit
753 4767 1113 4822 consecutus
1138 4779 1205 4822 ex
1229 4759 1426 4821 divina
1478 4757 1843 4822 humilitate.
1877 4757 1948 4819 Et
1980 4775 2088 4821 nos

444 4870 610 4931 ergo,
645 4852 742 4931 qui
777 4849 1176 4911 ineffabilibus
1221 4849 1328 4911 Dei
1367 4847 1701 4909 rationibus
1724 4847 1857 4909 ideo
1880 4847 1954 4909 ad
1986 4865 2085 4908 vos

442 4941 815 5010 venimus,ut
839 4940 1198 5002 voluntatem
1226 4939 1356 5018 ejus
1393 4937 1932 5008 testiﬁcemur,hoc
1958 4936 2084 5015 pri-

443 5048 605 5091 mum
634 5029 880 5091 verbum
908 5048 940 5090 a
965 5029 1199 5092 Christo
1241 5039 1300 5090 et
1326 5027 1526 5090 divino
1551 5027 1682 5108 ejus
1711 5031 2087 5090 Praecursore

442 5123 987 5196 accipientes,vobis
1013 5123 1430 5181 annuntiamus
1453 5131 1505 5179 et
1529 5123 1862 5180 suademus:
1896 5143 1916 5172 ι
1951 5120 2086 5178 Ρω-

444 5209 754 5271 nitentiam
789 5210 942 5290 agite
977 5228 990 5270 :
1029 5227 1214 5290 prope
1268 5217 1360 5269 est
1417 5209 1578 5270 enim
1610 5227 1859 5284 regnum
1895 5208 2084 5271 caelo-

445 5317 576 5361 rum
597 5300 675 5361 η.
705 5324 730 5356 »
759 5299 897 5361 Haec
929 5307 1126 5360 autem
1161 5317 1280 5359 non
1312 5296 1599 5359 dubitabo
1650 5297 1816 5358 vobis
1846 5296 2087 5358 assidue

447 5406 718 5450 revocare
743 5395 799 5450 in
823 5391 1160 5448 memoriam
1195 5406 1208 5444 :
1238 5389 1398 5447 vobis
1421 5399 1609 5446 autem
1639 5390 1953 5446 timendum
1977 5398 2083 5455 est,

449 5476 606 5550 ne,si
628 5477 861 5537 fueritis
881 5481 1327 5554 contemptores
1352 5473 1456 5535 Dei
1482 5473 1990 5548 testimoniorum,
2015 5472 2088 5534 ab

533 5661 592 5713 ιο
621 5661 776 5725 Psal.
809 5678 994 5736 xxxv,
1029 5662 1088 5724 Ἰ.
1175 5661 1222 5705 η
1256 5660 1308 5726 II
1340 5660 1488 5742 Reg.
1523 5677 1581 5723 v1
1612 5669 1670 5724 et
1702 5676 1808 5726 xu.

2166 3328 2538 3415 ἀνθρωπίνοις,
2600 3331 2666 3402 τῇ
2737 3325 2992 3399 μετανοίᾳ
3050 3331 3216 3382 ναῦτα
3269 3325 3604 3401 καθαρτὲον.
3661 3321 3815 3415 Καλόν
3925 3321 3929 3415 Ἰ

2164 3414 2464 3493 ὑπόδειγμα
2508 3416 2639 3491 πρὸς
2699 3417 2864 3482 αὐτὴν
2919 3417 2946 3471 ὁ
3005 3415 3173 3492 μέγας
3231 3415 3373 3482 ἡμῖν
3427 3414 3586 3472 ἔστω
3646 3409 3810 3489 Δαϐἱδ,
3923 3409 3932 3498 ξ

2166 3507 2224 3568 ὃς
2283 3505 2592 3579 ἁνομήματι
2651 3503 2834 3578 ἀλοὺς,
2871 3505 2969 3561 οἷα
3025 3503 3326 3584 ἄνθρωπος,
3383 3502 3472 3560 ὑπ’
3543 3503 3809 3580 ἀνθρώπου

2162 3617 2218 3651 τε
2270 3596 2361 3651 τὸν
2422 3592 2651 3673 ἔλεγχον
2709 3595 2965 3673 ὑποστὰς,
3013 3595 3073 3650 οὑ
3129 3594 3250 3650 κατ’
3285 3595 3574 3672 ἄνθρωπον
3605 3591 3806 3667 ἧπλῶς,

2162 3682 2279 3742 οὑδὲ
2333 3695 2454 3746 τοῖς
2515 3681 2747 3747 πολλοῖς
2808 3684 3010 3748 ὁμοίως
3073 3684 3107 3751 ἡ
3191 3684 3533 3763 χαριεστάτη
3609 3680 3798 3744 διετέθη

2162 3771 2340 3853 ψυχή.
2405 3771 2533 3829 Οὔτε
2591 3773 2690 3850 γὰρ
2751 3771 2956 3849 βαρέως
3014 3772 3208 3850 ἤνεγκε
3253 3775 3385 3852 πρὸς
3455 3775 3645 3851 αὑτὸν,
3696 3766 3798 3829 οὑδὲ

2161 3860 2307 3940 ὕϐρει
2363 3861 2463 3929 τὴν
2523 3861 2733 3937 μέμψιν
2777 3863 2804 3917 ὁ
2838 3859 3084 3938 βασιλεὺς
3139 3868 3232 3918 τοῦ
3279 3861 3515 3929 πένητος
3573 3859 3791 3939 διεκρού·

2163 3973 2314 4025 σατο,
2377 3949 2496 4007 ἀλλ’
2543 3953 2600 4007 ἒν
2644 3950 2831 4024 πολλῷ
2872 3958 2950 4025 τῷ
3000 3953 3198 4030 μετρίῳ
3229 3953 3317 4008 καὶ
3359 3959 3429 4029 τῇ
3477 3958 3576 4020 τῆς
3625 3946 3790 4027 ψυχῆς

2163 4040 2412 4119 συντριϐῇ
2471 4041 2627 4100 αὑτόν
2683 4063 2741 4098 τε
2801 4042 2894 4097 τὸν
2952 4041 3182 4120 ἔλεγχον
3212 4039 3429 4119 ἤνεγκε,
3466 4045 3557 4099 καὶ
3611 4038 3783 4110 πλημ-

2163 4129 2395 4206 μελῆσαι
2441 4130 2520 4204 μὴ
2575 4130 2846 4210 ἀρνηθεὶς,
2899 4135 3113 4200 θᾶττον,
3165 4131 3201 4198 ἢ
3230 4129 3447 4208 δράσαι,
3477 4138 3571 4189 τοῦ
3601 4127 3784 4193 51750;:-

2166 4244 2250 4278 ναι
2295 4220 2567 4300 τετὸχηκε
2608 4240 2622 4256 ο
2670 4220 2841 4276 καίτςι
2883 4222 2946 4277 τὸ
2977 4221 3076 4296 μὲν
3104 4218 3385 4289 ὀλισθῆσαι
3414 4220 3613 4299 ῥᾴδιον,
3641 4219 3696 4274 τὸ
3731 4212 3775 4267 δὲ

2167 4309 2487 4384 ἀναστῆναι,
2516 4309 2605 4365 καὶ
2663 4311 2734 4375 εἰς
2777 4309 2878 4377 τὴν
2929 4308 3188 4389 προτέραν
3239 4309 3426 4378 στῆναι
3458 4312 3770 4377 κατάστασιν,

2166 4397 2397 4478 ὶργῶδες
2455 4397 2550 4455 καῖ
2609 4399 2878 4480 χαλεπόν.
2941 4398 3094 4457 Οῦτω
3149 4406 3318 4477 πρᾶος
3372 4406 3469 4473 ἧν,
3512 4399 3636 4456 οὕτω
3680 4390 3766 4467 μέ·

2169 4511 2340 4569 τριος,
2377 4487 2512 4546 οὕτω
2541 4487 2751 4566 μεγάλα
2781 4488 2915 4545 πάνυ
2971 4493 3070 4556 τῆς
3120 4490 3263 4554 θείας
3319 4489 3568 4546 ἀπώνατο
3601 4500 3759 4540 ταπει-

2172 4580 2404 4640 νώσεως.
2474 4579 2579 4635 Καῖ
2633 4580 2798 4652 ἡμεῖς
2850 4578 3025 4634 τοίιυν
3081 4581 3130 4636 οἱ
3184 4579 3322 4635 κατᾶ
3381 4581 3502 4642 τοὺς
3544 4572 3748 4654 ἆρῤήτουξ

2169 4672 2261 4726 τοὺ
2319 4675 2450 4726 Θεοῦ
2509 4669 2700 4746 λόγους
2758 4670 2830 4732 εἰς
2886 4668 3044 4724 τοῦτο
3097 4669 3228 4743 ὑμῖν
3271 4667 3520 4748 ἥκοντες,
3550 4666 3664 4724 ὥστε
3706 4656 3756 4711 τὶ»

2172 4761 2328 4818 αὑτοῦ
2381 4758 2821 4837 διαμαρτύρεσθαι
2884 4756 3118 4832 θέλημα,
3178 4765 3333 4815 τοῦτο
3406 4764 3604 4837 πρῶτον
3646 4749 3758 4828 tibi”

2170 4850 2313 4928 παρὰ
2347 4855 2574 4924 Χριστοῦ
2606 4849 2695 4903 καὶ
2742 4846 2836 4902 τοῦ
2881 4847 3020 4904 θείου
3055 4844 3306 4911 λαϐόντες
3342 4846 3654 4926 Προδρόμου,
3690 4837 3760 4892 εὖ·

2169 4937 2560 5016 αγγελιζόμεθά
2588 4958 2645 4993 τε
2690 4937 2780 4993 καὶ
2820 4939 3180 5014 παραινοῦμεν
3212 4938 3344 5011 ὑμῖν
3381 4957 3395 4972 ο
3434 4941 3722 4993 Μετανοεῖτε
3749 4937 3761 4952 ⁸

2167 5027 2365 5106 ἤγγικε
2402 5028 2501 5104 γὰρ
2544 5029 2578 5094 ἡ
2637 5024 2880 5103 βασιλεία
2936 5031 3041 5082 τῶν
3098 5027 3358 5104 οὐρανῶν.
3391 5026 3566 5084 Ταῦτα
3590 5022 3636 5079 δὲ
3661 5039 3758 5074 συν-

2170 5122 2317 5198 εχῶς
2377 5116 2522 5191 ἡμᾶς
2585 5115 2683 5191 μὲν
2737 5116 3167 5190 ὑπομιμνήσκειν
3226 5120 3320 5175 οὑκ
3375 5115 3642 5183 ὀκνητέον,
3668 5110 3768 5180 ὑμῖν

2169 5197 2238 5264 δέ
2279 5205 2511 5286 ἄσφαλὲς
2571 5208 2632 5261 τὸ
2713 5202 3020 5285 φοϐεῖσθαι,
3103 5207 3180 5276 μὴ
3256 5203 3643 5283 καταφρονηταὶ
3687 5197 3766 5251 τῶν

2171 5285 2469 5377 μαρτυρίων
2527 5298 2620 5351 τοῦ
2677 5297 2812 5352 Θεοῦ
2857 5295 3154 5373 γενόμενοι,
3215 5294 3462 5352 ὑπόδικοι
3510 5296 3643 5366 αὑτφ
3686 5285 3768 5349 λη-

2172 5388 2386 5465 φθείητε
2444 5385 2497 5442 ἐν
2547 5384 2722 5463 ἡμέρα
2775 5383 3097 5451 ἐπισκοπῆς.
3148 5385 3221 5441 Οὔ
3278 5385 3378 5463 γὰρ
3434 5379 3679 5459 ἡμέτερόν
3709 5393 3766 5465 Si,

2175 5463 2290 5534 οὑδὲ
2346 5475 2450 5531 ἀπό
2495 5481 2593 5542 τῆς
2637 5473 2902 5552 ἡμετέρας
2973 5472 3204 5548 κοιλίας,
3266 5473 3370 5530 εἴτ’
3435 5473 3525 5533 οὖν
3582 5463 3766 5528 διανοίας

1897 5661 1948 5706 η
1973 5660 2178 5727 Matth.
2215 5679 2282 5738 tt,
2315 5659 2375 5724 3.
