3996 6178
211 273 242 337 1
259 262 408 340 089

1296 259 1481 340 VITA
1524 271 1587 338 s.
1629 264 1953 340 JOANNIS
1996 259 2555 338 oHanos'roMi.

3465 264 3622 340 1890

201 411 716 491 ἀπαγγελλοῦμεν,
775 410 896 468 ἀλλ’
956 410 1054 468 ὅσα
1103 419 1198 468 τοῦ
1266 412 1405 468 θείου
1491 412 1726 488 νάματος
1786 412 1884 476 τῆς

1990 427 2044 471 ιο
2075 408 2166 471 rei
2197 405 2732 488 reprehendamini
2781 399 2848 467 in
2905 405 3002 468 die
3032 406 3414 471 visitationis.
3452 407 3620 478 Nihil

203 503 597 560 θεοπνεύστου
653 506 868 581 Γραφῆς
943 501 1271 576 ἦρυσάμεθα,
1353 509 1518 558 ταῦτα
1579 499 1635 557 δὲ
1705 498 1889 558 οὐδένα

1990 497 2133 560 inim
2167 506 2462 569 nostrum,
2498 515 2695 576 neque
2736 514 2807 558 ex
2838 506 3041 558 DOSII‘O
3075 504 3284 558 ventre
3313 514 3420 558 σου
3450 499 3619 577 008l-

207 590 730 666 ὕποστελλόμενοι,
804 589 921 648 οῦδὲ

212 681 535 757 ἱερωτάτου
625 678 807 753 Δαϐὶδ,
897 676 1217 759 φοϐούμενοι
1252 725 1266 750 ,

1007 590 1238 668 ἡμέρας,
1316 593 1470 646 τοῦτο
1533 589 1599 658 δὴ
1667 591 1729 646 τὸ
1798 591 1892 646 τοῦ

1990 587 2199 648 Latione
2223 584 2745 661 annuntiabimus,
2774 585 2881 647 sed
2914 603 3047 664 quae
3078 583 3383 648 hausimus
3416 603 3490 648 ex
3523 586 3620 648 di-

1359 681 1688 757 φθεγξόμεθα
1759 679 1890 756 πρὸς

1990 676 2111 736 vino
2137 675 2359 736 ﬂuente
2401 673 2730 754 Scriptum
2785 673 3069 736 divinitus
3117 673 3446 754 inspirata.
3481 674 3622 738 Haec

214 771 408 843 ὑμᾶς,
471 769 746 831 Συνιέντες
807 769 908 844 μὲν
964 771 1055 824 οῦν
1110 771 1268 844 ὑμεῖς
1328 768 1426 825 καί
1499 771 1589 831 οῦς
1633 767 1894 848 φιλήκοον

1990 772 2199 838 autem,
2233 763 2537 824 neminem
2598 771 2967 838 reverentes,
2999 780 3195 844 neque
3225 761 3376 838 dies,
3414 771 3478 824 ut
3508 764 3624 827 hoc

218 865 324 931 τῷ
356 857 504 936 λόγῳ
534 864 630 925 τῆς
681 857 907 938 διδαχῆς
951 857 1271 937 ὑπέχοντες,
1310 859 1524 922 ἑαυτοῖς
1555 857 1657 933 μὲν
1709 878 1893 923 σωτη-

221 948 391 1023 ρίας,
425 953 599 1028 χαρᾶς
639 945 693 1002 δὲ
753 959 874 1011 τοῖς
917 949 973 1003 hi
1019 947 1224 1022 οὖρανῷ
1267 945 1544 1024 ἀγγέλοις,
1589 945 1797 1014 πολλῆς
1842 944 1897 1000 δὲ

223 1038 335 1093 καὶ
397 1043 472 1110 τῷ
541 1036 657 1111 ἐμῷ
728 1036 990 1110 πνεύματι
1065 1036 1418 1115 εὐφροσύνης,
1475 1033 1644 1091 αἴτιοι
1691 1034 1896 1093 ἔσεσθε.

232 1127 312 1182 Ei
344 1123 399 1180 δὲ
433 1127 519 1182 καὶ
570 1130 677 1180 τῶν
721 1124 865 1198 ἐμῶν
919 1122 1074 1190 εἴητε
1135 1122 1654 1201 καταῤῥᾳθυμοῦντες
1699 1123 1898 1203 λόγων,

223 1217 338 1270 καὶ
397 1211 570 1275 ἄϐατα
631 1220 699 1290 τῇ
745 1211 944 1292 διδαχῆ
991 1235 1056 1269 τα
1101 1219 1201 1280 τῆς
1248 1211 1463 1291 acupis-71:
1507 1214 1621 1269 ὦτα
1663 1213 1900 1277 τιθέντες

232 1300 414 1381 (ὅπερ
458 1303 646 1380 ἀπείη)
694 1304 1036 1367 ἂνιαθήσεται
1099 1303 1196 1377 μὲν
1249 1302 1310 1359 τὰ
1361 1309 1572 1376 Πνεῦμα
1615 1303 1677 1357 τὸ
1722 1301 1896 1379 ἅγιον,

225 1391 602 1463 ἆνιαθήσεται
632 1391 686 1446 δὲ
719 1393 806 1448 καὶ
837 1393 898 1447 τὸ
931 1391 1060 1466 ἐμὸν
1089 1392 1298 1466 πνεῦμα
1324 1411 1337 1425 °
1374 1393 1434 1447 τὸ
1463 1389 1519 1446 δὲ
1550 1391 1894 1466 λειπόμενον,

229 1479 496 1559 λυπηρὸν
545 1481 642 1556 μὲν
689 1483 884 1555 εἰπεῖν,
918 1479 1210 1560 φιλαληθὲς
1255 1479 1332 1555 δὲ,
1367 1481 1463 1555 ἐμὲ
1492 1467 1588 1554 μὲν
1624 1481 1697 1542 εἷς
1729 1479 1898 1559 ὄχλον

226 1570 382 1644 ὑμῖν
416 1570 585 1644 εἶναι,
621 1570 654 1638 ἢ
706 1571 768 1626 τό
812 1591 874 1647 γε
931 1570 1298 1646 τρανέστερον,
1347 1570 1420 1634 εἰς
1472 1582 1646 1649 κρῖμα
1705 1571 1899 1644 ὕμέτε-

235 1680 373 1736 ρον,
407 1660 541 1734 ὑμᾶς
576 1657 632 1714 δέ
677 1681 768 1734 μοι
801 1660 874 1722 εἰς
922 1657 1142 1736 ἄλγημα
1191 1656 1382 1739 (esu!)
1422 1661 1510 1715 καὶ
1553 1658 1745 1722 πένθος
1801 1662 1900 1734 ψυ-

228 1752 364 1826 χῆς
395 1747 597 1826 ἄφατον
628 1749 716 1804 καὶ
747 1747 985 1806 ἀνίατον.

1979 853 2176 914 dicam
2207 850 2394 914 divini
2417 851 2662 913 Davidis
2713 853 2792 928 15,
2827 851 3136 925 timentes,
3171 851 3243 914 ad
3279 869 3377 913 vos
3409 851 3622 933 loque-

1982 941 2212 1004 mur.Si
2241 959 2345 1002 vos
2379 959 2522 1018 ergo
2545 941 2990 1021 intelligatis,et
3012 959 3190 1003 aures
3219 949 3472 1004 attentas
3496 959 3627 1003 ver-

1982 1030 2059 1092 bo
2081 1031 2373 1093 doctrina;
2397 1029 2736 1111 praebeatis,
2763 1029 2929 1092 vobis
2951 1030 3198 1111 quidem
3220 1031 3368 1110 ipsis
3387 1030 3624 1104 salutis,

1980 1118 2178 1199 gaudii
2205 1138 2368 1194 vero,
2404 1119 2504 1200 qui
2526 1129 2666 1182 sunt
2688 1120 2749 1181 in
2782 1120 2973 1194 ccelis,
3009 1138 3239 1198 magna;
3259 1128 3462 1182 autem
3490 1137 3627 1182 meo

1981 1229 2222 1292 quoque
2282 1209 2518 1289 spiritui
2575 1228 2770 1272 causa:
2822 1207 2992 1270 eritis
3020 1208 3263 1272 laetitias.
3295 1209 3400 1271 Sin
3428 1217 3625 1272 autem

1986 1317 2118 1360 mea
2135 1298 2316 1361 verba
2337 1298 2745 1378 neglexeritis,
2770 1307 2829 1360 et
2852 1297 3140 1360 doctrinae
3171 1316 3291 1358 non
3324 1298 3630 1378 patuerint

1981 1405 2160 1450 aures
2181 1387 2383 1450 cordis
2402 1388 2774 1468 vestri,quod
2798 1386 3262 1459 absit,molestia
3283 1387 3524 1467 quidem
3547 1387 3630 1448 af-

1982 1476 2222 1538 ﬁcietur
2243 1477 2504 1556 Spiritus
2532 1485 2800 1550 sanctus,
2835 1474 3110 1536 molestia
3139 1475 3430 1536 afﬁcietur
3460 1494 3632 1538 meus

1981 1583 2220 1646 quoque
2241 1564 2686 1645 spiritus.Quod
2717 1573 2913 1626 autem
2937 1563 3362 1637 restat,auditu
3385 1563 3629 1644 quidem

1983 1663 2076 1716 est
2108 1654 2452 1728 molestum,
2485 1657 2593 1716 sed
2642 1663 2841 1716 tamen
2894 1659 2988 1715 est
3017 1670 3248 1728 verum,
3286 1671 3506 1732 nempe
3535 1671 3633 1716 me

1923 1752 1958 1801 Β
1983 1743 2224 1824 quidem
2246 1743 2509 1807 futurum
2529 1743 2695 1806 vobis
2725 1743 2801 1805 ad
2834 1740 3380 1816 conturbationem,
3411 1749 3536 1818 aut,
3569 1759 3637 1813 ut

232 1835 521 1914 apertius
570 1836 789 1910 dicam,
823 1834 895 1897 ad
945 1835 1554 1910 condemnationem:
1612 1852 1716 1896 vos
1747 1851 1883 1896 vero
1928 1832 2101 1907 mihi,
2136 1833 2291 1913 proh
2341 1832 2558 1896 dolor!
2611 1833 2684 1895 ad
2716 1833 2940 1896 luctum
2990 1840 3051 1894 et
3093 1831 3309 1894 animas
3362 1831 3631 1896 dolorem

232 1924 625 1987 ineﬂ‘abilem
657 1933 716 1987 et
745 1923 1279 1988 immedicabilem.

337 2005 437 2073 lZ'.
488 2018 625 2093 Πρὸς
685 2021 846 2072 ταῦτα
893 2017 981 2071 τὸν
1030 2013 1252 2092 βασιλέα
1311 2017 1402 2072 καὶ
1435 2016 1558 2076 τοὺς
1591 2016 1710 2093 περὶ
1741 2015 1898 2070 αὒτὸΑ

235 2104 532 2176 ἡσθέντας,
591 2107 680 2160 καὶ
738 2111 814 2177 τῷ
881 2105 1150 2182 μαρτυρίω
1210 2105 1307 2172 τῆς
1367 2103 1747 2174 συνειδήσεως,
1809 2103 1895 2159 ὅτι

240 2194 437 2259 καλῶς
482 2193 610 2273 εἶχε
661 2195 726 2249 τὰ
770 2193 1056 2274 λεχθέντα,
1108 2199 1494 2272 περιασμένους
1521 2195 1898 2273 ὑπάρχοντας,

248 2283 466 2351 πολλὴν
527 2284 816 2362 ὁμολογεῖν
885 2292 963 2358 τῷ
1024 2292 1140 2359 Θεῷ
1197 2286 1381 2363 χάριν,
1429 2287 1504 2347 ὡς
1571 2285 1674 2340 ὑπὸ
1743 2285 1898 2360 πατρῖ

262 2375 492 2448 τοιούτῳ
547 2376 634 2429 καὶ
692 2372 948 2449 παιδευνῇ
1019 2376 1081 2429 τὸ
1149 2372 1367 2451 λογικὸν
1430 2372 1590 2428 αὐτοῦ
1633 2369 1901 2438 ηὖδόκησε

258 2463 635 2539 ποιμαίνεσθαι
697 2462 966 2537 ποίμνιον.
1028 2463 1150 2519 ’Ἔτι
1194 2462 1248 2518 δέ
1291 2464 1386 2519 τοῦ
1429 2463 1580 2539 ἁγίου
1622 2465 1722 2528 τὴν
1779 2458 1900 2528 ἡδί-

254 2575 390 2620 στην
449 2553 779 2627 συνείροντος
811 2549 1064 2630 διδαχὴν,
1099 2553 1186 2608 καὶ
1231 2555 1300 2628 τῇ
1344 2556 1524 2630 χρυσῇ
1553 2549 1772 2625 γλώττῃ
1805 2548 1900 2605 καί

254 2646 490 2718 μουσικῇ
536 2639 698 2696 καλόν
741 2662 791 2696 τι
828 2644 918 2695 καὶ
974 2639 1174 2714 ᾢδικὸν
1217 2642 1601 2715 τερετίζοντος,
1635 2640 1728 2695 τοῦ
1774 2645 1906 2695 Θεοῦ

257 2729 628 2800 δοξάζει-[τὸν
687 2728 846 2786 αὑτοῦ
900 2730 1196 2806 θεράποντα
1251 2728 1601 2805 βουλομένου,
1657 2729 1793 2806 ἀνήρ
1822 2748 1904 2790 τις

261 2819 450 2898 ἁθρόον
509 2818 788 2896 ἀκαθάρτῳ
841 2817 1048 2894 δαίμονι
1126 2819 1367 2898 κάτοχος
1448 2819 1522 2882 είς
1579 2817 1742 2893 μέσον
1803 2822 1904 2884 τῆς

260 2906 550 2974 ἓκκλησίας
621 2909 808 2964 ἑαυτὸν
868 2909 1104 2981 εἰσωθετ,
1162 2907 1330 2988 ἆσρρόν
1386 2929 1445 2964 τε
1500 2917 1592 2966 τοῦ
1635 2907 1902 2981 στόματος

262 2996 556 3075 ἆπορῤἐων,
643 2999 730 3054 καὶ
796 2996 898 3065 τήν
967 2996 1237 3075 γλῶτταν,
1321 2999 1395 3061 ὡς
1456 2996 1694 3070 ἄκοσμον
1744 2995 1900 3068 ἰδεῖν,

265 3087 482 3151 καθιείς,
550 3086 766 3142 Πάντων
824 3086 913 3142 οὖν
985 3084 1252 3162 δεομένων
1315 3091 1412 3154 τῆς
1467 3087 1621 3165 ἁγίας
1696 3085 1904 3152 ἐκείνης

261 3177 451 3255 ψυχῆς
523 3173 672 3231 ἴασιν
733 3182 827 3231 τοῦ
881 3173 1194 3256 πάσχοντος
1266 3175 1672 3254 ὑπερεύξασθαι,
1745 3175 1904 3238 αὐτὸς

2062 2010 2240 2074 XVII.
2276 2011 2382 2073 His
2413 2010 2529 2074 laeti
2561 2011 2912 2094 imperator,
2948 2019 3006 2073 et
3039 2010 3138 2091 qui
3171 2028 3308 2072 cum
3341 2028 3414 2072 eo
3441 2019 3634 2092 erant,

1982 2110 2040 2162 et
2097 2101 2439 2163 testimonio
2497 2101 2887 2164 conscientias
2938 2101 3283 2180 credentes,
3316 2102 3474 2182 quod
3507 2119 3640 2182 qua:

1984 2191 2142 2252 dicta
2200 2191 2458 2270 fuerant,
2516 2198 2681 2252 recta
2733 2209 2800 2252 se
2860 2189 3185 2264 habebant,
3236 2191 3361 2252 Deo
3395 2207 3638 2270 magnas

1983 2281 2237 2358 agebant
2267 2281 2509 2358 gratias,
2566 2280 2728 2360 quod
2779 2298 2814 2341 a
2866 2280 2966 2342 tali
3019 2287 3187 2359 patre
3219 2287 3278 2340 et
3310 2289 3550 2360 pastore
3581 2281 3639 2344 ei

1987 2369 2310 2450 placuisset
2369 2368 2526 2449 passi
2575 2387 2747 2431 suum
2806 2387 3050 2449 gregem
3106 2369 3360 2430 rationis
3389 2369 3636 2450 partici-

1987 2475 2150 2538 pem.
2209 2457 2429 2520 Sancto
2484 2466 2686 2519 autem
2747 2457 2942 2520 adhuc
2974 2456 3392 2520 suavissimam
3424 2465 3636 2520 conte-

1987 2554 2166 2608 xente
2198 2546 2556 2622 doctrinam,
2589 2565 2891 2628 aureaque
2920 2565 2990 2608 ac
3039 2547 3265 2609 musica
3295 2545 3498 2625 lingua
3526 2565 3634 2610 ca-

1987 2644 2172 2699 nente
2231 2637 2483 2717 pulchre
2531 2654 2602 2699 ac
2651 2636 2979 2711 modulate,
3019 2639 3141 2699 Deo
3171 2637 3410 2699 volente
3435 2638 3636 2718 ipsum

1985 2725 2344 2804 gloriﬁcare,
2376 2725 2466 2786 vir
2520 2725 2763 2805 quidam
2814 2733 3068 2806 repente
3095 2743 3408 2805 possessus
3436 2743 3471 2788 a
3503 2744 3635 2787 ma-

1986 2813 2147 2893 ligno
2180 2814 2417 2895 spiritu,
2447 2817 2716 2896 seipsum
2763 2813 3016 2877 intrudit
3042 2815 3106 2877 in
3139 2815 3398 2877 mediam
3429 2817 3636 2880 eccle-

1985 2904 2162 2980 siam,
2196 2921 2472 2984 spumam
2523 2921 2630 2966 ore
2687 2904 2993 2980 emittens,
3042 2912 3102 2966 et
3129 2904 3334 2982 lingua
3359 2905 3535 2982 adeo,
3575 2915 3639 2969 ut

1986 2991 2113 3054 viu
2144 3001 2304 3055 esset
2332 2999 2574 3068 tetrum,
2623 2993 2972 3057 demittens.
3025 2992 3320 3056 Omnibus
3355 3013 3499 3075 ergo
3530 3013 3635 3058 ro-

1989 3082 2269 3160 gantibus
2298 3089 2569 3144 sanctam
2601 3082 2765 3145 illam
2792 3083 3077 3158 animam,
3131 3091 3198 3145 ut
3241 3083 3641 3149 misereretur

1989 3171 2368 3249 calamitatis,
2404 3181 2464 3234 et
2495 3181 2558 3234 ut
2615 3180 2814 3236 oraret
2861 3191 2969 3254 pro
2999 3173 3310 3236 curatione
3341 3174 3498 3253 ejus,
3534 3177 3638 3256 qui

262 3263 530 3341 έγγυτέρῳ
587 3264 828 3342 γενέσθαι
886 3266 1073 3321 τοῦτον
1140 3267 1326 3340 εἰπὼν,
1390 3264 1775 3345 φιλανθρώπως
1847 3285 1905 3321 τε

1990 3259 2348 3357 patiebatur,
2377 3261 2508 3339 ipse
2539 3280 2672 3357 cum
2711 3263 3004 3357 jussiseet
3037 3262 3288 3357 propius
3317 3263 3638 3338 accedere.

262 3355 520 3435 προσχὼν
564 3354 592 3409 ὃ
647 3353 1042 3433 φιλάνθρωπος,
1104 3355 1192 3410 καὶ
1255 3360 1322 3430 τῇ
1403 3356 1546 3433 χειρὶ
1609 3353 1904 3433 σφραγίσας

259 3445 320 3500 τὸ
353 3443 522 3518 ὄνομά
551 3463 607 3498 τε
640 3447 737 3509 τῆς
779 3442 932 3520 ἁγίας
977 3441 1213 3499 ἐπειπὼν
1256 3441 1504 3520 Τριάδος,
1557 3442 1636 3516 τῷ
1684 3448 1906 3519 πονηρῷ

260 3531 467 3597 δαίμονι
526 3529 761 3596 ἐξελθεῖν
819 3530 1156 3609 ἒγκελεῦεται
1192 3547 1206 3563 ⁸
1255 3533 1344 3588 καὶ
1385 3533 1533 3594 εὖθζς
1595 3532 1904 3606 συνεπόμε-

265 3644 352 3678 νον
393 3623 461 3689 ἧν
511 3618 646 3677 ἰδεῖν
703 3626 781 3694 τῷ
823 3619 970 3698 λόγῳ
1013 3623 1073 3677 τὸ
1116 3620 1295 3698 ἔργον,
1369 3621 1462 3676 καί
1507 3621 1597 3678 τὸν
1629 3620 1904 3696 ἄνθρωπον

263 3709 315 3768 ἐν
375 3710 570 3790 ἀκαρεῖ
625 3710 824 3790 χρόνου
868 3715 967 3777 τῆς
1031 3710 1330 3777 ἀνηκέστου
1386 3711 1587 3777 ταύτης
1654 3709 1906 3767 ἀπαλλα-

265 3799 424 3878 γέντα
454 3799 773 3863 κακώσεως.
823 3803 959 3856 Εἶτα
1016 3797 1376 3869 διαναστήσας
1416 3799 1576 3856 αὐτὸν
1619 3799 1647 3855 δ
1713 3800 1903 3875 μέγας,

264 3888 550 3969 σχολάζειν
611 3909 670 3945 τε
714 3891 782 3966 τῇ
844 3888 1107 3962 ἐκκλησίᾳ
1151 3888 1380 3966 παρῄνει
1432 3891 1519 3946 καὶ
1548 3896 1618 3966 τῇ
1647 3890 1760 3961 θείᾳ
1802 3894 1908 3944 τῶν

266 3980 610 4054 ἁγιασμάτων
659 3979 933 4053 κοινωνίᾳ,
995 3981 1268 4046 νηστείαις
1327 4000 1384 4034 τε
1453 3979 1748 4058 προσέχειν
1818 3979 1908 4036 καὶ

269 4081 626 4147 προσευχαῖς.
666 4069 764 4126 Καὶ
795 4067 957 4139 οὕτω,
995 4070 1148 4148 φησὶ,
1185 4068 1354 4124 ποιῶν
1389 4069 1566 4126 οὐκέτι
1610 4074 1688 4141 τῷ
1732 4067 1911 4147 ἐχθρῷ

270 4158 472 4224 ληπτὸς
531 4156 648 4236 ἔσῃ,
731 4156 850 4213 οῦδὲ
921 4170 1043 4222 ταῖς
1131 4157 1290 4214 αὐτοῦ
1343 4158 1544 4234 πάγαις
1606 4157 1905 4233 ἁλώσιμος,

273 4243 543 4304 Ἐντεῦθεν
601 4245 828 4325 ἄρχεται
886 4247 982 4314 τῆς
1039 4247 1177 4303 κατὰ
1233 4248 1420 4326 ψυχὴν
1465 4247 1695 4326 ἱατρὲίάς
1756 4249 1784 4304 ὁ
1841 4253 1910 4323 τῇ

273 4335 441 4415 τέχνῃ
484 4336 652 4412 ταύτῃ
713 4337 836 4400 τοῦς
892 4335 1086 4400 ἄλλους
1133 4335 1320 4411 πολλῷ
1349 4343 1426 4411 τῷ
1470 4337 1620 4413 μέσῳ
1649 4357 1909 4414 παρενεγ-

275 4424 402 4486 κών.
451 4427 551 4483 Τὸν
581 4423 635 4481 δέ
666 4423 830 4504 λόγον
859 4431 1054 4504 κιρνῶν
1085 4423 1261 4502 μέϐιτι
1311 4427 1405 4482 καῖ
1438 4439 1556 4492 τοῖς
1588 4427 1910 4503 ἠπιωτέροις

273 4514 592 4595 φαρμάκοις,
680 4517 753 4578 ὡς
812 4513 917 4583 ἤδη
987 4516 1281 4596 φθᾶσαντες
1333 4515 1560 4596 ἔγημεν,
1623 4513 1787 4572 εἵπου
1859 4539 1908 4571 τι

1989 3357 2050 3412 et
2100 3348 2359 3430 benigne
2415 3351 2904 3432 apprOpinquans
2956 3351 3043 3412 vir
3089 3349 3416 3430 benignus,
3454 3371 3636 3416 manu

1991 3457 2126 3501 eum
2159 3439 2558 3520 obsignasset,
2591 3448 2652 3501 et
2697 3440 2907 3502 effatus
2935 3448 3095 3502 esset
3124 3457 3347 3502 nomen
3402 3450 3635 3505 sanctae

1990 3526 2320 3605 Trinitatis,
2385 3528 2714 3608 malignum
2781 3529 3116 3591 daemonem
3170 3528 3345 3609 jubet
3405 3531 3637 3610 egredi.

1991 3617 2270 3680 Protinus
2324 3627 2522 3681 autem
2581 3618 2751 3680 licuit
2808 3617 3012 3681 videre
3068 3619 3292 3680 factum
3347 3620 3641 3702 consequi

1992 3707 2349 3783 orationem,
2385 3718 2445 3771 et
2473 3707 2778 3770 hominem
2813 3715 3114 3771 momento
3140 3713 3434 3789 temporis
3458 3707 3644 3773 fuisse

1991 3797 2312 3859 liberatum
2370 3816 2406 3860 a
2459 3804 2577 3860 tam
2635 3799 2797 3878 gravi
2851 3797 3203 3863 aﬂlictione.
3238 3798 3473 3862 Deinde
3501 3817 3639 3862 cum

1993 3905 2244 3964 magnus
2273 3905 2412 3950 eum
2471 3887 2712 3950 fecisset
2767 3907 3039 3968 surgere,
3096 3890 3412 3950 admonuit
3448 3899 3512 3950 ut
3537 3907 3642 3952 va-

1992 3987 2158 4040 caret
2187 3975 2485 4052 ecclesias,
2547 3985 2608 4038 et
2655 3977 3162 4039 sanctificatorum
3213 3976 3442 4038 divinas
3469 3996 3642 4040 com-

1993 4067 2287 4141 munioni,
2325 4073 2384 4128 et
2439 4083 2684 4145 operam
2741 4065 2911 4127 daret
2956 4065 3220 4145 jejuuiis
3251 4073 3312 4128 et
3345 4067 3645 4128 orationi-

1994 4155 2126 4218 bus.
2163 4155 2225 4218 Si
2257 4156 2440 4229 enim,
2477 4156 2694 4236 inquit,
2746 4157 2834 4217 sic
2864 4155 3104 4231 feceris,
3141 4173 3262 4216 non
3294 4163 3354 4217 te
3385 4155 3644 4236 amplius

1995 4263 2213 4327 capere
2271 4245 2487 4326 poterit
2544 4245 2852 4318 inimicus,
2911 4263 3107 4326 neque
3158 4245 3293 4324 ejus
3347 4244 3646 4308 irretieris

1995 4335 2249 4417 laqueis.
2286 4333 2438 4398 Hinc
2471 4335 2685 4396 animm
2715 4334 2930 4413 incipit
2959 4333 3364 4410 curationem,
3403 4334 3502 4414 qui
3533 4333 3647 4397 hac

1994 4433 2122 4487 arte
2150 4425 2302 4486 alios
2332 4425 2512 4503 longe
2559 4424 2978 4486 antecellebat.
3035 4423 3214 4486 Melle
3263 4433 3463 4485 autem
3495 4424 3646 4485 mis-

1995 4533 2140 4577 cens
2174 4517 2533 4590 orationem,
2569 4521 2630 4575 et
2659 4511 3000 4575 mitioribus
3056 4511 3544 4588 medicamentis,
3579 4520 3648 4574 ut

274 4605 357 4660 καὶ
413 4611 505 4661 τοῦ
575 4611 766 4681 πικροῦ
837 4607 926 4662 καὶ
982 4606 1271 4684 στύφοντος
1355 4607 1493 4663 κατὰ
1561 4607 1751 4685 χρείαν
1819 4615 1905 4664 τοῦ

1991 4605 2114 4684 jam
2163 4613 2300 4666 ante
2331 4602 2617 4678 diximus,
2670 4603 2722 4664 si
2773 4602 2919 4680 quid
2977 4601 3300 4683 aliquando
3332 4601 3651 4683 injecisset

278 4689 694 4772 ἀρῤωστήματος
754 4692 998 4774 ἐμϐάλοι,
1074 4694 1294 4752 ἐνταῦθα
1355 4701 1454 4762 τῆς
1505 4695 1709 4774 τέχνης
1770 4695 1914 4768 αῦτῷ

277 4785 333 4839 τὸ
376 4784 556 4863 περιὸν
605 4785 694 4840 καὶ
747 4784 1087 4864 σοφώτατον,
1121 4784 1202 4842 ὅτι
1237 4787 1319 4842 καὶ
1353 4783 1558 4842 δάκνων
1590 4784 1730 4842 οὕτω
1776 4785 1913 4844 πολ-

283 4874 426 4940 λάκις
484 4876 575 4930 καὶ
632 4876 806 4944 τομὴν
857 4875 1099 4951 ἐμποιῶν
1156 4877 1185 4931 ὁ
1219 4873 1379 4954 λόγος
1429 4877 1520 4932 καὶ
1569 4873 1822 4932 διακαίων
1849 4877 1916 4932 τὰ

281 4963 351 5038 μὴ
387 4963 706 5041 φαινόμενα,
762 4969 866 5044 οὐχ
941 4963 1089 5028 ὅπως
1167 4963 1407 5043 λυπηρὸς
1463 4964 1524 5021 οὖ
1578 4967 1778 5043 γίνεται
1842 4966 1916 5040 τῷ

1997 4695 2183 4757 amari
2218 4703 2276 4755 et
2306 4692 2650 4773 pungentis,
2709 4691 2866 4772 quod
2924 4691 3118 4753 morbi
3147 4709 3294 4753 usus
3327 4694 3408 4754 ita
3438 4699 3651 4772 postu-

1998 4785 2170 4858 leret,
2232 4793 2374 4844 tunc
2427 4781 2784 4844 ostendebat
2833 4788 3121 4861 quantum
3185 4789 3349 4843 esset
3376 4783 3520 4844 artis
3549 4799 3652 4862 pe-

1999 4874 2171 4937 ritus.
2203 4870 2348 4934 Nam
2381 4871 2471 4933 sic
2500 4888 2660 4951 saepe
2697 4873 2984 4932 mordens
3017 4881 3078 4933 et
3111 4869 3386 4932 incidens
3432 4871 3646 4945 oratio,

2000 4972 2059 5024 et
2091 4980 2275 5026 urens
2305 4980 2400 5037 ea,
2454 4977 2587 5039 qua)
2617 4977 2740 5021 non
2771 4967 3083 5041 apparent,
3141 4978 3259 5022 non
3311 4959 3494 5022 modo
3523 4978 3650 5023 non

281 5051 536 5115 νοσοῦντιζ
602 5056 689 5110 καὶ
745 5052 1198 5131 δυσπαράδεκτος,
1261 5052 1398 5110 ἀλλὰ
1468 5057 1557 5111 καὶ
1617 5052 1743 5123 ἡδύς
1803 5055 1905 5111 ἐστι

2003 5053 2068 5114 tit
2097 5052 2348 5114 molesta
2379 5049 2455 5125 ei,
2507 5049 2610 5130 qui
2640 5056 2907 5129 aegrotat,
2944 5048 3051 5111 sed
3087 5050 3270 5112 etiam
3300 5050 3505 5113 auditu
3539 5068 3650 5132 po-

284 5141 484 5217 μᾶλλον
544 5145 766 5200 ὰκοῦσαι
825 5143 922 5200 καί
996 5143 1283 5224 μελιχρὸς,
1343 5144 1429 5202 γαί
1485 5143 1738 5224 θέλκτρον
1793 5158 1905 5202 ταῖς

2004 5142 2122 5204 tius
2138 5140 2410 5222 jucunda
2438 5149 2498 5202 et
2527 5144 2750 5215 suavis,
2781 5156 3082 5219 auresque
3113 5139 3416 5202 deliniens
3444 5151 3505 5204 et
3535 5143 3652 5204 de-

281 5232 468 5313 ἀκοαϊς
500 5231 654 5313 ἄμαγ
665 5255 746 5296 ον,

2006 5231 2301 5294 mulcens.

354 5312 468 5382 lH‘.
529 5312 744 5398 Πρῶτον
786 5325 987 5403 τοίνυν,
1047 5325 1186 5382 κατὰ
1243 5331 1345 5380 τῶν
1396 5324 1662 5404 προφάσει
1719 5349 1905 5405 συγγε-

2084 5320 2569 5385 XVlll.Primum
2599 5339 2742 5401 ergo
2773 5321 3063 5382 adversus
3093 5319 3342 5401 eos,qui
3366 5326 3658 5400 praetextu

282 5411 414 5477 νείας
475 5412 568 5476 τὰς
626 5413 1003 5479 συνεισάκτους
1079 5412 1540 5492 παρεισαγόντων,
1600 5415 1699 5483 τὴν
1759 5416 1905 5486 εὔθη-

2007 5411 2374 5494 cognationis
2425 5410 2714 5474 mulieres
2772 5408 3261 5487 introducebant,
3323 5416 3562 5472 acutam
3596 5416 3660 5479 et

355 5599 416 5652 i3
441 5596 599 5667 Psal.
630 5615 832 5680 mut,
867 5600 928 5668 6.
