3996 6178
190 2559 224 2571 .-

392 159 536 226 1091

1671 159 1950 226 MENSIS
1972 202 1977 209 -
2001 159 2454 228 JANUARIUS.

3666 153 3788 220 μοι

385 295 676 357 musicam
731 300 926 355 movet
971 291 1258 368 linguam,
1293 302 1350 354 et
1405 292 1668 355 ostendit
1714 311 1818 354 eos
1848 293 1987 374 long

2056 301 2084 350 Α
2107 296 2231 353 κτόν
2263 318 2320 352 τε
2350 297 2438 352 καὶ
2479 296 2744 372 μουσικήν
2776 295 3022 373 γλῶτταν
3053 309 3218 370 κινεῖ,
3259 293 3376 348 καὶ
3411 288 3689 345 δείκνυσιν
3716 311 3790 343 αο-

383 385 620 464 gravius
666 401 940 465 peccare,
979 401 1157 462 quam
1191 399 1316 455 eos,
1356 382 1460 461 qui
1491 391 1696 460 aperte
1742 401 1987 445 exercen

2105 387 2225 448 τοὺς
2262 385 2448 460 πολλῷ
2479 385 2865 466 χαλεπώτερον
2915 386 3420 462 πλημμελοῦντας
3479 383 3599 435 τῶν
3645 379 3793 440 αὖτοξ

383 493 517 556 quae
534 483 670 535 sunt
693 473 1004 552 flagitiosa:
1031 470 1511 552 quandoquidem
1534 471 1621 533 illi
1644 472 1884 551 quidem
1909 473 2020 533 soli

382 577 442 628 et
472 583 580 646 per
607 582 673 626 se
706 572 843 623 sunt
875 561 1257 641 impudici,et
1278 580 1442 623 suam
1477 570 1870 643 corrumpunt
1898 564 2020 625 ani-

385 671 537 717 mam
574 673 588 714 :
620 653 682 713 hi
713 650 1044 730 autem,qui
1066 648 1125 710 in
1151 649 1311 710 clero
1333 659 1864 725 versantur,totum
1891 669 2018 712 cor-

381 765 489 825 pus
523 750 913 822 corrumpunt
969 740 1275 814 Ecclesiae,
1331 741 1738 817 verberantes,
1779 751 1838 804 ul
1873 742 2018 805 dicit

379 833 698 904 Paulus“,
736 849 942 892 eorum
975 829 1432 904 conscientiam,
1468 839 1526 892 et
1576 849 1641 892 se
1677 830 2016 910 praebentes

375 940 688 984 commune
745 921 1180 982 monimentum
1231 920 1739 1000 intemperantiae.
1777 921 1890 984 Sed
1925 922 2012 982 vel

372 1012 599 1092 absque
629 1011 745 1082 his,
779 1019 1063 1091 quantum
1124 1009 1210 1070 illi
1235 1007 1520 1070 damnum
1555 1011 1805 1072 aﬂerant
1829 1010 2014 1072 coha-

373 1101 658 1163 bitatione
691 1101 900 1161 harum
958 1118 1089 1180 quas
1141 1098 1618 1172 introducantur,
1664 1100 2012 1176 mulierum,

369 1199 538 1254 recte
561 1189 732 1261 sciet,
763 1190 860 1267 qui
890 1207 1018 1249 eam
1043 1194 1377 1250 orationem
1413 1188 1628 1267 legerit
1661 1202 1720 1250 ut
1753 1198 2008 1270 oportet.

368 1279 597 1342 Deinde
620 1279 906 1340 adversus
930 1277 1210 1356 injustam
1241 1278 1409 1358 plura
1437 1278 1698 1339 habendi
1725 1280 2012 1359 cupidita-

366 1380 510 1442 tem,
546 1377 604 1430 et
624 1387 726 1430 eos
745 1369 844 1447 qui
871 1385 1110 1446 gravem
1140 1386 1378 1428 manum
1409 1368 1741 1428 immittunt
1765 1369 2006 1444 alienis,

369 1468 423 1520 et
457 1458 772 1519 effundunt
801 1457 860 1516 in
896 1455 1148 1537 dolia,ut
1183 1457 1426 1536 dicitur,
1453 1456 2006 1539 inexplebilia,gra-

367 1548 495 1610 vius
521 1545 821 1608 invehitur
855 1563 868 1605 :
908 1545 1084 1625 plane
1113 1546 1401 1625 majorem
1442 1564 1643 1607 curam
1673 1565 1890 1624 gerens
1913 1567 2008 1609 eo-

361 1656 494 1701 rum
527 1636 629 1714 qui
673 1635 897 1696 faciunt
941 1635 1242 1714 iujuriam,
1278 1652 1450 1715 quam
1507 1653 1713 1696 eorum
1763 1636 1865 1716 qui
1899 1656 2004 1717 pa-

365 1726 592 1788 tiuntur
628 1743 640 1787 :
675 1723 1162 1804 quandoquidem
1187 1724 1306 1784 illis
1336 1724 1578 1804 quidem
1604 1725 1889 1786 damnum
1908 1727 2003 1787 af-

361 1816 551 1878 fertur
571 1815 630 1875 in
656 1815 856 1893 aliquo
882 1831 1087 1874 eorum
1113 1832 1244 1890 quas
1263 1813 1585 1875 intereunt:
1609 1813 1759 1890 ipsis
1775 1823 2001 1895 autem,

361 1909 460 1979 qui
485 1903 1083 1975 faciuntinjuriam.in
1116 1907 1304 1961 anima
1334 1920 1462 1976 quae
1487 1907 1879 1976 estpuzienda
1903 1907 2001 1964 im-

360 1989 990 2058 mortaliterDemceps
1014 1989 1183 2045 vitam
1210 1989 1580 2060 reprehendit
1605 1990 1995 2062 prodigorum,

360 2074 554 2156 quiin
617 2071 864 2153 mensis,
923 2074 980 2134 in
1037 2073 1332 2154 aedificiis,
1396 2074 1457 2134 in
1511 2073 1608 2136 tali
1642 2073 1819 2156 fastu,
1854 2077 1996 2139 etin

363 2163 579 2226 talibus
633 2161 869 2225 deliciis
921 2161 1275 2245 gloriantur,
1335 2173 1393 2226 et
1451 2171 1516 2225 ut
1546 2165 1718 2242 vulgo
1751 2163 1993 2250 dicitur,

351 2255 587 2335 seipsos
611 2251 790 2314 melle
813 2251 1333 2331 aspergunt.Nunc
1357 2262 1597 2315 accusat
1619 2254 1990 2335 superbiam,

352 2362 512 2406 nunc
542 2360 750 2404 vanam
782 2339 1033 2420 gloriam
1065 2342 1413 2405 insectatur:
1443 2363 1604 2405 nunc
1627 2345 1872 2424 expellit
1896 2364 1994 2408 ca-

347 2432 662 2512 lumniam,
699 2441 982 2511 tanquam
1017 2431 1258 2512 dignam
1282 2450 1414 2514 quae
1435 2433 1830 2512 vituperetur.
1868 2437 1990 2497 Va-

348 2521 677 2602 niloquium
702 2537 911 2581 rursus
933 2519 1089 2581 tollit
1111 2521 1186 2582 de
1207 2521 1405 2583 medio
1436 2541 1540 2602 pro
1568 2521 1812 2584 viribus.
1843 2523 1989 2586 Per-

341 2611 566 2691 jurium
589 2608 738 2670 adeo
763 2607 1138 2689 prohibet,ut
1161 2628 1279 2671 non
1305 2611 1497 2672 solum
1520 2612 1986 2687 jurare,etiamsi

346 2719 512 2774 vere,
545 2697 842 2760 dimiserit
871 2697 1097 2777 absque
1134 2699 1635 2780 reprehensione,
1671 2699 1776 2762 sed
1807 2701 1986 2763 etiam

342 2790 632 2852 adversus
655 2787 714 2848 id
741 2787 956 2848 multas
981 2804 1203 2864 easque
1228 2789 1542 2868 praeclaras
1564 2788 1988 2852 habuerit-ora-

343 2880 558 2959 tiones,
591 2878 672 2940 ita
704 2876 1061 2946 elaboratas,
1126 2885 1190 2938 ut
1249 2879 1439 2940 mistze
1499 2887 1704 2941 essent
1755 2898 1898 2942 vero
1928 2891 1989 2944 et

2033 1655 2066 1703 Β
2091 1635 2296 1710 μᾶλλον
2353 1633 2669 1714 κηδόμενος²
2705 1635 2738 1701 ἢ
2765 1640 2870 1689 τῶν
2901 1632 3265 1708 ἀδικουμένων
3301 1651 3320 1665 ι

2103 473 2276 552 ἔργοις
2323 476 2616 548 μετιόντων
2675 476 2742 531 τὰ
2786 474 2959 554 φαῦλα
2995 492 3009 506 ⁶
3067 473 3191 532 ὅσον
3225 474 3487 530 ἐκεῖνοι
3522 468 3631 541 μὲν
3672 468 3796 539 μένοι

2101 566 2189 619 καὶ
2232 564 2348 620 καθ’
2395 566 2613 628 ἑαυτοὺς
2658 564 3029 642 ἀσελγαίνουσι
3071 563 3166 619 καί
3209 560 3456 640 ψυχὴν
3533 556 3797 630 λυμαίνον-

2101 676 2188 710 ται
2233 655 2332 720 τὴν
2374 652 2530 724 ἰδίαν,
2579 655 2626 710 oi
2668 652 2724 709 δὲ
2770 652 2964 728 μεταξὺ
3013 660 3106 710 τοῦ
3153 651 3403 729 κλήρου
3457 647 3570 705 τὰς
3619 642 3799 721 διατρι-

2100 742 2196 807 ϐας
2243 743 2488 821 ἔχοντες,
2525 740 2648 798 ὅλον
2678 743 3048 822 ὑποφθείρουσι
3097 743 3157 796 τὸ
3188 745 3389 813 σῶμα
3428 740 3548 802 τῆς
3585 733 3803 798 Ἐκκλη-

2099 835 2236 906 σίας,
2283 833 2570 895 τύπτοντες
2644 831 2814 888 αὒτῶν
2887 831 2986 897 τὴν
3057 827 3436 896 συνείδησιν,
3538 823 3688 879 κατὰ
3733 825 3805 877 τὶν

2098 927 2245 980 θετον
2277 922 2450 978 εἰπεῖν
2481 919 2838 996 Ἀπὸστολον,
2885 922 2974 976 καὶ
3032 920 3210 975 κοινὸν
3279 915 3478 975 ὄντες
3521 911 3804 974 ἀκολασίας

2099 1012 2414 1086 ὑπόμνημα.
2476 1009 2645 1066 Ἀλλὰ
2718 1012 2804 1066 καὶ
2857 1011 3026 1090 χωρὶς
3115 1009 3375 1078 τούτων,
3459 1004 3619 1060 ὅσην
3683 1001 3808 1056 aurci

2097 1097 2499 1179 προστρίϐονται
2557 1097 2789 1177 βλάϐην,
2867 1098 2925 1154 ἐκ
2993 1096 3142 1154 τοῦδε
3204 1103 3317 1152 τοὺ

2095 1188 2271 1246 άκτων
2325 1194 2690 1260 συνοικισμοῦ,
2730 1190 2757 1243 ὁ
2788 1189 2879 1242 τὸν
2911 1186 3072 1264 λόγον
3105 1186 3338 1240 ἐκεῖνον
3384 1182 3633 1256 μετιὼν
3665 1181 3806 1255 inp-.-

2093 1277 2199 1340 ϐὡς
2263 1276 2489 1333 εἵσεται.
2560 1281 2694 1332 Εἶτα
2750 1278 2886 1332 κατὰ
2941 1281 3039 1343 τῆς
3098 1271 3484 1346 πλεονεξίας,
3557 1267 3669 1326 καί
3716 1267 3805 1324 τῶν

2094 1381 2262 1447 χεῖρα
2322 1368 2544 1442 βαρεῖαν
2605 1380 2722 1430 τοῖς
2782 1364 3086 1442 ἀλλοτρίοις
3173 1360 3684 1436 ἐπιϐαλλόντων,
3734 1360 3804 1413 καὶ

2093 1460 2166 1522 εἰς
2207 1457 2329 1518 τοὺς
2370 1456 2674 1525 ἀπλήστους
2740 1455 2791 1533 (ὃ
2832 1453 2897 1521 δὴ
2941 1453 3186 1530 λέγεται)
3231 1453 3457 1512 πίθους
3532 1448 3798 1504 ἆντλούν-

3210 1549 3328 1598 τῶν
3451 1537 3799 1594 ἀδικούντων

3372 1628 3538 1685 ὅσον
3577 1627 3798 1690 ἐκείνοις

3407 1100 3542 1148 τῶν
3606 1112 3806 1146 συνεισ-

2091 1568 2218 1619 των⁷
2307 1543 2705 1621 ἐμϐριθέστερον
2793 1544 3130 1621 ἀγωνίζεται,

2089 1726 2187 1800 μὲν
2231 1727 2348 1803 περὶ
2376 1723 2431 1780 ἕν
2477 1746 2528 1780 τι
2584 1730 2692 1780 τῶν
2721 1724 3088 1802 φθειρομένων
3143 1725 3178 1791 ἡ
3209 1719 3448 1797 βλάϐη,
3494 1719 3707 1776 αὐτοῖς
3749 1714 3796 1770 δὲ

2086 1828 2206 1876 τοῖς
2264 1814 2363 1882 ττὶν
2422 1811 2628 1869 ἀδικίαν
2672 1812 3052 1890 ἐργαζομένοις
3085 1812 3202 1888 περὶ
3229 1809 3457 1888 ψυχὴν
3513 1807 3633 1873 τὴν
3665 1805 3792 1862 ἀθά·

2085 1926 2216 1960 νατα
2289 1900 2788 1975 κολασθησομένην,
2867 1899 3092 1981 Ἐφεξῆς
3171 1902 3262 1955 τὸν
3326 1904 3469 1954 τῶν
3560 1894 3789 1950 ἀσώτων

2083 1991 2354 2052 διαϐάλλει
2397 1994 2535 2072 βίον,
2582 1994 2703 2054 τοὺς
2749 1991 2875 2071 περῖ
2935 1992 3031 2055 τὰς
3075 1991 3340 2066 τραπέζας
3414 1987 3618 2066 φημὶ,
3668 1984 3787 2072 τοὺς

2079 2083 2206 2162 περῖ
2261 2085 2353 2145 τὰς
2414 2080 2726 2156 οἰκοδομὰς,
2789 2082 2911 2145 τοὺς
2963 2081 3082 2157 περὶ
3132 2078 3230 2146 την
3265 2078 3575 2142 τοιαύτην
3636 2069 3782 2148 ῦὸριν

2078 2161 2166 2228 καὶ
2224 2171 2489 2247 μαλακίαν
2532 2169 3125 2250 ἒγκαλλωπιζομένους,
3186 2168 3277 2223 καί
3332 2167 3416 2222 τὸ
3473 2161 3773 2250 ᾀδόμενον,

2076 2261 2258 2336 μέλιτι
2344 2260 2783 2322 καταπᾶττοντας
2872 2259 3116 2321 ἑαυτούς.
3216 2261 3322 2314 Νῦν
3433 2249 3770 2322 ἂλαζονεᾶς

2076 2364 2397 2429 κατηγορεῖ,
2459 2359 2546 2409 νῦν
2608 2354 2705 2416 τῆς
2768 2352 2928 2415 κενῆς
2986 2345 3317 2423 κατατρέχει
3370 2340 3596 2420 δόξης,
3652 2337 3764 2429 ἄρτι

2074 2437 2325 2507 διαϐολήν
2383 2428 2463 2502 γὼς
2523 2437 2778 2507 διαϐολῆς
2838 2436 2981 2503 ἀξίαν
3041 2433 3331 2506 ἀποσοϐεῖ,
3411 2428 3757 2509 ἀργολογίαν

2072 2529 2145 2594 εἷς
2187 2527 2404 2604 δύναμιν
2469 2528 2710 2608 ἀναιρεῖ,
2770 2525 3046 2603 ἐπιορκίαν
3095 2522 3262 2585 οὕτως
3322 2523 3637 2598 ἀπείργει,
3691 2519 3756 2578 ὡς

2071 2615 2209 2693 μηδὲ
2250 2620 2314 2675 τὸ
2358 2616 2542 2682 ἁπλῶς
2588 2618 2809 2691 ὀμνύναι
2860 2616 2949 2672 καὶ
2992 2612 3300 2694 φιλαλήθως
3332 2609 3750 2683 ἀνεπιτίμητον

2071 2707 2272 2785 παρεᾷν
2310 2728 2322 2740 ·
2376 2706 2512 2767 ἁλλὰ
2555 2705 2786 2771 πολλοὺς
2831 2705 2949 2762 κατ’
2993 2704 3154 2762 αὐτοῦ
3201 2702 3290 2757 καὶ
3348 2698 3587 2762 καλοὺς
3643 2695 3748 2751 δια-

2070 2795 2363 2865 κελαδῆσαι
2390 2795 2580 2874 λόγους
2627 2795 2682 2852 ἐν
2717 2795 2854 2870 μίξει
2884 2801 2976 2851 τοῦ
3022 2791 3249 2858 ἀληθοῦς
3300 2811 3359 2847 τε
3417 2789 3524 2845 καὶ
3589 2788 3741 2842 πιθα·
3879 2825 3884 2862 η

2069 2893 2160 2943 νοῦ
2214 2885 2818 2964 μεμουσουργημένους,
2881 2882 2977 2940 καί
3041 2881 3210 2945 οὕτως
3280 2877 3525 2941 ἀνελεῖν
3577 2896 3736 2964 σπου·
3883 2886 3885 2918 |

346 2968 641 3051 probabili
679 2986 693 3030 :
747 2967 920 3061 etita
953 2965 1248 3061 studuerit
1278 2967 1336 3028 id
1371 2967 1446 3029 de
1492 2968 1690 3030 medio
1720 2969 1978 3061 auferre,

2068 2973 2248 3055 δάσαι,
2283 2977 2356 3040 ὡς
2408 2961 2637 3055 φανερὰν
2686 2975 2758 3036 εἰς
2807 2974 2938 3030 Θεὸν
2981 2968 3150 3050 ὕϐριν,
3187 2971 3273 3028 καὶ
3332 2975 3442 3025 τοῦ
3511 2961 3733 3046 φοϐεροὶ

340 3071 618 3140 tanquam
675 3056 1046 3119 manifestam
1101 3056 1162 3118 in
1211 3055 1400 3118 Deum
1437 3058 1888 3140 contumeliam,
1924 3067 1984 3123 et

2065 3070 2227 3122 πᾶσιν
2256 3065 2518 3140 ὀνόματος
2548 3065 2635 3121 καὶ
2663 3068 2886 3143 φρικτοῦ
2920 3061 3190 3120 κοίνωσιν.

337 3147 616 3212 omnibus
645 3145 976 3209 ineffabilis
1016 3157 1076 3209 et
1136 3146 1468 3211 venerandi
1522 3147 1783 3212 nominis
1816 3150 1984 3213 coin-

339 3237 748 3322 quinationem
761 3285 776 3300 .

419 3325 575 3391 XIX.
608 3325 918 3398 Quomodo
971 3326 1132 3388 enim
1167 3328 1699 3408 prasstantissimus
1748 3337 1806 3390 et
1837 3329 1981 3391 dili-

337 3416 720 3498 gentissimus
743 3414 1040 3497 quispiam
1075 3417 1358 3496 agricola,
1386 3419 1484 3499 qui
1517 3419 1636 3480 vult
1666 3418 1740 3482 de
1770 3419 1983 3482 virtute

335 3506 638 3570 seminare
671 3506 996 3588 orationes,
1024 3507 1225 3568 statuit
1251 3508 1412 3588 prius
1445 3517 1723 3588 oportere
1745 3509 1979 3572 exscin-

335 3598 483 3660 dere
541 3595 778 3656 radices
835 3595 956 3656 vitii
1016 3604 1074 3658 et
1135 3597 1366 3659 semina
1423 3599 1686 3677 maligni,
1743 3607 1800 3660 et
1831 3599 1977 3660 nihil

334 3686 637 3747 dimittere
670 3702 1040 3766 eorum,quas
1073 3695 1318 3766 possent
1348 3688 1592 3748 omnino
1624 3687 1846 3750 lmdere
1877 3696 1981 3749 aut

332 3773 906 3836 offendereDeinde
932 3793 1065 3836 cum
1101 3783 1260 3837 terra
1286 3776 1370 3838 sic
1396 3775 1578 3839 fuerit
1606 3778 1978 3858 complanata

332 3871 392 3924 et
449 3862 874 3937 mansuefacta,
935 3865 1089 3944 quod
1134 3864 1381 3941 quidem
1434 3871 1524 3926 est
1579 3865 1974 3928 humanarum

329 3951 690 4028 animarum,
727 3951 960 4014 virtutis
1010 3960 1068 4013 et
1121 3952 1520 4034 phiIOSOphiae
1549 3953 1852 4034 deponere
1881 3975 1976 4017 se-

330 4041 662 4105 mina.Post
689 4043 814 4104 haec
839 4040 913 4103 de
936 4042 1318 4123 eleemosyna
1340 4043 1663 4123 orationes,
1691 4051 1970 4124 tanquam

325 4131 552 4195 imbres
581 4133 810 4214 aliquos
831 4140 1204 4213 opportunos
1229 4131 1482 4194 effundit
1513 4133 1572 4193 in
1598 4131 1831 4194 animas
1855 4134 1970 4195 ho-

329 4222 582 4297 minum,
643 4231 703 4284 et
761 4240 949 4303 usque
1005 4222 1155 4284 adeo
1203 4221 1343 4284 colit
1388 4221 1848 4303 benignitatem,
1907 4232 1972 4284 ut

326 4311 648 4372 multorum
671 4311 910 4392 quidem
932 4312 1236 4374 dexteram
1271 4321 1604 4392 promptam
1633 4312 1970 4375 reddiderit

323 4414 380 4460 et
404 4404 648 4460 alacrem
673 4403 744 4460 ad
771 4403 1230 4462 succurrendum
1259 4405 1633 4476 pauperibus,
1661 4420 1784 4478 quae
1806 4409 1967 4478 prius

2146 3320 2252 3392 18⁸.
2331 3334 2425 3396 Ὧς
2481 3332 2582 3410 γὰρ
2651 3328 2865 3408 ἄριστός
2937 3351 3019 3393 τις
3106 3329 3193 3384 καὶ
3264 3322 3720 3406 φιλοπονώτατος

2065 3423 2304 3500 γεωργὸς
2348 3421 2471 3483 τοὺς
2527 3421 2648 3497 περὶ
2705 3420 2900 3496 ἀρετης
2960 3417 3282 3495 βουλόμενος
3339 3423 3717 3488 κατασπεῖραι

2062 3510 2279 3588 λόγους,
2347 3510 2484 3588 ἔγνω
2535 3511 2793 3588 πρότερον
2852 3506 2964 3564 δεῖν
3012 3509 3102 3569 τᾶς
3146 3510 3252 3572 τῆς
3308 3504 3512 3566 κακίας
3572 3501 3717 3578 ῥίζας

2061 3599 2158 3658 καὶ
2215 3601 2282 3656 τὰ
2339 3599 2432 3657 τοῦ
2485 3605 2720 3676 πονηροῦ
2777 3597 3058 3675 σπέρματα
3101 3593 3338 3669 ἀνελεῖν,
3385 3591 3500 3649 εἷθ’
3545 3588 3708 3646 οὕτως

2062 3689 2280 3766 ὁμαλῶς
2326 3693 2470 3763 αὐτῷ
2526 3691 2613 3746 καὶ
2671 3687 2887 3762 ἡμέρως
2944 3690 3044 3753 τῆς
3102 3688 3202 3763 γῆς
3247 3684 3521 3764 ἐχούσης,
3581 3677 3706 3752 ὅπερ

2059 3780 2171 3836 εστὶ
2228 3784 2335 3836 τῶν
2403 3778 2743 3854 ἀνθρωπίνων
2806 3780 3026 3856 ψυχῶν,
3071 3777 3137 3832 τὰ
3193 3778 3293 3842 τῆς
3357 3775 3559 3852 αρετῆς
3617 3767 3701 3823 καὶ

2060 3869 2370 3950 φιλοσοφίας
2455 3869 2769 3925 καταθέσθαι
2856 3866 3015 3946 φυτά,
3096 3864 3243 3920 Μετὰ
3329 3869 3504 3921 ταῦτα
3574 3861 3696 3937 γοῦν

2053 3946 2174 4022 τοὶς
2234 3961 2354 4038 περὶ
2412 3957 2782 4034 ἐλεημοσύνης
2838 3955 3057 4034 λόγους,
3129 3954 3227 4011 οἶα
3283 3974 3434 4017 τινας
3516 3946 3687 4038 ὑετοὺς

2056 4049 2330 4128 εὒκαίρους
2391 4055 2498 4104 τῶν
2555 4047 2897 4125 ἀνθρωπίνων
2976 4045 3236 4124 καταχέει
3307 4048 3525 4122 ψυχῶν,
3598 4031 3688 4136 καῖ

2055 4151 2288 4218 γεωργεῖ
2331 4139 2392 4194 τὸ
2437 4135 2790 4217 φιλόπτωχον
2821 4137 2897 4198 εἰς
2928 4141 3202 4208 τοσοῦτον,
3235 4136 3306 4198 ὡς
3339 4132 3565 4193 πολλοῖς
3592 4132 3679 4218 μὲν

2051 4212 2177 4297 τὴν⁷
2207 4212 2375 4294 δεξιὰν
2447 4212 2946 4305 δργῶσανηθεϊναι,
3023 4224 3101 4300 μὴ
3179 4222 3517 4301 θερμοτάτην
3569 4212 3675 4305 τοῖς

2051 4317 2270 4392 πένησι,
2332 4317 2430 4384 τὴν
2489 4303 2684 4393 προτοῦ
2746 4303 3071 4394 μικρολόγον
3130 4315 3290 4370 οὖσαν
3348 4313 3437 4368 καὶ
3491 4303 3664 4391 φειδω-

2050 4405 2142 4463 λόν
2219 4406 2333 4485 (ἳνα
2393 4407 2469 4481 μὴ
2518 4404 2659 4484 λέγω
2716 4407 2806 4462 καὶ
2862 4402 3190 4484 λιχνοτέραν
3261 4403 3395 4480 πρὸς
3465 4402 3522 4458 τὸ
3569 4394 3655 4450 λα-

322 4495 452 4549 erat
478 4506 662 4569 parca
683 4497 740 4550 et
762 4488 1182 4564 illiberalis,ne
1204 4490 1400 4552 dicam
1420 4491 1588 4552 avida
1613 4499 1670 4552 et
1691 4492 1967 4573 rapiendi

2056 4493 2167 4552 δεῖν
2217 4497 2281 4553 τὰ
2332 4493 2613 4574 ἀλλότρια)
2657 4496 2750 4552 καὶ
2792 4495 2915 4558 τοὺς
2945 4494 3050 4570 μὲν
3080 4491 3500 4571 μεγαλοψύχους
3534 4487 3644 4574 eivs!

317 4578 516 4640 aliena
553 4599 565 4640 :
604 4585 663 4640 et
691 4577 842 4640 alios
875 4579 1119 4656 quidem
1179 4579 1444 4641 effecerit
1477 4597 1610 4641 esse
1651 4581 1965 4643 muniﬁcos

322 4677 380 4728 et
422 4686 530 4730 sua
581 4666 860 4730 lubenter
919 4667 1462 4744 communicantes,
1523 4686 1592 4729 ex
1638 4669 1840 4749 pleno,
1903 4678 1962 4732 ut

319 4756 564 4834 dicitur,
613 4757 675 4819 in
706 4757 885 4819 inane
917 4759 1188 4839 utrisque
1221 4757 1604 4820 eﬁundentes
1636 4757 1911 4820 manibus
1945 4778 1958 4822 :

316 4846 468 4910 alios
496 4855 698 4910 autem
736 4847 1020 4927 praeferre
1051 4846 1200 4909 nihil
1235 4846 1551 4921 habere,et
1581 4866 1715 4909 cum
1751 4867 1964 4911 omnes

316 4955 458 4999 suas
488 4936 726 5000 divitias
756 4936 1123 5018 pauperibus
1156 4936 1469 5016 magnifice
1533 4938 1750 5019 pieque
1802 4938 1960 5001 divi-

315 5026 561 5107 sissent,
593 5026 775 5090 vitam
815 5027 1204 5089 monasticam
1248 5035 1306 5088 et
1335 5038 1671 5107 separatam
1705 5028 1957 5109 eligere.

317 5115 396 5178 Ex
428 5136 544 5197 quo
607 5118 813 5178 omnia
857 5117 1086 5180 habere
1133 5116 1250 5179 alio
1301 5117 1478 5179 modo
1509 5119 1580 5179 ad
1616 5137 1719 5180 eos
1751 5119 1957 5195 rediit,

315 5217 380 5265 ut
413 5205 514 5286 qui
538 5203 663 5267 Deo
698 5223 804 5285 pro
843 5206 1122 5268 omnibus
1167 5206 1240 5267 iis
1270 5205 1442 5268 ditati
1475 5205 1718 5282 fuerint,
1758 5226 1792 5268 a
1843 5226 1961 5288 quo

316 5293 696 5374 dependebat
726 5301 846 5356 tota
873 5312 1017 5376 Spes
1049 5311 1255 5356 eorum
1321 5294 1474 5371 vitae,
1537 5306 1599 5357 et
1653 5295 1728 5357 ad
1781 5314 1960 5378 quem

395 5485 504 5548 141
533 5486 672 5554 Cor.
700 5506 830 5569 vui,
858 5492 955 5554 42.

2047 4585 2442 4665 παρασκευάσαι
2502 4586 2589 4640 καὶ
2659 4584 3025 4658 κοινωνικοὺς,
3092 4585 3154 4639 ὲκ
3190 4583 3312 4649 τῆς
3378 4571 3651 4658 πληρεστέ-

2047 4698 2170 4750 της,
2256 4674 2283 4730 ὅ
2370 4696 2554 4753 φασιν,
2643 4675 2716 4738 εἰς
2813 4674 2913 4740 τὴν
3000 4671 3279 4750 κενοτέραν
3366 4667 3652 4750 ἀμφοτέραις

2047 4764 2369 4827 ἀντλοῦντας
2403 4783 2419 4800 ⁸
2484 4764 2650 4827 ἐνίοτς
2709 4761 2764 4819 δὲ
2821 4764 2883 4818 τὸ
2963 4760 3131 4838 μηδὲν
3190 4759 3337 4840 ἔχειν
3413 4755 3656 4838 προτιμῆ·

2048 4876 2161 4933 σαι,
2219 4857 2308 4910 καὶ
2373 4863 2466 4912 τοῦ
2537 4851 2769 4912 πλούτου
2839 4853 3040 4915 παντὸς
3106 4863 3224 4913 τοῖς
3275 4848 3470 4916 πένησι
3527 4843 3656 4926 τριλο-

2043 4932 2212 5016 τίμως
2294 4944 2801 5022 παραχωρήσαντας
2897 4942 2990 4998 τὸν
3062 4941 3274 5020 μονήρη
3360 4939 3473 5017 βίον
3553 4932 3658 4988 ἀνθ-

2043 5031 2253 5089 ελέσθαι
2298 5033 2386 5089 καὶ
2425 5030 2710 5108 ἰδιάζοντα,
2760 5029 2811 5096 ἐξ
2855 5033 2916 5087 οὗ
2957 5032 3018 5088 τὸ
3061 5031 3240 5087 πάντα
3296 5028 3445 5110 ἔχειν
3500 5025 3659 5110 αὐτοῖς

2043 5121 2355 5200 περιγέγονε
2416 5121 2546 5177 Θεὸν
2631 5121 2746 5177 ἀντὶ
2819 5121 3035 5178 πάντων
3098 5109 3554 5196 πεπλουτηκόσιν,
3613 5109 3659 5166 οὗ

2043 5212 2138 5273 τὰς
2194 5216 2293 5278 τῆς
2333 5211 2476 5283 ζωῆς
2522 5208 2739 5274 ἐλπίδας
2788 5210 3124 5289 ἀνήρτησαν,
3171 5211 3257 5266 καὶ
3303 5211 3434 5289 πρὸς
3490 5206 3548 5262 ὃν
3576 5201 3656 5280 p.6-

2044 5321 2134 5360 νον
2165 5299 2402 5381 ἔγνωσαν
2433 5301 2655 5379 ἀφορᾷν,
2711 5297 2802 5381 ἀφ’
2849 5303 2910 5357 οὗ
2963 5298 3179 5376 πλούτῳ
3222 5299 3534 5380 προσέχειν,
3588 5291 3658 5349 val
