3996 6178
185 258 372 325 1093
1259 252 1442 321 VITA
1503 250 1561 320 S.
1613 249 1869 319 JOANNI

1978 243 2529 320 CHRYSOSTOMI.
3426 259 3576 326 1094

180 401 344 452 πᾶσι
407 407 524 458 τοῖς
571 392 780 455 ὑλικοϊς
842 393 1160 451 ἀπείπαντο.
1236 391 1727 471 Ταπεινοφροσύνην
1787 387 1869 445 δὲ.

1953 390 2119 453 ηοιυηι
2155 389 2499 454 dilexerunt
2532 391 2755 454 intueri
2793 410 2806 451 :
2845 409 2912 454 ex
2947 411 3067 473 quo
3114 391 3331 455 factum
3365 403 3478 476 est,
3512 404 3576 458 ut

183 489 292 542 καὶ
357 487 418 541 τὸ
481 483 694 561 μέτριον
753 481 916 546 οὕτως
948 483 1068 561 ἦρε,
1100 483 1188 538 καὶ
1233 481 1500 547 τοσαύτην
1534 479 1722 546 ἔδειξεν
1754 480 1848 538 αὖ·

1953 498 2040 542 :or
2060 481 2281 543 divitiis
2300 500 2416 543 non
2449 491 3052 562 apponerent,neque
3083 482 3364 546 omnibus
3393 484 3578 548 rebus

182 578 303 639 ’τῆς
373 573 470 640 τὴν
519 574 822 651 ὑπεροχὴν,
888 573 959 635 ὡς
1023 571 1286 645 μηδεμίαν
1338 569 1508 637 ἄλλην
1561 577 1670 626 τῶν
1725 569 1850 644 ἀρε-

1953 570 2792 634 naterialibusHumilitatem
2815 582 3010 635 autem
3028 580 3084 634 et
3105 573 3578 638 moderationem

185 669 318 718 τῶν
400 661 535 738 αὒτῇ
616 658 1072 737 παραϐάλλεσθαι,
1147 658 1286 715 ἀλλὰ
1341 661 1427 716 καὶ
1476 659 1681 737 μητέρα
1768 659 1855 713 καὶ

1953 661 2091 722 ideo
2117 661 2421 736 extulit,et
2449 672 2674 723 tantam
2702 663 2832 742 ejus
2858 680 2991 724 esse
3009 663 3347 725 ostenditin
3368 665 3583 726 humili

185 751 427 832 φύλακα
486 757 591 807 τῶν
665 749 846 806 ἄλλων
916 751 1061 806 εἶναι
1121 754 1307 805 πασῶν
1341 765 1354 778 ·
1431 753 1492 807 οὒ
1553 749 1657 822 μὴν
1718 746 1858 802 ἀλλὰ

1953 749 2385 826 excellentiam,
2423 761 2482 814 ul
2545 751 2709 813 nulla
2757 753 2872 812 alia
2905 752 3093 814 virtus
3124 753 3312 833 possit
3341 773 3475 816 cum
3511 772 3581 817 ea

190 841 297 895 καὶ
363 841 532 920 χωρὶς
583 838 791 905 ἐκείνης
846 838 1056 902 ἁπάσας
1115 835 1264 894 οὐδὲν
1321 837 1584 916 ἐχέγγυον
1645 835 1858 920 σώζειν,

1953 839 2235 914 conferri,
2270 841 2372 900 sed
2409 859 2478 902 ea
2509 841 2584 902 sit
2616 850 2805 902 mater
2835 852 2892 903 et
2943 851 3144 903 custos
3163 843 3413 904 aliarum
3447 863 3580 906 om-

191 927 322 985 063’
368 917 626 1008 -ἆσιξιαλές
685 927 822 983 ἀλλὰ
880 927 1040 984 πόνον
1089 926 1235 1005 (φεῦ)
1289 927 1432 983 εἶναι
1493 926 1717 1000 μάταιον
1776 917 1862 980 καὶ

193 1019 371 1075 κενόν
407 1018 766 1098 Σωφροσύνην
822 1014 877 1072 δὲ
937 1019 1030 1073 καί
1094 1016 1374 1093 παρθενίαν
1434 1036 1514 1077 τις
1579 1012 1718 1070 οὕτω
1767 1034 1858 1069 τε·

193 1109 469 1188 τίμηκεν,
537 1107 573 1183 ἢ
635 1109 766 1184 πρὸς
822 1107 1021 1172 ταύτην
1084 1105 1345 1182 ἠρέθισεν,
1408 1107 1480 1168 ὼς
1538 1105 1730 1181 μικροῦ
1766 1101 1860 1158 καὶ

194 1198 446 1275 κρείττω
504 1198 592 1253 καὶ
649 1195 984 1274 ὑψηλοτέραν
1043 1196 1210 1262 αὐτὴν
1267 1192 1460 1273 δεῖξαι,
1511 1195 1546 1262 ἢ
1606 1194 1742 1249 ὥστε
1775 1192 1862 1248 καὶ

193 1288 454 1363 βάσιμον
510 1286 651 1343 εἶναι
707 1285 851 1365 cpio-ei
922 1288 986 1362 τῇ
1023 1284 1346 1363 ἀνθρωπίνῃ,
1389 1284 1477 1338 καὶ
1529 1282 1657 1360 ὅπερ
1707 1282 1862 1338 αὐτὸν

194 1380 434 1434 κεῖσθαι
492 1378 585 1432 τὸν
613 1376 803 1450 νόμον,
836 1375 890 1429 ἐν
920 1373 1062 1438 τάξει
1094 1395 1150 1430 τε
1192 1372 1496 1452 φιλοτιμίας
1551 1376 1690 1428 εἶναι
1718 1370 1862 1445 μᾶλ-

197 1465 332 1538 λον,
377 1466 411 1533 ἢ
445 1464 666 1531 ἐντολῆς
702 1483 716 1538 ;
775 1464 1024 1542 Ἀγάπην
1082 1460 1138 1518 δέ
1165 1463 1264 1529 τὴν
1289 1461 1726 1539 βασιλικωτάτην
1756 1467 1863 1516 τών

201 1554 427 1632 ἂρετῶν
463 1556 541 1618 τίς
573 1554 735 1610 πλέον
765 1555 1050 1632 ἠγάπησεν
1094 1555 1128 1621 ἢ
1181 1552 1492 1630 ἐξύμνησεν,

199 1643 431 1725 φιϐὁλῳ
473 1647 709 1717 κεῖσθαι,
743 1642 938 1722 πότερα
984 1644 1106 1705 τοὺς
1138 1643 1381 1706 ἐπαίνους
1429 1640 1642 1704 πλείους
1685 1641 1859 1716 ὑπάρ-

1527 1552 1599 1616 ὠς
1634 1551 1718 1606 ἐπ’
1750 1550 1860 1623 ἄμ·-

1947 929 2113 989 nium
2141 949 2152 990 :
2180 929 2297 989 imo
2318 947 2458 991 vero
2482 930 2613 991 sine
2639 949 2756 1011 qua
2791 931 2921 993 alim
2959 930 3110 993 nihil
3141 931 3388 1012 habent,
3425 934 3584 1011 quod

1945 1022 2021 1078 sit
2048 1025 2275 1078 certum
2305 1027 2361 1079 et
2395 1018 2511 1080 lide
2543 1019 2790 1100 dignum
2831 1041 2844 1080 :
2882 1020 2987 1081 sed
3030 1020 3169 1093 sint,
3209 1023 3359 1101 proh
3388 1022 3581 1101 dolor,

1944 1123 2134 1168 vanus
2165 1107 2407 1184 quidam
2441 1109 2608 1171 labor
2637 1119 2693 1170 et
2725 1111 2944 1172 inanis.
2974 1109 3454 1191 Temperantiam
3486 1133 3584 1175 au-

1947 1205 2064 1258 tem
2101 1210 2158 1260 et
2189 1215 2329 1258 vere
2390 1200 2696 1278 pulchram
2756 1194 3152 1278 virginitatem
3205 1201 3343 1278 quis
3373 1201 3460 1264 sic
3494 1203 3586 1264 vel

1945 1288 2183 1358 amavit,
2219 1287 2307 1346 vel
2341 1287 2491 1349 alios
2519 1290 2619 1365 qui
2668 1298 2804 1350 sunt
2834 1291 3240 1364 honestiores,
3269 1293 3587 1372 magnique

1947 1386 2004 1438 et
2034 1378 2254 1439 excelsi
2293 1379 2502 1457 animi,
2539 1380 2610 1441 ad
2661 1380 2788 1460 ejus
2824 1382 3114 1460 insignem
3149 1379 3413 1443 incitavit
3450 1384 3588 1462 pul-

1947 1467 2377 1542 chritudinem,
2406 1476 2468 1530 ut
2489 1487 2618 1529 eam
2648 1472 3082 1550 propemodum
3105 1471 3438 1534 ostenderit
3459 1491 3591 1535 esse

1949 1556 2235 1634 majorem
2272 1565 2331 1618 et
2359 1557 2800 1636 sublimiorem,
2830 1577 3008 1637 quam
3036 1568 3100 1620 ut
3129 1559 3202 1620 ad
3246 1578 3374 1620 eam
3408 1562 3592 1640 possit

1946 1640 2206 1704 humana
2237 1653 2445 1706 natura
2471 1651 2808 1724 pervenire,
2844 1657 2902 1708 et
2955 1665 3244 1728 superare
3276 1649 3464 1728 ipsam
3496 1649 3590 1711 le-

199 1756 372 1814 χειν,
419 1734 454 1802 ἢ
499 1736 618 1797 τοὺς
665 1734 797 1812 πρὸς
846 1734 1013 1799 αὐτὴν
1044 1733 1243 1810 ἔρωτας
1277 1751 1294 1808 ;
1327 1733 1414 1795 Τίς
1448 1733 1546 1809 γὰρ
1578 1730 1744 1792 οὕτως
1777 1731 1859 1784 αὖ·

1953 1750 2081 1810 gem
2121 1754 2132 1790 :
2165 1732 2667 1815 Iiberalitatisque
2713 1745 2773 1797 et
2797 1736 3256 1816 magniﬁcentiae
3277 1738 3474 1818 potius
3495 1737 3592 1801 lo-

200 1825 481 1903 τάχρημκ
512 1823 676 1895 λίθος,
710 1824 798 1878 καὶ
848 1822 947 1889 τὴν
1001 1820 1216 1897 καρδίαν
1246 1822 1524 1894 ἀκίνητος,
1560 1821 1629 1882 ὼς
1664 1821 1860 1890 εἰπεῖν,

203 1913 244 1980 ἢ
291 1913 611 1985 ἀτίθασσος,
671 1914 744 1975 ὡς
784 1911 860 1986 μὴ
905 1911 1024 1976 τοὺς
1067 1911 1196 1988 ὺπέρ
1229 1913 1393 1976 αὐτῆς
1427 1909 1614 1988 λόγους
1659 1908 1865 1964 ἀκούων

205 2001 384 2069 ἤπιος
415 2023 471 2058 τε
529 2005 616 2058 καὶ
672 2002 851 2078 ἱλαρὸς
917 2002 1010 2067 τὴν
1071 2003 1258 2079 ψυχὴν
1291 1998 1555 2077 γενέσθαι,
1601 1999 1688 2053 καὶ
1735 1997 1862 2073 πρὸς

209 2093 322 2160 τὴν
369 2101 462 2150 τοῦ
520 2089 748 2157 πλησίον
805 2088 1247 2167 διαθερμανθῆναι
1289 2089 1492 2167 φιλίαν,
1527 2093 1622 2154 τῆς
1657 2085 1866 2141 Παύλου

213 2203 276 2239 τε
327 2185 512 2260 ψυχῆς
567 2181 863 2257 ἐκμαγεῖον
911 2179 1052 2236 εἶναι
1097 2181 1308 2253 νομίσαι
1360 2179 1460 2246 τήν
1508 2177 1707 2232 ἐκείνου
1758 2181 1865 2251 ψυ-

215 2272 393 2348 γήν;
443 2270 500 2326 Εἰ
544 2267 598 2324 δὲ
656 2271 741 2324 καὶ
787 2271 883 2335 τὴν
941 2274 1046 2324 τῶν
1094 2268 1295 2324 ἐκεῖθεν
1341 2267 1550 2344 ἀγαθῶν
1603 2264 1867 2321 ἔκπτωσιν

218 2367 249 2415 ὸ
314 2357 520 2420 Παῦλος
589 2356 886 2423 κατηύξατο
970 2358 1181 2429 ἑαυτοῦ,
1234 2358 1323 2412 καὶ
1400 2356 1621 2434 φανερὸς
1681 2353 1866 2432 γέγονε

218 2455 384 2506 τοῦτο
441 2446 648 2522 μᾶλλον
704 2448 1036 2525 αἱρούμενος,
1096 2446 1130 2513 ἢ
1175 2447 1297 2510 τοὺς
1356 2447 1406 2510 ἐξ
1461 2443 1678 2522 Ἰσραὴλ
1736 2443 1864 2498 ἀπί-

216 2560 380 2601 στους
441 2535 541 2602 ἔξω
597 2536 693 2604 τῆς
757 2542 848 2592 τοῦ
895 2538 1122 2612 Χριστοῦ
1179 2538 1392 2591 κεῖσθαι
1469 2533 1703 2611 μερίδος,
1777 2534 1864 2587 καὶ

212 2631 322 2696 τὴν
359 2626 570 2702 ιαρδίαν
614 2626 668 2680 ἐν
696 2639 815 2689 τοῖς
859 2631 967 2681 τῶν
1010 2623 1189 2681 ἄλλων
1237 2624 1491 2698 ἐπυροῡτο
1522 2621 1860 2694 σκανδάλοις,

213 2716 484 2775 ἀλλὰκαὶ
541 2716 700 2778 αὐτὸς
760 2713 910 2771 οὺδὲν
966 2714 1130 2782 ἧττον
1183 2712 1448 2794 πέφλεκτο
1481 2715 1546 2768 τὰ
1573 2711 1864 2789 σπλάγχνα

215 2816 289 2885 τῇ
345 2810 466 2880 περὶ
522 2813 611 2862 τὸν
659 2803 892 2872 πλησίον
949 2802 1169 2882 στοργῇ,
1206 2807 1293 2861 καὶ
1349 2809 1446 2870 τῆς
1494 2802 1602 2858 τῶν
1661 2806 1864 2857 πιστῶν

216 2900 609 2977 περιεκὲκαυτο
653 2895 948 2971 σωτηρίας,
1011 2896 1054 2950 εἰ
1104 2900 1180 2967 τῷ
1235 2893 1504 2949 πισττύειν
1535 2888 1676 2956 ἄξιος
1711 2891 1865 2953 αὐτὸς

221 2989 464 3064 ἐκεῖνος,
525 2986 716 3042 οὑτωσὶ
787 2984 959 3062 λέγων
1027 2986 1084 3038 ἓν
1137 2989 1213 3057 τῷ
1271 2983 1440 3054 ἠθικῷ
1486 2980 1582 3048 τῆς
1645 2979 1698 3035 ἐν
1741 2991 1863 3042 ταῖς

223 3075 456 3156 Πράξεσι
512 3077 944 3151 τεσσαρακοστῆς
988 3072 1245 3150 τετάρτης
1285 3070 1495 3146 ὁμιλίας
1531 3088 1545 3104 ⁶

227 3190 368 3245 μην,
402 3167 446 3221 εί
495 3165 618 3222 οἶόν
648 3185 727 3240 τε,
761 3164 880 3239 ὄψει
915 3165 1049 3240 αὐτῇ
1079 3163 1180 3229 την
1209 3161 1425 3240 ἀγάπην
1437 3207 1448 3234 ,
1483 3161 1549 3226 ἣν
1581 3160 1697 3237 περὶ
1729 3159 1866 3232 ὑμᾶς

225 3259 374 3337 ἔχω,
454 3253 826 3320 ἐπιδείξασθαι.
909 3250 1067 3312 Οὗδέν
1145 3253 1246 3330 γαρ
1304 3251 1422 3323 ἐμοὶ
1495 3248 1867 3337 παθεινοτερον

227 3336 406 3424 ὑμῶν,
464 3342 581 3401 οὐδὲ
638 3353 794 3402 τοῦτο
840 3343 900 3398 τὸ
949 3343 1084 3422 φῶς,
1156 3341 1412 3420 Μυριάκις
1469 3340 1570 3418 γὰρ
1599 3336 1866 3416 ηὐξάμην,

226 3437 318 3494 καὶ
349 3436 416 3492 τὰ
446 3433 593 3500 ἑξῆς.

183 3769 185 3771 ,
229 3706 347 3770 hoc
379 3704 592 3767 liceret
617 3707 842 3762 vestras
867 3699 1100 3761 animas
1131 3701 1509 3792 convertere.
1535 3692 1712 3792 iisdem
1744 3691 1875 3792 ipsa

226 3797 367 3859 luce
399 3793 546 3856 mihi
581 3800 671 3853 est
698 3800 893 3852 vestra
923 3789 1084 3851 salus
1135 3783 1491 3867 jucundior.
1527 3782 1684 3855 Quid
1711 3782 1870 3843 enim

228 3881 798 3966 mejuvantsolares
823 3879 1003 3953 radii,
1039 3877 1301 3958 quando,
1340 3893 1471 3956 quae
1503 3881 1874 3966 propter-“vos

227 3962 732 4055 accipitur,animi
749 3969 1036 4049 aegritudo
1050 3967 1238 4028 oculis
1264 3966 1410 4026 meis
1425 3983 1482 4055 7m
1493 3981 1671 4041 agnas
1685 3962 1874 4055 offun-

229 4067 322 4128 dit
353 4049 683 4126 tenebras?
733 4063 859 4124 Lux
916 4059 1073 4120 enim
1128 4065 1268 4118 tunc
1300 4064 1391 4117 est
1421 4054 1600 4128 bona,
1635 4049 1873 4132 quando

233 4163 490 4236 apparet
523 4157 584 4213 in
615 4151 848 4213 laetitia.
907 4148 1185 4209 Animam
1235 4146 1420 4236 enim,
1454 4163 1586 4236 quae
1617 4158 1875 4236 maerore

236 4228 336 4308 est
361 4243 593 4317 affecta,
628 4241 865 4302 videtur
895 4237 1071 4300 etiam
1109 4235 1382 4296 molestia
1412 4232 1678 4295 afﬁcere.
1706 4228 1873 4302 Quod

234 4342 438 4397 autem
501 4350 618 4392 non
673 4329 958 4398 mentiar.
1013 4325 1167 4388 absit
1217 4324 1483 4405 quidem,
1518 4330 1582 4383 ut
1611 4337 1872 4398 unquam

237 4424 454 4488 faciam
488 4421 851 4503 periculum.
915 4417 1030 4481 Sed
1087 4417 1137 4476 si
1189 4413 1426 4510 quando
1459 4411 1776 4510 contigerit
1805 4427 1872 4470 ex

240 4512 407 4577 vobis
439 4500 690 4592 peccare
711 4510 970 4587 aliquem
983 4512 997 4575 ,’
1029 4505 1300 4568 accedite
1331 4503 1401 4565 ad
1436 4520 1532 4563 me
1563 4500 1876 4592 dormien—

241 4612 386 4668 tem:
412 4589 605 4664 sinon
630 4618 758 4661 sum
785 4597 1002 4659 similis
1023 4593 1386 4676 paralyticis:
1408 4592 1458 4653 si
1477 4608 1594 4652 non
1619 4589 1693 4650 iis
1717 4590 1816 4671 qui
1845 4608 1876 4650 a

241 4713 306 4757 se
329 4693 766 4755 discesserunt:
793 4695 852 4750 et
874 4694 938 4748 ut
959 4687 1153 4747 dicam
1177 4703 1313 4745 cum
1342 4681 1634 4762 propheta
1655 4677 1731 4737 46:
1769 4678 1875 4741 «Et

242 4783 446 4846 lumen
472 4780 784 4844 oculorum
810 4793 1108 4848 meorum,
1143 4772 1420 4851 etipsum
1467 4789 1586 4830 non
1619 4780 1707 4829 est
1743 4787 1873 4830 me-

244 4891 377 4936 cum
403 4890 417 4936 :
450 4897 469 4930 ι
499 4879 560 4934 et
589 4869 705 4931 nisi
721 4866 1024 4948 judicaret
1053 4863 1374 4944 quispiam,
1405 4879 1499 4921 me
1529 4876 1660 4921 esse
1689 4877 1873 4948 supra

246 4962 484 5025 modum
534 4947 923 5022 ambitiosum
975 4963 1036 5016 et
1067 4952 1264 5015 laudis
1295 4948 1606 5030 cupidum,
1640 4947 1877 5009 videres

246 5071 339 5115 me
361 5051 633 5133 quotidie
661 5049 858 5109 fontes
888 5045 1287 5133 lacrymarum
1321 5040 1694 5133 emittentem
1731 5061 1742 5096 :
1775 5040 1876 5133 ho.

241 5128 602 5206 rum—autem
640 5149 729 5200 est
762 5136 909 5198 mihi
959 5131 1200 5194 conscia
1225 5129 1588 5192 domuncula
1637 5137 1696 5190 et
1727 5128 1875 5190 soli-

246 5234 407 5295 tudo.
468 5229 708 5294 Credite
761 5227 920 5289 enim
976 5222 1147 5291 mihi,
1197 5238 1366 5300 spem
1399 5219 1640 5300 quidem
1675 5217 1874 5298 abjeci

243 5340 390 5384 mea;
420 5319 633 5382 salutis
667 5335 681 5380 :
716 5315 856 5377 dum
903 5329 1042 5374 vero
1091 5318 1287 5371 vestra
1319 5309 1533 5386 deﬂeo,
1572 5327 1872 5388 nunquam

241 5422 326 5474 est
357 5409 506 5471 mihi
566 5411 752 5470 otium
810 5421 943 5466 mea
995 5399 1148 5461 mala
1206 5397 1493 5460 deﬂendi.
1529 5395 1695 5457 Adeo
1733 5398 1878 5460 mihi

1607 3067 1864 3126 Ἐϐουλό-
1887 3110 1927 3160 C

1950 1839 2083 1882 cum
2113 1829 2531 1902 tenere,quam
2559 1825 2876 1904 praecepti?
2896 1825 3256 1888 Charitatem
3289 1845 3592 1906 vero,quae

1949 1920 2035 1970 est
2057 1917 2318 1972 omnium
2347 1919 2620 1974 virtutum
2647 1920 2897 1975 maxime
2923 1920 3101 1990 regia,
3136 1921 3267 1990 quis
3289 1919 3384 1977 illo
3409 1922 3592 1993 magis

1949 1998 2166 2059 amavit
2196 2007 2298 2060 aut
2351 1999 2638 2078 laudavit,
2673 2010 2736 2064 ut
2771 2001 3080 2064 dubitetur
3107 2002 3379 2082 majorne
3412 2003 3592 2066 fuerit

1950 2087 2319 2162 laudatio,an
2343 2091 2474 2169 ejus
2493 2091 2553 2151 in
2577 2109 2706 2153 eam
2733 2099 2934 2155 amor?
2957 2091 3099 2164 Quis
3121 2103 3211 2155 est
3249 2093 3410 2154 enim
3441 2094 3592 2157 adeo

1951 2177 2126 2256 plane
2155 2177 2308 2256 lapis
2338 2188 2438 2241 aut
2470 2180 2630 2242 ferro
2654 2179 2714 2242 in
2737 2182 2921 2242 corde
2945 2181 3319 2262 frigidior,ut
3341 2184 3592 2246 audiens

1950 2265 2082 2345 ejus
2116 2267 2190 2326 de
2225 2266 2323 2328 illa
2355 2269 2682 2343 orationes,
2720 2289 2836 2331 non
2893 2273 2992 2331 ﬁat
3047 2271 3205 2333 mitis
3256 2281 3315 2336 et
3355 2275 3582 2350 hilaris,

1951 2364 2009 2415 et
2031 2353 2102 2415 ad
2138 2355 2523 2418 dilectionem
2560 2357 2817 2438 proximi
2849 2363 3165 2440 excitetur,
3192 2370 3247 2422 et
3270 2380 3389 2423 non
3420 2361 3588 2426 Pauli

1949 2460 2296 2522 expressam
2356 2445 2612 2525 efﬁgiem
2670 2457 2839 2528 putet
2885 2466 3018 2510 esse
3077 2448 3243 2511 illius
3276 2451 3588 2516 animam?

1951 2534 2115 2605 Quod
2138 2533 2187 2594 si
2212 2535 2435 2597 Paulus
2461 2537 2779 2617 optavit“,
2807 2549 2866 2600 ut
2897 2539 2985 2600 vel
3021 2558 3053 2599 a
3098 2540 3272 2601 bonis
3304 2561 3437 2622 quae
3466 2542 3590 2606 illic

1948 2633 2111 2698 sunt,
2146 2623 2461 2687 excideret
2495 2644 2508 2689 :
2544 2637 2605 2688 et
2635 2636 2841 2708 aperte
2873 2629 3233 2703 ostendit,se
3265 2631 3378 2693 hoc
3403 2633 3592 2712 magis

1947 2713 2127 2788 velle,
2157 2733 2331 2794 quam
2394 2734 2496 2776 eos
2554 2717 2658 2795 qui
2721 2726 2859 2778 sunt
2920 2736 2988 2779 ex
3018 2718 3226 2794 Israel,
3259 2739 3391 2783 esse
3422 2730 3591 2786 extra

1952 2810 2179 2882 partem
2206 2803 2450 2866 Christi:
2483 2815 2540 2866 et
2565 2805 2620 2866 ei
2645 2824 2748 2866 cor
2770 2807 3016 2868 omnino
3038 2808 3589 2874 urebaturaliorum

1951 2891 2388 2954 offensionibus
2423 2913 2438 2954 :
2474 2893 2605 2974 ipse
2637 2913 2877 2975 quoque
2906 2897 3170 2960 Joannes
3201 2898 3592 2964 nihilominus

1949 2982 2436 3044 inﬂammabatur
2489 3001 2698 3046 amore
2750 2984 2809 3046 in
2862 2985 3219 3064 proximum,
3256 2999 3314 3051 et
3341 2989 3592 3056 fratrum

1952 3071 2161 3132 salutis
2185 3071 2834 3148 ardebatdesiderio,si
2853 3074 2940 3136 illi
2961 3075 3074 3156 ipsi
3089 3079 3589 3160 estcredendum,

1951 3160 2014 3220 in
2044 3160 2256 3221 morali
2277 3162 2352 3222 Ἡ
2377 3162 2436 3222 in
2462 3163 2647 3224 Actus
2677 3163 2922 3225 homilia
2942 3166 3031 3227 sic
3055 3166 3300 3229 dicenti:
3331 3167 3590 3248 Vellem,

1953 3250 2003 3310 si
2037 3249 2168 3310 ﬁeri
2203 3261 2426 3330 posset,
2475 3253 2689 3314 vestris
2724 3253 2913 3314 oculis
2945 3257 3284 3335 ostendere,
3320 3279 3497 3340 quam
3529 3263 3594 3325 in

1953 3357 2055 3401 vos
2088 3339 2282 3401 habeo
2316 3341 2701 3406 charitatem.
2737 3344 2899 3406 Nihil
2928 3353 3020 3406 est
3045 3348 3204 3408 enim
3251 3349 3395 3411 mihi
3427 3353 3594 3416 vobis

1949 3429 2284 3522 jucundius
2315 3439 2373 3493 et
2403 3431 2888 3522 desiderabiliu_s,
2924 3453 3001 3496 ne
3033 3435 3159 3499 haec
3189 3438 3314 3518 ipsa
3349 3441 3588 3522 quidem

1957 3529 2076 3579 tux.
2117 3519 2328 3581 Millies
2358 3521 2517 3582 enim
2552 3519 2983 3604 optarem’ipse
3006 3542 3142 3588 esse
3172 3519 3386 3602 caecus,
3411 3534 3460 3592 si
3487 3550 3596 3612 per

1956 3686 2180 3784 gaudio
2217 3707 2350 3752 mea
2382 3690 2538 3784 mala
2565 3710 2683 3784 non
2717 3693 2934 3784 sentio.
2971 3692 3033 3757 Si
3057 3695 3260 3760 videro
3297 3718 3414 3762 non
3446 3721 3595 3784 pro-

1957 3778 2298 3858 ﬁcere,pra2
2321 3779 2508 3840 animi
2535 3782 2886 3860 aegritudine
2916 3801 3126 3848 rursus
3151 3806 3282 3849 mea
3308 3778 3546 3856 dimitto
3577 3815 3591 3858 :

1958 3876 2018 3927 ut
2043 3868 2144 3947 qui
2178 3869 2344 3929 laetus
2377 3871 2488 3931 sim
2517 3873 2728 3933 vestris
2760 3874 2956 3946 bonis,
2990 3875 3102 3937 etsi
3157 3878 3307 3940 mala
3340 3881 3595 3945 habeam

1956 3956 2442 4022 innumerabilia:
2472 3961 2656 4022 tristis
2680 3971 2878 4024 autem
2913 3975 3160 4044 propter
3190 3976 3386 4031 vestra
3416 3973 3594 4050 mala,

1958 4053 2181 4108 etiamsi
2211 4056 2658 4113 innumerabilia
2683 4057 2796 4113 sint
2821 4058 2962 4114 mihi
2987 4069 3136 4116 recte
3153 4060 3598 4132 facta.Quaenam

1958 4138 2118 4198 enim
2148 4138 2320 4199 nobis
2344 4149 2436 4200 est
2454 4142 2671 4221 spes,si
2689 4161 2788 4202 vos
2802 4161 2921 4203 non
2945 4144 3597 4224 proﬁciatis?Quaenam

1957 4235 2153 4286 autem
2187 4229 2445 4302 tristitia,
2482 4232 2529 4290 si
2556 4249 2658 4291 vos
2684 4239 2848 4293 recte
2880 4232 3135 4310 geratis?
3181 4235 3242 4296 In
3276 4237 3459 4298 altum
3493 4258 3602 4301 ex-

1961 4316 2086 4376 tolli
2112 4317 2586 4396 videor,quando
2601 4321 2827 4402 aliquid
2846 4321 2987 4383 boni
3013 4322 3085 4384 de
3105 4324 3272 4386 vobis
3295 4326 3600 4393 audivero.

1958 4404 2210 4487 lmplete
2235 4409 2514 4484 gaudium
2540 4429 2760 4473 meum:
2786 4411 2962 4473 liceat
2986 4413 3148 4475 \obis
3167 4416 3420 4478 salutem
3446 4437 3603 4481 asse-

1960 4497 2085 4576 qui,
2123 4516 2217 4557 me
2276 4506 2471 4560 autem
2536 4508 2778 4580 propter
2830 4518 2935 4562 vos
2965 4502 3221 4567 reddere
3253 4508 3544 4570 rationem
3585 4529 3600 4574 :

1902 4594 1937 4647 D
1960 4585 2125 4647 vobis
2149 4587 2277 4648 dari
2306 4590 2580 4664 salutem,
2603 4608 2695 4652 me
2721 4608 2860 4652 vero
2885 4594 3176 4668 accusari,
3203 4597 3360 4676 quod
3399 4617 3599 4660 meum

1961 4694 2175 4738 munus
2205 4697 2320 4738 non
2345 4678 2886 4760 impleverim.Non
2916 4681 3074 4743 enim
3103 4694 3344 4757 curo,ut
3367 4705 3476 4768 per
3505 4707 3601 4751 me

1958 4765 2101 4827 salvi
2133 4767 2285 4843 sitis,
2317 4770 2418 4829 sed
2453 4775 2515 4828 ut
2547 4768 2740 4828 solum
2771 4769 2915 4831 salvi
2945 4770 3098 4847 sitis,
3127 4765 3482 4856 quacunque
3512 4795 3605 4838 ra-

1959 4857 2143 4918 tione.
2178 4856 2300 4918 Hoc
2335 4858 2528 4918 solum
2563 4857 2622 4918 in
2649 4869 2846 4919 votum
2877 4862 3129 4942 contuli,
3153 4865 3307 4946 quod
3339 4874 3600 4927 vestrum

1962 4947 2292 5026 profectum
2326 4947 2800 5024 desidero,quod
2833 4969 2933 5010 vos
2955 4953 3281 5034 amo,quod
3308 4972 3409 5016 vos
3440 4973 3606 5017 com-

1964 5035 2208 5115 plector,
2246 5037 2403 5126 quod
2439 5056 2539 5097 vos
2572 5037 2714 5099 estis
2748 5039 2890 5100 mihi
2925 5041 3151 5122 omnia,
3217 5052 3273 5105 et
3312 5053 3508 5126 pater,
3545 5053 3606 5107 et

1963 5133 2241 5199 mater,et
2271 5125 2574 5197 fratres,et
2606 5127 2710 5188 ﬁlii
2740 5149 2752 5191 :
2784 5137 2842 5188 et
2869 5128 2918 5190 si
2955 5129 3163 5192 liceret
3196 5152 3300 5194 cor
3332 5145 3604 5197 nostrum

1957 5231 2263 5296 rumpere,
2301 5224 2358 5276 et
2391 5215 2561 5277 vobis
2590 5217 2873 5278 omnibus
2925 5219 3265 5296 ostendere,
3323 5224 3607 5287 videretis

1957 5303 2019 5365 in
2053 5323 2269 5382 magna
2300 5305 2616 5368 latitudine
2648 5307 2812 5368 intus
2849 5325 2981 5370 esse
3014 5317 3071 5370 et
3103 5329 3319 5373 uxores
3369 5322 3426 5375 et
3450 5314 3607 5376 filios

1963 5406 2019 5484 et
2051 5396 2315 5458 maritos.
2351 5395 2662 5476 Ejusmodi
2696 5397 2853 5458 enim
2910 5405 3003 5460 est
3051 5398 3239 5463 virtus
3268 5401 3603 5484 charitatis,

243 5501 443 5567 omnia
470 5518 576 5563 vos
628 5497 794 5562 estis.
850 5493 915 5560 Si
970 5508 1218 5556 sensero
1274 5507 1378 5551 vos
1411 5487 1724 5569 prolicere,
1762 5506 1883 5569 prae
1963 5478 2234 5567 facitque
2265 5485 2525 5551 animam
2556 5485 2647 5548 vel
2681 5486 2832 5550 coelo
2865 5486 2994 5569 ipso
3025 5488 3323 5554 latiorem.

322 5612 383 5664 15
409 5607 584 5676 Rom.
621 5624 686 5686 ιι,
722 5604 760 5668 3
793 5628 809 5682 ;
842 5602 894 5667 II
924 5600 1060 5667 Cor.
1092 5618 1135 5679 ι,
1167 5599 1227 5662 6.

1315 5595 1374 5648 ιϐ
1399 5593 1552 5662 Psal.
1585 5609 1768 5674 xxvii,
1806 5597 1902 5660 11.
