3996 6178
427 226 578 295 1095

506 361 776 428 ΧΧῊωο
805 372 1000 426 autem
1033 379 1154 426 non
1187 364 1379 426 solum
1412 363 1668 428 faciebat
1697 365 1758 427 in
1790 365 1937 428 urbe
1960 383 2061 430 re-
2084 374 2122 424 Α

423 456 752 536 gia,neque
774 472 878 517 eos
898 453 1059 517 solos
1077 454 1397 516 exercebat
1414 455 1485 515 ad
1519 456 1935 529 virtutem,sed
1963 474 2071 536 per

426 563 666 606 omnem
687 552 906 606 terram
929 543 1448 616 extendebatur,et
1465 544 1550 605 illi
1573 563 1732 608 curae
1750 556 1924 608 erant
1946 564 2070 607 om-

420 653 532 696 nes
555 631 850 700 ecclcsiaa.
887 631 1135 713 ejusque
1162 651 1320 694 curm
1363 652 1517 695 unus
1537 633 1672 694 ﬁnis
1697 643 1868 696 erant
1895 643 2072 696 terrae

426 722 690 784 termini.
723 721 938 784 Joanni
991 725 1152 784 enim
1206 741 1365 785 cum
1403 742 1521 785 non
1555 732 1725 785 erant
1757 742 1978 786 mensa:
2009 731 2069 785 6t

429 811 944 892 epolae',agrosque
977 811 1376 892 possidere,et
1406 831 1724 875 crumenas
1743 813 2070 894 replere,et

425 902 476 962 si
505 901 645 981 quid
681 908 771 962 est
799 900 984 976 aliud,
1021 917 1276 977 quorum
1330 901 1528 965 studio
1561 903 1770 982 vulgus
1802 910 2063 978 tenetur,

425 991 528 1050 sed
563 988 675 1049 hoc
710 997 839 1048 erat
871 987 926 1048 ei
959 1007 1127 1064 cura,
1165 1007 1296 1068 quae
1326 990 1623 1070 exstingui
1655 1009 1775 1052 non
1806 999 2064 1070 poterat,

425 1087 485 1138 et
505 1075 726 1137 ossium
753 1075 912 1138 tinea
936 1079 1494 1160 mstrumque,quod
1524 1080 1654 1159 ejus
1679 1099 1783 1142 cor
1807 1080 2064 1155 subibat,

427 1173 777 1246 perpetuum
803 1168 935 1245 ejus
957 1166 1179 1228 bellum
1207 1168 1495 1230 adversus
1518 1170 1750 1231 hostem
1772 1177 2064 1244 nostrum,

426 1263 486 1317 et
516 1263 578 1315 ut
607 1260 732 1316 suis
760 1255 834 1316 ad
867 1274 975 1316 nos
1006 1256 1403 1333 orationibus,
1434 1266 1493 1318 et
1520 1259 1938 1338 frequentibus
1968 1258 2069 1320 ad-

429 1344 866 1406 monitionibus
883 1357 1119 1408 arceret
1141 1347 1270 1426 ejus
1288 1347 1632 1427 insidias,et
1655 1348 1910 1409 insultus
1937 1368 2069 1428 pro-

431 1434 692 1508 hiberet,
725 1442 784 1495 et
818 1444 1102 1514 quantum
1136 1436 1374 1516 quidem
1413 1436 1487 1498 ad
1520 1437 1716 1518 ipsum
1751 1445 2066 1518 spectaret,

432 1522 664 1584 nullum
698 1523 930 1585 sineret
959 1542 1026 1585 ex
1061 1524 1305 1599 vocatis,
1343 1545 1459 1586 non
1495 1544 1565 1586 ex
1623 1526 1718 1600 iis,
1785 1530 1900 1607 quia
1932 1537 2072 1590 tunc

429 1619 622 1685 erant,
651 1631 768 1673 non
799 1630 866 1674 ex
892 1613 1096 1694 iis,qui
1121 1614 1649 1695 postea,excidere
1681 1634 1713 1675 a
1739 1622 1899 1678 sorte
1921 1617 2074 1678 elec—

432 1711 720 1776 torum,et
743 1721 875 1763 esse
907 1690 1094 1782 partis
1116 1690 1656 1784 sinistraa.Propter
1675 1706 1805 1766 haec
1835 1724 2072 1768 sermo-
2097 1690 2134 1739 Β

431 1809 537 1852 nes
561 1800 848 1871 perpetuo
875 1791 1132 1854 habebat
1156 1801 1214 1854 et
1246 1793 1586 1868 docebat,et
1607 1813 1909 1875 nunquam
1935 1814 2072 1858 ces-

432 1879 609 1942 sabat
625 1880 847 1942 diserta
867 1882 969 1944 illa
987 1893 1044 1943 et
1067 1883 1365 1945 modulata
1386 1883 1590 1963 lingua
1613 1893 1847 1946 nostras
1870 1887 2073 1947 incan-

435 1977 560 2029 tare
577 1970 1164 2051 animas.Propterea
1181 1981 1322 2034 sunt
1338 1971 1599 2052 pulchrae
1623 1973 1740 2034 illae
1753 1973 2071 2036 verborum

431 2055 1235 2132 Sirenes,innumerabilium
1263 2060 1408 2123 illud
1436 2080 1600 2123 mare
1623 2061 2076 2136 bonorum,ani-

435 2166 665 2209 marum
693 2149 1205 2230 lautissimm,quaa
1224 2153 1498 2213 consumi
1520 2153 1770 2215 minime
1799 2162 2070 2235 possunt,

433 2237 648 2319 epulae,
658 2239 829 2319 panis
855 2241 1461 2320 angelorum,mensae
1492 2243 1669 2304 totius
1692 2242 1876 2306 orbis.
1904 2242 2072 2317 Quod

435 2330 486 2390 si
508 2328 686 2409 ii,qui
710 2329 1134 2392 alimentorum
1159 2330 1475 2394 sensilium
1501 2351 1704 2394 curam
1732 2342 2070 2412 gesserunt,

437 2437 568 2500 quae
600 2427 848 2500 possunt
907 2419 1085 2502 longo
1123 2428 1392 2502 tempore
1420 2422 1700 2485 sufﬁcere
1733 2423 2072 2499 egentibus,

434 2529 564 2591 quae
591 2510 894 2591 appellare
941 2511 1138 2572 solent
1165 2509 1650 2588 Gerontocomia,
1688 2513 1802 2593 ipsi
1831 2513 2072 2576 exsisti-

437 2607 601 2661 mant
624 2619 687 2662 se
717 2617 867 2680 opus
898 2599 1112 2663 fecisse
1135 2600 1317 2664 laude
1342 2601 1675 2680 dignum,et
1694 2602 1772 2663 ita
1797 2611 2076 2682 reputan-

435 2695 530 2750 tur
560 2688 632 2750 ab
663 2689 818 2752 aliis:
849 2690 946 2770 qui
981 2690 1093 2751 hoc
1126 2691 1474 2752 diuturnum
1503 2698 1559 2752 et
1590 2709 1949 2772 permanens
1971 2711 2078 2754 nu-

438 2778 2078 2860 trimentum,suavissimas,inquam,orationes,assidue

439 2867 880 2947 suppeditabat,
915 2876 977 2928 ut
1010 2886 1129 2929 non
1159 2869 1350 2929 solum
1378 2887 1514 2931 cum
1549 2882 1706 2932 esset
1746 2879 2074 2950 superstes,

437 2955 544 3019 sed
576 2956 756 3017 etiam
793 2975 926 3018 cum
958 2975 1198 3019 sursum
1234 2965 1394 3020 esset
1425 2958 1767 3038 translatus,
1803 2960 2078 3024 sitientes

435 3044 721 3122 impleret
748 3045 1068 3122 animas,et
1095 3047 1463 3110 inevitabilia
1493 3066 1600 3129 per
1627 3051 1784 3128 ipsas
1813 3049 2135 3113 solveretC

437 3134 693 3210 vincula,
721 3143 780 3197 et
808 3154 840 3198 a
879 3155 1055 3198 manu
1089 3139 1319 3218 tyranni
1349 3138 1608 3218 captivas
1629 3137 1915 3202 liberaret
1936 3140 2075 3202 ani-

436 3241 586 3298 mas,
617 3231 675 3286 et
701 3225 801 3307 iis,
835 3226 938 3307 qui
971 3225 1114 3288 salvi
1143 3225 1365 3288 ﬁebant
1393 3245 1670 3306 magnam
1704 3229 1945 3291 afferret
1973 3248 2077 3291 ac-

434 3313 906 3398 cessionemzqui
934 3316 1060 3379 haec
1082 3315 1322 3379 abunde
1348 3317 1724 3398 praebebatet
1749 3317 2079 3380 liberaliter

435 3416 496 3466 et
519 3405 580 3467 in
611 3406 962 3470 universum
1013 3417 1247 3488 tempus
1279 3407 1393 3469 hoc
1434 3407 1656 3469 donum
1689 3406 2076 3485 extendebat,

435 3514 757 3573 quamnam
793 3498 1054 3578 potuerit
1113 3497 1352 3580 assequi
1405 3497 1693 3578 linguam,
1732 3514 1864 3578 quae
1895 3496 1951 3558 ei
1982 3496 2077 3559 di-

435 3603 610 3664 gnam
632 3593 907 3650 contexat
934 3587 1370 3649 laudationem?
1393 3588 1519 3649 Imo
1541 3605 1685 3649 vero
1703 3604 1992 3667 quasnam
2023 3594 2082 3648 et

443 3684 588 3755 quot
617 3674 878 3755 linguas?
907 3674 1024 3739 Sed
1060 3677 1158 3737 tali
1189 3675 1433 3756 quidem
1464 3676 1663 3738 anima
1693 3683 1754 3737 et
1784 3676 1984 3754 lingua
2006 3696 2081 3739 ne

441 3765 574 3841 ipse
629 3764 876 3843 quidem
935 3772 1025 3826 est
1080 3764 1298 3844 dignus
1325 3765 1682 3846 mundus,ut
1709 3765 1903 3828 (licam
1943 3783 2077 3829 cum

443 3852 642 3914 divino
675 3853 860 3916 Paulo
891 3851 1142 3926 ".Quod
1165 3861 1362 3915 autem
1396 3872 1517 3916 non
1548 3855 1588 3916 ii
1619 3855 1754 3931 soli,
1786 3856 1887 3937 qui
1910 3856 2080 3918 habi-

443 3941 644 4005 tabant
667 3943 1364 4024 Constantinopolim,illi
1402 3951 1605 4006 essent
1635 3946 1931 4022 curae,sed
1955 3964 2076 4008 om-

439 4049 550 4094 nes
576 4031 887 4114 fere,quos
902 4033 992 4094 sol
1028 4035 1312 4107 intuetur,
1339 4034 1480 4096 hinc
1513 4043 1681 4114 potes
1711 4035 2074 4114 intelligere.

441 4124 585 4186 Cum
614 4121 1010 4186 intellexisset
1030 4121 1400 4187 Phoeniciam
1434 4122 1773 4186 simulacris
1801 4125 1999 4187 adhuc
2021 4134 2080 4187 et

441 4212 817 4276 daemonibus
847 4221 907 4276 et
935 4212 1242 4275 sceleratis
1267 4212 1504 4292 templis
1527 4230 1660 4276 esse
1685 4211 2080 4289 deditam,re—

441 4303 594 4378 giam
615 4321 854 4365 manum
878 4302 1110 4365 habens
1132 4301 1580 4382 adjutricem,et
1605 4321 1877 4383 magnam
1902 4304 2074 4366 aliam

1721 226 2003 296 MENSIS
2039 223 2494 298 IANUARIUS.

3702 227 3827 299 1096

2231 366 2323 430 ις’,
2362 369 2537 424 Ταὖτα
2581 365 2636 422 δὲ
2668 370 2766 425 οὐκ
2794 366 2849 422 ὲν
2879 367 3021 442 μόνῃ
3052 372 3122 443 τῇ
3174 364 3438 442 βασιλίδι
3491 371 3617 420 τῶν
3647 365 3831 422 πόλεως

2149 459 2363 535 ὑπῆρχε
2421 461 2616 530 ποιῶν,
2709 455 2828 513 οὒδὲ
2912 457 3127 518 τούτονς
3198 455 3423 530 μόνους
3497 452 3671 521 ἤσκει

2150 547 2368 624 ἀρετὴν,
2417 543 2555 600 ἀλλὰ
2603 547 2691 602 καὶ
2725 545 3010 625 πανταχοῦ
3043 551 3146 622 γῆς
3207 545 3576 623 ἐξετείνετο,
3641 547 3837 602 καὶτῶ

2150 634 2454 700 ἐκκλησιῶν
2515 633 2706 708 ἔμελλε
2773 636 2944 707 τούτῳ
2974 639 3186 707 πασῶν,
3233 637 3329 691 καὶ
3397 634 3552 713 ὅρος
3613 634 3684 700 ἦν
3729 635 3843 708 αὖτῷ

2149 724 2246 790 τῆς
2296 721 2587 802 φροντίδος,
2663 726 2728 780 τὰ
2808 729 2909 789 τῆς
2993 729 3097 800 γῆς
3184 746 3446 802 “spata.
3523 721 3705 780 0.33:3,

2149 813 2336 884 ὲκείνῳ
2387 812 2551 887 μέλον
2621 815 2878 891 τράπεζαι
2931 815 3022 869 καὶ
3075 812 3444 891 φιλοτησίαι,
3527 815 3636 869 καὶ
3696 813 3846 890 ἀγρῶν

2150 900 2392 974 κτήσεις,
2458 903 2541 957 ιιαὶ
2596 901 2892 978 βαλαντίων
2945 901 3257 979 ἀδρότητες,
3292 905 3404 959 καὶ
3453 903 3522 957 εἴ
3559 925 3621 959 τι
3667 902 3847 978 ἕτερον,

2152 992 2258 1048 τῶν
2316 1004 2434 1055 τοῖς
2509 989 2737 1053 πολλοῖς
2811 991 3052 1064 ἐκθύμως
3113 990 3657 1071 σπουδαζομένων,
3736 991 3850 1049 ἀλλὰ

2152 1080 2308 1137 τοῦτο
2338 1080 2403 1147 ἧν
2435 1080 2578 1154 αὐτῷ
2608 1083 2667 1136 τὸ
2704 1080 2790 1137 διὰ
2821 1082 3001 1148 πάσης
3033 1080 3298 1159 ἀγόμενον
3344 1089 3479 1147 τῆς
3548 1081 3848 1158 φροντίδος,

2153 1170 2240 1226 καὶ
2276 1170 2474 1225 ὀστέων
2504 1170 2629 1248 σὴς,
2659 1172 2748 1226 καὶ
2780 1171 2939 1245 μύωψ
2986 1172 3058 1233 είς
3117 1170 3333 1248 καρδίαν
3382 1169 3849 1248 παραδυόμενος,

2153 1259 2240 1314 καὶ
2323 1259 2564 1336 φλογμὸς
2637 1257 2920 1332 ἄσϐεστος,
3003 1258 3090 1338 ὑφ’
3146 1261 3208 1316 οὗ
3283 1264 3479 1318 νύκτα
3587 1260 3699 1316 καῖ
3759 1260 3853 1334 μεθ’

2153 1347 2356 1424 ἡμέραν
2416 1347 2719 1426 ἐπίμπρατο
2807 1349 2903 1415 τὴν
2981 1352 3190 1430 ψυχὴν,
3263 1353 3292 1406 6
3375 1351 3546 1427 πρὸς
3614 1353 3722 1406 τὸν
3785 1357 3858 1406 τοῦ

2154 1437 2348 1515 ἐχθροῦ
2403 1438 2521 1493 καθ’
2579 1441 2733 1509 ἡμῶν
2792 1437 3028 1512 πόλεμον
3087 1439 3358 1502 ἄπαυστος
3440 1443 3644 1496 αὐτοῦ
3720 1439 3860 1495 πόλι

2156 1548 2278 1598 μος,
2314 1527 2401 1582 καὶ
2432 1526 2524 1580 ἵνα
2563 1540 2683 1584 τοῖς
2714 1529 2844 1602 πρὸς
2879 1529 3023 1600 ἡμᾶς
3057 1525 3239 1604 λόγοις
3285 1529 3380 1583 καὶ
3420 1541 3582 1591 ταῖς
3643 1540 3859 1589 πυκναῖς

2156 1615 2525 1692 παραίνέσεσιν
2587 1615 2791 1692 εἵργειν
2845 1619 2988 1688 αὐτῷ
3048 1618 3142 1682 τὰς
3197 1615 3528 1677 ἐπιϐουλὰς
3595 1617 3747 1695 ’ἐχ-ῃ,
3791 1620 3860 1672 καὶ

2157 1703 2409 1770 διωθῆναι
2457 1705 2556 1771 τὴν
2602 1704 2814 1783 ἔφοδον,
2866 1707 2979 1778 καὶ,
3013 1705 3074 1761 τό
3103 1727 3166 1783 γε
3196 1707 3270 1768 εἷς
3302 1706 3494 1762 αὐτὸν
3536 1709 3729 1785 ἧκον,
3762 1729 3862 1779 μη-

2157 1791 2278 1849 δένα
2309 1799 2416 1850 τῶν
2472 1793 2688 1860 κλητῶν
2719 1795 2796 1868 μὴ
2827 1800 2933 1851 τῶν
2976 1796 3123 1868 τότε,
3158 1797 3236 1868 μὴ
3293 1802 3410 1852 τῶν
3473 1797 3569 1857 εἰς
3622 1794 3859 1873 ὕστερον,

2157 1881 2258 1946 ἔξω
2306 1891 2400 1940 τοῦ
2464 1889 2570 1938 τῶν
2641 1882 2908 1939 ἐκλεκτῶν
2964 1883 3164 1961 κληρου
3243 1884 3380 1960 ἐάσῃ
3450 1899 3715 1961 πεσενν,
3792 1888 3865 1938 καὶ

2156 1976 2253 2038 τῆς
2305 1971 2584 2051 ἀριστερᾶς
2645 1971 2886 2050 γενέσθαι
2950 1973 3183 2051 μερίδος.
3234 1973 3336 2028 Διὰ
3392 1973 3608 2030 ταῦτα
3643 1976 3705 2028 αἱ
3737 1995 3851 2030 συν·

2157 2074 2312 2140 εχετς
2366 2063 2508 2134 αὐτῷ
2546 2062 2754 2136 ὁμιλίαι
2812 2063 2901 2118 καὶ
2949 2061 3188 2141 διδαχαὶ,
3253 2064 3352 2119 καί
3412 2064 3496 2119 τὸ
3570 2059 3858 2136 μηδέποτε

2157 2149 2347 2228 λήγειν
2398 2152 2500 2218 τὴν
2531 2151 2751 2208 εῧλαλον
2796 2151 3004 2219 ἐκείνην
3049 2151 3293 2230 γλῶτταν
3324 2154 3416 2209 καὶ
3461 2150 3704 2226 ᾠδικήν
3751 2152 3846 2208 τῶν

2157 2239 2433 2318 ἡμετέρων
2481 2245 2676 2319 ψυχῶν
2733 2239 3082 2314 κατᾴδουσαν.
3149 2241 3247 2297 Διὰ
3293 2248 3475 2297 ταῦνα
3537 2244 3600 2296 αἱ
3651 2239 3850 2296 πολλαί

2155 2335 2264 2386 τῶν
2321 2328 2496 2407 λόγων
2557 2331 2834 2409 Σειρῆνες,
2897 2330 2924 2385 ὅ
2974 2331 3079 2386 τῶν
3132 2331 3348 2407 ἀγαθῶν
3407 2333 3646 2409 σωρὸς,
3681 2332 3719 2398 ἡ
3749 2333 3843 2385 τῶν
3940 2403 3941 2408 η

2155 2422 2432 2494 θησαυρῶν
2474 2417 2736 2493 θάλασσα,
2799 2420 2850 2474 αἱ
2910 2424 3013 2474 τῶν
3087 2419 3280 2498 ψυχῶν
3340 2418 3646 2475 ἀδάπανοι
3711 2441 3841 2474 παν-

2158 2506 2376 2582 δαισίαι,
2410 2509 2438 2564 6
2482 2515 2589 2564 τῶν
2631 2507 2875 2586 ἀγγέλων
2920 2506 3102 2584 ἄρτος,
3148 2511 3200 2564 αἱ
3255 2509 3672 2582 οἷκουμενικαί
3718 2508 3834 2586 τρά-

2159 2604 2336 2668 πεζαι.
2374 2599 2431 2655 Εἰ
2488 2597 2542 2652 δὲ
2599 2599 2686 2653 καὶ
2737 2599 2782 2653 οἱ
2827 2603 3032 2677 τροφῶν
3082 2598 3331 2674 πρόνοιαν
3379 2600 3710 2671 οίσθτιτῶν,
3744 2602 3834 2652 τῶν

2160 2687 2246 2744 ἐπὶ
2277 2685 2409 2744 πολὺ
2439 2687 2531 2745 τοῦ
2579 2687 2776 2766 χρόνου
2834 2685 3067 2763 διαρκεῖν
3125 2685 3429 2760 δυναμένων
3490 2685 3715 2742 ἐνδεέσι
3758 2688 3828 2741 καί

2160 2777 2496 2850 πενομένοις,
2543 2775 2598 2830 ὲν
2628 2774 2832 2852 σπουδῇ
2869 2775 3101 2850 θέμενοι,
3163 2775 3197 2832 ἃ
3239 2773 3304 2842 δὴ
3335 2777 3426 2832 καὶ
3472 2786 3825 2855 γηροκομετα

2158 2863 2352 2922 καλεῖν
2415 2863 2552 2938 ἔθος,
2615 2863 2916 2930 ἀξιέπαινον
2961 2863 3113 2942 ἔργον
3171 2865 3257 2920 καὶ
3300 2863 3555 2921 ἐλπίδων
3633 2865 3821 2941 ἀγαθῶν

2159 2953 2405 3028 ἔμπλεων
2459 2955 2817 3022 πεποιηκότες
2876 2955 3003 3010 εἰσίν
3039 2973 3056 2991 ο
3122 2955 3150 3009 6
3207 2954 3306 3020 τὴν
3347 2957 3576 3034 τροφὴν
3643 2954 3818 3016 ταύτην

2159 3045 2258 3114 τὴν
2320 3043 2509 3123 διαρκῆ
2569 3046 2658 3102 καὶ
2715 3042 3008 3123 ἀδάπανον,
3079 3043 3200 3105 τοὺς
3261 3041 3451 3121 λόγους
3515 3045 3678 3122 φημὶ
3721 3042 3814 3101 τοὺς

2157 3133 2424 3212 ἠδίστους,
2483 3135 2737 3192 ἑκάστοτε
2795 3141 3077 3214 χορηγῶν,
3123 3134 3223 3200 τὴν
3274 3131 3558 3208 ἄψευστον
3625 3129 3818 3210 ἀμϐρο-

2158 3227 2299 3305 σίαν,
2329 3226 2391 3282 τὸ
2421 3225 2616 3292 ἀληθὲς
2658 3223 2870 3303 νέκταρ,
2929 3228 3014 3285 οἷς
3073 3223 3240 3302 ψυχαὶ
3293 3225 3572 3280 πεινῶσαι
3617 3221 3822 3278 διαιταν·

2158 3317 2248 3376 τὸς
2308 3313 2585 3394 τρέφονται
2656 3317 2743 3370 καὶ
2811 3312 3182 3390 κατάρδονται,
3249 3315 3338 3370 καὶ
3390 3317 3466 3390 γῆ
3519 3313 3688 3370 οὖσαι
3745 3311 3818 3365 καὶ

2161 3404 2294 3481 ξηρὰ
2348 3406 2437 3461 καὶ
2491 3401 2738 3478 ἄνικμος,
2799 3401 3127 3482 καρποφόροι
3202 3405 3318 3476 Θεῷ
3374 3402 3461 3460 διὰ
3536 3398 3819 3478 μετανοίας

2161 3493 2523 3566 καθίστανται,
2583 3495 2611 3548 6
2665 3493 2862 3560 ταύτης
2920 3499 3201 3570 τοιγαροῦν
3250 3493 3354 3558 τῆς
3413 3491 3632 3572 τροιρῆς
3691 3489 3814 3565 πρύ-

2160 3585 2328 3659 τανις,
2364 3585 2392 3638 6
2436 3581 2512 3656 μὴ
2562 3582 2752 3661 περιὼν
2795 3582 2982 3658 μόνον,
3028 3581 3167 3638 ἀλλὰ
3209 3583 3298 3639 καὶ
3341 3582 3430 3637 νῦν
3475 3589 3630 3658 μετὰ
3671 3578 3816 3638 τέλος

2161 3671 2394 3736 πολλοὺς
2456 3677 2560 3728 τῶν
2616 3671 3052 3752 πεφορτισμένων
3108 3671 3296 3745 ἀνιεὶς,
3373 3672 3464 3727 καὶ
3542 3669 3810 3749 τραύματα

2161 3768 2356 3842 ψυχῶν
2405 3761 2732 3840 θεραπεύων,
2793 3763 2882 3818 καὶ
2933 3759 3073 3817 λύων
3133 3758 3516 3840 αἰχμαλώτους
3574 3759 3677 3827 τῆς
3735 3777 3811 3812 τν-

2161 3852 2455 3930 ραννούσης
2501 3852 2710 3930 χειρὸς,
2771 3851 2872 3906 καὶ*
2916 3849 3127 3918 πολλὴν
3173 3851 3484 3929 προσθήκην
3529 3861 3654 3912 τοῖς
3698 3866 3800 3902 σω-

2160 3941 2403 4016 ζομένοις
2447 3938 2642 4014 διδοὺς,
2695 3943 2729 4007 ἡ
2774 3946 2937 3996 ταῦτα
2996 3938 3253 4006 διηνεκῶς
3295 3939 3526 3996 ἀνύουσα
3574 3936 3802 4015 γλῶττα,

2159 4031 2302 4095 τίνος
2360 4029 2422 4087 ἂν
2480 4031 2634 4109 τύχοὶ
2692 4027 2939 4107 γλώττης
2994 4029 3138 4094 ἄξιον
3187 4031 3318 4106 αὐτῇ
3369 4027 3676 4093 πλεκούσης
3716 4025 3796 4079 τὸν

2160 4121 2379 4178 ’ἐπαινον
2411 4140 2428 4200 ς
2463 4118 2668 4196 μᾶλλον
2699 4118 2755 4176 δὲ
2789 4123 2962 4176 ποίων
3013 4116 3114 4198 ἄρα
3155 4119 3243 4175 καὶ
3280 4119 3464 4176 πόσων
3498 4116 3751 4197 γλωσσῶν
3783 4129 3796 4184 ;

2160 4208 2279 4267 ἀλλ’
2310 4208 2448 4267 οὕτω
2477 4209 2575 4284 μὲν
2619 4210 2718 4277 τὴς
2776 4206 2986 4266 τοιᾶσδε
3043 4210 3131 4265 καὶ
3192 4213 3377 4289 ψυχῆς
3418 4211 3511 4265 καὶ
3553 4205 3785 4287 γλώσσης

2161 4298 2268 4356 οὐδ’
2325 4298 2482 4363 αὐτὸς
2535 4298 2678 4365 ἄξιος
2733 4301 2761 4356 6
2829 4300 3054 4378 κόσμος,
3101 4299 3237 4355 κατὰ
3295 4299 3386 4355 τὸν
3444 4302 3588 4356 θεῖον
3632 4295 3788 4350 εἰπεῖν

441 4410 705 4466 manum,
731 4392 832 4455 cui
860 4400 1261 4473 persuaserat,
1299 4401 1364 4453 ut
1393 4392 1453 4453 in
1490 4392 1549 4454 id
1577 4382 1733 4474 quod
1765 4395 2075 4474 oportebat

2165 4388 2516 4452 Ἀπόστολον.
2552 4387 2674 4447 ’Ὅτι
2706 4387 2760 4446 δὲ
2813 4390 2919 4467 οὐχ
2959 4390 3008 4444 οἱ
3049 4389 3149 4456 τὴν
3195 4389 3597 4446 Κωνσταντίνου
3637 4382 3778 4458 μόνον

437 4477 881 4560 impenderent,
917 4499 1122 4544 secum
1150 4481 1400 4557 ducens,
1437 4481 1804 4544 exsecranda
1833 4482 2076 4564 quidem

443 4568 543 4630 illa
572 4570 791 4652 templa
813 4571 978 4633 humi
1011 4571 1472 4634 evertit:eorum
1507 4579 1703 4633 autem
1735 4571 2081 4635 locosacras

443 4657 602 4720 mdes
621 4659 924 4737 excitat,et
948 4660 1216 4723 immittit
1238 4662 1587 4736 monachos,
1616 4661 1721 4742 qui
1753 4661 2077 4726 ferventem

441 4747 634 4810 zelum
665 4749 1113 4832 quodammodo
1139 4751 1472 4832 spirabant,
1495 4760 1550 4812 et
1581 4750 1761 4813 ﬁdem
1797 4752 2083 4814 tenebant

443 4839 670 4918 optime
700 4847 762 4902 et
789 4841 1267 4905 accuratissime.
1304 4840 1597 4902 Praeterea
1627 4859 1764 4902 cum
1795 4840 2083 4904 audiisset

442 4927 639 4992 Celtas
671 4928 1014 5010 implicatos
1040 4948 1174 4992 esse
1207 4929 1442 5009 laqueis
1472 4929 1804 5006 arianismi,
1841 4929 1940 4991 ille
1973 4931 2080 4993 ad-

442 5035 653 5079 versus
685 5019 1128 5101 improbitatem
1153 5029 1362 5082 contra
1385 5019 1473 5081 sic
1499 5018 1894 5082 machinatur:
1922 5038 2082 5101 pres-

442 5104 680 5186 byteros
713 5108 892 5170 simul
923 5117 980 5172 et
1011 5109 1321 5183 diaconos,
1358 5117 1416 5169 et
1447 5126 1569 5183 eos,
1607 5108 1712 5189 qui
1740 5107 1974 5171 divinos
2004 5111 2080 5173 li-

443 5194 584 5259 bro
617 5196 960 5280 legunt,qui
989 5198 1251 5261 similem
1286 5198 1529 5279 quidem
1555 5205 1614 5258 et
1636 5206 1947 5278 cognatam
1980 5200 2081 5261 ha-

443 5284 666 5348 bebant
721 5287 1006 5368 linguam,
1068 5305 1212 5349 sana
1267 5295 1464 5349 autem
1522 5293 1696 5349 erant
1745 5286 2079 5365 ﬁde,acci-

448 5375 708 5457 piens,et
728 5395 832 5440 eos
863 5377 1040 5440 veluti
1072 5377 1491 5458 quemdam,ut
1517 5375 1704 5454 aiunt,
1743 5385 2081 5456 magnetem

526 5568 578 5614 1"
605 5569 788 5636 Hebr.
826 5590 890 5650 ιι,
919 5574 1024 5638 38.

2161 4479 2430 4542 οἰκοῦντες
2491 4477 2676 4553 ἐκείνῳ
2734 4477 2980 4557 φραντίς,
3026 4476 3166 4535 ἀλλα
3225 4477 3420 4558 σχεδὸν
3470 4478 3668 4546 πάντες,
3699 4469 3772 4558 οὓς

2163 4572 2191 4626 6
2226 4566 2375 4635 ἥλιος
2406 4566 2588 4648 ἐφορᾷ·
2635 4555 3037 4636 τὴνήῷοινίκην
3093 4555 3297 4644 μαθὼν-
3335 4565 3572 4631 εἰδώλοις
3607 4563 3668 4618 ἔτι
3691 4555 3766 4612 καὶ

2164 4657 2376 4734 δαίμοσι
2435 4658 2524 4714 καὶ
2581 4669 2796 4735 μιαροῖς
2855 4668 3008 4719 ναοῖς
3065 4655 3543 4737 προσανέχουσαν,
3586 4650 3764 4710 ἐπίκου-

2165 4771 2252 4828 ρον
2310 4749 2417 4805 τὼν
2473 4745 2758 4824 βασιλικὴν
2811 4744 3029 4822 δύναμιν
3091 4743 3434 4825 προσλαϐὼν,
3496 4746 3582 4802 καὶ
3639 4750 3773 4820 χεῖρα

2164 4840 2370 4919 συχνὴν
2399 4838 2464 4907 ἣν
2495 4838 2650 4901 αὐτὸς
2712 4835 2920 4893 ἔπεισεν
2975 4836 3308 4915 ἀναλίσκειν,
3371 4838 3445 4900 εἷς
3498 4833 3610 4892 δέον
3669 4848 3771 4884 cu"

2165 4927 2545 5008 εφαπτομένην
2630 4923 2807 4982 λαϐὼν
2833 4971 2851 5002 ,
2925 4926 3050 4989 τοὺς
3122 4926 3220 5002 μὲν
3292 4927 3514 5004 μιαροὺς
3583 4919 3775 4980 ἐκείνους

2166 5019 2320 5083 ναοὺς
2379 5019 2453 5080 εἰς
2513 5014 2704 5094 ἔδαφος
2755 5013 3109 5096 καταϐάλλει,
3141 5017 3314 5094 ἱεροὺς
3347 5013 3402 5071 δὲ
3445 5012 3772 5081 ἆντανίστησι,

2165 5111 2254 5165 καὶ
2312 5107 2583 5186 μοναχοὺς
2643 5104 2936 5180 ἐπιπέμπει
2982 5106 3175 5183 θερμὸν
3219 5111 3297 5180 τῷ
3327 5103 3476 5176 ζήλῳ
3531 5101 3771 5186 πνέοντας,

2165 5199 2251 5254 καὶ
2281 5180 2380 5265 την
2411 5180 2588 5253 πίστιν
2633 5194 2820 5272 ἄριστα
2875 5180 3356 5272 διηκριϐωμένους,
3416 5193 3552 5270 Πρὸς
3613 5189 3661 5245 δὲ
3705 5180 3774 5272 καὶ

2166 5286 2401 5352 Μελτοὺς
2429 5271 2788 5350 ἆκούσαςτῆς
2853 5283 3193 5363 ’Λρειαδικῆς
3250 5284 3388 5340 εἴσω
3428 5285 3593 5361 θήρας
3623 5271 3778 5350 κειμέ-

2165 5397 2305 5451 νους,
2334 5375 2499 5442 οὕτως
2551 5375 2928 5456 ἀντιτεχνᾶται
2985 5376 3054 5452 τῇ
3111 5375 3363 5456 πονηρίᾳ,
3423 5369 3770 5450 μρεσϐυτέρονς
