3996 6178
153 304 348 371 1097
1237 304 1426 368 VITA
1481 306 1542 368 S.
1587 303 1837 369 JOANN

1954 301 2512 368 CHRYSOSTOMI.
3410 299 3564 368 1098

148 442 305 518 ἅμα
363 444 450 499 καί
494 441 765 504 διακόνους
826 442 914 498 καὶ
982 440 1105 506 τοὺς
1181 439 1247 496 τά
1307 443 1445 507 θείας
1502 441 1840 519 δπαναγινώ-

1932 441 2028 514 iis,
2064 439 2166 520 qui
2197 456 2263 502 se
2325 456 2446 499 non
2497 441 2664 498 recte
2723 433 3048 516 habebant,
3077 434 3444 510 admiscens,
3478 438 3566 501 sic

153 553 421 595 σκοντας
470 530 706 611 βίϐλους,
753 531 819 589 τὰ
873 531 973 606 μὲν
1017 531 1115 596 τῆς
1179 529 1424 607 γλώττης
1486 533 1682 606 ὁμοίως
1745 532 1840 587 καί

1932 531 2059 594 illos
2089 546 2328 611 quoque
2377 527 2631 590 comiter
2663 525 2909 588 attrahit
2957 523 3030 587 ad
3075 523 3380 605 pietatem.
3415 525 3564 589 Cum

153 629 461 700 συγγενῶς
501 621 758 702 ἴχοντας,
791 621 1126 699 ὑγιαίνοντας
1155 618 1210 676 δὲ
1261 623 1358 689 τὴν
1401 621 1577 678 πίστιν
1633 619 1834 695 λαϐὼν,

1932 629 2124 684 autem
2157 617 2318 682 aliud
2347 635 2589 698 quoque
2618 633 2811 694 genus
2835 614 3214 695 Scytharum,
3245 615 3354 694 qui
3382 615 3559 679 babi-

154 713 280 768 καὶ
388 711 575 776 αὐτοὺς
654 711 1026 789 συμμεμίχθαι
1121 710 1329 772 τούτοις
1403 731 1833 788 παρασκευασας,

1932 710 2126 772 tabent
2155 707 2228 770 ad
2260 709 2482 770 ﬂuenta
2512 703 2798 784 Danubii,
2832 705 3190 786 accepisset,
3218 704 3392 768 sitire
3418 706 3561 784 qui-

156 802 416 863 ὰστέίως
465 801 604 859 οὕτω
659 803 748 858 καὶ
809 800 1074 880 τεχνικῶς
1136 801 1266 880 πρὸς
1339 800 1433 865 τὴν
1494 801 1617 878 ὑγιᾶ
1661 801 1835 856 πίστιν

1932 800 2057 862 dem
2084 800 2369 861 ﬂuentum
2405 794 2668 877 pietatis,
2703 813 2852 873 opus
2904 811 3044 857 vero
3073 793 3303 858 habere
3332 814 3428 869 eo,
3461 797 3567 878 qui

163 891 382 953 αὐτοὺς
444 890 720 968 ὶπάγεται.
790 880 882 954 Ὠς
941 887 995 944 δὲ
1067 887 1180 968 [Ἱσ.
1226 889 1326 952 "Oc
1373 887 1579 968 8sl4xai
1622 891 1836 946 Σκυθῶν

1932 897 2082 952 esset
2113 897 2442 968 potaturus,
2499 886 2624 947 hac
2682 883 2978 964 signiﬁcat
3027 883 3278 948 Leontio
3308 886 3565 967 Ancyra;

162 977 328 1037 ἄλλο
382 979 535 1058 γένος
562 963 804 1056 ⁷μαθὼν,
873 981 928 1034 οἳ
969 963 1112 1054 παρα
1174 979 1266 1042 τὰς
1325 963 1660 1056 τοῦἹιστρου
1712 979 1836 1054 ῥοὰς

1932 963 2205 1060 episcopo
2239 1000 2252 1040 :
2287 987 2346 1039 et
2376 975 2659 1056 quoniam
2691 963 2794 1036 ille
2845 992 2994 1054 opus
3025 972 3287 1037 habebat
3316 963 3463 1039 viris
3487 975 3564 1038 ad

165 1069 460 1132 οἶκοῦντές
500 1070 622 1144 εἰσι,
657 1067 819 1144 διψῇν
850 1067 949 1142 μὶν
1007 1075 1098 1126 τοῦ
1141 1069 1241 1134 τῆς
1273 1065 1541 1132 εὐσεϐείας
1574 1068 1832 1142 νάματος,

1932 1071 2050 1133 hac
2096 1068 2356 1142 idoneis,
2417 1084 2552 1128 cum
2611 1063 2759 1126 tales
2809 1064 2979 1125 illinc
3004 1065 3366 1146 accepisset,
3401 1075 3461 1128 et
3489 1066 3564 1128 ad

163 1166 286 1217 τοῦ
339 1157 395 1216 δὲ
440 1163 750 1223 ποτίσοντος
789 1157 1039 1235 ἀπορεῖν,
1099 1157 1344 1235 γνώριμα
1389 1157 1621 1230 Λεοντίῳ
1672 1165 1836 1216 ταῦτα

1932 1177 2046 1235 eos,
2073 1177 2224 1240 quos
2254 1156 2541 1229 diximus,
2575 1153 2847 1234 Scythas,
2882 1153 3065 1216 veluti
3097 1154 3384 1234 quasdam
3414 1157 3564 1220 stel-

161 1255 270 1324 τίρ
312 1255 414 1317 τῆς
443 1247 700 1328 Ἀγκύρας
760 1247 1038 1320 ἔπισκόπῳ
1070 1260 1245 1311 ποιεῖ.
1309 1249 1407 1305 Καὶ
1456 1248 1572 1304 επεὶ
1628 1247 1834 1309 εκεῖνος

1932 1268 2004 1311 as
2035 1249 2298 1311 misisset
2326 1245 2400 1308 ad
2431 1243 2864 1316 occidentales,
2918 1243 3165 1306 deducit
3219 1244 3295 1306 ad
3347 1246 3564 1308 verita-

165 1337 396 1418 άνδρῶν
453 1341 694 1416 εὐπορῶν
768 1337 838 1404 ἦν
921 1344 1028 1394 τῶν
1078 1338 1209 1414 πρὸς
1269 1343 1431 1394 ταῦτα
1489 1335 1834 1415 ἕτειτηδείων,

1932 1349 2068 1402 tem.
2102 1341 2324 1400 Praeter
2353 1335 2479 1398 hac
2510 1353 2644 1397 cum
2697 1333 3027 1398 Marcionis
3057 1333 3335 1398 haresim
3366 1335 3563 1397 resci-

166 1429 470 1493 τοιούτους
515 1427 718 1485 ἐκεῖθεν
779 1424 982 1500 λαϐὼν,
1042 1427 1130 1483 καὶ
1195 1425 1281 1488 οἷς
1338 1425 1544 1506 ἔφημεν
1595 1425 1832 1500 ἰπιπὲμ-

1932 1429 2102 1492 νίεεει
2130 1446 2375 1509 serpere
2409 1426 2468 1489 in
2496 1422 2784 1507 quosdam
2816 1423 2980 1486 vicos
3009 1421 3296 1498 Orientis,
3333 1431 3391 1486 et
3414 1425 3565 1489 mul-

165 1523 304 1594 ψας
362 1519 609 1592 Σκύθαις,
671 1515 860 1596 ὁδηγεῖ
929 1518 1064 1594 πρὸς
1119 1515 1398 1585 ἀλήθειαν.
1445 1518 1580 1593 Πρὸς
1630 1516 1834 1578 τούτοις

1932 1528 2011 1582 tos
2061 1534 2479 1597 corrumpere,
2555 1533 2673 1577 non
2755 1513 2892 1576 tulit
2945 1513 3300 1590 toleranter,
3364 1532 3566 1596 neque

163 1609 296 1676 τὴν
353 1609 661 1686 Μαρκίωνος
717 1604 928 1683 α’ίρεσιν
980 1602 1062 1668 εἴς
1091 1625 1237 1668 τινας
1268 1603 1375 1662 τῶν
1406 1606 1504 1671 τῆς
1538 1604 1835 1673 Ἀνατολῆς

1932 1608 2306 1670 iilationibus
2340 1615 2398 1669 et
2446 1603 2827 1686 temporibus
2879 1601 3169 1684 protraxit
3226 1604 3561 1666 correctio-

167 1703 395 1773 κωμῶν
474 1697 658 1772 μαθὼν
731 1695 1081 1773 ὑφέρφουσαν,
1171 1694 1259 1750 καὶ
1315 1695 1544 1773 συχνοὺς
1601 1693 1835 1751 ὑποκλέ-

1932 1697 2214 1771 nem,sed
2252 1697 2448 1758 statim
2507 1694 2684 1756 simul
2743 1693 2990 1774 quidem
3049 1693 3213 1772 regia
3272 1697 3559 1774 potentia,

166 1809 454 1860 πτουσαν,
518 1789 612 1846 οὒκ
666 1784 898 1848 ἀνεκτῶς
958 1784 1142 1862 ἔσχεν,
1210 1782 1315 1840 οὐδ’
1376 1783 1668 1847 ἀναϐολαῖς
1741 1784 1834 1841 καί

1932 1789 2096 1850 simul
2154 1795 2353 1849 autem
2413 1805 2518 1848 sua
2580 1802 2817 1865 quoque
2875 1801 3020 1845 usus
3071 1783 3453 1866 auctoritate,
3509 1792 3569 1847 et

171 1877 420 1960 χρόνοις
464 1876 723 1956 ἐπέτρεψε
767 1876 828 1932 τὸ
876 1876 1218 1954 γιγνόμενον,
1250 1873 1370 1931 ἀλλ’
1401 1875 1547 1938 εὐθὺς
1579 1873 1834 1951 βασιλικῇ

1932 1879 2138 1941 litteris
2218 1877 2292 1938 ad
2353 1877 2467 1939 hoc
2536 1875 2717 1936 simul
2783 1873 3013 1936 vicinos
3071 1873 3340 1936 excitans
3397 1875 3564 1956 epis-

169 1969 412 2044 δύνάμει
455 1969 542 2024 καὶ
598 1971 667 2043 τῇ
723 1965 848 2042 παρ’
908 1965 1096 2021 ἑαυτοῦ
1168 1964 1515 2045 χρησάμενος
1568 1964 1832 2036 αύθεντίᾳ,

1932 1987 2122 2049 :opos,
2177 1975 2457 2048 tanquam
2533 1963 2806 2026 morbum
2863 1963 3128 2043 aliquem
3182 1964 3560 2044 pestiferum,

174 2057 474 2139 γράμμασί
517 2078 573 2114 τε
617 2057 751 2132 πρὸς
795 2061 952 2112 τοῦτο
996 2055 1117 2118 τοὺς
1172 2053 1231 2108 ἐκ
1287 2053 1549 2131 γειτόνων
1609 2054 1836 2110 ἐπισκό-

1932 2059 2020 2138 ;ui
2081 2065 2311 2137 poterat
2369 2075 2488 2118 non
2564 2053 2872 2116 mediocre
2958 2057 3288 2134 importare
3368 2054 3567 2118 detri-

176 2161 330 2213 πους
389 2146 774 2219 διαναστήσας,
822 2145 894 2210 ὥς
938 2167 1053 2202 τινα
1113 2144 1307 2223 φθορὰν
1351 2145 1440 2200 καὶ
1497 2143 1652 2200 νόσον
1681 2145 1740 2199 οὒ
1770 2143 1837 2199 τὰ

1932 2155 2215 2220 mentum,
2273 2145 2455 2208 efﬁcit
2507 2144 2726 2206 abesse
2813 2143 3024 2221 procul
3114 2143 3190 2204 ab
3271 2145 3568 2209 Ecclesia.

181 2241 388 2318 μέτρια
490 2235 829 2312 λυμαίνεσθαι
913 2231 1229 2307 δυναμένην,
1310 2233 1519 2309 μακρὰν
1596 2232 1838 2308 γενέσθαι

1932 2233 2042 2298 Sed
2095 2235 2602 2316 quemadmodum
2656 2233 2760 2318 ille
2819 2232 3085 2313 quidem,
3140 2233 3297 2295 sicut
3327 2233 3571 2297 divinus

177 2335 295 2397 τῆς
342 2326 667 2393 Ἐκκλησίας
723 2323 1136 2401 παρασκευάζει,
1171 2320 1323 2378 Ἀλλ’
1349 2321 1496 2384 ὅπως
1555 2321 1652 2395 μὲν
1698 2323 1840 2390 αὖτῷ

1932 2321 2146 2386 Paulus
2197 2325 2275 2400 18,
2309 2331 2436 2385 erat
2499 2317 2796 2384 sollicitus
2825 2321 2901 2383 de
2933 2320 3218 2384 omnibus
3253 2321 3564 2396 Ecclesiis,

181 2419 336 2478 κατὰ
379 2415 586 2474 Παῦλον
619 2416 654 2482 ἡ
685 2413 916 2490 μέριμνα
955 2414 1141 2468 πασῶν
1193 2413 1298 2466 τῶν
1357 2408 1695 2476 Ἐκκλησιῶν
1747 2409 1837 2482 ἧν,

1932 2413 2080 2475 sicut
2110 2432 2142 2474 a
2173 2413 2352 2475 nobis
2385 2411 2798 2485 mediocriter,
2835 2409 2915 2472 ita
2948 2410 3127 2472 etiam
3155 2428 3300 2474 vere
3329 2412 3438 2475 fuit
3466 2432 3566 2476 os-

189 2509 431 2586 μετρίως
462 2504 566 2572 ἤδη
591 2501 910 2572 δεδήλωται.

284 2597 422 2658 KA’.
475 2605 573 2650 Δεῖ
639 2590 824 2647 δὲκαὶ
881 2593 987 2648 τῶν
1045 2587 1220 2650 ἄλλων
1280 2587 1836 2665 ἐπιμνησθῆναι,²ῖοῖς

192 2691 434 2759 ἐκεῖνος,
485 2689 582 2748 τῆς
616 2680 862 2758 γλώττης
907 2681 1049 2750 αὖτῷ
1092 2678 1300 2743 σιωπὴν
1347 2679 1607 2755 ἐχούσης,
1656 2677 1835 2754 ἠσχό-

194 2780 359 2845 λητο,
421 2774 508 2829 καὶ
567 2771 700 2828 οἵων
747 2769 912 2847 ἔργων
973 2770 1059 2824 καὶ
1117 2768 1433 2840 οἰκονομιῶν
1480 2769 1700 2835 ἥπτετο,
1765 2768 1838 2820 Τὰ

193 2872 299 2930 τῆς
363 2860 691 2928 Ἐκκλησίας
729 2859 1154 2932 ἐπισκεψάμενος
1199 2854 1548 2928 ἀναλώματα,
1595 2857 1680 2909 καὶ
1745 2858 1833 2910 εύ-

1925 2511 2182 2565 tensum.

2002 2591 2410 2672 XXl.0portet
2429 2600 2626 2655 autem
2653 2591 2907 2652 aliorum
2932 2609 3176 2670 quoque
3192 2594 3564 2671 meminisse,

1924 2682 1984 2743 in
2011 2681 2228 2761 quibus
2258 2682 2596 2761 ille,lingua
2627 2682 2758 2760 ejus
2788 2689 3048 2755 tacente,
3068 2689 3196 2742 erat
3217 2694 3562 2764 occupatus,

1925 2780 1982 2833 et
2002 2789 2272 2852 quaenam
2296 2771 2754 2850 aggrediebatur
2785 2769 3150 2850 opera.Cum
3174 2773 3560 2837 consideras-

1920 2862 2327 2942 setimpensas
2353 2862 2663 2942 Ecclesiae,
2697 2871 2757 2921 et
2790 2861 3118 2923 invenisset
3139 2879 3344 2924 earum
3370 2864 3562 2944 pluri-

199 2957 306 3032 ρὼν
352 2953 444 3009 οὐκ
505 2952 574 3012 εἰς
647 2947 762 3003 δεον
847 2944 1142 3020 πάμπολλα
1201 2944 1579 3019 δαπανώμενα,
1640 2947 1837 3007 ταύτην

1932 2970 2049 3012 mas
2073 2970 2451 3032 nequaquam
2475 2951 2744 3012 consumi
2762 2952 2820 3010 in
2841 2969 3062 3027 ea,qua:
3081 2951 3563 3031 oportebat,eum

197 3031 326 3118 μὲν,
371 3042 443 3104 ὥς
502 3061 619 3095 τινα
663 3037 828 3116 φορὰν
874 3035 1090 3112 ἄλογον,
1149 3033 1336 3098 ’ίστησι
1391 3034 1488 3098 τὴν
1543 3031 1782 3098 δαπάνην
1818 3049 1830 3060 °

1932 3045 2150 3117 Juidem
2172 3031 2324 3104 sistit
2348 3055 2952 3117 sumptum,tanquam
2977 3046 3213 3103 modum
3230 3050 3563 3120 quempiam

197 3129 547 3212 μετοχετεύει
593 3125 647 3182 δὲ
705 3127 836 3203 πρὸς
894 3123 1115 3202 θεοςιλῆ
1175 3129 1246 3182 τῶ
1277 3122 1503 3213 ὄντι-καὶ
1536 3120 1834 3200 φιλάνθρω-

1932 3132 2527 3210 inconsideratum,et
2552 3130 2806 3193 traducit
2833 3131 2908 3191 ad
2936 3133 3111 3192 usum
3139 3149 3279 3194 vere
3312 3133 3473 3213 pium
3507 3145 3569 3196 et

195 3186 596 3300 :ov—Ecpoppﬁv
633 3231 645 3244 '
695 3186 780 3272 καὶ
824 3186 1152 3290 νοσοκόμεῖα
1202 3226 1319 3274 τοῖς
1366 3210 1528 3276 ξένοις
1551 3186 1586 3268 ’ὁ
1616 3218 1690 3284 τῷ
1722 3186 1838 3282 θεῷ

1932 3222 2248 3282 humanum
2277 3240 2289 3282 :
2320 3231 2379 3282 et
2404 3186 2538 3282 cum
2564 3219 2898 3300 peregrinis
2919 3219 3277 3283 mdiﬁcasset
3298 3186 3560 3286 tiosoco-

195 3313 423 3391 ἐγγίζων
480 3306 863 3382 οἰκοδομήσας,
930 3303 1046 3359 ἐκεῖ
1105 3303 1168 3358 τὰ
1227 3301 1444 3376 περιττὰ
1495 3300 1630 3376 ῥέειν
1664 3323 1834 3376 παραο

1932 3309 2038 3370 mia
2053 3310 2234 3389 is,qui
2253 3312 2374 3373 Deo
2388 3308 3135 3390 appropinquabat,eﬂ‘ecit
3149 3316 3212 3370 ut
3227 3309 3372 3372 illuc
3385 3312 3564 3374 etiam

197 3389 465 3478 σκευάζει,
537 3393 920 3472 πρεσϐυτέρους
1002 3414 1058 3448 τε
1133 3389 1404 3464 ὶπιτάξας,
1489 3391 1573 3445 καὶ
1649 3391 1836 3452 αὐτοὺς

1932 3400 2252 3471 ιίΠυοι-οιιι,
2289 3389 2437 3479 qua!
2463 3389 2601 3461 sunt
2645 3397 2990 3460 necessaria
3026 3419 3038 3460 :
3069 3398 3156 3460 eis
3179 3400 3567 3481 presbyteros

193 3501 304 3550 τῶν
350 3477 486 3568 ἄγαν
563 3481 799 3545 εὐλαὸὦν
857 3486 953 3538 καὶ
1033 3481 1260 3556 ἀζύγων,
1325 3477 1461 3534 ἀλλὰ
1518 3482 1602 3534 καὶ
1645 3481 1836 3557 ἰατρῶν

1932 3489 2260 3567 praeficiens
2280 3477 2449 3550 valde
2472 3489 2600 3568 pios
2625 3501 2686 3549 et
2707 3487 2976 3566 conjugii
2995 3477 3564 3568 expertes,et'medi-

199 3585 322 3644 τοὺς
385 3575 782 3653 δοκιμωτάτους
829 3575 900 3635 εἰς
953 3572 1050 3637 τὴν
1099 3576 1203 3626 τῶν
1239 3572 1470 3625 ἀσθενῶν
1502 3568 1833 3643 ἒπιμάλειαν.

1932 3596 2025 3638 cos
2048 3596 2284 3658 quoque
2307 3577 2761 3657 probatissimos
2792 3577 2866 3638 ad
2889 3591 3092 3637 curam
3117 3578 3446 3656 gerendam
3479 3599 3563 3643 ω-

201 3657 415 3749 ῃΕτερον
502 3667 654 3744 ἔργον
725 3665 868 3736 αὖτῷ
954 3662 1041 3716 καὶ
1097 3659 1305 3750 φροντὶς
1387 3657 1576 3750 άκιστα
1624 3659 1837 3737 μετρία,

1932 3657 2258 3746 gratorum.
2292 3667 2430 3730 Erat
2487 3674 2688 3728 autem
2733 3667 2847 3737 hoc
2893 3684 3140 3748 quoque
3171 3667 3304 3746 ejus
3328 3686 3477 3750 opus
3509 3680 3568 3732 et

202 3764 264 3818 τὸ
319 3746 423 3816 τῶν
485 3761 674 3836 χηρῶν
732 3754 936 3828 τάγμα.
990 3749 1202 3827 ’Ἀσπερ
1232 3747 1297 3815 δὴ
1357 3746 1585 3838 κατιδὼν
1630 3753 1690 3806 οὐ
1744 3770 1839 3805 τε..

1932 3775 2067 3818 cura
2097 3774 2216 3818 non
2242 3757 2592 3830 mediocris,
2620 3774 2839 3838 nempe
2862 3754 3010 3818 ordo
3043 3746 3388 3820 viduarum:
3417 3758 3564 3822 Nam

204 3835 523 3928 τσγμενως,
576 3843 714 3901 ἀλλὰ
785 3839 1115 3916 πλεμμελῶς
1173 3839 1428 3919 ἐχούσας,
1489 3835 1683 3915 διαιρεῖ
1740 3840 1840 3914 μὲν

1932 3863 2060 3908 cum
2093 3864 2197 3907 eas
2225 3846 2474 3908 vidisset
2504 3835 2829 3926 praeclarus
2861 3862 2984 3907 non
3032 3854 3201 3908 recte
3233 3855 3292 3908 et
3324 3847 3563 3923 ordine,

203 3939 406 4013 καλῶς,
467 3939 744 4008 οἰκονομεῖ
799 3929 853 3986 δὲ
916 3932 1003 3987 καὶ
1058 3932 1118 3984 τὸ
1162 3930 1279 4005 περὶ
1336 3929 1496 3994 αὐτὰς
1556 3927 1836 4008 edacem,

1932 3935 2029 3997 sed
2063 3953 2244 4015 prave
2274 3953 2339 3998 se
2368 3952 2602 4016 gerere,
2639 3934 2888 4014 pulchre
2911 3934 3153 4015 quidem
3177 3935 3412 4014 dividit,
3446 3957 3566 4002 non

206 4029 414 4088 Τούτων
458 4027 558 4105 γὰρ
600 4024 722 4080 ὅσαι
789 4022 874 4078 καὶ
931 4021 1108 4100 φρεσὶν
1159 4021 1293 4086 ἦσαν
1352 4019 1664 4098 καὶςὴλικίᾳ
1713 4019 1838 4075 νεά-

1932 4025 2123 4087 minus
2140 4031 2337 4088 autem
2363 4025 2460 4106 pie
2481 4026 2793 4106 dispensat
2812 4034 2868 4086 et
2896 4025 3280 4088 administrat
3313 4027 3564 4108 id,qnod

206 4128 410 4196 ζουσαι,
455 4117 543 4173 καὶ
583 4112 668 4171 δια
739 4117 892 4168 τοῦτο
946 4111 1033 4166 καὶ
1098 4111 1226 4186 πρὸς
1281 4106 1472 4172 ἡδονὰς
1535 4109 1840 4187 εὐπερίτρε-

1932 4116 1995 4176 ad
2029 4132 2130 4177 eas
2162 4117 2519 4195 pertinebat.
2555 4116 2937 4196 Quaecunque
2995 4117 3152 4176 enim
3189 4135 3259 4180 ex
3291 4118 3365 4178 iis
3397 4106 3570 4180 erant

207 4232 353 4284 πται,
431 4203 656 4282 δευτέρῴ
729 4203 1032 4282 χρήσασθαι
1102 4201 1260 4278 γάμῳ
1346 4197 1571 4271 κελεύει,
1630 4198 1840 4274 βέλτιον

1932 4213 2100 4266 aetate
2146 4206 2424 4284 juvenes,
2477 4217 2534 4267 et
2564 4206 2700 4268 ideo
2745 4223 3059 4286 propensae
3099 4207 3174 4267 ad
3210 4208 3564 4287 voluptates,

209 4297 545 4376 ἡγησάμενος
576 4295 637 4350 τὸ
680 4293 734 4349 ἂν
785 4292 863 4365 τῷ
913 4288 1146 4370 ἀσφαλεῖ
1203 4287 1575 4366 ταπεινότερον
1621 4295 1712 4344 τοῦ
1767 4291 1840 4363 μὴ

1932 4294 2098 4373 iubet
2121 4295 2404 4357 secundis
2433 4296 2516 4358 uti
2545 4295 2768 4376 nuptiis
2800 4318 2811 4358 :
2844 4295 3058 4357 melius
3087 4314 3220 4358 esse
3243 4296 3566 4360 arbitratus

209 4389 375 4469 χωρὶς
409 4382 585 4466 φόϐων
614 4381 967 4460 ὑψηλοτέρου.
1007 4378 1346 4469 Ταῖς-μέντοι
1409 4378 1501 4469 τὸν
1523 4379 1639 4469 ,βίον
1669 4399 1840 4435 σπου..

1932 4382 2180 4465 id,quod
2207 4394 2300 4447 est
2323 4387 2382 4446 in
2407 4393 2560 4458 tuto,
2600 4385 2847 4458 humile,
2882 4403 3059 4466 quam
3087 4385 3372 4462 sublime,
3407 4390 3566 4469 quod

211 4467 532 4556 δαιοτέραις,
598 4475 683 4530 καὶ
739 4470 861 4529 ὅσαι
920 4477 1027 4527 τῶν
1079 4467 1256 4525 ἄλλων
1303 4467 1716 4548 ἀφηλικεστεραι
1750 4473 1840 4526 καὶ

1932 4491 2048 4534 non
2076 4482 2165 4534 est
2195 4481 2328 4534 sine
2351 4485 2534 4538 metu.
2564 4475 2641 4536 Iis
2664 4482 2888 4548 autem,
2917 4493 3049 4555 quas
3071 4484 3241 4538 erant
3265 4476 3403 4538 vitae
3426 4467 3566 4540 ine-

214 4568 288 4644 μὴ
342 4545 561 4623 ἔλαττόν
627 4561 656 4628 ἥ
710 4561 972 4628 ὶξήκοντα
1015 4558 1109 4626 ἔτη
1145 4545 1443 4638 γεγονυῖαι,
1503 4545 1716 4624 ταύταις
1775 4559 1840 4627 δὴ

1932 4561 2118 4638 lioris,
2151 4564 2421 4625 etaetatis
2443 4562 2579 4624 aliis
2611 4545 3025 4643 provecti-oris,
3056 4574 3120 4626 ut
3149 4583 3282 4647 quae
3314 4585 3434 4628 non
3465 4586 3569 4630 es-

214 4657 480 4723 νηστείαις
525 4654 624 4730 μὶν
667 4649 955 4732 σχολάζειν
1005 4652 1095 4708 καὶ
1159 4661 1493 4728 προσευχαῖς
1562 4662 1840 4729 παραινεῖ,

1932 4661 2061 4714 sent
2087 4661 2238 4714 natm
2261 4651 2459 4715 minus
2489 4671 2667 4733 quam
2699 4653 3008 4731 sexaginta
3027 4661 3335 4730 annos,eis
3360 4657 3572 4720 suadet

216 4747 440 4823 λουτρῶν
496 4743 553 4800 δί
608 4742 906 4820 ἀπέχεσθαι
986 4741 1074 4797 καὶ
1150 4740 1352 4812 πότων,
1407 4742 1494 4795 καὶ
1551 4743 1651 4806 τῆς
1707 4740 1842 4796 κατὰ

219 4838 307 4903 τὴν
334 4834 530 4902 ἐσθῆτα
584 4829 956 4895 πολυτελείας.
1014 4828 1144 4887 Οὐδὲ
1199 4835 1355 4886 τοῦτο
1401 4827 1710 4904 ἀκόσμητον
1754 4832 1842 4887 καὶ

219 4931 310 4993 τῆς
393 4924 530 4980 κατὰ
599 4921 760 5000 λόγον
839 4918 1144 4996 οἰκονομίας
1220 4916 1420 4995 ἔρημον
1499 4915 1840 4998 καταλείπει,

221 5014 424 5093 ἀνδράσι
473 5012 617 5093 λέγω
672 5012 760 5068 καὶ
816 5006 1018 5089 γυναιξὶ
1065 5010 1158 5072 τὰς
1209 5008 1282 5070 εἰς
1326 5008 1426 5074 τὴν
1455 5008 1600 5086 ἱερὰν
1634 5006 1843 5076 σύναειν

225 5106 568 5179 ἀπαντήσεις,
607 5101 746 5160 ἀλλὰ
798 5099 994 5179 διαιρεῖ
1028 5097 1291 5156 κάνταῦθα
1341 5097 1544 5172 καλῶς,
1591 5100 1678 5156 καὶ
1719 5101 1841 5164 τοὺς

225 5197 313 5274 μὲν
373 5195 556 5257 νυκτὸς
617 5192 698 5250 ὅτι
756 5189 1035 5254 πλείστους
1091 5187 1293 5246 κελεύει
1358 5195 1576 5268 φοιτᾷν,
1635 5190 1729 5253 τὰς
1788 5187 1844 5246 δὲ

227 5288 402 5351 νυκτὸς
463 5284 562 5362 μὶν
644 5283 932 5360 οἰκουρεῖν,
993 5280 1198 5357 ἡμέρας
1254 5278 1309 5334 δὲ
1383 5278 1524 5336 κατά
1579 5278 1714 5337 πολὺ
1783 5282 1844 5337 τὸ

228 5378 480 5457 πρόθυμον
525 5375 790 5445 ἀπαντᾷν.
844 5369 996 5430 Οὕτω
1047 5375 1237 5457 ποιῶν
1276 5371 1364 5426 καὶ
1422 5369 1604 5448 ἔργοις
1659 5372 1845 5428 ἑαυτὸν

1925 4748 1991 4802 ut
2020 4749 2228 4804 vacent
2251 4741 2508 4821 jejuniis
2529 4752 2590 4804 et
2613 4741 2918 4823 precibus:
2947 4740 3294 4806 abstineant
3311 4755 3516 4809 autem
3536 4765 3572 4808 a

1925 4830 2177 4894 lavacris
2208 4837 2268 4893 et
2301 4831 2558 4894 maxime
2589 4831 2971 4904 conviviis,et
2999 4852 3035 4894 a
3064 4836 3435 4915 sumptuosis
3464 4854 3569 4899 ve-

1924 4919 2647 4999 stibus.Habes,studiose
2670 4922 3109 4998 auditor,aliud
3127 4942 3393 5005 quoque,
3403 4925 3576 5006 cujus

1925 5010 2122 5072 studio
2148 5009 2654 5094 tenebatur,quod
2679 5032 2800 5075 non
2823 5021 2916 5076 est
2937 5012 3057 5075 vile
3081 5031 3194 5076 nec
3217 5015 3524 5081 mediocre
3553 5035 3568 5077 :

1926 5117 2149 5181 nempe
2176 5100 2254 5162 ad
2283 5118 2514 5163 sacram
2548 5103 2815 5182 synaxim
2867 5101 3187 5166 adventum
3220 5106 3482 5170 virorum
3514 5117 3575 5172 et

1929 5189 2430 5254 mulierum.Nam
2462 5210 2575 5254 nec
2608 5192 2720 5255 hoc
2751 5211 2990 5275 quoque
3020 5193 3315 5276 relinquit
3346 5197 3576 5262 inordi-

1929 5287 2280 5356 natum,nec
2301 5281 2362 5341 in
2390 5280 2724 5361 periculum
2745 5281 3099 5358 adductum,
3127 5303 3240 5348 nec
3269 5286 3571 5352 defectum

1930 5367 2550 5452 dispensatione,qnaa
2579 5371 2645 5433 ﬁt
2668 5390 2741 5435 ea
2769 5373 3026 5435 ratione.
3063 5374 3182 5438 Sed
3215 5377 3313 5440 hic
3335 5396 3576 5460 quoque

231 5447 309 5526 καὶ
363 5447 603 5547 ιρροντίσι
677 5463 944 5524 τοιαύταις
1023 5447 1360 5539 ἐνασχξολῶν,
1425 5447 1640 5520 ἔσπευδε
1712 5463 1840 5519 κατὰ

1936 5447 2189 5544 pulchre
2238 5470 2298 5526 et
2350 5447 2479 5524 tuto
2540 5461 2847 5527 distribuit
2877 5482 2984 5548 pro
3013 5465 3287 5532 viribus:
3323 5447 3384 5533 et
3415 5447 3574 5534 viros

304 5573 358 5625 1⁸
383 5571 434 5638 ll
465 5571 604 5638 Cor.
630 5590 696 5649 ιι,
724 5570 828 5634 28-

453 5702 715 5766 Paraon.
764 5697 880 5758 Gn.
925 5691 1136 5756 CXIV.

3182 5697 3258 5762 35
