3996 6178
498 290 519 354 1
531 287 651 354 099

1781 290 2062 360 MENSlS
2118 289 2571 362 JANUARIUS.

3724 302 3845 369 1100

492 425 741 504 quidem
761 422 932 503 jubet
952 431 1130 485 noctu
1154 423 1330 486 simul
1361 428 1655 492 ventitare
1691 438 1750 492 et
1772 429 1831 490 in
1857 431 2132 492 multitu-

2221 433 2426 492 Παῦλον
2483 435 2825 512 ἀπρόσκοπος
2871 437 3014 492 εἶναι
3061 443 3212 495 πᾶσι.
3283 439 3382 496 Καὶ
3447 438 3644 514 ὥσπερ
3675 437 3845 504 ἐκεῖνος

495 517 661 596 dine,
697 523 759 577 ut
787 515 1132 577 voluerint:
1180 515 1470 578 mulieres
1504 536 1641 580 vero
1668 528 1851 581 noctu
1887 520 2129 600 quidem

494 622 738 668 servare
770 604 1013 666 domum
1043 621 1056 666 :
1095 604 1361 666 interdiu
1391 611 1830 683 autem,venire
1855 619 2134 690 prompto

495 705 555 758 et
583 695 766 757 alacri
787 696 1011 755 animo.
1047 693 1148 756 Sic
1170 692 1419 770 faciens,
1447 706 1509 760 et
1540 697 1600 759 in
1636 699 1856 760 talibus
1885 717 2136 761 versans

495 785 778 867 operibus
799 792 858 844 et
882 781 1895 868 sollicitudinibus,studebat,sicut
1916 788 2134 851 Paulus

497 893 629 938 esse
649 871 932 934 omnibus
960 873 1090 933 sine
1112 873 1446 936 offensione
1473 875 1619 952 “,et
1640 878 1798 939 sicut
1815 878 1916 939 ille
1934 878 2132 939 omni-

495 965 604 1026 bus
619 963 750 1025 sine
784 971 1024 1042 sumptu
1051 961 1355 1042 praebebat
1377 963 1764 1046 Evangelium
1788 968 1846 1019 ίο
1871 987 1886 1031 :
1913 971 2000 1030 sic
2021 988 2133 1030 au-

495 1063 610 1116 tem
645 1055 772 1134 ipse
795 1071 1035 1134 quoque
1070 1053 1236 1114 nullo
1270 1072 1343 1117 ex
1375 1055 1451 1117 iis
1480 1075 1612 1137 quae
1634 1067 1802 1120 erant
1825 1057 2130 1134 Ecclesiae,

491 1153 550 1205 et
572 1143 796 1223 quibus
825 1161 1041 1205 secure
1071 1142 1292 1205 licebat
1323 1145 1599 1206 omnibus
1631 1148 2130 1228 episcopis,nullo

492 1233 671 1295 modo
702 1240 793 1295 est
825 1241 1066 1306 usus,ut
1095 1233 1199 1310 qui
1228 1252 1530 1316 nunquam
1563 1238 1867 1317 aspexerit
1888 1238 1958 1298 ad
1984 1238 2130 1300 deli-

491 1324 614 1386 cias
634 1330 696 1385 et
712 1320 1468 1394 recreationes.Quomodo
1492 1325 1786 1406 enim,qui
1824 1327 1909 1387 vix
1936 1329 2128 1390 solum

488 1411 818 1493 attingebat
841 1412 1574 1494 nutrimentum,convivia
1589 1425 1785 1478 autem
1807 1427 1866 1478 et
1892 1435 2130 1498 compo-

494 1505 750 1566 tationes
771 1503 854 1562 ita
884 1500 1167 1581 fugiebat,
1203 1502 1359 1564 sicut
1382 1504 1546 1584 prius
1577 1505 1859 1577 diximus,
1899 1515 1960 1568 ut
1992 1525 2129 1568 cum

494 1593 660 1661 nullo
691 1591 849 1654 vesci
893 1590 1207 1654 induceret
1237 1591 1298 1653 in
1329 1593 1595 1655 animum
1617 1593 1648 1654 ?
1671 1594 2078 1667 Quamobrem
2104 1599 2132 1656 ’ἰ

493 1682 696 1746 Satius
717 1683 876 1744 enim
903 1680 1302 1744 fueritdicere
1322 1700 1561 1743 causam
1593 1702 1606 1746 :
1634 1689 1822 1746 visum
1859 1692 1948 1745 est
1971 1685 2130 1746 enim

2217 523 2484 579 ἀδάπανον
2542 524 2694 580 ἐτίθει
2741 527 2800 580 τὸ
2849 527 3196 604 Εὒαγγέλιον,
3266 526 3402 583 οὕτω
3455 526 3527 594 δὴ
3578 534 3668 583 καὶ
3724 535 3845 593 cits;

3181 574 3196 601 ’

2217 613 2383 669 0'33st
2444 615 2712 694 ἐκέχρητο
2769 622 2875 671 τῶν
2930 617 3028 683 τῆς
3090 615 3446 687 Ἐκκλησίας,
3489 617 3599 672 ὅσα
3631 640 3690 694 γε
3720 641 3847 693 προτ-

2216 705 2336 771 ήκει
2381 718 2499 767 τοῖς
2544 706 2861 769 ἐπισκόποις
2917 707 3095 784 πόθεν,
3157 707 3214 770 ὅς
3267 729 3327 783 γε
3355 711 3457 764 καί
3495 708 3671 773 αὗτῆς
3723 708 3847 782 μόλις

2217 792 2373 868 φάναι
2430 795 2628 872 τροφῆς
2672 792 2870 859 ἥπτετο
2905 809 2918 824 ⁸
2968 797 3237 869 συμπόσια
3287 795 3340 851 δὲ
3393 799 3494 852 καὶ
3563 795 3849 874 φιλοτησίας

2218 878 2354 936 οὕτω
2411 880 2654 958 παρεῖδε,
2689 886 2776 938 καὶ
2831 884 3227 962 βιωτικωτέρας
3262 885 3434 962 ἔκρινε
3489 893 3671 942 ταῦτα
3723 886 3849 966 ῳιλο-

2216 970 2420 1042 τιμίας,
2455 973 2530 1035 ὡς
2563 969 2700 1044 μηδέ
2732 986 3006 1028 συσσιτεῖν
3037 974 3323 1054 ἀνέχεσθαι
3357 974 3592 1050 μηδενί,
3636 975 3732 1030 Διά
3778 977 3851 1053 τίς

2219 1057 2347 1116 Οὗδέ
2420 1061 2520 1137 γὰρ
2571 1073 2763 1139 χεῖρον
2823 1061 3293 1144 ἀπολογήσασθαι,
3347 1065 3471 1120 ἐπεὶ
3532 1065 3628 1120 καὶ
3661 1063 3852 1127 πολλοῖς

2215 1148 2449 1226 σκληρὸν
2504 1152 2588 1205 καὶ
2648 1149 2838 1228 ἄφιλον
2875 1149 3011 1216 ἴδοξε
3058 1163 3236 1226 τοῦτο,
3283 1155 3371 1210 καὶ
3427 1160 3538 1209 τοῦ
3566 1153 3755 1230 ψέγειν
3781 1157 3853 1229 εγ-

2215 1238 2331 1314 γύς.
2395 1244 2586 1314 Πρῶτα
2637 1239 2735 1312 μὲν
2785 1240 2865 1296 ὅτι
2922 1240 2983 1296 ἐκ
3027 1241 3144 1297 νέου
3210 1249 3286 1316 τῷ
3331 1243 3632 1309 νηστεύειν
3676 1247 3851 1299 συνεθι-

2216 1327 2390 1400 αθείς,
2443 1330 2533 1383 καὶ
2610 1329 2902 1408 σύντροφον
2960 1334 3104 1403 αὖτῷ
3177 1333 3264 1386 καὶ
3327 1331 3512 1411 φίλον,
3584 1331 3745 1409 εἴπερ
3795 1354 3853 1392 τις

2215 1415 2414 1494 ἕτερος,
2477 1418 2868 1493 ποιησάμενος,
2926 1417 3077 1475 οἴνου
3137 1442 3192 1475 τε
3248 1423 3338 1477 καὶ
3395 1423 3620 1484 παντὸς
3705 1420 3853 1495 ἑτέρω

2213 1511 2305 1560 τοῦ
2361 1507 2546 1583 γαστρὲ
2616 1507 3011 1585 κεχαρισμένου
3088 1509 3416 1583 παμπληθὲς
3477 1510 3851 1589 ἀποσχόμενος

2213 1595 2290 1655 εἷς
2349 1605 2626 1668 τοσοῦτον,
2676 1598 2748 1658 ὡς
2801 1595 2958 1675 χυλῷ
3013 1601 3099 1654 καὶ
3145 1600 3291 1672 μόνῳ
3351 1603 3547 1676 κριθῆς
3597 1599 3722 1656 καθ’
3752 1600 3850 1654 ἐτυ-

2213 1686 2305 1741 τὸν
2367 1683 2595 1760 ἀποζῇν,
2633 1687 2888 1762 κρείττων
2923 1708 2978 1742 τε
3013 1690 3208 1764 σαρκὸς
3254 1692 3474 1766 ὁρᾶσθαι
3529 1692 3625 1745 καὶ
3688 1687 3853 1767 σχεδὸν

494 1774 608 1834 hoc
643 1771 845 1833 multis
876 1789 1155 1852 asperum
1190 1780 1248 1832 et
1278 1771 1604 1851 ingratum,
1638 1783 1696 1835 et
1725 1775 1903 1836 afﬁne
1924 1793 2132 1855 repre-

2220 1775 2397 1841 ἡσιτος
2451 1795 2508 1828 τε
2570 1776 2656 1830 καὶ
2709 1775 2935 1856 ἄτροφος
2993 1777 3163 1851 εἶναι,
3225 1780 3316 1833 καί
3377 1779 3516 1834 ὅσον
3573 1777 3640 1832 ἐκ
3697 1781 3853 1833 τοὺτου

496 1863 797 1926 hensioni.
830 1860 1094 1923 Primum
1124 1861 1392 1942 quidem,
1427 1863 1584 1943 quod
1617 1882 1751 1926 cum
1785 1865 1857 1926 ab
1889 1864 2134 1926 ineunte

497 1961 672 2016 aetate
721 1951 1086 2014 assuevisset
1131 1952 1391 2031 jejunio,
1448 1953 1629 2033 idque
1677 1962 1837 2016 esset
1867 1956 1921 2016 ei
1954 1953 2132 2016 veluti

495 2042 778 2104 coalitum
812 2051 872 2103 et
892 2046 1206 2114 usitatum,
1236 2059 1269 2102 a
1315 2047 1572 2123 vinoque
1627 2049 1686 2104 et
1739 2044 1948 2123 quovis
1989 2043 2132 2118 alio,

496 2131 655 2212 quod
690 2138 781 2192 est
814 2131 1004 2191 ventri
1035 2130 1543 2209 gratum,omnino
1563 2131 2134 2209 abstinuissei,adeo

495 2230 556 2283 ut
601 2222 726 2284 solo
754 2219 966 2283 hordei
1027 2239 1207 2282 succo
1265 2220 1492 2283 viveret
1531 2229 1590 2282 et
1627 2239 1807 2284 carne
1832 2223 2131 2302 superior,

493 2312 736 2392 cibique
761 2321 821 2374 et
852 2319 1023 2390 potus
1056 2329 1270 2390 expers
1301 2311 1733 2391 propemodum
1787 2311 2129 2374 videretur:

495 2421 631 2464 cum
657 2401 760 2462 ille
778 2401 1150 2462 stomachum
1178 2401 1288 2462 hac
1305 2419 1517 2482 aspera
1541 2409 1602 2462 et
1616 2419 1749 2482 quae
1767 2402 1918 2464 nihil
1942 2403 2134 2465 hilare

496 2491 1022 2572 habebat,vivendi
1045 2491 1277 2552 ratione
1307 2491 1478 2553 valde
1512 2492 1970 2571 corrupisset,et
1994 2493 2130 2554 eiic-

494 2583 676 2644 cisset
707 2590 770 2642 ut
803 2581 881 2642 ad
912 2580 1146 2642 nullum
1179 2579 1342 2642 aliud
1394 2581 1751 2642 sumendum
1789 2581 2128 2644 nutrimen-

497 2682 620 2733 tum
653 2678 813 2733 esset
844 2670 1121 2744 idoneus,
1139 2687 1293 2750 aegre
1319 2677 1549 2749 poterat
1569 2669 1791 2750 aliquid
1815 2670 2132 2732 admittere

494 2781 564 2823 ex
594 2761 832 2842 iis,qua2
854 2759 987 2821 aliis
1007 2770 1146 2820 sunt
1166 2758 1431 2836 grata.Et
1463 2759 1679 2820 idoneo
1711 2777 1830 2820 non
1855 2759 2132 2822 lubenter

493 2849 822 2929 aspiciebat
881 2847 1132 2928 aliquid,
1167 2848 1324 2928 quod
1361 2858 1521 2910 esset
1551 2856 1782 2927 gratum
1817 2850 2042 2927 gutturi
2073 2858 2134 2910 et

497 2958 632 3001 cum
670 2939 966 3018 voluptate
998 2947 1359 3000 sumeretur.
1387 2943 1579 3016 Atque
1608 2938 1735 2999 haec
1769 2936 2011 3017 quidem
2046 2948 2137 3000 est

496 3048 618 3090 una
649 3045 849 3100 causa,
885 3045 990 3088 cur
1021 3026 1255 3106 fugeret
1286 3044 1549 3101 mensas,
1585 3035 1642 3088 et
1692 3046 1825 3089 cum
1859 3027 1992 3089 aliis
2016 3047 2133 3090 non

498 3119 676 3181 iniret
704 3117 996 3180 convivia.
1034 3116 1264 3180 Deinde
1293 3116 1495 3191 etiam,
1531 3117 1690 3193 quod
1723 3136 1857 3178 cum
1889 3117 2044 3198 apud
2069 3136 2194 3205 sec

490 3208 1013 3289 judicasset,quod
1048 3208 1095 3268 si
1126 3207 1459 3268 induxisset
1493 3208 1552 3267 in
1577 3207 2132 3284 animum,utcom-

499 3298 757 3360 muniter
787 3306 1131 3358 vesceretur
1159 3315 1291 3358 cum
1326 3296 1533 3377 iis,qui
1559 3297 1647 3358 vel
1671 3297 1934 3358 amicitia
1963 3307 2133 3360 ante-

498 3388 722 3450 cellunt
771 3396 870 3450 aut
923 3387 1236 3466 dignitate,
1306 3405 1551 3448 necesse
1583 3386 1830 3448 habebit
1864 3385 1920 3448 id
1955 3389 2132 3450 etiam

496 3479 696 3541 facere
725 3496 860 3539 cum
892 3477 1206 3540 aliis.Nam
1234 3477 1535 3555 quomodo
1559 3476 1901 3538 conservari
1933 3486 2137 3558 potue-

497 3570 596 3644 rit,
625 3577 686 3630 ut
714 3567 866 3629 nulli
895 3567 974 3629 sit
1004 3566 1346 3646 offensioni,
1383 3583 1580 3644 neque
1613 3567 1898 3646 cuiquam
1930 3567 2138 3630 afferat

498 3656 867 3720 molestiam?
895 3658 1117 3736 Sicque
1150 3675 1248 3718 res
1279 3656 1352 3717 ad
1405 3657 1626 3717 multos
1658 3657 1983 3733 transiens,
2017 3676 2135 3719 non

499 3749 691 3809 solum
719 3747 801 3807 illi
823 3748 1020 3808 futura
1044 3745 1520 3809 essetlaboriosa
1543 3754 1600 3806 et
1632 3748 1904 3820 molesta,
1941 3755 2004 3808 ut
2034 3746 2136 3825 qui

502 3855 621 3898 non
653 3844 811 3896 esset
841 3845 1114 3898 versatus
1145 3837 1201 3896 in
1237 3834 1419 3896 rebus
1451 3835 1930 3913 hujusmodi,sed
1956 3835 2134 3896 etiam

501 3923 906 4003 interruptura
956 3932 1116 3985 esset
1176 3925 1515 3985 necessario
1549 3931 1608 3985 et
1636 3941 1727 3998 ea,
1764 3924 1980 4004 quibus
2008 3925 2138 4004 ipse

501 4031 712 4075 vacare
729 4013 1858 4094 consueverat,orationem,inquam,et
1882 4014 2136 4076 medita-

501 4107 724 4166 tionem
758 4112 818 4164 et
847 4119 1049 4163 rerum
1079 4103 1465 4162 honestarum
1499 4102 1832 4163 doctrinam
1865 4124 1878 4166 :
1917 4103 2139 4183 quibus

500 4196 651 4255 adeo
684 4200 811 4254 erat
838 4191 1096 4264 deditus,
1123 4198 1182 4251 ut
1213 4191 1326 4252 hoc
1357 4209 1514 4270 szepe
1549 4207 1789 4270 parvum
1814 4192 2142 4272 negligeret

503 4284 942 4345 nutrimentum
977 4301 991 4340 :
1033 4288 1256 4340 tantum
1310 4279 1539 4354 aberat,
1599 4289 1664 4341 ut
1697 4290 1901 4361 posset
1930 4299 2140 4344 vacare

503 4375 725 4435 mensis
749 4382 808 4434 et
828 4373 962 4434 aliis
987 4369 1301 4432 inutilibus
1319 4379 1379 4432 et
1400 4371 2139 4451 supervacaneis.0uamo-

505 4462 672 4522 brem
703 4462 847 4522 satis
873 4471 1008 4540 apte
1027 4467 1258 4539 poterat
1293 4460 1496 4520 dicere
1523 4459 1668 4522 illud
1702 4460 2136 4538 Apostolicum:

510 4576 535 4606 ιι
572 4549 699 4611 Non
753 4551 894 4613 licet
946 4551 1145 4625 nobis,
1185 4549 1393 4611 relicto
1443 4550 1624 4612 verbo
1656 4549 1765 4612 Dei
1799 4551 2142 4614 ministrare

506 4647 729 4702 mensis
757 4641 803 4683 21
847 4666 872 4697 »
934 4640 1178 4721 Alioqui
1207 4649 1406 4701 autem
1440 4639 1490 4700 si
1529 4639 1712 4702 visum
1749 4640 1804 4701 ei
1837 4650 1995 4703 esset
2028 4643 2141 4703 hoc

503 4731 724 4804 facere,
753 4749 1004 4792 necesse
1035 4738 1163 4792 erat
1192 4731 1464 4810 omnino,
1497 4739 1562 4788 ut
1595 4729 1848 4790 duorum
1880 4730 2139 4793 alterum

505 4820 797 4882 eveniret:
824 4837 1043 4899 nempe
1065 4825 1247 4880 utaut
1279 4827 1568 4880 consueto
1589 4817 1876 4880 alimento
1908 4819 2139 4900 relicto,

501 4917 820 4988 cogeretur
850 4909 1012 4970 vesci
1045 4906 1442 4969 crassioribus
1471 4916 1528 4969 et
1555 4907 1653 4981 iis,
1687 4906 1904 4988 quibus
1929 4927 2141 4972 vesce«

505 4998 724 5060 bantur
752 5000 1012 5060 conviva)
1041 5022 1055 5058 :
1084 4997 1245 5079 quod
1279 4996 1522 5074 quidem
1560 5015 1678 5058 non
1712 4997 1887 5060 modo
1938 5001 1991 5061 ei
2023 5019 2143 5062 non

504 5087 1039 5165 conveniebat,sed
1065 5106 1176 5150 nec
1193 5089 1444 5149 omnino
1461 5087 1516 5147 id
1533 5086 1728 5149 facere
1746 5095 2142 5165 poterat,cum

507 5177 1059 5254 male,utdiximus,
1090 5184 1250 5240 esset
1271 5177 1326 5238 ei
1352 5175 1601 5238 aﬂ‘ectus
1624 5179 1969 5241 stomachus
1995 5198 2008 5243 :
2041 5189 2144 5243 aut

505 5269 555 5328 si
581 5267 696 5329 hoc
716 5267 1037 5346 fugeret,et
1060 5267 1224 5330 tenui
1249 5266 1413 5328 victu
1440 5274 1733 5339 uteretur,
1768 5268 1842 5329 iis
1863 5270 1962 5349 qui
1991 5289 2141 5332 con-

506 5356 874 5429 vivabantur,
905 5359 1088 5435 gratis
1124 5355 1432 5418 videretur
1467 5367 1525 5416 et
1550 5357 1838 5419 molestus
1871 5376 1886 5418 :
1921 5359 2143 5439 etquid

508 5446 668 5509 aliud
702 5445 1163 5519 existimaretur,
1214 5463 1389 5526 quam
1449 5445 1566 5506 hoc
1619 5445 1814 5509 facere
1843 5450 2145 5531 superbia)

587 5612 642 5657 4°
668 5613 694 5676 ι
722 5613 858 5676 Cor.
893 5629 954 5686 ι,
991 5612 1091 5674 39.
1175 5609 1282 5674 εισι
1312 5611 1448 5676 Cor.
1479 5630 1562 5687 rx,
1595 5615 1697 5678 t3.
1782 5612 1832 5660 ’ί
1863 5619 2000 5681 Act.
2031 5637 2114 5698 v1,
2143 5625 2208 5689 2.

2219 1862 2356 1937 μηδὲ
2443 1867 2538 1938 ζῇν
2623 1864 3027 1939 πιστευόμενος,
3105 1869 3180 1930 εἷς
3265 1869 3316 1923 τί
3383 1866 3748 1947 καταλήγεις
3802 1873 3853 1940 τῇ

2219 1951 2428 2030 σκληρᾷ
2469 1954 2637 2029 ταύτῃ
2681 1955 2768 2011 καὶ
2824 1954 2968 2012 οὐδὲν
3031 1955 3212 2034 ἱλαρὸν
3259 1956 3469 2038 ἐχούσῃ
3538 1959 3632 2013 καὶ
3690 1956 3853 2036 φιλάν-

2216 2043 2424 2114 θρωπον
2485 2042 2676 2120 ἀγωγῇ
2729 2045 2822 2098 τὸν
2879 2045 3162 2124 στόμαχον
3230 2045 3570 2125 διαφθείρας,
3635 2045 3851 2126 χαλεπὸς

2217 2129 2282 2196 ἧν
2342 2131 2629 2208 προσέσθαι
2675 2155 2722 2187 τι
2776 2135 2882 2188 τῶν
2937 2134 3214 2204 ἀσυνήθων
3274 2137 3364 2192 καὶ
3419 2142 3716 2214 στερεῶν’
3773 2139 3848 2189 καὶ

2219 2218 2302 2275 διὰ
2358 2227 2514 2278 τοῦτο
2547 2219 2725 2288 ἀηδῶς
2760 2222 2897 2298 ἑώρα
2929 2225 3060 2300 πρὸς
3095 2231 3199 2280 πᾶν
3234 2224 3268 2280 ὅ
3295 2248 3342 2281 τι
3374 2226 3580 2305 χάριέν
3637 2227 3744 2281 ἐστι
3789 2232 3848 2295 τῷ

2218 2308 2420 2384 λαιμῷ,
2484 2313 2572 2367 καὶ
2634 2312 2733 2378 τὴν
2792 2311 2958 2388 ὄρεξιν
3033 2313 3370 2377 ἐκκαλεῖται.
3433 2316 3596 2381 Αὕτη
3646 2319 3740 2389 μὲν
3780 2320 3847 2369 οὖν

2219 2400 2357 2456 αἰτία
2433 2402 2528 2474 μία
2588 2409 2680 2456 τοῦ
2760 2403 2837 2475 μὴ
2914 2402 3156 2481 στέργειν
3226 2407 3384 2460 αὐτὸν
3441 2408 3511 2462 τὸ
3593 2409 3840 2479 ὁμόσιτον.

2217 2491 2447 2546 ’Ἔπειτα
2493 2491 2671 2568 κρίνας
2717 2491 2834 2548 καθ’
2885 2493 3071 2548 ἑαυτὸν
3116 2493 3206 2568 ἧν,
3269 2497 3343 2559 ὡς
3389 2493 3514 2570 εἴγε
3549 2494 3700 2552 τισὶν
3735 2493 3839 2548 ἀνά-

2222 2603 2414 2658 σχοιτο
2458 2588 2563 2636 τῶδ
2595 2582 2630 2648 ἢ
2673 2580 2822 2660 φιλίᾳ
2852 2579 3238 2660 διαφερόντων,
3272 2584 3307 2652 ἢ
3341 2583 3649 2663 ἀξιώμασι,
3684 2587 3833 2648 κοινῆς

2217 2671 2473 2748 μετέχειν
2517 2671 2812 2748 τραπέζης,
2875 2672 3120 2749 ἀνάγκην
3163 2672 3267 2738 ἕξει
3323 2675 3406 2729 καὶ
3454 2678 3600 2751 πρὸς
3664 2674 3832 2748 ἑτέρον(

2218 2767 2372 2816 τοῦτο
2418 2773 2620 2821 ποιεῖν.
2684 2760 2840 2817 Ἐπεὶ
2890 2762 3007 2824 πῶς
3083 2762 3144 2817 ἂν
3217 2762 3365 2837 μένοι
3433 2765 3678 2840 καθαρὸν
3725 2764 3826 2830 abavi:

2217 2851 2278 2904 τὸ
2348 2849 2856 2927 ἀπροσωπόληπτόν
2943 2872 3000 2906 τε
3078 2853 3166 2907 καὶ
3225 2850 3705 2925 ἀσκσνδάλιστονς
3756 2850 3825 2906 Καὶ

2219 2938 2386 3002 οὕτως
2445 2940 2518 3004 εἰς
2583 2939 2815 3002 πολλοὺς
2864 2943 2922 2996 τὸ
2967 2947 3193 3020 πρᾶγμα
3237 2940 3548 3016 διαϐαῖνον,
3605 2943 3667 2998 οὐ
3706 2942 3820 3016 μόνον

2219 3029 2450 3105 ’ἑγκοπον
2492 3032 2677 3104 ἒκείνῳ
2736 3029 2882 3086 ἔσται
2943 3031 3029 3088 καὶ
3079 3030 3324 3109 ὀχληρὸν
3357 3032 3692 3107 ἀμελετήτῳ
3730 3031 3812 3084 πάνυ

2219 3119 2474 3175 τοιούτων
2536 3119 2647 3174 όντι
2705 3127 3119 3200 περισπασμῶν,
3196 3119 3334 3180 ἀλλά
3397 3122 3486 3178 καὶ
3567 3119 3814 3196 περικοπὴν

2223 3206 2432 3283 παρέξει
2478 3221 2594 3272 τοῖς
2658 3207 2993 3289 ἀναγκαίοις,
3045 3209 3139 3266 καί
3186 3211 3277 3273 οἷς
3320 3210 3483 3274 αὐτὸς
3519 3211 3681 3267 εἴωθε
3720 3228 3822 3284 qo-

2219 3297 2418 3371 λάζειν,
2468 3299 2750 3377 προσευχῆ
2812 3298 2957 3377 λέγω
3017 3301 3106 3356 καὶ
3164 3307 3443 3380 προσοχῇ,
3494 3303 3590 3357 καὶ
3647 3305 3708 3374 τῇ
3750 3295 3823 3351 τῶν

2218 3386 2399 3444 καλῶν
2444 3385 2643 3466 διδαχῇ
2685 3408 2698 3421 ο
2762 3391 2835 3444 ὧν
2909 3390 3078 3454 οὕτως
3143 3391 3370 3467 ἐγίνετο,
3433 3392 3510 3456 ὡς
3561 3391 3648 3446 καὶ
3701 3386 3826 3447 αὐτῆς

2221 3475 2482 3539 πολλάκις
2528 3481 2628 3542 τῆς
2674 3484 2873 3557 μικρᾶς
2933 3479 3145 3546 ἐκείνης
3197 3485 3402 3558 τροφῆς
3436 3487 3822 3555 κατολιγωρεῖν,

2219 3571 2321 3645 οὐχ
2382 3565 2464 3621 ὅτι
2525 3569 2611 3622 καὶ
2656 3567 2947 3642 τραπέζαις
2996 3567 3146 3648 ἔχειν
3211 3566 3410 3625 διδόναι
3472 3567 3708 3648 σχολὴν,
3759 3563 3823 3617 καὶ

2219 3657 2483 3717 τοιούτοις
2527 3655 2812 3724 ἀνονήτοις
2869 3659 2962 3712 καὶ
3013 3671 3318 3735 περιττοῖς,
3363 3657 3448 3736 ἐφ’
3493 3660 3589 3722 οἷς
3621 3652 3752 3713 οὗδὲν
3775 3651 3819 3715 ἦν

2219 3744 2423 3817 ἀπᾷδον
2479 3745 2637 3801 αυτὸν
2697 3744 2874 3823 λέγειν
2940 3751 3000 3803 τὸ
3058 3747 3416 3806 ἀποστολικὸν
3469 3746 3651 3804 έκεῖνό
3687 3758 3817 3825 φημν

2227 3834 2383 3892 ε”Οτι
2416 3835 2510 3891 οὐκ
2543 3833 2657 3900 ἐξὸν
2687 3837 2825 3909 ἡμῖν
2860 3836 3258 3902 καταλιπόντας
3288 3840 3380 3894 τὸν
3401 3836 3566 3916 λόγον
3588 3842 3674 3893 τοῦ
3695 3837 3812 3898 Θεοῦ,

2221 3923 2505 4002 τραπέζαις
2538 3922 2833 3983 διακονεῖν.
2868 3948 2892 3983 ε
2931 3925 3149 3990 Ἄλλως
3181 3949 3238 3982 τε
3270 3926 3347 4001 δὲ,
3381 3929 3478 3983 κᾶν
3511 3925 3676 3991 ἔδοξεν
3705 3921 3814 3988 αὐτῷ

2221 4025 2376 4073 τοῦτο
2420 4027 2623 4086 ποιεῖν,
2674 4014 2886 4093 ἀνάγκη
2947 4018 3052 4071 τῶν
3110 4014 3200 4072 δύο
3272 4017 3483 4080 πάντως
3545 4011 3810 4090 συμϐαίνειν

2221 4106 2464 4184 θάτερον,
2513 4104 2549 4172 ἢ
2603 4105 2876 4182 ἀφάμενον
2921 4107 3021 4172 τὴς
3067 4108 3324 4176 συνήθους
3353 4111 3583 4185 τροφῆς,
3614 4098 3809 4177 ἀναγκέ-

2223 4201 2402 4267 ζεσθαι
2463 4195 2719 4275 μετέχειν
2779 4196 2885 4252 τῶν
2948 4195 3298 4275 παχυτέρων,
3362 4198 3452 4254 καὶ
3493 4199 3570 4253 ὧν
3612 4198 3636 4251 ὁ
3675 4187 3811 4263 καιρὸς

2224 4284 2390 4342 ἐδίδου
2473 4287 2592 4349 τοὺς
2677 4288 2960 4361 ὁμοσίτους
3034 4284 3469 4362 μεταλαμϐάνειν
3527 4287 3665 4362 (ὅπερ
3730 4280 3804 4350 οὐχ

2223 4375 2370 4437 ὅπως
2420 4379 2563 4449 αὐτῷ
2609 4374 2901 4454 συμφέρον,
2949 4373 3086 4431 ἀλλά
3145 4377 3236 4432 καὶ
3290 4374 3429 4439 ὅλως
3490 4375 3712 4432 ἀδύνατον
3735 4370 3800 4420 τοῦ

2226 4465 2527 4544 στομάχου,
2576 4465 2814 4540 καθάπερ
2862 4464 3020 4544 ἔφην,
3082 4463 3419 4544 διεφθορότος
3484 4467 3574 4522 καὶ
3611 4458 3791 4530 πονήρως

2224 4552 2328 4620 ἤδη
2373 4552 2764 4634 διακειμένου),
2810 4554 2846 4623 ἢ
2875 4562 3035 4612 τοῦτο
3063 4555 3348 4634 φεύγοντα,
3383 4557 3476 4612 καὶ
3511 4561 3602 4622 τῆς
3634 4546 3781 4604 λεπτῆί

2223 4643 2488 4724 ἐχόμενον
2519 4644 2608 4700 καὶ
2647 4641 2783 4718 μηδὲ
2817 4657 3050 4711 πτηνοῖς
3083 4645 3351 4722 ἀρκούσης
3383 4647 3606 4725 τροφῆς,
3628 4639 3777 4725 ἄιιιρογ

2225 4746 2344 4797 τοῖς
2405 4731 2850 4807 συνεστιωμένοις
2906 4732 3233 4812 ὑπειλῆφθαι
3299 4736 3388 4791 καὶ
3450 4732 3687 4813 φορτικὸν,
3724 4717 3786 4813 διξῖ

2226 4824 2286 4878 τὸ
2331 4821 2457 4879 ὅλον
2503 4822 2669 4902 τύφου
2714 4823 2803 4878 καὶ
2847 4827 3011 4888 κενῆς
3063 4808 3222 4889 δόξης
3268 4808 3493 4901 πρᾶγμα
3521 4808 3785 4902 διαπριτφ

2227 4931 2409 4986 μενον.
2442 4911 2641 4989 Ἔργον
2671 4909 2769 4985 μὲν
2809 4910 2899 4968 οὗν
2931 4913 3074 4986 αὐτῷ
3101 4911 3550 4984 σπουδαιότατον,
3599 4907 3670 4967 καὶ
3713 4899 3788 4956 ὥπ-

2227 5022 2323 5080 περ
2355 5000 2420 5071 δή
2452 5023 2605 5081 φασι,
2639 5002 2726 5057 καὶ
2766 5000 3031 5081 ἀσχολίας
3059 5001 3364 5079 ὑπέρτερον,
3391 5004 3453 5058 τὸ
3482 5008 3550 5079 τῇ
3582 4991 3788 5077 προσευχῇ

2226 5093 2579 5169 προσκεῖσθαι
2639 5091 2728 5147 ναὶ
2771 5095 3044 5170 προσοχῇ,
3091 5093 3179 5148 καὶ
3239 5105 3357 5156 τοῖς
3389 5093 3464 5154 είς
3498 5093 3626 5148 Θεὸν
3650 5084 3789 5170 αἷνοιις

2230 5180 2374 5249 Πλὴν
2420 5179 2539 5239 οὐδὲ
2571 5181 2679 5238 τῶν
2740 5187 2940 5238 κοινῶν
2993 5180 3180 5257 ἠμέλει
3225 5180 3516 5255 συνάξεων,
3551 5173 3729 5237 naidas
3750 5165 3791 5228 δὴ

2225 5275 2316 5328 τὸν
2367 5272 2553 5348 καιρὸν
2606 5269 2725 5350 ἔχει
2787 5270 3135 5348 τεταγμένον,
3219 5271 3345 5328 οἷον
3409 5271 3695 5350 νυκτερινῆς
3736 5257 3795 5350 δαί

2227 5361 2431 5441 ὀρθρίου
2464 5344 2562 5416 -καί
2605 5344 2704 5427 ἐἷς
2762 5359 2879 5450 καθ’
2927 5344 3153 5440 ἑσπέραν
3203 5359 3536 5437 δοξολογίας,
3568 5344 3709 5418 ’ἀλλὰ
3739 5344 3795 5450 καξ

2225 5453 2288 5510 τὸ
2347 5450 2538 5530 φθάσαι
2600 5450 2723 5514 τοὺς
2781 5448 2977 5516 ἄλλους
3036 5453 3135 5516 τῆς
3177 5455 3367 5514 νυκτὸς
3420 5448 3797 5519 iunius,“
