3996 6178
321 284 474 348 1101
1369 283 1554 346 VITA
1600 284 1659 345 S.
1720 280 1962 346 JOANN

2086 280 2642 361 cnavsos'rom.
3539 281 3690 348 1102

315 423 420 484 ’τὰς
490 428 583 478 τοῦ
625 424 753 478 ναοῦ
831 420 998 486 πύλας
1061 422 1271 500 πρῶτον
1344 419 1653 499 ὑπανοῖξαι,
1713 418 1960 477 Ἰωάννου

2048 435 2226 480 causa
2259 423 2318 479 et
2346 433 2512 478 vanae
2537 415 2794 496 gloriae?
2839 414 2956 479 Sed
2984 416 3061 478 de
3090 416 3185 478 his
3220 417 3463 498 quidem
3498 419 3641 482 satis
3677 438 3692 483 :

317 509 755 590 φιλοτιμήματα.
811 498 910 567 Ἠν
954 509 1010 566 δὲ
1053 513 1081 568 ὁ
1122 524 1370 589 γενναῖος
1421 512 1482 567 οῦ
1510 511 1740 567 συνιέναι
1799 510 1962 584 μόνον

2048 506 2236 569 oratio
2257 513 2455 568 autem
2481 506 2771 585 deinceps
2790 505 3019 586 reliqua
3035 505 3251 568 ordine
3270 516 3692 588 persequatur.

309 598 572 666 ὀξύτατος
628 602 693 656 τὰ
749 603 826 676 μὴ
871 613 987 665 τοῖς
1030 599 1256 663 πολλοῖς
1301 599 1496 667 ’ἐνδηλα
1551 605 1658 656 τῶν
1717 605 1960 678 Γραφῶν,

316 691 598 768 εὐστόχως
630 712 686 746 τε
718 691 1227 770 καταστοχάσασθαι
1279 695 1376 757 τῆς
1435 696 1528 746 τοῦ
1557 687 1812 770 λέγοντος
1844 686 1962 744 δια-

317 767 640 858 νοίαςη(καῖ
698 782 852 836 τοῦτο
1033 781 1094 834 τὸ
1145 786 1238 836 τοῦ
1307 777 1690 853 Σαλομῶντος,
1753 767 1962 846 Ῥήσεις

320 873 522 946 γνῶναι
581 875 761 948 σοφῶν
815 870 902 924 καὶ
955 869 1292 946 αἰνίγματα),
1344 867 1479 924 ἀλλὰ
1524 869 1612 924 καὶ
1643 870 1964 944 ἑρμηνεῦσαι

319 960 387 1016 τὸ
445 959 636 1025 νοητὸν
687 957 927 1025 ε’ύληπτα
977 959 1063 1014 καί
1093 957 1436 1038 διαφωτίσαι,
1467 959 1562 1013 καὶ
1592 957 1652 1012 τὸ
1681 964 1772 1013 τοῦ
1803 955 1965 1033 λόγου

323 1045 490 1114 δῆλον
547 1047 688 1119 αύτῷ
744 1048 833 1104 καὶ
891 1045 1072 1128 τύφλῷ
1120 1046 1322 1120 θέσθαι,
1382 1052 1488 1102 τῶν
1523 1045 1584 1102 ἐκ
1627 1055 1716 1104 τοῦ
1768 1046 1965 1110 παντὸς

322 1138 516 1200 αἰῶνος
572 1136 938 1214 εὖγλώττατός
1001 1158 1057 1192 τε
1117 1137 1205 1193 καὶ
1246 1136 1599 1199 ἱκανώτατος,
1647 1135 1828 1208 Τούτῳ
1864 1137 1963 1191 πό-

317 1229 415 1292 θος
476 1225 573 1299 μὲν
631 1227 696 1294 ἦν
747 1228 831 1282 καὶ
878 1227 1009 1304 πρὸς
1066 1224 1268 1287 πάντας
1325 1226 1448 1290 τοὺς
1513 1225 1706 1303 σοφούς
1759 1245 1816 1279 τε
1877 1227 1961 1279 καὶ

321 1317 616 1394 μακαρίους
675 1313 887 1394 ἄνδρας,
943 1315 1221 1395 προφήτας
1272 1317 1412 1390 φημὶ
1464 1317 1549 1371 καὶ
1601 1312 1959 1388 ἀποστόλους,

315 1407 412 1461 καὶ
441 1404 584 1470 ὅσοις
621 1403 686 1472 δὴ
717 1406 800 1462 θιὰ
829 1404 1128 1480 πνεύματος
1159 1407 1185 1461 ὁ
1230 1405 1388 1482 λόγος
1441 1406 1726 1484 προήχθη,
1773 1403 1958 1480 ἀμέλει

2046 597 2368 660 Maximum
2402 614 2541 675 ergo
2575 595 2638 656 in
2671 595 2783 657 hoc
2833 595 3092 676 ponebat
3124 594 3410 670 studium,
3445 605 3506 659 ut
3539 598 3694 660 assi-

2048 686 2164 748 due
2192 694 2534 748 versaretur
2566 685 2626 746 in
2659 684 2933 746 oratione
2967 691 3027 747 et
3058 684 3478 760 meditatione,
3501 694 3560 748 et
3588 704 3694 749 re-

2044 792 2178 836 rum
2215 775 2600 837 honestarum
2634 773 2907 836 doctrina
2935 782 2994 834 et
3020 773 3126 835 Dei
3171 772 3538 839 laudatione.
3573 775 3694 840 Sed

2047 881 2242 944 neque
2255 881 2606 924 communes
2626 863 2968 942 negligebat
2989 864 3692 943 congregationes,etea,

2046 971 2177 1033 qua:
2207 960 2442 1032 tempus
2474 951 2701 1014 habent
2748 953 3168 1028 constitutum,
3205 961 3411 1034 utpote
3445 963 3695 1016 noctur-

2048 1050 2277 1116 nam,et
2296 1042 2740 1113 matutinam.et
2765 1061 2899 1119 quae
2923 1043 2986 1103 tit
3009 1043 3691 1126 vespere,gloriﬁcatio-

2047 1148 2208 1194 nem.
2244 1131 2584 1204 Quinetiam
2605 1131 3013 1194 contendebat
3034 1131 3300 1196 Joannes
3330 1141 3510 1195 noctu
3543 1151 3692 1215 pro-

2045 1219 2268 1282 cedens
2293 1221 2444 1283 alios
2476 1221 2833 1302 praevenire,
2869 1229 2925 1283 et
2953 1221 3160 1302 templi
3194 1228 3399 1303 portas
3431 1222 3695 1304 primum

2044 1309 2448 1390 aperire.Haac
2470 1318 2666 1372 autem
2692 1311 3217 1391 cujusmodi‘lErat
3235 1312 3394 1373 enim
3419 1313 3698 1393 egregius

2043 1397 2308 1462 Joannes
2340 1400 2752 1474 acutissimus,
2785 1419 2906 1462 non
2939 1401 3130 1461 solum
3165 1401 3238 1462 ad
3267 1400 3699 1481 intelligendas

315 1497 410 1551 καὶ
466 1493 585 1550 ὅσαι
639 1496 771 1572 ώραι
831 1501 939 1550 τῶν
981 1490 1201 1570 βιϐλίων
1247 1495 1420 1551 αὖτὼν
1474 1493 1687 1572 εἴχετο,
1723 1495 1811 1549 καὶ
1841 1505 1962 1555 τοῖς

2048 1489 2550 1570 Scripturas,quaa
2567 1508 2599 1550 a
2616 1489 2795 1568 vulgo
2818 1509 2938 1552 non
2959 1497 3210 1571 possunt
3230 1491 3694 1572 comprehendi,

316 1585 555 1662 ῥήμασιν
603 1584 877 1662 ἐνετρύφα,
933 1586 1033 1660 (τῷ
1087 1585 1187 1662 γὰρ
1219 1584 1414 1664 ὁμοίῳ,
1447 1585 1598 1662 φασὶ,
1632 1585 1693 1639 τὸ
1727 1582 1960 1660 ὅμοιον),

2048 1585 2103 1640 et
2136 1580 2210 1639 ad
2242 1578 2386 1640 dicti
2421 1579 2860 1659 conjiciendum
2895 1596 3179 1658 germane
3205 1580 3564 1641 sententiam
3598 1581 3700 1642 in-

320 1673 518 1730 Παύλω
545 1671 596 1729 δὲ
647 1679 724 1746 τῷ
781 1673 971 1750 κήρυκι
1025 1675 1114 1729 καὶ
1157 1671 1560 1752 προσιτετήκει,
1622 1673 1708 1728 καὶ
1761 1671 1962 1748 ἱμέροις

2048 1667 2522 1746 geniosissimus,
2559 1675 2618 1730 et
2651 1674 2715 1730 ut
2746 1667 2895 1729 dicit
2929 1666 3213 1730 Salomon
3241 1667 3324 1742 29,
3359 1669 3434 1730 ad
3467 1687 3696 1748 cogno-

317 1765 455 1819 τισὶν
513 1761 837 1841 ὰποῤῥήτοις
898 1765 1039 1836 αὒτῷ
1092 1763 1414 1837 συνήπτετο,
1478 1763 1564 1818 καὶ
1615 1760 1794 1839 λόγοις
1848 1774 1962 1825 τοῖς

2049 1755 2275 1818 scenda
2307 1756 2466 1818 dicta
2497 1756 2837 1837 sapientum
2889 1766 2949 1820 et
3006 1759 3340 1839 aenigmata,
3377 1757 3483 1821 sed
3517 1760 3697 1821 etiam

320 1852 525 1909 ἐκείνου
576 1851 745 1924 διέζη.
785 1853 883 1910 Καὶ
931 1851 1092 1919 δῆλός
1151 1851 1262 1908 ἔστι
1315 1850 1576 1930 πολλαχῆ
1631 1857 1738 1906 τῶν
1787 1850 1962 1926 λόγων

2048 1845 2119 1908 ad
2145 1845 2226 1921 id,
2254 1846 2411 1928 quod
2443 1846 2844 1923 intellexerat,
2877 1847 3053 1910 facile
3078 1846 3602 1930 interpretandum
3635 1858 3700 1912 et

323 1946 485 2001 αὐτοῦ
543 1941 910 2017 μεμνημένος,
973 1943 1060 1998 καὶ
1109 1949 1262 1999 τοῦτο
1315 1942 1511 2020 τροφὴν
1542 1939 1728 2007 ἡδεῖαν
1770 1941 1964 1998 ποιού-

323 2053 511 2107 μενος,
545 2033 634 2088 καὶ
686 2037 785 2099 τῆς
843 2029 896 2087 ἐν
942 2031 1086 2105 αὒτῷ
1127 2031 1324 2111 φλογὸς
1385 2031 1738 2109 παραμύθιον.
1805 2029 1963 2087 ’Ὅθεν

322 2122 412 2177 καὶ
468 2122 602 2177 κατὰ
657 2121 776 2186 τοὺς
836 2119 1045 2200 δριμεῖς
1105 2120 1327 2198 ἐραστὰς
1385 2121 1471 2175 καὶ
1532 2120 1670 2178 πάνυ
1734 2117 1965 2182 διακαῶς

323 2210 577 2290 ἔχοντας,
635 2213 724 2269 καὶ
777 2213 1038 2279 ἡττῆσθαι
1088 2211 1274 2268 τούτου
1325 2208 1585 2287 ὁμολογεῖ
1612 2211 1700 2266 καὶ
1730 2207 1964 2265 δυσαπο-

326 2301 577 2365 σπάστως
635 2301 785 2380 ἔχειν
819 2319 834 2334 ⁸
896 2301 986 2358 καὶ
1045 2301 1117 2362 ὡς
1178 2297 1426 2378 ἀλλαχοῦ
1457 2298 1552 2373 μὲν
1583 2300 1726 2372 αύτῷ
1757 2300 1791 2365 ἡ
1828 2298 1967 2374 ὁρμὴ

320 2400 414 2448 τοῦ
469 2389 654 2468 λόγου,
719 2389 904 2446 τούτου
970 2387 1026 2444 δὲ
1072 2391 1146 2451 εἷς
1186 2389 1408 2463 μνήμην
1462 2385 1693 2464 ἐλθόντι,
1728 2387 1965 2464 καθάπερ

322 2479 423 2536 ὑπό
477 2501 637 2534 τινων
701 2477 902 2534 ἁλῶναι
962 2477 1195 2552 δεσμῶν,
1262 2478 1348 2533 καὶ
1391 2477 1478 2532 επὶ
1535 2475 1670 2534 πολὺ
1729 2490 1964 2533 συνεῖναι

321 2567 526 2647 φιλεῖν,
560 2569 646 2622 καὶ
681 2569 758 2642 μὴ
810 2564 1000 2644 ῥᾳδίωξ
1044 2565 1424 2642 ἀπαλλαγῆναι
1483 2565 1754 2627 δύνασθαι,
1814 2564 1965 2624 Οὕτω

321 2655 488 2720 πολὺς
533 2657 677 2726 αύτῷ
734 2656 822 2710 καὶ
863 2653 1164 2732 ἀπύρῥητος
1233 2656 1260 2710 ὁ
1309 2656 1440 2732 πρὸς
1505 2653 1714 2710 Παῦλον
1775 2655 1959 2726 πόθος,

324 2745 462 2800 ὥστε
492 2745 830 2822 ἁρμοζόντως
870 2744 1066 2823 εἷπὲϊν,
1098 2752 1252 2802 τοῦτο
1294 2745 1437 2800 εἶναι
1473 2742 1693 2810 Ἰωάννη
1728 2741 1958 2811 Παῦλον,

2048 1933 2502 2016 illustrandum,
2536 1946 2592 1998 et
2622 1947 2684 1998 ut
2715 1937 2958 2013 dicitur,
2986 1937 3059 1999 ad
3093 1937 3153 1999 id
3183 1938 3276 2000 vel
3310 1957 3467 2002 caeco
3491 1947 3699 2020 aperte

2051 2024 2759 2102 ostendendum,eorum,
2780 2027 2882 2107 qui
2907 2028 3148 2090 fuerunt
3170 2046 3240 2090 ex
3264 2029 3425 2090 omni
3450 2028 3692 2104 saeculo,

2051 2114 2515 2177 facundissimus
2543 2124 2599 2178 et
2660 2116 2916 2179 maxime
2964 2118 3248 2182 idoneus.
3273 2117 3421 2198 Ejus
3449 2117 3696 2200 quidem

2051 2213 2182 2268 erat
2213 2223 2466 2286 magnus
2495 2225 2666 2268 amor
2698 2206 2760 2268 in
2792 2225 3024 2284 omnes,
3058 2208 3162 2287 qui
3219 2226 3354 2270 cum
3402 2227 3496 2285 eo,
3533 2208 3697 2288 quod

2050 2294 2129 2372 pii
2160 2294 2400 2355 fuerunt
2433 2313 2504 2356 ex
2531 2294 2869 2368 Deo,etiam
2892 2297 3069 2359 vitam
3097 2305 3352 2375 egerunt
3379 2315 3392 2360 :
3426 2298 3695 2379 prophe-

2052 2392 2160 2458 tas,
2197 2384 2464 2464 inquam,
2518 2393 2578 2446 et
2635 2385 2960 2466 apostolos,
3017 2394 3076 2448 et
3108 2385 3330 2467 quibus
3360 2388 3556 2450 oratio
3589 2405 3699 2469 per

2050 2473 2323 2553 spiritum
2360 2474 2732 2554 promanavit
2766 2493 2779 2534 :
2817 2475 2878 2535 in
2908 2491 3115 2536 eorum
3153 2483 3318 2538 certe
3352 2476 3522 2539 libris
3553 2495 3694 2539 ver-

2050 2562 2294 2625 sabatur
2325 2563 2588 2638 assidue,
2626 2574 2686 2626 et.
2717 2563 2776 2624 in
2803 2582 3010 2626 eorum
3037 2565 3233 2626 verbis
3256 2566 3574 2629 maximam
3605 2586 3700 2630 ca-

2051 2650 2252 2730 piebat
2281 2652 2668 2732 voluptatem.
2701 2653 2912 2716 Simile
2958 2653 3146 2734 enim,
3185 2663 3248 2716 ut
3290 2655 3480 2728 aiunt,
3515 2656 3698 2718 simili

2049 2740 2402 2803 delectatur.
2442 2741 2626 2803 Paulo
2678 2750 2878 2804 autem
2931 2743 3192 2823 praeconi
3224 2752 3385 2808 totus
3414 2745 3693 2808 adhaere-

321 2833 453 2912 ὅπερ
543 2832 734 2905 Παύλῳ
821 2834 1044 2910 Χριστὸς
1133 2833 1418 2912 ἐτύγχανε,
1495 2831 1695 2908 μᾶλλον
1754 2830 1806 2888 δὲ
1864 2833 1962 2886 καί

2048 2829 2275 2906 scebat,
2313 2838 2372 2891 et
2403 2831 2693 2894 ineffabili
2726 2833 2987 2912 quodam
3023 2833 3327 2896 desiderio
3379 2846 3510 2897 erat.
3541 2854 3692 2898 con-

321 2921 542 2998 Ἰωάννῃ
601 2924 736 2982 κατὰ
789 2921 994 2978 Παῦλον
1057 2921 1281 2998 Χριστός
1323 2938 1336 2951 ”
1383 2922 1497 2978 ἐπεὶ
1557 2924 1644 2977 καὶ
1715 2929 1958 2979 τοσοῦτοι

2048 2919 2307 2998 junctus,
2343 2929 2401 2982 et
2433 2920 2666 2982 vivebat
2697 2920 2861 2984 illius
2892 2922 3454 2987 sermonibus.Nam
3487 2933 3696 3007 aperte

319 3012 560 3068 κάκείνου
591 3011 675 3069 διὰ
703 3013 930 3084 Χριστὸν
961 3012 1007 3067 οί
1039 3015 1169 3088 πρὸς
1197 3011 1404 3067 Παῦλον
1436 3010 1649 3089 ἔρωτες.

2048 3008 2250 3070 multis
2289 3009 2348 3070 in
2385 3010 2534 3071 locis
2570 3009 2890 3072 verborum
2910 3014 3041 3090 ejus
3061 3015 3548 3097 meminit,idque
3567 3033 3688 3076 ma-

323 3117 470 3178 gnas
501 3099 666 3173 ducit
697 3115 833 3161 esse
863 3098 1112 3161 delicias
1142 3107 1200 3160 et
1230 3099 1482 3162 internas
1511 3099 1764 3160 ﬂamma:
1799 3099 2304 3161 consolationem.
2343 3098 2600 3180 Pr0pter
2632 3119 2806 3180 quam
2859 3120 3096 3164 causam
3129 3103 3230 3166 ille
3262 3124 3499 3186 quoque
3524 3107 3693 3168 simi-

319 3190 457 3251 liter
498 3199 676 3270 atque
704 3189 747 3250 ii
779 3187 878 3269 qui
911 3195 1112 3250 amant
1143 3189 1380 3265 insane,
1412 3196 1470 3250 et
1499 3197 1643 3250 sunt
1689 3188 1860 3251 valde
1892 3188 2267 3268 inﬂammati,
2302 3189 2520 3251 fatetur
2578 3209 2645 3251 se
2674 3190 2747 3252 ab
2782 3209 2852 3252 eo
2904 3208 3037 3253 esse
3067 3206 3437 3272 superatum,
3471 3205 3530 3258 et
3577 3215 3697 3258 non

321 3297 495 3358 posse
542 3277 618 3340 ab
650 3296 719 3340 eo
771 3277 999 3354 divelli,
1027 3287 1087 3340 et
1116 3277 1342 3340 alicubi
1393 3277 1637 3358 quidem
1670 3277 1730 3338 in
1761 3278 1892 3359 ipso
1948 3277 2178 3359 impetu
2214 3279 2527 3351 orationis,
2564 3297 2696 3340 cum
2747 3279 2850 3342 ille
2889 3282 2943 3342 ei
2993 3283 3249 3344 venisset
3281 3284 3343 3344 in
3405 3293 3692 3362 mentem,

319 3376 525 3448 captus
554 3367 660 3429 fuit
688 3367 866 3430 veluti
900 3387 934 3428 a
963 3367 1323 3448 quibusdam
1352 3368 1631 3444 vinculis,
1667 3375 1725 3428 et
1755 3367 2081 3447 plurimum
2113 3387 2248 3430 cum
2285 3386 2356 3429 eo
2391 3369 2612 3430 morari
2647 3369 3008 3446 magnifacit,
3044 3381 3102 3432 et
3143 3390 3262 3433 non
3290 3373 3465 3436 facile
3497 3383 3692 3454 potest

318 3457 390 3518 ab
423 3475 498 3520 eo
529 3456 864 3520 discedere.
899 3457 1042 3519 Tam
1081 3475 1330 3536 magnus
1372 3465 1430 3520 et
1463 3467 1578 3519 tam
1609 3455 1930 3519 ineﬂ'abilis
1961 3455 2071 3517 fuit
2101 3456 2234 3536 ejus
2264 3475 2434 3519 amor
2465 3458 2524 3519 in
2559 3458 2827 3536 Paulum,
2863 3472 2924 3520 ut
2953 3461 3050 3540 qui
3081 3461 3166 3522 sic
3196 3461 3508 3536 dicit,vere
3541 3464 3700 3531 dicat

319 3547 431 3609 hoc
475 3545 698 3610 Joanni
728 3563 861 3608 esse
913 3546 1186 3622 Paulum,
1222 3547 1382 3628 quod
1439 3545 1622 3610 Paulo
1656 3545 1766 3607 fuit
1817 3544 2087 3607 Christus
2123 3568 2136 3610 :
2199 3547 2321 3608 imo
2349 3565 2492 3610 vero
2539 3548 2755 3610 Joanni
2811 3568 3046 3631 quoque
3077 3552 3185 3613 luit
3237 3551 3507 3616 Christus
3539 3556 3693 3620 sicut

320 3636 526 3700 Paulo.
561 3637 711 3700 Nam
745 3645 943 3698 tantus
973 3654 1211 3718 quoque
1239 3637 1400 3699 illius
1433 3643 1680 3717 propter
1711 3634 2006 3698 Christum
2041 3635 2150 3698 fuit
2178 3655 2347 3699 amor
2373 3638 2432 3698 in
2468 3637 2740 3701 Paulum.

405 3725 540 3789 KB'.
596 3727 790 3784 Τούτου
848 3739 969 3792 ταῖς
1049 3726 1362 3793 ὲπιστολαῖς
1423 3727 1818 3806 ἐντυγχάνοντα
1875 3727 1962 3783 τὸν

2129 3725 2311 3789 XXII.
2349 3725 2493 3789 Cum
2516 3727 2647 3806 ejus
2669 3736 2868 3790 autem
2897 3728 3193 3810 Epistolas
3214 3731 3441 3811 legeret
3460 3735 3558 3798 hic
3580 3755 3700 3798 ma-

324 3815 488 3894 μέγαν
518 3821 704 3873 τοῦτον
763 3816 1018 3883 Ἰωάννην
1071 3817 1233 3896 φημὶ,
1269 3819 1356 3873 καὶ
1387 3815 1622 3892 μελέτην
1653 3817 1814 3879 αὑτὰς
1857 3816 1961 3892 ἔμ-

2048 3834 2198 3894 gnus
2215 3815 2572 3889 Joannes,et
2595 3817 2652 3878 in
2670 3835 2876 3880 earum
2895 3821 3279 3882 convenienti
3305 3823 3700 3889 meditatione

326 3906 464 3982 μελῆ
537 3907 625 3962 καὶ
685 3906 887 3985 τροφὴν
957 3905 1176 3975 ἡδίστην
1239 3908 1583 3982 ποιούμενον,
1651 3905 1791 3963 ἀλλὰ
1851 3907 1960 3980 καὶ,

2048 3925 2328 3996 magnum
2363 3907 2630 3968 studium
2667 3918 2944 3989 poneret,
2972 3909 3306 3986 quinetiam
3343 3915 3538 3992 quoad
3568 3917 3701 3996 ejus

325 4001 396 4058 ὡς
441 3997 562 4054 οἶόν
590 4017 668 4070 τε,
705 3995 772 4051 δι’
807 3995 1003 4072 αὒτῶν,
1037 3997 1158 4060 οἶος
1190 3998 1291 4064 την
1321 3997 1505 4078 ψυχὴν
1539 3999 1566 4052 ὃ
1607 3995 1836 4070 Παῦλος,
1871 4018 1962 4052 κα-

2048 3995 2182 4058 ﬁeri
2207 3997 2634 4078 posset,qualis
2669 4006 2829 4060 esset
2856 3999 3096 4060 animus
3131 4000 3494 4075 Pauli,scire
3520 3995 3702 4087 cupe-

332 4089 588 4161 ταμαθεῖν
634 4082 962 4165 γλιχόμενον
1026 4085 1158 4164 ἔρως
1210 4085 1419 4154 εἰσῆλθε
1471 4094 1562 4144 τοῦ
1604 4087 1816 4144 καὶτὸν
1846 4093 1962 4142 νοῦν

2048 4094 2310 4160 ret,eum
2339 4086 2528 4150 subiit
2545 4087 2913 4151 desiderium
2937 4107 3142 4151 earum
3167 4090 3508 4171 explicandi
3527 4082 3698 4156 intel-

329 4177 585 4255 ὶκφράσαι
639 4177 730 4232 τὸν
788 4174 842 4230 ἐν
901 4180 1112 4264 αὐταῖς,
1162 4181 1252 4234 καί
1307 4179 1368 4234 τὸ
1397 4176 1594 4240 κάλλος
1636 4178 1725 4234 καὶ
1781 4177 1962 4252 βάθος,

2053 4176 2456 4257 ligentiam,et
2484 4177 2813 4254 efﬁciendi,
2838 4187 2901 4240 ut
2925 4179 3222 4260 perveniri
3251 4190 3452 4261 posset
3470 4183 3541 4245 ad
3565 4185 3698 4264 ejus

329 4265 457 4343 ὅπερ
519 4265 679 4321 εἰσέτι
737 4278 855 4329 τοῖς
916 4263 1144 4331 πολλοῖς
1206 4264 1401 4334 ἄδηλον
1489 4267 1579 4342 ἧν,
1642 4265 1962 4342 ἱκκαλύψαι.

2053 4267 2606 4350 profundum,quod
2630 4287 2664 4330 a
2687 4268 2888 4332 multis
2911 4269 3175 4331 nondum
3191 4278 3354 4332 recte
3367 4263 3698 4352 cognosCe-

329 4352 529 4430 ’Ἐργου
586 4361 868 4432 τοιγαροῦν
927 4354 1222 4438 ἁψάμενος,
1269 4357 1356 4412 καὶ
1413 4356 1546 4431 πρὸς
1604 4353 1745 4421 λέξιν
1776 4357 1962 4422 ταύτας

2055 4357 2408 4421 batur.Rem
2429 4358 2627 4440 itaque
2644 4368 3048 4439 aggressus,et
3073 4358 3204 4421 illas
3226 4360 3299 4422 ad
3324 4361 3568 4424 verbum
3595 4363 3696 4425 in-

331 4440 712 4518 διερμηνεύων,
773 4441 1068 4514 ὶπδοιάζων
1135 4468 1249 4508 πως
1303 4445 1392 4501 καὶ
1435 4442 1789 4521 ἀναδυόμενος
1850 4446 1962 4504 χαθ¹

2054 4449 2581 4529 terpretans,apud
2605 4466 2670 4510 se
2693 4448 3136 4530 quodammodo
3161 4448 3470 4514 dubitabat
3493 4461 3552 4516 et
3576 4453 3695 4516 dif-

333 4531 518 4588 ἑαυτὸν
550 4534 617 4599 ἦν
652 4547 666 4561 ⁸
703 4533 790 4589 καὶ
817 4539 974 4590 τοῦτο
1002 4532 1056 4590 δὲ
1088 4534 1301 4597 πάντως
1332 4535 1434 4590 ὑπὸ
1491 4534 1584 4591 τοῦ
1635 4533 1833 4615 σφόδρα
1876 4560 1962 4614 φι-

2051 4536 2378 4602 ferebaLId
2404 4546 2604 4599 autem
2630 4557 2698 4600 ex
2724 4557 2794 4600 eo
2823 4537 3314 4621 oriebatur,quod
3334 4540 3503 4604 illum
3524 4542 3697 4607 valde

332 4621 448 4678 λεῖν
477 4623 564 4677 καὶ
596 4621 837 4709 ἀρέσκειν
869 4623 1113 4702 ἀτεχνῶς
1148 4622 1451 4699 βούλεσθαι.
1482 4625 1552 4682 Τὸ
1584 4623 1638 4679 δὲ
1687 4623 1962 4703 ἀμφισϐη-

2052 4625 2353 4706 diligeret,
2389 4634 2447 4687 et
2476 4633 2531 4687 ei
2567 4629 2741 4690 vellet
2773 4628 3020 4690 omnino
3052 4629 3383 4709 placerejd
3417 4650 3582 4706 vero,
3613 4633 3690 4696 de

330 4712 585 4785 10t'ajaevoa
612 4708 777 4773 οὕτως
808 4710 1092 4788 ί⁹ίσ.τοῦτοΙ
1129 4715 1219 4786 ἦν,
1252 4713 1297 4768 εἰ
1327 4717 1404 4786 τῷ
1433 4712 1627 4787 Παύλῳ
1657 4714 1790 4770 κατὰ
1823 4715 1962 4790 γνώ-

2054 4735 2169 4796 quo
2203 4715 2536 4791 dubitabat,
2572 4725 2725 4791 erat,
2762 4736 2900 4780 num
2928 4708 3111 4781 Paulo
3141 4728 3340 4798 gratus
3373 4730 3532 4785 esset
3562 4725 3690 4802 ejus

331 4823 438 4875 μην
472 4803 499 4856 ὁ
533 4799 718 4876 πόνος,
777 4801 821 4855 εἰ
874 4799 1051 4866 καλῶς
1105 4802 1482 4881 ἐφικνούμενός
1525 4802 1635 4861 ἐστι
1666 4808 1763 4871 τῆς
1810 4806 1962 4863 αὑτοῦ

2052 4803 2243 4886 labor;
2276 4823 2351 4868 an
2383 4814 2548 4868 recte
2576 4815 3009 4888 assequeretur
3039 4817 3305 4873 mentem
3332 4811 3490 4891 ejus,
3512 4799 3690 4895 quem

331 4889 584 4969 διανοίας,
635 4891 728 4946 καί
784 4891 865 4964 μὴ
924 4889 1104 4970 πόῤῥω
1149 4897 1248 4959 τῆς
1305 4890 1552 4958 ἀληθείας
1609 4891 1824 4969 βάλλων
1880 4896 1962 4951 καί

2054 4897 2565 4970 diligebat,etnum
2591 4899 2762 4974 longe
2785 4916 2817 4958 a
2848 4904 3088 4962 veritate
3112 4904 3340 4962 abesset
3360 4889 3416 4964 et
3439 4922 3469 4965 a
3494 4889 3690 4979 scopo,

328 4987 418 5037 τοῦ
479 4985 702 5039 σκοποῦ.
766 4986 929 5037 Τοῦτο
985 4981 1122 5037 κατὰ
1177 4988 1296 5038 νοῦ)
1329 4979 1601 5062 στρέφοντι
1642 4983 1730 5039 καὶ
1773 4982 1962 5040 διαπο-

2055 4979 2181 5044 Hoc
2203 5001 2340 5045 cum
2373 4983 2435 5046 in
2462 4993 2663 5046 mente
2693 4994 2959 5048 versaret
2991 4987 3392 5065 etdubitaret,
3417 4997 3476 5052 et
3504 4989 3692 5054 Deum

331 5079 522 5146 ροῦντι,
571 5067 716 5144 μάλα
772 5088 830 5124 τε
888 5075 980 5126 τοῦ
1031 5075 1161 5126 Θεοῦ
1196 5069 1431 5146 δεομένῳ
1460 5069 1786 5151 διασαφῆσαι
1826 5075 1962 5148 αύτῷ

2052 5071 2221 5166 valde
2254 5081 2514 5166 rogaret,
2549 5081 2612 5166 ut
2634 5074 2730 5166 id,
2767 5075 2845 5166 de
2874 5094 2993 5166 quo
3027 5077 3362 5166 dubitabat,
3401 5080 3458 5143 ei
3490 5089 3695 5144 notum

334 5160 390 5214 τὸ
447 5154 921 5238 ἀμφιϐαλλόμενον
961 5173 975 5188 ⁶
1039 5161 1133 5215 οὒκ
1185 5166 1260 5223 είς
1321 5161 1528 5238 μακρὰν
1576 5159 1846 5219 ἐπιλύεται
1906 5165 1962 5219 τὸ

2051 5159 2378 5254 fieretmon
2411 5162 2514 5224 diu
2541 5162 2733 5254 abfuit
2763 5154 3222 5229 solutioﬂodus
3250 5177 3450 5232 autem
3476 5170 3700 5254 qualis?

331 5248 651 5321 ζητούμενον
686 5265 702 5280 ·
738 5249 836 5302 καὶ
883 5247 916 5315 ἡ
963 5245 1110 5311 λύσις
1163 5249 1388 5328 καθαρὰ,
1435 5251 1522 5306 καὶ
1565 5248 1732 5325 μηδὲν
1765 5249 1962 5331 ἔχουσα

2052 5251 2159 5314 Est
2183 5252 2341 5313 enim
2367 5271 2577 5316 revera
2597 5253 2718 5316 Deo
2743 5255 2959 5333 dignus
2984 5263 3043 5318 et
3063 5255 3226 5319 illius
3251 5245 3699 5341 sapientia.Sed

331 5335 590 5431 δυσμαθές
641 5335 678 5402 ἢ
735 5333 1038 5416 ἀμφίδοξον,
1094 5339 1120 5392 ὁ
1180 5333 1232 5393 δὲ
1260 5339 1457 5431 τρόπος
1490 5342 1790 5416 θαυμαστὸς
1822 5346 1962 5431 οἶος,

2054 5349 2146 5403 est
2173 5341 2629 5431 attendendum.
2668 5343 2860 5407 Habet
2888 5345 3049 5407 enim
3075 5348 3298 5411 varium
3321 5333 3618 5431 'quiddam
3643 5357 3703 5412 et

333 5425 438 5484 Καὶ
495 5423 596 5503 γάρ
649 5427 750 5491 τῆς
807 5432 900 5484 τοῦ
960 5432 1090 5485 Θεοῦ
1150 5426 1334 5507 σοφίας
1395 5427 1506 5487 ἐστὶ
1551 5431 1637 5488 καὶ
1696 5437 1803 5489 τῶν
1834 5430 1962 5490 ὁδῶν

2053 5430 2542 5497 admirabile.Vir
2570 5433 2838 5516 quidam,
2864 5435 2968 5516 qui
2993 5423 3402 5516 magistratum
3433 5447 3702 5523 gesserat

411 5583 474 5634 ’ί
499 5582 680 5650 Prov.
712 5601 756 5666 ι,
789 5587 848 5652 6.
