3996 6178
309 327 461 394 1105

1350 325 1535 390 VITA
1581 323 1643 386 S.
1685 316 2009 386 JOANNIS
2051 319 2608 384 CHRYSOSTOMI.

3517 320 3666 386 1106

301 467 578 544 χαρίζεται
639 464 870 541 μᾶλλον,
926 467 1023 532 τὴν
1069 464 1138 527 είς
1179 464 1270 520 τὸν
1315 462 1482 541 μέγαν
1525 459 1733 518 εἴσοδον
1780 461 1930 517 αὑτὸν

2024 475 2132 537 pus
2155 468 2280 520 erat
2310 475 2656 538 perpessus,
2682 475 2801 520 non
2833 476 2900 520 se
2925 457 3252 537 benignum
3284 455 3662 537 praebuisset,

303 568 427 618 ταῖς
488 553 778 619 ἀναϐολαῖς
837 552 1190 630 κατατρίϐων.
1267 552 1504 609 Ἐκείνου
1559 549 1612 607 δὲ
1664 547 1937 608 διαϐεϐαι-

304 651 490 708 οὖντος
521 645 671 702 οὖδὲν
702 647 847 702 εἶναι
878 646 1145 722 τοιοῦτεν,
1202 642 1338 698 ἃλλά
1377 642 1518 718 παρὰ
1561 647 1735 697 πᾶσαν
1780 644 1940 698 αὖτού

301 735 553 803 αἴσθησιν
611 758 671 792 τε
727 737 816 790 καὶ
871 741 1069 812 γνῶσιν
1121 742 1274 791 τοῦτο
1333 729 1660 808 συμϐαίνειν,
1707 733 1779 793 ὡς
1835 728 1938 796 ἤδη

304 825 442 881 πολὺ
473 827 573 898 μὲν
601 831 698 892 τῆς
727 825 911 886 νυκτὸς
941 822 1159 896 ἤνυστο,
1192 819 1360 897 μηδὲν
1391 819 1444 876 δὲ
1475 822 1509 888 ἡ
1558 819 1784 885 ἔντευξις
1829 821 1936 874 ὑπ-

303 913 388 969 ελ)
402 917 646 989 άττοντο,
681 914 839 972 πάλιν
869 915 930 970 τὸ
955 912 1104 978 ξύλον
1147 911 1419 989 κρουσθέν,
1457 909 1630 976 λύπης
1663 910 1822 989 (φεῦἰ)
1853 909 1938 964 καὶ

302 1007 622 1082 βαρυθυμίας
706 1005 902 1079 μεστὸν
987 1004 1074 1058 τὸν
1155 999 1428 1077 ἄνθρωπον
1485 999 1817 1073 ἀποπέμπει,
1880 998 1938 1053 οὐ

303 1095 409 1164 μὴν
468 1094 608 1151 ὥστε
665 1095 752 1148 καὶ
794 1093 1100 1168 ἀπογνῶναι
1145 1089 1245 1155 τὴν
1276 1093 1500 1150 εἰσαῦθις
1535 1086 1811 1148 ἐπάνοδον,
1851 1088 1938 1159 Τῴ

301 1182 354 1239 δὲ
415 1182 637 1261 Πρόκλῳ
687 1183 972 1256 θαυμάζειν
1004 1181 1102 1254 μὲν
1160 1180 1405 1256 ἀτεχνῶς
1450 1179 1647 1253 ἐπῄει·
1686 1176 1940 1256 ἐγκαλεῖν

300 1271 353 1328 δὲ
413 1275 588 1350 παρῆν
633 1269 820 1332 οὐδενὶ.
883 1272 1053 1344 ἑαυτῷ
1123 1267 1178 1324 δὲ
1235 1268 1534 1344 μέμφεσθαι
1580 1265 1810 1339 μᾶλλον,
1868 1271 1940 1328 ὡς

299 1364 442 1430 παρά
471 1363 567 1430 τὴν
611 1362 767 1419 αὐτοῦ
814 1359 1070 1435 ἀμέλειαν
1102 1365 1258 1416 τοῦτο
1293 1355 1609 1432 συμϐαῖνον,
1648 1358 1744 1413 Διὰ
1775 1367 1940 1416 ταῦτα

301 1455 389 1509 καὶ
441 1455 702 1522 συνθήκας
751 1454 922 1524 ἑαυτῷ
978 1452 1151 1516 τίθησι
1215 1449 1347 1506 πάνυ
1389 1446 1605 1524 βεϐαίας
1657 1449 1736 1521 μὴ
1769 1468 1939 1522 προσ-

302 1543 446 1600 έσθαι
490 1542 711 1622 τροφήν,
776 1542 853 1615 μὴ
901 1540 1050 1611 ὕπνῳ
1084 1537 1250 1609 εἶξαι,
1305 1539 1383 1613 μὴ
1418 1538 1593 1617 βραχὺ
1624 1540 1728 1593 τῶν
1773 1539 1939 1613 θυρῶν

300 1632 623 1703 ἀποστῆναι,
658 1631 758 1693 ἕως
794 1633 936 1700 αὖτῷ
989 1628 1198 1706 γένοιτο
1240 1626 1274 1694 ἦ
1322 1634 1399 1700 τῷ
1429 1627 1692 1705 ἀνθρώπῳ
1721 1625 1939 1704 πρώτην

299 1721 477 1779 θέσθαι
503 1721 604 1788 τὴν
633 1718 867 1790 εἴσοδον,
903 1719 936 1786 ἢ
971 1721 1164 1792 μαθεῖν
1191 1717 1271 1779 τίς
1318 1715 1410 1783 εἴη
1456 1717 1482 1772 6
1514 1715 1610 1772 καί
1641 1727 1766 1780 ταῖς
1798 1737 1937 1792 προ-

2023 565 2219 628 neque
2239 566 2413 630 quam
2434 555 2665 628 poterat
2681 566 2856 628 opem
2879 547 3124 622 ferre,ei
3143 546 3511 610 tulissetzsed
3534 546 3668 609 aliis

2023 637 2225 718 potius
2241 638 2313 698 ad
2343 657 2618 717 magnum
2644 636 2938 700 Joannem
2965 637 3242 718 praebens
3263 635 3670 711 aditum,dila-

2023 726 2288 790 tionibus
2319 745 2455 789 eum
2488 727 2576 790 sic
2627 728 2972 808 protelaret.
3025 727 3240 790 Proclo
3270 735 3471 790 autem
3503 725 3668 789 aiIir-

2025 817 2404 892 mante,nihil
2438 835 2570 878 esse
2593 817 2962 896 hujusmodi:
2990 818 3097 880 sed
3121 837 3187 880 se
3220 836 3340 880 non
3373 816 3669 879 sentiente

2025 924 2136 967 nec
2169 906 2401 968 sciente
2434 905 2548 967 hoc
2577 907 2899 982 accidisse,
2933 925 3072 970 cum
3099 908 3223 988 jam
3277 925 3488 984 magna
3535 923 3670 987 pars

2025 996 2217 1057 noctis
2240 1006 2398 1057 esset
2421 1005 3131 1078 transacta,nequaquam
3151 1007 3347 1060 autem
3373 997 3669 1058 minuere-

2023 1095 2120 1148 tur
2143 1087 2242 1148 illa
2263 1085 2842 1166 collocutio,lignum
2864 1106 3073 1150 rursus
3094 1087 3665 1168 pulsatum,plenum

2028 1177 2234 1238 dolore
2255 1177 2510 1238 etanimi
2530 1177 2886 1257 aegritudine
2907 1179 3192 1240 amandat
3210 1177 3669 1250 hominem,npn

2028 1274 2226 1328 tamen
2252 1267 2426 1341 ita,ut
2459 1266 2638 1328 futuri
2675 1267 2906 1329 reditus
2937 1286 3102 1347 spem
3134 1265 3668 1346 abjiceret.Proclo

2029 1374 2170 1417 vero
2205 1356 2489 1418 admirari
2519 1355 2791 1433 quidem,
2829 1367 2891 1418 ut
2953 1375 3058 1436 par
3089 1367 3236 1429 erat,
3294 1354 3576 1417 veniebat
3607 1355 3667 1416 in

2025 1445 2428 1520 mentem,sed
2445 1447 2746 1508 neminem
2775 1445 3238 1526 habebat,quem
3265 1445 3668 1525 reprehende-

2025 1545 2137 1598 ret:
2165 1535 2272 1597 sed
2296 1535 2371 1596 de
2392 1553 2456 1596 se
2483 1537 2680 1614 potius
2705 1535 3090 1614 querebatur,
3121 1546 3179 1596 ut
3213 1537 3314 1612 qui
3338 1552 3445 1595 sua
3469 1533 3663 1611 negli-

2025 1625 2222 1703 gentia
2253 1625 2366 1686 hoc
2398 1633 2628 1704 putaret
2653 1624 2953 1686 accidere.
2982 1623 3384 1697 Quamobrem
3413 1621 3569 1702 apud
3603 1641 3667 1683 se

2024 1714 2272 1776 omnino
2291 1715 2622 1790 constituit,
2650 1732 2768 1774 non
2794 1713 2992 1776 cibum
3019 1732 3288 1788 sumere,
3315 1731 3432 1774 non
3455 1731 3666 1774 somno

299 1809 584 1874 λαϐούσαις
640 1810 743 1877 τὴν
803 1809 1112 1887 εἰσαγωγὴν
1167 1805 1477 1882 ὑποκλέψας
1519 1824 1532 1837 ⁶
1576 1807 1650 1870 ὡς
1696 1804 1752 1862 δὲ
1802 1805 1930 1865 οὕτω

2023 1821 2098 1865 ne
2121 1808 2369 1864 nimium
2391 1806 2627 1878 quidem
2651 1806 2880 1876 cedere,
2914 1822 3102 1879 neque
3127 1823 3158 1864 a
3191 1807 3407 1864 toribus
3429 1804 3669 1863 omnino

297 1902 416 1980 περὶ
471 1901 638 1978 θυρῶν
695 1901 760 1969 ἦν
805 1898 1009 1974 ὄμμασί
1057 1919 1116 1976 γε
1159 1899 1247 1954 καὶ
1289 1896 1426 1952 ὠσίν
1487 1896 1680 1952 ἑστῶσι
1713 1897 1801 1952 καὶ
1827 1893 1938 1969 ὅλῳ

298 1989 582 2070 προσέχων
632 1994 710 2063 τῷ
765 1991 861 2062 νῷ,
923 1987 1075 2066 τρίττ,
1133 1987 1232 2061 μὲν
1289 1984 1424 2052 αὕτη
1482 1983 1567 2049 νὺξ
1624 1984 1715 2056 ἦν,
1762 1985 1850 2040 καὶ
1907 1987 1935 2041 6

295 2079 568 2154 ἄνθρωπος
621 2077 726 2155 ᾔδη
780 2081 984 2156 παρῆν.
1043 2075 1202 2142 Εὐθὺς
1235 2075 1324 2132 οὖν
1355 2077 1382 2131 6
1417 2071 1652 2151 Πρόκλος
1683 2073 1935 2144 ἀπαντή-

299 2193 418 2248 σας,
453 2171 666 2248 Θάρσει,
702 2167 804 2248 ἔφη
846 2184 860 2199 ⁸
895 2163 1119 2244 ἀκριϐὴς
1150 2165 1250 2243 γὰρ
1276 2164 1384 2242 ἐγὼ
1431 2185 1518 2220 σοι
1564 2163 1632 2219 τά
1691 2164 1778 2216 νῦν
1831 2162 1934 2242 φύ-

299 2257 418 2336 λαξ,
479 2261 566 2316 καὶ
608 2256 781 2323 οὐδείς
825 2259 898 2320 εὶς
945 2255 1094 2334 δεῦρο
1131 2255 1264 2332 πρὸς
1309 2255 1399 2310 τὸν
1459 2251 1630 2328 μέγαν
1687 2250 1932 2324 εἰσέλθοι,

295 2347 433 2405 ἀλλά
485 2351 694 2426 πρῶτός
750 2369 808 2402 τε
870 2347 958 2404 καὶ
1017 2345 1180 2419 μόνος
1242 2342 1400 2407 αὐτὸς
1488 2339 1785 2416 εἷσελεύση,
1848 2341 1936 2396 καὶ

296 2439 433 2496 κατά
489 2436 701 2516 σχολὴν
751 2436 990 2512 ὶντεύξῂ,
1056 2432 1232 2496 καθώς
1291 2454 1374 2490 σοι
1432 2432 1706 2508 βούλημα.
1771 2439 1936 2488 Τοῦτο

299 2528 460 2582 εἰπὼν
504 2527 682 2584 ἄπεισι
726 2525 812 2582 διὰ
869 2526 1096 2604 τάχους,
1151 2525 1238 2580 καὶ
1289 2528 1358 2597 τῇ
1402 2523 1514 2596 ὁπῇ
1541 2521 1631 2575 τὸν
1662 2517 1935 2598 ὀφθαλμὸν

300 2615 638 2693 προσϐαλὼν,
671 2618 759 2672 καὶ
789 2613 952 2670 πάλιν
984 2613 1146 2670 ὅμοια
1176 2624 1292 2674 τοῖς
1335 2609 1610 2688 προτέροις
1654 2607 1798 2680 ἷδὼν,
1841 2609 1935 2664 τὸν

297 2707 397 2777 μὶν
444 2708 506 2761 τὸ
537 2704 710 2779 στόμα
752 2705 944 2782 θατέρᾳ
1000 2705 1106 2759 τῶν
1161 2701 1338 2758 ἀκοῶν
1367 2697 1802 2778 παραϐάλλοντα,
1836 2696 1934 2754 καῖ

297 2796 368 2858 ὠς
427 2794 702 2872 ἀπόῤῥητά
772 2817 888 2850 τινα
947 2791 1398 2868 διαψιθυρίζοντα,
1457 2792 1550 2847 τὸν
1609 2787 1663 2844 δὲ
1717 2788 1930 2868 χάρτην

297 2884 736 2962 μεταχειρίζοντα
792 2886 880 2940 καὶ
926 2882 1140 2939 ἐοικότα
1197 2881 1418 2959 γράφειν
1449 2880 1514 2935 τὰ
1545 2878 1930 2955 εἶσηγούμενα,

293 2980 521 3041 συνῆκεν
571 2976 599 3030 ὁ
658 2971 892 3047 Πρόκλος
952 2973 1048 3029 οὒκ
1101 2971 1244 3027 ἀθεεὶ
1303 2968 1460 3036 τήνδε
1491 2969 1590 3036 τὴν
1627 2966 1750 3042 ὄψιν
1779 2967 1928 3044 γίνε-

289 3069 431 3136 σθαι,
492 3062 611 3120 οὔτε
655 3064 764 3138 μὴν
822 3063 966 3120 εἶναι
1028 3061 1356 3139 ἀνθρώπειόν
1399 3081 1450 3116 τι
1487 3060 1549 3115 τὸ
1580 3058 1925 3138 φαινόμενον,

2023 1892 2366 1966 discedere,
2428 1895 2623 1956 donec
2674 1895 2764 1955 vel
2818 1897 2944 1974 ipse
2976 1899 3207 1974 primus
3240 1894 3470 1954 homini
3504 1892 3673 1954 daret

2019 1983 2271 2046 aditum:
2301 1991 2364 2044 ut
2385 1982 2600 2046 saltem
2625 1982 3112 2064 sciret,quisnam
3139 1982 3190 2044 is
3215 1981 3425 2060 sit,qui
3449 2001 3671 2062 praece-

2020 2071 2308 2135 dentibus
2323 2071 2536 2134 diebus
2559 2073 2902 2134 clanculum
2928 2072 3040 2134 fuit
3062 2069 3548 2151 ingressus.Cum
3573 2090 3671 2131 au-

2022 2169 2142 2224 tem
2166 2161 2421 2224 arrectis
2445 2163 2634 2223 oculis
2656 2170 2716 2223 et
2739 2161 2986 2224 auribus
3009 2170 3194 2224 staret
3217 2180 3324 2242 pro
3351 2159 3671 2235 foribus,et

2020 2260 2205 2313 totum
2222 2256 2484 2312 animum
2510 2255 2838 2320 adhiberet,
2869 2256 2985 2310 hare
3007 2255 3240 2326 quidem
3274 2264 3392 2311 erat
3417 2271 3527 2312 nox
3555 2265 3670 2311 ter-

2019 2339 2124 2418 tia,
2159 2349 2216 2400 et
2250 2339 2428 2400 homo
2457 2340 2577 2418 jam
2641 2339 2871 2400 aderat.
2907 2339 3126 2400 Statim
3165 2357 3304 2417 ergo
3337 2337 3583 2401 Proclus
3615 2342 3668 2400 ei

2020 2428 2210 2490 factus
2242 2428 2474 2488 obviam
2515 2446 2527 2490 :
2571 2426 2736 2500 Esto,
2800 2427 3019 2508 inquit,
3068 2427 3225 2488 bono
3279 2429 3522 2491 animo:
3558 2447 3666 2506 ego

2020 2517 2181 2580 enim
2219 2516 2396 2579 modo
2429 2517 2538 2578 tibi
2571 2517 2654 2578 iui
2706 2525 2910 2580 custos
2953 2515 3237 2596 diligens,
3274 2535 3475 2596 neque
3509 2518 3666 2579 ullus

2019 2609 2331 2688 hucusque
2352 2607 2425 2669 ad
2449 2625 2736 2687 magnum
2762 2608 3072 2687 ingressus
3084 2605 3328 2680 fuit,sed
3344 2606 3454 2669 tibi
3470 2607 3664 2685 primo

2019 2705 2079 2759 et
2100 2697 2212 2758 soli
2236 2697 2305 2759 ad
2332 2715 2466 2758 eum
2485 2699 2599 2759 erit
2616 2697 3323 2777 ingrediendum,etenm
3349 2715 3456 2776 per
3476 2703 3662 2758 otium

2015 2786 2654 2868 convenies,quantum
2672 2784 2990 2849 voles.Hoc
3005 2805 3139 2848 cum
3156 2785 3666 2858 dixisset,accedit

2015 2875 2492 2958 quamprimum,
2517 2886 2579 2938 et
2612 2895 2749 2938 cum
2782 2876 3066 2939 foramini
3097 2876 3338 2938 oculum
3369 2877 3664 2938 admovis-

2015 2974 2129 3040 set,
2158 2975 2218 3028 et
2246 2965 2494 3028 vidisset
2517 2966 2743 3028 similia
2775 2965 3283 3047 prioribus,illum
3317 2965 3560 3048 quidem
3594 2985 3662 3028 os

2013 3057 2418 3116 admoventem
2441 3059 2605 3116 alteri
2628 3072 2697 3116 ex
2719 3059 3048 3125 auribus,et
3070 3067 3346 3132 tanquam
3379 3074 3660 3118 arcanum

290 3153 428 3209 ἀλλά
456 3154 605 3210 θεῖόν
634 3175 684 3209 τι
715 3155 908 3232 χρῆμα
940 3151 1034 3209 ναί
1070 3163 1316 3227 κρεῖττον
1365 3150 1400 3218 ἢ
1462 3149 1583 3205 κατ’
1627 3147 1924 3226 ἄνθρωπον.

2015 3143 2334 3226 quodpiam
2368 3143 2422 3205 ei
2481 3143 3033 3206 communicantem
3066 3153 3125 3206 et
3150 3143 3657 3207 submurmuran-

289 3241 676 3318 Ἐπιστραφεὶς
738 3243 934 3317 τοίνυν,
968 3241 1178 3314 Ἀπιθι,
1230 3243 1308 3314 τῷ
1353 3240 1614 3316 ἀνθρώπῳ
1653 3239 1804 3318 φησὶ,
1840 3239 1928 3294 καὶ

2015 3242 2156 3297 tem:
2196 3234 2356 3295 hunc
2371 3241 2570 3294 autem
2605 3234 2873 3296 chartam
2907 3232 3233 3296 habentem
3260 3233 3323 3295 in
3356 3233 3656 3308 manibus,

285 3333 404 3390 καθ’
449 3334 634 3389 ἑαυτὸν
680 3331 806 3406 μένε
836 3339 928 3389 τοῦ
959 3336 1093 3388 Θεοῦ
1121 3328 1398 3403 δεόμενος.
1465 3328 1621 3391 Εἰκὸς
1674 3327 1774 3405 γάρ
1834 3347 1928 3384 σου

282 3423 374 3480 καὶ
425 3419 723 3488 ἀϐούλητον
790 3422 932 3493 αὖτῷ
992 3420 1091 3486 τὴν
1145 3417 1360 3476 εἴσοδον
1411 3418 1582 3490 εἶναι,
1641 3417 1730 3473 καὶ
1783 3415 1927 3493 παρὰ

283 3518 442 3569 τοῦτο
496 3510 817 3573 κωλύεσθαι.
879 3507 1030 3567 Ἐπεὶ
1099 3506 1312 3584 βέϐαιον
1369 3507 1562 3565 κείσθω
1616 3527 1702 3563 σοι
1770 3514 1926 3564 τοῦτο

283 3602 371 3658 καὶ
426 3599 815 3680 ἀναμφίλογον,
863 3596 1070 3672 μηδένα
1135 3596 1246 3676 [ἵσ.
1305 3596 1555 3673 μηδενὸς]
1614 3601 1720 3652 τῶν
1762 3616 1922 3674 περι-

281 3691 546 3764 κειμένων
577 3695 761 3764 σῶμα,
819 3687 959 3745 ἀλλά
1016 3685 1288 3764 θειοτέραν
1326 3709 1445 3744 τινα
1475 3686 1561 3742 καὶ
1588 3685 1720 3760 ὑπὲρ
1776 3685 1922 3759 ἡμᾶς

280 3779 425 3836 εἶναι
484 3779 586 3846 τὴν
638 3777 876 3854 ὁμιλίαν,
911 3776 1073 3858 Ἔχει
1133 3777 1235 3855 γὰρ
1279 3776 1368 3833 καὶ
1410 3777 1561 3840 αὖθις
1592 3774 1816 3848 ὁμοίως,
1849 3775 1921 3840 ὡς

280 3870 334 3924 αἱ
391 3867 752 3944 προλαϐοῢοαι
797 3865 887 3924 δύο
930 3867 1114 3930 νύκτες
1159 3887 1252 3941 μοι
1295 3863 1516 3932 ἔδειξαν.
1594 3864 1691 3922 Καὶ
1749 3865 1778 3919 6
1821 3863 1918 3938 μὲν

279 3955 444 4022 οὕτως
489 3957 652 4036 ἀπῄει
683 3954 828 4031 λύπη
856 3955 1003 4033 δεινῇ
1033 3956 1276 4035 κάτοχος
1331 3955 1419 4013 καὶ
1461 3953 1683 4032 ἀπορίας
1744 3953 1918 4013 κατά-

277 4045 482 4112 πλεως.
517 4038 747 4123 Ἠμέρας
780 4045 836 4103 δὲ
865 4045 969 4114 ἤδη
1002 4047 1328 4125 γενομένης,
1362 4045 1555 4119 μνήμη
1585 4044 1678 4099 τὸν
1732 4049 1916 4117 μακά-

277 4159 391 4215 ριοι
438 4135 735 4196 ὑπελθοῦσα
778 4133 1243 4211 μετακαλέσασθαι
1287 4136 1380 4191 τὸν
1431 4131 1669 4209 Πρόκλον
1711 4143 1864 4189 ποιεῖ
1897 4147 1910 4163 ⁸

280 4227 378 4284 Καὶ
421 4233 546 4298 ποῦ,
591 4228 774 4306 φησὶν,
822 4227 850 4282 6
894 4227 997 4302 πρὸ
1043 4222 1206 4292 τῆσδε
1261 4224 1358 4292 τῆς
1402 4224 1584 4301 τρίτης
1639 4225 1710 4288 ὣς
1768 4223 1914 4296 ἡμᾶς

274 4315 449 4375 ἐλθεῖν
507 4316 760 4389 ἀξιώσας,
822 4318 910 4373 καὶ
967 4321 1124 4374 τοῦτο
1167 4313 1292 4392 παρ’
1337 4314 1492 4388 ἡμῶν
1541 4310 1720 4370 λαϐὼν
1777 4311 1915 4368 κατά

272 4405 490 4472 θέλησιν
526 4424 544 4478 ;
599 4407 660 4464 Ὀ
705 4403 761 4462 δὲ
806 4407 1006 4482 τρίτον,
1057 4403 1185 4484 ἔφη,
1245 4404 1351 4461 τῶν
1395 4408 1558 4482 τριῶν
1587 4400 1776 4480 ἑφεξῆς
1819 4425 1913 4461 νυ-

275 4501 415 4552 κτῶν
498 4495 844 4573 παρεγένετο,
917 4496 1006 4552 καὶ
1095 4494 1371 4569 παρέτεινε
1454 4492 1771 4570 προσμένων
1837 4493 1911 4556 εἷς

2011 3331 2071 3385 et
2103 3323 2210 3404 qni
2236 3320 2548 3384 videbatur
2576 3321 2818 3402 scriptis
2853 3321 3138 3384 mandare
3173 3341 3266 3397 ea,
3301 3340 3434 3404 qua;
3463 3322 3656 3385 dicta-

2009 3415 2539 3481 bantur,intellexlt
2558 3416 2802 3474 Proetus
2828 3431 2944 3474 non
2965 3418 3096 3474 sine
3118 3417 3221 3476 Dei
3245 3417 3487 3474 numine
3505 3417 3658 3476 hanc

2009 3500 2143 3564 ﬁeri
2175 3501 2492 3577 visionem,
2545 3519 2742 3582 neque
2790 3502 3122 3562 humanum
3155 3500 3462 3583 quidpiam
3495 3520 3653 3579 esse,

2007 3591 2166 3673 quod
2192 3589 2541 3671 apparebat,
2568 3591 2673 3653 sed
2697 3608 2827 3653 rem
2859 3590 3122 3652 divinam
3148 3598 3208 3654 et
3227 3609 3359 3672 quae
3378 3591 3455 3653 sit
3475 3611 3656 3674 supra

2006 3680 2686 3745 hominem.Conversus
2711 3699 2883 3760 ergo,
2922 3681 3154 3743 homini
3186 3681 3338 3744 dixit
3371 3699 3386 3744 :
3422 3680 3560 3759 Abi,
3597 3692 3658 3745 et

2006 3789 2182 3834 mane
2201 3770 2359 3852 apud
2387 3777 2470 3845 te,
2503 3769 2691 3833 Deum
2715 3768 3454 3851 rogansﬁonsentaneum
3486 3772 3648 3834 enim

2005 3868 2254 3924 eateum
2279 3860 2464 3935 nolle,
2501 3870 2565 3922 ut
2586 3869 2645 3922 tu
2672 3859 3054 3940 ingrediaris,
3091 3869 3150 3922 et
3177 3869 3234 3923 te
3265 3860 3403 3922 ideo
3440 3860 3648 3942 prohi-

2001 3949 2157 4014 beri.
2189 3949 2315 4012 Hoc
2346 3948 2505 4012 enim
2538 3968 2645 4030 pro
2678 3957 2842 4012 certo
2875 3948 3118 4019 habeas,
3149 3949 3371 4012 nullius
3400 3952 3646 4014 omnino

2001 4059 2072 4102 ex
2095 4039 2170 4102 iis
2191 4040 2292 4120 qui
2315 4047 2454 4100 sunt
2478 4039 2914 4120 corporati,sed
2937 4038 3298 4101 diviniorem
3325 4040 3644 4120 quamdam

1999 4137 2059 4193 et
2079 4148 2212 4210 qua:
2235 4138 2327 4192 est
2345 4147 2529 4210 supra
2550 4147 2826 4203 nos,esse
2845 4129 3420 4191 sermonicationem
3435 4126 3648 4194 .Habet

1999 4219 2162 4283 enim
2197 4237 2406 4282 rursus
2431 4237 2495 4280 se
2526 4218 2831 4293 similiter,
2889 4217 3044 4280 sicut
3075 4218 3212 4279 duae
3235 4218 3646 4298 praecedentes

1999 4318 2174 4374 nocte
2196 4311 2322 4391 jam
2355 4309 2504 4371 mihi
2557 4309 2981 4371 ostenderunt.
3038 4307 3110 4369 Et
3143 4307 3246 4370 ille
3277 4308 3521 4388 quidem
3555 4309 3644 4372 sic

1997 4399 2342 4480 abiit,gravi
2358 4399 2567 4462 dolore
2579 4405 2996 4480 oppressus,et
3012 4399 3225 4480 plenus
3242 4397 3638 4462 dubitatione.

1997 4489 2143 4555 Cum
2191 4499 2387 4553 autem
2408 4490 2534 4569 jam
2563 4497 2720 4550 esset
2745 4487 2877 4549 dies
2904 4488 3125 4569 (neque
3179 4492 3340 4550 enim
3376 4487 3516 4550 sivit
3545 4489 3646 4553 ille

274 4587 476 4664 ὄρθρον.
513 4584 663 4643 Ἀλλ’
695 4585 810 4643 ἐπεὶ
859 4585 1051 4664 ἔτυχεν
1098 4585 1275 4661 ἕτερον
1309 4583 1522 4660 ὁμιλεῖν
1556 4605 1662 4660 σοι,
1695 4580 1910 4644 αὔθαδες

2015 4599 2190 4644 Jonus
2211 4584 2621 4642 conturbatum
2637 4584 2898 4640 animum
2915 4583 2998 4640 sic
3023 4596 3258 4640 manere
3281 4582 3501 4654 absque
3513 4599 3648 4641 ron-

275 4675 527 4747 ἐνομίσθη
587 4673 974 4752 προσελθόντας
1045 4673 1284 4750 ἕγκοπὴν
1355 4670 1534 4730 δοῦναι
1591 4677 1668 4745 τῷ
1739 4671 1908 4749 λόγῳ.

2015 4672 2310 4743 solatione)
2342 4669 2696 4733 recordatus
2721 4669 3163 4751 sanctus,jubet
3185 4671 3466 4732 accersiri
3491 4670 3642 4734 Pro-

275 4768 376 4823 Τὸν
424 4763 478 4820 δὲ
533 4763 900 4843 θαυμάσαντα,
972 4764 1070 4822 Καὶ
1131 4763 1235 4842 τίς,
1299 4763 1483 4840 φάναι,
1532 4763 1560 4816 6
1607 4758 1913 4838 προσελθὼν

2015 4760 2181 4835 :lum,
2216 4768 2296 4835 et,
2327 4759 2442 4824 Ubi
2473 4768 2564 4821 est
2594 4759 2942 4841 ille,inquit,
2975 4761 3078 4838 qui
3110 4757 3304 4822 tribus
3335 4769 3474 4821 ante
3504 4759 3641 4823 die-

275 4854 464 4916 νυκτός
509 4875 603 4928 μοι
633 4855 721 4910 καὶ
767 4851 1036 4927 ὁμιλήσας
1071 4869 1088 4924 ;
1137 4856 1273 4910 Εἶτα
1317 4853 1409 4907 τὸν
1442 4846 1706 4926 Πρόκλον,
1740 4850 1914 4922 τούτῳ

2015 4869 2108 4914 ius
2128 4853 2198 4911 ad
2224 4867 2334 4910 nos
2355 4853 2624 4924 cupiebat
2646 4853 2954 4910 accedere?
2974 4853 3138 4920 Quod
3159 4851 3395 4924 quidem
3413 4866 3447 4910 a
3471 4852 3640 4909 nobis

274 4945 488 5016 ἐοικὼς,
537 4945 732 5013 εἰπεῖν,
767 4945 797 4998 'o
841 4941 1181 5020 προσομιλῶν
1236 4963 1342 5020 σοι,
1389 4939 1628 5006 δείξαντα
1671 4939 1758 4996 ἐπὶ
1813 4939 1909 5008 τῆς

2015 4939 2154 5003 ιουὰ
2182 4946 2424 5019 gravate
2455 4938 2820 5020 impetravit.
2855 4939 2962 5000 Ille
2990 4947 3219 5018 autem,
3250 4940 3393 5012 Ter,
3417 4939 3638 5018 inquit,

274 5033 477 5094 εἰκόνος
509 5054 600 5089 τον
644 5030 875 5110 Παῦλον,
907 5031 1026 5098 ἥτις
1073 5031 1150 5105 τῷ
1205 5029 1428 5106 Ἰωάννῃ
1479 5029 1581 5105 πρὸ
1626 5027 1912 5108 secutae»

2021 5029 2192 5093 ribus
2225 5027 2514 5110 deinceps
2569 5029 2850 5091 noctibus
2904 5029 3184 5110 accessit,
3220 5035 3278 5090 et
3311 5029 3644 5109 permansit

273 5122 488 5194 ἵστατο,
525 5126 609 5179 καὶ
642 5121 708 5188 ἢν
742 5121 982 5200 συνεχῖός
1024 5123 1194 5177 εἶωθει
1249 5118 1612 5197 προσϐλέπειν
1649 5135 1664 5151 ⁹
1713 5121 1771 5184 ὃς
1816 5121 1910 5178 καί

2015 5137 2188 5201 isque
2209 5119 2283 5181 ad
2309 5117 2818 5180 matutinum.Sed
2841 5118 3128 5196 quoniam
3151 5118 3305 5181 alius
3332 5127 3531 5181 tecum
3554 5118 3640 5180 lo-

274 5210 568 5291 διεφαίνετο
599 5211 886 5285 καθημένῳ
927 5231 1038 5284 σοι,
1088 5212 1240 5288 φησὶ,
1295 5211 1382 5266 καὶ
1423 5215 1491 5286 τῇ
1523 5215 1706 5290 Γραφῇ
1738 5231 1909 5288 προσ-

2015 5215 2301 5287 luebatur,
2324 5212 2790 5270 existimavimus
2810 5211 3072 5272 futurum
3097 5227 3224 5270 esse
3247 5212 3443 5270 nimiae
3471 5226 3640 5270 arro-

275 5301 506 5375 κειμένῳ
533 5299 706 5375 ἠρέμα
761 5312 882 5363 τοῖς
939 5299 1111 5373 ὤμοις
1163 5297 1595 5378 ἔπικλινόμενος,
1631 5301 1718 5356 καὶ
1777 5302 1909 5370 πρὸς

2015 5296 2285 5376 gantiaa,si
2313 5294 2670 5358 accedentes
2699 5294 3282 5377 interrumperemus
3309 5304 3469 5358 tuam
3504 5295 3637 5358 col-

273 5394 334 5446 τξ)
389 5393 478 5452 οὓς
513 5389 715 5462 ὁμιλῶν
743 5389 843 5465 (ὡς
887 5386 942 5443 δὲ
979 5388 1076 5464 ἐμὲ
1119 5387 1350 5463 οἴεσθαι)
1389 5391 1479 5445 καὶ
1511 5391 1665 5452 αὐτὸς
1699 5390 1906 5455 ἐκεῖνος

2015 5387 2383 5451 ocntionem.
2418 5384 2471 5447 Is
2501 5393 2699 5446 autem
2733 5385 3085 5461 admiratus,
3119 5384 3192 5446 Et
3223 5386 3378 5466 quis,
3412 5386 3633 5468 inquit,

274 5493 399 5542 ταῖς
477 5479 747 5544 ἀληθείαις
829 5477 989 5540 ἐστίν,
1064 5477 1251 5555 ’Ἔγνω
1318 5486 1595 5553 τοιγαροῦν
1639 5482 1666 5534 6
1738 5480 1908 5557 μέγας

2015 5487 2171 5540 noctu
2205 5477 2277 5538 ad
2322 5494 2430 5538 nos
2459 5479 2806 5556 accesserit,
2840 5483 2899 5536 et
2928 5475 3062 5552 quis
3091 5494 3201 5536 nos
3233 5477 3639 5539 convenerit?

275 5570 511 5638 ἐπήκοον
555 5569 710 5626 αὐτοῦ
751 5568 994 5647 γενέσθαι
1029 5569 1086 5624 τὸ
1116 5575 1298 5646 Θεῖον,
1331 5565 1414 5646 ἐφ’
1448 5567 1536 5631 οἷς
1580 5569 1751 5638 ἐζήτει
1796 5593 1904 5644 μα-

2015 5567 2220 5630 )einde
2252 5566 2631 5639 Proclus,Est
2657 5563 2927 5645 quidem,
2961 5563 3180 5645 inquit,
3213 5565 3456 5626 omnino
3491 5566 3636 5628 mihi

272 5664 410 5740 θεῖν,
445 5660 488 5715 εἴ
513 5655 646 5714 κατά
680 5667 797 5718 νοῦν
828 5664 902 5732 τῷ
936 5656 1251 5732 Ἀποστόλῳ
1291 5663 1396 5714 τῶν
1442 5655 1738 5714 ἐπιστολῶν
1765 5661 1800 5727 ἡ
1831 5660 1912 5724 ἔξ-

2017 5666 2228 5737 gnotus
2262 5675 2276 5718 :
2315 5656 2412 5738 qui
2444 5663 2642 5718 autem
2696 5663 2755 5717 te
2785 5653 3227 5737 alloquebatur,
3259 5655 3475 5736 inquit,
3513 5667 3642 5720 erat
