3996 6178
255 295 436 361 1109

1321 291 1508 355 VITA
1553 290 1616 354 S.
1662 285 1983 352 JOANNIS
2039 285 2595 349 CHRYSOSTOMI.

3491 285 3644 352 1110

251 456 386 508 γως
436 431 657 510 ἔχοντα,
721 430 876 486 τοῦτο
921 429 1018 504 μὲν
1089 427 1360 505 ἁρπαγαῖς
1421 427 1514 482 καὶ
1565 422 1918 496 πλεονεξίαις,

2027 418 2131 480 itii
2154 419 2331 481 vitam
2358 437 2523 481 suam
2556 417 3098 497 corrigerent,quae
3116 421 3272 482 male
3292 429 3349 481 et
3367 422 3646 501 nequiter

252 533 436 581 τοῦτο
495 519 548 576 δὲ.
593 521 683 576 καὶ
725 517 908 584 ἄλλοις
954 517 1173 574 πάθεσιν
1224 515 1539 581 ἀνηκέστοις
1586 514 1760 570 οὒκέτι
1819 535 1924 591 φο·-

257 615 442 687 ρητὸς
475 612 567 688 ἦν,
598 608 737 665 ἀλλὰ
793 610 953 686 βαρὺς
999 609 1096 675 τὴν
1142 605 1384 682 γλῶτταν
1434 605 1520 659 καὶ
1553 602 1805 669 δηκτικὸς
1838 600 1925 657 καὶ

258 708 518 778 φανερῶς
580 698 945 778 δύσχρηστος,
1008 700 1068 754 οὔ
1123 696 1264 772 παρὰ
1323 695 1422 761 τὴν
1493 695 1688 750 οἰκείαν
1748 693 1924 771 τύσιν,

263 789 419 845 ἀλλα
463 790 603 867 παρά
647 791 708 844 τὸ
768 794 871 843 τῶν
905 785 1283 865 ελεγχομὲνων
1315 783 1576 848 γακὸηθες
1611 802 1622 813 ’
1661 782 1924 857 συνήρατο

264 879 334 936 δὲ
369 881 457 936 καί
485 902 564 941 τις
596 879 736 934 αἰτία
767 891 882 942 τοῖς
916 878 1094 951 μάτην
1129 875 1268 947 αὖτῷ
1327 871 1394 928 δι’
1454 872 1648 951 ἔχθρας
1696 871 1925 946 γίνεσθαι

267 969 652 1046 βουλομένοις.

375 1237 509 1298 κε’.
547 1235 834 1311 Εῦτρόπιος
881 1234 980 1310 γὰρ
1014 1235 1040 1287 ὁ
1083 1242 1172 1290 τοῦ
1197 1229 1476 1307 βασιλικοῦ
1508 1229 1629 1285 τότε
1676 1226 1927 1288 κοιτῶνος

280 1328 661 1402 προεστηκὼς,
715 1323 802 1380 ἔπ’
847 1321 1084 1387 ἐξουσίας
1129 1322 1435 1400 χρήσασθαι
1485 1320 1560 1393 τῷ
1589 1317 1738 1392 θυμῷ
1794 1316 1930 1371 κατά

285 1441 450 1474 τινων
485 1417 991 1491 προσκεκρουκότων
1054 1411 1153 1486 μὲν
1197 1411 1360 1487 αὐτῷ,
1405 1413 1472 1484 τῇ
1530 1405 1821 1476 Ἐκκλησία
1874 1402 1928 1459 δὲ

286 1505 771 1586 προσπεφευγότων
837 1500 1181 1578 βουλομενος,
1241 1498 1400 1572 νόμον
1459 1499 1520 1552 τὸ
1580 1497 1763 1551 ἑαυτοῦ
1821 1494 1927 1550 πά·-

286 1601 378 1658 θνς
412 1582 582 1667 ποιεῖ,
615 1582 701 1650 καὶ
742 1593 907 1649 πείθει
955 1589 1179 1667 βασιλέα
1242 1591 1594 1662 νομοθετῆσαι
1627 1586 1703 1659 μὴ
1736 1582 1931 1648 ἐξεῖναί

290 1709 397 1741 τισι
458 1690 562 1740 τῶν
607 1685 776 1739 αἰτίαν
831 1682 1071 1761 ἐχόντων
1107 1679 1461 1757 προσφεύγειν
1510 1676 1578 1741 τῇ
1609 1672 1927 1744 Ἐκκλησία,

2005 529 2066 569 se
2094 513 2379 571 habebat:
2412 513 2620 582 partim
2643 510 2876 582 quidem
2903 513 3102 582 rapina
3146 521 3201 570 et
3221 515 3484 580 avaritia,
3506 531 3648 584 par-

2008 601 2107 658 tim
2132 607 2324 657 autem
2353 599 2482 655 aliis
2519 611 2758 669 quoque
2775 595 3180 654 aﬂectionibus
3199 609 3253 654 et
3279 598 3432 655 vitiis
3459 602 3646 657 maxi—

2013 680 2275 754 mis,non
2307 688 2432 740 erat
2460 677 2720 759 amplius
2751 677 3210 740 tolerabiliszsed
3243 678 3446 756 lingua
3468 698 3644 742 acer-

2011 769 2120 830 bus
2146 768 2557 839 etmordax,et
2587 767 2760 848 plane
2779 786 2899 829 non
2933 767 3218 830 ferendus
3249 787 3368 831 non
3400 786 3505 832 sua
3540 789 3643 831 na-

2011 869 2141 920 tura
2174 858 2494 940 (quomodo
2528 858 2823 938 enim,qui
2863 857 2952 920 vel
2986 857 3164 920 melle
3197 869 3326 920 erat
3355 859 3647 938 dulcior?)

2012 949 2116 1010 sed
2153 967 2222 1011 ex
2256 947 2462 1009 morbo
2494 954 2554 1008 et
2586 947 2954 1026 malignitate
3009 967 3244 1022 eorum,
3277 949 3380 1029 qui
3434 968 3647 1030 repre-

2014 1037 2448 1101 bendebantur.
2487 1039 2673 1100 Porro
2705 1045 2901 1098 autem
2954 1039 3225 1117 quaedam
3256 1039 3435 1101 etiam
3468 1059 3649 1102 causa

2013 1147 2188 1210 opem
2209 1128 2342 1190 tulit
2369 1126 2572 1206 iis,qui
2604 1137 2833 1189 temere
2855 1126 3206 1190 volebantei
3230 1145 3366 1192 esse
3393 1131 3646 1194 inimici.

2093 1217 2595 1298 XXV.Eutropius
2616 1216 2801 1287 enim,
2822 1223 2919 1297 qui
2947 1227 3083 1278 tunc
3107 1228 3356 1298 prmerat
3375 1221 3653 1283 cubiculo

2014 1307 2626 1388 imperatoris,volens
2651 1325 2759 1368 suo
2783 1305 3074 1368 arbitratu
3108 1308 3253 1368 iram
3273 1327 3559 1373 exercere
3590 1311 3649 1370 in

2013 1399 2422 1480 quosdamqui
2439 1415 2574 1458 eum
2590 1394 2828 1477 quidem
2847 1397 3320 1465 otl‘endebant,ad
3335 1399 3650 1462 ecclesiam

2014 1498 2211 1550 autem
2227 1487 2759 1567 confugerant,pro
2781 1487 2907 1564 lege
2930 1486 3110 1547 habet
3129 1506 3295 1550 suam
3321 1489 3500 1550 animi
3520 1507 3652 1569 per-

2014 1578 2412 1640 turbationem
2451 1594 2463 1637 :
2500 1584 2558 1637 et
2607 1575 2950 1655 imperatori
2987 1576 3326 1655 persuadet,
3365 1587 3427 1638 ut
3457 1579 3651 1655 legem

2015 1668 2188 1740 ferat,
2221 1684 2340 1727 non
2371 1667 2553 1726 licere
2579 1665 2684 1726 ulli
2710 1684 2812 1726 reo
2838 1665 3162 1743 confugere
3184 1667 3258 1728 ad
3283 1667 3596 1729 ecclesiam
3635 1691 3646 1730 :

294 1776 329 1844 ἢ
390 1775 818 1852 προσγεύγοντας
876 1771 1073 1836 ἐξεῖναι
1106 1771 1242 1824 κατὰ
1290 1774 1465 1824 πᾶσαν
1515 1764 1690 1821 ἄδειαν
1747 1764 1931 1822 αὖτοὺς

2027 1768 2120 1819 aut
2147 1756 2200 1818 si
2229 1754 2789 1834 confugiant,licere
2822 1773 2923 1815 eos
2950 1774 3162 1818 secure
3186 1755 3654 1836 eXpellere.Hznc

293 1865 531 1930 ἐξωθεῖν.
591 1865 766 1921 Ταῦτα
799 1863 1006 1923 ἐκεῖνος
1041 1858 1352 1927 σπουδάζων
1383 1855 1590 1934 ἠγνόει,
1645 1854 1756 1910 καθ’
1805 1854 1931 1908 ἑαυ-

293 1963 384 2010 τοῦ
441 1954 538 2020 τὴν
598 1953 874 2030 μάχαιραν
920 1951 1150 2021 ἀκονῶν,
1198 1949 1286 2004 καὶ
1325 1948 1498 2018 ἑαυτῷ
1548 1947 1843 2016 νομοθετῶν
1874 1943 1934 1997 τὸ

294 2045 693 2121 ἀσύγγνωστον,
785 2041 967 2114 πηγήν
1044 2059 1100 2094 τε
1181 2037 1533 2115 ἀποφράττων
1603 2035 1690 2090 καὶ
1746 2031 1935 2121 λιμένα

296 2134 510 2210 κλείων,
573 2133 647 2185 ὡν
707 2129 915 2202 μᾶλλον
956 2135 1062 2184 τῶν
1116 2125 1292 2182 ἄλλων
1341 2126 1494 2188 αὐτὸς
1537 2121 1807 2190 δεήσεται.
1873 2112 1934 2176 Ἠ

296 2225 394 2300 γὰρ
427 2223 536 2277 θεία
593 2218 737 2298 δίκη,
801 2219 976 2274 καίτοι
1011 2214 1225 2291 μέλλειν
1260 2216 1329 2276 ὡς
1365 2215 1428 2269 τὰ
1463 2211 1637 2268 πολλά
1667 2223 1935 2289 πεφυκυῖα

295 2299 381 2368 καὶ
411 2309 642 2388 βραδέως
681 2307 885 2364 ἐπιέναι
929 2320 1048 2369 τοῖς
1093 2305 1513 2380 ἁμαρτάνουσιν,
1574 2299 1709 2356 ἀλλὰ
1768 2299 1937 2368 τούτῳ

297 2423 356 2477 γε
416 2399 594 2463 καλῶς
667 2404 894 2454 ποιοῦσα
954 2397 1089 2450 κατὰ
1148 2391 1314 2455 πόδας
1395 2390 1614 2454 ἐπέστη.
1681 2389 1776 2446 Καὶ
1838 2388 1936 2463 γὰρ

293 2494 500 2551 ἒκεϊνος
562 2487 678 2563 μετ’
743 2488 801 2543 οὒ
861 2485 998 2542 πολὺ
1064 2486 1122 2540 τὸ
1183 2482 1373 2557 μέσον,
1441 2479 1806 2557 προσκρούσας
1861 2482 1937 2548 τῷ

293 2577 508 2655 βασιλεῖ
566 2562 740 2649 μόνην
785 2573 924 2652 ἔγνω
985 2573 1084 2639 τὴν
1144 2570 1437 2636 ἐκκλησίαν
1502 2565 1778 2643 βοήθειαν,
1851 2562 1938 2619 καὶ

297 2654 614 2744 προσφυγὼν
700 2665 879 2719 ἐκεῖσε
962 2663 1049 2718 καὶ
1104 2661 1303 2725 ταύτης
1358 2659 1430 2721 ὡς
1504 2658 1644 2732 ἱερὰς
1706 2654 1935 2731 ἀγκύρας

294 2753 706 2831 ἐπιλαϐόμενος,
756 2750 878 2829 παρ’
927 2753 1089 2816 αὐτῆς
1136 2753 1163 2805 ὁ
1209 2749 1387 2827 ἄφρων
1447 2745 1622 2816 ἐζήτει
1665 2744 1763 2810 την
1824 2765 1936 2799 σω-

294 2853 504 2921 τηρίαν,
569 2844 634 2911 ἢν
681 2843 887 2920 ἑτέρους
947 2842 1145 2913 ὁμοίως
1192 2838 1419 2916 ἔχοντας
1466 2833 1667 2890 ἐκώλυε
1725 2833 1936 2903 σώζειν,

299 2920 386 2996 Τίς
421 2932 518 3009 ἄρα
581 2939 700 2988 νοῦν
763 2931 905 3008 ἔχων
949 2930 1036 2984 καὶ
1093 2929 1280 2998 καιρὸν
1312 2925 1687 3004 χρηστότητος
1725 2923 1810 2978 καὶ
1857 2920 1937 2976 δι-

303 3023 586 3086 καιοσύνης
649 3018 825 3098 εἰδὼς,
904 3018 1080 3079 ἐλέους
1164 3017 1321 3072 αὺτὸν
1382 3013 1524 3079 ἄξιον
1569 3011 1768 3089 ’ἐκρίνεν
1828 3010 1938 3082 ἄν,

2015 1847 2120 1909 ille
2151 1844 2401 1906 studens
2434 1853 2721 1921 Statuere,
2758 1845 3066 1922 ignorabat
3111 1863 3176 1906 se
3207 1845 3464 1924 gladium
3497 1848 3560 1909 in
3591 1865 3656 1907 se

2019 1939 2214 2018 ipsum
2239 1943 2548 2009 acuere,et
2568 1933 2765 2013 legem
2785 1933 2944 1995 ferre
2961 1935 3037 1997 de
3059 1935 3225 1998 venia
3242 1937 3299 1996 ei
3317 1955 3435 1998 non
3459 1937 3658 2000 danda

2021 2035 2079 2089 et
2108 2037 2344 2106 portum
2379 2024 2682 2096 claudere,
2720 2043 2834 2103 quo
2858 2024 2986 2104 ipse
3013 2026 3198 2104 magis
3218 2045 3367 2106 opus
3386 2034 3511 2088 erat
3546 2027 3656 2087 ha—

2021 2117 2459 2195 biturus,qnam
2485 2113 2824 2176 alii.Divina
2850 2113 3276 2194 enimjustitia,
3308 2117 3419 2178 etsi
3448 2135 3658 2194 magna

2022 2226 2093 2269 ex
2121 2215 2286 2286 parte
2303 2205 2490 2266 soleat
2511 2203 3043 2281 diﬂ'erre,sequens
3065 2205 3226 2284 leges
3249 2205 3654 2283 benignitatis,

2023 2305 2082 2357 et
2112 2296 2266 2375 quod
2318 2302 2548 2370 quaerat
2578 2293 2986 2374 paenitentiam
3019 2312 3032 2353 :
3068 2303 3128 2356 at
3155 2295 3216 2355 in
3267 2296 3380 2357 hoc
3413 2295 3656 2376 quidem

2022 2395 2183 2447 certe
2215 2392 2376 2446 recte
2409 2383 2662 2454 iaciens,
2696 2402 2832 2444 eum
2867 2384 3081 2446 invasit
3108 2385 3657 2463 evestigio.Etenim

2021 2475 2122 2537 ille
2153 2493 2270 2535 non
2307 2473 2490 2534 multo
2517 2473 2834 2552 interjecto
2860 2484 3132 2554 tempore
3155 2493 3291 2536 cum
3311 2475 3660 2538 oﬁ‘endisset

2022 2565 2468 2642 imperatorem,
2493 2562 2680 2622 solam
2705 2562 3230 2643 ecclesiam,quam
3258 2564 3534 2626 affecerat
3564 2567 3659 2627 in-

2016 2651 2444 2736 juria,agnovit
2463 2651 2772 2724 auxilium,
2797 2661 2854 2712 et
2875 2653 2948 2712 ad
2972 2670 3102 2712 eam
3125 2653 3475 2731 confugiens
3503 2655 3553 2736 (1
3575 2657 3656 2736 1),

2022 2752 2080 2805 et
2102 2752 2376 2821 tanquam
2402 2759 2632 2802 sacram
2658 2759 2938 2802 ancoram
2965 2743 3452 2822 apprehendens,
3486 2744 3560 2806 ab
3595 2764 3664 2808 ea

2025 2830 2328 2912 quaerebat
2353 2833 2633 2904 salutem,
2658 2849 2833 2910 quam
2889 2830 3019 2910 ipse
3048 2831 3226 2893 stulte
3256 2851 3494 2896 servare
3523 2855 3664 2916 pro-

2024 2918 2475 2992 hibuerat.Quis
2498 2937 2639 2996 ergo
2661 2937 2823 2981 sana;
2842 2921 3059 2982 mentis
3082 2929 3143 2983 et
3161 2922 3358 2984 sciens
3380 2923 3664 3001 benigni—

2027 3011 2162 3073 tatis
2196 3018 2429 3088 tempus
2450 3018 2510 3071 et
2534 3009 2803 3088 justitiae,
2851 3028 2988 3070 eum
3029 3011 3393 3089 judicaverit
3422 3014 3663 3094 dignum

303 3114 487 3168 οὖκοῦν
537 3108 652 3166 οῦδὲ
707 3112 733 3164 ὁ
791 3107 962 3184 μέγας
1009 3114 1098 3163 τοῦ
1144 3112 1276 3161 Θεοῦ
1319 3104 1616 3180 ἄνθρωπος,
1677 3103 1763 3157 καὶ
1794 3099 1942 3164 εἰδὼς

2030 3099 2599 3202 misericordia,qui,
2625 3107 2689 3202 ut
2711 3099 2952 3202 dicitur,
2980 3110 3187 3181 captus
3200 3110 3336 3202 erat
3358 3104 3482 3165 suis
3513 3124 3664 3185 pen-

305 3201 480 3274 νὲμειν
514 3221 569 3255 τε
603 3198 747 3255 ἔλεον
779 3197 861 3274 ἐφ’
892 3197 980 3261 οἷς
1037 3195 1143 3264 δεῖ,
1205 3197 1292 3249 καὶ
1338 3194 1527 3250 οἶκτον
1583 3190 1802 3269 ἐπέχειν
1856 3189 1943 3245 ὅτε

304 3289 412 3368 δεῖ,
473 3291 560 3345 καὶ
617 3285 1002 3343 ἀναϐάλλεσθαι
1065 3307 1164 3350 την
1225 3283 1577 3344 συμπάθειαν.
1653 3278 1804 3348 ’ῌδει
1849 3277 1948 3356 γὰρ

306 3381 379 3443 εἷς
436 3385 592 3434 τοῦτο
650 3377 824 3455 φέρειν
875 3377 963 3431 καὶ
1021 3376 1080 3430 τὸ
1139 3378 1230 3429 τοῦ
1272 3372 1432 3440 θείου,
1496 3369 1661 3448 φημὶ,
1696 3359 1944 3439 Ἠσαίου,

306 3471 363 3526 τὸ
409 3471 481 3531 εἰς
541 3467 805 3542 σταθμοὺς
849 3467 940 3520 καὶ
996 3463 1162 3541 μέτρα
1223 3465 1432 3518 κεῖσθαι
1491 3460 1633 3535 παρὰ
1680 3465 1796 3531 Θεῷ
1856 3458 1948 3512 τὸν

305 3557 474 3616 ἔλεον.
530 3559 700 3614 Αῦτοῦ
743 3561 1026 3631 τοιγαροῦν
1058 3554 1190 3630 πρὸς
1223 3557 1300 3623 τῷ
1352 3547 1709 3623 θυσιαστηρίῳ
1757 3543 1948 3619 κειμέ-

307 3671 418 3716 νου,
484 3648 569 3702 καὶ
603 3644 767 3722 μόνον
811 3645 907 3699 οῦκ
950 3643 1194 3698 ἐκθανεῖν
1227 3640 1326 3694 ὕπὸ
1370 3645 1462 3694 τοῦ
1519 3634 1681 3716 φόϐου
1714 3634 1947 3709 μέλλον-

306 3759 423 3812 τος,
477 3736 628 3798 οὗτος
674 3733 921 3806 ζηλώσας
977 3729 1108 3808 ὑπὲρ
1152 3729 1248 3796 τῆς
1296 3726 1645 3796 Ἐκκλησίας,
1692 3724 1760 3792 ἢν
1811 3722 1950 3801 ἑώρα

307 3829 518 3889 πάντως
577 3825 679 3881 ὑπὸ
733 3829 838 3880 τῶν
893 3822 1098 3878 ἓκείνου
1158 3820 1336 3892 νόμων
1405 3813 1807 3893 ἐξυϐρισμὲνην,
1857 3812 1950 3868 τοῦ

309 3925 490 3993 καιροῦ
534 3916 663 3983 πρὸς
723 3923 876 3972 τοῦτο
923 3909 1242 3980 καλοῦντος,
1304 3902 1501 3970 ἀναϐὰς
1557 3902 1642 3960 ἐπ’
1696 3901 1948 3978 ὀκριϐαν-

307 3992 422 4084 τος,
470 4004 606 4061 ὥστε
653 4009 782 4059 πᾶσι
827 3999 1070 4078 γενέσθαι
1102 3996 1432 4075 καταφανὴς,
1463 3992 1671 4072 ἤλεγχε
1701 4013 1760 4048 τε
1792 3994 1948 4050 αὐτὸν

306 4079 617 4171 ἐπικαίρως,
704 4095 792 4147 καὶ
876 4085 1168 4163 λαμϐάνειν
1249 4085 1549 4160 ἀπόπειραν
1606 4084 1700 4138 τοῦ
1773 4079 1952 4145 καλῶς

310 4183 535 4263 ἔχοντός
582 4179 790 4236 ἐκέλευε
825 4180 1011 4238 νόμον.
1048 4178 1106 4234 Τί
1138 4181 1292 4231 τοῦτο
1321 4179 1491 4230 ποιῶν
1523 4175 1550 4228 ὁ
1592 4171 1898 4250 σοφώτατος
1933 4189 1950 4246 ;

312 4259 424 4348 ἅμα
480 4273 578 4345 μὲν
637 4271 736 4337 τὴν
799 4276 894 4324 τοῦ
952 4265 1081 4322 Θεοῦ
1133 4259 1479 4329 δικαιοσύνην
1540 4267 1626 4318 καὶ
1681 4262 1804 4323 τοὺς
1853 4266 1952 4327 τῆς

319 4361 570 4437 Προνοίας
625 4359 818 4432 νόμους
879 4355 1136 4430 ἐπαίρων,
1189 4352 1301 4424 ἅμα
1358 4349 1412 4406 δὲ
1477 4352 1724 4414 καὶτοῖς
1759 4348 1957 4429 σφόδρα

317 4448 617 4524 τολμηροϊς
664 4445 1090 4521 ὑποτεμνόμενος
1146 4443 1242 4508 τὴν
1289 4438 1586 4513 αὐθάδειαν,
1645 4439 1719 4501 εἷς
1774 4439 1955 4515 καιρόν

2032 3191 2214 3263 nis,et
2234 3189 2342 3250 bos
2368 3207 2437 3250 ex
2460 3207 2525 3250 se
2551 3189 2850 3270 praebebat
2875 3191 3173 3268 ﬂagellum
3199 3190 3368 3255 ?Nec
3390 3210 3533 3273 ergo
3567 3195 3668 3258 ille

2031 3299 2278 3356 magnus
2303 3285 2476 3341 homo
2499 3284 2726 3356 Dei,qui
2751 3293 2806 3339 et
2834 3286 3049 3341 sciebat
3084 3287 3540 3344 misericordiam
3565 3291 3670 3345 tri-

2032 3368 2218 3431 buere
2234 3368 2338 3430 ubi
2370 3375 2623 3449 oportet,
2654 3377 2712 3428 et
2738 3369 3035 3430 sustinere
3056 3369 3293 3448 quando
3325 3381 3579 3452 oportet,
3614 3384 3673 3435 et

2033 3457 2277 3518 differre
2295 3475 2424 3519 com
2437 3456 2903 3518 miserationem.
2932 3455 3174 3520 Sciebat
3192 3459 3351 3520 enim
3375 3479 3446 3521 eo
3469 3472 3673 3541 aperte

2031 3557 2308 3627 spectare
2331 3546 2476 3607 illud
2501 3546 2684 3607 divini
2704 3547 2871 3608 Isaiae
2890 3545 2969 3609 εστι
2997 3548 3061 3608 ln
3084 3549 3320 3609 stateris
3345 3561 3403 3610 et
3427 3571 3672 3613 mensu-

2031 3639 2114 3699 ris
2145 3637 2318 3698 sitam
2351 3655 2485 3699 esse
2512 3637 2667 3718 apud
2703 3639 2890 3699 Deum
2928 3638 3250 3718 justitiam.
3281 3638 3426 3702 Cum
3457 3641 3504 3702 is
3532 3660 3674 3722 ergo

2026 3729 2258 3808 jaceret
2287 3727 2358 3787 ad
2389 3744 2580 3802 aram,
2615 3733 2676 3788 et
2699 3727 2915 3789 timore
2939 3745 3125 3808 prope
3141 3739 3303 3791 esset
3326 3732 3673 3797 moriturus.

2035 3817 2129 3878 hic
2163 3816 2248 3876 vir
2269 3816 2504 3877 divinus
2533 3816 2662 3878 zelo
2686 3823 2881 3877 motus
2911 3834 3017 3896 pro
3043 3815 3523 3896 Ecclesia,quam
3542 3839 3675 3882 om-

2034 3909 2178 3967 nino
2210 3905 2446 3966 videbat
2474 3906 2660 3966 fuisse
2717 3906 2988 3967 affectam
3021 3908 3386 3970 contumelia
3415 3910 3487 3970 ab
3519 3910 3680 3973 illius

2035 3995 2370 4072 legibus,ad
2395 3995 2453 4056 id
2486 4002 2736 4057 vocante
2757 3996 3526 4069 occasione,conscendens
3546 4019 3678 4080 sug-

2036 4093 2363 4166 gestum,ut
2383 4093 2541 4147 esset
2562 4083 2844 4146 omnibus
2877 4085 3250 4165 manifestus,
3279 4105 3417 4149 eum
3447 4109 3677 4169 oppor-

2037 4187 2178 4237 tune
2193 4175 2469 4254 arguit,el
2486 4175 2664 4252 jussit
2685 4175 2970 4254 praeclare
2993 4193 3114 4236 suae
3136 4176 3286 4255 legis
3307 4178 3505 4240 facere
3520 4179 3678 4258 peri-

2037 4269 2256 4327 culum.
2297 4269 2413 4327 Cur
2432 4278 2626 4326 autem
2650 4268 2760 4325 hoc
2782 4269 3025 4325 faciebat
3057 4269 3143 4326 vir
3167 4271 3683 4340 sapientissimus?

2037 4352 2233 4414 Simul
2264 4352 2608 4429 quidem,ut
2637 4352 2950 4413 extolleret
2972 4351 3078 4413 Dei
3103 4354 3395 4430 justitiam
3431 4366 3486 4416 et
3518 4355 3683 4436 leges

2041 4445 2502 4510 Providentim,et
2533 4445 2839 4502 audacium
2865 4446 3166 4506 hominum
3202 4450 3490 4518 frangeret
3519 4463 3682 4507 arro-

315 4561 371 4596 τε
444 4538 693 4593 κάκεῖνον
749 4533 1200 4608 ὑπομιμνήσκων,
1261 4528 1384 4585 ὅσον
1429 4529 1538 4584 ἰστὶ
1582 4527 1700 4590 τοῖς
1749 4527 1943 4603 ἀνθρώ-

2041 4531 2327 4611 gantiam,
2361 4509 2508 4593 etut
2528 4531 2690 4592 illum
2719 4532 2777 4591 in
2805 4539 3076 4612 tempore
3106 4509 3460 4596 admoneret
3489 4553 3680 4615 quan-

318 4651 440 4692 ποις
505 4629 780 4705 χρήσιμον
826 4625 888 4680 τὸ
946 4621 1338 4701 φιλάνθρωπον.
1391 4627 1567 4675 Ταυτα
1615 4630 1733 4681 τοῖς
1761 4619 1821 4672 οῦ
1855 4639 1957 4672 οια-

317 4718 437 4782 λοῖς
483 4714 794 4792 λογισταῖς,
841 4711 958 4767 οῦδὲ
1001 4711 1062 4765 τὸ
1111 4707 1314 4764 ἐκείνου
1370 4713 1579 4779 πνεῦμα
1609 4705 1958 4782 γινώσκουσιν

318 4807 417 4872 ’ἐξω
475 4814 566 4863 τοῦ
622 4809 805 4880 καιροῦ
850 4802 1063 4856 πίπτειν
1110 4795 1310 4873 ἐδόκει,
1357 4796 1444 4852 καὶ
1492 4796 1741 4872 φορτικὸς
1772 4794 1955 4864 ἐνομί-

318 4905 458 4970 ζετο,
525 4895 610 4950 οιαὶ
666 4894 736 4954 εἷς
798 4889 1176 4967 ἀσπλαγχνίαν
1235 4889 1262 4941 ὁ
1321 4885 1534 4941 πάντωδ
1579 4883 1951 4962 φιλανθρωπό-

319 5007 476 5046 τατος
536 4980 846 5038 διεϐάλλετο
880 4995 895 5009 ⁸
939 4981 999 5035 τὸ
1044 4976 1095 5033 δὲ
1133 4976 1200 5043 ἦν
1244 4973 1382 5034 ὅλως
1431 4972 1819 5052 φιλανθρωπία,
1869 4975 1958 5029 καὶ

319 5073 477 5145 ζῆλος
559 5071 688 5147 ὑπὲρ
769 5073 930 5135 αὐτῆς
1019 5065 1395 5144 καιριώτατος,
1484 5062 1577 5118 τίνα
1647 5060 1852 5118 εἰδῶσιν
1912 5063 1959 5116 οἰ

321 5163 543 5239 σκληροὶ
595 5160 902 5216 παντάπασι
978 5160 1064 5211 καὶ
1124 5155 1422 5231 ὡμόθυμοι,
1487 5150 1752 5228 ἅνθρωποι
1810 5149 1958 5214 ὄντες

321 5255 407 5308 καὶ
468 5249 800 5326 ἀνθρωπίνης
869 5244 1168 5316 ἡττώμενοι
1225 5242 1516 5315 ἀσθενείας,
1584 5241 1670 5296 καὶ
1729 5239 1842 5296 ἐπεὶ
1899 5243 1961 5297 τὸ

404 5407 607 5472 251sa.
644 5421 846 5482 xxvm,
884 5404 984 5466 Π.

2042 4635 2162 4683 tum
2192 4622 2530 4682 hominibus
2555 4623 2772 4680 bonum
2795 4625 2869 4680 sit
2886 4625 3357 4684 clementiaJch
3377 4641 3497 4684 non
3519 4627 3686 4684 bonis

2040 4709 2656 4782 ratiocinatoribus,et
2677 4709 2778 4789 qui
2793 4709 2925 4788 ejus
2943 4709 3218 4788 spiritum
3236 4731 3353 4772 non
3370 4723 3682 4788 noverant,

2041 4800 2400 4862 videbantur
2419 4807 2582 4860 extra
2605 4807 2840 4878 tempus
2860 4799 3176 4861 cecidisse:
3199 4808 3257 4861 et
3280 4802 3684 4881 importunus,

2042 4891 2192 4970 proh
2224 4886 3008 4967 dolor,existimabatur,qui
3039 4899 3170 4950 erat
3195 4890 3544 4954 mitissimus
3581 4914 3593 4949 :
3629 4905 3690 4953 et

2043 4977 2432 5042 accusabatur
2453 4977 2712 5051 saevitiae,
2748 4978 2850 5058 qui
2875 4987 3002 5039 erat
3025 4981 3293 5041 omnium
3327 4981 3689 5044 humanissi-

2046 5088 2200 5130 mus.
2238 5067 2299 5129 Id
2326 5075 2523 5128 autem
2558 5075 2686 5128 erat
2714 5067 2959 5128 omnino
3007 5068 3367 5146 humanitas,
3401 5080 3459 5132 et
3483 5089 3589 5152 pro
3622 5091 3691 5135 ea

2043 5159 2208 5220 zelus
2239 5161 2326 5218 vel
2366 5156 2934 5236 opportunissimus.
2987 5167 3051 5219 ut
3099 5171 3558 5242 cognoscerent,
3592 5164 3692 5245 qui

2047 5246 2482 5310 erantomnino
2515 5246 2653 5307 duri
2686 5253 2744 5308 et
2773 5247 3002 5308 crudeli
3033 5249 3255 5323 animo,
3292 5268 3358 5312 se
3388 5251 3689 5330 homines,

412 5553 460 5626 (I
481 5545 929 5640 i)_li1_utropium
961 5545 1031 5609 ad
1067 5542 1383 5608 ecclesiam
1417 5541 1596 5622 paulo
1629 5551 1762 5625 post
1789 5543 2094 5612 Paschatis
2147 5549 2299 5628 dies,
2333 5568 2489 5613 anno
2521 5551 2658 5630 399,
2695 5553 3036 5640 confugisse
3083 5564 3379 5620 memorat
3411 5557 3702 5625 Baronius

329 5641 472 5696 tom.
506 5627 554 5696 ν
583 5627 814 5694 Annal.
