3996 6178
251 341 430 408 1113

1308 338 1496 400 VITA
1539 337 1602 400 S.
1646 333 1977 399 JOANNIS
2037 334 2595 400 CHRYSOSTOMI.

3487 334 3638 400 1114

249 476 514 541 δεδωκὼς
548 479 664 555 περὶ
694 477 754 532 τὸ
785 475 1008 532 ἓωθινὸν
1064 472 1236 548 ᾅδειν,
1291 474 1429 531 οὕτω
1481 474 1572 536 τὰς
1617 477 1722 528 τῶν
1767 471 1878 548 αίρε

1997 471 2370 544 mousion,et
2390 468 2450 531 id
2475 466 2798 533 execrandi
2825 472 2882 530 in
2907 469 3141 532 cantico
3169 477 3458 547 ponerent
3487 458 3637 534 εἶ]ὸί

247 571 432 624 τικῶν
463 568 703 646 ἧμαύρου
731 567 1080 645 κενοφωνίας.
1145 565 1201 623 Τί
1254 565 1314 620 τὸ
1372 564 1605 619 ἐντεῦθεν
1647 583 1664 632 ;

245 657 476 724 ἀνῆπτο
520 670 637 720 τοῖς
698 658 1011 734 αἱρετικοῐς,
1045 656 1129 710 καὶ
1167 655 1327 729 θυμὸς
1359 652 1565 729 ἄγριος,
1601 649 1652 716 ἐξ
1683 653 1743 706 οὗ
1772 650 1902 727 ἔρις,

244 747 325 800 ὲκ
366 744 421 802 δὲ
493 751 590 811 τῆς
645 745 828 823 μάχη,
898 746 984 800 καὶ
1054 745 1186 821 πρὸς
1232 744 1448 806 ταύταις
1508 741 1734 817 πληγαὶ,
1782 741 1904 795 εἶτα

241 834 556 909 ἐπιϐουλαὶ,
592 835 679 890 καὶ
721 833 874 896 τέλος
934 833 986 898 ἐξ
1035 833 1303 911 ἑκατέρων
1335 833 1550 889 θάνατοι
1587 849 1602 866 ·
1636 832 1774 887 ὥστε
1808 829 1901 884 καὶ

246 923 354 980 ἕνα
439 927 544 980 τῶν
625 929 721 990 τῆς
805 921 1076 998 βασιλίδος
1137 922 1429 1000 εύνούχων,
1493 921 1692 996 Βρίσων
1761 921 1903 990 αὐτῷ

243 1013 453 1088 ὄνομα,
503 1027 621 1076 τοῖς
667 1012 934 1087 ὑμνῳδοῖς
981 1012 1382 1089 συναιρόμενον,
1432 1010 1557 1083 λίθῳ
1625 1008 1901 1086 πληγῆναι

238 1107 318 1158 τὸ
378 1104 626 1176 μέτωπον
663 1118 675 1131 ⁸
715 1100 845 1178 ὅπερ
877 1104 949 1164 ὡς
983 1099 1205 1176 βασιλέα
1251 1098 1535 1177 διαδραμὸν
1580 1096 1757 1154 αἴτιον
1790 1110 1902 1160 τοῖς

241 1195 556 1269 αἱρετικοτς
631 1191 864 1255 κατέστη
943 1198 1035 1247 τοῦ
1115 1191 1410 1246 παύσασθαι
1479 1186 1710 1263 δημοσίᾳ
1781 1188 1900 1250 τοὺς

239 1281 457 1357 ὕμνους
520 1293 718 1343 ποιεῖν,
781 1278 944 1337 Οὐδέν
986 1278 1041 1335 δὲ
1094 1280 1214 1336 οἷον
1287 1283 1379 1334 καὶ
1449 1281 1566 1354 περὶ
1623 1281 1729 1334 τῶν
1799 1277 1900 1332 ἁν-

241 1372 504 1450 τιφώνων
605 1369 767 1426 τῶνδε
857 1367 1131 1425 διαλαϐεῖν
1212 1367 1384 1445 ῴδῶν,
1478 1371 1554 1432 τίς
1648 1367 1746 1442 ἄρα
1815 1368 1900 1422 καὶ

246 1459 416 1539 ἧρξεν
471 1464 658 1522 αὑταῖς
729 1461 825 1527 τῆς
910 1459 1182 1535 εὑρέσεως.
1269 1457 1525 1533 ἰγνάτιόν
1601 1460 1700 1534 γάρ
1773 1480 1898 1531 φασι

243 1553 351 1606 τὸν
436 1550 685 1630 θεοφόρον
772 1550 863 1606 καὶ
948 1549 1185 1625 μάρτυρα
1272 1554 1482 1624 πρῶτον
1558 1547 1897 1623 mimo/35m

240 1649 413 1698 τοῦτο
473 1637 820 1716 παραδοῦναι,
897 1639 1018 1713 ὄψει
1069 1638 1278 1694 ἐκεῖνον
1337 1638 1577 1714 θειοτέρα
1646 1634 1892 1713 παραλα-

1720 561 1907 636 φθόνος

1989 572 2154 634 sunt,
2190 559 2595 639 dicentes,qui
2630 559 2740 620 tria
2772 577 2948 620 unam
2983 559 3317 621 defendunt
3347 577 3481 622 esse
3510 567 3632 621 vir-

1990 650 2209 711 tutem?
2227 650 2362 712 Haec
2388 669 2520 711 cum
2547 650 2834 710 audiisset
2857 649 2961 710 ille
2988 668 3260 728 magnus,
3294 667 3430 712 eum
3453 650 3636 730 pieta-

1989 739 2060 800 tis
2079 739 2245 802 zelus
2267 737 3092 818 magisincendit.Verebatur
3109 739 3271 800 enim
3291 758 3366 801 ne
3386 739 3632 812 malum,

1987 828 2073 889 sic
2112 847 2321 889 rursus
2355 829 2638 908 loquendi
2698 827 3037 889 libertatem
3074 837 3440 902 assecutum,
3471 838 3635 890 esset

1985 917 2121 979 aliis
2155 937 2330 979 causa
2360 919 2548 980 exitii.
2583 917 3179 1000 Machinaturitaque
3211 920 3394 980 virtus
3427 928 3634 980 contra

1986 1008 2284 1081 vitium,et
2305 1026 2440 1068 cum
2466 1012 2593 1088 ipse
2615 1009 2944 1088 antipbona
2967 1010 3407 1090 composuisset
3437 1009 3628 1070 canti-

1985 1106 2145 1168 ca,et
2173 1097 2442 1160 dedisset
2469 1097 2705 1177 populis
2735 1097 3010 1158 canenda
3036 1098 3096 1158 in
3131 1100 3447 1178 matutino,
3483 1098 3632 1159 εσθ-

1986 1187 2066 1252 cit
2097 1199 2156 1247 ut
2180 1191 2265 1248 sic
2289 1196 2722 1250 evanescerent
2745 1187 2955 1248 inanes
2984 1206 3160 1248 voces
3184 1189 3626 1249 haereticorum.

1986 1277 2138 1350 Quid
2173 1278 2396 1338 deinde
2426 1276 2849 1357 consequitur?
2877 1276 3012 1338 Fuit
3041 1295 3296 1338 accensa
3335 1277 3631 1338 haereticis

1985 1366 2204 1428 invidia
2228 1377 2287 1428 et
2305 1369 2394 1428 ira
2413 1369 2768 1446 agrestis,ex
2793 1367 2985 1446 qualis
3011 1375 3137 1428 orta
3167 1377 3295 1428 est:
3324 1385 3390 1426 ex
3427 1385 3494 1426 ea
3525 1383 3630 1427 au-

1987 1466 2433 1534 temjpugnze,et
2458 1465 2673 1536 praeter
2691 1475 2791 1518 eas
2816 1456 3026 1535 plagae;
3054 1456 3278 1517 deinde
3311 1455 3634 1529 insidias,et

1988 1554 2302 1620 postremo
2335 1545 2533 1607 caedes
2555 1564 2624 1606 ex
2650 1544 3107 1626 utrisque,adeo
3132 1554 3196 1604 ut
3219 1562 3372 1604 unus
3394 1562 3632 1624 quoque

1982 1651 2052 1694 ex
2081 1635 2376 1695 eunuchis
2406 1635 2830 1712 imperatricis,
2865 1636 3110 1696 nomine
3143 1633 3397 1714 Bryson,
3431 1633 3633 1694 favens

235 1725 440 1808 δόντα,
505 1729 590 1784 καὶ
663 1727 924 1804 ἀγγέλους
983 1727 1405 1802 ἀντιψάλλοντας
1468 1725 1726 1794 ἀλλήλοις
1789 1727 1881 1780 ἑω-

1981 1723 2329 1785 cantoribus
2363 1724 2732 1798 orthodoxis,
2768 1725 2826 1785 in
2861 1724 3058 1785 fronte
3089 1723 3268 1786 fuerit
3300 1739 3629 1803 percussus

235 1817 454 1892 ρακότα
495 1817 591 1872 καί
637 1818 802 1892 ταύτῃ
847 1817 940 1873 τὸν
983 1815 1146 1890 ὕμνον
1192 1822 1259 1890 τῇ
1293 1820 1464 1891 σεπτῇ
1496 1814 1675 1886 Τριάδι
1724 1835 1894 1889 προσ-

230 1907 527 1986 φέροντας.

1978 1811 2372 1892 lapide.Quod
2392 1813 2637 1892 quidem
2665 1832 2797 1874 cum
2821 1815 3194 1893 pervenisset
3213 1812 3283 1873 ad
3310 1829 3485 1873 aures
3507 1811 3626 1871 im-

1977 1902 2293 1982 peratoris,
2343 1903 2528 1963 vetuit
2586 1903 2910 1975 hazreticis,
2977 1922 3051 1964 ne
3083 1902 3342 1981 amplius
3376 1901 3628 1982 hymnos

234 1999 486 2080 publice
538 2000 824 2064 facerent.
859 1998 1060 2063 Satius
1117 2007 1316 2061 autem
1354 1999 1532 2061 fuerit
1561 2000 1636 2060 de
1685 1996 2034 2078 antiphonis
2063 2015 2303 2076 quoque
2361 1997 2611 2058 canticis
2644 1996 2868 2070 dicere,
2907 1999 3179 2076 quisnam
3211 1995 3390 2056 fuerit
3418 2000 3630 2056 auctor

238 2107 457 2151 eorum
511 2089 896 2153 inventionis.
932 2088 1148 2152 Dicunt
1177 2087 1338 2150 enim
1372 2088 1637 2150 divinum
1671 2097 1728 2148 et
1758 2095 2075 2167 martyrem
2101 2085 2395 2163 Ignatium
2429 2087 2542 2147 hoe
2573 2085 2889 2148 tradidisse
2921 2085 3178 2166 primum
3232 2083 3625 2147 Antiochenis

238 2198 369 2241 non
401 2178 564 2240 domi
596 2198 718 2242 sua!
749 2189 807 2241 et
851 2199 882 2240 a
913 2197 978 2242 se
1009 2180 1340 2255 inventum,
1377 2179 1482 2239 sed
1515 2177 1792 2239 diviniori
1822 2176 2075 2256 quadam
2111 2177 2358 2248 visione,
2393 2184 2460 2236 ut
2504 2175 2606 2236 ille
2638 2195 2772 2236 cum
2801 2175 2924 2238 Deo
2959 2194 3229 2254 magnam
3264 2173 3519 2236 habebat
3543 2172 3628 2233 fa.

247 2268 684 2345 miliaritatem,
719 2277 1032 2350 acceptum
1073 2291 1085 2328 :
1121 2275 1184 2330 ut
1215 2267 1315 2348 qui
1367 2267 1585 2330 viderit
1613 2267 1858 2345 angelos
1890 2265 1976 2326 sic
2006 2266 2162 2325 inter
2214 2283 2278 2325 se
2311 2273 2515 2325 contra
2547 2265 2865 2345 psallentes
2898 2274 2955 2325 et
2984 2266 3272 2345 hymnum
3303 2264 3626 2324 offerentes

245 2359 573 2421 adorandae
596 2358 890 2424 Trinitati.
2705 2423 2724 2433 -

334 2451 454 2512 KZ'.
493 2453 592 2510 Καὶ
623 2459 780 2510 τοῦτο
836 2451 890 2507 δὲ
950 2455 1055 2508 τῶν
1120 2453 1238 2528 περὶ
1293 2449 1542 2508 Ἰωάννου
1596 2449 1881 2527 ἱστορημέ-

2053 2445 2290 2510 XXVII.
2326 2445 2509 2508 Porro
2535 2455 2729 2508 autem
2765 2467 2832 2510 ex
2869 2448 3106 2528 iis,quaa
3129 2447 3204 2507 de
3229 2450 3463 2508 Joanne
3491 2453 3618 2506 tra-

253 2564 359 2597 νων
387 2540 582 2607 ἥκιστα
613 2539 860 2620 παριδεῖν
891 2540 1054 2606 ἄξιον.
1091 2541 1317 2617 Λέγεται
1363 2542 1486 2616 γὰρ,
1535 2540 1626 2594 καί
1675 2538 1881 2595 πολλῶν

1973 2537 2218 2609 duntur,
2257 2538 2370 2601 hoc
2393 2537 2640 2598 minime
2664 2546 2753 2597 est
2777 2536 3624 2617 praetermittendumDicitur

245 2631 508 2705 στόμασιν
538 2629 743 2706 ᾄδεται,
775 2630 962 2694 ὁσάκις
1006 2628 1069 2685 ἂν
1113 2632 1204 2686 τὸν
1261 2633 1408 2686 θεῖον
1468 2627 1626 2705 ἄρτον
1685 2633 1881 2705 ἱερουρ-

1974 2628 2135 2689 enim
2169 2636 2228 2688 et
2250 2627 2573 2688 multorum
2607 2644 2888 2688 sermone
2919 2625 3447 2706 eelebratur,quod
3481 2644 3616 2686 cum

247 2725 361 2797 γῶν
425 2719 701 2800 ἀναφὲροι,
778 2718 954 2775 ἔνθουν
1041 2718 1167 2775 ὅλον
1241 2718 1546 2796 γινόμενον,
1605 2715 1881 2792 συμϐόλοις

1979 2716 2245 2778 divinum
2311 2734 2529 2794 panem
2590 2735 2953 2780 consecrans
3001 2716 3346 2794 extolleret,
3403 2722 3621 2777 totusa

245 2810 354 2864 τισὶ
413 2810 474 2864 τὸ
531 2815 624 2865 τοῦ
677 2815 812 2868 Θεοῦ
865 2807 1018 2886 ἅγιον
1078 2815 1292 2882 Πνεῦμα
1339 2806 1426 2862 ἐπὶ
1469 2807 1881 2886 τὰξπροκείμενα

1975 2807 2097 2867 Ι)εο
2124 2806 2382 2879 afﬂatus,
2421 2806 2593 2886 (quid
2629 2815 2828 2868 autem
2863 2808 3074 2868 horum
3109 2815 3199 2868 est
3258 2805 3619 2867 incredibile

247 2895 388 2974 δῶρα
448 2896 774 2955 καταϐαῖνον
830 2901 977 2972 ὂρᾷν,
1025 2899 1177 2961 Ἐνὸς
1220 2904 1347 2974 γοῦν
1392 2918 1524 2954 ποτε
1583 2903 1692 2953 τῶν
1741 2917 1881 2974 παρ-

1973 2895 2031 2955 in
2065 2903 2182 2956 tam
2209 2904 2415 2957 sancta
2461 2895 2718 2970 anima?)
2769 2895 3132 2977 quibusdam
3167 2896 3348 2974 signis
3382 2895 3622 2956 videbat

248 2987 547 3062 ισταμένων
604 2988 748 3062 αύτῷ
808 2991 1127 3066 λειτουργῶν
1189 2988 1380 3064 γυναίῳ
1437 2989 1538 3041 τινὶ
1594 2987 1701 3042 τῶν
1762 2983 1881 3042 δια-

1973 2984 2082 3046 Dei
2116 2985 2406 3064 Spiritum
2445 2985 2518 3047 ad
2550 2985 2708 3046 dona
2734 2985 3040 3066 proposita
3063 2983 3618 3048 descendere.Cum

245 3083 558 3136 κυπτουσῶν
639 3076 837 3136 ἄνωθεν
919 3077 1258 3156 προσχόντος
1317 3077 1410 3132 τὸν
1468 3075 1740 3154 ὀφθαλμὸν
1797 3077 1881 3130 καὶ

1973 3081 2169 3135 autem
2206 3093 2361 3136 unus
2419 3093 2490 3136 ex
2546 3075 2862 3149 ministris,
2917 3075 3019 3156 qui
3055 3074 3111 3136 ei
3141 3075 3521 3148 assistebant,
3559 3075 3619 3134 in

247 3165 540 3244 περιέργως
624 3167 788 3234 αὐτὴν
899 3143 1334 3243 προσϐλέποντος
1366 3214 1380 3243 ,
1482 3143 1881 3244 διακρουσθῆναι

1973 3163 2289 3242 quamdam
2324 3165 2640 3226 mulierem
2674 3182 2747 3226 ex
2775 3143 2871 3237 iis,
2906 3143 3044 3242 q'uae
3067 3164 3327 3244 desuper
3349 3143 3622 3227 solebant

245 3255 344 3330 μὶν
391 3255 529 3312 οὕτω
570 3258 670 3322 τὴν
701 3256 919 3333 θεωρίαν
949 3263 1042 3312 τοῦ
1070 3256 1372 3329 πνεύματος
1401 3271 1414 3284 ⁸
1456 3255 1664 3311 ἐκεῖνον
1708 3252 1760 3308 δὲ
1807 3255 1881 3328 μὴ

1973 3252 2316 3332 despicere,
2348 3256 2411 3333 (ο
2446 3261 2604 3315 tuam
2638 3253 2841 3315 omnia
2886 3253 3332 3334 pervadentem,
3373 3273 3406 3314 o
3443 3253 3618 3314 mali-

244 3345 532 3423 ἀγνοῆσαι,
596 3344 734 3401 ἀλλὰ
792 3348 882 3401 τὸν
933 3347 1032 3421 μὲν
1061 3345 1370 3423 λειτουργὸν
1414 3344 1605 3400 αὔτίιια
1654 3365 1881 3418 μετακι-

1973 3359 2110 3420 gne,
2145 3342 2622 3423 improbitatem)
2686 3343 2927 3406 oculum
2976 3342 3366 3422 conjecisset,
3399 3350 3459 3403 et
3485 3361 3618 3403 eam

245 3439 402 3502 νῆσαι
463 3435 558 3503 τῆς
600 3434 863 3510 στάσεως,
922 3435 1080 3494 αὒτὸν
1141 3433 1198 3490 δὲ
1246 3435 1340 3502 τῆς
1383 3434 1640 3502 συνήθους
1704 3433 1881 3507 ὄψεως

1973 3430 2208 3493 curiose
2259 3431 2578 3509 aspiceret,
2614 3432 2701 3494 sic
2733 3431 2977 3512 quidem
3015 3449 3228 3509 magno
3257 3431 3473 3494 Joanni
3505 3431 3617 3493 fuit

247 3524 324 3591 μὴ
379 3521 694 3602 διαμαρτεῖν
729 3539 744 3552 ⁸
807 3524 931 3580 εἶτα
985 3523 1238 3601 πρόνοιαν
1298 3523 1387 3579 καὶ
1444 3521 1538 3579 τοῦ
1596 3519 1881 3596 μὲλλοντος

1973 3519 2221 3598 depulsa
2275 3519 2429 3582 visio
2487 3524 2679 3582 sancti
2740 3519 3025 3599 Spiritus.
3089 3517 3198 3582 Ille
3246 3528 3444 3581 autem
3499 3539 3616 3582 non

246 3613 494 3690 θέμενον,
582 3615 1067 3692 παραπετάσμασιν
1151 3612 1431 3692 ἆπιτρὲψαι
1521 3613 1588 3669 τὰ
1672 3612 1881 3686 ὑπερῷα

1973 3608 2279 3687 ignoravit,
2313 3607 2417 3670 sed
2453 3609 2796 3671 ministrum
2843 3608 3086 3689 quidem
3139 3608 3336 3671 statim
3373 3609 3557 3672 movit
3585 3627 3618 3670 e

247 3699 656 3784 διατειχίζεσθαι
670 3743 684 3760 .

1973 3715 2076 3760 sua
2106 3698 2362 3760 statione
2400 3717 2414 3760 :
2469 3699 2600 3778 ipse
2651 3717 2794 3760 vero
2825 3707 3117 3760 consueta
3149 3698 3384 3760 visione
3415 3717 3490 3760 ne
3521 3698 3610 3760 sic

245 3795 489 3877 quidem
519 3804 610 3859 est
631 3796 969 3860 frustratus.
1007 3794 1238 3858 Deinde
1257 3795 1437 3860 futuri
1460 3811 1698 3876 quoque
1719 3812 1921 3857 curam
1941 3809 2180 3871 gerens,
2196 3792 2377 3872 jussit
2406 3792 2551 3854 velis
2569 3793 2886 3873 superiora
2916 3792 3137 3855 muniri
3168 3793 3428 3854 tabulata
3459 3792 3612 3875 (t4).

327 3891 463 3952 κε’.
504 3898 613 3951 Ποῦ
639 3891 693 3948 δὲ
724 3893 813 3949 καὶ
842 3897 999 3950 τοῦτο
1041 3889 1288 3969 παριδεῖν
1318 3890 1542 3969 δίκαιον,
1565 3891 1622 3947 ἓν
1649 3890 1748 3965 μὲν
1776 3895 1881 3946 τῶν

2041 3884 2628 3958 XXVIII.Quomodo
2651 3895 2847 3948 autem
2861 3888 3088 3965 justum
3115 3885 3296 3947 fuerit
3319 3887 3433 3948 hoc
3455 3905 3613 3966 quo-

244 3983 360 4060 περὶ
385 3982 543 4042 αὑτοῦ
586 3981 894 4059 λεγομένων
948 3982 1034 4061 ὃν,
1081 3984 1277 4044 ἱκανῶς
1308 3980 1363 4036 δὲ
1394 3982 1526 4060 ἕχον
1569 3985 1724 4060 ψυχῇ
1767 4002 1881 4059 χα-

1973 3993 2080 4056 que
2111 3977 2610 4057 praeterire,quod
2631 3987 2724 4039 est
2744 3976 2992 4052 quidem
3020 3995 3204 4038 unum
3243 3995 3316 4038 ex
3344 3977 3441 4052 iis,
3477 3996 3609 4056 quas

239 4073 476 4148 ρίσασθαι
520 4069 772 4153 φιλοθέῳ,
822 4073 910 4128 καὶ
951 4073 1084 4149 πρὸς
1147 4071 1311 4144 ὕμνον
1366 4071 1531 4136 αὖτὴν
1589 4068 1880 4146 διαθερμάο

1973 4065 2039 4126 de
2068 4083 2140 4128 eo
2171 4065 2476 4143 dicuntur,
2503 4068 2612 4146 pia:
2640 4085 2778 4127 vero
2811 4065 3029 4128 anima
3061 4075 3254 4146 potest
3277 4083 3412 4128 esse
3441 4067 3610 4128 valde

238 4183 316 4216 ναι
371 4167 466 4217 τοῦ
508 4161 788 4225 κτίσαντος
823 4177 839 4236 ;
872 4161 1039 4240 ’Ἔχει
1070 4159 1125 4216 δὲ
1158 4160 1322 4224 οὕτως
1358 4175 1373 4190 '
1430 4161 1598 4236 Ἀνήρ
1631 4182 1714 4222 τις
1759 4159 1881 4216 κατ’

1973 4162 2285 4232 gratum,et
2311 4173 2442 4217 eam
2476 4155 2814 4217 accendere
2845 4155 2918 4217 ad
2947 4155 3228 4234 hymnum
3259 4154 3560 4218 Creatoris
3583 4163 3610 4219 ?

239 4249 414 4306 ἐκεῖνο
484 4259 689 4328 καιροῦ,
766 4250 925 4315 αὒτός
983 4271 1041 4306 τε
1101 4249 1352 4328 ὁμόφρων
1426 4248 1733 4322 Μακεδονίῳ
1801 4256 1879 4323 τῷ

1973 4243 2062 4306 Sic
2085 4251 2286 4306 autem
2321 4244 2504 4306 habet
2537 4263 2552 4306 :
2583 4246 2687 4306 Vir
2719 4251 2846 4305 erat
2895 4243 3139 4320 quidam
3172 4243 3276 4306 ille
3314 4253 3608 4323 tempore,

240 4342 483 4416 αἱρετικῷ
525 4344 619 4414 ἦν,
681 4341 768 4396 καὶ
818 4341 915 4408 τὴν
965 4351 1196 4418 γυναῖκα
1227 4339 1293 4395 τὰ
1324 4339 1454 4397 αὐτὰ
1485 4339 1671 4413 ἐκείνῳ
1716 4337 1874 4404 δοξᾶ-

238 4435 424 4499 ζουσαν
469 4429 624 4508 εἶχε.
673 4436 868 4486 Τοῦτον
929 4433 957 4486 ὁ
1011 4430 1182 4508 μέγας
1229 4429 1496 4507 ἐντέχνως
1556 4431 1871 4507 περιελθὼν,

237 4518 448 4593 θήραμα
503 4523 603 4586 τῆς
662 4522 824 4577 αὐτοῦ
880 4518 1130 4596 γλώττης
1195 4531 1458 4596 ποιεῖται,
1522 4520 1607 4574 καὶ
1649 4524 1718 4594 τῇ
1771 4525 1877 4574 τῶν

238 4608 440 4663 πιστῶν
495 4608 842 4680 προστίθησιν
889 4607 1208 4681 Ἐκκλησία.
1258 4607 1393 4665 Εἶτα
1451 4609 1658 4670 ἐκεῖνος
1714 4606 1874 4664 πάλιν

239 4695 430 4751 πείθειν
490 4697 586 4764 τὴν
651 4697 894 4751 σύνοικον
941 4697 1215 4773 ἐπειρᾶτο.
1272 4689 1332 4752 Ἠ
1367 4695 1421 4751 δὲ
1471 4697 1627 4773 γυνὴ,
1684 4697 1777 4752 ἅτε
1822 4695 1875 4751 δὲ

243 4788 395 4864 γυνη,
455 4785 544 4841 καὶ
587 4797 707 4847 τοῖς
752 4784 964 4859 ψεύδεσι
1009 4785 1238 4862 μᾶλλον,
1273 4785 1308 4852 ἢ
1351 4787 1419 4861 τῇ
1449 4784 1672 4858 ἀληθείᾳ
1704 4806 1877 4864 προσ-

243 4873 462 4952 ἔχουσα,
495 4873 648 4952 ἔλεγε
679 4874 778 4948 μὲν
809 4882 884 4947 τῷ
933 4873 1082 4952 ἀνδρῖ
1130 4887 1480 4955 συμφρονεῖν,
1513 4877 1601 4931 καὶ
1648 4875 1714 4930 τὰ
1771 4880 1878 4930 τῶν

240 4961 520 5039 ὀρθοδόξων
581 4964 890 5040 ὑπεκρίνετο
975 4963 1305 5044 πρεσϐεύειν,
1384 4965 1485 5030 τὴν
1545 4962 1599 5019 δὲ
1652 4961 1874 5041 καρδίαν

242 5053 328 5108 οὒκ
381 5052 511 5132 εἶχε
569 5054 1049 5131 συμφθεγγομὲνην
1119 5069 1238 5117 τοῖς
1292 5054 1654 5134 φαινομένοις.
1716 5061 1874 5128 Λαμ-

241 5138 378 5197 ϐάνει
435 5144 606 5198 τοίνυν
656 5144 778 5218 μίαν
843 5143 949 5200 ἀπό
1007 5166 1149 5206 τινος
1220 5149 1328 5200 τῶν
1399 5145 1874 5222 πνευματομάχων

241 5229 390 5302 ἄρτου
449 5229 657 5309 μερίδα,
704 5233 792 5286 καὶ
826 5232 1024 5299 ταύτην
1066 5234 1201 5291 κατὰ
1251 5234 1312 5288 τὸ
1343 5231 1568 5299 λεληθὸς
1627 5239 1693 5308 τῇ
1737 5254 1872 5288 παι-

241 5316 383 5395 δίσκῃ
415 5320 769 5393 πιστεύσασα,
815 5325 892 5394 τῷ
932 5329 1041 5377 τῶν
1084 5328 1286 5378 πιστῶν
1330 5325 1454 5400 ἱερῷ
1506 5323 1599 5377 σὺν
1644 5329 1720 5394 τῷ
1771 5321 1873 5376 ἀν-

245 5405 313 5484 δρὶ
357 5411 625 5485 πρόσεισι,
687 5424 989 5488 μετασχεῖν
1033 5411 1138 5466 τῶν
1198 5411 1550 5487 ἀγιασμάτων
1606 5433 1873 5490 προσποι-

1959 4334 2066 4410 qui
2087 4334 2218 4413 ipse
2239 4353 2481 4414 quoque
2504 4334 2662 4396 idem
2690 4333 2988 4396 sentiebat
3005 4353 3140 4396 cum
3161 4333 3606 4409 Macedonistis,

1960 4433 2020 4484 et
2051 4424 2310 4485 habebat
2342 4442 2613 4493 uxorem,
2643 4443 2778 4504 quae
2808 4424 3292 4504 eamdem,qusm
3320 4425 3473 4502 ipse,
3499 4426 3609 4486 ha-

1961 4511 2140 4574 bebat
2171 4513 2700 4593 opinionem.Eum
2734 4531 2984 4590 magnus
3009 4515 3272 4576 Joannes
3304 4513 3612 4592 sapienter

1957 4611 2016 4663 et
2046 4603 2375 4664 artiﬁciose
2401 4621 2737 4682 aggressus,
2765 4620 2872 4664 sua
2902 4603 3104 4681 lingua
3135 4613 3378 4682 ceperat
3409 4612 3468 4665 et
3497 4604 3608 4664 ad-

1953 4692 2236 4769 juuxerat
2265 4691 2551 4754 Ecclesiae
2572 4692 3106 4755 ﬁdeliumDeinde
3139 4693 3243 4754 ille
3271 4712 3482 4754 rursus
3513 4712 3608 4755 co-

1965 4781 2214 4842 nabatur
2239 4782 2604 4861 persuadere
2627 4782 2757 4862 ejus
2782 4782 3048 4855 uxori,ut
3073 4783 3345 4843 eamdem
3373 4791 3610 4844 teneret

1959 4871 2567 4932 sententi‘amJIulier
2588 4885 2818 4945 autem,
2850 4880 2914 4932 ut
2936 4889 3068 4952 quae
3088 4882 3246 4933 esset
3276 4873 3516 4938 mulier.
3550 4883 3610 4933 et

1960 4961 2303 5022 attenderet
2337 4961 2524 5039 magis
2555 4961 2990 5042 falsum,quam
3022 4961 3608 5034 veritatem,dicebat

1958 5068 2025 5112 se
2048 5050 2290 5130 quidem
2317 5050 2528 5112 eadem
2554 5052 2781 5112 sentire
2803 5069 2936 5130 quas
2967 5052 3236 5126 maritus,
3263 5060 3320 5113 et
3351 5071 3442 5123 ea,
3475 5071 3607 5133 quae

1959 5139 2278 5201 orthodoxi
2312 5139 2592 5201 similiter
2623 5148 2800 5220 atque
2830 5139 2958 5214 ille,
2995 5149 3233 5221 tenere;
3271 5161 3374 5204 cor
3404 5151 3604 5204 autem

1960 5229 2207 5290 minime
2225 5227 2481 5290 habebat
2502 5231 2660 5292 idem
2687 5231 3130 5311 quuens,quod
3156 5231 3605 5310 linguaznulens

1958 5319 2111 5380 sicut
2130 5317 2294 5397 prius
2317 5337 2450 5380 eum
2480 5321 2691 5382 marito
2717 5320 3023 5395 errori,ita
3044 5321 3274 5382 veritati
3299 5331 3603 5401 postremo

1960 5408 2591 5472 communicare.Cum
2622 5411 2820 5490 itaque
2850 5429 2882 5472 a
2914 5410 3172 5490 quodam
3207 5430 3277 5474 ex
3309 5415 3601 5475 Pneuma-

317 5627 443 5711 (14)
485 5619 756 5709 ἰ’περῴα,
792 5634 1105 5712 superiora
1137 5628 1416 5706 tabulata,
1452 5635 1510 5692 in
1536 5629 1752 5714 quibus
1783 5641 1918 5696 sunt
1949 5631 2233 5694 mulieres
2262 5633 2323 5694 in
2354 5631 2606 5694 ecclesia
2638 5639 2924 5711 separata)
2955 5648 2986 5693 a
3012 5631 3171 5701 viris,
