  <div class='ocr_page' id='page_1' title='image "/cluster/home/n/w/nwhite01/storage/ocr_20150623/114/mdp.39015028574344/569.png"; bbox 0 0 3996 6178; ppageno 0'>
   <div class='ocr_carea' id='block_1_1' title="bbox 470 304 2113 379">
    <p class='ocr_par' dir='ltr' id='par_1_1' title="bbox 470 304 2113 378">
     <span class='ocr_line' id='line_1_1' title="bbox 470 304 2113 378; baseline 0.004 -9"><span class='ocrx_word' id='word_1_1' title='bbox 470 304 621 370; x_wconf 85' lang='grc'>1115</span> <span class='ocrx_word' id='word_1_2' title='bbox 1754 310 2037 378; x_wconf 86' lang='lat' dir='ltr'><strong>MENSIS</strong></span> <span class='ocrx_word' id='word_1_3' title='bbox 2095 315 2113 376; x_wconf 85' lang='grc'>,1</span> 
     </span>
    </p>
   </div>
   <div class='ocr_carea' id='block_1_2' title="bbox 2200 304 3811 379">
    <p class='ocr_par' dir='ltr' id='par_1_2' title="bbox 2200 313 3811 379">
     <span class='ocr_line' id='line_1_2' title="bbox 2200 313 3811 379; baseline -0.002 0"><span class='ocrx_word' id='word_1_4' title='bbox 2200 314 2549 379; x_wconf 62' lang='lat' dir='ltr'><strong>NUARIUS.</strong></span> <span class='ocrx_word' id='word_1_5' title='bbox 3704 313 3811 377; x_wconf 73' lang='grc'>1116</span> 
     </span>
    </p>
   </div>
   <div class='ocr_carea' id='block_1_3' title="bbox 465 442 2113 530">
    <p class='ocr_par' dir='ltr' id='par_1_3' title="bbox 465 442 2104 530">
     <span class='ocr_line' id='line_1_3' title="bbox 465 442 2104 530; baseline 0.005 -27"><span class='ocrx_word' id='word_1_6' title='bbox 465 442 762 504; x_wconf 90' lang='lat' dir='ltr'><strong>tomachis</strong></span> <span class='ocrx_word' id='word_1_7' title='bbox 786 445 954 524; x_wconf 89' lang='lat' dir='ltr'><strong>panis</strong></span> <span class='ocrx_word' id='word_1_8' title='bbox 978 454 1200 526; x_wconf 89' lang='lat' dir='ltr'><strong>partem</strong></span> <span class='ocrx_word' id='word_1_9' title='bbox 1223 449 1717 530; x_wconf 85' lang='lat' dir='ltr'><strong>accepisset,eam</strong></span> <span class='ocrx_word' id='word_1_10' title='bbox 1750 449 1994 526; x_wconf 85' lang='lat' dir='ltr'><strong>quidem</strong></span> <span class='ocrx_word' id='word_1_11' title='bbox 2025 451 2104 512; x_wconf 89' lang='lat' dir='ltr'><strong>la-</strong></span> 
     </span>
    </p>
   </div>
   <div class='ocr_carea' id='block_1_4' title="bbox 2200 442 3814 530">
    <p class='ocr_par' dir='ltr' id='par_1_4' title="bbox 2200 449 3814 528">
     <span class='ocr_line' id='line_1_4' title="bbox 2200 449 3814 528; baseline -0.001 -21"><span class='ocrx_word' id='word_1_12' title='bbox 2200 451 2408 524; x_wconf 69' lang='lat' dir='ltr'><strong>Jupévn.</strong></span> <span class='ocrx_word' id='word_1_13' title='bbox 2444 451 2678 508; x_wconf 65' lang='lat' dir='ltr'><strong>&quot;Enen:</strong></span> <span class='ocrx_word' id='word_1_14' title='bbox 2709 453 2799 509; x_wconf 85' lang='grc' dir='ltr'><strong>τὸν</strong></span> <span class='ocrx_word' id='word_1_15' title='bbox 2830 455 2974 508; x_wconf 76' lang='grc' dir='ltr'>θεῖον</span> <span class='ocrx_word' id='word_1_16' title='bbox 3032 449 3188 528; x_wconf 74' lang='grc' dir='ltr'>ἄρτον</span> <span class='ocrx_word' id='word_1_17' title='bbox 3220 449 3508 523; x_wconf 68' lang='grc' dir='ltr'>λαϐοῦσα,</span> <span class='ocrx_word' id='word_1_18' title='bbox 3543 453 3716 506; x_wconf 75' lang='grc' dir='ltr'>τοῦτον</span> <span class='ocrx_word' id='word_1_19' title='bbox 3749 452 3814 524; x_wconf 59' lang='grc' dir='ltr'>μὲι</span> 
     </span>
    </p>
   </div>
   <div class='ocr_carea' id='block_1_5' title="bbox 465 535 2113 618">
    <p class='ocr_par' dir='ltr' id='par_1_5' title="bbox 465 535 2113 602">
     <span class='ocr_line' id='line_1_5' title="bbox 465 535 2113 602; baseline 0.005 -9"><span class='ocrx_word' id='word_1_20' title='bbox 465 541 665 594; x_wconf 84' lang='lat' dir='ltr'><strong>tenter</strong></span> <span class='ocrx_word' id='word_1_21' title='bbox 688 535 881 596; x_wconf 90' lang='lat' dir='ltr'><strong>credit</strong></span> <span class='ocrx_word' id='word_1_22' title='bbox 907 537 1139 599; x_wconf 67' lang='lat' dir='ltr'><strong>ancillae</strong></span> <span class='ocrx_word' id='word_1_23' title='bbox 1166 538 1303 599; x_wconf 92' lang='lat' dir='ltr'><strong>ﬁdei</strong></span> <span class='ocrx_word' id='word_1_24' title='bbox 1333 559 1346 598; x_wconf 93' lang='lat'><strong>:</strong></span> <span class='ocrx_word' id='word_1_25' title='bbox 1388 540 1458 599; x_wconf 90' lang='lat' dir='ltr'><strong>ad</strong></span> <span class='ocrx_word' id='word_1_26' title='bbox 1495 539 1763 601; x_wconf 88' lang='lat' dir='ltr'><strong>ﬁdelium</strong></span> <span class='ocrx_word' id='word_1_27' title='bbox 1792 549 1990 602; x_wconf 91' lang='lat' dir='ltr'><strong>autem</strong></span> <span class='ocrx_word' id='word_1_28' title='bbox 2025 560 2113 602; x_wconf 87' lang='lat' dir='ltr'><strong>sa-</strong></span> 
     </span>
    </p>
   </div>
   <div class='ocr_carea' id='block_1_6' title="bbox 2200 535 3815 618">
    <p class='ocr_par' dir='ltr' id='par_1_6' title="bbox 2200 539 3815 618">
     <span class='ocr_line' id='line_1_6' title="bbox 2200 539 3815 618; baseline -0.001 -22"><span class='ocrx_word' id='word_1_29' title='bbox 2200 541 2252 596; x_wconf 85' lang='grc' dir='ltr'><strong>ἐν</strong></span> <span class='ocrx_word' id='word_1_30' title='bbox 2279 547 2355 614; x_wconf 84' lang='grc' dir='ltr'>τῷ</span> <span class='ocrx_word' id='word_1_31' title='bbox 2415 541 2614 618; x_wconf 62' lang='grc' dir='ltr'>ἀφανεῖ</span> <span class='ocrx_word' id='word_1_32' title='bbox 2665 539 2825 597; x_wconf 71' lang='grc' dir='ltr'>πάλιν</span> <span class='ocrx_word' id='word_1_33' title='bbox 2888 547 2955 617; x_wconf 75' lang='grc' dir='ltr'><strong>τῇ</strong></span> <span class='ocrx_word' id='word_1_34' title='bbox 2987 539 3240 616; x_wconf 70' lang='grc' dir='ltr'>παιδίσκῃ</span> <span class='ocrx_word' id='word_1_35' title='bbox 3271 539 3539 612; x_wconf 82' lang='grc' dir='ltr'>δίδωσιν,</span> <span class='ocrx_word' id='word_1_36' title='bbox 3602 540 3815 611; x_wconf 57' lang='lat' dir='ltr'><strong>cinthu-</strong></span> 
     </span>
    </p>
   </div>
   <div class='ocr_carea' id='block_1_7' title="bbox 467 621 2113 710">
    <p class='ocr_par' dir='ltr' id='par_1_7' title="bbox 467 624 2109 710">
     <span class='ocr_line' id='line_1_7' title="bbox 467 624 2109 710; baseline 0.005 -27"><span class='ocrx_word' id='word_1_37' title='bbox 467 640 636 684; x_wconf 91' lang='lat' dir='ltr'><strong>crum</strong></span> <span class='ocrx_word' id='word_1_38' title='bbox 661 624 898 686; x_wconf 82' lang='lat' dir='ltr'><strong>accedit</strong></span> <span class='ocrx_word' id='word_1_39' title='bbox 917 645 1053 687; x_wconf 91' lang='lat' dir='ltr'><strong>cum</strong></span> <span class='ocrx_word' id='word_1_40' title='bbox 1079 629 1316 701; x_wconf 88' lang='lat' dir='ltr'><strong>marito,</strong></span> <span class='ocrx_word' id='word_1_41' title='bbox 1349 646 1469 708; x_wconf 66' lang='lat' dir='ltr'><strong>prae</strong></span> <span class='ocrx_word' id='word_1_42' title='bbox 1495 647 1559 691; x_wconf 90' lang='lat' dir='ltr'><strong>se</strong></span> <span class='ocrx_word' id='word_1_43' title='bbox 1589 629 1793 692; x_wconf 84' lang='lat' dir='ltr'><strong>ferens</strong></span> <span class='ocrx_word' id='word_1_44' title='bbox 1823 649 1888 691; x_wconf 90' lang='lat' dir='ltr'><strong>se</strong></span> <span class='ocrx_word' id='word_1_45' title='bbox 1923 631 2109 710; x_wconf 86' lang='lat' dir='ltr'><strong>parti-</strong></span> 
     </span>
    </p>
   </div>
   <div class='ocr_carea' id='block_1_8' title="bbox 2200 621 3818 710">
    <p class='ocr_par' dir='ltr' id='par_1_8' title="bbox 2200 621 3818 708">
     <span class='ocr_line' id='line_1_8' title="bbox 2200 621 3818 708; baseline -0.002 -22"><span class='ocrx_word' id='word_1_46' title='bbox 2200 629 2345 686; x_wconf 78' lang='grc' dir='ltr'>ϐάνει</span> <span class='ocrx_word' id='word_1_47' title='bbox 2404 629 2458 686; x_wconf 83' lang='grc' dir='ltr'><strong>δέ</strong></span> <span class='ocrx_word' id='word_1_48' title='bbox 2520 632 2607 688; x_wconf 80' lang='grc' dir='ltr'>τὸν</span> <span class='ocrx_word' id='word_1_49' title='bbox 2663 631 2724 687; x_wconf 83' lang='grc' dir='ltr'><strong>ἐκ</strong></span> <span class='ocrx_word' id='word_1_50' title='bbox 2783 637 2890 687; x_wconf 87' lang='grc' dir='ltr'>τῶν</span> <span class='ocrx_word' id='word_1_51' title='bbox 2955 633 3258 708; x_wconf 83' lang='grc' dir='ltr'>αἱρετικῶν,</span> <span class='ocrx_word' id='word_1_52' title='bbox 3329 621 3440 693; x_wconf 65' lang='grc' dir='ltr'>Ὠς</span> <span class='ocrx_word' id='word_1_53' title='bbox 3478 627 3538 684; x_wconf 73' lang='grc' dir='ltr'><strong>δὲ</strong></span> <span class='ocrx_word' id='word_1_54' title='bbox 3572 635 3738 685; x_wconf 77' lang='grc' dir='ltr'>τοῦτον</span> 
     </span>
    </p>
   </div>
   <div class='ocr_carea' id='block_1_9' title="bbox 467 713 2113 800">
    <p class='ocr_par' dir='ltr' id='par_1_9' title="bbox 467 713 2105 800">
     <span class='ocr_line' id='line_1_9' title="bbox 467 713 2105 800; baseline 0.004 -26"><span class='ocrx_word' id='word_1_55' title='bbox 467 714 663 793; x_wconf 90' lang='lat' dir='ltr'><strong>cipem</strong></span> <span class='ocrx_word' id='word_1_56' title='bbox 694 713 823 776; x_wconf 80' lang='lat' dir='ltr'><strong>fore</strong></span> <span class='ocrx_word' id='word_1_57' title='bbox 875 717 1404 780; x_wconf 87' lang='lat' dir='ltr'><strong>sanctiﬁcatorum.</strong></span> <span class='ocrx_word' id='word_1_58' title='bbox 1461 719 1692 782; x_wconf 85' lang='lat' dir='ltr'><strong>Deinde</strong></span> <span class='ocrx_word' id='word_1_59' title='bbox 1721 738 1859 782; x_wconf 89' lang='lat' dir='ltr'><strong>cum</strong></span> <span class='ocrx_word' id='word_1_60' title='bbox 1893 738 2105 800; x_wconf 90' lang='lat' dir='ltr'><strong>panem</strong></span> 
     </span>
    </p>
   </div>
   <div class='ocr_carea' id='block_1_10' title="bbox 2200 713 3820 800">
    <p class='ocr_par' dir='ltr' id='par_1_10' title="bbox 2200 718 3820 798">
     <span class='ocr_line' id='line_1_10' title="bbox 2200 718 3820 798; baseline -0.001 -24"><span class='ocrx_word' id='word_1_61' title='bbox 2200 720 2426 795; x_wconf 86' lang='grc' dir='ltr'>στόματι</span> <span class='ocrx_word' id='word_1_62' title='bbox 2485 725 2756 798; x_wconf 80' lang='grc' dir='ltr'><strong>προσῆγεν</strong></span> <span class='ocrx_word' id='word_1_63' title='bbox 2799 720 2871 797; x_wconf 86' lang='grc' dir='ltr'><strong>(ὢ</strong></span> <span class='ocrx_word' id='word_1_64' title='bbox 2931 729 3022 778; x_wconf 89' lang='grc' dir='ltr'><strong>τοῦ</strong></span> <span class='ocrx_word' id='word_1_65' title='bbox 3073 727 3296 798; x_wconf 74' lang='grc' dir='ltr'>φρικτοῦ</span> <span class='ocrx_word' id='word_1_66' title='bbox 3368 720 3661 792; x_wconf 79' lang='grc' dir='ltr'>θαύματος</span> <span class='ocrx_word' id='word_1_67' title='bbox 3692 718 3730 790; x_wconf 76' lang='grc'>1)</span> <span class='ocrx_word' id='word_1_68' title='bbox 3774 723 3820 778; x_wconf 75' lang='grc' dir='ltr'><strong>εἰς</strong></span> 
     </span>
    </p>
   </div>
   <div class='ocr_carea' id='block_1_11' title="bbox 467 802 2113 889">
    <p class='ocr_par' dir='ltr' id='par_1_11' title="bbox 467 802 2111 888">
     <span class='ocr_line' id='line_1_11' title="bbox 467 802 2111 888; baseline 0.004 -24"><span class='ocrx_word' id='word_1_69' title='bbox 467 802 734 864; x_wconf 88' lang='lat' dir='ltr'><strong>divinum</strong></span> <span class='ocrx_word' id='word_1_70' title='bbox 771 805 1123 884; x_wconf 80' lang='lat' dir='ltr'><strong>accepisset,</strong></span> <span class='ocrx_word' id='word_1_71' title='bbox 1159 825 1292 868; x_wconf 90' lang='lat' dir='ltr'><strong>eum</strong></span> <span class='ocrx_word' id='word_1_72' title='bbox 1326 809 1569 888; x_wconf 88' lang='lat' dir='ltr'><strong>quidem</strong></span> <span class='ocrx_word' id='word_1_73' title='bbox 1619 827 1830 871; x_wconf 88' lang='lat' dir='ltr'><strong>rursus</strong></span> <span class='ocrx_word' id='word_1_74' title='bbox 1857 810 2111 872; x_wconf 74' lang='lat' dir='ltr'><strong>latenter</strong></span> 
     </span>
    </p>
   </div>
   <div class='ocr_carea' id='block_1_12' title="bbox 2200 802 3823 889">
    <p class='ocr_par' dir='ltr' id='par_1_12' title="bbox 2200 807 3823 889">
     <span class='ocr_line' id='line_1_12' title="bbox 2200 807 3823 889; baseline -0.001 -25"><span class='ocrx_word' id='word_1_75' title='bbox 2200 809 2337 868; x_wconf 84' lang='grc' dir='ltr'>λίθου</span> <span class='ocrx_word' id='word_1_76' title='bbox 2386 811 2537 889; x_wconf 72' lang='grc' dir='ltr'>φύσιν</span> <span class='ocrx_word' id='word_1_77' title='bbox 2585 810 2723 886; x_wconf 83' lang='grc' dir='ltr'>ἐώρα</span> <span class='ocrx_word' id='word_1_78' title='bbox 2783 807 3177 884; x_wconf 77' lang='grc' dir='ltr'>μεταϐαλόντα.</span> <span class='ocrx_word' id='word_1_79' title='bbox 3240 810 3402 874; x_wconf 77' lang='grc' dir='ltr'>Αὕτη</span> <span class='ocrx_word' id='word_1_80' title='bbox 3463 809 3539 881; x_wconf 77' lang='grc' dir='ltr'>μὲ</span> <span class='ocrx_word' id='word_1_81' title='bbox 3602 810 3688 862; x_wconf 70' lang='grc' dir='ltr'>οὖν</span> <span class='ocrx_word' id='word_1_82' title='bbox 3728 807 3823 872; x_wconf 74' lang='grc' dir='ltr'>ἐξει-</span> 
     </span>
    </p>
   </div>
   <div class='ocr_carea' id='block_1_13' title="bbox 463 892 2113 979">
    <p class='ocr_par' dir='ltr' id='par_1_13' title="bbox 463 892 2110 979">
     <span class='ocr_line' id='line_1_13' title="bbox 463 892 2110 979; baseline 0.006 -28"><span class='ocrx_word' id='word_1_83' title='bbox 463 892 644 952; x_wconf 89' lang='lat' dir='ltr'><strong>tradit</strong></span> <span class='ocrx_word' id='word_1_84' title='bbox 667 893 898 955; x_wconf 82' lang='lat' dir='ltr'><strong>ancillae</strong></span> <span class='ocrx_word' id='word_1_85' title='bbox 923 915 935 955; x_wconf 89' lang='lat'><strong>:</strong></span> <span class='ocrx_word' id='word_1_86' title='bbox 965 897 1098 976; x_wconf 83' lang='lat' dir='ltr'><strong>ejus</strong></span> <span class='ocrx_word' id='word_1_87' title='bbox 1127 914 1272 958; x_wconf 80' lang='lat' dir='ltr'><strong>vero</strong></span> <span class='ocrx_word' id='word_1_88' title='bbox 1311 898 1444 960; x_wconf 91' lang='lat' dir='ltr'><strong>loco</strong></span> <span class='ocrx_word' id='word_1_89' title='bbox 1475 900 1702 978; x_wconf 90' lang='lat' dir='ltr'><strong>accepit</strong></span> <span class='ocrx_word' id='word_1_90' title='bbox 1735 918 1897 972; x_wconf 90' lang='lat' dir='ltr'><strong>eum,</strong></span> <span class='ocrx_word' id='word_1_91' title='bbox 1935 918 2110 979; x_wconf 87' lang='lat' dir='ltr'><strong>quem</strong></span> 
     </span>
    </p>
   </div>
   <div class='ocr_carea' id='block_1_14' title="bbox 2200 892 3823 979">
    <p class='ocr_par' dir='ltr' id='par_1_14' title="bbox 2200 894 3823 977">
     <span class='ocr_line' id='line_1_14' title="bbox 2200 894 3823 977; baseline -0.004 -22"><span class='ocrx_word' id='word_1_92' title='bbox 2200 907 2373 955; x_wconf 85' lang='grc' dir='ltr'>ποῦσα</span> <span class='ocrx_word' id='word_1_93' title='bbox 2429 904 2490 954; x_wconf 80' lang='grc' dir='ltr'>τὸ</span> <span class='ocrx_word' id='word_1_94' title='bbox 2550 901 2772 977; x_wconf 76' lang='grc' dir='ltr'>γεγονὸς</span> <span class='ocrx_word' id='word_1_95' title='bbox 2828 900 2914 955; x_wconf 85' lang='grc' dir='ltr'><strong>καὶ</strong></span> <span class='ocrx_word' id='word_1_96' title='bbox 2965 899 3324 971; x_wconf 82' lang='grc' dir='ltr'>πιστεύσασα,</span> <span class='ocrx_word' id='word_1_97' title='bbox 3365 904 3482 964; x_wconf 77' lang='grc' dir='ltr'>τῆς</span> <span class='ocrx_word' id='word_1_98' title='bbox 3532 894 3733 975; x_wconf 76' lang='grc' dir='ltr'>μερίδος</span> <span class='ocrx_word' id='word_1_99' title='bbox 3755 902 3823 951; x_wconf 67' lang='lat' dir='ltr'><strong>:a&#39;n</strong></span> 
     </span>
    </p>
   </div>
   <div class='ocr_carea' id='block_1_15' title="bbox 466 979 2113 1068">
    <p class='ocr_par' dir='ltr' id='par_1_15' title="bbox 466 981 2113 1068">
     <span class='ocr_line' id='line_1_15' title="bbox 466 981 2113 1068; baseline 0.005 -28"><span class='ocrx_word' id='word_1_100' title='bbox 466 981 753 1044; x_wconf 79' lang='lat' dir='ltr'><strong>habuerat</strong></span> <span class='ocrx_word' id='word_1_101' title='bbox 797 984 872 1046; x_wconf 90' lang='lat' dir='ltr'><strong>ab</strong></span> <span class='ocrx_word' id='word_1_102' title='bbox 905 986 1238 1048; x_wconf 64' lang='lat' dir='ltr'><strong>hareticis.</strong></span> <span class='ocrx_word' id='word_1_103' title='bbox 1270 986 1588 1068; x_wconf 87' lang='lat' dir='ltr'><strong>Postquam</strong></span> <span class='ocrx_word' id='word_1_104' title='bbox 1623 997 1823 1050; x_wconf 89' lang='lat' dir='ltr'><strong>autem</strong></span> <span class='ocrx_word' id='word_1_105' title='bbox 1855 1007 1992 1053; x_wconf 85' lang='lat' dir='ltr'><strong>eum</strong></span> <span class='ocrx_word' id='word_1_106' title='bbox 2025 989 2113 1051; x_wconf 92' lang='lat' dir='ltr'><strong>ori</strong></span> 
     </span>
    </p>
   </div>
   <div class='ocr_carea' id='block_1_16' title="bbox 2200 979 3826 1068">
    <p class='ocr_par' dir='ltr' id='par_1_16' title="bbox 2200 979 3826 1066">
     <span class='ocr_line' id='line_1_16' title="bbox 2337 979 3804 1010; baseline 0.003 -2"><span class='ocrx_word' id='word_1_107' title='bbox 2337 996 2362 1005; x_wconf 61' lang='grc' dir='ltr'><em>η</em></span> <span class='ocrx_word' id='word_1_108' title='bbox 2466 991 2477 1003; x_wconf 75' lang='grc' dir='ltr'><strong>ι</strong></span> <span class='ocrx_word' id='word_1_109' title='bbox 2609 995 2636 1004; x_wconf 86' lang='lat'><strong>~</strong></span> <span class='ocrx_word' id='word_1_110' title='bbox 2709 989 2724 1010; x_wconf 69' lang='grc' dir='ltr'><strong>ι</strong></span> <span class='ocrx_word' id='word_1_111' title='bbox 2829 992 2842 1008; x_wconf 64' lang='grc' dir='ltr'><strong>ε</strong></span> <span class='ocrx_word' id='word_1_112' title='bbox 2947 989 2957 1010; x_wconf 71' lang='grc' dir='ltr'><strong><em>ρ</em></strong></span> <span class='ocrx_word' id='word_1_113' title='bbox 3169 979 3183 1000; x_wconf 63' lang='grc' dir='ltr'><strong>ε</strong></span> <span class='ocrx_word' id='word_1_114' title='bbox 3261 987 3304 1008; x_wconf 58' lang='grc' dir='ltr'><strong>λλ</strong></span> <span class='ocrx_word' id='word_1_115' title='bbox 3397 988 3412 1010; x_wconf 72' lang='grc' dir='ltr'><em>ι</em></span> <span class='ocrx_word' id='word_1_116' title='bbox 3555 986 3579 1003; x_wconf 72' lang='grc' dir='ltr'><strong><em>*ν</em></strong></span> <span class='ocrx_word' id='word_1_117' title='bbox 3791 992 3804 998; x_wconf 73' lang='lat'><strong>-</strong></span> 
     </span>
     <span class='ocr_line' id='line_1_17' title="bbox 2200 987 3826 1066; baseline -0.006 -21"><span class='ocrx_word' id='word_1_118' title='bbox 2200 1011 2401 1045; x_wconf 85' lang='grc' dir='ltr'>πιστων</span> <span class='ocrx_word' id='word_1_119' title='bbox 2433 1011 2526 1044; x_wconf 86' lang='grc' dir='ltr'><strong>συν</strong></span> <span class='ocrx_word' id='word_1_120' title='bbox 2569 1012 2646 1061; x_wconf 88' lang='grc' dir='ltr'>τῳ</span> <span class='ocrx_word' id='word_1_121' title='bbox 2703 987 2845 1065; x_wconf 79' lang='grc' dir='ltr'>ανδρι</span> <span class='ocrx_word' id='word_1_122' title='bbox 2904 1010 3128 1066; x_wconf 86' lang='grc' dir='ltr'>γινεται.</span> <span class='ocrx_word' id='word_1_123' title='bbox 3187 998 3226 1046; x_wconf 92' lang='grc' dir='ltr'><strong>Ο</strong></span> <span class='ocrx_word' id='word_1_124' title='bbox 3256 1003 3311 1044; x_wconf 85' lang='grc' dir='ltr'><strong>οε</strong></span> <span class='ocrx_word' id='word_1_125' title='bbox 3348 987 3518 1051; x_wconf 83' lang='grc' dir='ltr'>λιθος</span> <span class='ocrx_word' id='word_1_126' title='bbox 3555 1009 3611 1042; x_wconf 90' lang='grc' dir='ltr'><strong>εν</strong></span> <span class='ocrx_word' id='word_1_127' title='bbox 3641 1009 3734 1041; x_wconf 70' lang='grc' dir='ltr'>τινι</span> <span class='ocrx_word' id='word_1_128' title='bbox 3761 1008 3826 1040; x_wconf 66' lang='grc' dir='ltr'>τις-ι</span> 
     </span>
    </p>
   </div>
   <div class='ocr_carea' id='block_1_17' title="bbox 465 1070 2113 1160">
    <p class='ocr_par' dir='ltr' id='par_1_17' title="bbox 465 1070 2113 1160">
     <span class='ocr_line' id='line_1_18' title="bbox 465 1070 2113 1160; baseline 0.005 -30"><span class='ocrx_word' id='word_1_129' title='bbox 465 1070 751 1143; x_wconf 87' lang='lat' dir='ltr'><strong>admovit,</strong></span> <span class='ocrx_word' id='word_1_130' title='bbox 778 1077 836 1151; x_wconf 92' lang='grc' dir='ltr'>(ο</span> <span class='ocrx_word' id='word_1_131' title='bbox 863 1077 1225 1156; x_wconf 87' lang='lat' dir='ltr'><strong>stupendum</strong></span> <span class='ocrx_word' id='word_1_132' title='bbox 1254 1077 1678 1154; x_wconf 91' lang='lat' dir='ltr'><strong>miraculum,o</strong></span> <span class='ocrx_word' id='word_1_133' title='bbox 1712 1097 1885 1160; x_wconf 88' lang='lat' dir='ltr'><strong>quam</strong></span> <span class='ocrx_word' id='word_1_134' title='bbox 1911 1087 2113 1158; x_wconf 89' lang='lat' dir='ltr'><strong>aperta</strong></span> 
     </span>
    </p>
   </div>
   <div class='ocr_carea' id='block_1_18' title="bbox 2200 1070 3304 1160">
    <p class='ocr_par' dir='ltr' id='par_1_18' title="bbox 2200 1078 3304 1156">
     <span class='ocr_line' id='line_1_19' title="bbox 2200 1078 3304 1156; baseline -0.004 -22"><span class='ocrx_word' id='word_1_135' title='bbox 2200 1080 2263 1134; x_wconf 77' lang='grc' dir='ltr'><strong>τὰ</strong></span> <span class='ocrx_word' id='word_1_136' title='bbox 2291 1080 2405 1155; x_wconf 72' lang='grc' dir='ltr'>ἱερὰ</span> <span class='ocrx_word' id='word_1_137' title='bbox 2435 1079 2738 1156; x_wconf 79' lang='grc' dir='ltr'><strong>τηρούντων</strong></span> <span class='ocrx_word' id='word_1_138' title='bbox 2770 1078 3076 1135; x_wconf 78' lang='grc' dir='ltr'>ἀποτίθεται</span> <span class='ocrx_word' id='word_1_139' title='bbox 3112 1078 3304 1140; x_wconf 77' lang='grc' dir='ltr'>οἴκων,</span> 
     </span>
    </p>
   </div>
   <div class='ocr_carea' id='block_1_19' title="bbox 471 1169 3831 1252">
    <p class='ocr_par' dir='ltr' id='par_1_19' title="bbox 471 1169 3831 1252">
     <span class='ocr_line' id='line_1_20' title="bbox 471 1169 3831 1252; baseline 0.001 -28"><span class='ocrx_word' id='word_1_140' title='bbox 471 1173 530 1224; x_wconf 90' lang='lat' dir='ltr'><strong>et</strong></span> <span class='ocrx_word' id='word_1_141' title='bbox 552 1182 833 1245; x_wconf 83' lang='lat' dir='ltr'><strong>expressa</strong></span> <span class='ocrx_word' id='word_1_142' title='bbox 866 1171 972 1233; x_wconf 86' lang='lat' dir='ltr'><strong>fuit</strong></span> <span class='ocrx_word' id='word_1_143' title='bbox 1004 1174 1192 1250; x_wconf 85' lang='lat' dir='ltr'><strong>imago</strong></span> <span class='ocrx_word' id='word_1_144' title='bbox 1222 1170 1438 1232; x_wconf 87' lang='lat' dir='ltr'><strong>mentis</strong></span> <span class='ocrx_word' id='word_1_145' title='bbox 1468 1191 1698 1245; x_wconf 88' lang='lat' dir='ltr'><strong>eorum,</strong></span> <span class='ocrx_word' id='word_1_146' title='bbox 1734 1175 1831 1252; x_wconf 85' lang='lat' dir='ltr'><strong>qui</strong></span> <span class='ocrx_word' id='word_1_147' title='bbox 1858 1172 2177 1248; x_wconf 85' lang='lat' dir='ltr'><strong>dederant)</strong></span> <span class='ocrx_word' id='word_1_148' title='bbox 2199 1170 2505 1232; x_wconf 85' lang='lat' dir='ltr'><strong>viditeum</strong></span> <span class='ocrx_word' id='word_1_149' title='bbox 2536 1169 2823 1231; x_wconf 83' lang='lat' dir='ltr'><strong>mulatum</strong></span> <span class='ocrx_word' id='word_1_150' title='bbox 2855 1171 2914 1231; x_wconf 90' lang='lat' dir='ltr'><strong>in</strong></span> <span class='ocrx_word' id='word_1_151' title='bbox 2945 1178 3210 1231; x_wconf 87' lang='lat' dir='ltr'><strong>naturam</strong></span> <span class='ocrx_word' id='word_1_152' title='bbox 3249 1169 3719 1250; x_wconf 82' lang='lat' dir='ltr'><strong>lapidis.Atque</strong></span> <span class='ocrx_word' id='word_1_153' title='bbox 3745 1169 3831 1250; x_wconf 71' lang='lat' dir='ltr'><strong>ipsa</strong></span> 
     </span>
    </p>
   </div>
   <div class='ocr_carea' id='block_1_20' title="bbox 471 1259 3830 1344">
    <p class='ocr_par' dir='ltr' id='par_1_20' title="bbox 471 1259 3830 1344">
     <span class='ocr_line' id='line_1_21' title="bbox 471 1259 3830 1344; baseline -0.001 -24"><span class='ocrx_word' id='word_1_154' title='bbox 471 1259 712 1338; x_wconf 89' lang='lat' dir='ltr'><strong>quidem</strong></span> <span class='ocrx_word' id='word_1_155' title='bbox 747 1279 883 1323; x_wconf 90' lang='lat' dir='ltr'><strong>cum</strong></span> <span class='ocrx_word' id='word_1_156' title='bbox 939 1263 1310 1324; x_wconf 88' lang='lat' dir='ltr'><strong>enuntiasset</strong></span> <span class='ocrx_word' id='word_1_157' title='bbox 1342 1263 1423 1330; x_wconf 88' lang='lat' dir='ltr'><strong>id,</strong></span> <span class='ocrx_word' id='word_1_158' title='bbox 1459 1265 1616 1344; x_wconf 92' lang='lat' dir='ltr'><strong>quod</strong></span> <span class='ocrx_word' id='word_1_159' title='bbox 1663 1265 1879 1324; x_wconf 77' lang='lat' dir='ltr'><strong>factum</strong></span> <span class='ocrx_word' id='word_1_160' title='bbox 1913 1263 2128 1333; x_wconf 86' lang='lat' dir='ltr'><strong>fuerat,</strong></span> <span class='ocrx_word' id='word_1_161' title='bbox 2164 1269 2223 1321; x_wconf 92' lang='lat' dir='ltr'><strong>et</strong></span> <span class='ocrx_word' id='word_1_162' title='bbox 2269 1259 2648 1332; x_wconf 86' lang='lat' dir='ltr'><strong>credidisset,</strong></span> <span class='ocrx_word' id='word_1_163' title='bbox 2685 1259 2812 1338; x_wconf 92' lang='lat' dir='ltr'><strong>ipsa</strong></span> <span class='ocrx_word' id='word_1_164' title='bbox 2838 1276 3076 1339; x_wconf 90' lang='lat' dir='ltr'><strong>quoque</strong></span> <span class='ocrx_word' id='word_1_165' title='bbox 3107 1259 3169 1318; x_wconf 86' lang='lat' dir='ltr'><strong>ﬁt</strong></span> <span class='ocrx_word' id='word_1_166' title='bbox 3216 1276 3248 1320; x_wconf 91' lang='lat' dir='ltr'><strong>e</strong></span> <span class='ocrx_word' id='word_1_167' title='bbox 3282 1276 3566 1321; x_wconf 88' lang='lat' dir='ltr'><strong>numero</strong></span> <span class='ocrx_word' id='word_1_168' title='bbox 3615 1259 3830 1337; x_wconf 81' lang='lat' dir='ltr'><strong>piorum.</strong></span> 
     </span>
    </p>
   </div>
   <div class='ocr_carea' id='block_1_21' title="bbox 466 1350 2705 1432">
    <p class='ocr_par' dir='ltr' id='par_1_21' title="bbox 466 1350 2705 1432">
     <span class='ocr_line' id='line_1_22' title="bbox 466 1350 2705 1432; baseline -0 -20"><span class='ocrx_word' id='word_1_169' title='bbox 466 1350 644 1426; x_wconf 85' lang='lat' dir='ltr'><strong>Lapis</strong></span> <span class='ocrx_word' id='word_1_170' title='bbox 676 1359 872 1412; x_wconf 91' lang='lat' dir='ltr'><strong>autem</strong></span> <span class='ocrx_word' id='word_1_171' title='bbox 907 1354 1224 1432; x_wconf 83' lang='lat' dir='ltr'><strong>reponitur</strong></span> <span class='ocrx_word' id='word_1_172' title='bbox 1265 1354 1326 1414; x_wconf 93' lang='lat' dir='ltr'><strong>in</strong></span> <span class='ocrx_word' id='word_1_173' title='bbox 1359 1355 1616 1432; x_wconf 85' lang='lat' dir='ltr'><strong>quadam</strong></span> <span class='ocrx_word' id='word_1_174' title='bbox 1651 1357 1829 1416; x_wconf 92' lang='lat' dir='ltr'><strong>domo</strong></span> <span class='ocrx_word' id='word_1_175' title='bbox 1861 1371 1927 1416; x_wconf 81' lang='lat' dir='ltr'><strong>ex</strong></span> <span class='ocrx_word' id='word_1_176' title='bbox 1962 1353 2058 1425; x_wconf 87' lang='lat' dir='ltr'><strong>iis,</strong></span> <span class='ocrx_word' id='word_1_177' title='bbox 2092 1367 2226 1430; x_wconf 74' lang='lat' dir='ltr'><strong>quae</strong></span> <span class='ocrx_word' id='word_1_178' title='bbox 2253 1367 2420 1411; x_wconf 85' lang='lat' dir='ltr'><strong>sacra</strong></span> <span class='ocrx_word' id='word_1_179' title='bbox 2445 1357 2705 1412; x_wconf 87' lang='lat' dir='ltr'><strong>servant.</strong></span> 
     </span>
    </p>
   </div>
   <div class='ocr_carea' id='block_1_22' title="bbox 543 1442 2110 1529">
    <p class='ocr_par' dir='ltr' id='par_1_22' title="bbox 543 1442 2110 1529">
     <span class='ocr_line' id='line_1_23' title="bbox 543 1442 2110 1529; baseline 0.004 -26"><span class='ocrx_word' id='word_1_180' title='bbox 543 1442 1119 1524; x_wconf 75' lang='lat' dir='ltr'><strong>XXIX.Aggreditur</strong></span> <span class='ocrx_word' id='word_1_181' title='bbox 1152 1465 1309 1509; x_wconf 90' lang='lat' dir='ltr'><strong>nunc</strong></span> <span class='ocrx_word' id='word_1_182' title='bbox 1331 1448 1520 1509; x_wconf 89' lang='lat' dir='ltr'><strong>oratio</strong></span> <span class='ocrx_word' id='word_1_183' title='bbox 1546 1467 1642 1509; x_wconf 89' lang='lat' dir='ltr'><strong>res</strong></span> <span class='ocrx_word' id='word_1_184' title='bbox 1675 1447 2110 1529; x_wconf 67' lang='lat' dir='ltr'><strong>Gaium,quem-</strong></span> 
     </span>
    </p>
   </div>
   <div class='ocr_carea' id='block_1_23' title="bbox 469 1531 2106 1611">
    <p class='ocr_par' dir='ltr' id='par_1_23' title="bbox 469 1531 2106 1611">
     <span class='ocr_line' id='line_1_24' title="bbox 469 1531 2106 1611; baseline 0.003 -19"><span class='ocrx_word' id='word_1_185' title='bbox 469 1531 789 1594; x_wconf 89' lang='lat' dir='ltr'><strong>admodum</strong></span> <span class='ocrx_word' id='word_1_186' title='bbox 824 1553 890 1596; x_wconf 94' lang='lat' dir='ltr'><strong>se</strong></span> <span class='ocrx_word' id='word_1_187' title='bbox 921 1535 1200 1611; x_wconf 85' lang='lat' dir='ltr'><strong>habeant,</strong></span> <span class='ocrx_word' id='word_1_188' title='bbox 1235 1538 1473 1598; x_wconf 89' lang='lat' dir='ltr'><strong>tradere</strong></span> <span class='ocrx_word' id='word_1_189' title='bbox 1512 1537 1756 1599; x_wconf 89' lang='lat' dir='ltr'><strong>auribus</strong></span> <span class='ocrx_word' id='word_1_190' title='bbox 1789 1538 2053 1600; x_wconf 90' lang='lat' dir='ltr'><strong>ﬁdelium</strong></span> <span class='ocrx_word' id='word_1_191' title='bbox 2091 1559 2106 1597; x_wconf 91' lang='lat'><strong>:</strong></span> 
     </span>
    </p>
   </div>
   <div class='ocr_carea' id='block_1_24' title="bbox 470 1621 2109 1704">
    <p class='ocr_par' dir='ltr' id='par_1_24' title="bbox 470 1621 2109 1704">
     <span class='ocr_line' id='line_1_25' title="bbox 470 1621 2109 1704; baseline 0.005 -23"><span class='ocrx_word' id='word_1_192' title='bbox 470 1621 572 1700; x_wconf 91' lang='lat' dir='ltr'><strong>qui</strong></span> <span class='ocrx_word' id='word_1_193' title='bbox 596 1634 722 1683; x_wconf 85' lang='lat' dir='ltr'><strong>erat</strong></span> <span class='ocrx_word' id='word_1_194' title='bbox 746 1623 986 1703; x_wconf 89' lang='lat' dir='ltr'><strong>quidem</strong></span> <span class='ocrx_word' id='word_1_195' title='bbox 1013 1643 1235 1704; x_wconf 85' lang='lat' dir='ltr'><strong>genere</strong></span> <span class='ocrx_word' id='word_1_196' title='bbox 1257 1625 1882 1698; x_wconf 89' lang='lat' dir='ltr'><strong>Gallus,nihilominus</strong></span> <span class='ocrx_word' id='word_1_197' title='bbox 1913 1639 2109 1690; x_wconf 88' lang='lat' dir='ltr'><strong>autem</strong></span> 
     </span>
    </p>
   </div>
   <div class='ocr_carea' id='block_1_25' title="bbox 472 1714 2111 1795">
    <p class='ocr_par' dir='ltr' id='par_1_25' title="bbox 472 1714 2111 1795">
     <span class='ocr_line' id='line_1_26' title="bbox 472 1714 2111 1795; baseline 0.005 -25"><span class='ocrx_word' id='word_1_198' title='bbox 472 1721 672 1773; x_wconf 89' lang='lat' dir='ltr'><strong>mente</strong></span> <span class='ocrx_word' id='word_1_199' title='bbox 689 1731 926 1795; x_wconf 93' lang='lat' dir='ltr'><strong>quoque</strong></span> <span class='ocrx_word' id='word_1_200' title='bbox 948 1714 1271 1778; x_wconf 87' lang='lat' dir='ltr'><strong>Barbarus.</strong></span> <span class='ocrx_word' id='word_1_201' title='bbox 1307 1716 1451 1777; x_wconf 90' lang='lat' dir='ltr'><strong>Cum</strong></span> <span class='ocrx_word' id='word_1_202' title='bbox 1471 1724 1630 1778; x_wconf 90' lang='lat' dir='ltr'><strong>esset</strong></span> <span class='ocrx_word' id='word_1_203' title='bbox 1657 1733 1798 1778; x_wconf 90' lang='lat' dir='ltr'><strong>vero</strong></span> <span class='ocrx_word' id='word_1_204' title='bbox 1830 1716 2111 1779; x_wconf 79' lang='lat' dir='ltr'><strong>Romanis</strong></span> 
     </span>
    </p>
   </div>
   <div class='ocr_carea' id='block_1_26' title="bbox 469 1801 2112 1882">
    <p class='ocr_par' dir='ltr' id='par_1_26' title="bbox 469 1801 2112 1882">
     <span class='ocr_line' id='line_1_27' title="bbox 469 1801 2112 1882; baseline 0.005 -20"><span class='ocrx_word' id='word_1_205' title='bbox 469 1801 800 1882; x_wconf 79' lang='lat' dir='ltr'><strong>subjeCtus.</strong></span> <span class='ocrx_word' id='word_1_206' title='bbox 840 1813 897 1864; x_wconf 92' lang='lat' dir='ltr'><strong>et</strong></span> <span class='ocrx_word' id='word_1_207' title='bbox 949 1805 1173 1867; x_wconf 87' lang='lat' dir='ltr'><strong>relatus</strong></span> <span class='ocrx_word' id='word_1_208' title='bbox 1225 1805 1286 1865; x_wconf 91' lang='lat' dir='ltr'><strong>in</strong></span> <span class='ocrx_word' id='word_1_209' title='bbox 1339 1825 1660 1868; x_wconf 89' lang='lat' dir='ltr'><strong>numerum</strong></span> <span class='ocrx_word' id='word_1_210' title='bbox 1699 1807 2018 1879; x_wconf 82' lang='lat' dir='ltr'><strong>exercitus,</strong></span> <span class='ocrx_word' id='word_1_211' title='bbox 2055 1817 2112 1870; x_wconf 90' lang='lat' dir='ltr'><strong>et</strong></span> 
     </span>
    </p>
   </div>
   <div class='ocr_carea' id='block_1_27' title="bbox 469 1891 2111 1976">
    <p class='ocr_par' dir='ltr' id='par_1_27' title="bbox 469 1891 2111 1976">
     <span class='ocr_line' id='line_1_28' title="bbox 469 1891 2111 1976; baseline 0.004 -24"><span class='ocrx_word' id='word_1_212' title='bbox 469 1891 693 1953; x_wconf 90' lang='lat' dir='ltr'><strong>deinde</strong></span> <span class='ocrx_word' id='word_1_213' title='bbox 709 1893 990 1972; x_wconf 87' lang='lat' dir='ltr'><strong>paulatim</strong></span> <span class='ocrx_word' id='word_1_214' title='bbox 1014 1895 1422 1974; x_wconf 81' lang='lat' dir='ltr'><strong>progrediens,</strong></span> <span class='ocrx_word' id='word_1_215' title='bbox 1437 1897 1697 1976; x_wconf 86' lang='lat' dir='ltr'><strong>majores</strong></span> <span class='ocrx_word' id='word_1_216' title='bbox 1715 1897 1933 1974; x_wconf 86' lang='lat' dir='ltr'><strong>gradus</strong></span> <span class='ocrx_word' id='word_1_217' title='bbox 1954 1908 2111 1959; x_wconf 88' lang='lat' dir='ltr'><strong>esset</strong></span> 
     </span>
    </p>
   </div>
   <div class='ocr_carea' id='block_1_28' title="bbox 462 1986 2113 2062">
    <p class='ocr_par' dir='ltr' id='par_1_28' title="bbox 462 1986 2113 2062">
     <span class='ocr_line' id='line_1_29' title="bbox 462 1986 2113 2062; baseline 0.005 -21"><span class='ocrx_word' id='word_1_218' title='bbox 462 1990 793 2056; x_wconf 82' lang='lat' dir='ltr'><strong>assecutus,</strong></span> <span class='ocrx_word' id='word_1_219' title='bbox 841 1993 1148 2062; x_wconf 87' lang='lat' dir='ltr'><strong>postremo</strong></span> <span class='ocrx_word' id='word_1_220' title='bbox 1172 1994 1409 2046; x_wconf 89' lang='lat' dir='ltr'><strong>creatur</strong></span> <span class='ocrx_word' id='word_1_221' title='bbox 1442 1987 1622 2047; x_wconf 87' lang='lat' dir='ltr'><strong>etiam</strong></span> <span class='ocrx_word' id='word_1_222' title='bbox 1658 1986 1772 2046; x_wconf 84' lang='lat' dir='ltr'><strong>dux</strong></span> <span class='ocrx_word' id='word_1_223' title='bbox 1808 1988 2113 2049; x_wconf 87' lang='lat' dir='ltr'><strong>exercitus</strong></span> 
     </span>
    </p>
   </div>
   <div class='ocr_carea' id='block_1_29' title="bbox 466 2067 2107 2155">
    <p class='ocr_par' dir='ltr' id='par_1_29' title="bbox 466 2067 2107 2155">
     <span class='ocr_line' id='line_1_30' title="bbox 466 2067 2107 2155; baseline 0.003 -24"><span class='ocrx_word' id='word_1_224' title='bbox 466 2067 896 2144; x_wconf 82' lang='lat' dir='ltr'><strong>Romanorum,</strong></span> <span class='ocrx_word' id='word_1_225' title='bbox 923 2080 1040 2132; x_wconf 89' lang='lat' dir='ltr'><strong>tam</strong></span> <span class='ocrx_word' id='word_1_226' title='bbox 1076 2075 1470 2153; x_wconf 85' lang='lat' dir='ltr'><strong>equestrium,</strong></span> <span class='ocrx_word' id='word_1_227' title='bbox 1512 2078 1777 2155; x_wconf 87' lang='lat' dir='ltr'><strong>inquam,</strong></span> <span class='ocrx_word' id='word_1_228' title='bbox 1804 2076 2107 2154; x_wconf 89' lang='lat' dir='ltr'><strong>copiarum</strong></span> 
     </span>
    </p>
   </div>
   <div class='ocr_carea' id='block_1_30' title="bbox 466 2161 2111 2246">
    <p class='ocr_par' dir='ltr' id='par_1_30' title="bbox 466 2161 2111 2246">
     <span class='ocr_line' id='line_1_31' title="bbox 466 2161 2111 2246; baseline 0.004 -26"><span class='ocrx_word' id='word_1_229' title='bbox 466 2178 644 2239; x_wconf 88' lang='lat' dir='ltr'><strong>quam</strong></span> <span class='ocrx_word' id='word_1_230' title='bbox 679 2161 1074 2240; x_wconf 81' lang='lat' dir='ltr'><strong>pedestrium.</strong></span> <span class='ocrx_word' id='word_1_231' title='bbox 1101 2165 1154 2224; x_wconf 92' lang='lat' dir='ltr'><strong>ls</strong></span> <span class='ocrx_word' id='word_1_232' title='bbox 1186 2183 1318 2225; x_wconf 87' lang='lat' dir='ltr'><strong>cum</strong></span> <span class='ocrx_word' id='word_1_233' title='bbox 1352 2171 1574 2226; x_wconf 90' lang='lat' dir='ltr'><strong>acriter</strong></span> <span class='ocrx_word' id='word_1_234' title='bbox 1595 2165 1946 2227; x_wconf 76' lang='lat' dir='ltr'><strong>defenderet</strong></span> <span class='ocrx_word' id='word_1_235' title='bbox 1979 2168 2111 2246; x_wconf 92' lang='lat' dir='ltr'><strong>opi-</strong></span> 
     </span>
    </p>
   </div>
   <div class='ocr_carea' id='block_1_31' title="bbox 463 2250 2110 2335">
    <p class='ocr_par' dir='ltr' id='par_1_31' title="bbox 463 2250 2110 2335">
     <span class='ocr_line' id='line_1_32' title="bbox 463 2250 2110 2335; baseline 0.005 -25"><span class='ocrx_word' id='word_1_236' title='bbox 463 2250 706 2311; x_wconf 88' lang='lat' dir='ltr'><strong>nionem</strong></span> <span class='ocrx_word' id='word_1_237' title='bbox 735 2251 1121 2325; x_wconf 78' lang='lat' dir='ltr'><strong>Arianorum,</strong></span> <span class='ocrx_word' id='word_1_238' title='bbox 1158 2273 1338 2316; x_wconf 89' lang='lat' dir='ltr'><strong>ausus</strong></span> <span class='ocrx_word' id='word_1_239' title='bbox 1370 2267 1457 2316; x_wconf 90' lang='lat' dir='ltr'><strong>est</strong></span> <span class='ocrx_word' id='word_1_240' title='bbox 1504 2255 1576 2316; x_wconf 86' lang='lat' dir='ltr'><strong>ab</strong></span> <span class='ocrx_word' id='word_1_241' title='bbox 1610 2255 1974 2334; x_wconf 89' lang='lat' dir='ltr'><strong>imperatore</strong></span> <span class='ocrx_word' id='word_1_242' title='bbox 2007 2274 2110 2335; x_wconf 85' lang='lat' dir='ltr'><strong>pe-</strong></span> 
     </span>
    </p>
   </div>
   <div class='ocr_carea' id='block_1_32' title="bbox 467 2343 2111 2424">
    <p class='ocr_par' dir='ltr' id='par_1_32' title="bbox 467 2343 2111 2424">
     <span class='ocr_line' id='line_1_33' title="bbox 467 2343 2111 2424; baseline 0.004 -25"><span class='ocrx_word' id='word_1_243' title='bbox 467 2347 594 2400; x_wconf 87' lang='lat' dir='ltr'><strong>tere</strong></span> <span class='ocrx_word' id='word_1_244' title='bbox 626 2359 808 2401; x_wconf 90' lang='lat' dir='ltr'><strong>unum</strong></span> <span class='ocrx_word' id='word_1_245' title='bbox 847 2343 1136 2423; x_wconf 90' lang='lat' dir='ltr'><strong>templum</strong></span> <span class='ocrx_word' id='word_1_246' title='bbox 1165 2346 1260 2418; x_wconf 91' lang='lat' dir='ltr'><strong>iis,</strong></span> <span class='ocrx_word' id='word_1_247' title='bbox 1299 2344 1401 2424; x_wconf 91' lang='lat' dir='ltr'><strong>qui</strong></span> <span class='ocrx_word' id='word_1_248' title='bbox 1435 2353 1602 2406; x_wconf 86' lang='lat' dir='ltr'><strong>erant</strong></span> <span class='ocrx_word' id='word_1_249' title='bbox 1635 2345 1904 2423; x_wconf 85' lang='lat' dir='ltr'><strong>ejusdem</strong></span> <span class='ocrx_word' id='word_1_250' title='bbox 1941 2348 2111 2424; x_wconf 89' lang='lat' dir='ltr'><strong>cujus</strong></span> 
     </span>
    </p>
   </div>
   <div class='ocr_carea' id='block_1_33' title="bbox 465 2429 2107 2513">
    <p class='ocr_par' dir='ltr' id='par_1_33' title="bbox 465 2429 2107 2513">
     <span class='ocr_line' id='line_1_34' title="bbox 465 2429 2107 2513; baseline 0.007 -25"><span class='ocrx_word' id='word_1_251' title='bbox 465 2429 596 2508; x_wconf 89' lang='lat' dir='ltr'><strong>ipse</strong></span> <span class='ocrx_word' id='word_1_252' title='bbox 618 2430 1018 2508; x_wconf 74' lang='lat' dir='ltr'><strong>opinionis,ex</strong></span> <span class='ocrx_word' id='word_1_253' title='bbox 1042 2433 1120 2494; x_wconf 90' lang='lat' dir='ltr'><strong>iis</strong></span> <span class='ocrx_word' id='word_1_254' title='bbox 1145 2435 1553 2513; x_wconf 70' lang='lat' dir='ltr'><strong>templis,qua3</strong></span> <span class='ocrx_word' id='word_1_255' title='bbox 1576 2444 1746 2495; x_wconf 90' lang='lat' dir='ltr'><strong>erant</strong></span> <span class='ocrx_word' id='word_1_256' title='bbox 1767 2436 1827 2495; x_wconf 90' lang='lat' dir='ltr'><strong>in</strong></span> <span class='ocrx_word' id='word_1_257' title='bbox 1854 2436 2107 2500; x_wconf 84' lang='lat' dir='ltr'><strong>civitate.</strong></span> 
     </span>
    </p>
   </div>
   <div class='ocr_carea' id='block_1_34' title="bbox 467 2519 2113 2602">
    <p class='ocr_par' dir='ltr' id='par_1_34' title="bbox 467 2519 2113 2602">
     <span class='ocr_line' id='line_1_35' title="bbox 467 2519 2113 2602; baseline 0.004 -22"><span class='ocrx_word' id='word_1_258' title='bbox 467 2519 758 2581; x_wconf 86' lang='lat' dir='ltr'><strong>Arcadius</strong></span> <span class='ocrx_word' id='word_1_259' title='bbox 789 2539 929 2600; x_wconf 89' lang='lat' dir='ltr'><strong>ergo</strong></span> <span class='ocrx_word' id='word_1_260' title='bbox 986 2524 1259 2602; x_wconf 87' lang='lat' dir='ltr'><strong>protinus</strong></span> <span class='ocrx_word' id='word_1_261' title='bbox 1311 2524 1442 2595; x_wconf 86' lang='lat' dir='ltr'><strong>(ille</strong></span> <span class='ocrx_word' id='word_1_262' title='bbox 1501 2541 1662 2584; x_wconf 83' lang='lat' dir='ltr'><strong>enim</strong></span> <span class='ocrx_word' id='word_1_263' title='bbox 1699 2535 1838 2586; x_wconf 91' lang='lat' dir='ltr'><strong>tunc</strong></span> <span class='ocrx_word' id='word_1_264' title='bbox 1875 2525 2113 2586; x_wconf 89' lang='lat' dir='ltr'><strong>tenebat</strong></span> 
     </span>
    </p>
   </div>
   <div class='ocr_carea' id='block_1_35' title="bbox 469 2609 2114 2689">
    <p class='ocr_par' dir='ltr' id='par_1_35' title="bbox 469 2609 2114 2689">
     <span class='ocr_line' id='line_1_36' title="bbox 469 2609 2114 2689; baseline 0.003 -20"><span class='ocrx_word' id='word_1_265' title='bbox 469 2616 707 2687; x_wconf 87' lang='lat' dir='ltr'><strong>sceptra</strong></span> <span class='ocrx_word' id='word_1_266' title='bbox 731 2609 969 2689; x_wconf 92' lang='lat' dir='ltr'><strong>imperii</strong></span> <span class='ocrx_word' id='word_1_267' title='bbox 996 2613 1565 2684; x_wconf 85' lang='lat' dir='ltr'><strong>Romanorum),Dei</strong></span> <span class='ocrx_word' id='word_1_268' title='bbox 1589 2613 1834 2675; x_wconf 88' lang='lat' dir='ltr'><strong>homine</strong></span> <span class='ocrx_word' id='word_1_269' title='bbox 1855 2614 2114 2674; x_wconf 86' lang='lat' dir='ltr'><strong>accersi-</strong></span> 
     </span>
    </p>
   </div>
   <div class='ocr_carea' id='block_1_36' title="bbox 466 2703 2110 2778">
    <p class='ocr_par' dir='ltr' id='par_1_36' title="bbox 466 2703 2110 2778">
     <span class='ocr_line' id='line_1_37' title="bbox 466 2703 2110 2778; baseline 0.004 -21"><span class='ocrx_word' id='word_1_270' title='bbox 466 2703 789 2774; x_wconf 78' lang='lat' dir='ltr'><strong>to.rogabat</strong></span> <span class='ocrx_word' id='word_1_271' title='bbox 817 2712 880 2761; x_wconf 93' lang='lat' dir='ltr'><strong>ut</strong></span> <span class='ocrx_word' id='word_1_272' title='bbox 909 2706 1110 2774; x_wconf 82' lang='lat' dir='ltr'><strong>petitio</strong></span> <span class='ocrx_word' id='word_1_273' title='bbox 1135 2703 1260 2776; x_wconf 86' lang='lat' dir='ltr'><strong>ejus</strong></span> <span class='ocrx_word' id='word_1_274' title='bbox 1285 2706 1820 2778; x_wconf 79' lang='lat' dir='ltr'><strong>exaudiretur,eius</strong></span> <span class='ocrx_word' id='word_1_275' title='bbox 1842 2710 2110 2767; x_wconf 74' lang='lat' dir='ltr'><strong>virtutem</strong></span> 
     </span>
    </p>
   </div>
   <div class='ocr_carea' id='block_1_37' title="bbox 468 2785 2112 2862">
    <p class='ocr_par' dir='ltr' id='par_1_37' title="bbox 468 2785 2112 2862">
     <span class='ocr_line' id='line_1_38' title="bbox 468 2785 2112 2862; baseline 0.004 -20"><span class='ocrx_word' id='word_1_276' title='bbox 468 2785 552 2842; x_wconf 84' lang='lat' dir='ltr'><strong>illi</strong></span> <span class='ocrx_word' id='word_1_277' title='bbox 570 2788 918 2843; x_wconf 81' lang='lat' dir='ltr'><strong>revocansin</strong></span> <span class='ocrx_word' id='word_1_278' title='bbox 942 2789 1548 2849; x_wconf 84' lang='lat' dir='ltr'><strong>memoriam.ettacite</strong></span> <span class='ocrx_word' id='word_1_279' title='bbox 1565 2790 2112 2862; x_wconf 85' lang='lat' dir='ltr'><strong>signiﬁcanstyran-</strong></span> 
     </span>
    </p>
   </div>
   <div class='ocr_carea' id='block_1_38' title="bbox 469 2871 2110 2952">
    <p class='ocr_par' dir='ltr' id='par_1_38' title="bbox 469 2871 2110 2952">
     <span class='ocr_line' id='line_1_39' title="bbox 469 2871 2110 2952; baseline 0.004 -22"><span class='ocrx_word' id='word_1_280' title='bbox 469 2871 884 2950; x_wconf 89' lang='lat' dir='ltr'><strong>nidem,quam</strong></span> <span class='ocrx_word' id='word_1_281' title='bbox 911 2873 1104 2952; x_wconf 92' lang='lat' dir='ltr'><strong>ipsum</strong></span> <span class='ocrx_word' id='word_1_282' title='bbox 1129 2871 1756 2935; x_wconf 73' lang='lat' dir='ltr'><strong>videbataﬁ‘ectarezut</strong></span> <span class='ocrx_word' id='word_1_283' title='bbox 1776 2875 2110 2950; x_wconf 83' lang='lat' dir='ltr'><strong>sic,aiebat,</strong></span> 
     </span>
    </p>
   </div>
   <div class='ocr_carea' id='block_1_39' title="bbox 468 2962 2115 3049">
    <p class='ocr_par' dir='ltr' id='par_1_39' title="bbox 468 2962 2115 3049">
     <span class='ocr_line' id='line_1_40' title="bbox 468 2962 2115 3049; baseline 0.002 -22"><span class='ocrx_word' id='word_1_284' title='bbox 468 2962 718 3027; x_wconf 87' lang='lat' dir='ltr'><strong>Barbari</strong></span> <span class='ocrx_word' id='word_1_285' title='bbox 740 2975 1117 3026; x_wconf 79' lang='lat' dir='ltr'><strong>mansuescat</strong></span> <span class='ocrx_word' id='word_1_286' title='bbox 1134 2967 1474 3028; x_wconf 88' lang='lat' dir='ltr'><strong>animus.Et</strong></span> <span class='ocrx_word' id='word_1_287' title='bbox 1496 2968 1580 3028; x_wconf 77' lang='lat' dir='ltr'><strong>sic</strong></span> <span class='ocrx_word' id='word_1_288' title='bbox 1599 2970 1838 3047; x_wconf 89' lang='lat' dir='ltr'><strong>quidem</strong></span> <span class='ocrx_word' id='word_1_289' title='bbox 1864 2969 2115 3049; x_wconf 80' lang='lat' dir='ltr'><strong>impera-</strong></span> 
     </span>
    </p>
   </div>
   <div class='ocr_carea' id='block_1_40' title="bbox 469 3051 2115 3136">
    <p class='ocr_par' dir='ltr' id='par_1_40' title="bbox 469 3051 2115 3136">
     <span class='ocr_line' id='line_1_41' title="bbox 469 3051 2115 3136; baseline 0.002 -22"><span class='ocrx_word' id='word_1_290' title='bbox 469 3051 700 3114; x_wconf 86' lang='lat' dir='ltr'><strong>tor.llle</strong></span> <span class='ocrx_word' id='word_1_291' title='bbox 723 3062 919 3114; x_wconf 89' lang='lat' dir='ltr'><strong>autem</strong></span> <span class='ocrx_word' id='word_1_292' title='bbox 947 3055 1150 3133; x_wconf 80' lang='lat' dir='ltr'><strong>lingua</strong></span> <span class='ocrx_word' id='word_1_293' title='bbox 1174 3057 1350 3136; x_wconf 83' lang='lat' dir='ltr'><strong>plane</strong></span> <span class='ocrx_word' id='word_1_294' title='bbox 1373 3059 1818 3131; x_wconf 88' lang='lat' dir='ltr'><strong>aureus,statim</strong></span> <span class='ocrx_word' id='word_1_295' title='bbox 1851 3059 2115 3119; x_wconf 85' lang='lat' dir='ltr'><strong>ostendit</strong></span> 
     </span>
    </p>
   </div>
   <div class='ocr_carea' id='block_1_41' title="bbox 2281 1435 3832 1524">
    <p class='ocr_par' dir='ltr' id='par_1_41' title="bbox 2281 1435 3832 1524">
     <span class='ocr_line' id='line_1_42' title="bbox 2281 1435 3832 1524; baseline -0.005 -22"><span class='ocrx_word' id='word_1_296' title='bbox 2281 1435 2410 1508; x_wconf 54' lang='lat' dir='ltr'><strong>KB&#39;.</strong></span> <span class='ocrx_word' id='word_1_297' title='bbox 2441 1445 2609 1524; x_wconf 82' lang='grc' dir='ltr'>Ὀργᾷ</span> <span class='ocrx_word' id='word_1_298' title='bbox 2638 1442 2691 1498; x_wconf 80' lang='grc' dir='ltr'><strong>δὲ</strong></span> <span class='ocrx_word' id='word_1_299' title='bbox 2723 1446 2751 1500; x_wconf 80' lang='grc' dir='ltr'>ὁ</span> <span class='ocrx_word' id='word_1_300' title='bbox 2795 1443 2955 1521; x_wconf 84' lang='grc' dir='ltr'>λόγος</span> <span class='ocrx_word' id='word_1_301' title='bbox 2999 1443 3086 1499; x_wconf 85' lang='grc' dir='ltr'><strong>καὶ</strong></span> <span class='ocrx_word' id='word_1_302' title='bbox 3117 1445 3181 1499; x_wconf 78' lang='grc' dir='ltr'><strong>τὰ</strong></span> <span class='ocrx_word' id='word_1_303' title='bbox 3212 1445 3348 1500; x_wconf 76' lang='grc' dir='ltr'>κατὰ</span> <span class='ocrx_word' id='word_1_304' title='bbox 3386 1448 3494 1500; x_wconf 86' lang='grc' dir='ltr'>τὸν</span> <span class='ocrx_word' id='word_1_305' title='bbox 3530 1450 3732 1498; x_wconf 80' lang='grc' dir='ltr'>Γαῒνᾰν</span> <span class='ocrx_word' id='word_1_306' title='bbox 3761 1443 3832 1506; x_wconf 68' lang='grc' dir='ltr'><strong>ἢέν,</strong></span> 
     </span>
    </p>
   </div>
   <div class='ocr_carea' id='block_1_42' title="bbox 2195 1533 3834 1612">
    <p class='ocr_par' dir='ltr' id='par_1_42' title="bbox 2195 1533 3834 1612">
     <span class='ocr_line' id='line_1_43' title="bbox 2195 1533 3834 1612; baseline 0.001 -22"><span class='ocrx_word' id='word_1_307' title='bbox 2195 1538 2513 1612; x_wconf 80' lang='grc' dir='ltr'>παραθεῖναι</span> <span class='ocrx_word' id='word_1_308' title='bbox 2556 1547 2677 1598; x_wconf 78' lang='grc' dir='ltr'>ταῖς</span> <span class='ocrx_word' id='word_1_309' title='bbox 2722 1533 2918 1596; x_wconf 81' lang='grc' dir='ltr'>ἀκοαῖς</span> <span class='ocrx_word' id='word_1_310' title='bbox 2953 1553 2963 1565; x_wconf 91' lang='grc'><strong>·</strong></span> <span class='ocrx_word' id='word_1_311' title='bbox 3000 1533 3058 1595; x_wconf 78' lang='grc' dir='ltr'>ὃς</span> <span class='ocrx_word' id='word_1_312' title='bbox 3118 1533 3314 1596; x_wconf 79' lang='grc' dir='ltr'>Κελτὸς</span> <span class='ocrx_word' id='word_1_313' title='bbox 3379 1534 3462 1609; x_wconf 79' lang='grc' dir='ltr'>μὶ</span> <span class='ocrx_word' id='word_1_314' title='bbox 3499 1533 3571 1599; x_wconf 80' lang='grc' dir='ltr'>ἦν</span> <span class='ocrx_word' id='word_1_315' title='bbox 3606 1536 3666 1588; x_wconf 79' lang='grc' dir='ltr'>τὸ</span> <span class='ocrx_word' id='word_1_316' title='bbox 3697 1533 3834 1608; x_wconf 79' lang='grc' dir='ltr'>γένος,</span> 
     </span>
    </p>
   </div>
   <div class='ocr_carea' id='block_1_43' title="bbox 2197 1613 3832 1700">
    <p class='ocr_par' dir='ltr' id='par_1_43' title="bbox 2197 1613 3832 1700">
     <span class='ocr_line' id='line_1_44' title="bbox 2197 1613 3832 1700; baseline -0.003 -20"><span class='ocrx_word' id='word_1_317' title='bbox 2197 1621 2341 1680; x_wconf 69' lang='grc' dir='ltr'>οὸδὲν</span> <span class='ocrx_word' id='word_1_318' title='bbox 2399 1622 2452 1679; x_wconf 81' lang='grc' dir='ltr'><strong>δὲ</strong></span> <span class='ocrx_word' id='word_1_319' title='bbox 2485 1624 2645 1690; x_wconf 80' lang='grc' dir='ltr'>ἧττον</span> <span class='ocrx_word' id='word_1_320' title='bbox 2690 1624 2777 1678; x_wconf 85' lang='grc' dir='ltr'><strong>καὶ</strong></span> <span class='ocrx_word' id='word_1_321' title='bbox 2825 1624 2918 1687; x_wconf 74' lang='grc' dir='ltr'>τὴν</span> <span class='ocrx_word' id='word_1_322' title='bbox 2950 1622 3174 1700; x_wconf 79' lang='grc' dir='ltr'><strong>γνώμην</strong></span> <span class='ocrx_word' id='word_1_323' title='bbox 3219 1619 3532 1699; x_wconf 76' lang='grc' dir='ltr'>βάρϐαρος,</span> <span class='ocrx_word' id='word_1_324' title='bbox 3574 1613 3708 1676; x_wconf 65' lang='grc' dir='ltr'><strong>’Υπὸ</strong></span> <span class='ocrx_word' id='word_1_325' title='bbox 3738 1614 3832 1676; x_wconf 39' lang='lat' dir='ltr'><strong>(Pni-</strong></span> 
     </span>
    </p>
   </div>
   <div class='ocr_carea' id='block_1_44' title="bbox 2196 1711 3838 1790">
    <p class='ocr_par' dir='ltr' id='par_1_44' title="bbox 2196 1711 3838 1790">
     <span class='ocr_line' id='line_1_45' title="bbox 2196 1711 3838 1790; baseline -0.001 -23"><span class='ocrx_word' id='word_1_326' title='bbox 2196 1713 2376 1786; x_wconf 79' lang='grc' dir='ltr'>μαίοις</span> <span class='ocrx_word' id='word_1_327' title='bbox 2417 1711 2469 1767; x_wconf 81' lang='grc' dir='ltr'>δὲ</span> <span class='ocrx_word' id='word_1_328' title='bbox 2524 1714 2833 1788; x_wconf 78' lang='grc' dir='ltr'>γινόμενος,</span> <span class='ocrx_word' id='word_1_329' title='bbox 2896 1712 2990 1767; x_wconf 70' lang='grc' dir='ltr'><strong>καῖ</strong></span> <span class='ocrx_word' id='word_1_330' title='bbox 3044 1719 3120 1784; x_wconf 85' lang='grc' dir='ltr'>τῷ</span> <span class='ocrx_word' id='word_1_331' title='bbox 3151 1711 3453 1790; x_wconf 87' lang='grc' dir='ltr'>καταλόγῳ</span> <span class='ocrx_word' id='word_1_332' title='bbox 3505 1719 3610 1768; x_wconf 82' lang='grc' dir='ltr'><strong>τοῦ</strong></span> <span class='ocrx_word' id='word_1_333' title='bbox 3654 1720 3838 1787; x_wconf 58' lang='grc' dir='ltr'>στρατοὶ</span> 
     </span>
    </p>
   </div>
   <div class='ocr_carea' id='block_1_45' title="bbox 2194 1799 3837 1880">
    <p class='ocr_par' dir='ltr' id='par_1_45' title="bbox 2194 1799 3837 1880">
     <span class='ocr_line' id='line_1_46' title="bbox 2194 1799 3837 1880; baseline -0.002 -23"><span class='ocrx_word' id='word_1_334' title='bbox 2194 1803 2626 1880; x_wconf 77' lang='grc' dir='ltr'>συναριθμηθεῖς,</span> <span class='ocrx_word' id='word_1_335' title='bbox 2720 1803 2845 1857; x_wconf 79' lang='grc' dir='ltr'>εἶτα</span> <span class='ocrx_word' id='word_1_336' title='bbox 2924 1816 3047 1862; x_wconf 81' lang='grc' dir='ltr'>ταῖς</span> <span class='ocrx_word' id='word_1_337' title='bbox 3133 1802 3270 1857; x_wconf 71' lang='grc' dir='ltr'>κατὰ</span> <span class='ocrx_word' id='word_1_338' title='bbox 3350 1805 3567 1878; x_wconf 78' lang='grc' dir='ltr'>μικρὸν</span> <span class='ocrx_word' id='word_1_339' title='bbox 3629 1799 3837 1878; x_wconf 63' lang='grc' dir='ltr'>προόδιιις</span> 
     </span>
    </p>
   </div>
   <div class='ocr_carea' id='block_1_46' title="bbox 2196 1890 3836 1968">
    <p class='ocr_par' dir='ltr' id='par_1_46' title="bbox 2196 1890 3836 1968">
     <span class='ocr_line' id='line_1_47' title="bbox 2196 1890 3836 1968; baseline -0.002 -22"><span class='ocrx_word' id='word_1_340' title='bbox 2196 1892 2454 1965; x_wconf 80' lang='grc' dir='ltr'>μειζόνων</span> <span class='ocrx_word' id='word_1_341' title='bbox 2514 1890 2890 1968; x_wconf 63' lang='grc' dir='ltr'>ἐπιτυγχάνων</span> <span class='ocrx_word' id='word_1_342' title='bbox 2972 1891 3211 1965; x_wconf 81' lang='grc' dir='ltr'>βαθμῶν,</span> <span class='ocrx_word' id='word_1_343' title='bbox 3273 1890 3437 1951; x_wconf 81' lang='grc' dir='ltr'>τέλος</span> <span class='ocrx_word' id='word_1_344' title='bbox 3517 1893 3612 1946; x_wconf 82' lang='grc' dir='ltr'>καὶ</span> <span class='ocrx_word' id='word_1_345' title='bbox 3674 1911 3836 1965; x_wconf 75' lang='grc' dir='ltr'>στρατ·</span> 
     </span>
    </p>
   </div>
   <div class='ocr_carea' id='block_1_47' title="bbox 2195 1972 3833 2057">
    <p class='ocr_par' dir='ltr' id='par_1_47' title="bbox 2195 1972 3833 2057">
     <span class='ocr_line' id='line_1_48' title="bbox 2195 1972 3833 2057; baseline -0.009 -11"><span class='ocrx_word' id='word_1_346' title='bbox 2195 1983 2329 2056; x_wconf 81' lang='grc' dir='ltr'>ηγὸς</span> <span class='ocrx_word' id='word_1_347' title='bbox 2373 1981 2471 2047; x_wconf 80' lang='grc' dir='ltr'>τῆς</span> <span class='ocrx_word' id='word_1_348' title='bbox 2517 1983 2743 2045; x_wconf 80' lang='grc' dir='ltr'><strong>ἱππικῆς</strong></span> <span class='ocrx_word' id='word_1_349' title='bbox 2804 2000 2862 2034; x_wconf 85' lang='grc' dir='ltr'><strong>τε</strong></span> <span class='ocrx_word' id='word_1_350' title='bbox 2923 1982 3009 2034; x_wconf 72' lang='grc' dir='ltr'>καὶ</span> <span class='ocrx_word' id='word_1_351' title='bbox 3054 1984 3220 2048; x_wconf 80' lang='grc' dir='ltr'>πεζῆς</span> <span class='ocrx_word' id='word_1_352' title='bbox 3251 1981 3357 2035; x_wconf 80' lang='grc' dir='ltr'>τῶν</span> <span class='ocrx_word' id='word_1_353' title='bbox 3409 1972 3707 2052; x_wconf 73' lang='grc' dir='ltr'>Ῥωμαίων</span> <span class='ocrx_word' id='word_1_354' title='bbox 3735 2001 3833 2057; x_wconf 68' lang='grc' dir='ltr'>χει-</span> 
     </span>
    </p>
   </div>
   <div class='ocr_carea' id='block_1_48' title="bbox 2195 2067 3837 2147">
    <p class='ocr_par' dir='ltr' id='par_1_48' title="bbox 2195 2067 3837 2147">
     <span class='ocr_line' id='line_1_49' title="bbox 2195 2067 3837 2147; baseline -0.004 -22"><span class='ocrx_word' id='word_1_355' title='bbox 2195 2084 2493 2147; x_wconf 78' lang='grc' dir='ltr'>ροτονεῖται</span> <span class='ocrx_word' id='word_1_356' title='bbox 2540 2069 2837 2142; x_wconf 77' lang='grc' dir='ltr'>δυνάμεως.</span> <span class='ocrx_word' id='word_1_357' title='bbox 2894 2071 3062 2132; x_wconf 73' lang='grc' dir='ltr'>Οὗτος</span> <span class='ocrx_word' id='word_1_358' title='bbox 3121 2069 3216 2134; x_wconf 69' lang='grc' dir='ltr'><strong>τῆς</strong></span> <span class='ocrx_word' id='word_1_359' title='bbox 3279 2069 3504 2135; x_wconf 68' lang='grc' dir='ltr'>Ἀρεία.)</span> <span class='ocrx_word' id='word_1_360' title='bbox 3568 2067 3726 2133; x_wconf 80' lang='grc' dir='ltr'>δόξης</span> <span class='ocrx_word' id='word_1_361' title='bbox 3766 2068 3837 2121; x_wconf 71' lang='grc' dir='ltr'>ἐκ·</span> 
     </span>
    </p>
   </div>
   <div class='ocr_carea' id='block_1_49' title="bbox 2195 2157 3832 2236">
    <p class='ocr_par' dir='ltr' id='par_1_49' title="bbox 2195 2157 3832 2236">
     <span class='ocr_line' id='line_1_50' title="bbox 2195 2157 3832 2236; baseline -0.004 -22"><span class='ocrx_word' id='word_1_362' title='bbox 2195 2161 2370 2231; x_wconf 83' lang='grc' dir='ltr'>θύμως</span> <span class='ocrx_word' id='word_1_363' title='bbox 2420 2159 2887 2232; x_wconf 80' lang='grc' dir='ltr'>ἀντιποιούμενος,</span> <span class='ocrx_word' id='word_1_364' title='bbox 2944 2157 3197 2235; x_wconf 80' lang='grc' dir='ltr'>ἐθάῤῥησε</span> <span class='ocrx_word' id='word_1_365' title='bbox 3247 2160 3392 2236; x_wconf 78' lang='grc' dir='ltr'>παρὰ</span> <span class='ocrx_word' id='word_1_366' title='bbox 3443 2157 3721 2233; x_wconf 80' lang='grc' dir='ltr'>βασιλέως</span> <span class='ocrx_word' id='word_1_367' title='bbox 3765 2157 3832 2209; x_wconf 72' lang='grc' dir='ltr'>ἕνα</span> 
     </span>
    </p>
   </div>
   <div class='ocr_carea' id='block_1_50' title="bbox 2194 2247 3832 2321">
    <p class='ocr_par' dir='ltr' id='par_1_50' title="bbox 2194 2247 3832 2321">
     <span class='ocr_line' id='line_1_51' title="bbox 2194 2247 3832 2321; baseline -0.001 -19"><span class='ocrx_word' id='word_1_368' title='bbox 2194 2249 2300 2302; x_wconf 77' lang='grc' dir='ltr'>τῶν</span> <span class='ocrx_word' id='word_1_369' title='bbox 2333 2247 2468 2303; x_wconf 75' lang='grc' dir='ltr'>εἴσω</span> <span class='ocrx_word' id='word_1_370' title='bbox 2511 2252 2608 2315; x_wconf 79' lang='grc' dir='ltr'>τῆς</span> <span class='ocrx_word' id='word_1_371' title='bbox 2669 2247 2878 2312; x_wconf 83' lang='grc' dir='ltr'>πόλεως</span> <span class='ocrx_word' id='word_1_372' title='bbox 2934 2260 3050 2312; x_wconf 78' lang='grc' dir='ltr'>τοῖς</span> <span class='ocrx_word' id='word_1_373' title='bbox 3095 2247 3370 2321; x_wconf 78' lang='grc' dir='ltr'>ὁμοδόξοις</span> <span class='ocrx_word' id='word_1_374' title='bbox 3430 2250 3667 2312; x_wconf 81' lang='grc' dir='ltr'>αἰτῆσαι</span> <span class='ocrx_word' id='word_1_375' title='bbox 3698 2252 3832 2301; x_wconf 73' lang='grc' dir='ltr'>ναῶν.</span> 
     </span>
    </p>
   </div>
   <div class='ocr_carea' id='block_1_51' title="bbox 2196 2335 3826 2416">
    <p class='ocr_par' dir='ltr' id='par_1_51' title="bbox 2196 2335 3826 2416">
     <span class='ocr_line' id='line_1_52' title="bbox 2196 2335 3826 2416; baseline -0.004 -23"><span class='ocrx_word' id='word_1_376' title='bbox 2196 2336 2471 2414; x_wconf 80' lang='grc' dir='ltr'>Ἀρκάδιος</span> <span class='ocrx_word' id='word_1_377' title='bbox 2533 2337 2622 2393; x_wconf 74' lang='grc' dir='ltr'><strong>οὗν</strong></span> <span class='ocrx_word' id='word_1_378' title='bbox 2682 2337 2866 2392; x_wconf 72' lang='grc' dir='ltr'>αὒτίκα</span> <span class='ocrx_word' id='word_1_379' title='bbox 2929 2336 3039 2416; x_wconf 84' lang='grc' dir='ltr'>(καὶ</span> <span class='ocrx_word' id='word_1_380' title='bbox 3097 2339 3198 2414; x_wconf 76' lang='grc' dir='ltr'>γὰρ</span> <span class='ocrx_word' id='word_1_381' title='bbox 3269 2337 3425 2401; x_wconf 79' lang='grc' dir='ltr'>οὗτος</span> <span class='ocrx_word' id='word_1_382' title='bbox 3480 2335 3663 2393; x_wconf 76' lang='grc' dir='ltr'>διεῖπε</span> <span class='ocrx_word' id='word_1_383' title='bbox 3733 2335 3826 2390; x_wconf 77' lang='grc' dir='ltr'>τότε</span> 
     </span>
    </p>
   </div>
   <div class='ocr_carea' id='block_1_52' title="bbox 2194 2422 3830 2505">
    <p class='ocr_par' dir='ltr' id='par_1_52' title="bbox 2194 2422 3830 2505">
     <span class='ocr_line' id='line_1_53' title="bbox 2194 2422 3830 2505; baseline -0.003 -24"><span class='ocrx_word' id='word_1_384' title='bbox 2194 2427 2293 2491; x_wconf 76' lang='grc' dir='ltr'>τὴν</span> <span class='ocrx_word' id='word_1_385' title='bbox 2350 2424 2647 2505; x_wconf 83' lang='grc' dir='ltr'>βασιλείαν)</span> <span class='ocrx_word' id='word_1_386' title='bbox 2725 2426 2814 2481; x_wconf 83' lang='grc' dir='ltr'>τὸν</span> <span class='ocrx_word' id='word_1_387' title='bbox 2873 2431 2964 2481; x_wconf 90' lang='grc' dir='ltr'><strong>τοῦ</strong></span> <span class='ocrx_word' id='word_1_388' title='bbox 3017 2433 3148 2482; x_wconf 89' lang='grc' dir='ltr'>Θεοῦ</span> <span class='ocrx_word' id='word_1_389' title='bbox 3193 2425 3707 2500; x_wconf 79' lang='grc' dir='ltr'>μεταπεμψάμενος</span> <span class='ocrx_word' id='word_1_390' title='bbox 3759 2422 3830 2476; x_wconf 84' lang='grc' dir='ltr'><strong>Ξὶν·</strong></span> 
     </span>
    </p>
   </div>
   <div class='ocr_carea' id='block_1_53' title="bbox 2193 2512 3823 2593">
    <p class='ocr_par' dir='ltr' id='par_1_53' title="bbox 2193 2512 3823 2593">
     <span class='ocr_line' id='line_1_54' title="bbox 2193 2512 3823 2593; baseline 0 -23"><span class='ocrx_word' id='word_1_391' title='bbox 2193 2519 2401 2592; x_wconf 82' lang='grc' dir='ltr'>θρωπον</span> <span class='ocrx_word' id='word_1_392' title='bbox 2460 2513 2606 2581; x_wconf 78' lang='grc' dir='ltr'>ἠξίου</span> <span class='ocrx_word' id='word_1_393' title='bbox 2662 2519 2790 2593; x_wconf 77' lang='grc' dir='ltr'>πρὸς</span> <span class='ocrx_word' id='word_1_394' title='bbox 2833 2517 2928 2582; x_wconf 75' lang='grc' dir='ltr'>τὴν</span> <span class='ocrx_word' id='word_1_395' title='bbox 2974 2515 3193 2581; x_wconf 76' lang='grc' dir='ltr'>α’ίτησιν</span> <span class='ocrx_word' id='word_1_396' title='bbox 3255 2516 3571 2585; x_wconf 75' lang='grc' dir='ltr'>ἐπινεῦσαι,</span> <span class='ocrx_word' id='word_1_397' title='bbox 3620 2512 3823 2591; x_wconf 76' lang='grc' dir='ltr'>ἀνδρείας</span> 
     </span>
    </p>
   </div>
   <div class='ocr_carea' id='block_1_54' title="bbox 2194 2605 3821 2681">
    <p class='ocr_par' dir='ltr' id='par_1_54' title="bbox 2194 2605 3821 2681">
     <span class='ocr_line' id='line_1_55' title="bbox 2194 2605 3821 2681; baseline -0.002 -22"><span class='ocrx_word' id='word_1_398' title='bbox 2194 2625 2250 2659; x_wconf 90' lang='grc' dir='ltr'><strong>τε</strong></span> <span class='ocrx_word' id='word_1_399' title='bbox 2308 2607 2407 2670; x_wconf 75' lang='grc' dir='ltr'>τῆς</span> <span class='ocrx_word' id='word_1_400' title='bbox 2467 2605 2670 2661; x_wconf 79' lang='grc' dir='ltr'>ἐκείνου</span> <span class='ocrx_word' id='word_1_401' title='bbox 2729 2606 3179 2681; x_wconf 75' lang='grc' dir='ltr'>ὑπομιμνήσκων,</span> <span class='ocrx_word' id='word_1_402' title='bbox 3227 2606 3312 2660; x_wconf 88' lang='grc' dir='ltr'>καὶ</span> <span class='ocrx_word' id='word_1_403' title='bbox 3365 2606 3430 2671; x_wconf 73' lang='grc' dir='ltr'>ἣν</span> <span class='ocrx_word' id='word_1_404' title='bbox 3485 2605 3634 2680; x_wconf 79' lang='grc' dir='ltr'>ἑώρα</span> <span class='ocrx_word' id='word_1_405' title='bbox 3663 2625 3821 2678; x_wconf 58' lang='lat' dir='ltr'><strong>supu-</strong></span> 
     </span>
    </p>
   </div>
   <div class='ocr_carea' id='block_1_55' title="bbox 2195 2692 3817 2769">
    <p class='ocr_par' dir='ltr' id='par_1_55' title="bbox 2195 2692 3817 2769">
     <span class='ocr_line' id='line_1_56' title="bbox 2195 2692 3817 2769; baseline -0.003 -21"><span class='ocrx_word' id='word_1_406' title='bbox 2195 2693 2306 2750; x_wconf 82' lang='grc' dir='ltr'>νίδα</span> <span class='ocrx_word' id='word_1_407' title='bbox 2362 2695 2464 2749; x_wconf 69' lang='grc' dir='ltr'><strong>ὑπὸ</strong></span> <span class='ocrx_word' id='word_1_408' title='bbox 2539 2695 2723 2750; x_wconf 84' lang='grc' dir='ltr'>τούτου</span> <span class='ocrx_word' id='word_1_409' title='bbox 2801 2693 3182 2769; x_wconf 78' lang='grc' dir='ltr'>μελετωμένην</span> <span class='ocrx_word' id='word_1_410' title='bbox 3247 2693 3660 2768; x_wconf 77' lang='grc' dir='ltr'>διανιξάμενος,</span> <span class='ocrx_word' id='word_1_411' title='bbox 3715 2692 3817 2748; x_wconf 74' lang='grc' dir='ltr'>ὥστε</span> 
     </span>
    </p>
   </div>
   <div class='ocr_carea' id='block_1_56' title="bbox 2199 2781 3813 2862">
    <p class='ocr_par' dir='ltr' id='par_1_56' title="bbox 2199 2781 3813 2862">
     <span class='ocr_line' id='line_1_57' title="bbox 2199 2781 3813 2862; baseline -0.003 -24"><span class='ocrx_word' id='word_1_412' title='bbox 2199 2789 2262 2858; x_wconf 79' lang='grc' dir='ltr'><strong>τῇ</strong></span> <span class='ocrx_word' id='word_1_413' title='bbox 2289 2783 2540 2858; x_wconf 80' lang='grc' dir='ltr'>θεραπείᾳ</span> <span class='ocrx_word' id='word_1_414' title='bbox 2599 2785 2792 2856; x_wconf 80' lang='grc' dir='ltr'>ταύτῃ,</span> <span class='ocrx_word' id='word_1_415' title='bbox 2849 2784 3002 2862; x_wconf 71' lang='grc' dir='ltr'>φησὶ,</span> <span class='ocrx_word' id='word_1_416' title='bbox 3056 2784 3175 2843; x_wconf 82' lang='grc' dir='ltr'>τοὺς</span> <span class='ocrx_word' id='word_1_417' title='bbox 3232 2789 3323 2839; x_wconf 83' lang='grc' dir='ltr'><strong>τοῦ</strong></span> <span class='ocrx_word' id='word_1_418' title='bbox 3355 2781 3641 2860; x_wconf 78' lang='grc' dir='ltr'>βαρϐάρου</span> <span class='ocrx_word' id='word_1_419' title='bbox 3668 2785 3813 2836; x_wconf 74' lang='grc' dir='ltr'>τιθασ-</span> 
     </span>
    </p>
   </div>
   <div class='ocr_carea' id='block_1_57' title="bbox 2197 2865 3812 2948">
    <p class='ocr_par' dir='ltr' id='par_1_57' title="bbox 2197 2865 3812 2948">
     <span class='ocr_line' id='line_1_58' title="bbox 2197 2865 3812 2948; baseline 0.002 -20"><span class='ocrx_word' id='word_1_420' title='bbox 2197 2876 2446 2939; x_wconf 82' lang='grc' dir='ltr'>σευθῆναι</span> <span class='ocrx_word' id='word_1_421' title='bbox 2492 2875 2709 2947; x_wconf 71' lang='grc' dir='ltr'>ϐωμούς.</span> <span class='ocrx_word' id='word_1_422' title='bbox 2769 2865 2826 2931; x_wconf 63' lang='grc' dir='ltr'><strong>εΟ</strong></span> <span class='ocrx_word' id='word_1_423' title='bbox 2859 2871 2913 2928; x_wconf 79' lang='grc' dir='ltr'><strong>δὲ</strong></span> <span class='ocrx_word' id='word_1_424' title='bbox 2943 2876 3115 2928; x_wconf 78' lang='grc' dir='ltr'>πάντα</span> <span class='ocrx_word' id='word_1_425' title='bbox 3168 2869 3380 2948; x_wconf 78' lang='grc' dir='ltr'>ἄριστος</span> <span class='ocrx_word' id='word_1_426' title='bbox 3441 2874 3666 2932; x_wconf 76' lang='grc' dir='ltr'>ἐκεῖνος</span> <span class='ocrx_word' id='word_1_427' title='bbox 3719 2870 3812 2942; x_wconf 64' lang='grc' dir='ltr'>ἀντὶέ</span> 
     </span>
    </p>
   </div>
   <div class='ocr_carea' id='block_1_58' title="bbox 2196 2957 3806 3043">
    <p class='ocr_par' dir='ltr' id='par_1_58' title="bbox 2196 2957 3806 3043">
     <span class='ocr_line' id='line_1_59' title="bbox 2196 2957 3806 3043; baseline -0.002 -26"><span class='ocrx_word' id='word_1_428' title='bbox 2196 2961 2344 3020; x_wconf 70' lang='grc' dir='ltr'>οὐδὲν</span> <span class='ocrx_word' id='word_1_429' title='bbox 2403 2963 2573 3034; x_wconf 88' lang='grc' dir='ltr'>τούτῳ</span> <span class='ocrx_word' id='word_1_430' title='bbox 2629 2960 2732 3043; x_wconf 61' lang='lat' dir='ltr'><strong>lia.</strong></span> <span class='ocrx_word' id='word_1_431' title='bbox 2794 2960 2902 3018; x_wconf 72' lang='grc' dir='ltr'>οὐδ’</span> <span class='ocrx_word' id='word_1_432' title='bbox 2977 2962 3031 3017; x_wconf 85' lang='grc' dir='ltr'><strong>ἐν</strong></span> <span class='ocrx_word' id='word_1_433' title='bbox 3088 2963 3280 3038; x_wconf 72' lang='grc' dir='ltr'>τούτῳ]</span> <span class='ocrx_word' id='word_1_434' title='bbox 3339 2970 3436 3020; x_wconf 91' lang='grc' dir='ltr'><strong>τοῦ</strong></span> <span class='ocrx_word' id='word_1_435' title='bbox 3496 2962 3647 3020; x_wconf 80' lang='grc' dir='ltr'>Θείου</span> <span class='ocrx_word' id='word_1_436' title='bbox 3692 2957 3806 3037; x_wconf 54' lang='grc' dir='ltr'><strong>φὸσὲ)</strong></span> 
     </span>
    </p>
   </div>
   <div class='ocr_carea' id='block_1_59' title="bbox 2199 3050 3798 3132">
    <p class='ocr_par' dir='ltr' id='par_1_59' title="bbox 2199 3050 3798 3132">
     <span class='ocr_line' id='line_1_60' title="bbox 2199 3050 3798 3132; baseline -0.004 -24"><span class='ocrx_word' id='word_1_437' title='bbox 2199 3053 2284 3108; x_wconf 83' lang='grc' dir='ltr'><strong>καὶ</strong></span> <span class='ocrx_word' id='word_1_438' title='bbox 2312 3054 2474 3129; x_wconf 75' lang='grc' dir='ltr'>οὗπερ</span> <span class='ocrx_word' id='word_1_439' title='bbox 2509 3053 2670 3132; x_wconf 77' lang='grc' dir='ltr'>εἶχεν</span> <span class='ocrx_word' id='word_1_440' title='bbox 2727 3052 3078 3126; x_wconf 74' lang='grc' dir='ltr'>ἐκλαθόμενος</span> <span class='ocrx_word' id='word_1_441' title='bbox 3139 3050 3467 3125; x_wconf 68' lang='grc' dir='ltr'>ἀξιώματος,</span> <span class='ocrx_word' id='word_1_442' title='bbox 3522 3052 3622 3124; x_wconf 74' lang='grc' dir='ltr'>Οὒ,</span> <span class='ocrx_word' id='word_1_443' title='bbox 3673 3050 3798 3129; x_wconf 47' lang='lat' dir='ltr'><strong>me,</strong></span> 
     </span>
    </p>
   </div>
   <div class='ocr_carea' id='block_1_60' title="bbox 468 3135 2113 3225">
    <p class='ocr_par' dir='ltr' id='par_1_60' title="bbox 468 3135 2111 3225">
     <span class='ocr_line' id='line_1_61' title="bbox 468 3135 2111 3225; baseline 0.004 -23"><span class='ocrx_word' id='word_1_444' title='bbox 468 3160 536 3204; x_wconf 92' lang='lat' dir='ltr'><strong>se</strong></span> <span class='ocrx_word' id='word_1_445' title='bbox 558 3142 732 3204; x_wconf 88' lang='lat' dir='ltr'><strong>etiam</strong></span> <span class='ocrx_word' id='word_1_446' title='bbox 763 3142 990 3206; x_wconf 86' lang='lat' dir='ltr'><strong>habere</strong></span> <span class='ocrx_word' id='word_1_447' title='bbox 1010 3135 1211 3220; x_wconf 84' lang='lat' dir='ltr'><strong>aures,</strong></span> <span class='ocrx_word' id='word_1_448' title='bbox 1239 3164 1370 3225; x_wconf 84' lang='lat' dir='ltr'><strong>quae</strong></span> <span class='ocrx_word' id='word_1_449' title='bbox 1391 3146 1604 3224; x_wconf 72' lang='lat' dir='ltr'><strong>linguae</strong></span> <span class='ocrx_word' id='word_1_450' title='bbox 1628 3148 1775 3208; x_wconf 86' lang='lat' dir='ltr'><strong>nihil</strong></span> <span class='ocrx_word' id='word_1_451' title='bbox 1802 3147 2111 3223; x_wconf 87' lang='lat' dir='ltr'><strong>cederent,</strong></span> 
     </span>
    </p>
   </div>
   <div class='ocr_carea' id='block_1_61' title="bbox 2200 3135 3806 3225">
    <p class='ocr_par' dir='ltr' id='par_1_61' title="bbox 2200 3135 3806 3220">
     <span class='ocr_line' id='line_1_62' title="bbox 2200 3135 3806 3220; baseline -0.004 -23"><span class='ocrx_word' id='word_1_452' title='bbox 2200 3141 2251 3197; x_wconf 76' lang='grc' dir='ltr'><strong>εἴ</strong></span> <span class='ocrx_word' id='word_1_453' title='bbox 2279 3163 2329 3196; x_wconf 89' lang='grc' dir='ltr'><strong>τι</strong></span> <span class='ocrx_word' id='word_1_454' title='bbox 2361 3139 2408 3196; x_wconf 80' lang='grc' dir='ltr'>δ’</span> <span class='ocrx_word' id='word_1_455' title='bbox 2453 3141 2514 3198; x_wconf 71' lang='grc' dir='ltr'><strong>ἂι</strong></span> <span class='ocrx_word' id='word_1_456' title='bbox 2550 3144 2634 3198; x_wconf 85' lang='grc' dir='ltr'><strong>καὶ</strong></span> <span class='ocrx_word' id='word_1_457' title='bbox 2667 3143 2902 3219; x_wconf 84' lang='grc' dir='ltr'>γένοιτο,</span> <span class='ocrx_word' id='word_1_458' title='bbox 2937 3143 3158 3214; x_wconf 77' lang='grc' dir='ltr'>τοιούτῳ</span> <span class='ocrx_word' id='word_1_459' title='bbox 3187 3139 3252 3208; x_wconf 75' lang='grc' dir='ltr'>δὴ</span> <span class='ocrx_word' id='word_1_460' title='bbox 3277 3147 3690 3220; x_wconf 80' lang='grc' dir='ltr'>παραχωρῆσαι</span> <span class='ocrx_word' id='word_1_461' title='bbox 3716 3135 3806 3193; x_wconf 78' lang='grc' dir='ltr'>τολ-</span> 
     </span>
    </p>
   </div>
   <div class='ocr_carea' id='block_1_62' title="bbox 469 3238 2116 3312">
    <p class='ocr_par' dir='ltr' id='par_1_62' title="bbox 469 3238 2116 3312">
     <span class='ocr_line' id='line_1_63' title="bbox 469 3238 2116 3312; baseline 0.004 -20"><span class='ocrx_word' id='word_1_462' title='bbox 469 3245 526 3292; x_wconf 90' lang='lat' dir='ltr'><strong>et</strong></span> <span class='ocrx_word' id='word_1_463' title='bbox 545 3251 670 3308; x_wconf 71' lang='lat' dir='ltr'><strong>quae</strong></span> <span class='ocrx_word' id='word_1_464' title='bbox 693 3247 924 3306; x_wconf 84' lang='lat' dir='ltr'><strong>possent</strong></span> <span class='ocrx_word' id='word_1_465' title='bbox 943 3238 1588 3310; x_wconf 87' lang='lat' dir='ltr'><strong>judicare.quihusnam</strong></span> <span class='ocrx_word' id='word_1_466' title='bbox 1615 3239 1980 3297; x_wconf 89' lang='lat' dir='ltr'><strong>orationibus</strong></span> <span class='ocrx_word' id='word_1_467' title='bbox 2014 3257 2116 3312; x_wconf 84' lang='lat' dir='ltr'><strong>pe-</strong></span> 
     </span>
    </p>
   </div>
   <div class='ocr_carea' id='block_1_63' title="bbox 469 3324 2117 3395">
    <p class='ocr_par' dir='ltr' id='par_1_63' title="bbox 469 3324 2117 3395">
     <span class='ocr_line' id='line_1_64' title="bbox 469 3324 2117 3395; baseline 0.001 -16"><span class='ocrx_word' id='word_1_468' title='bbox 469 3335 598 3380; x_wconf 89' lang='lat' dir='ltr'><strong>rere</strong></span> <span class='ocrx_word' id='word_1_469' title='bbox 617 3332 962 3392; x_wconf 83' lang='lat' dir='ltr'><strong>oporteat,et</strong></span> <span class='ocrx_word' id='word_1_470' title='bbox 983 3324 1197 3395; x_wconf 88' lang='lat' dir='ltr'><strong>quibus</strong></span> <span class='ocrx_word' id='word_1_471' title='bbox 1212 3324 1560 3382; x_wconf 88' lang='lat' dir='ltr'><strong>non.Statim</strong></span> <span class='ocrx_word' id='word_1_472' title='bbox 1582 3340 1722 3394; x_wconf 78' lang='lat' dir='ltr'><strong>ergo</strong></span> <span class='ocrx_word' id='word_1_473' title='bbox 1744 3327 2117 3391; x_wconf 87' lang='lat' dir='ltr'><strong>renuit,divi-</strong></span> 
     </span>
    </p>
   </div>
   <div class='ocr_carea' id='block_1_64' title="bbox 474 3407 2118 3482">
    <p class='ocr_par' dir='ltr' id='par_1_64' title="bbox 474 3407 2118 3482">
     <span class='ocr_line' id='line_1_65' title="bbox 474 3407 2118 3482; baseline 0.002 -18"><span class='ocrx_word' id='word_1_474' title='bbox 474 3407 533 3464; x_wconf 89' lang='lat' dir='ltr'><strong>ni</strong></span> <span class='ocrx_word' id='word_1_475' title='bbox 561 3416 746 3464; x_wconf 88' lang='lat' dir='ltr'><strong>metus</strong></span> <span class='ocrx_word' id='word_1_476' title='bbox 771 3421 885 3465; x_wconf 91' lang='lat' dir='ltr'><strong>non</strong></span> <span class='ocrx_word' id='word_1_477' title='bbox 901 3408 1120 3466; x_wconf 84' lang='lat' dir='ltr'><strong>oblitus</strong></span> <span class='ocrx_word' id='word_1_478' title='bbox 1139 3420 1196 3467; x_wconf 90' lang='lat' dir='ltr'><strong>et</strong></span> <span class='ocrx_word' id='word_1_479' title='bbox 1223 3409 1369 3480; x_wconf 86' lang='lat' dir='ltr'><strong>ejus,</strong></span> <span class='ocrx_word' id='word_1_480' title='bbox 1404 3425 1575 3481; x_wconf 87' lang='lat' dir='ltr'><strong>quam</strong></span> <span class='ocrx_word' id='word_1_481' title='bbox 1598 3410 1726 3466; x_wconf 75' lang='lat' dir='ltr'><strong>hilbl</strong></span> <span class='ocrx_word' id='word_1_482' title='bbox 1748 3410 2118 3482; x_wconf 80' lang='lat' dir='ltr'><strong>bat,dignita-</strong></span> 
     </span>
    </p>
   </div>
   <div class='ocr_carea' id='block_1_65' title="bbox 473 3495 2121 3570">
    <p class='ocr_par' dir='ltr' id='par_1_65' title="bbox 473 3495 2121 3570">
     <span class='ocr_line' id='line_1_66' title="bbox 473 3495 2121 3570; baseline 0.002 -18"><span class='ocrx_word' id='word_1_483' title='bbox 473 3497 627 3553; x_wconf 81' lang='lat' dir='ltr'><strong>tiszet</strong></span> <span class='ocrx_word' id='word_1_484' title='bbox 644 3495 781 3552; x_wconf 91' lang='lat' dir='ltr'><strong>dicit</strong></span> <span class='ocrx_word' id='word_1_485' title='bbox 804 3511 992 3554; x_wconf 86' lang='lat' dir='ltr'><strong>senon</strong></span> <span class='ocrx_word' id='word_1_486' title='bbox 1017 3513 1143 3554; x_wconf 87' lang='lat' dir='ltr'><strong>esse</strong></span> <span class='ocrx_word' id='word_1_487' title='bbox 1169 3499 2014 3570; x_wconf 88' lang='lat' dir='ltr'><strong>permissurum,quodcunque</strong></span> <span class='ocrx_word' id='word_1_488' title='bbox 2035 3513 2121 3555; x_wconf 82' lang='lat' dir='ltr'><strong>ac-</strong></span> 
     </span>
    </p>
   </div>
   <div class='ocr_carea' id='block_1_66' title="bbox 470 3581 2119 3664">
    <p class='ocr_par' dir='ltr' id='par_1_66' title="bbox 470 3581 2119 3664">
     <span class='ocr_line' id='line_1_67' title="bbox 470 3581 2119 3664; baseline 0.002 -22"><span class='ocrx_word' id='word_1_489' title='bbox 470 3581 707 3644; x_wconf 86' lang='lat' dir='ltr'><strong>ciderit.</strong></span> <span class='ocrx_word' id='word_1_490' title='bbox 753 3582 1065 3654; x_wconf 87' lang='lat' dir='ltr'><strong>Quomodo</strong></span> <span class='ocrx_word' id='word_1_491' title='bbox 1110 3585 1269 3644; x_wconf 89' lang='lat' dir='ltr'><strong>enim</strong></span> <span class='ocrx_word' id='word_1_492' title='bbox 1305 3583 1686 3663; x_wconf 87' lang='lat' dir='ltr'><strong>sustinuerit,</strong></span> <span class='ocrx_word' id='word_1_493' title='bbox 1722 3585 1822 3664; x_wconf 89' lang='lat' dir='ltr'><strong>qui</strong></span> <span class='ocrx_word' id='word_1_494' title='bbox 1853 3605 1970 3646; x_wconf 92' lang='lat' dir='ltr'><strong>non</strong></span> <span class='ocrx_word' id='word_1_495' title='bbox 1999 3593 2056 3646; x_wconf 89' lang='lat' dir='ltr'><strong>et</strong></span> <span class='ocrx_word' id='word_1_496' title='bbox 2085 3604 2119 3646; x_wconf 91' lang='lat' dir='ltr'><strong>a</strong></span> 
     </span>
    </p>
   </div>
   <div class='ocr_carea' id='block_1_67' title="bbox 471 3674 2115 3758">
    <p class='ocr_par' dir='ltr' id='par_1_67' title="bbox 471 3674 2115 3758">
     <span class='ocr_line' id='line_1_68' title="bbox 471 3674 2115 3758; baseline 0.004 -24"><span class='ocrx_word' id='word_1_497' title='bbox 471 3683 669 3736; x_wconf 90' lang='lat' dir='ltr'><strong>mente</strong></span> <span class='ocrx_word' id='word_1_498' title='bbox 693 3683 750 3735; x_wconf 92' lang='lat' dir='ltr'><strong>et</strong></span> <span class='ocrx_word' id='word_1_499' title='bbox 773 3694 806 3734; x_wconf 93' lang='lat' dir='ltr'><strong>a</strong></span> <span class='ocrx_word' id='word_1_500' title='bbox 829 3674 1051 3754; x_wconf 88' lang='lat' dir='ltr'><strong>pietate</strong></span> <span class='ocrx_word' id='word_1_501' title='bbox 1079 3677 1286 3756; x_wconf 83' lang='lat' dir='ltr'><strong>procul</strong></span> <span class='ocrx_word' id='word_1_502' title='bbox 1305 3677 1674 3750; x_wconf 86' lang='lat' dir='ltr'><strong>discesserit,</strong></span> <span class='ocrx_word' id='word_1_503' title='bbox 1705 3686 1768 3738; x_wconf 93' lang='lat' dir='ltr'><strong>ut</strong></span> <span class='ocrx_word' id='word_1_504' title='bbox 1789 3681 1888 3758; x_wconf 91' lang='lat' dir='ltr'><strong>qui</strong></span> <span class='ocrx_word' id='word_1_505' title='bbox 1914 3683 2115 3756; x_wconf 83' lang='lat' dir='ltr'><strong>ingre-</strong></span> 
     </span>
    </p>
   </div>
   <div class='ocr_carea' id='block_1_68' title="bbox 471 3766 2116 3843">
    <p class='ocr_par' dir='ltr' id='par_1_68' title="bbox 471 3766 2116 3843">
     <span class='ocr_line' id='line_1_69' title="bbox 471 3766 2116 3843; baseline 0.004 -17"><span class='ocrx_word' id='word_1_506' title='bbox 471 3766 721 3828; x_wconf 90' lang='lat' dir='ltr'><strong>diuntur</strong></span> <span class='ocrx_word' id='word_1_507' title='bbox 742 3776 973 3828; x_wconf 88' lang='lat' dir='ltr'><strong>rectum</strong></span> <span class='ocrx_word' id='word_1_508' title='bbox 999 3770 1296 3830; x_wconf 86' lang='lat' dir='ltr'><strong>tramitem</strong></span> <span class='ocrx_word' id='word_1_509' title='bbox 1321 3770 1674 3843; x_wconf 90' lang='lat' dir='ltr'><strong>veritatis,et</strong></span> <span class='ocrx_word' id='word_1_510' title='bbox 1692 3769 1988 3832; x_wconf 88' lang='lat' dir='ltr'><strong>Christum</strong></span> <span class='ocrx_word' id='word_1_511' title='bbox 2017 3772 2116 3833; x_wconf 87' lang='lat' dir='ltr'><strong>de-</strong></span> 
     </span>
    </p>
   </div>
   <div class='ocr_carea' id='block_1_69' title="bbox 469 3858 2113 3940">
    <p class='ocr_par' dir='ltr' id='par_1_69' title="bbox 469 3858 2113 3940">
     <span class='ocr_line' id='line_1_70' title="bbox 469 3858 2113 3940; baseline 0.004 -20"><span class='ocrx_word' id='word_1_512' title='bbox 469 3858 746 3934; x_wconf 83' lang='lat' dir='ltr'><strong>fendunt,</strong></span> <span class='ocrx_word' id='word_1_513' title='bbox 789 3879 924 3922; x_wconf 88' lang='lat' dir='ltr'><strong>esse</strong></span> <span class='ocrx_word' id='word_1_514' title='bbox 967 3880 1147 3922; x_wconf 92' lang='lat' dir='ltr'><strong>unum</strong></span> <span class='ocrx_word' id='word_1_515' title='bbox 1183 3864 1540 3924; x_wconf 67' lang='lat' dir='ltr'><strong>venerandae</strong></span> <span class='ocrx_word' id='word_1_516' title='bbox 1589 3863 1752 3925; x_wconf 91' lang='lat' dir='ltr'><strong>illius</strong></span> <span class='ocrx_word' id='word_1_517' title='bbox 1782 3863 2113 3940; x_wconf 89' lang='lat' dir='ltr'><strong>Trinitatis,</strong></span> 
     </span>
    </p>
   </div>
   <div class='ocr_carea' id='block_1_70' title="bbox 472 3948 2117 4029">
    <p class='ocr_par' dir='ltr' id='par_1_70' title="bbox 472 3948 2117 4029">
     <span class='ocr_line' id='line_1_71' title="bbox 472 3948 2117 4029; baseline 0.002 -18"><span class='ocrx_word' id='word_1_518' title='bbox 472 3948 872 4011; x_wconf 86' lang='lat' dir='ltr'><strong>amandentur</strong></span> <span class='ocrx_word' id='word_1_519' title='bbox 894 3961 1060 4013; x_wconf 83' lang='lat' dir='ltr'><strong>extra</strong></span> <span class='ocrx_word' id='word_1_520' title='bbox 1081 3969 1253 4012; x_wconf 85' lang='lat' dir='ltr'><strong>sacra</strong></span> <span class='ocrx_word' id='word_1_521' title='bbox 1269 3951 1562 4012; x_wconf 87' lang='lat' dir='ltr'><strong>vestibula</strong></span> <span class='ocrx_word' id='word_1_522' title='bbox 1592 3972 1606 4012; x_wconf 87' lang='lat'><strong>:</strong></span> <span class='ocrx_word' id='word_1_523' title='bbox 1631 3953 1671 4012; x_wconf 92' lang='lat' dir='ltr'><strong>ii</strong></span> <span class='ocrx_word' id='word_1_524' title='bbox 1693 3955 2030 4029; x_wconf 87' lang='lat' dir='ltr'><strong>autem,qui</strong></span> <span class='ocrx_word' id='word_1_525' title='bbox 2053 3974 2117 4016; x_wconf 92' lang='lat' dir='ltr'><strong>se</strong></span> 
     </span>
    </p>
   </div>
   <div class='ocr_carea' id='block_1_71' title="bbox 474 4039 2112 4120">
    <p class='ocr_par' dir='ltr' id='par_1_71' title="bbox 474 4039 2112 4120">
     <span class='ocr_line' id='line_1_72' title="bbox 474 4039 2112 4120; baseline 0.002 -20"><span class='ocrx_word' id='word_1_526' title='bbox 474 4039 790 4118; x_wconf 88' lang='lat' dir='ltr'><strong>magniﬁce</strong></span> <span class='ocrx_word' id='word_1_527' title='bbox 815 4041 1148 4119; x_wconf 88' lang='lat' dir='ltr'><strong>jactantem</strong></span> <span class='ocrx_word' id='word_1_528' title='bbox 1179 4053 1239 4102; x_wconf 85' lang='lat' dir='ltr'><strong>et</strong></span> <span class='ocrx_word' id='word_1_529' title='bbox 1263 4044 1550 4103; x_wconf 90' lang='lat' dir='ltr'><strong>audacem</strong></span> <span class='ocrx_word' id='word_1_530' title='bbox 1587 4041 1849 4120; x_wconf 87' lang='lat' dir='ltr'><strong>linguam</strong></span> <span class='ocrx_word' id='word_1_531' title='bbox 1883 4043 1943 4103; x_wconf 90' lang='lat' dir='ltr'><strong>in</strong></span> <span class='ocrx_word' id='word_1_532' title='bbox 1977 4062 2112 4104; x_wconf 91' lang='lat' dir='ltr'><strong>eum</strong></span> 
     </span>
    </p>
   </div>
   <div class='ocr_carea' id='block_1_72' title="bbox 471 4129 2109 4211">
    <p class='ocr_par' dir='ltr' id='par_1_72' title="bbox 471 4129 2109 4211">
     <span class='ocr_line' id='line_1_73' title="bbox 471 4129 2109 4211; baseline 0.001 -20"><span class='ocrx_word' id='word_1_533' title='bbox 471 4129 1133 4210; x_wconf 79' lang='lat' dir='ltr'><strong>movent,ii,inquam(o</strong></span> <span class='ocrx_word' id='word_1_534' title='bbox 1163 4131 1444 4210; x_wconf 81' lang='lat' dir='ltr'><strong>profanos</strong></span> <span class='ocrx_word' id='word_1_535' title='bbox 1471 4131 1844 4211; x_wconf 89' lang='lat' dir='ltr'><strong>pedes)intra</strong></span> <span class='ocrx_word' id='word_1_536' title='bbox 1865 4133 2109 4193; x_wconf 86' lang='lat' dir='ltr'><strong>domum</strong></span> 
     </span>
    </p>
   </div>
   <div class='ocr_carea' id='block_1_73' title="bbox 467 4219 2113 4300">
    <p class='ocr_par' dir='ltr' id='par_1_73' title="bbox 467 4219 2113 4300">
     <span class='ocr_line' id='line_1_74' title="bbox 467 4219 2113 4300; baseline -0.001 -18"><span class='ocrx_word' id='word_1_537' title='bbox 467 4219 633 4282; x_wconf 86' lang='lat' dir='ltr'><strong>illius</strong></span> <span class='ocrx_word' id='word_1_538' title='bbox 663 4219 1173 4282; x_wconf 81' lang='lat' dir='ltr'><strong>introducantur?</strong></span> <span class='ocrx_word' id='word_1_539' title='bbox 1220 4219 1335 4281; x_wconf 86' lang='lat' dir='ltr'><strong>Sed</strong></span> <span class='ocrx_word' id='word_1_540' title='bbox 1371 4220 1418 4280; x_wconf 90' lang='lat' dir='ltr'><strong>si</strong></span> <span class='ocrx_word' id='word_1_541' title='bbox 1453 4220 1594 4300; x_wconf 91' lang='lat' dir='ltr'><strong>quid</strong></span> <span class='ocrx_word' id='word_1_542' title='bbox 1627 4238 1761 4282; x_wconf 89' lang='lat' dir='ltr'><strong>eum</strong></span> <span class='ocrx_word' id='word_1_543' title='bbox 1799 4223 2044 4294; x_wconf 88' lang='lat' dir='ltr'><strong>vereris,</strong></span> <span class='ocrx_word' id='word_1_544' title='bbox 2079 4241 2113 4281; x_wconf 91' lang='grc' dir='ltr'><strong>ο</strong></span> 
     </span>
    </p>
   </div>
   <div class='ocr_carea' id='block_1_74' title="bbox 471 4309 2113 4390">
    <p class='ocr_par' dir='ltr' id='par_1_74' title="bbox 471 4309 2113 4390">
     <span class='ocr_line' id='line_1_75' title="bbox 471 4309 2113 4390; baseline 0.002 -21"><span class='ocrx_word' id='word_1_545' title='bbox 471 4310 817 4390; x_wconf 86' lang='lat' dir='ltr'><strong>imperator,</strong></span> <span class='ocrx_word' id='word_1_546' title='bbox 853 4328 987 4370; x_wconf 91' lang='lat' dir='ltr'><strong>cum</strong></span> <span class='ocrx_word' id='word_1_547' title='bbox 1022 4319 1081 4370; x_wconf 90' lang='lat' dir='ltr'><strong>tu</strong></span> <span class='ocrx_word' id='word_1_548' title='bbox 1117 4309 1263 4371; x_wconf 91' lang='lat' dir='ltr'><strong>mihi</strong></span> <span class='ocrx_word' id='word_1_549' title='bbox 1296 4327 1430 4370; x_wconf 92' lang='lat' dir='ltr'><strong>eum</strong></span> <span class='ocrx_word' id='word_1_550' title='bbox 1466 4309 1787 4371; x_wconf 80' lang='lat' dir='ltr'><strong>deduxeris</strong></span> <span class='ocrx_word' id='word_1_551' title='bbox 1838 4309 1897 4369; x_wconf 90' lang='lat' dir='ltr'><strong>in</strong></span> <span class='ocrx_word' id='word_1_552' title='bbox 1933 4329 2113 4372; x_wconf 86' lang='lat' dir='ltr'><strong>cons-</strong></span> 
     </span>
    </p>
   </div>
   <div class='ocr_carea' id='block_1_75' title="bbox 474 4399 2111 4479">
    <p class='ocr_par' dir='ltr' id='par_1_75' title="bbox 474 4399 2111 4479">
     <span class='ocr_line' id='line_1_76' title="bbox 474 4399 2111 4479; baseline 0.001 -21"><span class='ocrx_word' id='word_1_553' title='bbox 474 4406 736 4477; x_wconf 90' lang='lat' dir='ltr'><strong>pectum,</strong></span> <span class='ocrx_word' id='word_1_554' title='bbox 767 4417 1004 4460; x_wconf 89' lang='lat' dir='ltr'><strong>omnem</strong></span> <span class='ocrx_word' id='word_1_555' title='bbox 1029 4415 1230 4459; x_wconf 92' lang='lat' dir='ltr'><strong>curam</strong></span> <span class='ocrx_word' id='word_1_556' title='bbox 1259 4399 1594 4477; x_wconf 88' lang='lat' dir='ltr'><strong>depone,ea</strong></span> <span class='ocrx_word' id='word_1_557' title='bbox 1617 4399 1812 4460; x_wconf 91' lang='lat' dir='ltr'><strong>solum</strong></span> <span class='ocrx_word' id='word_1_558' title='bbox 1837 4417 1966 4479; x_wconf 61' lang='lat' dir='ltr'><strong>quae</strong></span> <span class='ocrx_word' id='word_1_559' title='bbox 2016 4401 2111 4460; x_wconf 94' lang='lat' dir='ltr'><strong>di-</strong></span> 
     </span>
    </p>
   </div>
   <div class='ocr_carea' id='block_1_76' title="bbox 2201 3229 3812 3310">
    <p class='ocr_par' dir='ltr' id='par_1_76' title="bbox 2201 3229 3812 3310">
     <span class='ocr_line' id='line_1_77' title="bbox 2201 3229 3812 3310; baseline -0.002 -23"><span class='ocrx_word' id='word_1_560' title='bbox 2201 3233 2437 3304; x_wconf 73' lang='grc' dir='ltr'>μήματι.</span> <span class='ocrx_word' id='word_1_561' title='bbox 2495 3238 2616 3295; x_wconf 82' lang='grc' dir='ltr'><strong>Πῶς</strong></span> <span class='ocrx_word' id='word_1_562' title='bbox 2669 3233 2768 3309; x_wconf 87' lang='grc' dir='ltr'><strong>γάρ</strong></span> <span class='ocrx_word' id='word_1_563' title='bbox 2798 3252 2879 3292; x_wconf 90' lang='grc' dir='ltr'><strong>τις</strong></span> <span class='ocrx_word' id='word_1_564' title='bbox 2912 3229 2974 3286; x_wconf 82' lang='grc' dir='ltr'><strong>ἂν</strong></span> <span class='ocrx_word' id='word_1_565' title='bbox 3005 3231 3303 3309; x_wconf 75' lang='grc' dir='ltr'>ἀνάσχοιτο</span> <span class='ocrx_word' id='word_1_566' title='bbox 3329 3237 3541 3310; x_wconf 76' lang='grc' dir='ltr'>φρενῶν</span> <span class='ocrx_word' id='word_1_567' title='bbox 3577 3231 3664 3285; x_wconf 83' lang='grc' dir='ltr'>καὶ</span> <span class='ocrx_word' id='word_1_568' title='bbox 3694 3229 3812 3283; x_wconf 68' lang='grc' dir='ltr'>εὗσεν</span> 
     </span>
    </p>
   </div>
   <div class='ocr_carea' id='block_1_77' title="bbox 2199 3316 3810 3398">
    <p class='ocr_par' dir='ltr' id='par_1_77' title="bbox 2199 3316 3810 3398">
     <span class='ocr_line' id='line_1_78' title="bbox 2199 3316 3810 3398; baseline -0.001 -22"><span class='ocrx_word' id='word_1_569' title='bbox 2199 3319 2343 3384; x_wconf 82' lang='grc' dir='ltr'>ϐείας</span> <span class='ocrx_word' id='word_1_570' title='bbox 2378 3323 2454 3396; x_wconf 79' lang='grc' dir='ltr'>μὴ</span> <span class='ocrx_word' id='word_1_571' title='bbox 2489 3320 2665 3398; x_wconf 78' lang='grc' dir='ltr'>πὸῤῥω</span> <span class='ocrx_word' id='word_1_572' title='bbox 2695 3324 2961 3395; x_wconf 74' lang='grc' dir='ltr'>κείμενος,</span> <span class='ocrx_word' id='word_1_573' title='bbox 2996 3322 3119 3384; x_wconf 80' lang='grc' dir='ltr'>τοὺς</span> <span class='ocrx_word' id='word_1_574' title='bbox 3164 3322 3262 3394; x_wconf 78' lang='grc' dir='ltr'>μὲν</span> <span class='ocrx_word' id='word_1_575' title='bbox 3289 3322 3380 3377; x_wconf 77' lang='grc' dir='ltr'>τὸν</span> <span class='ocrx_word' id='word_1_576' title='bbox 3434 3323 3540 3388; x_wconf 78' lang='grc' dir='ltr'>τῆς</span> <span class='ocrx_word' id='word_1_577' title='bbox 3595 3316 3810 3384; x_wconf 73' lang='grc' dir='ltr'><strong>ἀληθείας</strong></span> 
     </span>
    </p>
   </div>
   <div class='ocr_carea' id='block_1_78' title="bbox 2202 3409 3811 3487">
    <p class='ocr_par' dir='ltr' id='par_1_78' title="bbox 2202 3409 3811 3487">
     <span class='ocr_line' id='line_1_79' title="bbox 2202 3409 3811 3487; baseline -0.002 -22"><span class='ocrx_word' id='word_1_578' title='bbox 2202 3409 2364 3487; x_wconf 87' lang='grc' dir='ltr'>λόγον</span> <span class='ocrx_word' id='word_1_579' title='bbox 2408 3411 2848 3487; x_wconf 80' lang='grc' dir='ltr'>ὀρθοτομοῦντας,</span> <span class='ocrx_word' id='word_1_580' title='bbox 2883 3412 2970 3466; x_wconf 71' lang='grc' dir='ltr'><strong>καὶ</strong></span> <span class='ocrx_word' id='word_1_581' title='bbox 2999 3410 3088 3466; x_wconf 76' lang='grc' dir='ltr'><strong>τόν</strong></span> <span class='ocrx_word' id='word_1_582' title='bbox 3120 3411 3348 3484; x_wconf 78' lang='grc' dir='ltr'>Χριστὸν</span> <span class='ocrx_word' id='word_1_583' title='bbox 3378 3409 3472 3467; x_wconf 78' lang='grc' dir='ltr'>ἕνα</span> <span class='ocrx_word' id='word_1_584' title='bbox 3507 3415 3608 3476; x_wconf 87' lang='grc' dir='ltr'>τῆς</span> <span class='ocrx_word' id='word_1_585' title='bbox 3642 3409 3811 3467; x_wconf 66' lang='lat' dir='ltr'><strong>demi:</strong></span> 
     </span>
    </p>
   </div>
   <div class='ocr_carea' id='block_1_79' title="bbox 2206 3491 3808 3577">
    <p class='ocr_par' dir='ltr' id='par_1_79' title="bbox 2206 3491 3808 3577">
     <span class='ocr_line' id='line_1_80' title="bbox 2206 3491 3808 3577; baseline -0.002 -21"><span class='ocrx_word' id='word_1_586' title='bbox 2206 3498 2423 3577; x_wconf 79' lang='grc' dir='ltr'>Τριὰδος</span> <span class='ocrx_word' id='word_1_587' title='bbox 2482 3500 2624 3556; x_wconf 72' lang='grc' dir='ltr'>εἶναι</span> <span class='ocrx_word' id='word_1_588' title='bbox 2685 3498 3080 3575; x_wconf 81' lang='grc' dir='ltr'>ὁμολογοῦντας</span> <span class='ocrx_word' id='word_1_589' title='bbox 3148 3498 3247 3564; x_wconf 78' lang='grc' dir='ltr'><strong>ἔξω</strong></span> <span class='ocrx_word' id='word_1_590' title='bbox 3315 3499 3536 3575; x_wconf 77' lang='grc' dir='ltr'>βαλεῖν,</span> <span class='ocrx_word' id='word_1_591' title='bbox 3598 3499 3711 3558; x_wconf 77' lang='grc' dir='ltr'>τοὺς</span> <span class='ocrx_word' id='word_1_592' title='bbox 3768 3491 3808 3546; x_wconf 71' lang='grc' dir='ltr'><strong>δὲ</strong></span> 
     </span>
    </p>
   </div>
   <div class='ocr_carea' id='block_1_80' title="bbox 2199 3587 3810 3667">
    <p class='ocr_par' dir='ltr' id='par_1_80' title="bbox 2199 3587 3810 3667">
     <span class='ocr_line' id='line_1_81' title="bbox 2199 3587 3810 3667; baseline 0 -23"><span class='ocrx_word' id='word_1_593' title='bbox 2199 3589 2523 3667; x_wconf 68' lang='grc' dir='ltr'>βλάσφημον</span> <span class='ocrx_word' id='word_1_594' title='bbox 2578 3588 2822 3666; x_wconf 82' lang='grc' dir='ltr'>γλῶτταν</span> <span class='ocrx_word' id='word_1_595' title='bbox 2885 3591 2972 3645; x_wconf 84' lang='grc' dir='ltr'><strong>καὶ</strong></span> <span class='ocrx_word' id='word_1_596' title='bbox 3022 3587 3300 3666; x_wconf 72' lang='grc' dir='ltr'>τολμηρὰν</span> <span class='ocrx_word' id='word_1_597' title='bbox 3350 3589 3473 3645; x_wconf 85' lang='grc' dir='ltr'>κατ’</span> <span class='ocrx_word' id='word_1_598' title='bbox 3539 3588 3694 3644; x_wconf 62' lang='grc' dir='ltr'>αὐτοῦ</span> <span class='ocrx_word' id='word_1_599' title='bbox 3742 3605 3810 3636; x_wconf 71' lang='grc' dir='ltr'><strong>ιι·</strong></span> 
     </span>
    </p>
   </div>
   <div class='ocr_carea' id='block_1_81' title="bbox 2201 3677 3803 3756">
    <p class='ocr_par' dir='ltr' id='par_1_81' title="bbox 2201 3677 3803 3756">
     <span class='ocr_line' id='line_1_82' title="bbox 2201 3677 3803 3756; baseline -0.002 -24"><span class='ocrx_word' id='word_1_600' title='bbox 2201 3700 2413 3744; x_wconf 81' lang='grc' dir='ltr'>νουντας</span> <span class='ocrx_word' id='word_1_601' title='bbox 2476 3681 2547 3742; x_wconf 84' lang='grc' dir='ltr'>εἷς</span> <span class='ocrx_word' id='word_1_602' title='bbox 2593 3680 2684 3734; x_wconf 83' lang='grc' dir='ltr'>τὸν</span> <span class='ocrx_word' id='word_1_603' title='bbox 2717 3679 2872 3734; x_wconf 80' lang='grc' dir='ltr'>οἶκον</span> <span class='ocrx_word' id='word_1_604' title='bbox 2906 3677 3028 3756; x_wconf 78' lang='grc' dir='ltr'>(φεῦ</span> <span class='ocrx_word' id='word_1_605' title='bbox 3061 3677 3106 3756; x_wconf 82' lang='grc' dir='ltr'>ί)</span> <span class='ocrx_word' id='word_1_606' title='bbox 3137 3681 3228 3734; x_wconf 74' lang='grc' dir='ltr'><strong>τὸν</strong></span> <span class='ocrx_word' id='word_1_607' title='bbox 3256 3677 3458 3734; x_wconf 75' lang='grc' dir='ltr'>ἐκείνου</span> <span class='ocrx_word' id='word_1_608' title='bbox 3487 3679 3803 3753; x_wconf 57' lang='grc' dir='ltr'>εἰσαγαγεῖη</span> 
     </span>
    </p>
   </div>
   <div class='ocr_carea' id='block_1_82' title="bbox 2200 3765 3803 3846">
    <p class='ocr_par' dir='ltr' id='par_1_82' title="bbox 2200 3765 3803 3846">
     <span class='ocr_line' id='line_1_83' title="bbox 2200 3765 3803 3846; baseline -0.006 -24"><span class='ocrx_word' id='word_1_609' title='bbox 2200 3767 2321 3822; x_wconf 82' lang='grc' dir='ltr'>ἀλλ’</span> <span class='ocrx_word' id='word_1_610' title='bbox 2381 3765 2436 3824; x_wconf 75' lang='grc' dir='ltr'>εἴ</span> <span class='ocrx_word' id='word_1_611' title='bbox 2485 3790 2532 3823; x_wconf 88' lang='grc' dir='ltr'><strong>τι</strong></span> <span class='ocrx_word' id='word_1_612' title='bbox 2591 3770 2680 3824; x_wconf 87' lang='grc' dir='ltr'><strong>καὶ</strong></span> <span class='ocrx_word' id='word_1_613' title='bbox 2729 3770 2820 3824; x_wconf 73' lang='grc' dir='ltr'><strong>τὸν</strong></span> <span class='ocrx_word' id='word_1_614' title='bbox 2871 3765 3030 3846; x_wconf 76' lang='grc' dir='ltr'>ἄνδρα</span> <span class='ocrx_word' id='word_1_615' title='bbox 3086 3769 3480 3839; x_wconf 74' lang='grc' dir='ltr'>ὑποπτήσσεις,</span> <span class='ocrx_word' id='word_1_616' title='bbox 3515 3793 3560 3823; x_wconf 87' lang='grc' dir='ltr'><strong>ω</strong></span> <span class='ocrx_word' id='word_1_617' title='bbox 3590 3767 3803 3837; x_wconf 78' lang='grc' dir='ltr'>βασιλεῦ,</span> 
     </span>
    </p>
   </div>
   <div class='ocr_carea' id='block_1_83' title="bbox 2201 3850 3802 3936">
    <p class='ocr_par' dir='ltr' id='par_1_83' title="bbox 2201 3850 3802 3936">
     <span class='ocr_line' id='line_1_84' title="bbox 2201 3850 3802 3936; baseline -0.001 -25"><span class='ocrx_word' id='word_1_618' title='bbox 2201 3856 2318 3930; x_wconf 88' lang='grc' dir='ltr'>ἐμοὶ</span> <span class='ocrx_word' id='word_1_619' title='bbox 2377 3863 2562 3914; x_wconf 85' lang='grc' dir='ltr'>τοῦτον</span> <span class='ocrx_word' id='word_1_620' title='bbox 2622 3857 2738 3914; x_wconf 84' lang='grc' dir='ltr'>κατ’</span> <span class='ocrx_word' id='word_1_621' title='bbox 2821 3857 2944 3932; x_wconf 76' lang='grc' dir='ltr'>ὄψιν</span> <span class='ocrx_word' id='word_1_622' title='bbox 3003 3858 3355 3936; x_wconf 85' lang='grc' dir='ltr'>παραγαγὼν,</span> <span class='ocrx_word' id='word_1_623' title='bbox 3415 3859 3573 3920; x_wconf 69' lang='grc' dir='ltr'>αὐτὸς</span> <span class='ocrx_word' id='word_1_624' title='bbox 3643 3850 3802 3925; x_wconf 76' lang='grc' dir='ltr'>ἀμέλει</span> 
     </span>
    </p>
   </div>
   <div class='ocr_carea' id='block_1_84' title="bbox 2199 3940 3800 4024">
    <p class='ocr_par' dir='ltr' id='par_1_84' title="bbox 2199 3940 3800 4024">
     <span class='ocr_line' id='line_1_85' title="bbox 2199 3940 3800 4024; baseline -0.002 -22"><span class='ocrx_word' id='word_1_625' title='bbox 2199 3947 2462 4024; x_wconf 73' lang='grc' dir='ltr'>ἀκροατὴς</span> <span class='ocrx_word' id='word_1_626' title='bbox 2546 3947 2708 4021; x_wconf 67' lang='grc' dir='ltr'>μόνον</span> <span class='ocrx_word' id='word_1_627' title='bbox 2767 3954 2872 4004; x_wconf 82' lang='grc' dir='ltr'>τῶν</span> <span class='ocrx_word' id='word_1_628' title='bbox 2945 3945 3252 4024; x_wconf 79' lang='grc' dir='ltr'>λεγομένων</span> <span class='ocrx_word' id='word_1_629' title='bbox 3327 3947 3634 4022; x_wconf 86' lang='grc' dir='ltr'>γινόμενος,</span> <span class='ocrx_word' id='word_1_630' title='bbox 3683 3940 3800 4016; x_wconf 65' lang='grc' dir='ltr'><strong>Ἐγὼ</strong></span> 
     </span>
    </p>
   </div>
   <div class='ocr_carea' id='block_1_85' title="bbox 2199 4029 3796 4116">
    <p class='ocr_par' dir='ltr' id='par_1_85' title="bbox 2199 4029 3796 4116">
     <span class='ocr_line' id='line_1_86' title="bbox 2199 4029 3796 4116; baseline -0.004 -25"><span class='ocrx_word' id='word_1_631' title='bbox 2199 4037 2297 4114; x_wconf 80' lang='grc' dir='ltr'>γὰρ</span> <span class='ocrx_word' id='word_1_632' title='bbox 2328 4038 2495 4093; x_wconf 69' lang='grc' dir='ltr'>πείσω</span> <span class='ocrx_word' id='word_1_633' title='bbox 2543 4035 2866 4116; x_wconf 78' lang='grc' dir='ltr'>διαλεχθεὶς,</span> <span class='ocrx_word' id='word_1_634' title='bbox 2923 4038 3000 4110; x_wconf 79' lang='grc' dir='ltr'>μὴ</span> <span class='ocrx_word' id='word_1_635' title='bbox 3059 4038 3278 4092; x_wconf 79' lang='grc' dir='ltr'>τοιαῦτα</span> <span class='ocrx_word' id='word_1_636' title='bbox 3317 4035 3593 4106; x_wconf 75' lang='grc' dir='ltr'>ἐπιζητεῖν</span> <span class='ocrx_word' id='word_1_637' title='bbox 3634 4029 3796 4107; x_wconf 81' lang='grc' dir='ltr'>βούλε-</span> 
     </span>
    </p>
   </div>
   <div class='ocr_carea' id='block_1_86' title="bbox 2199 4116 3796 4204">
    <p class='ocr_par' dir='ltr' id='par_1_86' title="bbox 2199 4116 3796 4204">
     <span class='ocr_line' id='line_1_87' title="bbox 2199 4116 3796 4204; baseline -0.004 -22"><span class='ocrx_word' id='word_1_638' title='bbox 2199 4129 2338 4198; x_wconf 81' lang='grc' dir='ltr'>σθαι,</span> <span class='ocrx_word' id='word_1_639' title='bbox 2371 4127 2404 4182; x_wconf 86' lang='grc' dir='ltr'>ἃ</span> <span class='ocrx_word' id='word_1_640' title='bbox 2436 4125 2562 4200; x_wconf 81' lang='grc' dir='ltr'>μηδ’</span> <span class='ocrx_word' id='word_1_641' title='bbox 2595 4125 2732 4192; x_wconf 76' lang='grc' dir='ltr'>ὅλως</span> <span class='ocrx_word' id='word_1_642' title='bbox 2769 4126 2918 4200; x_wconf 81' lang='grc' dir='ltr'>Θέμις</span> <span class='ocrx_word' id='word_1_643' title='bbox 2946 4125 3056 4182; x_wconf 86' lang='grc' dir='ltr'>ἐστὶ</span> <span class='ocrx_word' id='word_1_644' title='bbox 3091 4138 3416 4204; x_wconf 78' lang='grc' dir='ltr'>παρασχεῖν.</span> <span class='ocrx_word' id='word_1_645' title='bbox 3485 4126 3653 4187; x_wconf 79' lang='grc' dir='ltr'>Ἤσθη</span> <span class='ocrx_word' id='word_1_646' title='bbox 3703 4116 3796 4175; x_wconf 63' lang='lat'><strong>10&#39;3-</strong></span> 
     </span>
    </p>
   </div>
   <div class='ocr_carea' id='block_1_87' title="bbox 2195 4206 3790 4292">
    <p class='ocr_par' dir='ltr' id='par_1_87' title="bbox 2195 4206 3790 4292">
     <span class='ocr_line' id='line_1_88' title="bbox 2195 4206 3790 4292; baseline -0.004 -20"><span class='ocrx_word' id='word_1_647' title='bbox 2195 4237 2300 4272; x_wconf 87' lang='grc' dir='ltr'><strong>των</strong></span> <span class='ocrx_word' id='word_1_648' title='bbox 2334 4215 2562 4277; x_wconf 71' lang='grc' dir='ltr'>ἀκούσας</span> <span class='ocrx_word' id='word_1_649' title='bbox 2595 4239 2624 4272; x_wconf 94' lang='grc' dir='ltr'><strong>ο</strong></span> <span class='ocrx_word' id='word_1_650' title='bbox 2681 4215 2955 4292; x_wconf 76' lang='grc' dir='ltr'>βασιλεὺς,</span> <span class='ocrx_word' id='word_1_651' title='bbox 3011 4217 3098 4270; x_wconf 85' lang='grc' dir='ltr'>καὶ</span> <span class='ocrx_word' id='word_1_652' title='bbox 3143 4214 3242 4282; x_wconf 73' lang='grc' dir='ltr'><strong>τήν</strong></span> <span class='ocrx_word' id='word_1_653' title='bbox 3297 4215 3548 4272; x_wconf 79' lang='grc' dir='ltr'>ἐπιοῦσαν</span> <span class='ocrx_word' id='word_1_654' title='bbox 3579 4212 3677 4285; x_wconf 75' lang='grc' dir='ltr'>ἅμα</span> <span class='ocrx_word' id='word_1_655' title='bbox 3724 4206 3790 4262; x_wconf 75' lang='grc' dir='ltr'>καῖ</span> 
     </span>
    </p>
   </div>
   <div class='ocr_carea' id='block_1_88' title="bbox 2196 4296 3787 4380">
    <p class='ocr_par' dir='ltr' id='par_1_88' title="bbox 2196 4296 3787 4380">
     <span class='ocr_line' id='line_1_89' title="bbox 2196 4296 3787 4380; baseline -0.002 -20"><span class='ocrx_word' id='word_1_656' title='bbox 2196 4312 2288 4361; x_wconf 89' lang='grc' dir='ltr'><strong>τοῦ</strong></span> <span class='ocrx_word' id='word_1_657' title='bbox 2315 4306 2454 4362; x_wconf 80' lang='grc' dir='ltr'>θείου</span> <span class='ocrx_word' id='word_1_658' title='bbox 2497 4305 2758 4380; x_wconf 85' lang='grc' dir='ltr'>παρόντος</span> <span class='ocrx_word' id='word_1_659' title='bbox 2807 4302 2990 4380; x_wconf 77' lang='grc' dir='ltr'>ἀνδρὸς</span> <span class='ocrx_word' id='word_1_660' title='bbox 3021 4305 3108 4360; x_wconf 86' lang='grc' dir='ltr'><strong>καὶ</strong></span> <span class='ocrx_word' id='word_1_661' title='bbox 3141 4309 3340 4367; x_wconf 80' lang='grc' dir='ltr'><strong>Γαῖνᾶς</strong></span> <span class='ocrx_word' id='word_1_662' title='bbox 3374 4304 3638 4379; x_wconf 82' lang='grc' dir='ltr'>πρόσεισιν</span> <span class='ocrx_word' id='word_1_663' title='bbox 3669 4315 3681 4329; x_wconf 91' lang='grc'><strong>·</strong></span> <span class='ocrx_word' id='word_1_664' title='bbox 3710 4296 3787 4350; x_wconf 74' lang='grc' dir='ltr'><strong>αὖ·</strong></span> 
     </span>
    </p>
   </div>
   <div class='ocr_carea' id='block_1_89' title="bbox 2198 4381 3781 4473">
    <p class='ocr_par' dir='ltr' id='par_1_89' title="bbox 2198 4381 3781 4473">
     <span class='ocr_line' id='line_1_90' title="bbox 2198 4381 3781 4473; baseline -0.009 -16"><span class='ocrx_word' id='word_1_665' title='bbox 2198 4395 2285 4456; x_wconf 72' lang='grc' dir='ltr'>τὸς</span> <span class='ocrx_word' id='word_1_666' title='bbox 2322 4394 2442 4468; x_wconf 77' lang='grc' dir='ltr'>μὲν,</span> <span class='ocrx_word' id='word_1_667' title='bbox 2477 4396 2548 4458; x_wconf 83' lang='grc' dir='ltr'>ὡς</span> <span class='ocrx_word' id='word_1_668' title='bbox 2593 4394 2721 4473; x_wconf 77' lang='grc' dir='ltr'>χθὲς</span> <span class='ocrx_word' id='word_1_669' title='bbox 2753 4397 2849 4450; x_wconf 63' lang='grc' dir='ltr'>καὶ</span> <span class='ocrx_word' id='word_1_670' title='bbox 2891 4393 3096 4472; x_wconf 80' lang='grc' dir='ltr'>πρώην,</span> <span class='ocrx_word' id='word_1_671' title='bbox 3129 4391 3219 4448; x_wconf 80' lang='grc' dir='ltr'>ἕνα</span> <span class='ocrx_word' id='word_1_672' title='bbox 3250 4398 3359 4447; x_wconf 81' lang='grc' dir='ltr'>τῶν</span> <span class='ocrx_word' id='word_1_673' title='bbox 3393 4394 3550 4468; x_wconf 76' lang='grc' dir='ltr'>ἱερῶν</span> <span class='ocrx_word' id='word_1_674' title='bbox 3577 4388 3714 4445; x_wconf 73' lang='grc' dir='ltr'>οἴκων</span> <span class='ocrx_word' id='word_1_675' title='bbox 3738 4381 3781 4436; x_wconf 77' lang='grc' dir='ltr'>ἐκ</span> 
     </span>
    </p>
   </div>
   <div class='ocr_carea' id='block_1_90' title="bbox 473 4475 2113 4563">
    <p class='ocr_par' dir='ltr' id='par_1_90' title="bbox 473 4475 2107 4563">
     <span class='ocr_line' id='line_1_91' title="bbox 473 4475 2107 4563; baseline 0.001 -17"><span class='ocrx_word' id='word_1_676' title='bbox 473 4475 686 4547; x_wconf 78' lang='lat' dir='ltr'><strong>cuntur</strong></span> <span class='ocrx_word' id='word_1_677' title='bbox 709 4493 1070 4548; x_wconf 81' lang='lat' dir='ltr'><strong>auscultans.</strong></span> <span class='ocrx_word' id='word_1_678' title='bbox 1100 4492 1222 4561; x_wconf 83' lang='lat' dir='ltr'><strong>Ego</strong></span> <span class='ocrx_word' id='word_1_679' title='bbox 1241 4475 1396 4548; x_wconf 83' lang='lat' dir='ltr'><strong>enim</strong></span> <span class='ocrx_word' id='word_1_680' title='bbox 1423 4505 1553 4548; x_wconf 89' lang='lat' dir='ltr'><strong>cum</strong></span> <span class='ocrx_word' id='word_1_681' title='bbox 1581 4507 1648 4550; x_wconf 92' lang='lat' dir='ltr'><strong>eo</strong></span> <span class='ocrx_word' id='word_1_682' title='bbox 1675 4475 1968 4549; x_wconf 72' lang='lat' dir='ltr'><strong>disserens</strong></span> <span class='ocrx_word' id='word_1_683' title='bbox 1987 4507 2107 4563; x_wconf 88' lang='lat' dir='ltr'><strong>per-</strong></span> 
     </span>
    </p>
   </div>
   <div class='ocr_carea' id='block_1_91' title="bbox 2200 4475 3776 4563">
    <p class='ocr_par' dir='ltr' id='par_1_91' title="bbox 2201 4475 3776 4560">
     <span class='ocr_line' id='line_1_92' title="bbox 2201 4475 3776 4560; baseline -0.004 -22"><span class='ocrx_word' id='word_1_684' title='bbox 2201 4482 2463 4560; x_wconf 82' lang='grc' dir='ltr'>βασιλέως</span> <span class='ocrx_word' id='word_1_685' title='bbox 2514 4483 2818 4556; x_wconf 81' lang='grc' dir='ltr'>αἰτούμενος</span> <span class='ocrx_word' id='word_1_686' title='bbox 2855 4500 2868 4515; x_wconf 85' lang='grc'>⁶</span> <span class='ocrx_word' id='word_1_687' title='bbox 2929 4482 3182 4548; x_wconf 77' lang='grc' dir='ltr'>Ἰωάννης</span> <span class='ocrx_word' id='word_1_688' title='bbox 3252 4480 3307 4537; x_wconf 76' lang='grc' dir='ltr'><strong>δέ</strong></span> <span class='ocrx_word' id='word_1_689' title='bbox 3367 4482 3446 4556; x_wconf 83' lang='grc' dir='ltr'>μὴ</span> <span class='ocrx_word' id='word_1_690' title='bbox 3512 4481 3678 4547; x_wconf 72' lang='grc' dir='ltr'>ἐξεῖναι</span> <span class='ocrx_word' id='word_1_691' title='bbox 3721 4475 3776 4539; x_wconf 72' lang='grc' dir='ltr'>τῷ</span> 
     </span>
    </p>
   </div>
   <div class='ocr_carea' id='block_1_92' title="bbox 473 4574 2118 4656">
    <p class='ocr_par' dir='ltr' id='par_1_92' title="bbox 473 4574 2118 4656">
     <span class='ocr_line' id='line_1_93' title="bbox 473 4574 2118 4656; baseline 0.001 -21"><span class='ocrx_word' id='word_1_692' title='bbox 473 4574 762 4644; x_wconf 88' lang='lat' dir='ltr'><strong>suadebo,</strong></span> <span class='ocrx_word' id='word_1_693' title='bbox 791 4594 866 4635; x_wconf 90' lang='lat' dir='ltr'><strong>ne</strong></span> <span class='ocrx_word' id='word_1_694' title='bbox 892 4576 993 4637; x_wconf 92' lang='lat' dir='ltr'><strong>ille</strong></span> <span class='ocrx_word' id='word_1_695' title='bbox 1019 4576 1160 4638; x_wconf 83' lang='lat' dir='ltr'><strong>velit</strong></span> <span class='ocrx_word' id='word_1_696' title='bbox 1193 4595 1262 4638; x_wconf 91' lang='lat' dir='ltr'><strong>ea</strong></span> <span class='ocrx_word' id='word_1_697' title='bbox 1289 4594 1322 4636; x_wconf 93' lang='lat' dir='ltr'><strong>a</strong></span> <span class='ocrx_word' id='word_1_698' title='bbox 1357 4585 1414 4637; x_wconf 92' lang='lat' dir='ltr'><strong>te</strong></span> <span class='ocrx_word' id='word_1_699' title='bbox 1447 4584 1679 4656; x_wconf 89' lang='lat' dir='ltr'><strong>petere,</strong></span> <span class='ocrx_word' id='word_1_700' title='bbox 1716 4595 1849 4654; x_wconf 63' lang='lat' dir='ltr'><strong>quae</strong></span> <span class='ocrx_word' id='word_1_701' title='bbox 1880 4594 1998 4637; x_wconf 93' lang='lat' dir='ltr'><strong>non</strong></span> <span class='ocrx_word' id='word_1_702' title='bbox 2030 4586 2118 4638; x_wconf 90' lang='lat' dir='ltr'><strong>est</strong></span> 
     </span>
    </p>
   </div>
   <div class='ocr_carea' id='block_1_93' title="bbox 472 4663 2118 4745">
    <p class='ocr_par' dir='ltr' id='par_1_93' title="bbox 472 4663 2118 4745">
     <span class='ocr_line' id='line_1_94' title="bbox 472 4663 2118 4745; baseline 0.002 -21"><span class='ocrx_word' id='word_1_703' title='bbox 472 4663 561 4724; x_wconf 84' lang='lat' dir='ltr'><strong>fas</strong></span> <span class='ocrx_word' id='word_1_704' title='bbox 583 4663 826 4724; x_wconf 87' lang='lat' dir='ltr'><strong>omnino</strong></span> <span class='ocrx_word' id='word_1_705' title='bbox 851 4665 1409 4743; x_wconf 66' lang='lat' dir='ltr'><strong>praebereLmtatus</strong></span> <span class='ocrx_word' id='word_1_706' title='bbox 1432 4675 1528 4727; x_wconf 89' lang='lat' dir='ltr'><strong>est</strong></span> <span class='ocrx_word' id='word_1_707' title='bbox 1553 4665 1644 4726; x_wconf 90' lang='lat' dir='ltr'><strong>his</strong></span> <span class='ocrx_word' id='word_1_708' title='bbox 1671 4665 1890 4726; x_wconf 87' lang='lat' dir='ltr'><strong>auditis</strong></span> <span class='ocrx_word' id='word_1_709' title='bbox 1920 4666 2118 4745; x_wconf 86' lang='lat' dir='ltr'><strong>impe-</strong></span> 
     </span>
    </p>
   </div>
   <div class='ocr_carea' id='block_1_94' title="bbox 475 4754 2122 4832">
    <p class='ocr_par' dir='ltr' id='par_1_94' title="bbox 475 4754 2122 4832">
     <span class='ocr_line' id='line_1_95' title="bbox 475 4754 2122 4832; baseline 0.001 -18"><span class='ocrx_word' id='word_1_710' title='bbox 475 4761 725 4826; x_wconf 88' lang='lat' dir='ltr'><strong>rator,et</strong></span> <span class='ocrx_word' id='word_1_711' title='bbox 749 4754 846 4814; x_wconf 90' lang='lat' dir='ltr'><strong>die</strong></span> <span class='ocrx_word' id='word_1_712' title='bbox 867 4757 1166 4832; x_wconf 86' lang='lat' dir='ltr'><strong>sequenti,</strong></span> <span class='ocrx_word' id='word_1_713' title='bbox 1195 4774 1328 4816; x_wconf 90' lang='lat' dir='ltr'><strong>cum</strong></span> <span class='ocrx_word' id='word_1_714' title='bbox 1354 4756 1532 4816; x_wconf 90' lang='lat' dir='ltr'><strong>simul</strong></span> <span class='ocrx_word' id='word_1_715' title='bbox 1559 4755 1739 4816; x_wconf 92' lang='lat' dir='ltr'><strong>etiam</strong></span> <span class='ocrx_word' id='word_1_716' title='bbox 1765 4755 2004 4816; x_wconf 90' lang='lat' dir='ltr'><strong>adesset</strong></span> <span class='ocrx_word' id='word_1_717' title='bbox 2034 4755 2122 4815; x_wconf 88' lang='lat' dir='ltr'><strong>vir</strong></span> 
     </span>
    </p>
   </div>
   <div class='ocr_carea' id='block_1_95' title="bbox 474 4843 2118 4924">
    <p class='ocr_par' dir='ltr' id='par_1_95' title="bbox 474 4843 2118 4924">
     <span class='ocr_line' id='line_1_96' title="bbox 474 4843 2118 4924; baseline -0.001 -19"><span class='ocrx_word' id='word_1_718' title='bbox 474 4843 974 4918; x_wconf 88' lang='lat' dir='ltr'><strong>divinus,accedit</strong></span> <span class='ocrx_word' id='word_1_719' title='bbox 1000 4864 1233 4924; x_wconf 77' lang='lat' dir='ltr'><strong>quoque</strong></span> <span class='ocrx_word' id='word_1_720' title='bbox 1255 4844 1493 4917; x_wconf 88' lang='lat' dir='ltr'><strong>Gainas,</strong></span> <span class='ocrx_word' id='word_1_721' title='bbox 1531 4845 1658 4923; x_wconf 87' lang='lat' dir='ltr'><strong>ipse</strong></span> <span class='ocrx_word' id='word_1_722' title='bbox 1691 4843 1931 4924; x_wconf 90' lang='lat' dir='ltr'><strong>quidem</strong></span> <span class='ocrx_word' id='word_1_723' title='bbox 1965 4845 2118 4905; x_wconf 89' lang='lat' dir='ltr'><strong>sicut</strong></span> 
     </span>
    </p>
   </div>
   <div class='ocr_carea' id='block_1_96' title="bbox 474 4933 2114 5013">
    <p class='ocr_par' dir='ltr' id='par_1_96' title="bbox 474 4933 2114 5013">
     <span class='ocr_line' id='line_1_97' title="bbox 474 4933 2114 5013; baseline -0.001 -19"><span class='ocrx_word' id='word_1_724' title='bbox 474 4933 601 4994; x_wconf 89' lang='lat' dir='ltr'><strong>heri</strong></span> <span class='ocrx_word' id='word_1_725' title='bbox 639 4942 696 4992; x_wconf 92' lang='lat' dir='ltr'><strong>et</strong></span> <span class='ocrx_word' id='word_1_726' title='bbox 727 4934 1164 4995; x_wconf 89' lang='lat' dir='ltr'><strong>nudiustertius</strong></span> <span class='ocrx_word' id='word_1_727' title='bbox 1199 4944 1407 5012; x_wconf 88' lang='lat' dir='ltr'><strong>petens</strong></span> <span class='ocrx_word' id='word_1_728' title='bbox 1437 4935 1509 4996; x_wconf 88' lang='lat' dir='ltr'><strong>ab</strong></span> <span class='ocrx_word' id='word_1_729' title='bbox 1542 4935 1905 5013; x_wconf 80' lang='lat' dir='ltr'><strong>imperatore</strong></span> <span class='ocrx_word' id='word_1_730' title='bbox 1937 4951 2114 4993; x_wconf 90' lang='lat' dir='ltr'><strong>unam</strong></span> 
     </span>
    </p>
   </div>
   <div class='ocr_carea' id='block_1_97' title="bbox 475 5021 2119 5093">
    <p class='ocr_par' dir='ltr' id='par_1_97' title="bbox 475 5021 2119 5093">
     <span class='ocr_line' id='line_1_98' title="bbox 475 5021 2119 5093; baseline -0.001 -8"><span class='ocrx_word' id='word_1_731' title='bbox 475 5041 544 5085; x_wconf 82' lang='lat' dir='ltr'><strong>ex</strong></span> <span class='ocrx_word' id='word_1_732' title='bbox 569 5025 758 5085; x_wconf 90' lang='lat' dir='ltr'><strong>sacris</strong></span> <span class='ocrx_word' id='word_1_733' title='bbox 779 5023 1359 5086; x_wconf 80' lang='lat' dir='ltr'><strong>domibuszJoannes</strong></span> <span class='ocrx_word' id='word_1_734' title='bbox 1381 5032 1578 5084; x_wconf 90' lang='lat' dir='ltr'><strong>autem</strong></span> <span class='ocrx_word' id='word_1_735' title='bbox 1607 5022 1907 5093; x_wconf 83' lang='lat' dir='ltr'><strong>dixit,non</strong></span> <span class='ocrx_word' id='word_1_736' title='bbox 1933 5021 2119 5084; x_wconf 89' lang='lat' dir='ltr'><strong>licere</strong></span> 
     </span>
    </p>
   </div>
   <div class='ocr_carea' id='block_1_98' title="bbox 475 5112 2113 5193">
    <p class='ocr_par' dir='ltr' id='par_1_98' title="bbox 475 5112 2113 5193">
     <span class='ocr_line' id='line_1_99' title="bbox 475 5112 2113 5193; baseline 0 -20"><span class='ocrx_word' id='word_1_737' title='bbox 475 5113 825 5193; x_wconf 80' lang='lat' dir='ltr'><strong>imperatori</strong></span> <span class='ocrx_word' id='word_1_738' title='bbox 857 5113 1081 5175; x_wconf 89' lang='lat' dir='ltr'><strong>audere</strong></span> <span class='ocrx_word' id='word_1_739' title='bbox 1108 5113 1333 5193; x_wconf 87' lang='lat' dir='ltr'><strong>aliquid</strong></span> <span class='ocrx_word' id='word_1_740' title='bbox 1368 5114 1425 5173; x_wconf 93' lang='lat' dir='ltr'><strong>in</strong></span> <span class='ocrx_word' id='word_1_741' title='bbox 1460 5112 1642 5173; x_wconf 85' lang='lat' dir='ltr'><strong>rebus</strong></span> <span class='ocrx_word' id='word_1_742' title='bbox 1664 5113 2113 5188; x_wconf 86' lang='lat' dir='ltr'><strong>ecclesiasticis,</strong></span> 
     </span>
    </p>
   </div>
   <div class='ocr_carea' id='block_1_99' title="bbox 476 5203 2116 5284">
    <p class='ocr_par' dir='ltr' id='par_1_99' title="bbox 476 5203 2116 5284">
     <span class='ocr_line' id='line_1_100' title="bbox 476 5203 2116 5284; baseline -0.001 -20"><span class='ocrx_word' id='word_1_743' title='bbox 476 5203 526 5264; x_wconf 91' lang='lat' dir='ltr'><strong>si</strong></span> <span class='ocrx_word' id='word_1_744' title='bbox 562 5204 702 5265; x_wconf 81' lang='lat' dir='ltr'><strong>velit</strong></span> <span class='ocrx_word' id='word_1_745' title='bbox 751 5205 996 5264; x_wconf 88' lang='lat' dir='ltr'><strong>omnino</strong></span> <span class='ocrx_word' id='word_1_746' title='bbox 1056 5223 1189 5264; x_wconf 82' lang='lat' dir='ltr'><strong>esse</strong></span> <span class='ocrx_word' id='word_1_747' title='bbox 1239 5203 1392 5284; x_wconf 88' lang='lat' dir='ltr'><strong>pius.</strong></span> <span class='ocrx_word' id='word_1_748' title='bbox 1429 5203 1583 5276; x_wconf 88' lang='lat' dir='ltr'><strong>Quid</strong></span> <span class='ocrx_word' id='word_1_749' title='bbox 1617 5221 1777 5282; x_wconf 89' lang='lat' dir='ltr'><strong>vero,</strong></span> <span class='ocrx_word' id='word_1_750' title='bbox 1815 5221 1930 5265; x_wconf 93' lang='lat' dir='ltr'><strong>non</strong></span> <span class='ocrx_word' id='word_1_751' title='bbox 1970 5204 2116 5264; x_wconf 89' lang='lat' dir='ltr'><strong>mihi</strong></span> 
     </span>
    </p>
   </div>
   <div class='ocr_carea' id='block_1_100' title="bbox 475 5291 2118 5374">
    <p class='ocr_par' dir='ltr' id='par_1_100' title="bbox 475 5291 2118 5374">
     <span class='ocr_line' id='line_1_101' title="bbox 475 5291 2118 5374; baseline 0 -20"><span class='ocrx_word' id='word_1_752' title='bbox 475 5291 938 5374; x_wconf 89' lang='lat' dir='ltr'><strong>quoque,inquit</strong></span> <span class='ocrx_word' id='word_1_753' title='bbox 962 5292 1257 5354; x_wconf 87' lang='lat' dir='ltr'><strong>Barbarus</strong></span> <span class='ocrx_word' id='word_1_754' title='bbox 1281 5311 1397 5353; x_wconf 82' lang='lat' dir='ltr'><strong>una</strong></span> <span class='ocrx_word' id='word_1_755' title='bbox 1415 5293 1576 5353; x_wconf 62' lang='lat' dir='ltr'><strong>aedes</strong></span> <span class='ocrx_word' id='word_1_756' title='bbox 1595 5291 1854 5352; x_wconf 89' lang='lat' dir='ltr'><strong>oratoria</strong></span> <span class='ocrx_word' id='word_1_757' title='bbox 1876 5291 2118 5371; x_wconf 88' lang='lat' dir='ltr'><strong>permit-</strong></span> 
     </span>
    </p>
   </div>
   <div class='ocr_carea' id='block_1_101' title="bbox 475 5382 2117 5460">
    <p class='ocr_par' dir='ltr' id='par_1_101' title="bbox 475 5382 2117 5460">
     <span class='ocr_line' id='line_1_102' title="bbox 475 5382 2117 5460; baseline -0.002 -16"><span class='ocrx_word' id='word_1_758' title='bbox 475 5389 634 5444; x_wconf 90' lang='lat' dir='ltr'><strong>tetur</strong></span> <span class='ocrx_word' id='word_1_759' title='bbox 653 5382 723 5442; x_wconf 91' lang='lat' dir='ltr'><strong>ad</strong></span> <span class='ocrx_word' id='word_1_760' title='bbox 755 5383 1157 5459; x_wconf 88' lang='lat' dir='ltr'><strong>precandum?</strong></span> <span class='ocrx_word' id='word_1_761' title='bbox 1190 5383 1431 5444; x_wconf 89' lang='lat' dir='ltr'><strong>Nullum</strong></span> <span class='ocrx_word' id='word_1_762' title='bbox 1465 5393 1556 5443; x_wconf 77' lang='lat' dir='ltr'><strong>est</strong></span> <span class='ocrx_word' id='word_1_763' title='bbox 1579 5382 1892 5460; x_wconf 90' lang='lat' dir='ltr'><strong>templum,</strong></span> <span class='ocrx_word' id='word_1_764' title='bbox 1926 5382 2117 5460; x_wconf 90' lang='lat' dir='ltr'><strong>inquit</strong></span> 
     </span>
    </p>
   </div>
   <div class='ocr_carea' id='block_1_102' title="bbox 478 5469 2118 5550">
    <p class='ocr_par' dir='ltr' id='par_1_102' title="bbox 478 5469 2118 5550">
     <span class='ocr_line' id='line_1_103' title="bbox 478 5469 2118 5550; baseline -0.001 -18"><span class='ocrx_word' id='word_1_765' title='bbox 478 5490 730 5549; x_wconf 90' lang='lat' dir='ltr'><strong>magnus</strong></span> <span class='ocrx_word' id='word_1_766' title='bbox 759 5469 1043 5543; x_wconf 86' lang='lat' dir='ltr'><strong>Joannes,</strong></span> <span class='ocrx_word' id='word_1_767' title='bbox 1079 5472 1243 5546; x_wconf 88' lang='lat' dir='ltr'><strong>quod</strong></span> <span class='ocrx_word' id='word_1_768' title='bbox 1300 5489 1417 5532; x_wconf 94' lang='lat' dir='ltr'><strong>non</strong></span> <span class='ocrx_word' id='word_1_769' title='bbox 1452 5470 1552 5532; x_wconf 93' lang='lat' dir='ltr'><strong>tibi</strong></span> <span class='ocrx_word' id='word_1_770' title='bbox 1589 5476 1784 5550; x_wconf 85' lang='lat' dir='ltr'><strong>pateat</strong></span> <span class='ocrx_word' id='word_1_771' title='bbox 1823 5487 1836 5531; x_wconf 90' lang='lat'>:</span> <span class='ocrx_word' id='word_1_772' title='bbox 1884 5487 1996 5529; x_wconf 92' lang='lat' dir='ltr'><strong>nec</strong></span> <span class='ocrx_word' id='word_1_773' title='bbox 2029 5479 2118 5530; x_wconf 89' lang='lat' dir='ltr'><strong>est</strong></span> 
     </span>
    </p>
   </div>
   <div class='ocr_carea' id='block_1_103' title="bbox 475 5556 2112 5640">
    <p class='ocr_par' dir='ltr' id='par_1_103' title="bbox 475 5556 2112 5640">
     <span class='ocr_line' id='line_1_104' title="bbox 475 5556 2112 5640; baseline -0.001 -20"><span class='ocrx_word' id='word_1_774' title='bbox 475 5560 789 5640; x_wconf 89' lang='lat' dir='ltr'><strong>quisquam</strong></span> <span class='ocrx_word' id='word_1_775' title='bbox 815 5569 872 5620; x_wconf 83' lang='lat' dir='ltr'><strong>t&#39;e</strong></span> <span class='ocrx_word' id='word_1_776' title='bbox 899 5559 1399 5638; x_wconf 89' lang='lat' dir='ltr'><strong>prohibiturus,si</strong></span> <span class='ocrx_word' id='word_1_777' title='bbox 1429 5560 1576 5621; x_wconf 85' lang='lat' dir='ltr'><strong>velis</strong></span> <span class='ocrx_word' id='word_1_778' title='bbox 1599 5556 1924 5620; x_wconf 87' lang='lat' dir='ltr'><strong>orare.Sed</strong></span> <span class='ocrx_word' id='word_1_779' title='bbox 1954 5576 2112 5633; x_wconf 89' lang='lat' dir='ltr'><strong>sum,</strong></span> 
     </span>
    </p>
   </div>
   <div class='ocr_carea' id='block_1_104' title="bbox 475 5647 2116 5725">
    <p class='ocr_par' dir='ltr' id='par_1_104' title="bbox 475 5647 2116 5725">
     <span class='ocr_line' id='line_1_105' title="bbox 475 5647 2116 5725; baseline 0.001 -17"><span class='ocrx_word' id='word_1_780' title='bbox 475 5647 690 5725; x_wconf 89' lang='lat' dir='ltr'><strong>inquit,</strong></span> <span class='ocrx_word' id='word_1_781' title='bbox 723 5647 971 5708; x_wconf 88' lang='lat' dir='ltr'><strong>alterius</strong></span> <span class='ocrx_word' id='word_1_782' title='bbox 996 5655 1171 5708; x_wconf 69' lang='lat' dir='ltr'><strong>secta:</strong></span> <span class='ocrx_word' id='word_1_783' title='bbox 1208 5669 1220 5710; x_wconf 92' lang='lat'>:</span> <span class='ocrx_word' id='word_1_784' title='bbox 1257 5657 1314 5710; x_wconf 88' lang='lat' dir='ltr'><strong>et</strong></span> <span class='ocrx_word' id='word_1_785' title='bbox 1341 5648 1475 5709; x_wconf 90' lang='lat' dir='ltr'><strong>ideo</strong></span> <span class='ocrx_word' id='word_1_786' title='bbox 1508 5647 1636 5710; x_wconf 89' lang='lat' dir='ltr'><strong>volo</strong></span> <span class='ocrx_word' id='word_1_787' title='bbox 1675 5665 1947 5710; x_wconf 83' lang='lat' dir='ltr'><strong>seorsum</strong></span> <span class='ocrx_word' id='word_1_788' title='bbox 1980 5666 2116 5709; x_wconf 91' lang='lat' dir='ltr'><strong>cum</strong></span> 
     </span>
    </p>
   </div>
   <div class='ocr_carea' id='block_1_105' title="bbox 2200 4570 3766 4652">
    <p class='ocr_par' dir='ltr' id='par_1_105' title="bbox 2200 4570 3766 4652">
     <span class='ocr_line' id='line_1_106' title="bbox 2200 4570 3766 4652; baseline -0.01 -23"><span class='ocrx_word' id='word_1_789' title='bbox 2200 4575 2438 4651; x_wconf 73' lang='grc' dir='ltr'>βασιλεῖ,</span> <span class='ocrx_word' id='word_1_790' title='bbox 2485 4573 2610 4652; x_wconf 79' lang='grc' dir='ltr'>ἔφη,</span> <span class='ocrx_word' id='word_1_791' title='bbox 2659 4571 3124 4638; x_wconf 77' lang='grc' dir='ltr'>ἐκκλησιαστικῶν</span> <span class='ocrx_word' id='word_1_792' title='bbox 3181 4572 3520 4648; x_wconf 78' lang='grc' dir='ltr'>πραγμάτων</span> <span class='ocrx_word' id='word_1_793' title='bbox 3567 4570 3766 4652; x_wconf 41' lang='lat' dir='ltr'><strong>num-</strong></span> 
     </span>
    </p>
   </div>
   <div class='ocr_carea' id='block_1_106' title="bbox 2201 4645 3773 4738">
    <p class='ocr_par' dir='ltr' id='par_1_106' title="bbox 2201 4645 3773 4738">
     <span class='ocr_line' id='line_1_107' title="bbox 2201 4645 3773 4738; baseline -0.013 -20"><span class='ocrx_word' id='word_1_794' title='bbox 2201 4645 2330 4737; x_wconf 79' lang='grc' dir='ltr'>μᾷν,</span> <span class='ocrx_word' id='word_1_795' title='bbox 2393 4645 2632 4718; x_wconf 64' lang='grc' dir='ltr'>εύσεϐεϊν</span> <span class='ocrx_word' id='word_1_796' title='bbox 2689 4661 2827 4726; x_wconf 67' lang='grc' dir='ltr'>ὅλως</span> <span class='ocrx_word' id='word_1_797' title='bbox 2878 4645 3316 4738; x_wconf 41' lang='grc' dir='ltr'>προαιρουμένῳ,</span> <span class='ocrx_word' id='word_1_798' title='bbox 3369 4661 3429 4717; x_wconf 84' lang='grc' dir='ltr'>Τί</span> <span class='ocrx_word' id='word_1_799' title='bbox 3479 4659 3535 4716; x_wconf 69' lang='grc' dir='ltr'><strong>δὲ</strong></span> <span class='ocrx_word' id='word_1_800' title='bbox 3575 4654 3670 4734; x_wconf 51' lang='grc' dir='ltr'><strong>οὖν)</strong></span> <span class='ocrx_word' id='word_1_801' title='bbox 3706 4645 3773 4738; x_wconf 69' lang='grc' dir='ltr'>καὶ</span> 
     </span>
    </p>
   </div>
   <div class='ocr_carea' id='block_1_107' title="bbox 2202 4737 3774 4831">
    <p class='ocr_par' dir='ltr' id='par_1_107' title="bbox 2202 4737 3774 4831">
     <span class='ocr_line' id='line_1_108' title="bbox 2202 4737 3774 4831; baseline -0.002 -23"><span class='ocrx_word' id='word_1_802' title='bbox 2202 4752 2342 4826; x_wconf 80' lang='grc' dir='ltr'>ἐμοὶ,</span> <span class='ocrx_word' id='word_1_803' title='bbox 2404 4753 2561 4831; x_wconf 75' lang='grc' dir='ltr'>φάναι</span> <span class='ocrx_word' id='word_1_804' title='bbox 2618 4755 2710 4806; x_wconf 85' lang='grc' dir='ltr'>τὸν</span> <span class='ocrx_word' id='word_1_805' title='bbox 2767 4750 3056 4830; x_wconf 83' lang='grc' dir='ltr'>βάρϐαρον,</span> <span class='ocrx_word' id='word_1_806' title='bbox 3117 4755 3220 4806; x_wconf 81' lang='grc' dir='ltr'>τῶν</span> <span class='ocrx_word' id='word_1_807' title='bbox 3277 4752 3568 4819; x_wconf 80' lang='grc' dir='ltr'>εύκτηρίων</span> <span class='ocrx_word' id='word_1_808' title='bbox 3611 4744 3678 4806; x_wconf 74' lang='grc' dir='ltr'><strong>εἷς</strong></span> <span class='ocrx_word' id='word_1_809' title='bbox 3721 4737 3774 4831; x_wconf 48' lang='grc' dir='ltr'>είς</span> 
     </span>
    </p>
   </div>
   <div class='ocr_carea' id='block_1_108' title="bbox 2208 4826 3776 4919">
    <p class='ocr_par' dir='ltr' id='par_1_108' title="bbox 2208 4826 3776 4919">
     <span class='ocr_line' id='line_1_109' title="bbox 2208 4826 3776 4919; baseline -0.004 -22"><span class='ocrx_word' id='word_1_810' title='bbox 2208 4843 2511 4919; x_wconf 61' lang='grc' dir='ltr'>προσευχὴν</span> <span class='ocrx_word' id='word_1_811' title='bbox 2544 4842 2859 4910; x_wconf 79' lang='grc' dir='ltr'>ἀνεθήσεται</span> <span class='ocrx_word' id='word_1_812' title='bbox 2895 4857 2911 4914; x_wconf 71' lang='grc' dir='ltr'><strong>ς</strong></span> <span class='ocrx_word' id='word_1_813' title='bbox 2943 4830 3116 4904; x_wconf 53' lang='grc' dir='ltr'>Ἅπας</span> <span class='ocrx_word' id='word_1_814' title='bbox 3147 4862 3230 4896; x_wconf 87' lang='grc' dir='ltr'><strong>σοι</strong></span> <span class='ocrx_word' id='word_1_815' title='bbox 3264 4842 3387 4904; x_wconf 79' lang='grc' dir='ltr'>ναὸς</span> <span class='ocrx_word' id='word_1_816' title='bbox 3421 4841 3682 4915; x_wconf 72' lang='grc' dir='ltr'>ἡνέῳκται,</span> <span class='ocrx_word' id='word_1_817' title='bbox 3712 4826 3776 4883; x_wconf 74' lang='grc' dir='ltr'><strong>εἶ’</strong></span> 
     </span>
    </p>
   </div>
   <div class='ocr_carea' id='block_1_109' title="bbox 2202 4920 3776 5008">
    <p class='ocr_par' dir='ltr' id='par_1_109' title="bbox 2202 4920 3776 5008">
     <span class='ocr_line' id='line_1_110' title="bbox 2202 4920 3776 5008; baseline -0.004 -20"><span class='ocrx_word' id='word_1_818' title='bbox 2202 4953 2298 4988; x_wconf 85' lang='grc' dir='ltr'><strong>πεν</strong></span> <span class='ocrx_word' id='word_1_819' title='bbox 2359 4935 2387 4988; x_wconf 85' lang='grc' dir='ltr'>ὁ</span> <span class='ocrx_word' id='word_1_820' title='bbox 2443 4931 2631 5008; x_wconf 84' lang='grc' dir='ltr'>μέγας,</span> <span class='ocrx_word' id='word_1_821' title='bbox 2695 4933 2781 4986; x_wconf 81' lang='grc' dir='ltr'><strong>καὶ</strong></span> <span class='ocrx_word' id='word_1_822' title='bbox 2831 4929 2997 4994; x_wconf 77' lang='grc' dir='ltr'>ούδεὶς</span> <span class='ocrx_word' id='word_1_823' title='bbox 3043 4933 3070 4986; x_wconf 87' lang='grc' dir='ltr'>ὁ</span> <span class='ocrx_word' id='word_1_824' title='bbox 3127 4929 3383 4986; x_wconf 80' lang='grc' dir='ltr'>κωλύσων</span> <span class='ocrx_word' id='word_1_825' title='bbox 3446 4920 3776 5008; x_wconf 55' lang='grc' dir='ltr'>προσεύχεσθὲι</span> 
     </span>
    </p>
   </div>
   <div class='ocr_carea' id='block_1_110' title="bbox 2201 5006 3774 5098">
    <p class='ocr_par' dir='ltr' id='par_1_110' title="bbox 2201 5006 3774 5098">
     <span class='ocr_line' id='line_1_111' title="bbox 2201 5006 3774 5098; baseline -0.011 -21"><span class='ocrx_word' id='word_1_826' title='bbox 2201 5006 2535 5096; x_wconf 66' lang='grc' dir='ltr'><strong>βουλομένῳ.⁷</strong></span> <span class='ocrx_word' id='word_1_827' title='bbox 2583 5019 2754 5077; x_wconf 76' lang='grc' dir='ltr'>Ἀλλὰ</span> <span class='ocrx_word' id='word_1_828' title='bbox 2813 5021 3133 5098; x_wconf 74' lang='grc' dir='ltr'>συμμορίας,</span> <span class='ocrx_word' id='word_1_829' title='bbox 3200 5021 3374 5076; x_wconf 81' lang='grc' dir='ltr'>εἰπεῖν</span> <span class='ocrx_word' id='word_1_830' title='bbox 3421 5006 3639 5086; x_wconf 71' lang='grc' dir='ltr'>ἐκεῖνον,</span> <span class='ocrx_word' id='word_1_831' title='bbox 3690 5006 3774 5064; x_wconf 69' lang='grc' dir='ltr'>ἐτέ-</span> 
     </span>
    </p>
   </div>
   <div class='ocr_carea' id='block_1_111' title="bbox 2200 5107 3779 5195">
    <p class='ocr_par' dir='ltr' id='par_1_111' title="bbox 2200 5107 3779 5188">
     <span class='ocr_line' id='line_1_112' title="bbox 2200 5107 3779 5188; baseline -0.009 -22"><span class='ocrx_word' id='word_1_832' title='bbox 2200 5133 2291 5188; x_wconf 88' lang='grc' dir='ltr'><strong>ρας</strong></span> <span class='ocrx_word' id='word_1_833' title='bbox 2329 5111 2458 5188; x_wconf 87' lang='grc' dir='ltr'>ἐγὼ,</span> <span class='ocrx_word' id='word_1_834' title='bbox 2490 5112 2578 5166; x_wconf 83' lang='grc' dir='ltr'><strong>καὶ</strong></span> <span class='ocrx_word' id='word_1_835' title='bbox 2607 5107 2690 5164; x_wconf 74' lang='grc' dir='ltr'>διὰ</span> <span class='ocrx_word' id='word_1_836' title='bbox 2723 5109 2879 5166; x_wconf 78' lang='grc' dir='ltr'>τοῦτο</span> <span class='ocrx_word' id='word_1_837' title='bbox 2941 5109 3411 5180; x_wconf 63' lang='grc' dir='ltr'>συνεκκλησιάζειν</span> <span class='ocrx_word' id='word_1_838' title='bbox 3473 5111 3602 5182; x_wconf 77' lang='grc' dir='ltr'><strong>αὖτῇ</strong></span> <span class='ocrx_word' id='word_1_839' title='bbox 3649 5117 3779 5157; x_wconf 71' lang='grc' dir='ltr'>κατα·</span> 
     </span>
    </p>
   </div>
   <div class='ocr_carea' id='block_1_112' title="bbox 2201 5197 3775 5275">
    <p class='ocr_par' dir='ltr' id='par_1_112' title="bbox 2201 5197 3775 5275">
     <span class='ocr_line' id='line_1_113' title="bbox 2201 5197 3775 5275; baseline -0.004 -17"><span class='ocrx_word' id='word_1_840' title='bbox 2201 5203 2366 5275; x_wconf 82' lang='grc' dir='ltr'>μόνας</span> <span class='ocrx_word' id='word_1_841' title='bbox 2424 5201 2578 5257; x_wconf 78' lang='grc' dir='ltr'>αἰτῶ.</span> <span class='ocrx_word' id='word_1_842' title='bbox 2636 5200 2776 5256; x_wconf 80' lang='grc' dir='ltr'><strong>Αἰτῶ</strong></span> <span class='ocrx_word' id='word_1_843' title='bbox 2823 5197 2877 5254; x_wconf 79' lang='grc' dir='ltr'><em>δὲ</em></span> <span class='ocrx_word' id='word_1_844' title='bbox 2935 5199 3146 5261; x_wconf 80' lang='grc' dir='ltr'>πάντως</span> <span class='ocrx_word' id='word_1_845' title='bbox 3200 5197 3418 5264; x_wconf 68' lang='grc' dir='ltr'>αἴτησιν</span> <span class='ocrx_word' id='word_1_846' title='bbox 3451 5203 3510 5256; x_wconf 74' lang='grc' dir='ltr'>οὒ</span> <span class='ocrx_word' id='word_1_847' title='bbox 3555 5209 3775 5275; x_wconf 52' lang='grc' dir='ltr'>μεμπττινξ</span> 
     </span>
    </p>
   </div>
   <div class='ocr_carea' id='block_1_113' title="bbox 2199 5270 3777 5367">
    <p class='ocr_par' dir='ltr' id='par_1_113' title="bbox 2199 5270 3777 5367">
     <span class='ocr_line' id='line_1_114' title="bbox 2199 5270 3777 5367; baseline -0.003 -21"><span class='ocrx_word' id='word_1_848' title='bbox 2199 5289 2365 5353; x_wconf 80' lang='grc' dir='ltr'>ο·ἶ›δεὶς</span> <span class='ocrx_word' id='word_1_849' title='bbox 2421 5291 2660 5354; x_wconf 70' lang='grc' dir='ltr'>ὑπακοὴν</span> <span class='ocrx_word' id='word_1_850' title='bbox 2721 5289 3138 5367; x_wconf 72' lang='grc' dir='ltr'>ἀπροφάσιστον,</span> <span class='ocrx_word' id='word_1_851' title='bbox 3190 5286 3450 5360; x_wconf 81' lang='grc' dir='ltr'>πολέμοις</span> <span class='ocrx_word' id='word_1_852' title='bbox 3509 5286 3642 5347; x_wconf 80' lang='grc' dir='ltr'>ὅσοις</span> <span class='ocrx_word' id='word_1_853' title='bbox 3691 5270 3777 5334; x_wconf 65' lang='grc' dir='ltr'><strong>καθ’</strong></span> 
     </span>
    </p>
   </div>
   <div class='ocr_carea' id='block_1_114' title="bbox 2199 5369 3776 5452">
    <p class='ocr_par' dir='ltr' id='par_1_114' title="bbox 2199 5369 3776 5452">
     <span class='ocr_line' id='line_1_115' title="bbox 2199 5369 3776 5452; baseline -0.003 -18"><span class='ocrx_word' id='word_1_854' title='bbox 2199 5381 2430 5446; x_wconf 80' lang='grc' dir='ltr'>ἑκάστην</span> <span class='ocrx_word' id='word_1_855' title='bbox 2489 5375 2987 5451; x_wconf 74' lang='grc' dir='ltr'>παραϐαλλόμενος,</span> <span class='ocrx_word' id='word_1_856' title='bbox 3057 5380 3144 5434; x_wconf 81' lang='grc' dir='ltr'>καὶ</span> <span class='ocrx_word' id='word_1_857' title='bbox 3201 5381 3299 5443; x_wconf 76' lang='grc' dir='ltr'>τῆς</span> <span class='ocrx_word' id='word_1_858' title='bbox 3358 5377 3585 5452; x_wconf 77' lang='grc' dir='ltr'>ἐμαυτοῦ</span> <span class='ocrx_word' id='word_1_859' title='bbox 3637 5369 3776 5447; x_wconf 75' lang='grc' dir='ltr'><strong>ψυχῆς</strong></span> 
     </span>
    </p>
   </div>
   <div class='ocr_carea' id='block_1_115' title="bbox 2199 5457 3779 5534">
    <p class='ocr_par' dir='ltr' id='par_1_115' title="bbox 2199 5457 3779 5534">
     <span class='ocr_line' id='line_1_116' title="bbox 2199 5457 3779 5534; baseline -0.004 -10"><span class='ocrx_word' id='word_1_860' title='bbox 2199 5471 2286 5524; x_wconf 87' lang='grc' dir='ltr'><strong>καὶ</strong></span> <span class='ocrx_word' id='word_1_861' title='bbox 2343 5470 2449 5523; x_wconf 76' lang='grc' dir='ltr'>τῶν</span> <span class='ocrx_word' id='word_1_862' title='bbox 2482 5466 2731 5523; x_wconf 76' lang='grc' dir='ltr'>κινδύνων</span> <span class='ocrx_word' id='word_1_863' title='bbox 2775 5469 2836 5523; x_wconf 84' lang='grc' dir='ltr'>τὸ</span> <span class='ocrx_word' id='word_1_864' title='bbox 2879 5467 2974 5534; x_wconf 75' lang='grc' dir='ltr'><strong>τῆς</strong></span> <span class='ocrx_word' id='word_1_865' title='bbox 3032 5465 3303 5530; x_wconf 80' lang='grc' dir='ltr'>πολιτείας</span> <span class='ocrx_word' id='word_1_866' title='bbox 3340 5465 3605 5530; x_wconf 78' lang='grc' dir='ltr'>λυσιτελὲς</span> <span class='ocrx_word' id='word_1_867' title='bbox 3632 5457 3779 5517; x_wconf 48' lang='grc' dir='ltr'>ἄλλαν</span> 
     </span>
    </p>
   </div>
   <div class='ocr_carea' id='block_1_116' title="bbox 2199 5550 3775 5636">
    <p class='ocr_par' dir='ltr' id='par_1_116' title="bbox 2199 5550 3775 5636">
     <span class='ocr_line' id='line_1_117' title="bbox 2199 5550 3775 5636; baseline 0 -24"><span class='ocrx_word' id='word_1_868' title='bbox 2199 5558 2443 5633; x_wconf 86' lang='grc' dir='ltr'>τόμενος.</span> <span class='ocrx_word' id='word_1_869' title='bbox 2507 5555 2660 5613; x_wconf 84' lang='grc' dir='ltr'>Ἀλλ’</span> <span class='ocrx_word' id='word_1_870' title='bbox 2721 5555 2894 5636; x_wconf 79' lang='grc' dir='ltr'>ἔχεις,</span> <span class='ocrx_word' id='word_1_871' title='bbox 2945 5558 2990 5613; x_wconf 84' lang='grc' dir='ltr'>ὦ</span> <span class='ocrx_word' id='word_1_872' title='bbox 3027 5554 3291 5631; x_wconf 75' lang='grc' dir='ltr'>βέλτιστε,</span> <span class='ocrx_word' id='word_1_873' title='bbox 3345 5556 3504 5634; x_wconf 84' lang='grc' dir='ltr'>φάναι</span> <span class='ocrx_word' id='word_1_874' title='bbox 3535 5557 3620 5612; x_wconf 79' lang='grc' dir='ltr'><strong>τὸν</strong></span> <span class='ocrx_word' id='word_1_875' title='bbox 3643 5550 3775 5624; x_wconf 68' lang='grc' dir='ltr'>ἅγιον,</span> 
     </span>
    </p>
   </div>
   <div class='ocr_carea' id='block_1_117' title="bbox 2201 5637 3778 5724">
    <p class='ocr_par' dir='ltr' id='par_1_117' title="bbox 2201 5637 3778 5724">
     <span class='ocr_line' id='line_1_118' title="bbox 2201 5637 3778 5724; baseline -0.006 -20"><span class='ocrx_word' id='word_1_876' title='bbox 2201 5650 2453 5724; x_wconf 72' lang='grc' dir='ltr'>ούμενοῦν</span> <span class='ocrx_word' id='word_1_877' title='bbox 2483 5647 2738 5713; x_wconf 72' lang='grc' dir='ltr'>ἐλάττους</span> <span class='ocrx_word' id='word_1_878' title='bbox 2797 5649 2902 5702; x_wconf 79' lang='grc' dir='ltr'>τῶν</span> <span class='ocrx_word' id='word_1_879' title='bbox 2950 5647 3127 5704; x_wconf 85' lang='grc' dir='ltr'>πόνων</span> <span class='ocrx_word' id='word_1_880' title='bbox 3175 5646 3269 5710; x_wconf 71' lang='grc' dir='ltr'>τὰς</span> <span class='ocrx_word' id='word_1_881' title='bbox 3303 5643 3614 5721; x_wconf 73' lang='grc' dir='ltr'>ἂντιδόσεις,</span> <span class='ocrx_word' id='word_1_882' title='bbox 3666 5637 3778 5707; x_wconf 80' lang='grc' dir='ltr'>εἴπερ</span> 
     </span>
    </p>
   </div>
  </div>
