3996 6178
168 311 202 375 1
234 312 385 377 11⁸7
1288 311 1477 379 VITA
1523 312 1583 376 S.
1645 310 1871 375 JOANP

1958 310 1970 370 ἱ
2011 308 2567 374 CHRYSOSTOMI.
3467 310 3614 380 1118

168 449 262 519 δὴ
321 453 434 510 καὶ
478 452 778 532 στρατηγὸς
841 462 914 526 εῖ,
980 450 1069 509 καὶ
1127 450 1285 525 τιμῆς
1350 456 1449 519 τῆς
1511 454 1617 507 τῶν
1658 448 1871 506 ὑπάτων

1958 460 2029 533 ea
2050 450 2275 508 versari
2301 444 2364 508 in
2394 445 2834 512 Ecclesia.Non
2867 455 2956 511 est
2987 467 3121 513 mea
3150 450 3361 533 petitio
3389 469 3603 530 reme-

170 541 557 619 ἧξιωμένος.
606 539 766 600 Οὐδὲν
809 538 863 596 δὲ
907 540 1107 598 ἄτοπον
1165 544 1261 598 καῖ
1302 544 1463 598 τοῦτα
1518 552 1770 611 σκοπεῖν,
1816 536 1871 592 οὗ

1961 532 2366 607 hendenda,et
2397 555 2529 617 qua;
2559 557 2678 599 non
2708 540 2934 619 justam
2961 532 3177 602 habeat
3197 542 3600 617 occasionem,

178 633 314 706 μὲν
368 629 588 697 ἀδοξίας
627 631 765 699 ἦσθα
797 629 1074 708 πρότερον,
1109 629 1170 688 οὗ
1202 639 1289 689 νῦν
1320 628 1500 700 δόξης,
1532 631 1622 686 καὶ
1650 629 1741 686 οἵα
1776 626 1871 702 μὲν

1960 641 2094 685 cum
2131 625 2273 688 belli
2307 627 2569 706 pericula
2601 628 2874 709 quotidie
2906 630 3143 704 adeam,
3171 639 3228 692 et
3251 630 3605 710 reipublicae

178 725 232 790 ἡ
286 727 513 802 προτοῦ
542 720 721 794 πενία,
756 724 873 785 οἷος
908 719 963 776 δὲ
993 722 1152 799 οὗπερ
1181 728 1269 777 νῧν
1299 719 1587 784 ἀπολαύεις
1615 717 1871 779 πλοῦτος.

1959 714 2276 778 utilitatem
2292 718 2431 780 vitm
2450 736 2599 780 mea;
2616 718 3073 799 praaferamSed
3085 719 3337 795 habes,o
3353 720 3599 802 Optime,

181 818 398 869 Τοῦτο
460 832 520 868 σε
578 810 689 890 χρὴ
767 808 1153 884 ἐνθυμούμενον
1212 808 1270 865 εὖ
1325 822 1497 882 νοεῖν,
1556 809 1645 864 καὶ
1705 804 1873 882 μηδὲν

191 903 341 979 περὶ
424 900 527 970 τὴν
598 899 738 958 οὕτω
794 899 1101 974 τιμήσασαν
1171 897 1441 975 βασιλείαν
1508 897 1868 976 ἀγνωμονεῖν.

200 992 365 1063 Πρὸς
432 996 599 1046 ταῦτα
682 989 773 1045 τὸν
848 994 1048 1044 Γαῖνᾶν
1122 985 1269 1047 οὐδέν
1338 988 1542 1066 καίριον
1600 986 1875 1043 ἀντειπεῖν

197 1081 462 1161 ἔχοντα,
528 1091 814 1159 προκρῖναι
866 1078 969 1145 τὴν
1027 1076 1238 1144 σιωπήν
1272 1097 1287 1113 ο
1334 1077 1597 1152 θαυμάσαι
1656 1075 1711 1132 δὲ
1786 1076 1875 1131 καὶ

200 1169 458 1248 βασιλέα
504 1170 592 1226 καὶ
619 1169 741 1232 τοὺς
772 1168 893 1247 περὶ
953 1168 1138 1240 αὺτὸν,
1192 1168 1263 1232 ὡς
1292 1170 1347 1223 ἓν
1377 1166 1543 1245 ὀλίγῳ
1569 1167 1631 1223 τὸ
1674 1165 1878 1244 πολύρ-

204 1263 405 1340 ῥημον
461 1265 560 1326 τῆς
626 1255 953 1335 βαρϐαρικῆς
1004 1257 1290 1337 πεφίμωτο
1340 1257 1679 1334 προπετείας.
1730 1257 1873 1334 Χρό-

212 1374 315 1408 νου
352 1349 410 1406 δὲ
459 1349 516 1405 ἐν
559 1355 635 1422 τῷ
679 1344 873 1422 μεταξὺ
917 1344 1235 1418 διελθόντος,
1267 1346 1332 1414 ἣν
1358 1348 1385 1402 ὃ
1416 1352 1611 1408 Γαϊνας
1654 1349 1718 1402 ἒκ
1746 1344 1876 1401 πολ-

211 1439 321 1499 λοῦ
382 1437 539 1496 ὤδινε
584 1433 858 1516 τυραννίδα
903 1437 976 1500 εἷς
1037 1435 1201 1511 μέσον
1260 1435 1572 1514 ἑξενεγγὼν,
1631 1437 1698 1493 τὰ
1741 1436 1875 1513 πρὸς

212 1531 447 1609 Θρᾴκην
479 1550 537 1586 τε
582 1529 671 1584 καὶ
711 1523 1039 1583 Μακεδονίαν
1095 1527 1306 1603 περιῄει
1351 1525 1701 1605 κατατρέχων
1747 1547 1872 1605 χω-

212 1622 331 1694 ρία,
369 1620 461 1676 καὶ
495 1616 604 1691 ὅλῳ
651 1613 770 1673 ποδὶ
800 1614 1152 1691 ληϊζόμενος.
1212 1613 1449 1682 Μηδενὸς
1481 1612 1537 1671 δὲ
1568 1617 1707 1691 μήτε
1765 1635 1868 1671 πο-

213 1688 395 1785 λεμον
441 1688 660 1788 ἄρασθαι
710 1688 855 1777 πρὸς
895 1688 1078 1779 αὐτὸν,
1134 1706 1273 1780 μήτε
1303 1688 1585 1783 πρεσϐείαν
1615 1702 1869 1782 διακηρυ-

1956 802 2150 885 inquit
2175 813 2439 880 sanctus,
2470 806 2742 869 laborum
2797 826 2915 871 non
2952 809 3214 871 minores
3244 828 3602 872 remunera—

1959 892 2154 955 tiones
2185 914 2200 970 ;
2230 895 2531 977 siquidem
2566 915 2631 959 es
2660 898 2774 959 dux
2800 898 3200 973 exercitus,et
3223 898 3602 961 consularem

1959 982 2250 1045 honorem
2313 1002 2379 1046 es
2433 996 2766 1049 assecutus.
2823 988 3023 1051 Satius
3052 1000 3250 1050 autem
3282 989 3461 1051 fuerit
3490 989 3605 1050 hoc

1959 1090 2200 1153 quoque
2249 1074 2655 1147 considerare,
2722 1095 2896 1157 quam
2965 1087 3138 1139 antea
3167 1079 3406 1159 quidem
3440 1097 3604 1141 esses

1962 1160 2254 1224 obscurus
2281 1172 2338 1225 et
2365 1164 2672 1244 ignobilia,
2708 1175 2967 1247 quantus
2992 1185 3133 1230 vero
3167 1172 3243 1230 sit
3274 1187 3434 1230 nunc
3464 1176 3603 1231 tuus

1960 1249 2250 1331 splendor
2271 1262 2327 1315 et
2351 1263 2571 1331 quanta
2600 1255 2821 1333 gloria:
2850 1265 2908 1317 et
2930 1267 3154 1333 quanta
3175 1259 3417 1338 quidem
3442 1266 3604 1320 esset

1959 1348 2135 1401 antea
2158 1344 2745 1424 paupertas,quantis
2768 1355 2962 1406 autem
2988 1365 3146 1409 nunc
3166 1347 3436 1410 abundes
3458 1348 3604 1408 divi-

1961 1428 2214 1492 tiis.Hoc
2232 1438 2288 1491 te
2309 1433 2941 1515 cogitantem,oportet
2962 1452 3095 1497 esse
3122 1435 3508 1512 benevolum,
3543 1445 3602 1497 et

1958 1535 2076 1578 non
2100 1519 2543 1598 esseingratum
2563 1523 2621 1582 in
2638 1524 3149 1604 imperium,quod
3167 1533 3224 1585 te
3246 1525 3330 1586 sic
3351 1525 3605 1586 honora—

1957 1607 2123 1680 vit,et
2144 1626 2262 1668 non
2285 1609 2357 1669 ab
2379 1628 2454 1672 eo
2481 1620 2685 1691 petere
2714 1631 2847 1692 quae
2872 1632 2988 1675 non
3016 1613 3328 1677 Iicet.Cum
3364 1616 3436 1677 ad
3472 1616 3600 1679 haec

1957 1695 2108 1786 nihil
2126 1697 2378 1761 haberet
2402 1698 2642 1774 Gaiuas,
2670 1702 2830 1778 quod
2859 1711 2996 1784 apte
3014 1704 3601 1786 responderet,prae-

213 1785 512 1857 κεύσασθαι
557 1795 894 1875 θαρροῦντος,
944 1796 980 1862 ἠ
1038 1794 1253 1873 γενναία
1286 1794 1462 1862 ἐκείνη
1496 1796 1649 1874 ψυχὴ
1679 1796 1765 1851 καὶ
1798 1800 1871 1868 τῷ

1958 1785 2089 1847 tulit
2120 1788 2424 1850 silentium
2469 1808 2482 1852 :
2533 1792 2724 1870 utqui
2761 1792 3010 1871 pulchre
3040 1794 3235 1875 reipsa
3264 1785 3596 1869 didicisset,

217 1889 350 1964 θείῳ
409 1886 763 1966 πεπραγμένη
824 1882 995 1964 φόϐῳ,
1041 1882 1210 1959 μηδὲν
1239 1883 1701 1964 ὑπολογισαμένη,
1732 1886 1869 1960 μήτε

221 1981 328 2047 τὴν
358 1980 465 2056 πρὸ
497 1982 587 2033 τοῦ
629 1975 907 2054 διαφορὰν,
958 1970 1088 2047 μήτ’
1150 1972 1282 2030 ἄλλο
1338 1979 1471 2048 τῶν,
1503 1974 1600 2031 ὅσα
1632 1975 1872 2051 θράττειν

225 2067 345 2125 οἶδε
407 2067 504 2124 καί
564 2079 751 2122 πτοεῖν
798 2064 1075 2144 ἀνθρώπω
1101 2065 1307 2144 ψυχὴν,
1342 2065 1569 2141 αἱρεῖται
1613 2064 1709 2130 τὴν
1740 2064 1871 2139 πρὸς

232 2160 393 2217 αὒτὸν
459 2155 654 2237 ἄφιξιν,
715 2154 986 2233 ἅνθρωπος
1038 2156 1237 2232 ἠσυχίᾳ
1279 2155 1511 2228 τοσαύτῃ
1557 2153 1868 2237 σύντροφος,

230 2250 323 2307 καὶ
371 2236 539 2324 μηδὲν
596 2251 837 2302 τοιοῦτον
886 2243 1008 2300 ἰδὼν
1061 2240 1396 2317 κινδυνῶδες,
1426 2242 1460 2310 ἢ
1492 2241 1674 2320 ἄγριόν
1704 2265 1755 2297 τι
1786 2236 1873 2297 καὶ

236 2339 485 2414 μανιςὸν,
532 2334 737 2401 ’Ἒξεισι
783 2334 879 2408 μὲν
925 2333 1013 2388 οὖν
1058 2335 1130 2395 εἷς
1174 2334 1331 2389 αὗτὸν
1388 2332 1531 2406 μάλα
1591 2333 1873 2407 προθύμως

236 2430 336 2496 τὴν
394 2427 523 2504 ὑπὲρ
579 2426 794 2481 πάντων
862 2419 1147 2498 πρεσϐείαν
1206 2421 1597 2495 ποιησόμενος.
1669 2414 1762 2486 Ὧς
1822 2419 1877 2476 δὲ

238 2516 344 2586 ἤδη
402 2515 631 2582 πλησίον
673 2511 738 2579 ἦν
777 2511 801 2587 (
849 2511 1131 2585 ἐπορεύετο
1188 2508 1243 2566 δὲ
1276 2511 1423 2567 κάτω
1451 2511 1637 2585 νεύων,
1671 2510 1727 2566 ἐν
1757 2513 1872 2581 ἤθει

239 2610 336 2679 μὲν
380 2607 714 2683 προσεκτικῷ
772 2602 860 2657 καὶ
920 2599 1151 2679 κοσμίῳ,
1195 2598 1479 2676 βαδίσματι
1530 2597 1586 2655 δὲ
1631 2598 1874 2679 σχολαίῳ

1954 1893 2019 1936 se
2052 1875 2110 1936 in
2145 1877 2334 1938 virum
2371 1879 2676 1961 incidisse,
2714 1883 2818 1962 qui
2849 1901 2968 1943 non
3006 1888 3200 1946 minus
3231 1893 3431 1963 posset
3460 1902 3598 1945 ver-

1955 1982 2089 2026 sare
2120 1966 2403 2045 linguam,
2431 1987 2608 2049 quam
2645 1972 2773 2050 ipse
2808 1972 3095 2049 gladium.
3131 1973 3479 2036 Admiratus
3509 1985 3601 2035 est

1956 2064 2152 2144 autem
2178 2054 2507 2136 imperator
2528 2069 2585 2121 et
2618 2065 2714 2141 qui
2745 2062 3011 2136 aderant,
3046 2064 3204 2143 quod
3241 2073 3358 2124 tam
3393 2066 3601 2144 paucis

1957 2142 2285 2234 barbaricae
2307 2148 2664 2210 temeritatis
2687 2152 2986 2215 refrenata
3004 2152 3213 2214 fuisset
3240 2142 3596 2234 loquacitas.

1959 2231 2103 2296 Cum
2120 2245 2315 2297 autem
2333 2237 2701 2313 aliquantum
2722 2242 3051 2304 efﬂuxisset
3070 2231 3603 2322 temporis,Gainas

1959 2329 2268 2400 quamjam
2295 2329 2392 2386 diu
2422 2333 2785 2400 parturiebat
2813 2335 3399 2406 tyrannidem,aperto
3423 2337 3598 2393 edens

1961 2411 2019 2471 in
2054 2412 2341 2486 lucem,in
2369 2414 2626 2477 Thracia
2652 2424 2712 2477 et
2735 2416 3080 2480 Macedonia
3112 2418 3369 2482 faciebat
3388 2420 3596 2481 incur-

1958 2501 2162 2564 siones
2185 2521 2285 2564 eas
2303 2504 2620 2585 populares
2642 2516 2699 2567 et
2718 2509 2946 2587 praedas
2968 2527 3040 2571 ex
3060 2509 3148 2571 eis
3167 2510 3597 2589 agens.A(lver-

1958 2608 2057 2652 sus
2083 2611 2256 2666 quem
2276 2612 2408 2654 eum
2425 2613 2596 2655 nemo
2612 2600 2849 2659 auderet
2867 2616 2977 2657 nec
2993 2602 3212 2659 bellum
3238 2603 3460 2660 fortiter
3475 2618 3596 2660 sus-

239 2676 325 2753 καὶ
381 2676 624 2773 γαληνῷ,
658 2691 802 2767 σαφῆ
847 2693 944 2758 τῆς
991 2676 1183 2766 ἀρετῆς
1217 2688 1355 2768 ἴχνη
1402 2690 1471 2764 τῇ
1512 2686 1633 2764 ὄψει
1670 2676 1871 2756 διαση-

1958 2676 2298 2759 cipere,nec
2330 2682 2485 2762 apud
2520 2701 2657 2744 eum
2679 2683 2841 2763 fungi
2859 2685 3473 2765 legatione.generosa
3492 2688 3594 2750 illa

238 2770 488 2861 μαίνων),
535 2783 563 2838 ὁ
617 2777 874 2859 βάρϐαρος
924 2780 1081 2834 αὐτὸν
1133 2779 1461 2853 θεασάμειπ
1490 2779 1634 2842 εὐθύς
1677 2799 1736 2834 τε
1777 2783 1871 2834 τοῦ

1958 2770 2151 2831 anima
2181 2782 2238 2832 et
2263 2772 2466 2834 divino
2502 2784 2667 2836 metu
2699 2785 3152 2857 armata,neque
3185 2784 3404 2840 timens
3436 2778 3593 2859 prio-

235 2878 398 2950 θυμοῦ
445 2871 616 2950 ὓφῆκε
659 2870 748 2926 καὶ
781 2867 981 2946 ἥμερον
1017 2864 1235 2950 ἔϐλεψε,
1265 2874 1361 2924 τοῦ
1389 2866 1678 2942 οἰδήματος
1725 2870 1870 2940 αὖτῴ

1958 2878 2074 2922 rem
2101 2864 2258 2923 illius
2280 2880 2414 2924 cum
2441 2868 2570 2939 ipso
2586 2871 3245 2942 contentionem.neque
3269 2873 3590 2945 quidquam

234 2948 330 3031 τῆς
360 2948 544 3042 ψυχῆς
576 2956 950 3022 συσταλέντος.
1013 2948 1195 3024 Ἰκανὴ
1225 2955 1327 3034 γάρ
1358 2957 1581 3033 σώφρων
1611 2955 1735 3033 ὄψις
1779 2958 1868 3013 καὶ

1958 2965 2327 3027 eorum,quae
2341 2951 2537 3013 solent
2555 2952 2820 3015 animum
2846 2953 3123 3033 frangere
3140 2965 3200 3017 et
3218 2966 3587 3036 perterrere,

232 3036 801 3128 κοσμία-κατάστασις
845 3045 1119 3126 ὀφθαλμόν
1178 3066 1237 3102 τε
1297 3043 1488 3124 ἄγριον
1516 3045 1862 3120 ἱλεώσασθαι,

1958 3036 2021 3098 ad
2045 3056 2180 3099 eum
2205 3039 2410 3101 statuit
2445 3041 2745 3121 proficisci
2778 3062 2794 3106 :
2820 3043 2999 3106 homo
3024 3050 3084 3106 in
3118 3064 3354 3108 summa
3386 3050 3592 3129 quiete

233 3126 342 3199 καὶὴ
372 3139 499 3198 αίδὼ
540 3139 631 3196 καὶ
672 3134 832 3200 σέϐας
877 3138 949 3202 εἰς
994 3135 1094 3203 τὴν
1151 3136 1337 3215 ψυχὴν
1383 3132 1666 3209 ἐμϐαλεῖν,
1698 3136 1866 3192 Αὐτὸν

1958 3126 2261 3227 educatus,
2289 3140 2350 3190 et
2373 3130 2475 3227 qui
2497 3131 3012 3227 nullum_unquam
3041 3135 3156 3197 tale
3177 3126 3589 3217 viderat‘peri-

234 3231 287 3287 8‘s
368 3231 453 3289 καὶ
541 3227 657 3290 δέος
744 3224 992 3293 εἰσῆλθεν
1087 3222 1497 3300 δπομνησθέντα
1565 3223 1864 3302 παρρησίας

1958 3217 2152 3306 culum
2175 3236 2288 3279 nec
2313 3219 2487 3280 talem
2522 3221 3267 3306 perturbationem.Atque
3286 3227 3593 3305 egreditur

236 3320 440 3387 ἐδείιης
485 3318 573 3375 καὶ
629 3315 903 3396 γλώττης,
959 3315 1026 3383 ἣν
1058 3315 1115 3371 εὖ
1156 3314 1365 3378 ἐκεῖνος
1410 3312 1618 3387 μᾶλλον
1647 3312 1864 3394 ἔστρεφε

1958 3305 2193 3386 quidem
2210 3307 2380 3396 valde
2394 3309 2574 3370 alacri
2590 3311 2840 3387 animo,i
2849 3331 2953 3392 pse
2966 3305 3261 3391 legatione
3281 3314 3593 3378 iuncturus

238 3407 350 3466 κατ’
392 3407 574 3487 αὐτοῦ,
727 3402 890 3467 αὓτὸς
949 3403 1110 3459 ἒκίνει
1141 3403 1202 3459 τὸ
1233 3401 1353 3481 δόρυ
1383 3403 1517 3481 πρὸς
1546 3400 1863 3474 πολεμίους.

1958 3413 2060 3474 pro
2086 3395 2545 3460 omnibus.Cum
2580 3417 2722 3461 vero
2747 3400 2872 3480 jam
2907 3402 3595 3478 accederet,ambularet

246 3500 337 3556 Διὰ
363 3503 522 3555 ταῦτα
553 3497 677 3575 γοῦν
709 3495 796 3553 καὶ
842 3493 1190 3572 προσυπήντα
1244 3490 1342 3548 καί
1380 3490 1738 3568 προσέπιπτε,
1781 3493 1870 3547 καὶ

1958 3492 2150 3546 autem
2182 3492 2402 3547 terram
2432 3487 2695 3562 intuens,
2730 3504 2902 3568 gestu
2924 3490 3168 3572 quidem
3201 3493 3365 3571 gravi
3388 3502 3447 3555 et
3478 3494 3589 3556 bo-

245 3593 332 3654 τῆς
361 3578 515 3646 αότού
557 3581 851 3660 λαϐόμενος
915 3578 1112 3654 δεξιᾶς,
1164 3594 1279 3641 τοῖς
1339 3579 1639 3659 ὀφθαλμοῖς
1698 3580 1866 3646 αὗτῆν

1958 3583 2140 3647 nesto,
2175 3575 2415 3638 incessu
2447 3595 2587 3638 vero
2619 3578 2786 3640 tardo
2817 3586 2882 3644 et
2907 3581 3251 3661 tranquillo,
3276 3583 3594 3646 manifesta

240 3680 310 3742 ὡς
363 3672 681 3755 ἁγιᾶσουσαν
722 3673 975 3732 ἓπετίθει.
1022 3673 1159 3749 Πρὸς
1218 3668 1275 3726 δὲ
1332 3673 1420 3727 καὶ
1477 3671 1599 3735 τοὺς
1660 3668 1861 3732 παῖδας

1958 3664 2178 3755 virtutis
2199 3664 2445 3744 vestigia
2468 3667 2528 3727 in
2554 3667 2720 3728 vultu
2752 3667 3121 3747 signiﬁcans,
3148 3670 3448 3733 Barbarus
3474 3672 3592 3737 hoc

240 3768 336 3845 πρὸ
372 3753 473 3822 τῶν
538 3760 712 3819 ποδῶν
785 3763 943 3819 αὐτοῦ
1017 3766 1124 3816 τῶν
1180 3759 1344 3839 ἁγίων
1403 3760 1617 3815 πίπτειν
1666 3758 1857 3822 ἐποίει,

1958 3753 2397 3845 ιερὶοἰοιιε,ηοιι
2419 3757 2680 3837 amplius
2711 3767 2839 3820 erat
2868 3759 3169 3822 Barbarus
3197 3779 3211 3823 :
3247 3760 3355 3822 sed
3387 3763 3584 3825 statim

245 3844 371 3914 Εἶτα
444 3853 621 3933 λογων
698 3853 787 3909 καὶ
855 3848 1226 3926 παραινέσεως
1306 3846 1573 3916 ἡδυτάτης
1626 3847 1859 3912 ἀκούσας

1958 3852 2002 3905 et
2031 3844 2176 3905 iram
2213 3845 2466 3921 remisit,
2501 3855 2559 3908 et
2592 3847 2827 3928 placide
2859 3850 3111 3930 aspexit,
3140 3858 3378 3913 tumore
3404 3852 3590 3913 animi

236 3946 457 4003 πείθεται
489 3941 704 4016 ῥᾳδίως,
733 3942 821 3997 καὶ
880 3940 983 4007 τὴν
1043 3939 1240 4019 ἔχθραν
1289 3936 1476 4012 λύσας,
1505 3937 1860 4013 ὑπόσπονδος,

1958 3934 1999 3994 ei
2021 3935 2466 4014 quodammodo
2490 3953 2839 4016 compresso
2866 3951 2981 4000 tam
3006 3939 3315 4002 moderato
3338 3950 3395 4003 et
3420 3956 3589 4003 tran-

236 4036 405 4113 ὥσπερ
445 4038 676 4111 πρῶτον,
739 4023 1024 4104 Ῥωμαίοις
1083 4027 1179 4083 καὶ
1244 4026 1396 4100 φίλος
1444 4028 1663 4106 γίνεται.
1711 4026 1862 4086 Οὕτω

1958 4023 2129 4104 ῃιιίΙΙο
2158 4026 2519 4104 spectaculo.
2554 4026 2888 4098 Quinetiam
2941 4048 3078 4090 eum
3113 4049 3348 4111 quoque
3376 4030 3591 4093 invasit

236 4121 477 4187 πολλάκις
535 4119 809 4194 αἰδέσιμος
869 4116 1017 4196 ὄψις,
1104 4118 1191 4173 καὶ
1252 4116 1428 4195 λόγων
1484 4117 1722 4193 εὐκαιρία
1773 4118 1861 4173 καὶ

1958 4113 2148 4189 timor,
2172 4116 2554 4177 recordatum
2589 4116 2750 4178 illius
2780 4118 3021 4180 dicendi
3047 4118 3360 4195 libertatis,
3397 4130 3458 4182 et
3486 4124 3588 4202 qui

237 4215 446 4285 σύνεσις,
493 4212 525 4267 ’ἆ
568 4211 655 4283 μὴ
702 4207 957 4281 πολέμων
1017 4205 1215 4263 ἔπαυσε
1286 4208 1396 4283 βία,
1446 4205 1638 4284 ῥᾳδίως
1696 4205 1858 4274 ἤνυσε

1958 4205 2265 4282 perterreri
2299 4204 2546 4266 minime
2568 4215 2763 4286 potest
2776 4208 3114 4286 spiritus,et
3128 4210 3443 4271 verborum
3458 4228 3590 4291 quae

236 4304 317 4360 καὶ
366 4302 733 4371 κατώρθωσεν,
782 4295 951 4355 Ἀλλὰ
1007 4304 1094 4355 νῦν
1125 4295 1222 4370 μὲν
1257 4295 1397 4352 οὕτω
1452 4301 1552 4361 τῆς
1609 4294 1859 4354 Ἰωάννου

1958 4292 2099 4354 vires
2123 4292 2345 4354 habent
2370 4312 2438 4354 ex
2464 4300 2798 4371 veritate,et
2818 4315 2956 4378 qua;
2976 4297 3146 4360 valde
3170 4312 3421 4380 possunt
3452 4304 3587 4364 ani-

235 4392 463 4459 ἦττηθεὶς
531 4390 724 4469 ἀρετῆς
794 4387 883 4444 καὶ
939 4385 1216 4465 γλώττης,
1261 4387 1328 4441 τὰ
1388 4384 1530 4441 ὅπλα
1585 4387 1858 4460 καταθεὶς,

1958 4401 2106 4443 mum
2124 4382 2751 4465 sauciare.Propterea
2784 4405 2925 4466 ergo
2958 4389 3011 4449 ei
3033 4390 3327 4468 processit
3351 4390 3585 4452 obviam

241 4482 433 4561 εἰρήνην
487 4479 619 4559 ἔσχε
663 4480 793 4556 πρὸς
836 4475 1063 4554 βασιλέα
1095 4493 1113 4511 '
1171 4473 1290 4549 μετ’
1344 4477 1403 4533 οὸ
1433 4473 1572 4531 πολὺ
1600 4473 1655 4530 δὲ
1687 4496 1858 4533 κακο-

1958 4481 2004 4534 at
2021 4473 2095 4533 ad
2114 4474 2299 4552 pedes
2328 4474 2626 4553 procidit:
2653 4493 2714 4536 et
2737 4494 3055 4539 assumens
3095 4481 3226 4556 ejus
3248 4480 3584 4556 dexteram,

241 4573 401 4638 ηθείας
456 4574 581 4635 τῆς
614 4566 872 4646 προτέρας
943 4566 1329 4646 ὑπομνησθεὶς,
1393 4565 1486 4621 καὶ
1546 4564 1715 4642 φυγὰς
1774 4564 1859 4623 διὰ

1958 4561 2293 4643 imponebat
2322 4563 2516 4626 oculis
2538 4574 2817 4646 tanquam
2851 4567 3382 4631 sanctiﬁcaturam.
3419 4571 3585 4633 Prae-

244 4661 430 4739 θρᾴκης
461 4659 779 4737 γενόμενος,
831 4660 909 4730 τῷ
941 4645 1232 4729 Ῥωμαϊκῷ
1281 4653 1495 4730 στρατῷ
1524 4654 1855 4733 περιπίπτει,

1958 4668 2106 4714 :erea
2129 4662 2327 4715 autem
2352 4652 2509 4715 ﬁlios
2532 4645 2772 4735 quoque
2796 4656 2941 4718 fecit
2967 4658 3279 4737 procidere
3294 4668 3431 4723 ante
3452 4679 3589 4721 san-

243 4752 321 4807 καὶ
356 4748 510 4811 οὕτως
556 4748 670 4823 ἅμα
713 4758 833 4809 τοῖς
878 4742 1059 4806 ἄλλοις
1123 4755 1479 4806 στασιασταῖς
1536 4742 1855 4804 ἀπόλλυται.

1958 4749 2071 4804 :tos
2104 4742 2236 4822 ejus
2265 4743 2469 4822 pedes.
2513 4744 2745 4806 Deinde
2777 4763 2911 4806 cum
2946 4745 3125 4808 verba
3156 4756 3217 4809 et
3245 4748 3413 4809 valde
3443 4767 3585 4810 sua-

244 4839 389 4897 Ἀλλὰ
425 4840 488 4896 τὰ
523 4837 621 4913 μὲν
660 4836 796 4894 κατὰ
856 4841 1054 4892 Γαϊνᾶν
1111 4833 1276 4910 οὕτω,
1338 4834 1429 4889 καὶ
1458 4838 1624 4889 ταῦτα
1654 4830 1707 4888 δὲ
1754 4840 1861 4893 τῶν

1958 4850 2072 4893 rem
2105 4831 2403 4893 audiisset
2431 4831 3128 4910 admonitionem,facile
3161 4837 3582 4916 persuadetur:

242 4925 431 4984 πολλῶν
460 4923 639 5002 ὀλίγα,

1958 4932 2001 4983 at
2030 4921 2283 4983 sublatis
2315 4921 2674 4996 inimicitiis,
2740 4924 2805 4984 fit
2863 4924 3173 5001 Romanis,
3209 4928 3362 4988 sicut
3394 4928 3582 5008 prius,

243 5018 536 5082 lbederatus
565 5025 623 5080 et
651 5016 903 5078 amicus.
933 5017 1016 5079 lta
1047 5032 1465 5092 saepenumero
1502 5016 1873 5079 venerandus
1900 5016 2121 5090 vultus,
2154 5022 2211 5076 et
2239 5018 2658 5095 opportunitas
2690 5026 2750 5078 et
2778 5018 3095 5097 prudentia
3124 5021 3431 5095 orationis,
3453 5039 3586 5101 quin

238 5109 317 5170 vis
343 5107 471 5172 belli
502 5126 622 5170 non
655 5106 871 5186 potuit,
904 5104 1077 5167 facile
1111 5106 1472 5179 effecerunt,
1505 5113 1566 5167 et
1593 5105 1717 5168 visa
1747 5115 1836 5167 est
1870 5106 2002 5187 plus
2055 5103 2316 5185 potuisse
2347 5104 2563 5185 oratio,
2591 5123 2765 5185 quam
2800 5107 3059 5184 gladius.
3092 5108 3211 5170 Sed
3259 5127 3417 5172 nunc
3446 5111 3587 5192 qui-

240 5199 356 5261 dem
406 5197 485 5260 sic
511 5197 708 5259 victus
735 5213 771 5256 a
827 5193 1037 5256 virtute
1066 5204 1126 5256 et
1173 5194 1374 5274 lingua
1402 5193 1672 5269 Joannis,
1709 5196 2000 5276 depositis
2058 5196 2261 5267 armis,
2298 5210 2503 5274 pacem
2539 5204 2629 5254 est
2666 5196 2996 5277 amplexus.
3052 5196 3181 5259 Non
3215 5201 3401 5261 multo
3449 5212 3584 5280 post

237 5301 408 5351 autem
448 5286 553 5350 illa
583 5284 750 5349 valde
810 5283 1012 5346 dulcia
1042 5291 1102 5345 et
1152 5301 1335 5346 aurea
1365 5283 1568 5359 verba,
1605 5294 1798 5356 erant,
1833 5294 1897 5347 ut
1955 5302 2090 5347 cum
2125 5283 2326 5345 divina
2376 5283 2690 5364 Scriptura
2738 5285 2956 5360 dicam,
2993 5292 3234 5350 inaures
3275 5308 3473 5352 aureae
3520 5292 3579 5353 in

236 5394 361 5440 aure
384 5375 563 5455 porci,
601 5384 658 5437 et
692 5372 974 5454 EthiOps
1004 5372 1249 5451 quidem
1287 5393 1407 5435 non
1468 5379 1716 5437 mutavit
1751 5373 1970 5454 pellem
1999 5375 2077 5449 94,
2115 5383 2173 5435 et
2197 5373 2333 5436 felis
2379 5373 2603 5434 crocoti
2635 5372 2845 5452 oblita,
2881 5386 3191 5456 persecuta
3233 5387 3327 5440 est
3355 5398 3424 5441 ea
3450 5398 3580 5459 quae

236 5473 592 5532 consueverat
622 5485 636 5528 :
672 5474 730 5527 et
758 5464 891 5546 ipse
920 5482 1160 5545 quoque
1190 5463 1452 5544 priorem
1486 5464 1894 5545 complectens
1922 5462 2388 5546 improbitatem,
2422 5482 2631 5525 rursus
2662 5482 2793 5525 cum
2828 5466 2963 5528 aliis
3005 5465 3208 5529 obibat
3238 5466 3576 5553 Thraciam,

304 5614 544 5679 24Arov.
578 5631 664 5692 XI,
701 5613 779 5676 22
814 5615 1087 5694 Herem.
1125 5631 1252 5691 xui,
1289 5613 1389 5679 23.
