3996 6178
463 290 614 356 1119

1764 286 2048 350 MENSIS
2089 289 2546 353 JANUARIUS.

3727 291 3844 356 1120

454 447 554 492 res
611 447 791 493 novas
824 429 1120 493 moliens:
1181 428 1373 492 donec
1403 427 1464 490 in
1493 426 1900 490 Romanorum
1939 419 2258 485 exercitum
2317 423 2526 489 incidit
2555 445 2690 488 cum
2721 425 2857 488 aliis
2886 428 3186 491 seditiosis
3220 450 3234 492 :
3287 435 3358 490 et
3395 425 3505 488 sic
3560 425 3746 488 malus
3772 426 3844 491 ille

456 519 612 584 male
643 523 820 601 perit.
851 519 969 583 Sed
1005 539 1102 582 res
1133 519 1373 600 quidem
1408 518 1608 583 Gaium
1633 517 1719 579 sic
1751 535 1815 578 se
1851 511 2190 577 habuerunt
2228 531 2242 583 ;
2275 520 2332 573 et
2361 516 2488 579 haec
2519 517 2765 598 quidem
2797 518 3054 580 diximus
3084 536 3269 598 pauca
3297 537 3386 580 ex
3425 515 3679 590 multis,
3704 535 3846 595 quam

456 619 580 671 tum
615 610 756 671 satis
782 610 959 672 fuerit
987 611 1060 672 ad
1092 608 1541 689 signiﬁcandam
1573 609 1702 686 ejus
1736 605 2214 687 perversitatem,
2249 611 2306 662 et
2340 607 2534 686 magni
2567 607 2727 670 illius
2755 608 2862 669 viri
2893 609 3199 670 virtutem.

499 702 969 766 XXX.Similiter
983 711 1180 767 autem
1197 722 1302 784 pro
1322 702 1751 766 ecclesiasticis
1761 717 1998 782 quoque
2012 718 2085 761 re

2269 689 2354 760 AI.
2402 702 2488 762 Τίς
2535 699 2589 755 δὲ
2647 704 2746 770 τὴν
2802 702 2931 778 ὑπὲρ
2961 708 3068 757 τῶν
3101 701 3616 767 ἐκκλησιαστικῶν
3649 703 3846 758 κανόνων

457 798 610 870 gulis
632 798 973 862 studium,et
996 813 1168 870 quem
1193 813 1296 869 pro
1322 799 1463 872 ipsis
1485 798 1735 855 habebat
1755 795 2101 860 zelum,sin-

458 882 706 962 gulatim
729 882 974 964 quidem
1001 901 1178 945 nemo
1205 891 1401 963 potest
1423 880 1871 962 explicare.Sed
1896 890 2096 942 tamen

458 974 572 1034 hoc
597 990 834 1053 quoque
861 972 1297 1053 paucis,quoad
1320 973 1453 1053 ejus
1477 973 1606 1035 ﬁeri
1631 969 2097 1052 potest,conabi-

455 1081 582 1124 mur
604 1067 1210 1138 ostendere,tanquam
1234 1068 1565 1126 universam
1585 1080 1793 1138 aquam
1810 1065 1982 1123 fontis
1996 1078 2095 1136 per

451 1150 753 1216 modicum
787 1153 1104 1215 fluentum.
1160 1155 1304 1215 Cum
1366 1153 1524 1214 enim
1577 1150 2092 1231 Constantinopoli

451 1241 657 1302 Asiani
682 1243 949 1322 episcopi
991 1260 1241 1303 numero
1266 1241 1472 1320 viginti
1498 1242 1614 1304 duo
1653 1260 1785 1303 cum
1819 1240 1931 1302 hoc
1961 1258 2092 1300 ma-

450 1351 566 1412 gno
593 1331 876 1413 pontiﬁce
901 1331 1282 1394 considerent
1306 1331 1649 1409 [AnnJOOL
1687 1340 1937 1410 repente
1971 1349 2092 1391 uno

449 1421 834 1484 sabbatorum
861 1422 1180 1502 episcopus
1203 1421 1442 1501 quidam
1469 1419 2094 1500 Valentinopolis,no—

452 1511 613 1572 mine
636 1509 1032 1586 Eusebius,ex
1057 1511 1192 1573 odio
1217 1512 1289 1572 ad
1321 1510 1490 1574 illum
1521 1510 1841 1585 accedens,
1879 1528 2090 1589 porre-

449 1601 535 1661 xit
557 1599 793 1663 libellos
813 1598 1183 1681 Synodo,qui
1209 1609 1378 1662 erant
1402 1600 1683 1662 adversus
1697 1600 2089 1668 Antoninum.

449 1690 551 1770 qui
585 1698 726 1752 tunc
749 1689 1115 1770 Ephesinam
1141 1690 1347 1753 sedem
1372 1688 2092 1752 administrabat.Deinde

448 1778 627 1842 etiam
653 1780 909 1841 maximo
933 1786 1308 1842 sacramento
1330 1779 1515 1858 adigit
1551 1796 1826 1858 magnum
1871 1778 2090 1842 Christi

450 1870 818 1948 pontiﬁcem,
851 1887 921 1932 ea
941 1888 1073 1951 quae
1095 1869 1230 1932 data
1252 1869 1510 1944 fuerant,
1543 1887 1662 1930 non
1696 1868 1909 1930 leviter
1939 1875 1998 1930 et
2029 1869 2090 1930 in

447 1965 694 2022 transitu
712 1970 1118 2030 tractaturum,
1153 1963 1251 2020 sed
1281 1963 1352 2020 ad
1375 1964 1860 2021 examinationem
1885 1977 2090 2035 quam-

2182 787 2417 855 οπουδὴν
2461 792 2547 846 καὶ
2607 793 2663 846 ὃν
2692 792 2823 870 ὑπὲρ
2868 793 3040 849 αὐτῶν
3075 793 3206 871 εἶχε
3238 791 3452 865 ζῆλον,
3512 789 3667 844 κατᾶ
3722 791 3845 870 μέρος

2181 880 2418 957 φράσοις
2478 879 2620 947 πλὴν
2678 879 2817 936 ἀλλὰ
2879 883 2966 938 καὶ
3027 882 3228 948 ταύτην
3286 880 3361 936 δι’
3441 879 3666 955 ὀλίγων
3727 889 3842 936 τινὰ

2181 967 2481 1042 ἀποδεῖξαι,
2545 972 2614 1035 ὡς
2674 971 2793 1028 οἶόν
2851 993 2932 1038 τε,
2998 972 3401 1049 πειρασόμεθα,
3465 970 3673 1045 ὥσπερ
3707 969 3763 1038 δὴ
3788 969 3842 1028 διε

2179 1061 2384 1136 μικρῶν
2442 1061 2692 1133 ναμάτων
2736 1060 2859 1118 ὅλον
2905 1059 3041 1138 ὕδωρ
3084 1062 3290 1137 πήγῆς.
3365 1060 3553 1119 Κατᾶ
3619 1061 3724 1136 γὰρ
3777 1065 3839 1124 τὴι

2183 1151 2580 1208 Κωνσταντίνου
2638 1157 2730 1206 τοῦ
2797 1150 3039 1227 μεγάλου
3083 1147 3241 1206 πόλιν
3289 1151 3602 1208 Ἀσιανῶν
3652 1148 3838 1205 imas-

2179 1262 2292 1294 πων
2345 1238 2433 1295 δύο
2478 1242 2563 1296 καὶ
2610 1239 2784 1296 εἴκοσι
2831 1241 2920 1295 τὸν
2977 1241 3199 1318 ἀριθμὸν
3249 1239 3467 1314 ὄντων,
3513 1239 3838 1317 ἆρχιερεῖιῖ

2176 1331 2346 1400 τούτῳ
2403 1336 2476 1403 τῷ
2537 1329 2758 1406 μεγάλῳ
2815 1328 3248 1408 συνεδρευόντων,
3317 1329 3396 1408 Si?
3416 1352 3502 1385 ιω
3578 1334 3716 1402 μιᾶς
3769 1336 3842 1384 τῶν

2178 1417 2457 1476 σαϐϐάτων
2533 1417 2780 1482 Εὒσέὸιός
2824 1441 2902 1484 τις
2974 1417 3586 1480 Οὖαλεντινουπόλεως
3646 1420 3844 1474 ἐπίσκο-

2176 1532 2273 1571 πος
2336 1508 2611 1588 παρελθὼν
2684 1511 2755 1572 εἰς
2823 1510 3041 1588 μέσους,
3105 1507 3388 1568 λιϐἐλλους
3447 1506 3750 1563 ἐπιδίδωσι

2175 1599 2400 1674 συνόδῳ.
2469 1598 2614 1658 Κατά
2696 1598 3012 1658 Ἀντωνίνου
3067 1597 3120 1654 δὲ
3179 1603 3316 1668 ἦσαν
3393 1601 3572 1655 οὗτοι
3621 1607 3722 1655 τοῦ
3766 1599 3841 1664 τῆς

2179 1687 2400 1768 Ἐφέσου
2459 1692 2549 1746 τὸν
2615 1690 2794 1764 θρόνον
2866 1687 3164 1752 διέποντος.
3212 1690 3351 1746 Εἶτα
3397 1691 3509 1745 καὶ
3567 1688 3723 1764 ὅρκῳ
3773 1691 3845 1742 τὸν

2176 1787 2402 1856 Χριστοῦ
2462 1781 2628 1856 μέγαν
2693 1780 2948 1858 ἀρχιερέα
3012 1779 3248 1856 μεγίστῳ
3307 1776 3752 1854 καταλαμϐάνει
3791 1781 3840 1832 τὰ

2173 1867 2385 1925 δοθέντα
2432 1876 2594 1925 ταῦτα
2640 1869 2717 1943 μὴ
2777 1867 3046 1945 παριδεῖν,
3081 1865 3200 1925 ἀλλ’
3259 1867 3342 1925 ὅτι
3387 1868 3670 1948 τάχιστα
3729 1869 3838 1945 πρὸς

2171 1957 2406 2024 ἐξέτασιν
2457 1962 2720 2037 ἔνεγκεῖν.
2776 1958 2868 2016 Ἐν
2927 1959 3060 2016 ἑπτὰ
3113 1956 3168 2014 δὲ
3232 1956 3577 2038 κεφαλαίοις
3629 1958 3833 2042 ’τούτοις

447 2048 698 2119 primum
721 2047 1364 2118 deducturum.Septem
1393 2057 1585 2106 autem
1607 2047 1894 2119 capitibus
1926 2061 2084 2104 com-

2171 2050 2232 2104 τὸ
2290 2055 2394 2105 πᾶν
2454 2047 2774 2116 συνείληπτο
2831 2053 2929 2114 τῆς
2986 2049 3308 2128 κατηγορίας
3343 2063 3359 2078 ⁸
3413 2048 3572 2127 εἶχε
3606 2045 3666 2102 δὲ
3696 2048 3836 2102 οὕτω·

449 2133 748 2213 prehensa
779 2140 908 2196 erat
929 2141 1047 2194 tota
1067 2133 1388 2196 accusatio.
1425 2131 1523 2195 Sic
1545 2141 1742 2193 autem
1773 2129 2032 2194 habebat
2065 2151 2080 2192 :

447 2222 646 2286 Sacris
669 2225 822 2286 vasis
843 2222 1126 2302 pretiosis
1156 2221 1804 2294 transmutatis,eorum
1841 2221 2088 2282 materia

446 2330 629 2375 unum
665 2330 799 2374 esse
851 2312 924 2374 ad
974 2331 1134 2387 vasa,
1167 2331 1300 2392 quae
1331 2313 1464 2390 ejus
1494 2317 1553 2372 et
1580 2310 1688 2372 ﬁlii
1719 2311 1812 2374 sui
1844 2311 2086 2372 fuerunt

446 2409 806 2482 nuncupata.
834 2406 1100 2466 Marmor
1118 2419 1327 2464 rursus
1352 2401 1659 2480 accepisse
1684 2418 1755 2461 ex
1777 2400 2084 2480 aditu;ba-

448 2492 726 2571 ptisterii,
762 2501 822 2554 et
844 2492 1057 2555 audaci
1089 2509 1266 2553 manu
1296 2498 1352 2552 et
1383 2500 1588 2553 mente
1621 2492 1683 2551 in
1715 2490 1930 2553 balneo
1979 2495 2088 2553 suo

448 2581 822 2662 deposuisse.
859 2582 1207 2661 Columnas,
1243 2599 1374 2662 quae
1421 2581 1597 2660 longo
1646 2589 1785 2642 ante
1818 2591 2090 2661 tempore

447 2670 604 2733 intra
628 2672 916 2752 templum
941 2673 1182 2733 fuerant
1214 2671 1513 2750 repositae,
1549 2669 1606 2730 in
1632 2688 1737 2731 suo
1763 2671 2089 2733 collocasse

449 2761 926 2824 triclinio.Suum
952 2762 1138 2822 ﬁlium
1164 2760 1348 2823 credis
1370 2779 1568 2830 reum,
1593 2779 1711 2821 non
1745 2760 1945 2822 divina
1977 2779 2088 2822 nec

445 2851 712 2912 humana
769 2851 1122 2923 reveritum,
1183 2868 1316 2910 eum
1367 2867 1472 2910 sua
1521 2849 1706 2910 nimia
1739 2851 2088 2912 auctoritate

447 2957 803 3002 conservare
833 2938 1028 3001 adhuc
1051 2940 1363 3001 immotum
1393 2939 1453 2999 in
1485 2938 2084 3016 diaconatu.Praedia,

445 3028 660 3110 inquit,
695 3049 728 3089 a
759 3030 1040 3105 Basilina,
1073 3048 1206 3109 qure
1227 3039 1352 3091 erat
1391 3035 1578 3090 mater
1606 3027 1831 3091 Juliani
1860 3030 2088 3094 abomi-

447 3119 1344 3199 nandiﬁmperatoris,Ecclesia:
1359 3130 1705 3182 consecrata
1718 3120 2080 3193 vendidisse,

447 3220 505 3271 et
537 3209 790 3286 pretium
842 3209 958 3271 sibi
984 3227 1326 3290 usurpasse.
1361 3209 1506 3272 Cum
1537 3211 1703 3271 uxori
1735 3228 1841 3270 sua
1870 3219 2084 3290 sponte

447 3299 610 3379 prius
635 3300 1061 3374 renuntiasset,
1097 3319 1232 3361 cum
1269 3319 1337 3362 ea
1367 3317 1578 3360 rursus
1607 3299 1887 3372 coivisse,
1921 3309 1980 3361 et
2011 3318 2081 3362 ex

2175 2137 2442 2213 Κειμήλια
2528 2139 2640 2214 ἱερὰ
2712 2139 3272 2212 μετασκευασάμενος,
3366 2139 3441 2213 τῇ
3509 2139 3697 2193 αὐτῶν
3746 2136 3830 2211 Si!)

2170 2229 2334 2294 σκεύη
2367 2227 2643 2296 ποιήσειεν
2678 2227 2819 2300 αὒτῷ
2850 2248 2907 2282 τε
2938 2228 3030 2283 καί
3064 2228 3140 2302 τῷ
3169 2230 3265 2302 υίῷ
3324 2225 3831 2300 κατωνομασμὲνα.

2172 2317 2492 2396 Μαρμᾰρους
2563 2317 2705 2380 αὖθις
2793 2315 2889 2384 τῆς
2974 2315 3176 2373 εἰσόδου
3267 2315 3368 2384 τῆς
3451 2313 3824 2391 κολυμϐήθρας
3914 2374 3915 2384 ,

2171 2404 2372 2480 λαϐὼν,
2409 2405 2654 2483 τολμηρᾷ
2684 2404 2834 2485 χειρὶ
2877 2427 2953 2480 τῳ
3010 2405 3196 2463 ἑαυτοῦ
3227 2406 3509 2473 κατέθηκε
3546 2405 3821 2482 βαλανείῳ.

2175 2497 2366 2560 Κίονας
2412 2496 2550 2552 εἵσω
2587 2503 2672 2552 τοῦ
2733 2496 2892 2572 ἱεροῦ,
2941 2495 3106 2561 πολὺς
3156 2495 3208 2561 ἐξ
3241 2499 3300 2552 οὗ
3327 2498 3570 2576 χρόνος,
3611 2495 3818 2552 ἀποκει-

2171 2586 2387 2662 μένους,
2433 2590 2510 2658 τῷ
2565 2586 2722 2642 αύτοῦ
2782 2585 2966 2664 ἔλεγεν
3026 2586 3326 2654 ὑπρστῆσαι
3384 2585 3682 2663 τρικλίνῳ.
3739 2585 3817 2640 Τὸν
3914 2598 3915 2614 ‘

2171 2679 2280 2736 υἱὸν
2313 2678 2404 2733 τὸν
2448 2677 2636 2732 ἑαυτοῦ
2663 2676 2826 2754 φόνου
2856 2677 3144 2756 φεύγοντά,
3175 2675 3234 2733 οὗ
3290 2680 3438 2748 θεῖα,
3483 2678 3589 2734 οὐκ
3634 2674 3808 2750 ἀνθρώ-

2172 2789 2300 2822 πινα
2351 2764 2552 2840 δείσας,
2587 2766 2723 2822 κατὰ
2789 2764 2994 2833 πολλὴν
3041 2765 3194 2830 οὗτος
3236 2766 3335 2832 τὴν
3375 2765 3603 2838 τόλμαν
3651 2763 3808 2827 ἀκίνη-

2171 2878 2261 2914 τον
2319 2855 2374 2911 ἐν
2431 2862 2499 2932 τῇ
2557 2854 2795 2928 διακονίᾳ
2853 2859 3016 2912 εἷσετι
3068 2853 3344 2933 δεατηρεϊ,
3398 2856 3621 2933 Χωρία,
3657 2853 3801 2932 φησὶν,

2169 2947 2270 3002 ὑπὸ
2329 2945 2607 3022 βασιλίνης
2657 2947 2755 3014 τῆς
2800 2947 3003 3022 μητρὸς
3050 2943 3341 3004 Ἰουλιανοῦ
3399 2967 3503 3003 του
3569 2941 3798 3001 ἆπευκτό·

2170 3058 2301 3092 τατα
2331 3036 2743 3112 βασιλεύσαντος
2766 3034 3151 3112 καθιερωθέντα
3195 3040 3263 3109 τῇ
3305 3033 3650 3113 Ἐκκλησίᾳ,
3710 3052 3788 3087 πω-

2169 3125 2339 3195 λήσας
2387 3125 2538 3189 οὗτος
2583 3124 2893 3190 ἐξιδιώσατο
2935 3124 3030 3186 τὰς
3079 3125 3264 3199 τιμάς.
3318 3131 3396 3200 Τῇ
3426 3129 3662 3201 γαμετῇ
3695 3120 3797 3177 κατὰ

2166 3215 2388 3293 γνώμην
2439 3213 2840 3290 ἀποταξάμενος
2883 3212 3165 3291 πρότερον,
3227 3211 3388 3270 πάλιν
3451 3216 3600 3289 αὒτῇ
3633 3208 3794 3268 συνέλ-

2164 3309 2270 3383 θοι,
2333 3310 2420 3362 καί
2465 3302 2664 3362 παίδων
2724 3305 2899 3381 πατὴρ
2969 3301 3022 3368 ἐξ
3082 3305 3249 3370 αὐτῆς
3309 3303 3556 3381 γένοιτο.
3622 3293 3681 3357 ’Β
3725 3298 3792 3353 ἐπῖ

446 3407 517 3450 ea
547 3389 700 3452 filios
723 3389 1087 3470 suscepisse.
1122 3388 1226 3450 His
1251 3388 1524 3451 omnibus
1557 3389 1727 3450 malis
1757 3388 2084 3452 accedebat

2167 3395 2376 3456 τούτοις
2423 3400 2550 3450 πᾶσι
2598 3407 2715 3456 τοῖς
2769 3405 2961 3458 κακοῖς
2992 3394 3237 3472 κορωνὶς,
3271 3392 3352 3448 ὅτι
3383 3394 3458 3456 ὡς
3485 3393 3642 3466 νόμῳ
3668 3392 3794 3468 χρῆ·

448 3481 574 3541 htec
596 3480 1338 3561 coronis,quod.tanquam
1371 3481 1449 3539 sit
1479 3478 1705 3540 licitum
1733 3485 1791 3541 et
1823 3481 2084 3559 permis-

448 3573 976 3639 sum,aurovendat
998 3575 1404 3644 episcOporum
1430 3570 1996 3636 ordinationes,adeo
2022 3583 2084 3632 ut

447 3659 705 3738 majores
731 3659 896 3731 ﬁant,
919 3657 1024 3738 qui
1042 3659 1174 3738 plus
1198 3657 1467 3738 praebent
1498 3657 1794 3737 pecuniae.
1832 3658 1924 3721 Ad
1958 3660 2084 3721 haec

445 3749 625 3810 homo
648 3746 752 3809 Dei
771 3748 1006 3828 placide
1025 3747 1348 3810 admodum
1372 3757 1430 3808 et
1453 3747 1773 3828 tranquille
1809 3765 1823 3810 :
1849 3747 2079 3825 Frater,

442 3837 657 3916 inquit,
718 3835 962 3910 Eusebi,
1022 3836 1120 3912 iis,
1153 3855 1288 3914 quae
1320 3845 1566 3917 propter
1594 3835 1779 3898 animi
1813 3836 2080 3900 dolorem

447 3928 619 4007 ﬁunt,
655 3926 1138 3989 accusationibus
1196 3927 1452 3988 maxima
1497 3945 1567 3988 ex
1602 3935 1766 4006 parte
1797 3946 1915 3988 non
1946 3936 2084 3988 sunt

446 4017 655 4080 faciles
677 4015 1388 4096 probationes.Mittamus
1409 4035 1552 4094 ergo
1573 4016 1634 4076 in
1657 4017 1894 4095 scriptis
1913 4035 2086 4080 accu-

444 4126 580 4170 sare
601 4108 1144 4181 Antoninum,cum
1169 4105 1396 4166 doloris
1417 4125 1624 4168 causas
1655 4106 1956 4187 possimus
1976 4126 2083 4170 cu-

444 4215 582 4260 rare
611 4197 872 4260 facilius.
893 4198 1038 4260 Cum
1063 4197 1113 4256 is
1144 4202 1340 4257 autem
1371 4204 1625 4276 repente
1651 4197 1848 4258 verbis
1880 4204 2082 4259 utere-

447 4297 541 4349 tur
580 4286 938 4367 acrioribus,
973 4298 1033 4348 et
1090 4285 1610 4365 impudentissime
1640 4286 1986 4361 afﬁrmaret,
2016 4305 2082 4348 se

445 4377 606 4438 nulla
647 4377 834 4438 animi
890 4375 1338 4455 perturbatione
1397 4386 1646 4449 motum,
1689 4375 1796 4438 sed
1829 4377 2080 4439 veritate

444 4473 642 4528 omnia
689 4484 996 4540 accusare,
1049 4471 1148 4526 dat
1181 4466 1392 4527 beatus
1423 4465 1686 4529 Joannes
1724 4466 1920 4528 locum
1951 4467 2075 4546 ine,

441 4555 761 4617 arbitratus
794 4554 1136 4617 inimicitias
1169 4573 1301 4618 esse
1348 4575 1587 4619 causam
1621 4556 2028 4618 accusationis
2060 4576 2073 4616 :

445 4654 501 4705 et
531 4665 663 4706 cum
702 4645 944 4707 Paulum
1005 4645 1309 4710 Heracleae
1357 4647 1707 4726 episcOpum
1747 4645 2081 4726 (videbatur

2167 3506 2252 3542 ται
2297 3483 2393 3540 καί
2451 3481 2704 3561 δόγματι,
2758 3483 2982 3562 χρυσίου
3011 3482 3106 3544 τὰς
3136 3487 3244 3537 τῶν
3273 3479 3591 3537 έπισκόπων
3622 3498 3788 3558 χειρο-

2165 3574 2339 3639 τονίας
2395 3571 2624 3644 πωλεῖν,
2673 3579 2780 3629 τῶν
2811 3572 3070 3649 μειζόνων
3111 3571 3238 3650 (φεῦ
3271 3569 3316 3650 Ξ)
3361 3569 3664 3648 γινομένων
3702 3571 3790 3621 τῶν

2165 3661 2384 3722 πλείονα
2440 3662 2816 3742 παρεχόντων,
2868 3661 3004 3739 Πρὸς
3055 3681 3221 3717 ταυτα
3265 3661 3357 3717 τὸν
3399 3667 3496 3717 τοῦ
3541 3665 3670 3716 θεοῦ
3703 3654 3782 3711 ἄν·

2165 3757 2373 3830 θρωπον
2444 3752 2627 3831 πράως
2708 3773 2823 3813 πως
2874 3749 2936 3807 ἂν
2993 3749 3174 3814 εἴποις
3232 3751 3319 3806 καὶ
3377 3747 3657 3828 γαληνῶς,
3702 3744 3781 3800 ’Λ-

2166 3841 2347 3921 δελφὲ,
2408 3843 2591 3922 φάναι,
2654 3839 2896 3914 Εὖσέϐιε,
2953 3853 3072 3906 τοῖς
3147 3837 3232 3896 διὰ
3309 3839 3491 3906 λύπην
3562 3855 3780 3910 κατηγο·

2167 3938 2300 4013 ρίαις
2358 3934 2410 3990 ad
2481 3929 2772 3998 ἀποδείξεις
2843 3932 2938 3987 οὒκ
3009 3935 3284 4010 εὐχερεῖς.
3345 3930 3461 4008 Χρή
3523 3928 3612 3984 οὖν
3664 3925 3782 4013 ἀπο·

2167 4028 2358 4090 στῆναι
2415 4028 2508 4080 τοῦ
2563 4022 2840 4101 ἐγγράφως
2925 4031 3253 4098 κατηγορεῖν
3315 4016 3645 4083 Ἀντωνίνου,
3699 4012 3775 4070 τὰς

2167 4113 2262 4180 τῆς
2321 4111 2497 4179 λύπης
2581 4111 2754 4173 αἰτίας
2829 4110 2954 4187 ῥᾷον
3034 4111 3211 4165 ἰᾶσθαι
3269 4106 3572 4182 δυναμένων
3624 4105 3775 4178 ἡμῶν.

2165 4204 2267 4260 Τοῦ
2321 4200 2376 4256 δὲ
2432 4200 2613 4279 λόγοις
2669 4199 3007 4278 θερμοτέροις
3066 4197 3379 4278 χρωμένου,
3440 4197 3532 4253 καί
3601 4188 3768 4265 ἰταμώ-

2162 4313 2297 4350 τατα
2338 4289 2756 4367 διατεινομένου,
2817 4287 2986 4363 μηδὲν
3053 4288 3189 4345 κατὰ
3233 4289 3425 4361 πάθος,
3471 4285 3600 4343 ἀλλὰ
3650 4279 3756 4356 πρὸς

2162 4380 2416 4452 ἀλήθειαν
2461 4381 2636 4437 πάντα
2685 4391 3015 4456 κατηγορεῖν
3071 4376 3247 4436 δίδωσι
3294 4376 3458 4435 τόπον
3532 4379 3556 4433 ὁ
3607 4369 3753 4448 μακά-

2165 4493 2276 4548 ριος
2318 4471 2385 4547 τῇ
2429 4473 2588 4548 ὀργῇ,
2636 4467 2932 4548 ἀπέχθειαν
2985 4471 3125 4524 εἴναι
3157 4466 3308 4533 δόξας
3351 4471 3452 4534 τῆς
3484 4459 3748 4538 κατηγορίας

2164 4562 2260 4628 τὴν
2291 4560 2578 4639 πρὸφασιν,
2619 4559 2705 4614 καὶ
2738 4555 2946 4615 Παῦλον
3003 4556 3092 4614 τὸν
3138 4549 3459 4635 Ἡρακλείας
3519 4553 3734 4639 infamant!

2169 4630 2361 4730 (ἐδόκει
2410 4630 2520 4724 ¹γόιρ
2563 4630 2736 4712 ὀὗτος
2791 4645 2979 4726 φιλίως
3039 4630 3218 4725 ἔχειν’
3265 4645 3389 4724 πρὸς
3455 4630 3738 4730 ’Λντωνῖνοὴ

443 4735 604 4797 enim
641 4738 686 4797 is
731 4736 886 4797 bene
944 4735 1093 4798 velle
1140 4736 1470 4814 Antonino)
1505 4744 1798 4815 rogasset,
1832 4745 1895 4796 ut
1923 4737 2082 4796 inter

2167 4728 2230 4797 τὰ
2272 4743 2401 4820 πρὸς
2473 4741 2689 4816 εἰρήνην
2752 4737 2837 4794 ἐπ’
2894 4735 3224 4818 ἄμφοτέρους
3296 4728 3741 4820 διαπρεσϐεύσασθξι

443 4836 772 4907 utrumque
797 4843 1000 4907 pacem
1016 4802 1648 4902 conciliarensurgens
1670 4802 1974 4902 ingressus
1991 4835 2080 4885 est

2167 4829 2418 4908 ἀξιώσας,
2464 4829 2694 4892 ἀναστὰς
2729 4830 2801 4892 εἷς
2845 4829 2905 4883 τὸ
2947 4827 3087 4904 ἱερὸν
3144 4825 3394 4882 εῗσεισιν.
3440 4821 3640 4882 Ἐκάλει
3676 4834 3747 4891 γαρ

445 4923 502 4977 in
530 4922 827 4990 templum:
849 4931 1073 4990 tempus
1091 4920 1244 4976 enim
1268 4921 1512 4976 vocabat
1534 4917 1872 4975 celebrandi
1896 4919 2076 4976 divini

443 5006 733 5086 mysterii.
760 5005 870 5068 Sed
896 5007 1021 5067 haec
1053 5023 1126 5066 ne
1163 5006 1472 5066 minimum
1497 5004 1738 5086 quidem
1767 5003 2081 5085 placebant

442 5093 930 5176 Eusebio,neqne
954 5093 1226 5156 cessabat
1247 5093 1320 5155 ab
1350 5093 1680 5156 inimicitiis
1710 5116 1722 5158 :
1751 5096 1856 5157 sed
1889 5097 2078 5158 vehe-

445 5199 668 5246 menter
690 5189 1072 5245 invehebatur
1096 5189 1153 5244 in
1179 5187 1621 5254 Antoninum.et
1642 5189 1923 5261 magnoin
1947 5205 2078 5246 eum

443 5272 747 5334 ferebatur
775 5269 1330 5352 impetu.Iucertum
1364 5272 1894 5352 autem,quomodo
1926 5273 2077 5334 fuis-

444 5377 533 5424 set
557 5363 616 5423 in
650 5380 784 5424 eum
817 5369 1035 5438 motus,
1070 5370 1130 5423 et
1158 5379 1417 5442 quonam
1452 5362 1636 5423 animi
1671 5373 1835 5423 motu
1869 5363 2081 5426 fuisset

443 5451 956 5532 incitatus.ltaque
977 5451 1298 5525 accedens,
1331 5451 1580 5513 alterum
1619 5470 1836 5530 magno
1866 5453 2078 5514 Joanni

443 5541 619 5601 tradit
637 5539 903 5601 libellum
920 5540 1087 5618 cujus
1101 5539 1452 5601 erateadem
1479 5559 1611 5601 cum
1635 5542 1820 5620 priori
1841 5554 2082 5604 senten-

444 5641 541 5701 tia.
571 5638 845 5694 Praeterea
869 5646 1058 5694 autem
1080 5653 1290 5696 rursus
1310 5653 1537 5710 quoque
1561 5640 1876 5697 horrendis
1899 5644 2080 5714 adigit

2163 4924 2190 4977 ὁ
2250 4922 2429 4995 καιρὸς
2490 4924 2590 4985 τῆς
2648 4918 3053 4995 μυσταγωγίας.
3117 4915 3268 4973 Ἀλλ’
3348 4915 3443 4972 οὒκ
3505 4915 3568 4981 ἧν

2162 5013 2249 5067 καὶ
2304 4992 2540 5082 Εύσεόίῳ
2600 4992 2934 5087 ἀρέσκοντα,
2976 5003 3083 5065 οὐδ’
3136 5005 3330 5085 ἔληγεν
3389 5004 3601 5085 ἔχθρας,
3651 4992 3750 5052 ἀλλᾶ

2163 5097 2328 5161 πολὺς
2399 5098 2466 5166 ἧν
2521 5100 2658 5155 κατὰ
2720 5095 3039 5154 Ἀντωνίνου
3107 5095 3426 5174 φερόμενος,
3489 5095 3574 5149 καί
3620 5087 3749 5174 ὁρμῆς

2164 5187 2400 5268 ἀσχέτου
2431 5189 2517 5244 καὶ
2552 5194 2716 5266 φορᾶς
2753 5185 3002 5262 ἔμπλεως
3042 5205 3056 5220 ⁸
3096 5184 3295 5252 ἄδηλον
3329 5184 3535 5259 μέντοι,
3566 5181 3684 5237 ὅπως
3704 5171 3750 5272 ξῆ

2163 5277 2282 5335 κατ’
2343 5277 2500 5334 αὔτοῦ
2557 5278 2834 5351 κεκίνητο,
2900 5279 2986 5332 καὶ
3047 5276 3146 5332 τίνι
3226 5275 3377 5331 πάθει
3452 5274 3547 5340 τὴν
3613 5273 3752 5343 ψ)χην

2166 5368 2572 5444 ὅπεκνισμένος.
2634 5367 2911 5446 Παρελθὼν
2957 5367 3069 5440 οὖν,
3127 5367 3212 5423 καὶ
3268 5365 3447 5444 ἕτερον
3476 5371 3552 5437 τῷ
3581 5353 3748 5446 μεγάλοι)

2165 5459 2426 5538 προτείνει
2471 5456 2697 5536 βιϐλίον,
2758 5457 2822 5512 τὰ
2884 5459 3016 5516 αὐτὰ
3072 5453 3358 5528 δυνάμενον
3405 5459 3480 5528 τῷ
3535 5441 3745 5538 προτέρξῖνι

2164 5551 2250 5604 καὶ
2310 5547 2483 5624 ὅρκοις
2529 5546 2688 5605 παλιν
2732 5544 3129 5620 καταλαμϐάνει
3169 5556 3434 5624 φρικτοϊς,
3497 5543 3581 5598 καὶ
3625 5533 3744 5596 αὐτὴν

2164 5639 2399 5716 συνείρας
2455 5638 2561 5692 τῶν
2606 5635 2868 5714 βασιλέων
2914 5637 3010 5703 τὴν
3055 5623 3348 5712 σωτηρίαν,
3413 5633 3490 5707 μὴ
3551 5623 3745 5707 παριδεῖν
