  <div class='ocr_page' id='page_1' title='image "/cluster/home/n/w/nwhite01/storage/ocr_20150623/114/mdp.39015028574344/574.png"; bbox 0 0 3996 6178; ppageno 0'>
   <div class='ocr_carea' id='block_1_1' title="bbox 209 263 1930 342">
    <p class='ocr_par' dir='ltr' id='par_1_1' title="bbox 209 264 1930 342">
     <span class='ocr_line' id='line_1_1' title="bbox 209 264 1930 342; baseline -0.009 1"><span class='ocrx_word' id='word_1_1' title='bbox 209 273 411 342; x_wconf 70' lang='grc'>1125</span> <span class='ocrx_word' id='word_1_2' title='bbox 1299 270 1485 336; x_wconf 86' lang='lat' dir='ltr'><strong>VITA</strong></span> <span class='ocrx_word' id='word_1_3' title='bbox 1532 270 1590 332; x_wconf 91' lang='lat' dir='ltr'><strong>S.</strong></span> <span class='ocrx_word' id='word_1_4' title='bbox 1637 264 1930 331; x_wconf 72' lang='lat' dir='ltr'><strong>IOANNI:</strong></span> 
     </span>
    </p>
   </div>
   <div class='ocr_carea' id='block_1_2' title="bbox 2018 263 3632 342">
    <p class='ocr_par' dir='ltr' id='par_1_2' title="bbox 2018 263 3632 328">
     <span class='ocr_line' id='line_1_2' title="bbox 2018 263 3632 328; baseline -0.001 0"><span class='ocrx_word' id='word_1_5' title='bbox 2018 265 2167 328; x_wconf 74' lang='grc' dir='ltr'><strong>ΕΗΒ</strong></span> <span class='ocrx_word' id='word_1_6' title='bbox 2181 263 2579 328; x_wconf 88' lang='lat' dir='ltr'><strong>YSOSTOMI.</strong></span> <span class='ocrx_word' id='word_1_7' title='bbox 3477 265 3496 327; x_wconf 87' lang='lat' dir='ltr'><strong>l</strong></span> <span class='ocrx_word' id='word_1_8' title='bbox 3519 263 3632 328; x_wconf 80' lang='grc'><strong>126</strong></span> 
     </span>
    </p>
   </div>
   <div class='ocr_carea' id='block_1_3' title="bbox 213 393 1930 491">
    <p class='ocr_par' dir='ltr' id='par_1_3' title="bbox 213 402 1930 491">
     <span class='ocr_line' id='line_1_3' title="bbox 213 402 1930 491; baseline -0.01 -22"><span class='ocrx_word' id='word_1_9' title='bbox 213 413 643 491; x_wconf 78' lang='grc' dir='ltr'>παραστήσειν.</span> <span class='ocrx_word' id='word_1_10' title='bbox 693 409 878 475; x_wconf 73' lang='grc' dir='ltr'>’Ἔδοξε</span> <span class='ocrx_word' id='word_1_11' title='bbox 931 410 1209 487; x_wconf 75' lang='grc' dir='ltr'><strong>τοιγαροῦν</strong></span> <span class='ocrx_word' id='word_1_12' title='bbox 1268 413 1336 482; x_wconf 81' lang='grc' dir='ltr'>τῇ</span> <span class='ocrx_word' id='word_1_13' title='bbox 1397 402 1708 477; x_wconf 82' lang='grc' dir='ltr'>συνόδῳμῆ</span> <span class='ocrx_word' id='word_1_14' title='bbox 1768 409 1930 478; x_wconf 44' lang='grc' dir='ltr'>χεῖτ.</span> 
     </span>
    </p>
   </div>
   <div class='ocr_carea' id='block_1_4' title="bbox 2018 393 3638 491">
    <p class='ocr_par' dir='ltr' id='par_1_4' title="bbox 2018 393 3638 477">
     <span class='ocr_line' id='line_1_4' title="bbox 2018 393 3638 477; baseline 0.001 -21"><span class='ocrx_word' id='word_1_15' title='bbox 2018 414 2168 477; x_wconf 55' lang='grc' dir='ltr'>υσθυε</span> <span class='ocrx_word' id='word_1_16' title='bbox 2191 395 2830 472; x_wconf 85' lang='lat' dir='ltr'><strong>conﬂuebant,vultum</strong></span> <span class='ocrx_word' id='word_1_17' title='bbox 2867 393 3036 454; x_wconf 91' lang='lat' dir='ltr'><strong>illum</strong></span> <span class='ocrx_word' id='word_1_18' title='bbox 3070 393 3272 456; x_wconf 89' lang='lat' dir='ltr'><strong>videre</strong></span> <span class='ocrx_word' id='word_1_19' title='bbox 3302 395 3638 475; x_wconf 84' lang='lat' dir='ltr'><strong>cupientes,</strong></span> 
     </span>
    </p>
   </div>
   <div class='ocr_carea' id='block_1_5' title="bbox 220 485 1930 579">
    <p class='ocr_par' dir='ltr' id='par_1_5' title="bbox 220 490 1903 579">
     <span class='ocr_line' id='line_1_5' title="bbox 220 490 1903 579; baseline -0.01 -21"><span class='ocrx_word' id='word_1_20' title='bbox 220 525 334 579; x_wconf 78' lang='grc' dir='ltr'><strong>ρον</strong></span> <span class='ocrx_word' id='word_1_21' title='bbox 418 506 582 570; x_wconf 79' lang='grc' dir='ltr'>εἶναι,</span> <span class='ocrx_word' id='word_1_22' title='bbox 664 501 761 555; x_wconf 70' lang='grc' dir='ltr'>κᾶν</span> <span class='ocrx_word' id='word_1_23' title='bbox 841 503 867 554; x_wconf 76' lang='grc' dir='ltr'><strong>ὃ</strong></span> <span class='ocrx_word' id='word_1_24' title='bbox 924 502 982 554; x_wconf 78' lang='grc' dir='ltr'>τὸ</span> <span class='ocrx_word' id='word_1_25' title='bbox 1056 499 1303 575; x_wconf 77' lang='grc' dir='ltr'>ἀργύριον</span> <span class='ocrx_word' id='word_1_26' title='bbox 1375 495 1608 573; x_wconf 64' lang='grc' dir='ltr'>εἰληφὼς</span> <span class='ocrx_word' id='word_1_27' title='bbox 1679 490 1903 550; x_wconf 68' lang='grc' dir='ltr'>απεῧίω,</span> 
     </span>
    </p>
   </div>
   <div class='ocr_carea' id='block_1_6' title="bbox 2018 485 3638 579">
    <p class='ocr_par' dir='ltr' id='par_1_6' title="bbox 2019 485 3638 566">
     <span class='ocr_line' id='line_1_6' title="bbox 2019 485 3638 566; baseline 0.001 -21"><span class='ocrx_word' id='word_1_28' title='bbox 2019 506 2052 545; x_wconf 93' lang='lat' dir='ltr'><strong>n</strong></span> <span class='ocrx_word' id='word_1_29' title='bbox 2085 505 2202 566; x_wconf 84' lang='lat' dir='ltr'><strong>quo</strong></span> <span class='ocrx_word' id='word_1_30' title='bbox 2237 487 2486 547; x_wconf 84' lang='lat' dir='ltr'><strong>ﬂorebat</strong></span> <span class='ocrx_word' id='word_1_31' title='bbox 2520 504 2730 564; x_wconf 81' lang='lat' dir='ltr'><strong>magna</strong></span> <span class='ocrx_word' id='word_1_32' title='bbox 2779 486 3018 546; x_wconf 80' lang='lat' dir='ltr'><strong>virtutis</strong></span> <span class='ocrx_word' id='word_1_33' title='bbox 3045 485 3259 564; x_wconf 81' lang='lat' dir='ltr'><strong>gratia,</strong></span> <span class='ocrx_word' id='word_1_34' title='bbox 3295 494 3352 546; x_wconf 87' lang='lat' dir='ltr'><strong>et</strong></span> <span class='ocrx_word' id='word_1_35' title='bbox 3380 486 3638 564; x_wconf 75' lang='lat' dir='ltr'><strong>linguam</strong></span> 
     </span>
    </p>
   </div>
   <div class='ocr_carea' id='block_1_7' title="bbox 228 573 1930 667">
    <p class='ocr_par' dir='ltr' id='par_1_7' title="bbox 228 580 1909 667">
     <span class='ocr_line' id='line_1_7' title="bbox 228 580 1909 667; baseline -0.008 -20"><span class='ocrx_word' id='word_1_36' title='bbox 228 591 376 647; x_wconf 81' lang='grc' dir='ltr'>ἀλλ’</span> <span class='ocrx_word' id='word_1_37' title='bbox 440 595 528 649; x_wconf 73' lang='grc' dir='ltr'><strong>οὖν</strong></span> <span class='ocrx_word' id='word_1_38' title='bbox 579 612 639 667; x_wconf 89' lang='grc' dir='ltr'><strong>γε</strong></span> <span class='ocrx_word' id='word_1_39' title='bbox 711 588 794 645; x_wconf 82' lang='grc' dir='ltr'><strong>διὰ</strong></span> <span class='ocrx_word' id='word_1_40' title='bbox 849 589 970 650; x_wconf 83' lang='grc' dir='ltr'>τοὺς</span> <span class='ocrx_word' id='word_1_41' title='bbox 1041 585 1335 646; x_wconf 76' lang='grc' dir='ltr'><strong>δεδωκότας</strong></span> <span class='ocrx_word' id='word_1_42' title='bbox 1410 587 1482 644; x_wconf 77' lang='grc' dir='ltr'>εἰς</span> <span class='ocrx_word' id='word_1_43' title='bbox 1553 582 1786 647; x_wconf 78' lang='grc' dir='ltr'>ἐξέτασιν</span> <span class='ocrx_word' id='word_1_44' title='bbox 1849 580 1909 634; x_wconf 80' lang='grc' dir='ltr'>τὸ</span> 
     </span>
    </p>
   </div>
   <div class='ocr_carea' id='block_1_8' title="bbox 2018 573 3642 667">
    <p class='ocr_par' dir='ltr' id='par_1_8' title="bbox 2018 573 3642 657">
     <span class='ocr_line' id='line_1_8' title="bbox 2018 573 3642 657; baseline 0.001 -23"><span class='ocrx_word' id='word_1_45' title='bbox 2018 577 2200 636; x_wconf 69' lang='grc' dir='ltr'>ιυόίνθ</span> <span class='ocrx_word' id='word_1_46' title='bbox 2219 583 2699 657; x_wconf 72' lang='lat' dir='ltr'><strong>cupientes,quze</strong></span> <span class='ocrx_word' id='word_1_47' title='bbox 2722 575 2969 654; x_wconf 78' lang='lat' dir='ltr'><strong>pulchre</strong></span> <span class='ocrx_word' id='word_1_48' title='bbox 2995 585 3051 635; x_wconf 92' lang='lat' dir='ltr'><strong>et</strong></span> <span class='ocrx_word' id='word_1_49' title='bbox 3073 577 3333 636; x_wconf 79' lang='lat' dir='ltr'><strong>suaviter</strong></span> <span class='ocrx_word' id='word_1_50' title='bbox 3354 573 3642 635; x_wconf 85' lang='lat' dir='ltr'><strong>inﬂuebat</strong></span> 
     </span>
    </p>
   </div>
   <div class='ocr_carea' id='block_1_9' title="bbox 231 662 1930 758">
    <p class='ocr_par' dir='ltr' id='par_1_9' title="bbox 231 668 1908 758">
     <span class='ocr_line' id='line_1_9' title="bbox 231 668 1908 758; baseline -0.01 -20"><span class='ocrx_word' id='word_1_51' title='bbox 231 688 484 758; x_wconf 79' lang='grc' dir='ltr'>πρᾶγμα</span> <span class='ocrx_word' id='word_1_52' title='bbox 543 692 754 737; x_wconf 75' lang='grc' dir='ltr'>πεσεῖν.</span> <span class='ocrx_word' id='word_1_53' title='bbox 793 677 1181 757; x_wconf 82' lang='grc' dir='ltr'>Παραχθέντων</span> <span class='ocrx_word' id='word_1_54' title='bbox 1237 676 1408 731; x_wconf 81' lang='grc' dir='ltr'>τοίνυν</span> <span class='ocrx_word' id='word_1_55' title='bbox 1466 676 1570 728; x_wconf 80' lang='grc' dir='ltr'>τῶν</span> <span class='ocrx_word' id='word_1_56' title='bbox 1616 668 1720 738; x_wconf 73' lang='grc' dir='ltr'><strong>ἤδη</strong></span> <span class='ocrx_word' id='word_1_57' title='bbox 1780 690 1908 725; x_wconf 89' lang='grc' dir='ltr'>συν-</span> 
     </span>
    </p>
   </div>
   <div class='ocr_carea' id='block_1_10' title="bbox 2018 662 3642 758">
    <p class='ocr_par' dir='ltr' id='par_1_10' title="bbox 2020 662 3642 729">
     <span class='ocr_line' id='line_1_10' title="bbox 2020 662 3642 729; baseline 0 -5"><span class='ocrx_word' id='word_1_58' title='bbox 2020 683 2056 724; x_wconf 88' lang='lat' dir='ltr'><strong>u</strong></span> <span class='ocrx_word' id='word_1_59' title='bbox 2077 664 2529 729; x_wconf 86' lang='lat' dir='ltr'><strong>animas.Simul</strong></span> <span class='ocrx_word' id='word_1_60' title='bbox 2553 681 2749 726; x_wconf 83' lang='lat' dir='ltr'><strong>autem</strong></span> <span class='ocrx_word' id='word_1_61' title='bbox 2776 664 2982 726; x_wconf 82' lang='lat' dir='ltr'><strong>aderat</strong></span> <span class='ocrx_word' id='word_1_62' title='bbox 3007 663 3182 725; x_wconf 84' lang='lat' dir='ltr'><strong>etiam</strong></span> <span class='ocrx_word' id='word_1_63' title='bbox 3215 664 3318 725; x_wconf 90' lang='lat' dir='ltr'><strong>ille</strong></span> <span class='ocrx_word' id='word_1_64' title='bbox 3339 662 3642 727; x_wconf 83' lang='lat' dir='ltr'><strong>Eusebius</strong></span> 
     </span>
    </p>
   </div>
   <div class='ocr_carea' id='block_1_11' title="bbox 236 753 1930 844">
    <p class='ocr_par' dir='ltr' id='par_1_11' title="bbox 236 762 1908 844">
     <span class='ocr_line' id='line_1_11' title="bbox 236 762 1908 844; baseline -0.01 -16"><span class='ocrx_word' id='word_1_65' title='bbox 236 770 518 828; x_wconf 80' lang='grc' dir='ltr'><strong>τεθέντων</strong></span> <span class='ocrx_word' id='word_1_66' title='bbox 583 769 1034 844; x_wconf 72' lang='grc' dir='ltr'>ὓπομνημάτων,</span> <span class='ocrx_word' id='word_1_67' title='bbox 1087 767 1436 844; x_wconf 68' lang='grc' dir='ltr'><strong>παρίστανται</strong></span> <span class='ocrx_word' id='word_1_68' title='bbox 1497 762 1593 834; x_wconf 76' lang='grc' dir='ltr'>μὲν</span> <span class='ocrx_word' id='word_1_69' title='bbox 1653 762 1700 814; x_wconf 86' lang='grc' dir='ltr'>οἱ</span> <span class='ocrx_word' id='word_1_70' title='bbox 1771 779 1908 814; x_wconf 84' lang='grc' dir='ltr'>κατ-</span> 
     </span>
    </p>
   </div>
   <div class='ocr_carea' id='block_1_12' title="bbox 2018 753 3638 844">
    <p class='ocr_par' dir='ltr' id='par_1_12' title="bbox 2018 753 3638 833">
     <span class='ocr_line' id='line_1_12' title="bbox 2018 753 3638 833; baseline 0 -19"><span class='ocrx_word' id='word_1_71' title='bbox 2018 763 2304 815; x_wconf 69' lang='grc' dir='ltr'>ιεευεεῑοε</span> <span class='ocrx_word' id='word_1_72' title='bbox 2325 755 2859 833; x_wconf 75' lang='lat' dir='ltr'><strong>Antonini,rogans</strong></span> <span class='ocrx_word' id='word_1_73' title='bbox 2881 765 2942 814; x_wconf 88' lang='lat' dir='ltr'><strong>ut</strong></span> <span class='ocrx_word' id='word_1_74' title='bbox 2960 753 3369 815; x_wconf 84' lang='lat' dir='ltr'><strong>absolveretur</strong></span> <span class='ocrx_word' id='word_1_75' title='bbox 3387 771 3421 814; x_wconf 89' lang='lat' dir='ltr'><strong>a</strong></span> <span class='ocrx_word' id='word_1_76' title='bbox 3440 770 3638 831; x_wconf 78' lang='lat' dir='ltr'><strong>segre-</strong></span> 
     </span>
    </p>
   </div>
   <div class='ocr_carea' id='block_1_13' title="bbox 241 844 1930 938">
    <p class='ocr_par' dir='ltr' id='par_1_13' title="bbox 241 849 1911 938">
     <span class='ocr_line' id='line_1_13' title="bbox 241 849 1911 938; baseline -0.009 -21"><span class='ocrx_word' id='word_1_77' title='bbox 241 859 621 938; x_wconf 83' lang='grc' dir='ltr'>ηγορούμενοι</span> <span class='ocrx_word' id='word_1_78' title='bbox 677 863 786 913; x_wconf 83' lang='grc' dir='ltr'>τῶν</span> <span class='ocrx_word' id='word_1_79' title='bbox 827 857 1158 927; x_wconf 73' lang='grc' dir='ltr'>ἐπισκόπων,</span> <span class='ocrx_word' id='word_1_80' title='bbox 1222 853 1568 931; x_wconf 77' lang='grc' dir='ltr'><strong>παρίστανται</strong></span> <span class='ocrx_word' id='word_1_81' title='bbox 1611 849 1664 904; x_wconf 81' lang='grc' dir='ltr'><strong>δὲ</strong></span> <span class='ocrx_word' id='word_1_82' title='bbox 1734 851 1823 905; x_wconf 88' lang='grc' dir='ltr'><strong>καὶ</strong></span> <span class='ocrx_word' id='word_1_83' title='bbox 1865 851 1911 902; x_wconf 74' lang='grc' dir='ltr'>οἱ</span> 
     </span>
    </p>
   </div>
   <div class='ocr_carea' id='block_1_14' title="bbox 2018 844 3632 938">
    <p class='ocr_par' dir='ltr' id='par_1_14' title="bbox 2018 844 3632 923">
     <span class='ocr_line' id='line_1_14' title="bbox 2018 844 3632 923; baseline 0 -20"><span class='ocrx_word' id='word_1_84' title='bbox 2018 844 2254 920; x_wconf 67' lang='grc' dir='ltr'>ςοιίοηθ,</span> <span class='ocrx_word' id='word_1_85' title='bbox 2281 854 2338 904; x_wconf 88' lang='lat' dir='ltr'><strong>et</strong></span> <span class='ocrx_word' id='word_1_86' title='bbox 2377 859 2440 905; x_wconf 92' lang='lat' dir='ltr'><strong>ut</strong></span> <span class='ocrx_word' id='word_1_87' title='bbox 2472 844 2889 905; x_wconf 83' lang='lat' dir='ltr'><strong>admitteretur</strong></span> <span class='ocrx_word' id='word_1_88' title='bbox 2914 844 3199 923; x_wconf 83' lang='lat' dir='ltr'><strong>deinceps</strong></span> <span class='ocrx_word' id='word_1_89' title='bbox 3229 844 3299 903; x_wconf 88' lang='lat' dir='ltr'><strong>ad</strong></span> <span class='ocrx_word' id='word_1_90' title='bbox 3352 861 3632 905; x_wconf 87' lang='lat' dir='ltr'><strong>commu-</strong></span> 
     </span>
    </p>
   </div>
   <div class='ocr_carea' id='block_1_15' title="bbox 247 931 1930 1028">
    <p class='ocr_par' dir='ltr' id='par_1_15' title="bbox 247 931 1911 1028">
     <span class='ocr_line' id='line_1_15' title="bbox 247 931 1911 1028; baseline -0.005 -21"><span class='ocrx_word' id='word_1_91' title='bbox 247 931 554 1028; x_wconf 59' lang='grc' dir='ltr'>μαρτυρες,</span> <span class='ocrx_word' id='word_1_92' title='bbox 600 948 796 1025; x_wconf 76' lang='grc' dir='ltr'>οἷσπερ</span> <span class='ocrx_word' id='word_1_93' title='bbox 867 945 932 1012; x_wconf 78' lang='grc' dir='ltr'><strong>δὴ</strong></span> <span class='ocrx_word' id='word_1_94' title='bbox 979 947 1039 1001; x_wconf 80' lang='grc' dir='ltr'>τὸ</span> <span class='ocrx_word' id='word_1_95' title='bbox 1097 941 1398 1021; x_wconf 79' lang='grc' dir='ltr'>ἀπόῤῥητον</span> <span class='ocrx_word' id='word_1_96' title='bbox 1452 941 1743 1018; x_wconf 75' lang='grc' dir='ltr'><strong>ἐγνωρίσθη</strong></span> <span class='ocrx_word' id='word_1_97' title='bbox 1816 937 1911 1028; x_wconf 58' lang='grc' dir='ltr'><strong>τῇς</strong></span> 
     </span>
    </p>
   </div>
   <div class='ocr_carea' id='block_1_16' title="bbox 2018 931 3634 1028">
    <p class='ocr_par' dir='ltr' id='par_1_16' title="bbox 2018 931 3634 1013">
     <span class='ocr_line' id='line_1_16' title="bbox 2018 931 3634 1013; baseline 0.001 -21"><span class='ocrx_word' id='word_1_98' title='bbox 2018 933 2260 994; x_wconf 76' lang='lat' dir='ltr'><strong>tionem.</strong></span> <span class='ocrx_word' id='word_1_99' title='bbox 2294 933 2438 996; x_wconf 88' lang='lat' dir='ltr'><strong>Cum</strong></span> <span class='ocrx_word' id='word_1_100' title='bbox 2472 943 2668 995; x_wconf 89' lang='lat' dir='ltr'><strong>autem</strong></span> <span class='ocrx_word' id='word_1_101' title='bbox 2704 933 2971 1013; x_wconf 83' lang='lat' dir='ltr'><strong>episcopi</strong></span> <span class='ocrx_word' id='word_1_102' title='bbox 3005 933 3512 1006; x_wconf 85' lang='lat' dir='ltr'><strong>contradicerent,</strong></span> <span class='ocrx_word' id='word_1_103' title='bbox 3546 931 3634 993; x_wconf 90' lang='lat' dir='ltr'><strong>di—</strong></span> 
     </span>
    </p>
   </div>
   <div class='ocr_carea' id='block_1_17' title="bbox 252 1022 1930 1117">
    <p class='ocr_par' dir='ltr' id='par_1_17' title="bbox 252 1022 1914 1117">
     <span class='ocr_line' id='line_1_17' title="bbox 252 1022 1914 1117; baseline -0.009 -22"><span class='ocrx_word' id='word_1_104' title='bbox 252 1022 350 1095; x_wconf 66' lang='grc' dir='ltr'><strong>ἐπί</strong></span> <span class='ocrx_word' id='word_1_105' title='bbox 414 1022 694 1117; x_wconf 44' lang='grc' dir='ltr'>χρήμασιν</span> <span class='ocrx_word' id='word_1_106' title='bbox 737 1022 968 1109; x_wconf 85' lang='grc' dir='ltr'>ἀθέσμου</span> <span class='ocrx_word' id='word_1_107' title='bbox 1025 1033 1384 1114; x_wconf 56' lang='grc' dir='ltr'>χειροτονίας,</span> <span class='ocrx_word' id='word_1_108' title='bbox 1447 1037 1634 1106; x_wconf 83' lang='grc' dir='ltr'>Πρῶτα</span> <span class='ocrx_word' id='word_1_109' title='bbox 1679 1028 1773 1117; x_wconf 80' lang='grc' dir='ltr'>μὲν</span> <span class='ocrx_word' id='word_1_110' title='bbox 1824 1026 1914 1082; x_wconf 77' lang='grc' dir='ltr'><strong>οὖν</strong></span> 
     </span>
    </p>
   </div>
   <div class='ocr_carea' id='block_1_18' title="bbox 2018 1022 3635 1117">
    <p class='ocr_par' dir='ltr' id='par_1_18' title="bbox 2018 1022 3635 1104">
     <span class='ocr_line' id='line_1_18' title="bbox 2018 1022 3635 1104; baseline 0.001 -22"><span class='ocrx_word' id='word_1_111' title='bbox 2018 1032 2200 1085; x_wconf 89' lang='lat' dir='ltr'><strong>:entes</strong></span> <span class='ocrx_word' id='word_1_112' title='bbox 2249 1042 2367 1084; x_wconf 86' lang='lat' dir='ltr'><strong>non</strong></span> <span class='ocrx_word' id='word_1_113' title='bbox 2428 1032 2709 1104; x_wconf 86' lang='lat' dir='ltr'><strong>oportere</strong></span> <span class='ocrx_word' id='word_1_114' title='bbox 2755 1024 3071 1084; x_wconf 85' lang='lat' dir='ltr'><strong>admittere</strong></span> <span class='ocrx_word' id='word_1_115' title='bbox 3117 1022 3635 1097; x_wconf 86' lang='lat' dir='ltr'><strong>calumniatorem,</strong></span> 
     </span>
    </p>
   </div>
   <div class='ocr_carea' id='block_1_19' title="bbox 252 1108 1930 1204">
    <p class='ocr_par' dir='ltr' id='par_1_19' title="bbox 252 1116 1912 1204">
     <span class='ocr_line' id='line_1_19' title="bbox 252 1116 1912 1204; baseline -0.008 -20"><span class='ocrx_word' id='word_1_116' title='bbox 252 1127 642 1204; x_wconf 85' lang='grc' dir='ltr'>ἀπαγόρευσας</span> <span class='ocrx_word' id='word_1_117' title='bbox 698 1125 902 1204; x_wconf 68' lang='grc' dir='ltr'>ἐφάπαξ</span> <span class='ocrx_word' id='word_1_118' title='bbox 963 1127 1067 1179; x_wconf 82' lang='grc' dir='ltr'>τῶν</span> <span class='ocrx_word' id='word_1_119' title='bbox 1121 1120 1549 1196; x_wconf 78' lang='grc' dir='ltr'>προτεινομένων</span> <span class='ocrx_word' id='word_1_120' title='bbox 1600 1119 1688 1175; x_wconf 86' lang='grc' dir='ltr'><strong>καὶ</strong></span> <span class='ocrx_word' id='word_1_121' title='bbox 1743 1116 1912 1193; x_wconf 75' lang='grc' dir='ltr'>ἄρνη-</span> 
     </span>
    </p>
   </div>
   <div class='ocr_carea' id='block_1_20' title="bbox 2018 1108 3636 1204">
    <p class='ocr_par' dir='ltr' id='par_1_20' title="bbox 2021 1111 3636 1192">
     <span class='ocr_line' id='line_1_20' title="bbox 2021 1111 3636 1192; baseline -0.001 -19"><span class='ocrx_word' id='word_1_122' title='bbox 2021 1130 2124 1192; x_wconf 86' lang='lat' dir='ltr'><strong>pse</strong></span> <span class='ocrx_word' id='word_1_123' title='bbox 2147 1113 2292 1174; x_wconf 87' lang='lat' dir='ltr'><strong>dicit</strong></span> <span class='ocrx_word' id='word_1_124' title='bbox 2317 1131 2382 1175; x_wconf 82' lang='lat' dir='ltr'><strong>se</strong></span> <span class='ocrx_word' id='word_1_125' title='bbox 2405 1132 2524 1174; x_wconf 93' lang='lat' dir='ltr'><strong>non</strong></span> <span class='ocrx_word' id='word_1_126' title='bbox 2553 1131 2688 1173; x_wconf 90' lang='lat' dir='ltr'><strong>esse</strong></span> <span class='ocrx_word' id='word_1_127' title='bbox 2712 1111 3349 1185; x_wconf 85' lang='lat' dir='ltr'><strong>calumniatorem,sed</strong></span> <span class='ocrx_word' id='word_1_128' title='bbox 3373 1111 3636 1173; x_wconf 84' lang='lat' dir='ltr'><strong>alfirma-</strong></span> 
     </span>
    </p>
   </div>
   <div class='ocr_carea' id='block_1_21' title="bbox 255 1201 1930 1290">
    <p class='ocr_par' dir='ltr' id='par_1_21' title="bbox 255 1201 1911 1290">
     <span class='ocr_line' id='line_1_21' title="bbox 255 1201 1911 1290; baseline -0.009 -15"><span class='ocrx_word' id='word_1_129' title='bbox 255 1201 518 1280; x_wconf 42' lang='lat' dir='ltr'><strong>«ab;</strong></span> <span class='ocrx_word' id='word_1_130' title='bbox 581 1213 636 1270; x_wconf 74' lang='grc' dir='ltr'><strong>δὲ</strong></span> <span class='ocrx_word' id='word_1_131' title='bbox 709 1201 755 1272; x_wconf 76' lang='lat' dir='ltr'><strong>oi</strong></span> <span class='ocrx_word' id='word_1_132' title='bbox 815 1214 1076 1290; x_wconf 80' lang='grc' dir='ltr'>μάρτυρες</span> <span class='ocrx_word' id='word_1_133' title='bbox 1143 1210 1413 1288; x_wconf 78' lang='grc' dir='ltr'><strong>ἤλεγχον,</strong></span> <span class='ocrx_word' id='word_1_134' title='bbox 1475 1208 1654 1264; x_wconf 84' lang='grc' dir='ltr'>τόπων</span> <span class='ocrx_word' id='word_1_135' title='bbox 1724 1208 1911 1268; x_wconf 64' lang='grc' dir='ltr'>αὐτοὺς</span> 
     </span>
    </p>
   </div>
   <div class='ocr_carea' id='block_1_22' title="bbox 2018 1201 3633 1290">
    <p class='ocr_par' dir='ltr' id='par_1_22' title="bbox 2018 1201 3633 1281">
     <span class='ocr_line' id='line_1_22' title="bbox 2018 1201 3633 1281; baseline 0 -19"><span class='ocrx_word' id='word_1_136' title='bbox 2018 1212 2098 1264; x_wconf 79' lang='lat' dir='ltr'><strong>iat</strong></span> <span class='ocrx_word' id='word_1_137' title='bbox 2119 1220 2184 1263; x_wconf 90' lang='lat' dir='ltr'><strong>se</strong></span> <span class='ocrx_word' id='word_1_138' title='bbox 2209 1210 2265 1262; x_wconf 91' lang='lat' dir='ltr'><strong>et</strong></span> <span class='ocrx_word' id='word_1_139' title='bbox 2287 1211 2589 1263; x_wconf 90' lang='lat' dir='ltr'><strong>memento</strong></span> <span class='ocrx_word' id='word_1_140' title='bbox 2619 1201 2906 1281; x_wconf 88' lang='lat' dir='ltr'><strong>temporis</strong></span> <span class='ocrx_word' id='word_1_141' title='bbox 2935 1209 3117 1262; x_wconf 84' lang='lat' dir='ltr'><strong>testes</strong></span> <span class='ocrx_word' id='word_1_142' title='bbox 3142 1219 3275 1262; x_wconf 86' lang='lat' dir='ltr'><strong>esse</strong></span> <span class='ocrx_word' id='word_1_143' title='bbox 3309 1201 3633 1280; x_wconf 85' lang='lat' dir='ltr'><strong>productu-</strong></span> 
     </span>
    </p>
   </div>
   <div class='ocr_carea' id='block_1_23' title="bbox 257 1289 1930 1382">
    <p class='ocr_par' dir='ltr' id='par_1_23' title="bbox 257 1296 1914 1382">
     <span class='ocr_line' id='line_1_23' title="bbox 257 1296 1914 1382; baseline -0.009 -19"><span class='ocrx_word' id='word_1_144' title='bbox 257 1307 767 1382; x_wconf 73' lang='grc' dir='ltr'>ὒπομιμνήσκοντες</span> <span class='ocrx_word' id='word_1_145' title='bbox 815 1304 902 1359; x_wconf 85' lang='grc' dir='ltr'><strong>καὶ</strong></span> <span class='ocrx_word' id='word_1_146' title='bbox 935 1302 1154 1379; x_wconf 79' lang='grc' dir='ltr'>καιρῶν,</span> <span class='ocrx_word' id='word_1_147' title='bbox 1187 1302 1354 1367; x_wconf 71' lang='grc' dir='ltr'>αὐτην</span> <span class='ocrx_word' id='word_1_148' title='bbox 1402 1320 1457 1354; x_wconf 84' lang='grc' dir='ltr'><strong>τε</strong></span> <span class='ocrx_word' id='word_1_149' title='bbox 1489 1300 1587 1358; x_wconf 72' lang='grc' dir='ltr'>τὴν</span> <span class='ocrx_word' id='word_1_150' title='bbox 1640 1296 1914 1361; x_wconf 77' lang='grc' dir='ltr'>ποσότητα</span> 
     </span>
    </p>
   </div>
   <div class='ocr_carea' id='block_1_24' title="bbox 2018 1289 3634 1382">
    <p class='ocr_par' dir='ltr' id='par_1_24' title="bbox 2018 1289 3634 1372">
     <span class='ocr_line' id='line_1_24' title="bbox 2018 1289 3634 1372; baseline 0.001 -20"><span class='ocrx_word' id='word_1_151' title='bbox 2018 1310 2153 1364; x_wconf 84' lang='lat' dir='ltr'><strong>&#39;um,</strong></span> <span class='ocrx_word' id='word_1_152' title='bbox 2191 1301 2248 1352; x_wconf 91' lang='lat' dir='ltr'><strong>et</strong></span> <span class='ocrx_word' id='word_1_153' title='bbox 2278 1311 2380 1353; x_wconf 84' lang='lat' dir='ltr'><strong>eos</strong></span> <span class='ocrx_word' id='word_1_154' title='bbox 2403 1293 2506 1372; x_wconf 87' lang='lat' dir='ltr'><strong>qui</strong></span> <span class='ocrx_word' id='word_1_155' title='bbox 2537 1309 2680 1352; x_wconf 90' lang='lat' dir='ltr'><strong>auro</strong></span> <span class='ocrx_word' id='word_1_156' title='bbox 2717 1292 2960 1352; x_wconf 88' lang='lat' dir='ltr'><strong>fuerant</strong></span> <span class='ocrx_word' id='word_1_157' title='bbox 2986 1291 3271 1352; x_wconf 86' lang='lat' dir='ltr'><strong>ordinati.</strong></span> <span class='ocrx_word' id='word_1_158' title='bbox 3304 1289 3508 1353; x_wconf 86' lang='lat' dir='ltr'><strong>Visum</strong></span> <span class='ocrx_word' id='word_1_159' title='bbox 3545 1299 3634 1353; x_wconf 86' lang='lat' dir='ltr'><strong>est</strong></span> 
     </span>
    </p>
   </div>
   <div class='ocr_carea' id='block_1_25' title="bbox 260 1380 1930 1470">
    <p class='ocr_par' dir='ltr' id='par_1_25' title="bbox 260 1385 1911 1470">
     <span class='ocr_line' id='line_1_25' title="bbox 260 1385 1911 1470; baseline -0.008 -17"><span class='ocrx_word' id='word_1_160' title='bbox 260 1399 372 1453; x_wconf 80' lang='grc' dir='ltr'>τῶν</span> <span class='ocrx_word' id='word_1_161' title='bbox 435 1393 728 1470; x_wconf 76' lang='grc' dir='ltr'>δεδομένων</span> <span class='ocrx_word' id='word_1_162' title='bbox 788 1393 1232 1468; x_wconf 82' lang='grc' dir='ltr'>ἀπαριθμοῦντες,</span> <span class='ocrx_word' id='word_1_163' title='bbox 1266 1392 1356 1445; x_wconf 85' lang='grc' dir='ltr'><strong>καὶ</strong></span> <span class='ocrx_word' id='word_1_164' title='bbox 1409 1386 1530 1453; x_wconf 80' lang='grc' dir='ltr'>εἴδη</span> <span class='ocrx_word' id='word_1_165' title='bbox 1565 1394 1672 1442; x_wconf 83' lang='grc' dir='ltr'>τῶν</span> <span class='ocrx_word' id='word_1_166' title='bbox 1716 1385 1911 1463; x_wconf 78' lang='grc' dir='ltr'>ἐνεχύ-</span> 
     </span>
    </p>
   </div>
   <div class='ocr_carea' id='block_1_26' title="bbox 2018 1380 3629 1470">
    <p class='ocr_par' dir='ltr' id='par_1_26' title="bbox 2023 1380 3629 1462">
     <span class='ocr_line' id='line_1_26' title="bbox 2023 1380 3629 1462; baseline 0.001 -21"><span class='ocrx_word' id='word_1_167' title='bbox 2023 1388 2198 1462; x_wconf 90' lang='lat' dir='ltr'><strong>taque</strong></span> <span class='ocrx_word' id='word_1_168' title='bbox 2218 1381 2711 1461; x_wconf 88' lang='lat' dir='ltr'><strong>synodo,etiamsi</strong></span> <span class='ocrx_word' id='word_1_169' title='bbox 2739 1399 2771 1440; x_wconf 90' lang='lat' dir='ltr'><strong>e</strong></span> <span class='ocrx_word' id='word_1_170' title='bbox 2791 1380 2911 1441; x_wconf 90' lang='lat' dir='ltr'><strong>vita</strong></span> <span class='ocrx_word' id='word_1_171' title='bbox 2933 1385 3290 1441; x_wconf 84' lang='lat' dir='ltr'><strong>excessisset</strong></span> <span class='ocrx_word' id='word_1_172' title='bbox 3318 1381 3504 1462; x_wconf 79' lang='lat' dir='ltr'><strong>is,qui</strong></span> <span class='ocrx_word' id='word_1_173' title='bbox 3524 1399 3629 1462; x_wconf 83' lang='lat' dir='ltr'><strong>pe-</strong></span> 
     </span>
    </p>
   </div>
   <div class='ocr_carea' id='block_1_27' title="bbox 263 1471 1930 1562">
    <p class='ocr_par' dir='ltr' id='par_1_27' title="bbox 263 1473 1914 1562">
     <span class='ocr_line' id='line_1_27' title="bbox 263 1473 1914 1562; baseline -0.008 -22"><span class='ocrx_word' id='word_1_174' title='bbox 263 1506 374 1562; x_wconf 87' lang='grc' dir='ltr'><strong>ρων</strong></span> <span class='ocrx_word' id='word_1_175' title='bbox 429 1485 504 1547; x_wconf 81' lang='grc' dir='ltr'><strong>εἷς</strong></span> <span class='ocrx_word' id='word_1_176' title='bbox 574 1484 634 1538; x_wconf 84' lang='grc' dir='ltr'>τὸ</span> <span class='ocrx_word' id='word_1_177' title='bbox 706 1479 918 1561; x_wconf 76' lang='grc' dir='ltr'>ἀκριϐὲς</span> <span class='ocrx_word' id='word_1_178' title='bbox 988 1476 1463 1557; x_wconf 84' lang='grc' dir='ltr'>ἀπαγγέλλοντες,</span> <span class='ocrx_word' id='word_1_179' title='bbox 1517 1473 1914 1540; x_wconf 73' lang='grc' dir='ltr'>δυσωπηθέντες</span> 
     </span>
    </p>
   </div>
   <div class='ocr_carea' id='block_1_28' title="bbox 2018 1471 3640 1562">
    <p class='ocr_par' dir='ltr' id='par_1_28' title="bbox 2018 1471 3640 1550">
     <span class='ocr_line' id='line_1_28' title="bbox 2018 1471 3640 1550; baseline 0 -20"><span class='ocrx_word' id='word_1_180' title='bbox 2018 1471 2234 1530; x_wconf 84' lang='lat' dir='ltr'><strong>:uniam</strong></span> <span class='ocrx_word' id='word_1_181' title='bbox 2263 1480 2603 1550; x_wconf 85' lang='lat' dir='ltr'><strong>acceperat.</strong></span> <span class='ocrx_word' id='word_1_182' title='bbox 2639 1471 2824 1530; x_wconf 88' lang='lat' dir='ltr'><strong>satius</strong></span> <span class='ocrx_word' id='word_1_183' title='bbox 2871 1478 3066 1530; x_wconf 88' lang='lat' dir='ltr'><strong>tamen</strong></span> <span class='ocrx_word' id='word_1_184' title='bbox 3100 1487 3233 1530; x_wconf 89' lang='lat' dir='ltr'><strong>esse</strong></span> <span class='ocrx_word' id='word_1_185' title='bbox 3266 1479 3508 1550; x_wconf 87' lang='lat' dir='ltr'><strong>propter</strong></span> <span class='ocrx_word' id='word_1_186' title='bbox 3537 1487 3640 1532; x_wconf 87' lang='lat' dir='ltr'><strong>eos</strong></span> 
     </span>
    </p>
   </div>
   <div class='ocr_carea' id='block_1_29' title="bbox 265 1557 1930 1649">
    <p class='ocr_par' dir='ltr' id='par_1_29' title="bbox 265 1561 1912 1649">
     <span class='ocr_line' id='line_1_29' title="bbox 265 1561 1912 1649; baseline -0.008 -20"><span class='ocrx_word' id='word_1_187' title='bbox 265 1576 316 1630; x_wconf 76' lang='lat' dir='ltr'><strong>oi</strong></span> <span class='ocrx_word' id='word_1_188' title='bbox 389 1573 846 1649; x_wconf 73' lang='grc' dir='ltr'>κατηγορούμενοι</span> <span class='ocrx_word' id='word_1_189' title='bbox 903 1570 1002 1636; x_wconf 78' lang='grc' dir='ltr'>τὴν</span> <span class='ocrx_word' id='word_1_190' title='bbox 1052 1575 1198 1647; x_wconf 67' lang='grc' dir='ltr'>σαφῇ</span> <span class='ocrx_word' id='word_1_191' title='bbox 1256 1572 1362 1622; x_wconf 82' lang='grc' dir='ltr'><strong>τῶν</strong></span> <span class='ocrx_word' id='word_1_192' title='bbox 1407 1565 1712 1643; x_wconf 84' lang='grc' dir='ltr'>λεγομένων</span> <span class='ocrx_word' id='word_1_193' title='bbox 1770 1561 1912 1631; x_wconf 69' lang='grc' dir='ltr'>ἀλή-</span> 
     </span>
    </p>
   </div>
   <div class='ocr_carea' id='block_1_30' title="bbox 2018 1557 3640 1649">
    <p class='ocr_par' dir='ltr' id='par_1_30' title="bbox 2018 1557 3640 1639">
     <span class='ocr_line' id='line_1_30' title="bbox 2018 1557 3640 1639; baseline 0 -20"><span class='ocrx_word' id='word_1_194' title='bbox 2018 1560 2100 1639; x_wconf 79' lang='grc' dir='ltr'><strong>ιυί</strong></span> <span class='ocrx_word' id='word_1_195' title='bbox 2123 1559 2572 1636; x_wconf 87' lang='lat' dir='ltr'><strong>dederant,rem</strong></span> <span class='ocrx_word' id='word_1_196' title='bbox 2598 1559 2813 1620; x_wconf 88' lang='lat' dir='ltr'><strong>deduci</strong></span> <span class='ocrx_word' id='word_1_197' title='bbox 2837 1560 2907 1620; x_wconf 86' lang='lat' dir='ltr'><strong>ad</strong></span> <span class='ocrx_word' id='word_1_198' title='bbox 2934 1557 3462 1620; x_wconf 77' lang='lat' dir='ltr'><strong>examinationem.</strong></span> <span class='ocrx_word' id='word_1_199' title='bbox 3490 1561 3640 1620; x_wconf 88' lang='lat' dir='ltr'><strong>Pro-</strong></span> 
     </span>
    </p>
   </div>
   <div class='ocr_carea' id='block_1_31' title="bbox 269 1649 1930 1739">
    <p class='ocr_par' dir='ltr' id='par_1_31' title="bbox 269 1649 1915 1739">
     <span class='ocr_line' id='line_1_31' title="bbox 269 1649 1915 1739; baseline -0.007 -20"><span class='ocrx_word' id='word_1_200' title='bbox 269 1667 438 1734; x_wconf 84' lang='grc' dir='ltr'>θειαν,</span> <span class='ocrx_word' id='word_1_201' title='bbox 499 1665 621 1718; x_wconf 75' lang='grc' dir='ltr'>εἷτα</span> <span class='ocrx_word' id='word_1_202' title='bbox 661 1661 758 1717; x_wconf 82' lang='grc' dir='ltr'>καί</span> <span class='ocrx_word' id='word_1_203' title='bbox 804 1663 897 1716; x_wconf 82' lang='grc' dir='ltr'>τὸν</span> <span class='ocrx_word' id='word_1_204' title='bbox 956 1659 1182 1739; x_wconf 73' lang='grc' dir='ltr'>ἄφυκτον</span> <span class='ocrx_word' id='word_1_205' title='bbox 1254 1655 1506 1723; x_wconf 74' lang='grc' dir='ltr'>δικαστὴν</span> <span class='ocrx_word' id='word_1_206' title='bbox 1562 1658 1624 1711; x_wconf 81' lang='grc' dir='ltr'>τὸ</span> <span class='ocrx_word' id='word_1_207' title='bbox 1685 1649 1915 1712; x_wconf 83' lang='grc' dir='ltr'>συνειδὸς</span> 
     </span>
    </p>
   </div>
   <div class='ocr_carea' id='block_1_32' title="bbox 2018 1649 3640 1739">
    <p class='ocr_par' dir='ltr' id='par_1_32' title="bbox 2018 1649 3640 1739">
     <span class='ocr_line' id='line_1_32' title="bbox 2018 1649 3640 1739; baseline -0.001 -29"><span class='ocrx_word' id='word_1_208' title='bbox 2018 1649 2196 1739; x_wconf 87' lang='lat' dir='ltr'><strong>luetis</strong></span> <span class='ocrx_word' id='word_1_209' title='bbox 2243 1650 2442 1730; x_wconf 87' lang='lat' dir='ltr'><strong>itaque</strong></span> <span class='ocrx_word' id='word_1_210' title='bbox 2478 1650 2650 1722; x_wconf 90' lang='lat' dir='ltr'><strong>actis,</strong></span> <span class='ocrx_word' id='word_1_211' title='bbox 2687 1649 2965 1728; x_wconf 82' lang='lat' dir='ltr'><strong>quaejam</strong></span> <span class='ocrx_word' id='word_1_212' title='bbox 3011 1649 3268 1739; x_wconf 74' lang='lat' dir='ltr'><strong>fuerant</strong></span> <span class='ocrx_word' id='word_1_213' title='bbox 3289 1650 3640 1728; x_wconf 88' lang='lat' dir='ltr'><strong>composita,</strong></span> 
     </span>
    </p>
   </div>
   <div class='ocr_carea' id='block_1_33' title="bbox 269 1738 1930 1827">
    <p class='ocr_par' dir='ltr' id='par_1_33' title="bbox 269 1738 1914 1827">
     <span class='ocr_line' id='line_1_33' title="bbox 269 1738 1914 1827; baseline -0.008 -19"><span class='ocrx_word' id='word_1_214' title='bbox 269 1765 440 1808; x_wconf 77' lang='grc' dir='ltr'>πατον</span> <span class='ocrx_word' id='word_1_215' title='bbox 502 1754 599 1810; x_wconf 76' lang='grc' dir='ltr'><strong>οὐκ</strong></span> <span class='ocrx_word' id='word_1_216' title='bbox 655 1738 1012 1827; x_wconf 73' lang='grc' dir='ltr'>ἐνεγκόντες,</span> <span class='ocrx_word' id='word_1_217' title='bbox 1047 1747 1398 1824; x_wconf 80' lang='grc' dir='ltr'>ὁμολογοῦσιν</span> <span class='ocrx_word' id='word_1_218' title='bbox 1455 1745 1787 1816; x_wconf 74' lang='grc' dir='ltr'>ἐπειπόντες,</span> <span class='ocrx_word' id='word_1_219' title='bbox 1835 1740 1914 1798; x_wconf 80' lang='grc' dir='ltr'>ὅτι</span> 
     </span>
    </p>
   </div>
   <div class='ocr_carea' id='block_1_34' title="bbox 2018 1738 3646 1827">
    <p class='ocr_par' dir='ltr' id='par_1_34' title="bbox 2018 1738 3646 1820">
     <span class='ocr_line' id='line_1_34' title="bbox 2018 1738 3646 1820; baseline 0.001 -22"><span class='ocrx_word' id='word_1_220' title='bbox 2018 1738 2296 1800; x_wconf 72' lang='lat' dir='ltr'><strong>sistuntur</strong></span> <span class='ocrx_word' id='word_1_221' title='bbox 2323 1740 2568 1819; x_wconf 89' lang='lat' dir='ltr'><strong>quidem</strong></span> <span class='ocrx_word' id='word_1_222' title='bbox 2599 1739 2895 1820; x_wconf 89' lang='lat' dir='ltr'><strong>episcopi,</strong></span> <span class='ocrx_word' id='word_1_223' title='bbox 2920 1738 3020 1819; x_wconf 89' lang='lat' dir='ltr'><strong>qui</strong></span> <span class='ocrx_word' id='word_1_224' title='bbox 3039 1738 3495 1800; x_wconf 70' lang='lat' dir='ltr'><strong>accusabantur:</strong></span> <span class='ocrx_word' id='word_1_225' title='bbox 3527 1739 3646 1800; x_wconf 87' lang='lat' dir='ltr'><strong>sis-</strong></span> 
     </span>
    </p>
   </div>
   <div class='ocr_carea' id='block_1_35' title="bbox 269 1826 1930 1914">
    <p class='ocr_par' dir='ltr' id='par_1_35' title="bbox 269 1833 1918 1914">
     <span class='ocr_line' id='line_1_35' title="bbox 269 1833 1918 1914; baseline -0.007 -15"><span class='ocrx_word' id='word_1_226' title='bbox 269 1842 530 1907; x_wconf 83' lang='grc' dir='ltr'>Τοιαύτην</span> <span class='ocrx_word' id='word_1_227' title='bbox 589 1840 914 1914; x_wconf 63' lang='grc' dir='ltr'>ἐνομίσαμεν</span> <span class='ocrx_word' id='word_1_228' title='bbox 971 1841 1111 1894; x_wconf 82' lang='grc' dir='ltr'>εἷναι</span> <span class='ocrx_word' id='word_1_229' title='bbox 1172 1835 1472 1909; x_wconf 66' lang='grc' dir='ltr'>συνήθειαν,</span> <span class='ocrx_word' id='word_1_230' title='bbox 1533 1835 1621 1890; x_wconf 86' lang='grc' dir='ltr'><strong>καὶ</strong></span> <span class='ocrx_word' id='word_1_231' title='bbox 1679 1833 1771 1888; x_wconf 75' lang='grc' dir='ltr'>’ίνα</span> <span class='ocrx_word' id='word_1_232' title='bbox 1823 1838 1918 1888; x_wconf 77' lang='grc' dir='ltr'><strong>τοῦ</strong></span> 
     </span>
    </p>
   </div>
   <div class='ocr_carea' id='block_1_36' title="bbox 2018 1826 3648 1914">
    <p class='ocr_par' dir='ltr' id='par_1_36' title="bbox 2018 1826 3648 1908">
     <span class='ocr_line' id='line_1_36' title="bbox 2018 1826 3648 1908; baseline 0.001 -21"><span class='ocrx_word' id='word_1_233' title='bbox 2018 1839 2208 1890; x_wconf 87' lang='lat' dir='ltr'><strong>.untur</strong></span> <span class='ocrx_word' id='word_1_234' title='bbox 2225 1837 2422 1892; x_wconf 91' lang='lat' dir='ltr'><strong>autem</strong></span> <span class='ocrx_word' id='word_1_235' title='bbox 2437 1830 2616 1890; x_wconf 85' lang='lat' dir='ltr'><strong>etiam</strong></span> <span class='ocrx_word' id='word_1_236' title='bbox 2641 1835 2826 1889; x_wconf 88' lang='lat' dir='ltr'><strong>testes</strong></span> <span class='ocrx_word' id='word_1_237' title='bbox 2848 1826 3526 1908; x_wconf 80' lang='lat' dir='ltr'><strong>consequenter,quibus</strong></span> <span class='ocrx_word' id='word_1_238' title='bbox 3546 1846 3648 1889; x_wconf 84' lang='lat' dir='ltr'><strong>no-</strong></span> 
     </span>
    </p>
   </div>
   <div class='ocr_carea' id='block_1_37' title="bbox 271 1917 1930 2006">
    <p class='ocr_par' dir='ltr' id='par_1_37' title="bbox 271 1923 1916 2006">
     <span class='ocr_line' id='line_1_37' title="bbox 271 1923 1916 2006; baseline -0.006 -21"><span class='ocrx_word' id='word_1_239' title='bbox 271 1929 688 2006; x_wconf 80' lang='grc' dir='ltr'>βουλευτηρίου,</span> <span class='ocrx_word' id='word_1_240' title='bbox 762 1930 910 2004; x_wconf 79' lang='grc' dir='ltr'>ᾧπερ</span> <span class='ocrx_word' id='word_1_241' title='bbox 995 1930 1134 2002; x_wconf 80' lang='grc' dir='ltr'>ἦμεν</span> <span class='ocrx_word' id='word_1_242' title='bbox 1205 1925 1521 1999; x_wconf 75' lang='grc' dir='ltr'>ὑποτελεῖς,</span> <span class='ocrx_word' id='word_1_243' title='bbox 1595 1923 1916 1999; x_wconf 74' lang='grc' dir='ltr'>ἀπαλλαγὴν</span> 
     </span>
    </p>
   </div>
   <div class='ocr_carea' id='block_1_38' title="bbox 2018 1917 3646 2006">
    <p class='ocr_par' dir='ltr' id='par_1_38' title="bbox 2018 1917 3646 1997">
     <span class='ocr_line' id='line_1_38' title="bbox 2018 1917 3646 1997; baseline 0.002 -21"><span class='ocrx_word' id='word_1_244' title='bbox 2018 1937 2122 1978; x_wconf 70' lang='lat' dir='ltr'><strong>,um</strong></span> <span class='ocrx_word' id='word_1_245' title='bbox 2149 1927 2278 1980; x_wconf 88' lang='lat' dir='ltr'><strong>erat</strong></span> <span class='ocrx_word' id='word_1_246' title='bbox 2297 1935 2581 1980; x_wconf 89' lang='lat' dir='ltr'><strong>arcanum</strong></span> <span class='ocrx_word' id='word_1_247' title='bbox 2612 1917 2856 1978; x_wconf 68' lang='lat' dir='ltr'><strong>nefariae.</strong></span> <span class='ocrx_word' id='word_1_248' title='bbox 2886 1925 3129 1997; x_wconf 85' lang='lat' dir='ltr'><strong>propter</strong></span> <span class='ocrx_word' id='word_1_249' title='bbox 3153 1918 3438 1996; x_wconf 84' lang='lat' dir='ltr'><strong>pecunias</strong></span> <span class='ocrx_word' id='word_1_250' title='bbox 3476 1918 3646 1981; x_wconf 66' lang='lat' dir='ltr'><strong>facta:</strong></span> 
     </span>
    </p>
   </div>
   <div class='ocr_carea' id='block_1_39' title="bbox 273 2006 1930 2097">
    <p class='ocr_par' dir='ltr' id='par_1_39' title="bbox 273 2011 1915 2097">
     <span class='ocr_line' id='line_1_39' title="bbox 273 2011 1915 2097; baseline -0.005 -24"><span class='ocrx_word' id='word_1_251' title='bbox 273 2020 564 2097; x_wconf 81' lang='grc' dir='ltr'>αχοίημεν·</span> <span class='ocrx_word' id='word_1_252' title='bbox 621 2025 708 2074; x_wconf 83' lang='grc' dir='ltr'><strong>νῦν</strong></span> <span class='ocrx_word' id='word_1_253' title='bbox 751 2015 828 2090; x_wconf 80' lang='grc' dir='ltr'><strong>δὲ,</strong></span> <span class='ocrx_word' id='word_1_254' title='bbox 863 2017 915 2072; x_wconf 79' lang='grc' dir='ltr'><strong>εέ</strong></span> <span class='ocrx_word' id='word_1_255' title='bbox 963 2017 1059 2087; x_wconf 81' lang='grc' dir='ltr'>μὲν</span> <span class='ocrx_word' id='word_1_256' title='bbox 1107 2015 1252 2072; x_wconf 79' lang='grc' dir='ltr'>ὅσιον</span> <span class='ocrx_word' id='word_1_257' title='bbox 1300 2018 1387 2072; x_wconf 80' lang='grc' dir='ltr'><strong>καὶ</strong></span> <span class='ocrx_word' id='word_1_258' title='bbox 1434 2016 1574 2089; x_wconf 78' lang='grc' dir='ltr'>ἡμᾶς</span> <span class='ocrx_word' id='word_1_259' title='bbox 1635 2019 1742 2069; x_wconf 84' lang='grc' dir='ltr'><strong>τῶν</strong></span> <span class='ocrx_word' id='word_1_260' title='bbox 1793 2011 1915 2066; x_wconf 86' lang='grc' dir='ltr'>λει-</span> 
     </span>
    </p>
   </div>
   <div class='ocr_carea' id='block_1_40' title="bbox 2018 2006 3646 2097">
    <p class='ocr_par' dir='ltr' id='par_1_40' title="bbox 2018 2006 3646 2097">
     <span class='ocr_line' id='line_1_40' title="bbox 2018 2006 3646 2097; baseline 0.001 -29"><span class='ocrx_word' id='word_1_261' title='bbox 2018 2007 2418 2069; x_wconf 69' lang='grc' dir='ltr'>πᾱὶηειὶοηίε.</span> <span class='ocrx_word' id='word_1_262' title='bbox 2455 2013 2652 2088; x_wconf 86' lang='lat' dir='ltr'><strong>Atque</strong></span> <span class='ocrx_word' id='word_1_263' title='bbox 2675 2013 2933 2097; x_wconf 85' lang='lat' dir='ltr'><strong>primum</strong></span> <span class='ocrx_word' id='word_1_264' title='bbox 2968 2007 3212 2087; x_wconf 88' lang='lat' dir='ltr'><strong>quidem</strong></span> <span class='ocrx_word' id='word_1_265' title='bbox 3249 2006 3512 2097; x_wconf 85' lang='lat' dir='ltr'><strong>perfecta</strong></span> <span class='ocrx_word' id='word_1_266' title='bbox 3543 2026 3646 2070; x_wconf 90' lang='lat' dir='ltr'><strong>ne-</strong></span> 
     </span>
    </p>
   </div>
   <div class='ocr_carea' id='block_1_41' title="bbox 275 2095 1930 2184">
    <p class='ocr_par' dir='ltr' id='par_1_41' title="bbox 275 2095 1918 2184">
     <span class='ocr_line' id='line_1_41' title="bbox 275 2095 1918 2184; baseline -0.005 -21"><span class='ocrx_word' id='word_1_267' title='bbox 275 2095 506 2184; x_wconf 82' lang='grc' dir='ltr'>τουργών</span> <span class='ocrx_word' id='word_1_268' title='bbox 572 2122 711 2162; x_wconf 77' lang='grc' dir='ltr'>εἶναι</span> <span class='ocrx_word' id='word_1_269' title='bbox 742 2109 842 2172; x_wconf 71' lang='grc' dir='ltr'>τῆς</span> <span class='ocrx_word' id='word_1_270' title='bbox 903 2104 1252 2169; x_wconf 67' lang='grc' dir='ltr'>Ἐικλησίας·</span> <span class='ocrx_word' id='word_1_271' title='bbox 1283 2108 1326 2161; x_wconf 83' lang='grc' dir='ltr'><strong>εί</strong></span> <span class='ocrx_word' id='word_1_272' title='bbox 1356 2101 1402 2160; x_wconf 83' lang='grc' dir='ltr'>δ’</span> <span class='ocrx_word' id='word_1_273' title='bbox 1465 2107 1574 2177; x_wconf 73' lang='grc' dir='ltr'>οὖν,</span> <span class='ocrx_word' id='word_1_274' title='bbox 1609 2099 1728 2157; x_wconf 79' lang='grc' dir='ltr'>ἀλλ’</span> <span class='ocrx_word' id='word_1_275' title='bbox 1788 2101 1918 2178; x_wconf 82' lang='grc' dir='ltr'>ὅπερ</span> 
     </span>
    </p>
   </div>
   <div class='ocr_carea' id='block_1_42' title="bbox 2018 2095 3646 2184">
    <p class='ocr_par' dir='ltr' id='par_1_42' title="bbox 2018 2095 3646 2177">
     <span class='ocr_line' id='line_1_42' title="bbox 2018 2095 3646 2177; baseline 0 -19"><span class='ocrx_word' id='word_1_276' title='bbox 2018 2100 2158 2175; x_wconf 70' lang='lat' dir='ltr'><strong>gatio</strong></span> <span class='ocrx_word' id='word_1_277' title='bbox 2189 2115 2422 2168; x_wconf 88' lang='lat' dir='ltr'><strong>eorum,</strong></span> <span class='ocrx_word' id='word_1_278' title='bbox 2449 2115 2579 2177; x_wconf 62' lang='lat' dir='ltr'><strong>qua!</strong></span> <span class='ocrx_word' id='word_1_279' title='bbox 2602 2096 3065 2176; x_wconf 82' lang='lat' dir='ltr'><strong>objiciebantur,</strong></span> <span class='ocrx_word' id='word_1_280' title='bbox 3093 2107 3152 2156; x_wconf 92' lang='lat' dir='ltr'><strong>et</strong></span> <span class='ocrx_word' id='word_1_281' title='bbox 3186 2095 3342 2177; x_wconf 89' lang='lat' dir='ltr'><strong>quod</strong></span> <span class='ocrx_word' id='word_1_282' title='bbox 3365 2114 3462 2159; x_wconf 89' lang='lat' dir='ltr'><strong>res</strong></span> <span class='ocrx_word' id='word_1_283' title='bbox 3485 2104 3646 2159; x_wconf 86' lang='lat' dir='ltr'><strong>esset</strong></span> 
     </span>
    </p>
   </div>
   <div class='ocr_carea' id='block_1_43' title="bbox 276 2185 1930 2274">
    <p class='ocr_par' dir='ltr' id='par_1_43' title="bbox 276 2191 1919 2274">
     <span class='ocr_line' id='line_1_43' title="bbox 276 2191 1919 2274; baseline -0.005 -21"><span class='ocrx_word' id='word_1_284' title='bbox 276 2194 717 2269; x_wconf 73' lang='grc' dir='ltr'>καταϐεϐλήμεθα</span> <span class='ocrx_word' id='word_1_285' title='bbox 761 2196 979 2274; x_wconf 73' lang='grc' dir='ltr'>χρυσίον</span> <span class='ocrx_word' id='word_1_286' title='bbox 1038 2192 1329 2251; x_wconf 77' lang='grc' dir='ltr'>ἀναλαϐεῖν</span> <span class='ocrx_word' id='word_1_287' title='bbox 1373 2193 1712 2252; x_wconf 85' lang='grc' dir='ltr'>δικαιώσατε.</span> <span class='ocrx_word' id='word_1_288' title='bbox 1761 2191 1919 2246; x_wconf 75' lang='grc' dir='ltr'>’Ένια</span> 
     </span>
    </p>
   </div>
   <div class='ocr_carea' id='block_1_44' title="bbox 2018 2185 3649 2274">
    <p class='ocr_par' dir='ltr' id='par_1_44' title="bbox 2018 2185 3649 2265">
     <span class='ocr_line' id='line_1_44' title="bbox 2018 2185 3649 2265; baseline 0.002 -19"><span class='ocrx_word' id='word_1_289' title='bbox 2018 2195 2208 2265; x_wconf 70' lang='lat' dir='ltr'><strong>aperta</strong></span> <span class='ocrx_word' id='word_1_290' title='bbox 2231 2187 2531 2248; x_wconf 87' lang='lat' dir='ltr'><strong>calumnia</strong></span> <span class='ocrx_word' id='word_1_291' title='bbox 2562 2187 2667 2265; x_wconf 85' lang='lat' dir='ltr'><strong>(ita</strong></span> <span class='ocrx_word' id='word_1_292' title='bbox 2695 2185 2853 2248; x_wconf 88' lang='lat' dir='ltr'><strong>enim</strong></span> <span class='ocrx_word' id='word_1_293' title='bbox 2879 2186 3162 2246; x_wconf 88' lang='lat' dir='ltr'><strong>dicebant</strong></span> <span class='ocrx_word' id='word_1_294' title='bbox 3181 2187 3247 2260; x_wconf 88' lang='lat' dir='ltr'><strong>ii,</strong></span> <span class='ocrx_word' id='word_1_295' title='bbox 3271 2185 3373 2264; x_wconf 91' lang='lat' dir='ltr'><strong>qui</strong></span> <span class='ocrx_word' id='word_1_296' title='bbox 3399 2204 3649 2249; x_wconf 77' lang='lat' dir='ltr'><strong>accusa-</strong></span> 
     </span>
    </p>
   </div>
   <div class='ocr_carea' id='block_1_45' title="bbox 280 2277 1930 2364">
    <p class='ocr_par' dir='ltr' id='par_1_45' title="bbox 280 2281 1922 2364">
     <span class='ocr_line' id='line_1_45' title="bbox 280 2281 1922 2364; baseline -0.004 -22"><span class='ocrx_word' id='word_1_297' title='bbox 280 2289 377 2364; x_wconf 84' lang='grc' dir='ltr'><strong>γὰρ</strong></span> <span class='ocrx_word' id='word_1_298' title='bbox 404 2287 488 2342; x_wconf 87' lang='grc' dir='ltr'><strong>καὶ</strong></span> <span class='ocrx_word' id='word_1_299' title='bbox 520 2291 618 2352; x_wconf 80' lang='grc' dir='ltr'>τῆς</span> <span class='ocrx_word' id='word_1_300' title='bbox 651 2291 757 2341; x_wconf 81' lang='grc' dir='ltr'>τῶν</span> <span class='ocrx_word' id='word_1_301' title='bbox 802 2287 1066 2362; x_wconf 74' lang='grc' dir='ltr'>γυναικῶν</span> <span class='ocrx_word' id='word_1_302' title='bbox 1094 2287 1334 2354; x_wconf 73' lang='grc' dir='ltr'>κτήσεως</span> <span class='ocrx_word' id='word_1_303' title='bbox 1366 2282 1549 2360; x_wconf 76' lang='grc' dir='ltr'>ἔλεγον</span> <span class='ocrx_word' id='word_1_304' title='bbox 1585 2281 1750 2343; x_wconf 75' lang='grc' dir='ltr'>εἶναι,</span> <span class='ocrx_word' id='word_1_305' title='bbox 1788 2282 1922 2358; x_wconf 77' lang='grc' dir='ltr'>Πρὸς</span> 
     </span>
    </p>
   </div>
   <div class='ocr_carea' id='block_1_46' title="bbox 2018 2277 3648 2364">
    <p class='ocr_par' dir='ltr' id='par_1_46' title="bbox 2018 2277 3648 2364">
     <span class='ocr_line' id='line_1_46' title="bbox 2018 2277 3648 2364; baseline 0.001 -27"><span class='ocrx_word' id='word_1_306' title='bbox 2018 2282 2398 2364; x_wconf 68' lang='lat' dir='ltr'><strong>bantur),quaa</strong></span> <span class='ocrx_word' id='word_1_307' title='bbox 2420 2277 2568 2336; x_wconf 83' lang='lat' dir='ltr'><strong>nihil</strong></span> <span class='ocrx_word' id='word_1_308' title='bbox 2593 2279 2976 2364; x_wconf 82' lang='lat' dir='ltr'><strong>babebatsani</strong></span> <span class='ocrx_word' id='word_1_309' title='bbox 2994 2293 3100 2334; x_wconf 87' lang='lat' dir='ltr'><strong>nec</strong></span> <span class='ocrx_word' id='word_1_310' title='bbox 3121 2279 3274 2335; x_wconf 81' lang='lat' dir='ltr'><strong>ﬁrmi</strong></span> <span class='ocrx_word' id='word_1_311' title='bbox 3294 2293 3364 2335; x_wconf 78' lang='lat' dir='ltr'><strong>ex</strong></span> <span class='ocrx_word' id='word_1_312' title='bbox 3391 2281 3648 2338; x_wconf 80' lang='lat' dir='ltr'><strong>veritate.</strong></span> 
     </span>
    </p>
   </div>
   <div class='ocr_carea' id='block_1_47' title="bbox 292 2373 1919 2453">
    <p class='ocr_par' dir='ltr' id='par_1_47' title="bbox 292 2373 1919 2453">
     <span class='ocr_line' id='line_1_47' title="bbox 292 2373 1919 2453; baseline -0.005 -21"><span class='ocrx_word' id='word_1_313' title='bbox 292 2387 450 2435; x_wconf 84' lang='grc' dir='ltr'>ταῦτα</span> <span class='ocrx_word' id='word_1_314' title='bbox 503 2377 595 2431; x_wconf 78' lang='grc' dir='ltr'>τὸν</span> <span class='ocrx_word' id='word_1_315' title='bbox 649 2376 844 2452; x_wconf 88' lang='grc' dir='ltr'>μέγαν,</span> <span class='ocrx_word' id='word_1_316' title='bbox 896 2375 1040 2451; x_wconf 85' lang='grc' dir='ltr'><strong>Ἐγὼ</strong></span> <span class='ocrx_word' id='word_1_317' title='bbox 1095 2375 1216 2447; x_wconf 80' lang='grc' dir='ltr'>μὲν,</span> <span class='ocrx_word' id='word_1_318' title='bbox 1265 2375 1446 2453; x_wconf 63' lang='grc' dir='ltr'>φάναι,</span> <span class='ocrx_word' id='word_1_319' title='bbox 1479 2383 1572 2430; x_wconf 81' lang='grc' dir='ltr'><strong>τοῦ</strong></span> <span class='ocrx_word' id='word_1_320' title='bbox 1627 2373 1919 2446; x_wconf 75' lang='grc' dir='ltr'>βουλευτη-</span> 
     </span>
    </p>
   </div>
   <div class='ocr_carea' id='block_1_48' title="bbox 286 2460 1923 2543">
    <p class='ocr_par' dir='ltr' id='par_1_48' title="bbox 286 2460 1923 2543">
     <span class='ocr_line' id='line_1_48' title="bbox 286 2460 1923 2543; baseline -0.005 -22"><span class='ocrx_word' id='word_1_321' title='bbox 286 2467 393 2543; x_wconf 85' lang='grc' dir='ltr'>ρίου</span> <span class='ocrx_word' id='word_1_322' title='bbox 434 2467 570 2540; x_wconf 76' lang='grc' dir='ltr'>ὑμᾶς</span> <span class='ocrx_word' id='word_1_323' title='bbox 629 2463 1020 2538; x_wconf 79' lang='grc' dir='ltr'>ἀπαλλάξαιμο,</span> <span class='ocrx_word' id='word_1_324' title='bbox 1084 2463 1304 2528; x_wconf 73' lang='grc' dir='ltr'>αἴτησιν</span> <span class='ocrx_word' id='word_1_325' title='bbox 1362 2468 1516 2517; x_wconf 67' lang='grc' dir='ltr'>ιυῠτο</span> <span class='ocrx_word' id='word_1_326' title='bbox 1561 2461 1780 2534; x_wconf 80' lang='grc' dir='ltr'>θέμενος</span> <span class='ocrx_word' id='word_1_327' title='bbox 1852 2460 1923 2518; x_wconf 83' lang='grc' dir='ltr'>εἰς</span> 
     </span>
    </p>
   </div>
   <div class='ocr_carea' id='block_1_49' title="bbox 283 2547 1926 2631">
    <p class='ocr_par' dir='ltr' id='par_1_49' title="bbox 283 2547 1926 2631">
     <span class='ocr_line' id='line_1_49' title="bbox 283 2547 1926 2631; baseline -0.005 -21"><span class='ocrx_word' id='word_1_328' title='bbox 283 2553 525 2631; x_wconf 76' lang='grc' dir='ltr'>βασιλέαο</span> <span class='ocrx_word' id='word_1_329' title='bbox 574 2555 703 2628; x_wconf 78' lang='grc' dir='ltr'>ὑμῖν</span> <span class='ocrx_word' id='word_1_330' title='bbox 762 2550 816 2607; x_wconf 81' lang='grc' dir='ltr'><strong>δὲ</strong></span> <span class='ocrx_word' id='word_1_331' title='bbox 869 2551 1118 2626; x_wconf 75' lang='grc' dir='ltr'>μελήσει,</span> <span class='ocrx_word' id='word_1_332' title='bbox 1171 2553 1301 2629; x_wconf 84' lang='grc' dir='ltr'>πρὸς</span> <span class='ocrx_word' id='word_1_333' title='bbox 1359 2552 1458 2617; x_wconf 77' lang='grc' dir='ltr'>τὴν</span> <span class='ocrx_word' id='word_1_334' title='bbox 1517 2547 1731 2606; x_wconf 78' lang='grc' dir='ltr'>σύνοδον</span> <span class='ocrx_word' id='word_1_335' title='bbox 1783 2550 1926 2604; x_wconf 81' lang='grc' dir='ltr'>εἶπεν</span> 
     </span>
    </p>
   </div>
   <div class='ocr_carea' id='block_1_50' title="bbox 286 2638 1928 2720">
    <p class='ocr_par' dir='ltr' id='par_1_50' title="bbox 286 2638 1928 2720">
     <span class='ocr_line' id='line_1_50' title="bbox 286 2638 1928 2720; baseline -0.005 -22"><span class='ocrx_word' id='word_1_336' title='bbox 286 2643 648 2720; x_wconf 77' lang='grc' dir='ltr'>ἑπεστραφεὶς,</span> <span class='ocrx_word' id='word_1_337' title='bbox 699 2645 760 2697; x_wconf 82' lang='grc' dir='ltr'>τὸ</span> <span class='ocrx_word' id='word_1_338' title='bbox 832 2663 976 2719; x_wconf 84' lang='grc' dir='ltr'>παρα</span> <span class='ocrx_word' id='word_1_339' title='bbox 1031 2647 1137 2696; x_wconf 83' lang='grc' dir='ltr'>τῶν</span> <span class='ocrx_word' id='word_1_340' title='bbox 1197 2641 1510 2698; x_wconf 81' lang='grc' dir='ltr'>Ἀντωνίνου</span> <span class='ocrx_word' id='word_1_341' title='bbox 1578 2638 1928 2713; x_wconf 78' lang='grc' dir='ltr'>κληρονόμων</span> 
     </span>
    </p>
   </div>
   <div class='ocr_carea' id='block_1_51' title="bbox 289 2729 1927 2806">
    <p class='ocr_par' dir='ltr' id='par_1_51' title="bbox 289 2729 1927 2806">
     <span class='ocr_line' id='line_1_51' title="bbox 289 2729 1927 2806; baseline -0.005 -20"><span class='ocrx_word' id='word_1_342' title='bbox 289 2731 618 2799; x_wconf 75' lang='grc' dir='ltr'>ἀνασωθῆναι</span> <span class='ocrx_word' id='word_1_343' title='bbox 685 2731 866 2795; x_wconf 72' lang='grc' dir='ltr'>αὐτοῖς</span> <span class='ocrx_word' id='word_1_344' title='bbox 926 2730 958 2786; x_wconf 79' lang='grc' dir='ltr'>ἂ</span> <span class='ocrx_word' id='word_1_345' title='bbox 1015 2729 1324 2790; x_wconf 83' lang='grc' dir='ltr'>δεδώκασιν,</span> <span class='ocrx_word' id='word_1_346' title='bbox 1382 2729 1687 2806; x_wconf 73' lang='grc' dir='ltr'>Ἐψηφίσθη</span> <span class='ocrx_word' id='word_1_347' title='bbox 1759 2730 1927 2783; x_wconf 81' lang='grc' dir='ltr'>τοίνυν</span> 
     </span>
    </p>
   </div>
   <div class='ocr_carea' id='block_1_52' title="bbox 292 2814 1926 2898">
    <p class='ocr_par' dir='ltr' id='par_1_52' title="bbox 292 2814 1926 2898">
     <span class='ocr_line' id='line_1_52' title="bbox 292 2814 1926 2898; baseline -0.002 -24"><span class='ocrx_word' id='word_1_348' title='bbox 292 2819 430 2883; x_wconf 72' lang='grc' dir='ltr'>εὒθζρς</span> <span class='ocrx_word' id='word_1_349' title='bbox 475 2817 764 2876; x_wconf 77' lang='grc' dir='ltr'>ἀναλαϐεῖν</span> <span class='ocrx_word' id='word_1_350' title='bbox 809 2821 908 2895; x_wconf 84' lang='grc' dir='ltr'>μὲν</span> <span class='ocrx_word' id='word_1_351' title='bbox 938 2819 1124 2884; x_wconf 82' lang='grc' dir='ltr'>αὐτοὺς</span> <span class='ocrx_word' id='word_1_352' title='bbox 1155 2821 1216 2875; x_wconf 83' lang='grc' dir='ltr'>τὸ</span> <span class='ocrx_word' id='word_1_353' title='bbox 1249 2819 1493 2898; x_wconf 78' lang='grc' dir='ltr'>χρυσίον,</span> <span class='ocrx_word' id='word_1_354' title='bbox 1528 2823 1625 2883; x_wconf 79' lang='grc' dir='ltr'><strong>τῆς</strong></span> <span class='ocrx_word' id='word_1_355' title='bbox 1670 2814 1722 2870; x_wconf 77' lang='grc' dir='ltr'>δὲ</span> <span class='ocrx_word' id='word_1_356' title='bbox 1767 2819 1926 2891; x_wconf 74' lang='grc' dir='ltr'>ἱερω-</span> 
     </span>
    </p>
   </div>
   <div class='ocr_carea' id='block_1_53' title="bbox 291 2904 1926 2984">
    <p class='ocr_par' dir='ltr' id='par_1_53' title="bbox 291 2904 1926 2984">
     <span class='ocr_line' id='line_1_53' title="bbox 291 2904 1926 2984; baseline -0.002 -21"><span class='ocrx_word' id='word_1_357' title='bbox 291 2910 446 2974; x_wconf 81' lang='grc' dir='ltr'>σύνης</span> <span class='ocrx_word' id='word_1_358' title='bbox 494 2907 770 2983; x_wconf 79' lang='grc' dir='ltr'>ἐκστῆναι,</span> <span class='ocrx_word' id='word_1_359' title='bbox 820 2908 954 2965; x_wconf 75' lang='grc' dir='ltr'>εἴσω</span> <span class='ocrx_word' id='word_1_360' title='bbox 985 2907 1038 2963; x_wconf 83' lang='grc' dir='ltr'><strong>δὲ</strong></span> <span class='ocrx_word' id='word_1_361' title='bbox 1082 2915 1173 2964; x_wconf 73' lang='grc' dir='ltr'><strong>τοῦ</strong></span> <span class='ocrx_word' id='word_1_362' title='bbox 1203 2909 1577 2984; x_wconf 86' lang='grc' dir='ltr'>θυσιαστηρίου</span> <span class='ocrx_word' id='word_1_363' title='bbox 1626 2907 1732 2960; x_wconf 80' lang='grc' dir='ltr'><strong>τῶν</strong></span> <span class='ocrx_word' id='word_1_364' title='bbox 1765 2904 1926 2980; x_wconf 83' lang='grc' dir='ltr'>ἀγια-</span> 
     </span>
    </p>
   </div>
   <div class='ocr_carea' id='block_1_54' title="bbox 292 2995 1929 3076">
    <p class='ocr_par' dir='ltr' id='par_1_54' title="bbox 292 2995 1929 3076">
     <span class='ocr_line' id='line_1_54' title="bbox 292 2995 1929 3076; baseline -0.002 -25"><span class='ocrx_word' id='word_1_365' title='bbox 292 2998 502 3071; x_wconf 84' lang='grc' dir='ltr'>σμάτων</span> <span class='ocrx_word' id='word_1_366' title='bbox 564 2999 725 3072; x_wconf 88' lang='grc' dir='ltr'>μόνον</span> <span class='ocrx_word' id='word_1_367' title='bbox 783 2999 1061 3076; x_wconf 77' lang='grc' dir='ltr'>μετέχεινο</span> <span class='ocrx_word' id='word_1_368' title='bbox 1122 2995 1212 3052; x_wconf 71' lang='grc' dir='ltr'><strong>ἵνα</strong></span> <span class='ocrx_word' id='word_1_369' title='bbox 1255 3000 1330 3070; x_wconf 78' lang='grc' dir='ltr'>μὴ</span> <span class='ocrx_word' id='word_1_370' title='bbox 1389 2999 1575 3053; x_wconf 83' lang='grc' dir='ltr'>τούτου</span> <span class='ocrx_word' id='word_1_371' title='bbox 1635 3016 1929 3073; x_wconf 73' lang='grc' dir='ltr'>συγχωρη-</span> 
     </span>
    </p>
   </div>
   <div class='ocr_carea' id='block_1_55' title="bbox 291 3085 1929 3166">
    <p class='ocr_par' dir='ltr' id='par_1_55' title="bbox 291 3085 1929 3166">
     <span class='ocr_line' id='line_1_55' title="bbox 291 3085 1929 3166; baseline -0.004 -24"><span class='ocrx_word' id='word_1_372' title='bbox 291 3087 462 3151; x_wconf 77' lang='grc' dir='ltr'>θέντος</span> <span class='ocrx_word' id='word_1_373' title='bbox 535 3095 761 3166; x_wconf 73' lang='grc' dir='ltr'>πρᾶφμα</span> <span class='ocrx_word' id='word_1_374' title='bbox 817 3089 1073 3164; x_wconf 73' lang='grc' dir='ltr'>πονηρίας</span> <span class='ocrx_word' id='word_1_375' title='bbox 1147 3087 1380 3166; x_wconf 76' lang='grc' dir='ltr'>ἔσχατον</span> <span class='ocrx_word' id='word_1_376' title='bbox 1448 3085 1756 3142; x_wconf 69' lang='grc' dir='ltr'>ἐπιλάὅοιτο</span> <span class='ocrx_word' id='word_1_377' title='bbox 1802 3106 1929 3137; x_wconf 83' lang='grc' dir='ltr'>συν-</span> 
     </span>
    </p>
   </div>
   <div class='ocr_carea' id='block_1_56' title="bbox 291 3173 1933 3255">
    <p class='ocr_par' dir='ltr' id='par_1_56' title="bbox 291 3173 1933 3255">
     <span class='ocr_line' id='line_1_56' title="bbox 291 3173 1933 3255; baseline -0.003 -24"><span class='ocrx_word' id='word_1_378' title='bbox 291 3177 486 3251; x_wconf 86' lang='grc' dir='ltr'>ηθείας,</span> <span class='ocrx_word' id='word_1_379' title='bbox 523 3179 622 3244; x_wconf 79' lang='grc' dir='ltr'><strong>την</strong></span> <span class='ocrx_word' id='word_1_380' title='bbox 654 3179 967 3255; x_wconf 82' lang='grc' dir='ltr'>ἱερωσύνην,</span> <span class='ocrx_word' id='word_1_381' title='bbox 1004 3177 1136 3254; x_wconf 75' lang='grc' dir='ltr'>ὅπερ</span> <span class='ocrx_word' id='word_1_382' title='bbox 1168 3175 1232 3243; x_wconf 76' lang='grc' dir='ltr'>δὴ</span> <span class='ocrx_word' id='word_1_383' title='bbox 1265 3178 1352 3232; x_wconf 83' lang='grc' dir='ltr'><strong>καὶ</strong></span> <span class='ocrx_word' id='word_1_384' title='bbox 1398 3182 1528 3232; x_wconf 72' lang='grc' dir='ltr'>Θεοῦ</span> <span class='ocrx_word' id='word_1_385' title='bbox 1558 3173 1754 3252; x_wconf 78' lang='grc' dir='ltr'>δωρεὰν</span> <span class='ocrx_word' id='word_1_386' title='bbox 1787 3174 1933 3228; x_wconf 85' lang='grc' dir='ltr'>εἷται</span> 
     </span>
    </p>
   </div>
   <div class='ocr_carea' id='block_1_57' title="bbox 293 3261 1933 3345">
    <p class='ocr_par' dir='ltr' id='par_1_57' title="bbox 293 3261 1933 3345">
     <span class='ocr_line' id='line_1_57' title="bbox 293 3261 1933 3345; baseline -0.002 -25"><span class='ocrx_word' id='word_1_387' title='bbox 293 3264 540 3343; x_wconf 84' lang='grc' dir='ltr'>λέγομεν,</span> <span class='ocrx_word' id='word_1_388' title='bbox 575 3269 855 3345; x_wconf 71' lang='grc' dir='ltr'>χρήμασιν</span> <span class='ocrx_word' id='word_1_389' title='bbox 911 3267 1126 3333; x_wconf 75' lang='grc' dir='ltr'>ὠνητὴν</span> <span class='ocrx_word' id='word_1_390' title='bbox 1189 3269 1446 3343; x_wconf 85' lang='grc' dir='ltr'>γίνεσθαι,</span> <span class='ocrx_word' id='word_1_391' title='bbox 1489 3267 1576 3321; x_wconf 86' lang='grc' dir='ltr'><strong>καὶ</strong></span> <span class='ocrx_word' id='word_1_392' title='bbox 1627 3261 1933 3322; x_wconf 75' lang='grc' dir='ltr'>Ἰουδαϊκῶς</span> 
     </span>
    </p>
   </div>
   <div class='ocr_carea' id='block_1_58' title="bbox 286 3354 1936 3434">
    <p class='ocr_par' dir='ltr' id='par_1_58' title="bbox 286 3354 1936 3434">
     <span class='ocr_line' id='line_1_58' title="bbox 286 3354 1936 3434; baseline -0.004 -23"><span class='ocrx_word' id='word_1_393' title='bbox 286 3355 702 3422; x_wconf 82' lang='grc' dir='ltr'>καπηλεύεσθαι,</span> <span class='ocrx_word' id='word_1_394' title='bbox 751 3364 925 3413; x_wconf 70' lang='grc' dir='ltr'>Ταῦτα</span> <span class='ocrx_word' id='word_1_395' title='bbox 991 3354 1056 3411; x_wconf 85' lang='grc' dir='ltr'><strong>δι’</strong></span> <span class='ocrx_word' id='word_1_396' title='bbox 1114 3359 1330 3434; x_wconf 68' lang='grc' dir='ltr'>ἡμερῶν</span> <span class='ocrx_word' id='word_1_397' title='bbox 1387 3355 1648 3411; x_wconf 89' lang='grc' dir='ltr'>πλειόνων</span> <span class='ocrx_word' id='word_1_398' title='bbox 1721 3373 1936 3408; x_wconf 85' lang='grc' dir='ltr'>κανονι-</span> 
     </span>
    </p>
   </div>
   <div class='ocr_carea' id='block_1_59' title="bbox 287 3445 1935 3523">
    <p class='ocr_par' dir='ltr' id='par_1_59' title="bbox 287 3445 1935 3523">
     <span class='ocr_line' id='line_1_59' title="bbox 287 3445 1935 3523; baseline -0.004 -22"><span class='ocrx_word' id='word_1_399' title='bbox 287 3451 391 3507; x_wconf 86' lang='grc' dir='ltr'>κῶς</span> <span class='ocrx_word' id='word_1_400' title='bbox 459 3448 752 3523; x_wconf 79' lang='grc' dir='ltr'>κρίναντες,</span> <span class='ocrx_word' id='word_1_401' title='bbox 817 3450 904 3502; x_wconf 86' lang='grc' dir='ltr'><strong>καὶ</strong></span> <span class='ocrx_word' id='word_1_402' title='bbox 968 3448 1348 3521; x_wconf 67' lang='grc' dir='ltr'>ὑπομνήμασιν</span> <span class='ocrx_word' id='word_1_403' title='bbox 1403 3445 1715 3521; x_wconf 83' lang='grc' dir='ltr'>ἀνάγραπτα</span> <span class='ocrx_word' id='word_1_404' title='bbox 1759 3463 1935 3516; x_wconf 81' lang='grc' dir='ltr'>παρα-</span> 
     </span>
    </p>
   </div>
   <div class='ocr_carea' id='block_1_60' title="bbox 291 3531 1935 3606">
    <p class='ocr_par' dir='ltr' id='par_1_60' title="bbox 291 3531 1935 3606">
     <span class='ocr_line' id='line_1_60' title="bbox 291 3531 1935 3606; baseline -0.002 -16"><span class='ocrx_word' id='word_1_405' title='bbox 291 3535 461 3600; x_wconf 77' lang='grc' dir='ltr'>δόντες</span> <span class='ocrx_word' id='word_1_406' title='bbox 506 3535 946 3593; x_wconf 70' lang='grc' dir='ltr'>ἀντικαθιστῶσιν</span> <span class='ocrx_word' id='word_1_407' title='bbox 991 3535 1210 3592; x_wconf 82' lang='grc' dir='ltr'>ἐκείνων</span> <span class='ocrx_word' id='word_1_408' title='bbox 1259 3548 1380 3596; x_wconf 73' lang='grc' dir='ltr'>ταῖς</span> <span class='ocrx_word' id='word_1_409' title='bbox 1415 3533 1729 3600; x_wconf 83' lang='grc' dir='ltr'>ἐκκλησίαις</span> <span class='ocrx_word' id='word_1_410' title='bbox 1791 3531 1935 3606; x_wconf 85' lang='grc' dir='ltr'>λόγῳ</span> 
     </span>
    </p>
   </div>
   <div class='ocr_carea' id='block_1_61' title="bbox 294 3623 1933 3700">
    <p class='ocr_par' dir='ltr' id='par_1_61' title="bbox 294 3623 1933 3700">
     <span class='ocr_line' id='line_1_61' title="bbox 294 3623 1933 3700; baseline -0.002 -21"><span class='ocrx_word' id='word_1_411' title='bbox 294 3645 346 3679; x_wconf 88' lang='grc' dir='ltr'><strong>τε</strong></span> <span class='ocrx_word' id='word_1_412' title='bbox 375 3624 467 3680; x_wconf 75' lang='grc' dir='ltr'>καῖ</span> <span class='ocrx_word' id='word_1_413' title='bbox 513 3626 611 3700; x_wconf 77' lang='grc' dir='ltr'><strong>βίῳ</strong></span> <span class='ocrx_word' id='word_1_414' title='bbox 641 3624 1194 3699; x_wconf 80' lang='grc' dir='ltr'>διακεκοσμημένους,</span> <span class='ocrx_word' id='word_1_415' title='bbox 1230 3625 1326 3680; x_wconf 81' lang='grc' dir='ltr'>καί</span> <span class='ocrx_word' id='word_1_416' title='bbox 1373 3628 1543 3680; x_wconf 66' lang='grc' dir='ltr'>αὐτῶν</span> <span class='ocrx_word' id='word_1_417' title='bbox 1576 3623 1933 3698; x_wconf 75' lang='grc' dir='ltr'>εὐγνωμόνως</span> 
     </span>
    </p>
   </div>
   <div class='ocr_carea' id='block_1_62' title="bbox 294 3711 1936 3794">
    <p class='ocr_par' dir='ltr' id='par_1_62' title="bbox 294 3711 1936 3794">
     <span class='ocr_line' id='line_1_62' title="bbox 294 3711 1936 3794; baseline -0.004 -25"><span class='ocrx_word' id='word_1_418' title='bbox 294 3719 358 3789; x_wconf 75' lang='grc' dir='ltr'>τῇ</span> <span class='ocrx_word' id='word_1_419' title='bbox 388 3721 478 3770; x_wconf 82' lang='grc' dir='ltr'>τοῦ</span> <span class='ocrx_word' id='word_1_420' title='bbox 510 3713 748 3791; x_wconf 80' lang='grc' dir='ltr'>μεγάλου</span> <span class='ocrx_word' id='word_1_421' title='bbox 795 3715 959 3792; x_wconf 80' lang='grc' dir='ltr'>κρίσει</span> <span class='ocrx_word' id='word_1_422' title='bbox 1003 3715 1440 3794; x_wconf 74' lang='grc' dir='ltr'>στοιχησάντων,</span> <span class='ocrx_word' id='word_1_423' title='bbox 1487 3713 1573 3768; x_wconf 86' lang='grc' dir='ltr'><strong>καὶ</strong></span> <span class='ocrx_word' id='word_1_424' title='bbox 1620 3715 1679 3767; x_wconf 81' lang='grc' dir='ltr'>τὸ</span> <span class='ocrx_word' id='word_1_425' title='bbox 1713 3711 1936 3786; x_wconf 73' lang='grc' dir='ltr'><strong>ιπρόστι⁴</strong></span> 
     </span>
    </p>
   </div>
   <div class='ocr_carea' id='block_1_63' title="bbox 300 3799 1938 3882">
    <p class='ocr_par' dir='ltr' id='par_1_63' title="bbox 300 3799 1938 3882">
     <span class='ocr_line' id='line_1_63' title="bbox 300 3799 1938 3882; baseline -0.003 -23"><span class='ocrx_word' id='word_1_426' title='bbox 300 3825 392 3877; x_wconf 83' lang='grc' dir='ltr'><strong>μον</strong></span> <span class='ocrx_word' id='word_1_427' title='bbox 464 3803 816 3882; x_wconf 81' lang='grc' dir='ltr'>ὑποσχόντων</span> <span class='ocrx_word' id='word_1_428' title='bbox 871 3805 966 3872; x_wconf 72' lang='grc' dir='ltr'>τῆς</span> <span class='ocrx_word' id='word_1_429' title='bbox 1040 3805 1418 3882; x_wconf 51' lang='grc' dir='ltr'>καθαιρέσεως</span> <span class='ocrx_word' id='word_1_430' title='bbox 1491 3803 1548 3858; x_wconf 72' lang='grc' dir='ltr'><strong>οὐ</strong></span> <span class='ocrx_word' id='word_1_431' title='bbox 1619 3802 1835 3863; x_wconf 79' lang='grc' dir='ltr'>τούτους</span> <span class='ocrx_word' id='word_1_432' title='bbox 1885 3799 1938 3854; x_wconf 77' lang='grc' dir='ltr'><strong>δὲ</strong></span> 
     </span>
    </p>
   </div>
   <div class='ocr_carea' id='block_1_64' title="bbox 299 3890 1936 3970">
    <p class='ocr_par' dir='ltr' id='par_1_64' title="bbox 299 3890 1936 3970">
     <span class='ocr_line' id='line_1_64' title="bbox 299 3890 1936 3970; baseline 0 -22"><span class='ocrx_word' id='word_1_433' title='bbox 299 3892 482 3967; x_wconf 82' lang='grc' dir='ltr'>μόνον,</span> <span class='ocrx_word' id='word_1_434' title='bbox 530 3895 582 3949; x_wconf 69' lang='grc' dir='ltr'>οἳ</span> <span class='ocrx_word' id='word_1_435' title='bbox 636 3892 688 3958; x_wconf 78' lang='grc' dir='ltr'><strong>’ἐξ</strong></span> <span class='ocrx_word' id='word_1_436' title='bbox 743 3896 836 3950; x_wconf 84' lang='grc' dir='ltr'>τὸν</span> <span class='ocrx_word' id='word_1_437' title='bbox 899 3895 1120 3970; x_wconf 84' lang='grc' dir='ltr'>ἀριθμὸν</span> <span class='ocrx_word' id='word_1_438' title='bbox 1179 3894 1338 3967; x_wconf 78' lang='grc' dir='ltr'>ἦσαν,</span> <span class='ocrx_word' id='word_1_439' title='bbox 1401 3890 1538 3950; x_wconf 80' lang='grc' dir='ltr'>ἀλλὰ</span> <span class='ocrx_word' id='word_1_440' title='bbox 1586 3893 1672 3947; x_wconf 84' lang='grc' dir='ltr'><strong>καὶ</strong></span> <span class='ocrx_word' id='word_1_441' title='bbox 1731 3891 1936 3967; x_wconf 80' lang='grc' dir='ltr'>ἐτέρους</span> 
     </span>
    </p>
   </div>
   <div class='ocr_carea' id='block_1_65' title="bbox 2009 2362 3651 2444">
    <p class='ocr_par' dir='ltr' id='par_1_65' title="bbox 2009 2362 3651 2444">
     <span class='ocr_line' id='line_1_65' title="bbox 2009 2362 3651 2444; baseline -0.001 -16"><span class='ocrx_word' id='word_1_442' title='bbox 2009 2362 2153 2428; x_wconf 87' lang='lat' dir='ltr'><strong>Cum</strong></span> <span class='ocrx_word' id='word_1_443' title='bbox 2186 2375 2385 2428; x_wconf 90' lang='lat' dir='ltr'><strong>autem</strong></span> <span class='ocrx_word' id='word_1_444' title='bbox 2420 2363 2879 2444; x_wconf 83' lang='lat' dir='ltr'><strong>probationibus</strong></span> <span class='ocrx_word' id='word_1_445' title='bbox 2911 2381 3014 2424; x_wconf 85' lang='lat' dir='ltr'><strong>eos</strong></span> <span class='ocrx_word' id='word_1_446' title='bbox 3042 2372 3229 2425; x_wconf 85' lang='lat' dir='ltr'><strong>testes</strong></span> <span class='ocrx_word' id='word_1_447' title='bbox 3258 2365 3496 2426; x_wconf 86' lang='lat' dir='ltr'><strong>assidue</strong></span> <span class='ocrx_word' id='word_1_448' title='bbox 3531 2366 3651 2427; x_wconf 87' lang='lat' dir='ltr'><strong>im-</strong></span> 
     </span>
    </p>
   </div>
   <div class='ocr_carea' id='block_1_66' title="bbox 2014 2454 3653 2533">
    <p class='ocr_par' dir='ltr' id='par_1_66' title="bbox 2014 2454 3653 2533">
     <span class='ocr_line' id='line_1_66' title="bbox 2014 2454 3653 2533; baseline 0.001 -17"><span class='ocrx_word' id='word_1_449' title='bbox 2014 2454 2404 2533; x_wconf 90' lang='lat' dir='ltr'><strong>peterent,eis</strong></span> <span class='ocrx_word' id='word_1_450' title='bbox 2429 2455 2558 2514; x_wconf 90' lang='lat' dir='ltr'><strong>loca</strong></span> <span class='ocrx_word' id='word_1_451' title='bbox 2589 2462 2646 2514; x_wconf 90' lang='lat' dir='ltr'><strong>et</strong></span> <span class='ocrx_word' id='word_1_452' title='bbox 2678 2463 2946 2532; x_wconf 85' lang='lat' dir='ltr'><strong>tempora</strong></span> <span class='ocrx_word' id='word_1_453' title='bbox 2969 2461 3316 2515; x_wconf 86' lang='lat' dir='ltr'><strong>revocantes</strong></span> <span class='ocrx_word' id='word_1_454' title='bbox 3340 2455 3400 2515; x_wconf 91' lang='lat' dir='ltr'><strong>in</strong></span> <span class='ocrx_word' id='word_1_455' title='bbox 3418 2473 3653 2517; x_wconf 87' lang='lat' dir='ltr'><strong>memo-</strong></span> 
     </span>
    </p>
   </div>
   <div class='ocr_carea' id='block_1_67' title="bbox 2010 2543 3650 2624">
    <p class='ocr_par' dir='ltr' id='par_1_67' title="bbox 2010 2543 3650 2624">
     <span class='ocr_line' id='line_1_67' title="bbox 2010 2543 3650 2624; baseline 0.003 -21"><span class='ocrx_word' id='word_1_456' title='bbox 2010 2543 2182 2614; x_wconf 88' lang='lat' dir='ltr'><strong>riam,</strong></span> <span class='ocrx_word' id='word_1_457' title='bbox 2211 2551 2268 2603; x_wconf 89' lang='lat' dir='ltr'><strong>et</strong></span> <span class='ocrx_word' id='word_1_458' title='bbox 2290 2543 2685 2624; x_wconf 75' lang='lat' dir='ltr'><strong>quantitatem</strong></span> <span class='ocrx_word' id='word_1_459' title='bbox 2719 2559 2952 2616; x_wconf 90' lang='lat' dir='ltr'><strong>eorum,</strong></span> <span class='ocrx_word' id='word_1_460' title='bbox 2988 2561 3124 2618; x_wconf 59' lang='lat' dir='ltr'><strong>quas</strong></span> <span class='ocrx_word' id='word_1_461' title='bbox 3153 2543 3343 2605; x_wconf 84' lang='lat' dir='ltr'><strong>soluta</strong></span> <span class='ocrx_word' id='word_1_462' title='bbox 3365 2543 3599 2608; x_wconf 81' lang='lat' dir='ltr'><strong>fuerant</strong></span> <span class='ocrx_word' id='word_1_463' title='bbox 3635 2562 3650 2608; x_wconf 88' lang='lat'><strong>:</strong></span> 
     </span>
    </p>
   </div>
   <div class='ocr_carea' id='block_1_68' title="bbox 2012 2633 3652 2712">
    <p class='ocr_par' dir='ltr' id='par_1_68' title="bbox 2012 2633 3652 2712">
     <span class='ocr_line' id='line_1_68' title="bbox 2012 2633 3652 2712; baseline 0.003 -20"><span class='ocrx_word' id='word_1_464' title='bbox 2012 2633 2154 2712; x_wconf 91' lang='lat' dir='ltr'><strong>quin</strong></span> <span class='ocrx_word' id='word_1_465' title='bbox 2179 2637 2356 2694; x_wconf 88' lang='lat' dir='ltr'><strong>etiam</strong></span> <span class='ocrx_word' id='word_1_466' title='bbox 2374 2633 2608 2712; x_wconf 89' lang='lat' dir='ltr'><strong>species</strong></span> <span class='ocrx_word' id='word_1_467' title='bbox 2621 2649 2994 2712; x_wconf 69' lang='lat' dir='ltr'><strong>eorum,quae</strong></span> <span class='ocrx_word' id='word_1_468' title='bbox 3011 2633 3143 2693; x_wconf 84' lang='lat' dir='ltr'><strong>data</strong></span> <span class='ocrx_word' id='word_1_469' title='bbox 3165 2634 3652 2706; x_wconf 84' lang='lat' dir='ltr'><strong>sunt,referrent:</strong></span> 
     </span>
    </p>
   </div>
   <div class='ocr_carea' id='block_1_69' title="bbox 2012 2721 3657 2802">
    <p class='ocr_par' dir='ltr' id='par_1_69' title="bbox 2012 2721 3657 2802">
     <span class='ocr_line' id='line_1_69' title="bbox 2012 2721 3657 2802; baseline 0.001 -19"><span class='ocrx_word' id='word_1_470' title='bbox 2012 2741 2147 2783; x_wconf 91' lang='lat' dir='ltr'><strong>cum</strong></span> <span class='ocrx_word' id='word_1_471' title='bbox 2174 2721 2298 2784; x_wconf 60' lang='lat' dir='ltr'><strong>hac</strong></span> <span class='ocrx_word' id='word_1_472' title='bbox 2330 2722 2409 2783; x_wconf 91' lang='lat' dir='ltr'><strong>ita</strong></span> <span class='ocrx_word' id='word_1_473' title='bbox 2432 2721 3226 2800; x_wconf 74' lang='lat' dir='ltr'><strong>essentvalida,reveritiilli</strong></span> <span class='ocrx_word' id='word_1_474' title='bbox 3256 2731 3520 2802; x_wconf 90' lang='lat' dir='ltr'><strong>apertam</strong></span> <span class='ocrx_word' id='word_1_475' title='bbox 3557 2742 3657 2786; x_wconf 90' lang='lat' dir='ltr'><strong>eo-</strong></span> 
     </span>
    </p>
   </div>
   <div class='ocr_carea' id='block_1_70' title="bbox 2012 2811 3653 2892">
    <p class='ocr_par' dir='ltr' id='par_1_70' title="bbox 2012 2811 3653 2892">
     <span class='ocr_line' id='line_1_70' title="bbox 2012 2811 3653 2892; baseline -0.001 -19"><span class='ocrx_word' id='word_1_476' title='bbox 2012 2831 2308 2892; x_wconf 71' lang='lat' dir='ltr'><strong>rum,quze</strong></span> <span class='ocrx_word' id='word_1_477' title='bbox 2335 2811 3054 2888; x_wconf 85' lang='lat' dir='ltr'><strong>dicebantur,veritatem:</strong></span> <span class='ocrx_word' id='word_1_478' title='bbox 3079 2819 3137 2872; x_wconf 92' lang='lat' dir='ltr'><strong>et</strong></span> <span class='ocrx_word' id='word_1_479' title='bbox 3161 2811 3380 2873; x_wconf 86' lang='lat' dir='ltr'><strong>deinde</strong></span> <span class='ocrx_word' id='word_1_480' title='bbox 3401 2813 3653 2874; x_wconf 88' lang='lat' dir='ltr'><strong>inevita-</strong></span> 
     </span>
    </p>
   </div>
   <div class='ocr_carea' id='block_1_71' title="bbox 2015 2901 3655 2982">
    <p class='ocr_par' dir='ltr' id='par_1_71' title="bbox 2015 2901 3655 2982">
     <span class='ocr_line' id='line_1_71' title="bbox 2015 2901 3655 2982; baseline 0.001 -20"><span class='ocrx_word' id='word_1_481' title='bbox 2015 2901 2194 2962; x_wconf 91' lang='lat' dir='ltr'><strong>bilem</strong></span> <span class='ocrx_word' id='word_1_482' title='bbox 2218 2901 2483 2981; x_wconf 87' lang='lat' dir='ltr'><strong>judicem</strong></span> <span class='ocrx_word' id='word_1_483' title='bbox 2519 2902 2852 2982; x_wconf 90' lang='lat' dir='ltr'><strong>pulsantem</strong></span> <span class='ocrx_word' id='word_1_484' title='bbox 2886 2920 3005 2962; x_wconf 91' lang='lat' dir='ltr'><strong>non</strong></span> <span class='ocrx_word' id='word_1_485' title='bbox 3029 2901 3292 2964; x_wconf 90' lang='lat' dir='ltr'><strong>ferentes</strong></span> <span class='ocrx_word' id='word_1_486' title='bbox 3333 2903 3655 2964; x_wconf 86' lang='lat' dir='ltr'><strong>conscien-</strong></span> 
     </span>
    </p>
   </div>
   <div class='ocr_carea' id='block_1_72' title="bbox 2017 2991 3654 3070">
    <p class='ocr_par' dir='ltr' id='par_1_72' title="bbox 2017 2991 3654 3070">
     <span class='ocr_line' id='line_1_72' title="bbox 2017 2991 3654 3070; baseline 0.002 -21"><span class='ocrx_word' id='word_1_487' title='bbox 2017 2991 2181 3064; x_wconf 86' lang='lat' dir='ltr'><strong>tiam,</strong></span> <span class='ocrx_word' id='word_1_488' title='bbox 2219 2991 2658 3070; x_wconf 85' lang='lat' dir='ltr'><strong>persuadentur</strong></span> <span class='ocrx_word' id='word_1_489' title='bbox 2681 2999 2736 3052; x_wconf 90' lang='lat' dir='ltr'><strong>et</strong></span> <span class='ocrx_word' id='word_1_490' title='bbox 2760 2991 3016 3054; x_wconf 83' lang='lat' dir='ltr'><strong>fatentur</strong></span> <span class='ocrx_word' id='word_1_491' title='bbox 3035 3009 3159 3052; x_wconf 85' lang='lat' dir='ltr'><strong>rem</strong></span> <span class='ocrx_word' id='word_1_492' title='bbox 3196 2991 3432 3052; x_wconf 89' lang='lat' dir='ltr'><strong>vereita</strong></span> <span class='ocrx_word' id='word_1_493' title='bbox 3461 3009 3525 3052; x_wconf 90' lang='lat' dir='ltr'><strong>se</strong></span> <span class='ocrx_word' id='word_1_494' title='bbox 3546 2993 3654 3052; x_wconf 89' lang='lat' dir='ltr'><strong>ha-</strong></span> 
     </span>
    </p>
   </div>
   <div class='ocr_carea' id='block_1_73' title="bbox 2017 3080 3653 3160">
    <p class='ocr_par' dir='ltr' id='par_1_73' title="bbox 2017 3080 3653 3160">
     <span class='ocr_line' id='line_1_73' title="bbox 2017 3080 3653 3160; baseline 0.001 -19"><span class='ocrx_word' id='word_1_495' title='bbox 2017 3080 3134 3160; x_wconf 78' lang='lat' dir='ltr'><strong>bere,subjungenteszExistimavimus</strong></span> <span class='ocrx_word' id='word_1_496' title='bbox 3160 3082 3334 3142; x_wconf 90' lang='lat' dir='ltr'><strong>talem</strong></span> <span class='ocrx_word' id='word_1_497' title='bbox 3362 3101 3494 3144; x_wconf 87' lang='lat' dir='ltr'><strong>esse</strong></span> <span class='ocrx_word' id='word_1_498' title='bbox 3515 3100 3653 3143; x_wconf 80' lang='lat' dir='ltr'><strong>cor:-</strong></span> 
     </span>
    </p>
   </div>
   <div class='ocr_carea' id='block_1_74' title="bbox 2021 3170 3654 3246">
    <p class='ocr_par' dir='ltr' id='par_1_74' title="bbox 2021 3170 3654 3246">
     <span class='ocr_line' id='line_1_74' title="bbox 2021 3170 3654 3246; baseline 0.001 -15"><span class='ocrx_word' id='word_1_499' title='bbox 2021 3170 2425 3243; x_wconf 85' lang='lat' dir='ltr'><strong>suetudinem,</strong></span> <span class='ocrx_word' id='word_1_500' title='bbox 2452 3180 2513 3230; x_wconf 91' lang='lat' dir='ltr'><strong>ut</strong></span> <span class='ocrx_word' id='word_1_501' title='bbox 2542 3170 2975 3242; x_wconf 82' lang='lat' dir='ltr'><strong>liberarentur,</strong></span> <span class='ocrx_word' id='word_1_502' title='bbox 3001 3170 3261 3246; x_wconf 89' lang='lat' dir='ltr'><strong>aiebant,</strong></span> <span class='ocrx_word' id='word_1_503' title='bbox 3293 3190 3328 3233; x_wconf 88' lang='lat' dir='ltr'><strong>a</strong></span> <span class='ocrx_word' id='word_1_504' title='bbox 3347 3172 3535 3246; x_wconf 88' lang='lat' dir='ltr'><strong>curia,</strong></span> <span class='ocrx_word' id='word_1_505' title='bbox 3558 3173 3654 3234; x_wconf 90' lang='lat' dir='ltr'><strong>cui</strong></span> 
     </span>
    </p>
   </div>
   <div class='ocr_carea' id='block_1_75' title="bbox 2023 3257 3660 3340">
    <p class='ocr_par' dir='ltr' id='par_1_75' title="bbox 2023 3257 3660 3340">
     <span class='ocr_line' id='line_1_75' title="bbox 2023 3257 3660 3340; baseline -0.001 -19"><span class='ocrx_word' id='word_1_506' title='bbox 2023 3278 2264 3321; x_wconf 86' lang='lat' dir='ltr'><strong>eramus</strong></span> <span class='ocrx_word' id='word_1_507' title='bbox 2291 3258 2550 3321; x_wconf 82' lang='lat' dir='ltr'><strong>obnoxii.</strong></span> <span class='ocrx_word' id='word_1_508' title='bbox 2586 3257 2755 3320; x_wconf 89' lang='lat' dir='ltr'><strong>Nunc</strong></span> <span class='ocrx_word' id='word_1_509' title='bbox 2786 3268 2983 3322; x_wconf 85' lang='lat' dir='ltr'><strong>autem</strong></span> <span class='ocrx_word' id='word_1_510' title='bbox 3016 3262 3066 3322; x_wconf 92' lang='lat' dir='ltr'><strong>si</strong></span> <span class='ocrx_word' id='word_1_511' title='bbox 3097 3261 3184 3321; x_wconf 90' lang='lat' dir='ltr'><strong>fas</strong></span> <span class='ocrx_word' id='word_1_512' title='bbox 3214 3261 3454 3340; x_wconf 90' lang='lat' dir='ltr'><strong>quidem</strong></span> <span class='ocrx_word' id='word_1_513' title='bbox 3488 3260 3660 3336; x_wconf 89' lang='lat' dir='ltr'><strong>sit,ut</strong></span> 
     </span>
    </p>
   </div>
   <div class='ocr_carea' id='block_1_76' title="bbox 2023 3347 3660 3430">
    <p class='ocr_par' dir='ltr' id='par_1_76' title="bbox 2023 3347 3660 3430">
     <span class='ocr_line' id='line_1_76' title="bbox 2023 3347 3660 3430; baseline 0.001 -21"><span class='ocrx_word' id='word_1_514' title='bbox 2023 3349 2209 3410; x_wconf 90' lang='lat' dir='ltr'><strong>simus</strong></span> <span class='ocrx_word' id='word_1_515' title='bbox 2250 3369 2318 3410; x_wconf 86' lang='lat' dir='ltr'><strong>ex</strong></span> <span class='ocrx_word' id='word_1_516' title='bbox 2356 3356 2648 3409; x_wconf 81' lang='lat' dir='ltr'><strong>ministris</strong></span> <span class='ocrx_word' id='word_1_517' title='bbox 2693 3347 3018 3412; x_wconf 83' lang='lat' dir='ltr'><strong>Ecclesiae:</strong></span> <span class='ocrx_word' id='word_1_518' title='bbox 3053 3350 3145 3409; x_wconf 88' lang='lat' dir='ltr'><strong>sin</strong></span> <span class='ocrx_word' id='word_1_519' title='bbox 3190 3352 3411 3430; x_wconf 85' lang='lat' dir='ltr'><strong>minus,</strong></span> <span class='ocrx_word' id='word_1_520' title='bbox 3448 3367 3660 3411; x_wconf 89' lang='lat' dir='ltr'><strong>aurum</strong></span> 
     </span>
    </p>
   </div>
   <div class='ocr_carea' id='block_1_77' title="bbox 2023 3437 3661 3519">
    <p class='ocr_par' dir='ltr' id='par_1_77' title="bbox 2023 3437 3661 3519">
     <span class='ocr_line' id='line_1_77' title="bbox 2023 3437 3661 3519; baseline -0.001 -20"><span class='ocrx_word' id='word_1_521' title='bbox 2023 3439 2258 3511; x_wconf 88' lang='lat' dir='ltr'><strong>saltem,</strong></span> <span class='ocrx_word' id='word_1_522' title='bbox 2285 3438 2443 3519; x_wconf 90' lang='lat' dir='ltr'><strong>quod</strong></span> <span class='ocrx_word' id='word_1_523' title='bbox 2464 3438 2777 3512; x_wconf 87' lang='lat' dir='ltr'><strong>solvimus,</strong></span> <span class='ocrx_word' id='word_1_524' title='bbox 2800 3439 2996 3499; x_wconf 89' lang='lat' dir='ltr'><strong>velitis</strong></span> <span class='ocrx_word' id='word_1_525' title='bbox 3024 3437 3195 3498; x_wconf 90' lang='lat' dir='ltr'><strong>nobis</strong></span> <span class='ocrx_word' id='word_1_526' title='bbox 3218 3439 3661 3514; x_wconf 80' lang='lat' dir='ltr'><strong>reddere,non-</strong></span> 
     </span>
    </p>
   </div>
   <div class='ocr_carea' id='block_1_78' title="bbox 2023 3526 3663 3608">
    <p class='ocr_par' dir='ltr' id='par_1_78' title="bbox 2023 3526 3663 3608">
     <span class='ocr_line' id='line_1_78' title="bbox 2023 3526 3663 3608; baseline 0.001 -20"><span class='ocrx_word' id='word_1_527' title='bbox 2023 3527 2172 3588; x_wconf 89' lang='lat' dir='ltr'><strong>nulli</strong></span> <span class='ocrx_word' id='word_1_528' title='bbox 2197 3527 2356 3588; x_wconf 88' lang='lat' dir='ltr'><strong>enim</strong></span> <span class='ocrx_word' id='word_1_529' title='bbox 2391 3526 2778 3608; x_wconf 79' lang='lat' dir='ltr'><strong>dicebantid,</strong></span> <span class='ocrx_word' id='word_1_530' title='bbox 2807 3529 2966 3608; x_wconf 85' lang='lat' dir='ltr'><strong>quod</strong></span> <span class='ocrx_word' id='word_1_531' title='bbox 3001 3528 3257 3588; x_wconf 90' lang='lat' dir='ltr'><strong>solutum</strong></span> <span class='ocrx_word' id='word_1_532' title='bbox 3292 3529 3506 3600; x_wconf 83' lang='lat' dir='ltr'><strong>fuerat,</strong></span> <span class='ocrx_word' id='word_1_533' title='bbox 3531 3547 3663 3590; x_wconf 88' lang='lat' dir='ltr'><strong>esse</strong></span> 
     </span>
    </p>
   </div>
   <div class='ocr_carea' id='block_1_79' title="bbox 2023 3616 3661 3697">
    <p class='ocr_par' dir='ltr' id='par_1_79' title="bbox 2023 3616 3661 3697">
     <span class='ocr_line' id='line_1_79' title="bbox 2023 3616 3661 3697; baseline -0.002 -18"><span class='ocrx_word' id='word_1_534' title='bbox 2023 3636 2090 3679; x_wconf 83' lang='lat' dir='ltr'><strong>ex</strong></span> <span class='ocrx_word' id='word_1_535' title='bbox 2118 3618 2291 3679; x_wconf 90' lang='lat' dir='ltr'><strong>bonis</strong></span> <span class='ocrx_word' id='word_1_536' title='bbox 2321 3617 2696 3679; x_wconf 84' lang='lat' dir='ltr'><strong>uxorum.Ad</strong></span> <span class='ocrx_word' id='word_1_537' title='bbox 2723 3619 2849 3678; x_wconf 68' lang='lat' dir='ltr'><strong>haec</strong></span> <span class='ocrx_word' id='word_1_538' title='bbox 2875 3636 3124 3696; x_wconf 76' lang='lat' dir='ltr'><strong>magnus</strong></span> <span class='ocrx_word' id='word_1_539' title='bbox 3155 3616 3661 3697; x_wconf 77' lang='lat' dir='ltr'><strong>ille:Ego,inquit,</strong></span> 
     </span>
    </p>
   </div>
   <div class='ocr_carea' id='block_1_80' title="bbox 2022 3705 3666 3788">
    <p class='ocr_par' dir='ltr' id='par_1_80' title="bbox 2022 3705 3666 3788">
     <span class='ocr_line' id='line_1_80' title="bbox 2022 3705 3666 3788; baseline 0.001 -22"><span class='ocrx_word' id='word_1_540' title='bbox 2022 3705 2175 3768; x_wconf 88' lang='lat' dir='ltr'><strong>dabo</strong></span> <span class='ocrx_word' id='word_1_541' title='bbox 2205 3725 2471 3785; x_wconf 85' lang='lat' dir='ltr'><strong>operam,</strong></span> <span class='ocrx_word' id='word_1_542' title='bbox 2511 3717 2572 3768; x_wconf 84' lang='lat' dir='ltr'><strong>ut</strong></span> <span class='ocrx_word' id='word_1_543' title='bbox 2595 3725 2696 3768; x_wconf 90' lang='lat' dir='ltr'><strong>vos</strong></span> <span class='ocrx_word' id='word_1_544' title='bbox 2715 3726 2749 3767; x_wconf 89' lang='lat' dir='ltr'><strong>a</strong></span> <span class='ocrx_word' id='word_1_545' title='bbox 2778 3710 2942 3768; x_wconf 87' lang='lat' dir='ltr'><strong>curia</strong></span> <span class='ocrx_word' id='word_1_546' title='bbox 2981 3707 3350 3782; x_wconf 88' lang='lat' dir='ltr'><strong>liberemini,</strong></span> <span class='ocrx_word' id='word_1_547' title='bbox 3379 3725 3483 3788; x_wconf 92' lang='lat' dir='ltr'><strong>pro</strong></span> <span class='ocrx_word' id='word_1_548' title='bbox 3507 3726 3575 3772; x_wconf 86' lang='lat' dir='ltr'><strong>ea</strong></span> <span class='ocrx_word' id='word_1_549' title='bbox 3599 3726 3666 3768; x_wconf 90' lang='lat' dir='ltr'><strong>re</strong></span> 
     </span>
    </p>
   </div>
   <div class='ocr_carea' id='block_1_81' title="bbox 2026 3795 3664 3877">
    <p class='ocr_par' dir='ltr' id='par_1_81' title="bbox 2026 3795 3664 3877">
     <span class='ocr_line' id='line_1_81' title="bbox 2026 3795 3664 3877; baseline -0.001 -19"><span class='ocrx_word' id='word_1_550' title='bbox 2026 3796 2315 3877; x_wconf 89' lang='lat' dir='ltr'><strong>petitione</strong></span> <span class='ocrx_word' id='word_1_551' title='bbox 2337 3796 2536 3859; x_wconf 89' lang='lat' dir='ltr'><strong>oblata</strong></span> <span class='ocrx_word' id='word_1_552' title='bbox 2559 3797 2931 3876; x_wconf 82' lang='lat' dir='ltr'><strong>imperatori,</strong></span> <span class='ocrx_word' id='word_1_553' title='bbox 2950 3795 3116 3858; x_wconf 88' lang='lat' dir='ltr'><strong>vobis</strong></span> <span class='ocrx_word' id='word_1_554' title='bbox 3144 3807 3342 3859; x_wconf 86' lang='lat' dir='ltr'><strong>autem</strong></span> <span class='ocrx_word' id='word_1_555' title='bbox 3375 3816 3531 3861; x_wconf 65' lang='lat' dir='ltr'><strong>cura)</strong></span> <span class='ocrx_word' id='word_1_556' title='bbox 3553 3800 3664 3860; x_wconf 89' lang='lat' dir='ltr'><strong>erit</strong></span> 
     </span>
    </p>
   </div>
   <div class='ocr_carea' id='block_1_82' title="bbox 2023 3887 3666 3967">
    <p class='ocr_par' dir='ltr' id='par_1_82' title="bbox 2023 3887 3666 3967">
     <span class='ocr_line' id='line_1_82' title="bbox 2023 3887 3666 3967; baseline 0.001 -19"><span class='ocrx_word' id='word_1_557' title='bbox 2023 3887 2293 3960; x_wconf 87' lang='lat' dir='ltr'><strong>omnino,</strong></span> <span class='ocrx_word' id='word_1_558' title='bbox 2329 3887 2472 3947; x_wconf 78' lang='lat' dir='ltr'><strong>dixit</strong></span> <span class='ocrx_word' id='word_1_559' title='bbox 2504 3905 2828 3948; x_wconf 87' lang='lat' dir='ltr'><strong>conversus</strong></span> <span class='ocrx_word' id='word_1_560' title='bbox 2868 3888 2938 3949; x_wconf 85' lang='lat' dir='ltr'><strong>ad</strong></span> <span class='ocrx_word' id='word_1_561' title='bbox 2972 3887 3292 3967; x_wconf 87' lang='lat' dir='ltr'><strong>synodum,</strong></span> <span class='ocrx_word' id='word_1_562' title='bbox 3326 3897 3386 3949; x_wconf 91' lang='lat' dir='ltr'><strong>ut</strong></span> <span class='ocrx_word' id='word_1_563' title='bbox 3409 3891 3495 3951; x_wconf 91' lang='lat' dir='ltr'><strong>eis</strong></span> <span class='ocrx_word' id='word_1_564' title='bbox 3525 3909 3666 3952; x_wconf 84' lang='lat' dir='ltr'><strong>cou-</strong></span> 
     </span>
    </p>
   </div>
   <div class='ocr_carea' id='block_1_83' title="bbox 298 3977 1930 4062">
    <p class='ocr_par' dir='ltr' id='par_1_83' title="bbox 298 3979 1930 4062">
     <span class='ocr_line' id='line_1_83' title="bbox 298 3979 1930 4062; baseline -0.003 -23"><span class='ocrx_word' id='word_1_565' title='bbox 298 3983 590 4060; x_wconf 82' lang='grc' dir='ltr'>ἰσαρίθμους</span> <span class='ocrx_word' id='word_1_566' title='bbox 666 3984 829 4059; x_wconf 81' lang='grc' dir='ltr'>εὑρὼν</span> <span class='ocrx_word' id='word_1_567' title='bbox 870 3984 1150 4062; x_wconf 81' lang='grc' dir='ltr'>χρήμασιν</span> <span class='ocrx_word' id='word_1_568' title='bbox 1221 3983 1506 4058; x_wconf 74' lang='grc' dir='ltr'>ἐγκρατεῖς</span> <span class='ocrx_word' id='word_1_569' title='bbox 1569 3987 1674 4036; x_wconf 76' lang='grc' dir='ltr'><strong>τῶν</strong></span> <span class='ocrx_word' id='word_1_570' title='bbox 1731 3979 1930 4045; x_wconf 58' lang='grc' dir='ltr'>ἔκκλη-</span> 
     </span>
    </p>
   </div>
   <div class='ocr_carea' id='block_1_84' title="bbox 2018 3977 3666 4062">
    <p class='ocr_par' dir='ltr' id='par_1_84' title="bbox 2023 3977 3666 4058">
     <span class='ocr_line' id='line_1_84' title="bbox 2023 3977 3666 4058; baseline 0.003 -22"><span class='ocrx_word' id='word_1_571' title='bbox 2023 3987 2440 4051; x_wconf 84' lang='lat' dir='ltr'><strong>serventur,ex</strong></span> <span class='ocrx_word' id='word_1_572' title='bbox 2473 3978 2763 4039; x_wconf 87' lang='lat' dir='ltr'><strong>Antonini</strong></span> <span class='ocrx_word' id='word_1_573' title='bbox 2789 3977 3018 4040; x_wconf 87' lang='lat' dir='ltr'><strong>scilicet</strong></span> <span class='ocrx_word' id='word_1_574' title='bbox 3038 3977 3402 4052; x_wconf 64' lang='lat' dir='ltr'><strong>haaredibus,</strong></span> <span class='ocrx_word' id='word_1_575' title='bbox 3431 3997 3500 4041; x_wconf 88' lang='lat' dir='ltr'><strong>ea</strong></span> <span class='ocrx_word' id='word_1_576' title='bbox 3530 3998 3666 4058; x_wconf 69' lang='lat' dir='ltr'><strong>qua:</strong></span> 
     </span>
    </p>
   </div>
   <div class='ocr_carea' id='block_1_85' title="bbox 302 4068 1930 4149">
    <p class='ocr_par' dir='ltr' id='par_1_85' title="bbox 302 4068 1930 4149">
     <span class='ocr_line' id='line_1_85' title="bbox 302 4068 1930 4149; baseline -0.007 -23"><span class='ocrx_word' id='word_1_577' title='bbox 302 4078 425 4127; x_wconf 79' lang='grc' dir='ltr'>σιῶν</span> <span class='ocrx_word' id='word_1_578' title='bbox 461 4071 801 4149; x_wconf 82' lang='grc' dir='ltr'>γενομένους,</span> <span class='ocrx_word' id='word_1_579' title='bbox 835 4072 1178 4146; x_wconf 85' lang='grc' dir='ltr'>ἀποστολικῷ</span> <span class='ocrx_word' id='word_1_580' title='bbox 1234 4069 1416 4128; x_wconf 78' lang='grc' dir='ltr'>κανόνι</span> <span class='ocrx_word' id='word_1_581' title='bbox 1446 4070 1716 4131; x_wconf 74' lang='grc' dir='ltr'>καθεῖλεν.</span> <span class='ocrx_word' id='word_1_582' title='bbox 1777 4068 1930 4126; x_wconf 82' lang='grc' dir='ltr'>Ἐπι-</span> 
     </span>
    </p>
   </div>
   <div class='ocr_carea' id='block_1_86' title="bbox 2018 4068 3667 4149">
    <p class='ocr_par' dir='ltr' id='par_1_86' title="bbox 2025 4068 3667 4142">
     <span class='ocr_line' id='line_1_86' title="bbox 2025 4068 3667 4142; baseline 0.003 -18"><span class='ocrx_word' id='word_1_583' title='bbox 2025 4070 2135 4140; x_wconf 88' lang='lat' dir='ltr'><strong>ipsi</strong></span> <span class='ocrx_word' id='word_1_584' title='bbox 2158 4068 2760 4126; x_wconf 86' lang='lat' dir='ltr'><strong>solverunt.Protinus</strong></span> <span class='ocrx_word' id='word_1_585' title='bbox 2782 4084 2920 4142; x_wconf 75' lang='lat' dir='ltr'><strong>ergo</strong></span> <span class='ocrx_word' id='word_1_586' title='bbox 2941 4070 3238 4127; x_wconf 86' lang='lat' dir='ltr'><strong>decretum</strong></span> <span class='ocrx_word' id='word_1_587' title='bbox 3269 4080 3444 4136; x_wconf 85' lang='lat' dir='ltr'><strong>est,ut</strong></span> <span class='ocrx_word' id='word_1_588' title='bbox 3460 4085 3667 4130; x_wconf 88' lang='lat' dir='ltr'><strong>aurum</strong></span> 
     </span>
    </p>
   </div>
   <div class='ocr_carea' id='block_1_87' title="bbox 305 4154 1930 4242">
    <p class='ocr_par' dir='ltr' id='par_1_87' title="bbox 305 4158 1930 4242">
     <span class='ocr_line' id='line_1_87' title="bbox 305 4158 1930 4242; baseline -0.002 -25"><span class='ocrx_word' id='word_1_589' title='bbox 305 4164 455 4225; x_wconf 81' lang='grc' dir='ltr'>εικῶς</span> <span class='ocrx_word' id='word_1_590' title='bbox 515 4162 570 4217; x_wconf 77' lang='grc' dir='ltr'><strong>ὁὶ</strong></span> <span class='ocrx_word' id='word_1_591' title='bbox 628 4162 694 4229; x_wconf 74' lang='grc' dir='ltr'><strong>ἦν</strong></span> <span class='ocrx_word' id='word_1_592' title='bbox 736 4163 830 4222; x_wconf 79' lang='grc' dir='ltr'>τὰς</span> <span class='ocrx_word' id='word_1_593' title='bbox 884 4163 1217 4242; x_wconf 83' lang='grc' dir='ltr'>χειροτονίας</span> <span class='ocrx_word' id='word_1_594' title='bbox 1263 4159 1722 4239; x_wconf 77' lang='grc' dir='ltr'>ἐξακριεούμενος,</span> <span class='ocrx_word' id='word_1_595' title='bbox 1777 4158 1930 4237; x_wconf 67' lang='grc' dir='ltr'>μέχρι</span> 
     </span>
    </p>
   </div>
   <div class='ocr_carea' id='block_1_88' title="bbox 2018 4154 3666 4242">
    <p class='ocr_par' dir='ltr' id='par_1_88' title="bbox 2027 4154 3666 4242">
     <span class='ocr_line' id='line_1_88' title="bbox 2027 4154 3666 4242; baseline 0.003 -28"><span class='ocrx_word' id='word_1_596' title='bbox 2027 4154 2272 4242; x_wconf 77' lang='lat' dir='ltr'><strong>quidem</strong></span> <span class='ocrx_word' id='word_1_597' title='bbox 2297 4155 2420 4216; x_wconf 88' lang='lat' dir='ltr'><strong>illis</strong></span> <span class='ocrx_word' id='word_1_598' title='bbox 2441 4154 3209 4235; x_wconf 80' lang='lat' dir='ltr'><strong>reddereturzprivarentur</strong></span> <span class='ocrx_word' id='word_1_599' title='bbox 3237 4164 3435 4217; x_wconf 88' lang='lat' dir='ltr'><strong>autem</strong></span> <span class='ocrx_word' id='word_1_600' title='bbox 3461 4175 3666 4219; x_wconf 90' lang='lat' dir='ltr'><strong>sacer-</strong></span> 
     </span>
    </p>
   </div>
   <div class='ocr_carea' id='block_1_89' title="bbox 306 4240 1930 4329">
    <p class='ocr_par' dir='ltr' id='par_1_89' title="bbox 306 4240 1930 4329">
     <span class='ocr_line' id='line_1_89' title="bbox 306 4240 1930 4329; baseline 0.001 -23"><span class='ocrx_word' id='word_1_601' title='bbox 306 4273 360 4306; x_wconf 87' lang='grc' dir='ltr'><strong>τε</strong></span> <span class='ocrx_word' id='word_1_602' title='bbox 402 4249 604 4307; x_wconf 74' lang='grc' dir='ltr'>πολλοῦ</span> <span class='ocrx_word' id='word_1_603' title='bbox 653 4251 750 4318; x_wconf 79' lang='grc' dir='ltr'>τὴν</span> <span class='ocrx_word' id='word_1_604' title='bbox 807 4240 1040 4327; x_wconf 73' lang='grc' dir='ltr'>βάσανον</span> <span class='ocrx_word' id='word_1_605' title='bbox 1096 4253 1446 4329; x_wconf 63' lang='grc' dir='ltr'>παρατείνων,</span> <span class='ocrx_word' id='word_1_606' title='bbox 1495 4251 1584 4305; x_wconf 82' lang='grc' dir='ltr'><strong>καὶ</strong></span> <span class='ocrx_word' id='word_1_607' title='bbox 1634 4249 1814 4324; x_wconf 80' lang='grc' dir='ltr'>ὥσπερ</span> <span class='ocrx_word' id='word_1_608' title='bbox 1867 4270 1930 4307; x_wconf 72' lang='grc' dir='ltr'>τις</span> 
     </span>
    </p>
   </div>
   <div class='ocr_carea' id='block_1_90' title="bbox 2018 4240 3668 4329">
    <p class='ocr_par' dir='ltr' id='par_1_90' title="bbox 2028 4240 3668 4326">
     <span class='ocr_line' id='line_1_90' title="bbox 2028 4240 3668 4326; baseline 0.002 -22"><span class='ocrx_word' id='word_1_609' title='bbox 2028 4240 2348 4305; x_wconf 86' lang='lat' dir='ltr'><strong>dotiu.Hoc</strong></span> <span class='ocrx_word' id='word_1_610' title='bbox 2367 4245 2558 4304; x_wconf 92' lang='lat' dir='ltr'><strong>solum</strong></span> <span class='ocrx_word' id='word_1_611' title='bbox 2594 4246 2682 4306; x_wconf 88' lang='lat' dir='ltr'><strong>eis</strong></span> <span class='ocrx_word' id='word_1_612' title='bbox 2708 4245 2906 4306; x_wconf 89' lang='lat' dir='ltr'><strong>datum</strong></span> <span class='ocrx_word' id='word_1_613' title='bbox 2940 4253 3052 4320; x_wconf 89' lang='lat' dir='ltr'><strong>est,</strong></span> <span class='ocrx_word' id='word_1_614' title='bbox 3083 4254 3145 4306; x_wconf 91' lang='lat' dir='ltr'><strong>ut</strong></span> <span class='ocrx_word' id='word_1_615' title='bbox 3172 4246 3359 4306; x_wconf 89' lang='lat' dir='ltr'><strong>altare</strong></span> <span class='ocrx_word' id='word_1_616' title='bbox 3392 4247 3668 4326; x_wconf 77' lang='lat' dir='ltr'><strong>ingressi,</strong></span> 
     </span>
    </p>
   </div>
   <div class='ocr_carea' id='block_1_91' title="bbox 310 4333 1930 4419">
    <p class='ocr_par' dir='ltr' id='par_1_91' title="bbox 310 4339 1930 4419">
     <span class='ocr_line' id='line_1_91' title="bbox 310 4339 1930 4419; baseline -0.004 -21"><span class='ocrx_word' id='word_1_617' title='bbox 310 4339 460 4398; x_wconf 80' lang='grc' dir='ltr'>Λυδία</span> <span class='ocrx_word' id='word_1_618' title='bbox 528 4339 666 4406; x_wconf 84' lang='grc' dir='ltr'>λίθος</span> <span class='ocrx_word' id='word_1_619' title='bbox 733 4340 787 4396; x_wconf 80' lang='grc' dir='ltr'><strong>ἐν</strong></span> <span class='ocrx_word' id='word_1_620' title='bbox 851 4343 1020 4415; x_wconf 83' lang='grc' dir='ltr'>τούτῳ</span> <span class='ocrx_word' id='word_1_621' title='bbox 1077 4339 1269 4419; x_wconf 84' lang='grc' dir='ltr'>τελῶν,</span> <span class='ocrx_word' id='word_1_622' title='bbox 1325 4339 1465 4397; x_wconf 81' lang='grc' dir='ltr'>ὥστε</span> <span class='ocrx_word' id='word_1_623' title='bbox 1539 4339 1930 4417; x_wconf 78' lang='grc' dir='ltr'>ἐγκρινομενουι</span> 
     </span>
    </p>
   </div>
   <div class='ocr_carea' id='block_1_92' title="bbox 2018 4333 3673 4419">
    <p class='ocr_par' dir='ltr' id='par_1_92' title="bbox 2031 4333 3673 4417">
     <span class='ocr_line' id='line_1_92' title="bbox 2031 4333 3673 4417; baseline 0.004 -24"><span class='ocrx_word' id='word_1_624' title='bbox 2031 4333 2351 4413; x_wconf 87' lang='lat' dir='ltr'><strong>participes</strong></span> <span class='ocrx_word' id='word_1_625' title='bbox 2377 4343 2577 4394; x_wconf 91' lang='lat' dir='ltr'><strong>essent</strong></span> <span class='ocrx_word' id='word_1_626' title='bbox 2599 4336 3213 4397; x_wconf 76' lang='lat' dir='ltr'><strong>sanctificatorumme</strong></span> <span class='ocrx_word' id='word_1_627' title='bbox 3233 4335 3518 4416; x_wconf 85' lang='lat' dir='ltr'><strong>reslonge</strong></span> <span class='ocrx_word' id='word_1_628' title='bbox 3541 4356 3673 4417; x_wconf 90' lang='lat' dir='ltr'><strong>pes-</strong></span> 
     </span>
    </p>
   </div>
   <div class='ocr_carea' id='block_1_93' title="bbox 309 4422 1930 4508">
    <p class='ocr_par' dir='ltr' id='par_1_93' title="bbox 309 4425 1930 4508">
     <span class='ocr_line' id='line_1_93' title="bbox 309 4425 1930 4508; baseline -0.004 -20"><span class='ocrx_word' id='word_1_629' title='bbox 309 4433 366 4488; x_wconf 74' lang='grc' dir='ltr'><strong>οὔ</strong></span> <span class='ocrx_word' id='word_1_630' title='bbox 415 4431 666 4506; x_wconf 83' lang='grc' dir='ltr'>καθαροὺς</span> <span class='ocrx_word' id='word_1_631' title='bbox 698 4431 842 4486; x_wconf 76' lang='grc' dir='ltr'>εἶναι</span> <span class='ocrx_word' id='word_1_632' title='bbox 875 4430 1062 4505; x_wconf 78' lang='grc' dir='ltr'>μόνον,</span> <span class='ocrx_word' id='word_1_633' title='bbox 1096 4429 1236 4486; x_wconf 85' lang='grc' dir='ltr'><strong>ἀλλὰ</strong></span> <span class='ocrx_word' id='word_1_634' title='bbox 1266 4431 1354 4486; x_wconf 85' lang='grc' dir='ltr'><strong>καὶ</strong></span> <span class='ocrx_word' id='word_1_635' title='bbox 1411 4431 1503 4486; x_wconf 82' lang='grc' dir='ltr'>τὸν</span> <span class='ocrx_word' id='word_1_636' title='bbox 1557 4430 1753 4508; x_wconf 81' lang='grc' dir='ltr'>τρόπον</span> <span class='ocrx_word' id='word_1_637' title='bbox 1783 4425 1930 4505; x_wconf 76' lang='grc' dir='ltr'>ἀφιλ-</span> 
     </span>
    </p>
   </div>
   <div class='ocr_carea' id='block_1_94' title="bbox 2018 4422 3670 4508">
    <p class='ocr_par' dir='ltr' id='par_1_94' title="bbox 2030 4422 3670 4505">
     <span class='ocr_line' id='line_1_94' title="bbox 2030 4422 3670 4505; baseline 0.004 -23"><span class='ocrx_word' id='word_1_638' title='bbox 2030 4422 2181 4483; x_wconf 91' lang='lat' dir='ltr'><strong>sima</strong></span> <span class='ocrx_word' id='word_1_639' title='bbox 2212 4423 2438 4484; x_wconf 85' lang='lat' dir='ltr'><strong>veniret</strong></span> <span class='ocrx_word' id='word_1_640' title='bbox 2466 4425 2527 4485; x_wconf 91' lang='lat' dir='ltr'><strong>in</strong></span> <span class='ocrx_word' id='word_1_641' title='bbox 2557 4425 3084 4505; x_wconf 84' lang='lat' dir='ltr'><strong>consuetudinem,</strong></span> <span class='ocrx_word' id='word_1_642' title='bbox 3115 4425 3205 4486; x_wconf 89' lang='lat' dir='ltr'><strong>vel</strong></span> <span class='ocrx_word' id='word_1_643' title='bbox 3240 4427 3670 4502; x_wconf 89' lang='lat' dir='ltr'><strong>sacerdotium,</strong></span> 
     </span>
    </p>
   </div>
   <div class='ocr_carea' id='block_1_95' title="bbox 311 4504 1930 4599">
    <p class='ocr_par' dir='ltr' id='par_1_95' title="bbox 311 4504 1930 4599">
     <span class='ocr_line' id='line_1_95' title="bbox 311 4504 1930 4599; baseline -0.006 -23"><span class='ocrx_word' id='word_1_644' title='bbox 311 4504 582 4599; x_wconf 81' lang='grc' dir='ltr'>αργύρους,</span> <span class='ocrx_word' id='word_1_645' title='bbox 655 4520 744 4575; x_wconf 85' lang='grc' dir='ltr'><strong>καὶ</strong></span> <span class='ocrx_word' id='word_1_646' title='bbox 827 4504 1067 4584; x_wconf 81' lang='grc' dir='ltr'>καθαπαξ</span> <span class='ocrx_word' id='word_1_647' title='bbox 1152 4504 1602 4584; x_wconf 69' lang='grc' dir='ltr'><strong>ἀνεπιλήπτους.⁷</strong></span> <span class='ocrx_word' id='word_1_648' title='bbox 1660 4504 1839 4572; x_wconf 14' lang='grc' dir='ltr'>Οῧτωγ</span> <span class='ocrx_word' id='word_1_649' title='bbox 1891 4510 1930 4568; x_wconf 69' lang='grc' dir='ltr'><strong>δέ</strong></span> 
     </span>
    </p>
   </div>
   <div class='ocr_carea' id='block_1_96' title="bbox 2018 4504 3675 4599">
    <p class='ocr_par' dir='ltr' id='par_1_96' title="bbox 2033 4504 3675 4597">
     <span class='ocr_line' id='line_1_96' title="bbox 2033 4504 3675 4597; baseline 0.004 -25"><span class='ocrx_word' id='word_1_650' title='bbox 2033 4511 2190 4592; x_wconf 91' lang='lat' dir='ltr'><strong>quod</strong></span> <span class='ocrx_word' id='word_1_651' title='bbox 2223 4512 2330 4574; x_wconf 90' lang='lat' dir='ltr'><strong>Dei</strong></span> <span class='ocrx_word' id='word_1_652' title='bbox 2363 4513 2585 4574; x_wconf 90' lang='lat' dir='ltr'><strong>donum</strong></span> <span class='ocrx_word' id='word_1_653' title='bbox 2620 4532 2758 4576; x_wconf 88' lang='lat' dir='ltr'><strong>esse</strong></span> <span class='ocrx_word' id='word_1_654' title='bbox 2781 4514 3037 4575; x_wconf 89' lang='lat' dir='ltr'><strong>dicimus</strong></span> <span class='ocrx_word' id='word_1_655' title='bbox 3069 4504 3227 4576; x_wconf 86' lang='lat' dir='ltr'><strong>esset</strong></span> <span class='ocrx_word' id='word_1_656' title='bbox 3255 4517 3462 4579; x_wconf 87' lang='lat' dir='ltr'><strong>venale</strong></span> <span class='ocrx_word' id='word_1_657' title='bbox 3493 4536 3675 4597; x_wconf 83' lang='lat' dir='ltr'><strong>pecu-</strong></span> 
     </span>
    </p>
   </div>
   <div class='ocr_carea' id='block_1_97' title="bbox 311 4601 1930 4688">
    <p class='ocr_par' dir='ltr' id='par_1_97' title="bbox 311 4606 1930 4688">
     <span class='ocr_line' id='line_1_97' title="bbox 311 4606 1930 4688; baseline -0.005 -23"><span class='ocrx_word' id='word_1_658' title='bbox 311 4606 567 4686; x_wconf 85' lang='grc' dir='ltr'>ἀκριϐείας</span> <span class='ocrx_word' id='word_1_659' title='bbox 629 4607 798 4688; x_wconf 76' lang='grc' dir='ltr'>ἔχων,</span> <span class='ocrx_word' id='word_1_660' title='bbox 853 4610 941 4665; x_wconf 82' lang='grc' dir='ltr'><strong>καὶ</strong></span> <span class='ocrx_word' id='word_1_661' title='bbox 983 4609 1170 4673; x_wconf 77' lang='grc' dir='ltr'>αὐτοὺς</span> <span class='ocrx_word' id='word_1_662' title='bbox 1219 4607 1378 4664; x_wconf 81' lang='grc' dir='ltr'>πάλιν</span> <span class='ocrx_word' id='word_1_663' title='bbox 1422 4607 1543 4670; x_wconf 85' lang='grc' dir='ltr'>τοὺς</span> <span class='ocrx_word' id='word_1_664' title='bbox 1601 4606 1930 4684; x_wconf 79' lang='grc' dir='ltr'>χειροτονου·</span> 
     </span>
    </p>
   </div>
   <div class='ocr_carea' id='block_1_98' title="bbox 2018 4601 3676 4688">
    <p class='ocr_par' dir='ltr' id='par_1_98' title="bbox 2035 4601 3676 4683">
     <span class='ocr_line' id='line_1_98' title="bbox 2035 4601 3676 4683; baseline 0.004 -21"><span class='ocrx_word' id='word_1_665' title='bbox 2035 4601 2242 4674; x_wconf 87' lang='lat' dir='ltr'><strong>niis,et</strong></span> <span class='ocrx_word' id='word_1_666' title='bbox 2264 4602 2510 4664; x_wconf 84' lang='lat' dir='ltr'><strong>Judaice</strong></span> <span class='ocrx_word' id='word_1_667' title='bbox 2533 4603 2663 4682; x_wconf 83' lang='lat' dir='ltr'><strong>ejus</strong></span> <span class='ocrx_word' id='word_1_668' title='bbox 2682 4603 2851 4664; x_wconf 77' lang='lat' dir='ltr'><strong>fieret</strong></span> <span class='ocrx_word' id='word_1_669' title='bbox 2872 4604 3226 4683; x_wconf 87' lang='lat' dir='ltr'><strong>cauponatio</strong></span> <span class='ocrx_word' id='word_1_670' title='bbox 3248 4604 3329 4665; x_wconf 61' lang='lat'><strong>15.</strong></span> <span class='ocrx_word' id='word_1_671' title='bbox 3364 4608 3514 4668; x_wconf 89' lang='lat' dir='ltr'><strong>Cum</strong></span> <span class='ocrx_word' id='word_1_672' title='bbox 3548 4606 3676 4669; x_wconf 80' lang='lat' dir='ltr'><strong>haec</strong></span> 
     </span>
    </p>
   </div>
   <div class='ocr_carea' id='block_1_99' title="bbox 315 4689 1930 4778">
    <p class='ocr_par' dir='ltr' id='par_1_99' title="bbox 315 4693 1924 4778">
     <span class='ocr_line' id='line_1_99' title="bbox 315 4693 1924 4778; baseline -0.005 -23"><span class='ocrx_word' id='word_1_673' title='bbox 315 4701 496 4776; x_wconf 79' lang='grc' dir='ltr'>μένους</span> <span class='ocrx_word' id='word_1_674' title='bbox 539 4697 941 4778; x_wconf 76' lang='grc' dir='ltr'>διησφαλίζετο,</span> <span class='ocrx_word' id='word_1_675' title='bbox 976 4697 1070 4754; x_wconf 76' lang='grc' dir='ltr'>καῖ</span> <span class='ocrx_word' id='word_1_676' title='bbox 1103 4699 1164 4754; x_wconf 84' lang='grc' dir='ltr'>τὸ</span> <span class='ocrx_word' id='word_1_677' title='bbox 1195 4704 1287 4754; x_wconf 85' lang='grc' dir='ltr'><strong>τοῦ</strong></span> <span class='ocrx_word' id='word_1_678' title='bbox 1319 4693 1651 4753; x_wconf 85' lang='grc' dir='ltr'>’Λποστόλου</span> <span class='ocrx_word' id='word_1_679' title='bbox 1700 4695 1924 4770; x_wconf 71' lang='grc' dir='ltr'>παρῄνει</span> 
     </span>
    </p>
   </div>
   <div class='ocr_carea' id='block_1_100' title="bbox 2018 4689 3676 4778">
    <p class='ocr_par' dir='ltr' id='par_1_100' title="bbox 2037 4689 3676 4775">
     <span class='ocr_line' id='line_1_100' title="bbox 2037 4689 3676 4775; baseline 0.003 -23"><span class='ocrx_word' id='word_1_680' title='bbox 2037 4689 2307 4770; x_wconf 82' lang='lat' dir='ltr'><strong>pluribus</strong></span> <span class='ocrx_word' id='word_1_681' title='bbox 2327 4690 2541 4754; x_wconf 86' lang='lat' dir='ltr'><strong>diebus</strong></span> <span class='ocrx_word' id='word_1_682' title='bbox 2561 4693 2849 4755; x_wconf 90' lang='lat' dir='ltr'><strong>canonice</strong></span> <span class='ocrx_word' id='word_1_683' title='bbox 2863 4693 3258 4775; x_wconf 87' lang='lat' dir='ltr'><strong>judicassent,</strong></span> <span class='ocrx_word' id='word_1_684' title='bbox 3284 4703 3343 4756; x_wconf 92' lang='lat' dir='ltr'><strong>et</strong></span> <span class='ocrx_word' id='word_1_685' title='bbox 3369 4696 3590 4775; x_wconf 87' lang='lat' dir='ltr'><strong>scripta</strong></span> <span class='ocrx_word' id='word_1_686' title='bbox 3612 4695 3676 4757; x_wconf 90' lang='lat' dir='ltr'><strong>in</strong></span> 
     </span>
    </p>
   </div>
   <div class='ocr_carea' id='block_1_101' title="bbox 317 4781 1930 4868">
    <p class='ocr_par' dir='ltr' id='par_1_101' title="bbox 317 4781 1930 4868">
     <span class='ocr_line' id='line_1_101' title="bbox 317 4781 1930 4868; baseline -0.006 -22"><span class='ocrx_word' id='word_1_687' title='bbox 317 4786 494 4865; x_wconf 72' lang='grc' dir='ltr'>μηδενὶ</span> <span class='ocrx_word' id='word_1_688' title='bbox 563 4788 779 4868; x_wconf 84' lang='grc' dir='ltr'>ταχέως</span> <span class='ocrx_word' id='word_1_689' title='bbox 844 4800 1040 4866; x_wconf 77' lang='grc' dir='ltr'>χεῖρας</span> <span class='ocrx_word' id='word_1_690' title='bbox 1105 4785 1416 4864; x_wconf 72' lang='grc' dir='ltr'>ἐπιτιθέναι,</span> <span class='ocrx_word' id='word_1_691' title='bbox 1478 4781 1607 4859; x_wconf 85' lang='grc' dir='ltr'>μηδ’</span> <span class='ocrx_word' id='word_1_692' title='bbox 1670 4784 1930 4860; x_wconf 57' lang='grc' dir='ltr'>ἁμαρτίαιη</span> 
     </span>
    </p>
   </div>
   <div class='ocr_carea' id='block_1_102' title="bbox 2018 4781 3680 4868">
    <p class='ocr_par' dir='ltr' id='par_1_102' title="bbox 2037 4785 3680 4850">
     <span class='ocr_line' id='line_1_102' title="bbox 2037 4785 3680 4850; baseline 0.002 -8"><span class='ocrx_word' id='word_1_693' title='bbox 2037 4795 2160 4842; x_wconf 86' lang='lat' dir='ltr'><strong>acta</strong></span> <span class='ocrx_word' id='word_1_694' title='bbox 2186 4785 2754 4850; x_wconf 86' lang='lat' dir='ltr'><strong>retulissent,eorum</strong></span> <span class='ocrx_word' id='word_1_695' title='bbox 2779 4786 2908 4845; x_wconf 91' lang='lat' dir='ltr'><strong>loco</strong></span> <span class='ocrx_word' id='word_1_696' title='bbox 2928 4792 3295 4846; x_wconf 85' lang='lat' dir='ltr'><strong>constituunt</strong></span> <span class='ocrx_word' id='word_1_697' title='bbox 3318 4791 3374 4846; x_wconf 91' lang='lat' dir='ltr'><strong>in</strong></span> <span class='ocrx_word' id='word_1_698' title='bbox 3398 4788 3680 4846; x_wconf 88' lang='lat' dir='ltr'><strong>Ecclesiis</strong></span> 
     </span>
    </p>
   </div>
   <div class='ocr_carea' id='block_1_103' title="bbox 317 4870 1930 4954">
    <p class='ocr_par' dir='ltr' id='par_1_103' title="bbox 317 4873 1930 4954">
     <span class='ocr_line' id='line_1_103' title="bbox 317 4873 1930 4954; baseline -0.004 -20"><span class='ocrx_word' id='word_1_699' title='bbox 317 4889 589 4934; x_wconf 78' lang='grc' dir='ltr'>κοινωνεῖν</span> <span class='ocrx_word' id='word_1_700' title='bbox 631 4875 958 4954; x_wconf 88' lang='grc' dir='ltr'>ἀλλοτρίαις.</span> <span class='ocrx_word' id='word_1_701' title='bbox 993 4874 1306 4935; x_wconf 81' lang='grc' dir='ltr'>Ἀντωνίνου</span> <span class='ocrx_word' id='word_1_702' title='bbox 1335 4874 1434 4950; x_wconf 82' lang='grc' dir='ltr'>μὲν</span> <span class='ocrx_word' id='word_1_703' title='bbox 1462 4875 1549 4930; x_wconf 77' lang='grc' dir='ltr'><strong>οὖν</strong></span> <span class='ocrx_word' id='word_1_704' title='bbox 1594 4873 1930 4930; x_wconf 70' lang='grc' dir='ltr'>ἀπολιπόντα</span> 
     </span>
    </p>
   </div>
   <div class='ocr_carea' id='block_1_104' title="bbox 2018 4870 3676 4954">
    <p class='ocr_par' dir='ltr' id='par_1_104' title="bbox 2036 4870 3676 4936">
     <span class='ocr_line' id='line_1_104' title="bbox 2036 4870 3676 4936; baseline 0.003 -5"><span class='ocrx_word' id='word_1_705' title='bbox 2036 4871 2194 4932; x_wconf 91' lang='lat' dir='ltr'><strong>viros</strong></span> <span class='ocrx_word' id='word_1_706' title='bbox 2229 4870 2411 4933; x_wconf 84' lang='lat' dir='ltr'><strong>verbo</strong></span> <span class='ocrx_word' id='word_1_707' title='bbox 2443 4879 2501 4932; x_wconf 92' lang='lat' dir='ltr'><strong>et</strong></span> <span class='ocrx_word' id='word_1_708' title='bbox 2528 4871 2645 4933; x_wconf 86' lang='lat' dir='ltr'><strong>vita</strong></span> <span class='ocrx_word' id='word_1_709' title='bbox 2677 4882 2936 4935; x_wconf 86' lang='lat' dir='ltr'><strong>ornatos.</strong></span> <span class='ocrx_word' id='word_1_710' title='bbox 2963 4871 3093 4934; x_wconf 88' lang='lat' dir='ltr'><strong>Non</strong></span> <span class='ocrx_word' id='word_1_711' title='bbox 3125 4875 3234 4934; x_wconf 84' lang='lat' dir='ltr'><strong>bos</strong></span> <span class='ocrx_word' id='word_1_712' title='bbox 3263 4882 3458 4936; x_wconf 89' lang='lat' dir='ltr'><strong>autem</strong></span> <span class='ocrx_word' id='word_1_713' title='bbox 3481 4875 3676 4936; x_wconf 87' lang='lat' dir='ltr'><strong>solum</strong></span> 
     </span>
    </p>
   </div>
   <div class='ocr_carea' id='block_1_105' title="bbox 318 4962 1930 5048">
    <p class='ocr_par' dir='ltr' id='par_1_105' title="bbox 318 4962 1930 5048">
     <span class='ocr_line' id='line_1_105' title="bbox 318 4962 1930 5048; baseline -0.004 -26"><span class='ocrx_word' id='word_1_714' title='bbox 318 4968 404 5024; x_wconf 77' lang='grc' dir='ltr'>τὸν</span> <span class='ocrx_word' id='word_1_715' title='bbox 455 4967 567 5044; x_wconf 80' lang='grc' dir='ltr'>βίον</span> <span class='ocrx_word' id='word_1_716' title='bbox 626 4965 830 5048; x_wconf 80' lang='grc' dir='ltr'>(ὥσπερ</span> <span class='ocrx_word' id='word_1_717' title='bbox 903 4965 1008 5034; x_wconf 71' lang='grc' dir='ltr'><strong>ἤδη</strong></span> <span class='ocrx_word' id='word_1_718' title='bbox 1067 4967 1356 5046; x_wconf 72' lang='grc' dir='ltr'>φθάσαντες</span> <span class='ocrx_word' id='word_1_719' title='bbox 1423 4962 1822 5039; x_wconf 79' lang='grc' dir='ltr'>ἐδηλώσαμεν),</span> <span class='ocrx_word' id='word_1_720' title='bbox 1877 4963 1930 5018; x_wconf 77' lang='grc' dir='ltr'><strong>εἰ‹</strong></span> 
     </span>
    </p>
   </div>
   <div class='ocr_carea' id='block_1_106' title="bbox 2018 4962 3679 5048">
    <p class='ocr_par' dir='ltr' id='par_1_106' title="bbox 2034 4966 3679 5048">
     <span class='ocr_line' id='line_1_106' title="bbox 2034 4966 3679 5048; baseline 0.002 -26"><span class='ocrx_word' id='word_1_721' title='bbox 2034 4966 2132 5038; x_wconf 87' lang='lat' dir='ltr'><strong>qui</strong></span> <span class='ocrx_word' id='word_1_722' title='bbox 2158 4968 2840 5048; x_wconf 24' lang='lat' dir='ltr'><strong>erantsex‘numeromed</strong></span> <span class='ocrx_word' id='word_1_723' title='bbox 2861 4967 3009 5025; x_wconf 84' lang='lat' dir='ltr'><strong>alios</strong></span> <span class='ocrx_word' id='word_1_724' title='bbox 3031 4983 3262 5040; x_wconf 88' lang='lat' dir='ltr'><strong>quoque</strong></span> <span class='ocrx_word' id='word_1_725' title='bbox 3286 4969 3521 5026; x_wconf 79' lang='lat' dir='ltr'><strong>totidem</strong></span> <span class='ocrx_word' id='word_1_726' title='bbox 3543 4983 3679 5026; x_wconf 88' lang='lat' dir='ltr'><strong>cum</strong></span> 
     </span>
    </p>
   </div>
   <div class='ocr_carea' id='block_1_107' title="bbox 317 5045 1930 5136">
    <p class='ocr_par' dir='ltr' id='par_1_107' title="bbox 317 5045 1930 5136">
     <span class='ocr_line' id='line_1_107' title="bbox 317 5045 1930 5136; baseline -0.005 -22"><span class='ocrx_word' id='word_1_727' title='bbox 317 5059 401 5114; x_wconf 81' lang='grc' dir='ltr'>τὸν</span> <span class='ocrx_word' id='word_1_728' title='bbox 457 5045 826 5136; x_wconf 22' lang='grc' dir='ltr'>αῷτοόγθρόνον</span> <span class='ocrx_word' id='word_1_729' title='bbox 897 5059 924 5112; x_wconf 86' lang='grc' dir='ltr'>ὁ</span> <span class='ocrx_word' id='word_1_730' title='bbox 957 5045 1127 5136; x_wconf 85' lang='grc' dir='ltr'>μεγας</span> <span class='ocrx_word' id='word_1_731' title='bbox 1163 5055 1222 5136; x_wconf 79' lang='grc' dir='ltr'>(ἡ</span> <span class='ocrx_word' id='word_1_732' title='bbox 1267 5054 1501 5134; x_wconf 75' lang='grc' dir='ltr'>Ἔφεσος</span> <span class='ocrx_word' id='word_1_733' title='bbox 1545 5051 1601 5109; x_wconf 77' lang='grc' dir='ltr'><strong>δὲ</strong></span> <span class='ocrx_word' id='word_1_734' title='bbox 1651 5055 1800 5116; x_wconf 82' lang='grc' dir='ltr'>οὗτος</span> <span class='ocrx_word' id='word_1_735' title='bbox 1859 5052 1930 5120; x_wconf 78' lang='grc' dir='ltr'>ἧν</span> 
     </span>
    </p>
   </div>
   <div class='ocr_carea' id='block_1_108' title="bbox 2018 5045 3682 5136">
    <p class='ocr_par' dir='ltr' id='par_1_108' title="bbox 2039 5045 3682 5130">
     <span class='ocr_line' id='line_1_108' title="bbox 2039 5045 3682 5130; baseline 0.003 -22"><span class='ocrx_word' id='word_1_736' title='bbox 2039 5065 2288 5126; x_wconf 77' lang='lat' dir='ltr'><strong>magnus</strong></span> <span class='ocrx_word' id='word_1_737' title='bbox 2317 5046 2421 5108; x_wconf 90' lang='lat' dir='ltr'><strong>ille</strong></span> <span class='ocrx_word' id='word_1_738' title='bbox 2443 5045 2773 5109; x_wconf 87' lang='lat' dir='ltr'><strong>invenisset</strong></span> <span class='ocrx_word' id='word_1_739' title='bbox 2794 5050 3067 5130; x_wconf 76' lang='lat' dir='ltr'><strong>pecuniis</strong></span> <span class='ocrx_word' id='word_1_740' title='bbox 3089 5050 3379 5112; x_wconf 85' lang='lat' dir='ltr'><strong>invasisse</strong></span> <span class='ocrx_word' id='word_1_741' title='bbox 3398 5051 3461 5112; x_wconf 92' lang='lat' dir='ltr'><strong>in</strong></span> <span class='ocrx_word' id='word_1_742' title='bbox 3486 5050 3682 5114; x_wconf 90' lang='lat' dir='ltr'><strong>eccle-</strong></span> 
     </span>
    </p>
   </div>
   <div class='ocr_carea' id='block_1_109' title="bbox 321 5129 1930 5226">
    <p class='ocr_par' dir='ltr' id='par_1_109' title="bbox 321 5129 1925 5226">
     <span class='ocr_line' id='line_1_109' title="bbox 321 5129 1925 5226; baseline -0.004 -22"><span class='ocrx_word' id='word_1_743' title='bbox 321 5129 686 5226; x_wconf 40' lang='grc' dir='ltr'>Ἠρακλιίδηί</span> <span class='ocrx_word' id='word_1_744' title='bbox 733 5129 1087 5226; x_wconf 59' lang='grc' dir='ltr'>χειροτονεί,</span> <span class='ocrx_word' id='word_1_745' title='bbox 1167 5129 1396 5222; x_wconf 65' lang='grc' dir='ltr'>ίίύπριον</span> <span class='ocrx_word' id='word_1_746' title='bbox 1481 5144 1581 5219; x_wconf 80' lang='grc' dir='ltr'>μὲν</span> <span class='ocrx_word' id='word_1_747' title='bbox 1649 5145 1710 5199; x_wconf 80' lang='grc' dir='ltr'>τὸ</span> <span class='ocrx_word' id='word_1_748' title='bbox 1775 5142 1925 5219; x_wconf 87' lang='grc' dir='ltr'>γένος</span> 
     </span>
    </p>
   </div>
   <div class='ocr_carea' id='block_1_110' title="bbox 2018 5129 3679 5226">
    <p class='ocr_par' dir='ltr' id='par_1_110' title="bbox 2038 5129 3679 5226">
     <span class='ocr_line' id='line_1_110' title="bbox 2038 5129 3679 5226; baseline 0.002 -28"><span class='ocrx_word' id='word_1_749' title='bbox 2038 5137 2180 5226; x_wconf 85' lang='lat' dir='ltr'><strong>sias,</strong></span> <span class='ocrx_word' id='word_1_750' title='bbox 2215 5153 2319 5198; x_wconf 86' lang='lat' dir='ltr'><strong>eos</strong></span> <span class='ocrx_word' id='word_1_751' title='bbox 2344 5136 2754 5199; x_wconf 85' lang='lat' dir='ltr'><strong>ecclesiastica</strong></span> <span class='ocrx_word' id='word_1_752' title='bbox 2783 5129 2987 5216; x_wconf 61' lang='lat' dir='ltr'><strong>regula</strong></span> <span class='ocrx_word' id='word_1_753' title='bbox 3017 5139 3314 5219; x_wconf 79' lang='lat' dir='ltr'><strong>deposuit.</strong></span> <span class='ocrx_word' id='word_1_754' title='bbox 3349 5139 3488 5203; x_wconf 87' lang='lat' dir='ltr'><strong>Erat</strong></span> <span class='ocrx_word' id='word_1_755' title='bbox 3517 5141 3679 5202; x_wconf 91' lang='lat' dir='ltr'><strong>enim</strong></span> 
     </span>
    </p>
   </div>
   <div class='ocr_carea' id='block_1_111' title="bbox 321 5225 1930 5309">
    <p class='ocr_par' dir='ltr' id='par_1_111' title="bbox 321 5225 1930 5309">
     <span class='ocr_line' id='line_1_111' title="bbox 321 5225 1930 5309; baseline -0.005 -16"><span class='ocrx_word' id='word_1_756' title='bbox 321 5225 498 5294; x_wconf 73' lang='grc' dir='ltr'>ἑαυτοῦ</span> <span class='ocrx_word' id='word_1_757' title='bbox 548 5234 602 5292; x_wconf 80' lang='grc' dir='ltr'><strong>δὲ</strong></span> <span class='ocrx_word' id='word_1_758' title='bbox 633 5225 900 5298; x_wconf 83' lang='grc' dir='ltr'>διάκονον,</span> <span class='ocrx_word' id='word_1_759' title='bbox 935 5243 1069 5292; x_wconf 71' lang='grc' dir='ltr'>Εἶτα</span> <span class='ocrx_word' id='word_1_760' title='bbox 1113 5233 1325 5291; x_wconf 65' lang='grc' dir='ltr'>πολλῶν</span> <span class='ocrx_word' id='word_1_761' title='bbox 1375 5234 1473 5309; x_wconf 81' lang='grc' dir='ltr'>μὲν</span> <span class='ocrx_word' id='word_1_762' title='bbox 1517 5233 1660 5308; x_wconf 87' lang='grc' dir='ltr'>βίους</span> <span class='ocrx_word' id='word_1_763' title='bbox 1705 5239 1781 5304; x_wconf 84' lang='grc' dir='ltr'>τῷ</span> <span class='ocrx_word' id='word_1_764' title='bbox 1810 5232 1930 5308; x_wconf 59' lang='grc' dir='ltr'>λόγιε</span> 
     </span>
    </p>
   </div>
   <div class='ocr_carea' id='block_1_112' title="bbox 2018 5225 3686 5309">
    <p class='ocr_par' dir='ltr' id='par_1_112' title="bbox 2044 5225 3686 5306">
     <span class='ocr_line' id='line_1_112' title="bbox 2044 5225 3686 5306; baseline 0.004 -20"><span class='ocrx_word' id='word_1_765' title='bbox 2044 5225 2148 5287; x_wconf 91' lang='lat' dir='ltr'><strong>ille</strong></span> <span class='ocrx_word' id='word_1_766' title='bbox 2211 5245 2340 5286; x_wconf 91' lang='lat' dir='ltr'><strong>cum</strong></span> <span class='ocrx_word' id='word_1_767' title='bbox 2376 5229 2436 5286; x_wconf 90' lang='lat' dir='ltr'><strong>in</strong></span> <span class='ocrx_word' id='word_1_768' title='bbox 2467 5230 2699 5288; x_wconf 63' lang='lat' dir='ltr'><strong>caeteris</strong></span> <span class='ocrx_word' id='word_1_769' title='bbox 2742 5229 2984 5306; x_wconf 91' lang='lat' dir='ltr'><strong>quidem</strong></span> <span class='ocrx_word' id='word_1_770' title='bbox 3019 5229 3201 5291; x_wconf 89' lang='lat' dir='ltr'><strong>rebus</strong></span> <span class='ocrx_word' id='word_1_771' title='bbox 3261 5231 3686 5293; x_wconf 87' lang='lat' dir='ltr'><strong>ecclesiasticis</strong></span> 
     </span>
    </p>
   </div>
   <div class='ocr_carea' id='block_1_113' title="bbox 321 5315 1930 5403">
    <p class='ocr_par' dir='ltr' id='par_1_113' title="bbox 321 5320 1930 5403">
     <span class='ocr_line' id='line_1_113' title="bbox 321 5320 1930 5403; baseline -0.003 -20"><span class='ocrx_word' id='word_1_772' title='bbox 321 5325 649 5403; x_wconf 77' lang='grc' dir='ltr'>διακαθάρας,</span> <span class='ocrx_word' id='word_1_773' title='bbox 699 5323 906 5389; x_wconf 79' lang='grc' dir='ltr'>πολλὰς</span> <span class='ocrx_word' id='word_1_774' title='bbox 948 5323 1003 5380; x_wconf 81' lang='grc' dir='ltr'><strong>δὲ</strong></span> <span class='ocrx_word' id='word_1_775' title='bbox 1059 5325 1145 5380; x_wconf 81' lang='grc' dir='ltr'><strong>καὶ</strong></span> <span class='ocrx_word' id='word_1_776' title='bbox 1191 5331 1294 5380; x_wconf 84' lang='grc' dir='ltr'>τῶν</span> <span class='ocrx_word' id='word_1_777' title='bbox 1355 5321 1695 5382; x_wconf 80' lang='grc' dir='ltr'>Ναυατιανῶν</span> <span class='ocrx_word' id='word_1_778' title='bbox 1751 5320 1930 5388; x_wconf 57' lang='grc' dir='ltr'>ἐκκληη</span> 
     </span>
    </p>
   </div>
   <div class='ocr_carea' id='block_1_114' title="bbox 2018 5315 3681 5403">
    <p class='ocr_par' dir='ltr' id='par_1_114' title="bbox 2043 5315 3681 5395">
     <span class='ocr_line' id='line_1_114' title="bbox 2043 5315 3681 5395; baseline 0.002 -18"><span class='ocrx_word' id='word_1_779' title='bbox 2043 5324 2252 5378; x_wconf 88' lang='lat' dir='ltr'><strong>cautus</strong></span> <span class='ocrx_word' id='word_1_780' title='bbox 2301 5323 2362 5378; x_wconf 92' lang='lat' dir='ltr'><strong>et</strong></span> <span class='ocrx_word' id='word_1_781' title='bbox 2410 5315 2691 5395; x_wconf 82' lang='lat' dir='ltr'><strong>diligens,</strong></span> <span class='ocrx_word' id='word_1_782' title='bbox 2727 5325 2848 5378; x_wconf 91' lang='lat' dir='ltr'><strong>tum</strong></span> <span class='ocrx_word' id='word_1_783' title='bbox 2898 5319 2955 5379; x_wconf 94' lang='lat' dir='ltr'><strong>in</strong></span> <span class='ocrx_word' id='word_1_784' title='bbox 3010 5318 3490 5381; x_wconf 90' lang='lat' dir='ltr'><strong>ordinationibus</strong></span> <span class='ocrx_word' id='word_1_785' title='bbox 3536 5319 3681 5382; x_wconf 89' lang='lat' dir='ltr'><strong>dili-</strong></span> 
     </span>
    </p>
   </div>
   <div class='ocr_carea' id='block_1_115' title="bbox 322 5404 1930 5496">
    <p class='ocr_par' dir='ltr' id='par_1_115' title="bbox 322 5409 1928 5496">
     <span class='ocr_line' id='line_1_115' title="bbox 322 5409 1928 5496; baseline -0.004 -23"><span class='ocrx_word' id='word_1_786' title='bbox 322 5417 456 5496; x_wconf 84' lang='grc' dir='ltr'>σίας,</span> <span class='ocrx_word' id='word_1_787' title='bbox 502 5417 588 5472; x_wconf 84' lang='grc' dir='ltr'><strong>καὶ</strong></span> <span class='ocrx_word' id='word_1_788' title='bbox 659 5414 858 5471; x_wconf 81' lang='grc' dir='ltr'>τούτων</span> <span class='ocrx_word' id='word_1_789' title='bbox 930 5414 1049 5470; x_wconf 87' lang='grc' dir='ltr'>ὅσαι</span> <span class='ocrx_word' id='word_1_790' title='bbox 1122 5421 1226 5471; x_wconf 80' lang='grc' dir='ltr'>τῶν</span> <span class='ocrx_word' id='word_1_791' title='bbox 1299 5409 1928 5491; x_wconf 81' lang='grc' dir='ltr'>Τεσσαρεσκαιδεκατιτῶ</span> 
     </span>
    </p>
   </div>
   <div class='ocr_carea' id='block_1_116' title="bbox 2018 5404 3686 5496">
    <p class='ocr_par' dir='ltr' id='par_1_116' title="bbox 2043 5404 3686 5492">
     <span class='ocr_line' id='line_1_116' title="bbox 2043 5404 3686 5492; baseline 0.003 -24"><span class='ocrx_word' id='word_1_792' title='bbox 2043 5405 2430 5488; x_wconf 75' lang='lat' dir='ltr'><strong>gentissimus</strong></span> <span class='ocrx_word' id='word_1_793' title='bbox 2460 5415 2518 5469; x_wconf 90' lang='lat' dir='ltr'><strong>et</strong></span> <span class='ocrx_word' id='word_1_794' title='bbox 2547 5404 3058 5483; x_wconf 80' lang='lat' dir='ltr'><strong>accuratissimus,</strong></span> <span class='ocrx_word' id='word_1_795' title='bbox 3093 5417 3150 5470; x_wconf 90' lang='lat' dir='ltr'><strong>et</strong></span> <span class='ocrx_word' id='word_1_796' title='bbox 3211 5411 3312 5471; x_wconf 91' lang='lat' dir='ltr'><strong>diu</strong></span> <span class='ocrx_word' id='word_1_797' title='bbox 3346 5408 3686 5492; x_wconf 85' lang='lat' dir='ltr'><strong>producens</strong></span> 
     </span>
    </p>
   </div>
   <div class='ocr_carea' id='block_1_117' title="bbox 399 5586 952 5667">
    <p class='ocr_par' dir='ltr' id='par_1_117' title="bbox 399 5586 952 5667">
     <span class='ocr_line' id='line_1_117' title="bbox 399 5586 952 5667; baseline -0.011 -11"><span class='ocrx_word' id='word_1_798' title='bbox 399 5589 456 5643; x_wconf 62' lang='lat'><strong>’5</strong></span> <span class='ocrx_word' id='word_1_799' title='bbox 485 5589 536 5655; x_wconf 86' lang='lat' dir='ltr'><strong>II</strong></span> <span class='ocrx_word' id='word_1_800' title='bbox 564 5587 756 5654; x_wconf 62' lang='lat' dir='ltr'><strong>Much.</strong></span> <span class='ocrx_word' id='word_1_801' title='bbox 786 5603 868 5667; x_wconf 76' lang='lat' dir='ltr'><strong>XI,</strong></span> <span class='ocrx_word' id='word_1_802' title='bbox 892 5586 952 5651; x_wconf 88' lang='lat'><strong>3.</strong></span> 
     </span>
    </p>
   </div>
  </div>
