  <div class='ocr_page' id='page_1' title='image "/cluster/home/n/w/nwhite01/storage/ocr_20150623/114/mdp.39015028574344/575.png"; bbox 0 0 3996 6178; ppageno 0'>
   <div class='ocr_carea' id='block_1_1' title="bbox 477 227 622 292">
    <p class='ocr_par' dir='ltr' id='par_1_1' title="bbox 477 227 622 292">
     <span class='ocr_line' id='line_1_1' title="bbox 477 227 622 292; baseline -0.014 -1"><span class='ocrx_word' id='word_1_1' title='bbox 477 227 622 292; x_wconf 76' lang='grc'><strong>1127</strong></span> 
     </span>
    </p>
   </div>
   <div class='ocr_carea' id='block_1_2' title="bbox 1753 232 2552 298">
    <p class='ocr_par' dir='ltr' id='par_1_2' title="bbox 1753 232 2552 298">
     <span class='ocr_line' id='line_1_2' title="bbox 1753 232 2552 298; baseline 0.001 -5"><span class='ocrx_word' id='word_1_2' title='bbox 1753 232 2034 296; x_wconf 86' lang='lat' dir='ltr'><strong>MENSIS</strong></span> <span class='ocrx_word' id='word_1_3' title='bbox 2095 233 2552 298; x_wconf 82' lang='lat' dir='ltr'><strong>JANUARIUS.</strong></span> 
     </span>
    </p>
   </div>
   <div class='ocr_carea' id='block_1_3' title="bbox 3695 236 3805 302">
    <p class='ocr_par' dir='ltr' id='par_1_3' title="bbox 3695 236 3805 302">
     <span class='ocr_line' id='line_1_3' title="bbox 3695 236 3805 302; baseline 0.045 -5"><span class='ocrx_word' id='word_1_4' title='bbox 3695 236 3805 302; x_wconf 73' lang='lat'><strong>“‘28</strong></span> 
     </span>
    </p>
   </div>
   <div class='ocr_carea' id='block_1_4' title="bbox 471 362 2075 450">
    <p class='ocr_par' dir='ltr' id='par_1_4' title="bbox 471 362 2071 446">
     <span class='ocr_line' id='line_1_4' title="bbox 471 362 2071 446; baseline 0.001 -20"><span class='ocrx_word' id='word_1_5' title='bbox 471 362 977 427; x_wconf 79' lang='lat' dir='ltr'><strong>examinationem</strong></span> <span class='ocrx_word' id='word_1_6' title='bbox 1009 385 1021 426; x_wconf 90' lang='lat'><strong>:</strong></span> <span class='ocrx_word' id='word_1_7' title='bbox 1067 364 1218 430; x_wconf 89' lang='lat' dir='ltr'><strong>adeo</strong></span> <span class='ocrx_word' id='word_1_8' title='bbox 1258 373 1322 425; x_wconf 91' lang='lat' dir='ltr'><strong>ut</strong></span> <span class='ocrx_word' id='word_1_9' title='bbox 1361 365 1467 442; x_wconf 86' lang='lat' dir='ltr'><strong>qui</strong></span> <span class='ocrx_word' id='word_1_10' title='bbox 1513 363 1960 446; x_wconf 87' lang='lat' dir='ltr'><strong>coaptabantur,</strong></span> <span class='ocrx_word' id='word_1_11' title='bbox 1996 385 2071 428; x_wconf 92' lang='lat' dir='ltr'><strong>no</strong></span> 
     </span>
    </p>
   </div>
   <div class='ocr_carea' id='block_1_5' title="bbox 2161 362 3806 450">
    <p class='ocr_par' dir='ltr' id='par_1_5' title="bbox 2161 367 3806 450">
     <span class='ocr_line' id='line_1_5' title="bbox 2161 367 3806 450; baseline 0.001 -26"><span class='ocrx_word' id='word_1_12' title='bbox 2161 367 2465 449; x_wconf 70' lang='grc' dir='ltr'>ιλὲγοντοι,</span> <span class='ocrx_word' id='word_1_13' title='bbox 2540 372 2723 434; x_wconf 85' lang='grc' dir='ltr'>πείσας</span> <span class='ocrx_word' id='word_1_14' title='bbox 2801 374 3133 446; x_wconf 74' lang='grc' dir='ltr'><strong>μεταμαθεῖν</strong></span> <span class='ocrx_word' id='word_1_15' title='bbox 3207 372 3268 427; x_wconf 76' lang='grc' dir='ltr'>τὸ</span> <span class='ocrx_word' id='word_1_16' title='bbox 3353 368 3639 450; x_wconf 75' lang='grc' dir='ltr'>ὀρθόδοξον</span> <span class='ocrx_word' id='word_1_17' title='bbox 3711 372 3806 428; x_wconf 63' lang='grc' dir='ltr'>ἱλλι</span> 
     </span>
    </p>
   </div>
   <div class='ocr_carea' id='block_1_6' title="bbox 469 453 2110 536">
    <p class='ocr_par' dir='ltr' id='par_1_6' title="bbox 469 453 2110 536">
     <span class='ocr_line' id='line_1_6' title="bbox 469 453 2110 536; baseline 0.002 -22"><span class='ocrx_word' id='word_1_18' title='bbox 469 453 664 515; x_wconf 88' lang='lat' dir='ltr'><strong>solum</strong></span> <span class='ocrx_word' id='word_1_19' title='bbox 686 463 890 516; x_wconf 90' lang='lat' dir='ltr'><strong>essent</strong></span> <span class='ocrx_word' id='word_1_20' title='bbox 914 455 1184 535; x_wconf 89' lang='lat' dir='ltr'><strong>puri,sed</strong></span> <span class='ocrx_word' id='word_1_21' title='bbox 1209 455 1454 516; x_wconf 84' lang='lat' dir='ltr'><strong>avaritia</strong></span> <span class='ocrx_word' id='word_1_22' title='bbox 1470 473 1713 536; x_wconf 90' lang='lat' dir='ltr'><strong>quoque</strong></span> <span class='ocrx_word' id='word_1_23' title='bbox 1736 457 2110 534; x_wconf 84' lang='lat' dir='ltr'><strong>superiores,</strong></span> 
     </span>
    </p>
   </div>
   <div class='ocr_carea' id='block_1_7' title="bbox 472 543 2113 626">
    <p class='ocr_par' dir='ltr' id='par_1_7' title="bbox 472 543 2113 626">
     <span class='ocr_line' id='line_1_7' title="bbox 472 543 2113 626; baseline 0 -20"><span class='ocrx_word' id='word_1_24' title='bbox 472 551 534 606; x_wconf 85' lang='lat' dir='ltr'><strong>et</strong></span> <span class='ocrx_word' id='word_1_25' title='bbox 567 543 757 606; x_wconf 88' lang='lat' dir='ltr'><strong>semel</strong></span> <span class='ocrx_word' id='word_1_26' title='bbox 791 543 1010 617; x_wconf 86' lang='lat' dir='ltr'><strong>dicam,</strong></span> <span class='ocrx_word' id='word_1_27' title='bbox 1038 545 1188 605; x_wconf 84' lang='lat' dir='ltr'><strong>nulli</strong></span> <span class='ocrx_word' id='word_1_28' title='bbox 1216 543 1428 605; x_wconf 81' lang='lat' dir='ltr'><strong>affines</strong></span> <span class='ocrx_word' id='word_1_29' title='bbox 1457 545 1941 626; x_wconf 80' lang='lat' dir='ltr'><strong>reprehensioni.</strong></span> <span class='ocrx_word' id='word_1_30' title='bbox 1967 545 2113 608; x_wconf 86' lang='lat' dir='ltr'><strong>Cum</strong></span> 
     </span>
    </p>
   </div>
   <div class='ocr_carea' id='block_1_8' title="bbox 469 637 2112 710">
    <p class='ocr_par' dir='ltr' id='par_1_8' title="bbox 469 637 2112 710">
     <span class='ocr_line' id='line_1_8' title="bbox 469 637 2112 710; baseline 0.002 -16"><span class='ocrx_word' id='word_1_31' title='bbox 469 647 661 696; x_wconf 87' lang='lat' dir='ltr'><strong>autem</strong></span> <span class='ocrx_word' id='word_1_32' title='bbox 685 647 837 696; x_wconf 80' lang='lat' dir='ltr'><strong>esset</strong></span> <span class='ocrx_word' id='word_1_33' title='bbox 857 639 999 696; x_wconf 85' lang='lat' dir='ltr'><strong>adeo</strong></span> <span class='ocrx_word' id='word_1_34' title='bbox 1021 637 1272 710; x_wconf 74' lang='lat' dir='ltr'><strong>diligens</strong></span> <span class='ocrx_word' id='word_1_35' title='bbox 1294 648 1348 694; x_wconf 86' lang='lat' dir='ltr'><strong>et</strong></span> <span class='ocrx_word' id='word_1_36' title='bbox 1374 641 1895 706; x_wconf 86' lang='lat' dir='ltr'><strong>accuratus,adhuc</strong></span> <span class='ocrx_word' id='word_1_37' title='bbox 1927 651 2112 697; x_wconf 81' lang='lat' dir='ltr'><strong>tamen</strong></span> 
     </span>
    </p>
   </div>
   <div class='ocr_carea' id='block_1_9' title="bbox 468 722 2108 800">
    <p class='ocr_par' dir='ltr' id='par_1_9' title="bbox 468 722 2108 800">
     <span class='ocr_line' id='line_1_9' title="bbox 468 722 2108 800; baseline 0.001 -15"><span class='ocrx_word' id='word_1_38' title='bbox 468 722 970 787; x_wconf 71' lang='lat' dir='ltr'><strong>abundantiorem</strong></span> <span class='ocrx_word' id='word_1_39' title='bbox 989 724 1283 786; x_wconf 88' lang='lat' dir='ltr'><strong>adhibens</strong></span> <span class='ocrx_word' id='word_1_40' title='bbox 1298 724 2108 800; x_wconf 86' lang='lat' dir='ltr'><strong>cautionem,muniebateos,</strong></span> 
     </span>
    </p>
   </div>
   <div class='ocr_carea' id='block_1_10' title="bbox 468 812 2113 894">
    <p class='ocr_par' dir='ltr' id='par_1_10' title="bbox 468 812 2113 894">
     <span class='ocr_line' id='line_1_10' title="bbox 468 812 2113 894; baseline 0.001 -20"><span class='ocrx_word' id='word_1_41' title='bbox 468 813 575 894; x_wconf 86' lang='lat' dir='ltr'><strong>qui</strong></span> <span class='ocrx_word' id='word_1_42' title='bbox 597 812 1124 890; x_wconf 86' lang='lat' dir='ltr'><strong>ordinabantur,et</strong></span> <span class='ocrx_word' id='word_1_43' title='bbox 1146 815 1232 875; x_wconf 89' lang='lat' dir='ltr'><strong>eis</strong></span> <span class='ocrx_word' id='word_1_44' title='bbox 1250 813 1541 876; x_wconf 75' lang='lat' dir='ltr'><strong>suadebat</strong></span> <span class='ocrx_word' id='word_1_45' title='bbox 1563 815 1808 894; x_wconf 89' lang='lat' dir='ltr'><strong>id,quod</strong></span> <span class='ocrx_word' id='word_1_46' title='bbox 1838 823 2001 876; x_wconf 89' lang='lat' dir='ltr'><strong>recte</strong></span> <span class='ocrx_word' id='word_1_47' title='bbox 2025 816 2113 876; x_wconf 93' lang='lat' dir='ltr'><strong>di-</strong></span> 
     </span>
    </p>
   </div>
   <div class='ocr_carea' id='block_1_11' title="bbox 466 903 2110 984">
    <p class='ocr_par' dir='ltr' id='par_1_11' title="bbox 466 903 2110 984">
     <span class='ocr_line' id='line_1_11' title="bbox 466 903 2110 984; baseline 0.001 -20"><span class='ocrx_word' id='word_1_48' title='bbox 466 912 624 965; x_wconf 85' lang='lat' dir='ltr'><strong>ctum</strong></span> <span class='ocrx_word' id='word_1_49' title='bbox 653 915 742 964; x_wconf 85' lang='lat' dir='ltr'><strong>est</strong></span> <span class='ocrx_word' id='word_1_50' title='bbox 769 903 844 964; x_wconf 86' lang='lat' dir='ltr'><strong>ab</strong></span> <span class='ocrx_word' id='word_1_51' title='bbox 866 905 1141 984; x_wconf 81' lang='lat' dir='ltr'><strong>apostolo</strong></span> <span class='ocrx_word' id='word_1_52' title='bbox 1165 903 1245 977; x_wconf 67' lang='grc'>³6,</span> <span class='ocrx_word' id='word_1_53' title='bbox 1275 914 1337 965; x_wconf 81' lang='grc' dir='ltr'><strong>ιιι</strong></span> <span class='ocrx_word' id='word_1_54' title='bbox 1369 905 1595 966; x_wconf 87' lang='lat' dir='ltr'><strong>nemini</strong></span> <span class='ocrx_word' id='word_1_55' title='bbox 1620 922 1832 966; x_wconf 89' lang='lat' dir='ltr'><strong>manus</strong></span> <span class='ocrx_word' id='word_1_56' title='bbox 1855 905 1973 966; x_wconf 90' lang='lat' dir='ltr'><strong>cito</strong></span> <span class='ocrx_word' id='word_1_57' title='bbox 1994 909 2110 965; x_wconf 84' lang='lat' dir='ltr'><strong>im-</strong></span> 
     </span>
    </p>
   </div>
   <div class='ocr_carea' id='block_1_12' title="bbox 466 993 2104 1074">
    <p class='ocr_par' dir='ltr' id='par_1_12' title="bbox 466 993 2104 1074">
     <span class='ocr_line' id='line_1_12' title="bbox 466 993 2104 1074; baseline -0.001 -18"><span class='ocrx_word' id='word_1_58' title='bbox 466 1001 787 1073; x_wconf 89' lang='lat' dir='ltr'><strong>ponerent,</strong></span> <span class='ocrx_word' id='word_1_59' title='bbox 815 1011 1010 1073; x_wconf 86' lang='lat' dir='ltr'><strong>neque</strong></span> <span class='ocrx_word' id='word_1_60' title='bbox 1026 993 1241 1056; x_wconf 86' lang='lat' dir='ltr'><strong>alienis</strong></span> <span class='ocrx_word' id='word_1_61' title='bbox 1273 994 1531 1074; x_wconf 84' lang='lat' dir='ltr'><strong>peccatis</strong></span> <span class='ocrx_word' id='word_1_62' title='bbox 1561 994 2104 1057; x_wconf 83' lang='lat' dir='ltr'><strong>communicarent.</strong></span> 
     </span>
    </p>
   </div>
   <div class='ocr_carea' id='block_1_13' title="bbox 462 1081 2109 1164">
    <p class='ocr_par' dir='ltr' id='par_1_13' title="bbox 462 1081 2109 1164">
     <span class='ocr_line' id='line_1_13' title="bbox 462 1081 2109 1164; baseline -0.001 -20"><span class='ocrx_word' id='word_1_63' title='bbox 462 1081 535 1144; x_wconf 88' lang='lat' dir='ltr'><strong>Et</strong></span> <span class='ocrx_word' id='word_1_64' title='bbox 557 1083 684 1146; x_wconf 65' lang='lat' dir='ltr'><strong>hoc</strong></span> <span class='ocrx_word' id='word_1_65' title='bbox 705 1081 949 1164; x_wconf 87' lang='lat' dir='ltr'><strong>quidem</strong></span> <span class='ocrx_word' id='word_1_66' title='bbox 974 1083 1056 1144; x_wconf 90' lang='lat' dir='ltr'><strong>ita</strong></span> <span class='ocrx_word' id='word_1_67' title='bbox 1078 1101 1144 1145; x_wconf 89' lang='lat' dir='ltr'><strong>se</strong></span> <span class='ocrx_word' id='word_1_68' title='bbox 1167 1083 1489 1146; x_wconf 82' lang='lat' dir='ltr'><strong>habebant.</strong></span> <span class='ocrx_word' id='word_1_69' title='bbox 1524 1082 1668 1146; x_wconf 85' lang='lat' dir='ltr'><strong>Cum</strong></span> <span class='ocrx_word' id='word_1_70' title='bbox 1690 1092 1888 1146; x_wconf 89' lang='lat' dir='ltr'><strong>autem</strong></span> <span class='ocrx_word' id='word_1_71' title='bbox 1913 1085 2109 1146; x_wconf 87' lang='lat' dir='ltr'><strong>Anto-</strong></span> 
     </span>
    </p>
   </div>
   <div class='ocr_carea' id='block_1_14' title="bbox 2200 459 3805 541">
    <p class='ocr_par' dir='ltr' id='par_1_14' title="bbox 2200 459 3805 541">
     <span class='ocr_line' id='line_1_14' title="bbox 2200 459 3805 541; baseline 0.002 -27"><span class='ocrx_word' id='word_1_72' title='bbox 2200 480 2256 514; x_wconf 85' lang='grc' dir='ltr'><strong>τε</strong></span> <span class='ocrx_word' id='word_1_73' title='bbox 2313 459 2481 516; x_wconf 81' lang='grc' dir='ltr'>πλείω</span> <span class='ocrx_word' id='word_1_74' title='bbox 2537 463 2624 516; x_wconf 82' lang='grc' dir='ltr'><strong>καὶ</strong></span> <span class='ocrx_word' id='word_1_75' title='bbox 2678 461 3180 541; x_wconf 83' lang='grc' dir='ltr'>ἀποστὸλικώτατα,</span> <span class='ocrx_word' id='word_1_76' title='bbox 3209 464 3298 519; x_wconf 85' lang='grc' dir='ltr'><strong>καὶ</strong></span> <span class='ocrx_word' id='word_1_77' title='bbox 3352 462 3465 529; x_wconf 74' lang='grc' dir='ltr'><strong>τῆς</strong></span> <span class='ocrx_word' id='word_1_78' title='bbox 3529 462 3682 517; x_wconf 72' lang='grc' dir='ltr'>αὐτοῦ</span> <span class='ocrx_word' id='word_1_79' title='bbox 3726 462 3805 526; x_wconf 76' lang='grc' dir='ltr'>ἄξιι</span> 
     </span>
    </p>
   </div>
   <div class='ocr_carea' id='block_1_15' title="bbox 2199 549 3808 628">
    <p class='ocr_par' dir='ltr' id='par_1_15' title="bbox 2199 549 3808 628">
     <span class='ocr_line' id='line_1_15' title="bbox 2199 549 3808 628; baseline -0.001 -26"><span class='ocrx_word' id='word_1_80' title='bbox 2199 550 2285 604; x_wconf 86' lang='grc' dir='ltr'>καὶ</span> <span class='ocrx_word' id='word_1_81' title='bbox 2337 549 2560 625; x_wconf 76' lang='grc' dir='ltr'>γνώμης</span> <span class='ocrx_word' id='word_1_82' title='bbox 2620 551 2707 606; x_wconf 83' lang='grc' dir='ltr'>καὶ</span> <span class='ocrx_word' id='word_1_83' title='bbox 2762 549 3008 628; x_wconf 84' lang='grc' dir='ltr'><strong>γλώττης</strong></span> <span class='ocrx_word' id='word_1_84' title='bbox 3085 549 3548 628; x_wconf 72' lang='grc' dir='ltr'><strong>διαπραξάμενος,</strong></span> <span class='ocrx_word' id='word_1_85' title='bbox 3622 551 3688 610; x_wconf 76' lang='grc' dir='ltr'>εἷς</span> <span class='ocrx_word' id='word_1_86' title='bbox 3743 553 3808 616; x_wconf 61' lang='grc' dir='ltr'>τήν</span> 
     </span>
    </p>
   </div>
   <div class='ocr_carea' id='block_1_16' title="bbox 2197 637 3806 720">
    <p class='ocr_par' dir='ltr' id='par_1_16' title="bbox 2197 637 3806 720">
     <span class='ocr_line' id='line_1_16' title="bbox 2197 637 3806 720; baseline 0 -28"><span class='ocrx_word' id='word_1_87' title='bbox 2197 637 2578 713; x_wconf 73' lang='grc' dir='ltr'><strong>βασιλεύουσαν</strong></span> <span class='ocrx_word' id='word_1_88' title='bbox 2633 640 3012 720; x_wconf 69' lang='grc' dir='ltr'><strong>ἐπανέρχεται,</strong></span> <span class='ocrx_word' id='word_1_89' title='bbox 3060 643 3148 697; x_wconf 85' lang='grc' dir='ltr'><strong>καὶ</strong></span> <span class='ocrx_word' id='word_1_90' title='bbox 3216 641 3280 708; x_wconf 84' lang='grc' dir='ltr'><strong>ἧν</strong></span> <span class='ocrx_word' id='word_1_91' title='bbox 3336 641 3537 718; x_wconf 82' lang='grc' dir='ltr'>ὥσπερ</span> <span class='ocrx_word' id='word_1_92' title='bbox 3610 643 3806 717; x_wconf 57' lang='grc' dir='ltr'>πρότερον</span> 
     </span>
    </p>
   </div>
   <div class='ocr_carea' id='block_1_17' title="bbox 2198 727 3808 807">
    <p class='ocr_par' dir='ltr' id='par_1_17' title="bbox 2198 727 3808 807">
     <span class='ocr_line' id='line_1_17' title="bbox 2198 727 3808 807; baseline -0.002 -25"><span class='ocrx_word' id='word_1_93' title='bbox 2198 729 2303 782; x_wconf 82' lang='grc' dir='ltr'>τῶν</span> <span class='ocrx_word' id='word_1_94' title='bbox 2353 730 2592 797; x_wconf 67' lang='grc' dir='ltr'>συνήθων</span> <span class='ocrx_word' id='word_1_95' title='bbox 2622 728 2792 806; x_wconf 81' lang='grc' dir='ltr'>ἔργων</span> <span class='ocrx_word' id='word_1_96' title='bbox 2839 730 3279 805; x_wconf 77' lang='grc' dir='ltr'>ἐπιμελούμενος.</span> <span class='ocrx_word' id='word_1_97' title='bbox 3338 730 3420 787; x_wconf 79' lang='grc' dir='ltr'><strong>Τὰ</strong></span> <span class='ocrx_word' id='word_1_98' title='bbox 3462 727 3522 785; x_wconf 81' lang='grc' dir='ltr'>δὲ</span> <span class='ocrx_word' id='word_1_99' title='bbox 3555 729 3645 800; x_wconf 72' lang='grc' dir='ltr'>ἦν,</span> <span class='ocrx_word' id='word_1_100' title='bbox 3674 751 3808 807; x_wconf 59' lang='grc' dir='ltr'>χῆραι</span> 
     </span>
    </p>
   </div>
   <div class='ocr_carea' id='block_1_18' title="bbox 2195 817 3807 897">
    <p class='ocr_par' dir='ltr' id='par_1_18' title="bbox 2195 817 3807 897">
     <span class='ocr_line' id='line_1_18' title="bbox 2195 817 3807 897; baseline 0 -25"><span class='ocrx_word' id='word_1_101' title='bbox 2195 819 2534 891; x_wconf 77' lang='grc' dir='ltr'><strong>προστασίαι,</strong></span> <span class='ocrx_word' id='word_1_102' title='bbox 2597 820 2839 897; x_wconf 61' lang='grc' dir='ltr'>ὀρφανῶν</span> <span class='ocrx_word' id='word_1_103' title='bbox 2911 820 3252 896; x_wconf 66' lang='grc' dir='ltr'>ἀντιλήψεις,</span> <span class='ocrx_word' id='word_1_104' title='bbox 3312 817 3692 894; x_wconf 71' lang='grc' dir='ltr'><strong>ἀδικουμένων</strong></span> <span class='ocrx_word' id='word_1_105' title='bbox 3726 818 3807 873; x_wconf 69' lang='grc' dir='ltr'>ἔτι·</span> 
     </span>
    </p>
   </div>
   <div class='ocr_carea' id='block_1_19' title="bbox 2194 907 3805 988">
    <p class='ocr_par' dir='ltr' id='par_1_19' title="bbox 2194 907 3805 988">
     <span class='ocr_line' id='line_1_19' title="bbox 2194 907 3805 988; baseline 0.003 -26"><span class='ocrx_word' id='word_1_106' title='bbox 2194 907 2420 984; x_wconf 75' lang='grc' dir='ltr'>κουρίαι,</span> <span class='ocrx_word' id='word_1_107' title='bbox 2468 909 2530 962; x_wconf 84' lang='grc' dir='ltr'>τὸ</span> <span class='ocrx_word' id='word_1_108' title='bbox 2574 909 2786 965; x_wconf 84' lang='grc' dir='ltr'>πάντων</span> <span class='ocrx_word' id='word_1_109' title='bbox 2831 911 3121 987; x_wconf 81' lang='grc' dir='ltr'>μέγιστων,</span> <span class='ocrx_word' id='word_1_110' title='bbox 3159 908 3512 988; x_wconf 82' lang='grc' dir='ltr'>χειραγωγία</span> <span class='ocrx_word' id='word_1_111' title='bbox 3564 907 3674 983; x_wconf 85' lang='grc' dir='ltr'>βίου</span> <span class='ocrx_word' id='word_1_112' title='bbox 3717 911 3805 980; x_wconf 61' lang='grc' dir='ltr'>πρὶς</span> 
     </span>
    </p>
   </div>
   <div class='ocr_carea' id='block_1_20' title="bbox 2194 995 3807 1077">
    <p class='ocr_par' dir='ltr' id='par_1_20' title="bbox 2194 995 3807 1077">
     <span class='ocr_line' id='line_1_20' title="bbox 2194 995 3807 1077; baseline 0.007 -27"><span class='ocrx_word' id='word_1_113' title='bbox 2194 995 2408 1071; x_wconf 78' lang='grc' dir='ltr'>ἀρετὴν,</span> <span class='ocrx_word' id='word_1_114' title='bbox 2445 997 2532 1052; x_wconf 84' lang='grc' dir='ltr'>καὶ</span> <span class='ocrx_word' id='word_1_115' title='bbox 2577 1001 2769 1077; x_wconf 78' lang='grc' dir='ltr'>ψυχῶν</span> <span class='ocrx_word' id='word_1_116' title='bbox 2818 998 3123 1074; x_wconf 77' lang='grc' dir='ltr'>ἐπιμέλειαο</span> <span class='ocrx_word' id='word_1_117' title='bbox 3170 1000 3299 1076; x_wconf 80' lang='grc' dir='ltr'>πρὸς</span> <span class='ocrx_word' id='word_1_118' title='bbox 3346 997 3376 1052; x_wconf 84' lang='grc' dir='ltr'>ὅ</span> <span class='ocrx_word' id='word_1_119' title='bbox 3443 995 3573 1052; x_wconf 78' lang='grc' dir='ltr'>καθ’</span> <span class='ocrx_word' id='word_1_120' title='bbox 3630 996 3807 1060; x_wconf 67' lang='grc' dir='ltr'>ἑκάστην</span> 
     </span>
    </p>
   </div>
   <div class='ocr_carea' id='block_1_21' title="bbox 2192 1083 3806 1166">
    <p class='ocr_par' dir='ltr' id='par_1_21' title="bbox 2192 1083 3806 1166">
     <span class='ocr_line' id='line_1_21' title="bbox 2192 1083 3806 1166; baseline -0.001 -25"><span class='ocrx_word' id='word_1_121' title='bbox 2192 1085 2226 1152; x_wconf 73' lang='grc' dir='ltr'><strong>ἡ</strong></span> <span class='ocrx_word' id='word_1_122' title='bbox 2285 1083 2522 1161; x_wconf 83' lang='grc' dir='ltr'>γλῶττα,</span> <span class='ocrx_word' id='word_1_123' title='bbox 2560 1090 2619 1146; x_wconf 76' lang='grc' dir='ltr'>οὗ</span> <span class='ocrx_word' id='word_1_124' title='bbox 2676 1089 2810 1147; x_wconf 80' lang='grc' dir='ltr'>κατά</span> <span class='ocrx_word' id='word_1_125' title='bbox 2869 1111 3016 1152; x_wconf 83' lang='grc' dir='ltr'>τινας</span> <span class='ocrx_word' id='word_1_126' title='bbox 3059 1087 3125 1156; x_wconf 76' lang='grc' dir='ltr'>δὴ</span> <span class='ocrx_word' id='word_1_127' title='bbox 3172 1085 3416 1162; x_wconf 77' lang='grc' dir='ltr'>ψεκάδας</span> <span class='ocrx_word' id='word_1_128' title='bbox 3469 1087 3692 1166; x_wconf 71' lang='grc' dir='ltr'>ἀφιεῖσα</span> <span class='ocrx_word' id='word_1_129' title='bbox 3726 1089 3806 1145; x_wconf 66' lang='grc' dir='ltr'>τώς</span> 
     </span>
    </p>
   </div>
   <div class='ocr_carea' id='block_1_22' title="bbox 462 1172 2075 1254">
    <p class='ocr_par' dir='ltr' id='par_1_22' title="bbox 462 1172 2075 1253">
     <span class='ocr_line' id='line_1_22' title="bbox 462 1172 2075 1253; baseline 0 -20"><span class='ocrx_word' id='word_1_130' title='bbox 462 1172 736 1249; x_wconf 86' lang='lat' dir='ltr'><strong>ninus,ut</strong></span> <span class='ocrx_word' id='word_1_131' title='bbox 763 1172 1093 1249; x_wconf 79' lang='lat' dir='ltr'><strong>diximus,e</strong></span> <span class='ocrx_word' id='word_1_132' title='bbox 1114 1174 1232 1235; x_wconf 87' lang='lat' dir='ltr'><strong>vita</strong></span> <span class='ocrx_word' id='word_1_133' title='bbox 1253 1173 1632 1247; x_wconf 80' lang='lat' dir='ltr'><strong>excessisset,</strong></span> <span class='ocrx_word' id='word_1_134' title='bbox 1659 1174 1720 1235; x_wconf 89' lang='lat' dir='ltr'><strong>in</strong></span> <span class='ocrx_word' id='word_1_135' title='bbox 1743 1173 1876 1253; x_wconf 86' lang='lat' dir='ltr'><strong>ejus</strong></span> <span class='ocrx_word' id='word_1_136' title='bbox 1899 1172 2075 1235; x_wconf 85' lang='lat' dir='ltr'><strong>seden</strong></span> 
     </span>
    </p>
   </div>
   <div class='ocr_carea' id='block_1_23' title="bbox 2161 1172 3808 1254">
    <p class='ocr_par' dir='ltr' id='par_1_23' title="bbox 2191 1173 3808 1254">
     <span class='ocr_line' id='line_1_23' title="bbox 2191 1173 3808 1254; baseline -0.001 -24"><span class='ocrx_word' id='word_1_137' title='bbox 2191 1173 2408 1252; x_wconf 77' lang='grc' dir='ltr'><strong>λόγους,</strong></span> <span class='ocrx_word' id='word_1_138' title='bbox 2471 1174 2610 1233; x_wconf 77' lang='grc' dir='ltr'>ἀλλὰ</span> <span class='ocrx_word' id='word_1_139' title='bbox 2681 1179 2932 1254; x_wconf 87' lang='grc' dir='ltr'>κρουνοὺς</span> <span class='ocrx_word' id='word_1_140' title='bbox 3005 1178 3142 1240; x_wconf 79' lang='grc' dir='ltr'>ὅλως</span> <span class='ocrx_word' id='word_1_141' title='bbox 3214 1175 3481 1252; x_wconf 74' lang='grc' dir='ltr'>ἐμμελῶς</span> <span class='ocrx_word' id='word_1_142' title='bbox 3559 1177 3808 1252; x_wconf 54' lang='lat' dir='ltr'><strong>unigena,</strong></span> 
     </span>
    </p>
   </div>
   <div class='ocr_carea' id='block_1_24' title="bbox 461 1261 2075 1344">
    <p class='ocr_par' dir='ltr' id='par_1_24' title="bbox 461 1261 2066 1344">
     <span class='ocr_line' id='line_1_24' title="bbox 461 1261 2066 1344; baseline 0 -21"><span class='ocrx_word' id='word_1_143' title='bbox 461 1279 715 1341; x_wconf 88' lang='lat' dir='ltr'><strong>magnus</strong></span> <span class='ocrx_word' id='word_1_144' title='bbox 736 1261 940 1336; x_wconf 87' lang='lat' dir='ltr'><strong>ille(ea</strong></span> <span class='ocrx_word' id='word_1_145' title='bbox 961 1271 1159 1326; x_wconf 88' lang='lat' dir='ltr'><strong>autem</strong></span> <span class='ocrx_word' id='word_1_146' title='bbox 1183 1273 1311 1326; x_wconf 88' lang='lat' dir='ltr'><strong>erat</strong></span> <span class='ocrx_word' id='word_1_147' title='bbox 1336 1263 1884 1344; x_wconf 75' lang='lat' dir='ltr'><strong>Ephesuslordtnst</strong></span> <span class='ocrx_word' id='word_1_148' title='bbox 1909 1261 2066 1324; x_wconf 88' lang='lat' dir='ltr'><strong>Hera</strong></span> 
     </span>
    </p>
   </div>
   <div class='ocr_carea' id='block_1_25' title="bbox 2161 1261 2812 1344">
    <p class='ocr_par' dir='ltr' id='par_1_25' title="bbox 2191 1263 2812 1341">
     <span class='ocr_line' id='line_1_25' title="bbox 2191 1263 2812 1341; baseline 0.011 -23"><span class='ocrx_word' id='word_1_149' title='bbox 2191 1263 2454 1341; x_wconf 82' lang='grc' dir='ltr'>παρώρμα</span> <span class='ocrx_word' id='word_1_150' title='bbox 2496 1266 2557 1320; x_wconf 83' lang='grc' dir='ltr'>τὸ</span> <span class='ocrx_word' id='word_1_151' title='bbox 2588 1265 2812 1334; x_wconf 73' lang='grc' dir='ltr'>πλῆθος.</span> 
     </span>
    </p>
   </div>
   <div class='ocr_carea' id='block_1_26' title="bbox 453 1351 3812 1437">
    <p class='ocr_par' dir='ltr' id='par_1_26' title="bbox 453 1351 3812 1437">
     <span class='ocr_line' id='line_1_26' title="bbox 453 1351 3812 1437; baseline -0.001 -21"><span class='ocrx_word' id='word_1_152' title='bbox 453 1351 697 1425; x_wconf 85' lang='lat' dir='ltr'><strong>elidem,</strong></span> <span class='ocrx_word' id='word_1_153' title='bbox 731 1369 955 1431; x_wconf 88' lang='lat' dir='ltr'><strong>genere</strong></span> <span class='ocrx_word' id='word_1_154' title='bbox 985 1352 1228 1433; x_wconf 89' lang='lat' dir='ltr'><strong>quidem</strong></span> <span class='ocrx_word' id='word_1_155' title='bbox 1264 1354 1566 1434; x_wconf 81' lang='lat' dir='ltr'><strong>Cyprium,</strong></span> <span class='ocrx_word' id='word_1_156' title='bbox 1605 1371 1776 1416; x_wconf 87' lang='lat' dir='ltr'><strong>suum</strong></span> <span class='ocrx_word' id='word_1_157' title='bbox 1810 1361 2006 1414; x_wconf 87' lang='lat' dir='ltr'><strong>autem</strong></span> <span class='ocrx_word' id='word_1_158' title='bbox 2039 1351 2383 1414; x_wconf 86' lang='lat' dir='ltr'><strong>diaconum.</strong></span> <span class='ocrx_word' id='word_1_159' title='bbox 2430 1352 2664 1416; x_wconf 88' lang='lat' dir='ltr'><strong>Deinde</strong></span> <span class='ocrx_word' id='word_1_160' title='bbox 2692 1373 2828 1418; x_wconf 87' lang='lat' dir='ltr'><strong>cum</strong></span> <span class='ocrx_word' id='word_1_161' title='bbox 2863 1355 3186 1418; x_wconf 90' lang='lat' dir='ltr'><strong>multorum</strong></span> <span class='ocrx_word' id='word_1_162' title='bbox 3221 1354 3482 1437; x_wconf 87' lang='lat' dir='ltr'><strong>quidem</strong></span> <span class='ocrx_word' id='word_1_163' title='bbox 3518 1353 3697 1414; x_wconf 89' lang='lat' dir='ltr'><strong>vitam</strong></span> <span class='ocrx_word' id='word_1_164' title='bbox 3723 1369 3812 1414; x_wconf 78' lang='lat' dir='ltr'><strong>aer-</strong></span> 
     </span>
    </p>
   </div>
   <div class='ocr_carea' id='block_1_27' title="bbox 453 1439 3808 1524">
    <p class='ocr_par' dir='ltr' id='par_1_27' title="bbox 453 1439 3808 1524">
     <span class='ocr_line' id='line_1_27' title="bbox 453 1439 3808 1524; baseline 0.001 -21"><span class='ocrx_word' id='word_1_165' title='bbox 453 1459 628 1503; x_wconf 90' lang='lat' dir='ltr'><strong>mone</strong></span> <span class='ocrx_word' id='word_1_166' title='bbox 661 1451 1073 1521; x_wconf 81' lang='lat' dir='ltr'><strong>expurgasset,</strong></span> <span class='ocrx_word' id='word_1_167' title='bbox 1094 1443 1294 1504; x_wconf 89' lang='lat' dir='ltr'><strong>multis</strong></span> <span class='ocrx_word' id='word_1_168' title='bbox 1324 1461 1462 1505; x_wconf 88' lang='lat' dir='ltr'><strong>vero</strong></span> <span class='ocrx_word' id='word_1_169' title='bbox 1477 1441 1939 1505; x_wconf 89' lang='lat' dir='ltr'><strong>Novatianorum</strong></span> <span class='ocrx_word' id='word_1_170' title='bbox 1957 1439 2334 1516; x_wconf 88' lang='lat' dir='ltr'><strong>Ecclesiis,et</strong></span> <span class='ocrx_word' id='word_1_171' title='bbox 2351 1444 2692 1524; x_wconf 90' lang='lat' dir='ltr'><strong>eorum,qui</strong></span> <span class='ocrx_word' id='word_1_172' title='bbox 2715 1445 2996 1507; x_wconf 90' lang='lat' dir='ltr'><strong>dicuntur</strong></span> <span class='ocrx_word' id='word_1_173' title='bbox 3008 1443 3677 1508; x_wconf 72' lang='lat' dir='ltr'><strong>Tessareslmdecatita:</strong></span> <span class='ocrx_word' id='word_1_174' title='bbox 3697 1442 3808 1520; x_wconf 67' lang='lat'><strong>(46},</strong></span> 
     </span>
    </p>
   </div>
   <div class='ocr_carea' id='block_1_28' title="bbox 452 1530 3810 1616">
    <p class='ocr_par' dir='ltr' id='par_1_28' title="bbox 452 1530 3810 1616">
     <span class='ocr_line' id='line_1_28' title="bbox 452 1530 3810 1616; baseline -0.001 -23"><span class='ocrx_word' id='word_1_175' title='bbox 452 1531 854 1613; x_wconf 84' lang='lat' dir='ltr'><strong>persuasisset</strong></span> <span class='ocrx_word' id='word_1_176' title='bbox 883 1551 914 1592; x_wconf 88' lang='lat' dir='ltr'><strong>a</strong></span> <span class='ocrx_word' id='word_1_177' title='bbox 945 1532 1130 1611; x_wconf 88' lang='lat' dir='ltr'><strong>priori</strong></span> <span class='ocrx_word' id='word_1_178' title='bbox 1167 1533 1454 1595; x_wconf 89' lang='lat' dir='ltr'><strong>recedere</strong></span> <span class='ocrx_word' id='word_1_179' title='bbox 1483 1533 1860 1613; x_wconf 88' lang='lat' dir='ltr'><strong>opinione,et</strong></span> <span class='ocrx_word' id='word_1_180' title='bbox 1884 1530 2140 1594; x_wconf 87' lang='lat' dir='ltr'><strong>transire</strong></span> <span class='ocrx_word' id='word_1_181' title='bbox 2161 1530 2233 1592; x_wconf 93' lang='lat' dir='ltr'><strong>ad</strong></span> <span class='ocrx_word' id='word_1_182' title='bbox 2267 1531 2684 1610; x_wconf 79' lang='lat' dir='ltr'><strong>orthodoxam,</strong></span> <span class='ocrx_word' id='word_1_183' title='bbox 2709 1543 2770 1595; x_wconf 90' lang='lat' dir='ltr'><strong>et</strong></span> <span class='ocrx_word' id='word_1_184' title='bbox 2799 1535 2918 1596; x_wconf 90' lang='lat' dir='ltr'><strong>alia</strong></span> <span class='ocrx_word' id='word_1_185' title='bbox 2952 1535 3191 1598; x_wconf 77' lang='lat' dir='ltr'><strong>fecisset</strong></span> <span class='ocrx_word' id='word_1_186' title='bbox 3213 1535 3485 1616; x_wconf 89' lang='lat' dir='ltr'><strong>plurima</strong></span> <span class='ocrx_word' id='word_1_187' title='bbox 3506 1542 3569 1595; x_wconf 89' lang='lat' dir='ltr'><strong>et</strong></span> <span class='ocrx_word' id='word_1_188' title='bbox 3592 1533 3810 1594; x_wconf 79' lang='lat' dir='ltr'><strong>maxime</strong></span> 
     </span>
    </p>
   </div>
   <div class='ocr_carea' id='block_1_29' title="bbox 451 1619 3810 1703">
    <p class='ocr_par' dir='ltr' id='par_1_29' title="bbox 451 1619 3810 1703">
     <span class='ocr_line' id='line_1_29' title="bbox 451 1619 3810 1703; baseline -0.001 -19"><span class='ocrx_word' id='word_1_189' title='bbox 451 1619 798 1702; x_wconf 88' lang='lat' dir='ltr'><strong>apostolica,</strong></span> <span class='ocrx_word' id='word_1_190' title='bbox 833 1619 1128 1702; x_wconf 86' lang='lat' dir='ltr'><strong>dignaque</strong></span> <span class='ocrx_word' id='word_1_191' title='bbox 1161 1623 1292 1702; x_wconf 88' lang='lat' dir='ltr'><strong>ejus</strong></span> <span class='ocrx_word' id='word_1_192' title='bbox 1326 1630 1526 1684; x_wconf 89' lang='lat' dir='ltr'><strong>mente</strong></span> <span class='ocrx_word' id='word_1_193' title='bbox 1557 1630 1614 1683; x_wconf 92' lang='lat' dir='ltr'><strong>et</strong></span> <span class='ocrx_word' id='word_1_194' title='bbox 1647 1623 1874 1700; x_wconf 80' lang='lat' dir='ltr'><strong>lingua,</strong></span> <span class='ocrx_word' id='word_1_195' title='bbox 1910 1620 1982 1681; x_wconf 88' lang='lat' dir='ltr'><strong>ad</strong></span> <span class='ocrx_word' id='word_1_196' title='bbox 2037 1619 2277 1681; x_wconf 89' lang='lat' dir='ltr'><strong>urbium</strong></span> <span class='ocrx_word' id='word_1_197' title='bbox 2309 1623 2576 1698; x_wconf 80' lang='lat' dir='ltr'><strong>reginam</strong></span> <span class='ocrx_word' id='word_1_198' title='bbox 2609 1623 2936 1686; x_wconf 84' lang='lat' dir='ltr'><strong>revertitur</strong></span> <span class='ocrx_word' id='word_1_199' title='bbox 2965 1625 3068 1687; x_wconf 90' lang='lat' dir='ltr'><strong>ille</strong></span> <span class='ocrx_word' id='word_1_200' title='bbox 3118 1642 3361 1698; x_wconf 89' lang='lat' dir='ltr'><strong>aureus,</strong></span> <span class='ocrx_word' id='word_1_201' title='bbox 3392 1631 3661 1703; x_wconf 82' lang='lat' dir='ltr'><strong>eratque</strong></span> <span class='ocrx_word' id='word_1_202' title='bbox 3687 1622 3810 1697; x_wconf 51' lang='lat' dir='ltr'><strong>sicut</strong></span> 
     </span>
    </p>
   </div>
   <div class='ocr_carea' id='block_1_30' title="bbox 447 1710 3806 1793">
    <p class='ocr_par' dir='ltr' id='par_1_30' title="bbox 447 1710 3806 1793">
     <span class='ocr_line' id='line_1_30' title="bbox 447 1710 3806 1793; baseline -0.001 -21"><span class='ocrx_word' id='word_1_203' title='bbox 447 1711 617 1792; x_wconf 90' lang='lat' dir='ltr'><strong>prius</strong></span> <span class='ocrx_word' id='word_1_204' title='bbox 641 1711 978 1772; x_wconf 82' lang='lat' dir='ltr'><strong>orationum</strong></span> <span class='ocrx_word' id='word_1_205' title='bbox 1011 1711 1236 1773; x_wconf 72' lang='lat' dir='ltr'><strong>cmlesti</strong></span> <span class='ocrx_word' id='word_1_206' title='bbox 1260 1713 1626 1774; x_wconf 89' lang='lat' dir='ltr'><strong>nutrimento</strong></span> <span class='ocrx_word' id='word_1_207' title='bbox 1659 1710 1954 1783; x_wconf 85' lang='lat' dir='ltr'><strong>nutriens,</strong></span> <span class='ocrx_word' id='word_1_208' title='bbox 1984 1718 2045 1770; x_wconf 93' lang='lat' dir='ltr'><strong>et</strong></span> <span class='ocrx_word' id='word_1_209' title='bbox 2071 1717 2493 1774; x_wconf 89' lang='lat' dir='ltr'><strong>consuetorum</strong></span> <span class='ocrx_word' id='word_1_210' title='bbox 2522 1730 2774 1792; x_wconf 83' lang='lat' dir='ltr'><strong>cperum</strong></span> <span class='ocrx_word' id='word_1_211' title='bbox 2808 1731 3014 1777; x_wconf 84' lang='lat' dir='ltr'><strong>curam</strong></span> <span class='ocrx_word' id='word_1_212' title='bbox 3046 1713 3380 1793; x_wconf 86' lang='lat' dir='ltr'><strong>gerens.Ea</strong></span> <span class='ocrx_word' id='word_1_213' title='bbox 3407 1722 3627 1776; x_wconf 87' lang='lat' dir='ltr'><strong>autem</strong></span> <span class='ocrx_word' id='word_1_214' title='bbox 3655 1719 3806 1792; x_wconf 69' lang='lat' dir='ltr'><strong>erant,</strong></span> 
     </span>
    </p>
   </div>
   <div class='ocr_carea' id='block_1_31' title="bbox 446 1799 3805 1886">
    <p class='ocr_par' dir='ltr' id='par_1_31' title="bbox 446 1799 3805 1886">
     <span class='ocr_line' id='line_1_31' title="bbox 446 1799 3805 1886; baseline -0.001 -23"><span class='ocrx_word' id='word_1_215' title='bbox 446 1819 593 1863; x_wconf 90' lang='lat' dir='ltr'><strong>cura</strong></span> <span class='ocrx_word' id='word_1_216' title='bbox 622 1799 958 1877; x_wconf 89' lang='lat' dir='ltr'><strong>viduarum,</strong></span> <span class='ocrx_word' id='word_1_217' title='bbox 988 1801 1262 1864; x_wconf 80' lang='lat' dir='ltr'><strong>defensio</strong></span> <span class='ocrx_word' id='word_1_218' title='bbox 1293 1803 1724 1882; x_wconf 89' lang='lat' dir='ltr'><strong>orphanorum,</strong></span> <span class='ocrx_word' id='word_1_219' title='bbox 1756 1819 1989 1873; x_wconf 89' lang='lat' dir='ltr'><strong>eorum,</strong></span> <span class='ocrx_word' id='word_1_220' title='bbox 2025 1800 2128 1880; x_wconf 89' lang='lat' dir='ltr'><strong>qui</strong></span> <span class='ocrx_word' id='word_1_221' title='bbox 2155 1807 2330 1862; x_wconf 87' lang='lat' dir='ltr'><strong>erant</strong></span> <span class='ocrx_word' id='word_1_222' title='bbox 2358 1802 2621 1882; x_wconf 81' lang='lat' dir='ltr'><strong>neglecti</strong></span> <span class='ocrx_word' id='word_1_223' title='bbox 2653 1812 2715 1866; x_wconf 90' lang='lat' dir='ltr'><strong>et</strong></span> <span class='ocrx_word' id='word_1_224' title='bbox 2742 1804 2980 1885; x_wconf 89' lang='lat' dir='ltr'><strong>injuriis</strong></span> <span class='ocrx_word' id='word_1_225' title='bbox 3008 1805 3182 1868; x_wconf 81' lang='lat' dir='ltr'><strong>facile</strong></span> <span class='ocrx_word' id='word_1_226' title='bbox 3210 1802 3805 1886; x_wconf 82' lang='lat' dir='ltr'><strong>patebant,auxilium:</strong></span> 
     </span>
    </p>
   </div>
   <div class='ocr_carea' id='block_1_32' title="bbox 442 1888 3812 1976">
    <p class='ocr_par' dir='ltr' id='par_1_32' title="bbox 442 1888 3812 1976">
     <span class='ocr_line' id='line_1_32' title="bbox 442 1888 3812 1976; baseline -0.001 -22"><span class='ocrx_word' id='word_1_227' title='bbox 442 1900 502 1954; x_wconf 92' lang='lat' dir='ltr'><strong>et</strong></span> <span class='ocrx_word' id='word_1_228' title='bbox 532 1892 690 1973; x_wconf 92' lang='lat' dir='ltr'><strong>quod</strong></span> <span class='ocrx_word' id='word_1_229' title='bbox 723 1899 848 1954; x_wconf 90' lang='lat' dir='ltr'><strong>erat</strong></span> <span class='ocrx_word' id='word_1_230' title='bbox 883 1893 1150 1954; x_wconf 88' lang='lat' dir='ltr'><strong>omnium</strong></span> <span class='ocrx_word' id='word_1_231' title='bbox 1186 1893 1532 1972; x_wconf 80' lang='lat' dir='ltr'><strong>maximum,</strong></span> <span class='ocrx_word' id='word_1_232' title='bbox 1567 1891 1703 1952; x_wconf 86' lang='lat' dir='ltr'><strong>vitae</strong></span> <span class='ocrx_word' id='word_1_233' title='bbox 1739 1889 2020 1953; x_wconf 90' lang='lat' dir='ltr'><strong>deductio</strong></span> <span class='ocrx_word' id='word_1_234' title='bbox 2077 1888 2153 1950; x_wconf 89' lang='lat' dir='ltr'><strong>ad</strong></span> <span class='ocrx_word' id='word_1_235' title='bbox 2181 1888 2458 1954; x_wconf 75' lang='lat' dir='ltr'><strong>virtutem</strong></span> <span class='ocrx_word' id='word_1_236' title='bbox 2493 1902 2554 1956; x_wconf 91' lang='lat' dir='ltr'><strong>et</strong></span> <span class='ocrx_word' id='word_1_237' title='bbox 2583 1912 2728 1957; x_wconf 90' lang='lat' dir='ltr'><strong>cura</strong></span> <span class='ocrx_word' id='word_1_238' title='bbox 2756 1894 3117 1970; x_wconf 90' lang='lat' dir='ltr'><strong>animarum,</strong></span> <span class='ocrx_word' id='word_1_239' title='bbox 3152 1895 3224 1958; x_wconf 89' lang='lat' dir='ltr'><strong>ad</strong></span> <span class='ocrx_word' id='word_1_240' title='bbox 3254 1896 3416 1976; x_wconf 88' lang='lat' dir='ltr'><strong>quod</strong></span> <span class='ocrx_word' id='word_1_241' title='bbox 3451 1893 3698 1972; x_wconf 78' lang='lat' dir='ltr'><strong>egregia</strong></span> <span class='ocrx_word' id='word_1_242' title='bbox 3735 1891 3812 1952; x_wconf 91' lang='lat' dir='ltr'><strong>illa</strong></span> 
     </span>
    </p>
   </div>
   <div class='ocr_carea' id='block_1_33' title="bbox 443 1977 3806 2066">
    <p class='ocr_par' dir='ltr' id='par_1_33' title="bbox 443 1977 3806 2066">
     <span class='ocr_line' id='line_1_33' title="bbox 443 1977 3806 2066; baseline 0.001 -24"><span class='ocrx_word' id='word_1_243' title='bbox 443 1980 644 2062; x_wconf 82' lang='lat' dir='ltr'><strong>lingua</strong></span> <span class='ocrx_word' id='word_1_244' title='bbox 702 1999 822 2042; x_wconf 90' lang='lat' dir='ltr'><strong>non</strong></span> <span class='ocrx_word' id='word_1_245' title='bbox 885 1989 1162 2062; x_wconf 86' lang='lat' dir='ltr'><strong>tanquam</strong></span> <span class='ocrx_word' id='word_1_246' title='bbox 1219 1983 1477 2044; x_wconf 79' lang='lat' dir='ltr'><strong>minutas</strong></span> <span class='ocrx_word' id='word_1_247' title='bbox 1533 1981 1691 2044; x_wconf 89' lang='lat' dir='ltr'><strong>roris</strong></span> <span class='ocrx_word' id='word_1_248' title='bbox 1745 1988 1938 2057; x_wconf 85' lang='lat' dir='ltr'><strong>guttas</strong></span> <span class='ocrx_word' id='word_1_249' title='bbox 1977 1977 2157 2041; x_wconf 86' lang='lat' dir='ltr'><strong>verba</strong></span> <span class='ocrx_word' id='word_1_250' title='bbox 2211 1979 2516 2064; x_wconf 79' lang='lat' dir='ltr'><strong>amittens,</strong></span> <span class='ocrx_word' id='word_1_251' title='bbox 2575 1984 2678 2047; x_wconf 89' lang='lat' dir='ltr'><strong>sed</strong></span> <span class='ocrx_word' id='word_1_252' title='bbox 2738 1991 2894 2046; x_wconf 88' lang='lat' dir='ltr'><strong>totos</strong></span> <span class='ocrx_word' id='word_1_253' title='bbox 2947 1985 3144 2049; x_wconf 86' lang='lat' dir='ltr'><strong>fontes</strong></span> <span class='ocrx_word' id='word_1_254' title='bbox 3193 1993 3329 2066; x_wconf 82' lang='lat' dir='ltr'><strong>apte</strong></span> <span class='ocrx_word' id='word_1_255' title='bbox 3394 1994 3462 2048; x_wconf 89' lang='lat' dir='ltr'><strong>et</strong></span> <span class='ocrx_word' id='word_1_256' title='bbox 3523 1999 3806 2046; x_wconf 81' lang='lat' dir='ltr'><strong>numerose</strong></span> 
     </span>
    </p>
   </div>
   <div class='ocr_carea' id='block_1_34' title="bbox 444 2071 1414 2152">
    <p class='ocr_par' dir='ltr' id='par_1_34' title="bbox 444 2071 1414 2152">
     <span class='ocr_line' id='line_1_34' title="bbox 444 2071 1414 2152; baseline -0.001 -20"><span class='ocrx_word' id='word_1_257' title='bbox 444 2071 759 2134; x_wconf 73' lang='lat' dir='ltr'><strong>effundens</strong></span> <span class='ocrx_word' id='word_1_258' title='bbox 793 2071 1078 2152; x_wconf 90' lang='lat' dir='ltr'><strong>populum</strong></span> <span class='ocrx_word' id='word_1_259' title='bbox 1113 2071 1414 2135; x_wconf 83' lang='lat' dir='ltr'><strong>incitabat.</strong></span> 
     </span>
    </p>
   </div>
   <div class='ocr_carea' id='block_1_35' title="bbox 501 2161 2075 2247">
    <p class='ocr_par' dir='ltr' id='par_1_35' title="bbox 501 2161 2075 2247">
     <span class='ocr_line' id='line_1_35' title="bbox 501 2161 2075 2247; baseline -0.001 -22"><span class='ocrx_word' id='word_1_260' title='bbox 501 2161 942 2227; x_wconf 77' lang='lat' dir='ltr'><strong>XXXI.Verum</strong></span> <span class='ocrx_word' id='word_1_261' title='bbox 968 2165 1276 2228; x_wconf 78' lang='lat' dir='ltr'><strong>enimvero</strong></span> <span class='ocrx_word' id='word_1_262' title='bbox 1299 2185 1432 2228; x_wconf 91' lang='lat' dir='ltr'><strong>cum</strong></span> <span class='ocrx_word' id='word_1_263' title='bbox 1459 2175 1574 2228; x_wconf 87' lang='lat' dir='ltr'><strong>tam</strong></span> <span class='ocrx_word' id='word_1_264' title='bbox 1604 2165 1854 2247; x_wconf 87' lang='lat' dir='ltr'><strong>pulchre</strong></span> <span class='ocrx_word' id='word_1_265' title='bbox 1885 2181 1949 2224; x_wconf 92' lang='lat' dir='ltr'><strong>se</strong></span> <span class='ocrx_word' id='word_1_266' title='bbox 1979 2165 2075 2224; x_wconf 90' lang='lat' dir='ltr'><strong>ha-</strong></span> 
     </span>
    </p>
   </div>
   <div class='ocr_carea' id='block_1_36' title="bbox 2161 2161 3797 2247">
    <p class='ocr_par' dir='ltr' id='par_1_36' title="bbox 2255 2165 3797 2244">
     <span class='ocr_line' id='line_1_36' title="bbox 2255 2165 3797 2244; baseline 0.006 -23"><span class='ocrx_word' id='word_1_267' title='bbox 2255 2165 2385 2225; x_wconf 79' lang='lat' dir='ltr'><strong>AA&#39;.</strong></span> <span class='ocrx_word' id='word_1_268' title='bbox 2423 2168 2570 2236; x_wconf 80' lang='grc' dir='ltr'>Πλὴν</span> <span class='ocrx_word' id='word_1_269' title='bbox 2611 2171 2748 2226; x_wconf 76' lang='grc' dir='ltr'>ἀλλὰ</span> <span class='ocrx_word' id='word_1_270' title='bbox 2792 2177 2890 2239; x_wconf 76' lang='grc' dir='ltr'>τῆς</span> <span class='ocrx_word' id='word_1_271' title='bbox 2921 2171 3246 2238; x_wconf 85' lang='grc' dir='ltr'>Ἐκκλησίας</span> <span class='ocrx_word' id='word_1_272' title='bbox 3293 2172 3438 2229; x_wconf 75' lang='grc' dir='ltr'>οὕτω</span> <span class='ocrx_word' id='word_1_273' title='bbox 3471 2168 3652 2235; x_wconf 78' lang='grc' dir='ltr'>καλῶς</span> <span class='ocrx_word' id='word_1_274' title='bbox 3692 2170 3797 2244; x_wconf 75' lang='grc' dir='ltr'>ἆγο-</span> 
     </span>
    </p>
   </div>
   <div class='ocr_carea' id='block_1_37' title="bbox 443 2252 2075 2340">
    <p class='ocr_par' dir='ltr' id='par_1_37' title="bbox 443 2252 2068 2336">
     <span class='ocr_line' id='line_1_37' title="bbox 443 2252 2068 2336; baseline 0.001 -22"><span class='ocrx_word' id='word_1_275' title='bbox 443 2253 614 2316; x_wconf 88' lang='lat' dir='ltr'><strong>beret</strong></span> <span class='ocrx_word' id='word_1_276' title='bbox 642 2252 934 2329; x_wconf 87' lang='lat' dir='ltr'><strong>Ecclesia,</strong></span> <span class='ocrx_word' id='word_1_277' title='bbox 959 2264 1017 2316; x_wconf 91' lang='lat' dir='ltr'><strong>et</strong></span> <span class='ocrx_word' id='word_1_278' title='bbox 1047 2255 1108 2316; x_wconf 91' lang='lat' dir='ltr'><strong>in</strong></span> <span class='ocrx_word' id='word_1_279' title='bbox 1155 2274 1368 2336; x_wconf 86' lang='lat' dir='ltr'><strong>magna</strong></span> <span class='ocrx_word' id='word_1_280' title='bbox 1397 2265 1601 2336; x_wconf 80' lang='lat' dir='ltr'><strong>ageret</strong></span> <span class='ocrx_word' id='word_1_281' title='bbox 1637 2253 2068 2336; x_wconf 87' lang='lat' dir='ltr'><strong>tranquillitate</strong></span> 
     </span>
    </p>
   </div>
   <div class='ocr_carea' id='block_1_38' title="bbox 2161 2252 3798 2340">
    <p class='ocr_par' dir='ltr' id='par_1_38' title="bbox 2176 2255 3798 2340">
     <span class='ocr_line' id='line_1_38' title="bbox 2176 2255 3798 2340; baseline -0.007 -17"><span class='ocrx_word' id='word_1_282' title='bbox 2176 2255 2368 2336; x_wconf 74' lang='grc' dir='ltr'>μένης,</span> <span class='ocrx_word' id='word_1_283' title='bbox 2403 2259 2489 2314; x_wconf 82' lang='grc' dir='ltr'><strong>καὶ</strong></span> <span class='ocrx_word' id='word_1_284' title='bbox 2547 2258 2793 2335; x_wconf 79' lang='grc' dir='ltr'>γαλήνην</span> <span class='ocrx_word' id='word_1_285' title='bbox 2851 2261 2976 2318; x_wconf 65' lang='grc' dir='ltr'>οἵαν</span> <span class='ocrx_word' id='word_1_286' title='bbox 3036 2261 3270 2340; x_wconf 79' lang='grc' dir='ltr'>ἐχούσης</span> <span class='ocrx_word' id='word_1_287' title='bbox 3329 2262 3591 2336; x_wconf 72' lang='grc' dir='ltr'>βαθεῖαν,</span> <span class='ocrx_word' id='word_1_288' title='bbox 3636 2255 3798 2330; x_wconf 67' lang='grc' dir='ltr'>λαίλαῷ</span> 
     </span>
    </p>
   </div>
   <div class='ocr_carea' id='block_1_39' title="bbox 435 2343 2075 2431">
    <p class='ocr_par' dir='ltr' id='par_1_39' title="bbox 435 2343 2066 2426">
     <span class='ocr_line' id='line_1_39' title="bbox 435 2343 2066 2426; baseline -0.001 -21"><span class='ocrx_word' id='word_1_289' title='bbox 435 2343 631 2420; x_wconf 85' lang='lat' dir='ltr'><strong>gravis</strong></span> <span class='ocrx_word' id='word_1_290' title='bbox 657 2343 898 2406; x_wconf 86' lang='lat' dir='ltr'><strong>irruens</strong></span> <span class='ocrx_word' id='word_1_291' title='bbox 919 2345 1468 2426; x_wconf 87' lang='lat' dir='ltr'><strong>procella,magnos</strong></span> <span class='ocrx_word' id='word_1_292' title='bbox 1487 2348 1538 2407; x_wconf 92' lang='lat' dir='ltr'><strong>ei</strong></span> <span class='ocrx_word' id='word_1_293' title='bbox 1559 2347 1774 2407; x_wconf 81' lang='lat' dir='ltr'><strong>fluctus</strong></span> <span class='ocrx_word' id='word_1_294' title='bbox 1792 2343 2066 2406; x_wconf 78' lang='lat' dir='ltr'><strong>excitavit</strong></span> 
     </span>
    </p>
   </div>
   <div class='ocr_carea' id='block_1_40' title="bbox 2161 2343 3791 2431">
    <p class='ocr_par' dir='ltr' id='par_1_40' title="bbox 2175 2345 3791 2431">
     <span class='ocr_line' id='line_1_40' title="bbox 2175 2345 3791 2431; baseline 0.003 -31"><span class='ocrx_word' id='word_1_295' title='bbox 2175 2345 2505 2404; x_wconf 73' lang='grc' dir='ltr'>ἐπεισπεσὼν</span> <span class='ocrx_word' id='word_1_296' title='bbox 2590 2349 2772 2428; x_wconf 75' lang='grc' dir='ltr'>ἄγριος</span> <span class='ocrx_word' id='word_1_297' title='bbox 2860 2351 3114 2431; x_wconf 83' lang='grc' dir='ltr'>χολεπῶς</span> <span class='ocrx_word' id='word_1_298' title='bbox 3230 2351 3395 2417; x_wconf 71' lang='grc' dir='ltr'>αὐτὴν</span> <span class='ocrx_word' id='word_1_299' title='bbox 3487 2349 3791 2424; x_wconf 75' lang='grc' dir='ltr'>ἐξεκύμηνεν.</span> 
     </span>
    </p>
   </div>
   <div class='ocr_carea' id='block_1_41' title="bbox 433 2433 2075 2517">
    <p class='ocr_par' dir='ltr' id='par_1_41' title="bbox 433 2435 2075 2499">
     <span class='ocr_line' id='line_1_41' title="bbox 433 2435 2075 2499; baseline -0.001 -6"><span class='ocrx_word' id='word_1_300' title='bbox 433 2435 574 2494; x_wconf 85' lang='lat' dir='ltr'><strong>Nam</strong></span> <span class='ocrx_word' id='word_1_301' title='bbox 601 2451 732 2494; x_wconf 89' lang='lat' dir='ltr'><strong>cum</strong></span> <span class='ocrx_word' id='word_1_302' title='bbox 756 2437 856 2494; x_wconf 88' lang='lat' dir='ltr'><strong>ille</strong></span> <span class='ocrx_word' id='word_1_303' title='bbox 883 2439 1057 2497; x_wconf 89' lang='lat' dir='ltr'><strong>homo</strong></span> <span class='ocrx_word' id='word_1_304' title='bbox 1080 2438 1180 2497; x_wconf 86' lang='lat' dir='ltr'><strong>Dei</strong></span> <span class='ocrx_word' id='word_1_305' title='bbox 1212 2449 1266 2497; x_wconf 83' lang='lat' dir='ltr'><strong>et</strong></span> <span class='ocrx_word' id='word_1_306' title='bbox 1293 2442 1574 2499; x_wconf 84' lang='lat' dir='ltr'><strong>vitiorum</strong></span> <span class='ocrx_word' id='word_1_307' title='bbox 1607 2442 1809 2497; x_wconf 83' lang='lat' dir='ltr'><strong>animae</strong></span> <span class='ocrx_word' id='word_1_308' title='bbox 1831 2438 2075 2494; x_wconf 67' lang='lat' dir='ltr'><strong>medicus</strong></span> 
     </span>
    </p>
   </div>
   <div class='ocr_carea' id='block_1_42' title="bbox 2161 2433 3794 2517">
    <p class='ocr_par' dir='ltr' id='par_1_42' title="bbox 2174 2433 3794 2517">
     <span class='ocr_line' id='line_1_42' title="bbox 2174 2433 3794 2517; baseline 0.012 -28"><span class='ocrx_word' id='word_1_309' title='bbox 2174 2433 2324 2490; x_wconf 86' lang='grc' dir='ltr'>Ἐπεὶ</span> <span class='ocrx_word' id='word_1_310' title='bbox 2366 2437 2464 2514; x_wconf 80' lang='grc' dir='ltr'>γὰρ</span> <span class='ocrx_word' id='word_1_311' title='bbox 2511 2439 2537 2492; x_wconf 79' lang='grc' dir='ltr'>ὃ</span> <span class='ocrx_word' id='word_1_312' title='bbox 2571 2447 2658 2494; x_wconf 84' lang='grc' dir='ltr'><strong>του</strong></span> <span class='ocrx_word' id='word_1_313' title='bbox 2711 2441 2842 2498; x_wconf 78' lang='grc' dir='ltr'><strong>Θεοῦ</strong></span> <span class='ocrx_word' id='word_1_314' title='bbox 2871 2440 3168 2517; x_wconf 80' lang='grc' dir='ltr'>ἄνθρωπος,</span> <span class='ocrx_word' id='word_1_315' title='bbox 3203 2440 3298 2496; x_wconf 72' lang='grc' dir='ltr'>καὶ</span> <span class='ocrx_word' id='word_1_316' title='bbox 3342 2447 3455 2496; x_wconf 85' lang='grc' dir='ltr'><strong>τῶν</strong></span> <span class='ocrx_word' id='word_1_317' title='bbox 3488 2442 3590 2505; x_wconf 81' lang='grc' dir='ltr'><strong>τῆς</strong></span> <span class='ocrx_word' id='word_1_318' title='bbox 3643 2442 3794 2516; x_wconf 62' lang='grc' dir='ltr'>ψυχῆς</span> 
     </span>
    </p>
   </div>
   <div class='ocr_carea' id='block_1_43' title="bbox 434 2521 2083 2604">
    <p class='ocr_par' dir='ltr' id='par_1_43' title="bbox 434 2521 2083 2604">
     <span class='ocr_line' id='line_1_43' title="bbox 434 2521 2083 2604; baseline -0.001 -22"><span class='ocrx_word' id='word_1_319' title='bbox 434 2521 999 2597; x_wconf 85' lang='lat' dir='ltr'><strong>artiﬁciosissimus,</strong></span> <span class='ocrx_word' id='word_1_320' title='bbox 1025 2530 1087 2584; x_wconf 91' lang='lat' dir='ltr'><strong>et</strong></span> <span class='ocrx_word' id='word_1_321' title='bbox 1117 2523 1235 2586; x_wconf 89' lang='lat' dir='ltr'><strong>alia</strong></span> <span class='ocrx_word' id='word_1_322' title='bbox 1259 2525 1502 2604; x_wconf 87' lang='lat' dir='ltr'><strong>quidem</strong></span> <span class='ocrx_word' id='word_1_323' title='bbox 1538 2525 1809 2586; x_wconf 81' lang='lat' dir='ltr'><strong>studeret</strong></span> <span class='ocrx_word' id='word_1_324' title='bbox 1831 2539 2083 2599; x_wconf 86' lang='lat' dir='ltr'><strong>magno-</strong></span> 
     </span>
    </p>
   </div>
   <div class='ocr_carea' id='block_1_44' title="bbox 436 2611 2080 2694">
    <p class='ocr_par' dir='ltr' id='par_1_44' title="bbox 436 2611 2080 2694">
     <span class='ocr_line' id='line_1_44' title="bbox 436 2611 2080 2694; baseline -0.001 -22"><span class='ocrx_word' id='word_1_325' title='bbox 436 2628 581 2690; x_wconf 88' lang='lat' dir='ltr'><strong>pere</strong></span> <span class='ocrx_word' id='word_1_326' title='bbox 604 2629 842 2685; x_wconf 90' lang='lat' dir='ltr'><strong>curare,</strong></span> <span class='ocrx_word' id='word_1_327' title='bbox 874 2614 1133 2674; x_wconf 82' lang='lat' dir='ltr'><strong>maxime</strong></span> <span class='ocrx_word' id='word_1_328' title='bbox 1150 2623 1346 2674; x_wconf 89' lang='lat' dir='ltr'><strong>autem</strong></span> <span class='ocrx_word' id='word_1_329' title='bbox 1375 2614 1702 2694; x_wconf 85' lang='lat' dir='ltr'><strong>pessimum</strong></span> <span class='ocrx_word' id='word_1_330' title='bbox 1726 2623 1786 2674; x_wconf 85' lang='lat' dir='ltr'><strong>et</strong></span> <span class='ocrx_word' id='word_1_331' title='bbox 1811 2611 2080 2674; x_wconf 88' lang='lat' dir='ltr'><strong>illibera-</strong></span> 
     </span>
    </p>
   </div>
   <div class='ocr_carea' id='block_1_45' title="bbox 431 2700 2080 2776">
    <p class='ocr_par' dir='ltr' id='par_1_45' title="bbox 431 2700 2080 2776">
     <span class='ocr_line' id='line_1_45' title="bbox 431 2700 2080 2776; baseline 0 -15"><span class='ocrx_word' id='word_1_332' title='bbox 431 2700 756 2776; x_wconf 86' lang='lat' dir='ltr'><strong>lissimum,</strong></span> <span class='ocrx_word' id='word_1_333' title='bbox 785 2710 842 2763; x_wconf 93' lang='lat' dir='ltr'><strong>et</strong></span> <span class='ocrx_word' id='word_1_334' title='bbox 875 2701 1128 2763; x_wconf 88' lang='lat' dir='ltr'><strong>aliorum</strong></span> <span class='ocrx_word' id='word_1_335' title='bbox 1156 2703 1422 2764; x_wconf 92' lang='lat' dir='ltr'><strong>omnium</strong></span> <span class='ocrx_word' id='word_1_336' title='bbox 1458 2703 1585 2764; x_wconf 89' lang='lat' dir='ltr'><strong>fere</strong></span> <span class='ocrx_word' id='word_1_337' title='bbox 1618 2703 1894 2763; x_wconf 86' lang='lat' dir='ltr'><strong>vitiorum</strong></span> <span class='ocrx_word' id='word_1_338' title='bbox 1937 2719 2080 2762; x_wconf 85' lang='lat' dir='ltr'><strong>cau-</strong></span> 
     </span>
    </p>
   </div>
   <div class='ocr_carea' id='block_1_46' title="bbox 429 2790 2076 2871">
    <p class='ocr_par' dir='ltr' id='par_1_46' title="bbox 429 2790 2076 2871">
     <span class='ocr_line' id='line_1_46' title="bbox 429 2790 2076 2871; baseline -0.001 -19"><span class='ocrx_word' id='word_1_339' title='bbox 429 2807 584 2866; x_wconf 87' lang='lat' dir='ltr'><strong>sam,</strong></span> <span class='ocrx_word' id='word_1_340' title='bbox 610 2808 829 2870; x_wconf 89' lang='lat' dir='ltr'><strong>nempe</strong></span> <span class='ocrx_word' id='word_1_341' title='bbox 860 2792 1192 2864; x_wconf 83' lang='lat' dir='ltr'><strong>avaritiam,</strong></span> <span class='ocrx_word' id='word_1_342' title='bbox 1229 2803 1289 2853; x_wconf 90' lang='lat' dir='ltr'><strong>et</strong></span> <span class='ocrx_word' id='word_1_343' title='bbox 1321 2793 1380 2852; x_wconf 91' lang='lat' dir='ltr'><strong>in</strong></span> <span class='ocrx_word' id='word_1_344' title='bbox 1414 2809 1542 2853; x_wconf 87' lang='lat' dir='ltr'><strong>eam</strong></span> <span class='ocrx_word' id='word_1_345' title='bbox 1589 2791 1861 2871; x_wconf 89' lang='lat' dir='ltr'><strong>quotidie</strong></span> <span class='ocrx_word' id='word_1_346' title='bbox 1893 2790 2076 2851; x_wconf 85' lang='lat' dir='ltr'><strong>vehe-</strong></span> 
     </span>
    </p>
   </div>
   <div class='ocr_carea' id='block_1_47' title="bbox 429 2879 2079 2960">
    <p class='ocr_par' dir='ltr' id='par_1_47' title="bbox 429 2879 2079 2960">
     <span class='ocr_line' id='line_1_47' title="bbox 429 2879 2079 2960; baseline -0.001 -20"><span class='ocrx_word' id='word_1_347' title='bbox 429 2887 665 2941; x_wconf 88' lang='lat' dir='ltr'><strong>menter</strong></span> <span class='ocrx_word' id='word_1_348' title='bbox 687 2879 1230 2955; x_wconf 85' lang='lat' dir='ltr'><strong>inveberetur,non</strong></span> <span class='ocrx_word' id='word_1_349' title='bbox 1253 2900 1422 2959; x_wconf 63' lang='lat' dir='ltr'><strong>aequo</strong></span> <span class='ocrx_word' id='word_1_350' title='bbox 1446 2887 1644 2941; x_wconf 88' lang='lat' dir='ltr'><strong>animo</strong></span> <span class='ocrx_word' id='word_1_351' title='bbox 1678 2880 2079 2960; x_wconf 89' lang='lat' dir='ltr'><strong>tulerunt,qui</strong></span> 
     </span>
    </p>
   </div>
   <div class='ocr_carea' id='block_1_48' title="bbox 430 2968 2076 3050">
    <p class='ocr_par' dir='ltr' id='par_1_48' title="bbox 430 2968 2076 3050">
     <span class='ocr_line' id='line_1_48' title="bbox 430 2968 2076 3050; baseline 0 -22"><span class='ocrx_word' id='word_1_352' title='bbox 430 2968 572 3030; x_wconf 88' lang='lat' dir='ltr'><strong>huic</strong></span> <span class='ocrx_word' id='word_1_353' title='bbox 595 2969 738 3030; x_wconf 89' lang='lat' dir='ltr'><strong>vitio</strong></span> <span class='ocrx_word' id='word_1_354' title='bbox 784 2969 1146 3045; x_wconf 80' lang='lat' dir='ltr'><strong>serviebant,</strong></span> <span class='ocrx_word' id='word_1_355' title='bbox 1173 2989 1343 3032; x_wconf 90' lang='lat' dir='ltr'><strong>suam</strong></span> <span class='ocrx_word' id='word_1_356' title='bbox 1380 2982 1434 3032; x_wconf 90' lang='lat' dir='ltr'><strong>et</strong></span> <span class='ocrx_word' id='word_1_357' title='bbox 1466 2969 1653 3032; x_wconf 89' lang='lat' dir='ltr'><strong>solius</strong></span> <span class='ocrx_word' id='word_1_358' title='bbox 1689 2971 1918 3050; x_wconf 85' lang='lat' dir='ltr'><strong>plagam</strong></span> <span class='ocrx_word' id='word_1_359' title='bbox 1947 2987 2076 3030; x_wconf 89' lang='lat' dir='ltr'><strong>eam</strong></span> 
     </span>
    </p>
   </div>
   <div class='ocr_carea' id='block_1_49' title="bbox 427 3058 2078 3140">
    <p class='ocr_par' dir='ltr' id='par_1_49' title="bbox 427 3058 2078 3140">
     <span class='ocr_line' id='line_1_49' title="bbox 427 3058 2078 3140; baseline -0.001 -20"><span class='ocrx_word' id='word_1_360' title='bbox 427 3075 560 3120; x_wconf 88' lang='lat' dir='ltr'><strong>rem</strong></span> <span class='ocrx_word' id='word_1_361' title='bbox 612 3077 743 3121; x_wconf 88' lang='lat' dir='ltr'><strong>esse</strong></span> <span class='ocrx_word' id='word_1_362' title='bbox 794 3065 1208 3140; x_wconf 89' lang='lat' dir='ltr'><strong>unusquisque</strong></span> <span class='ocrx_word' id='word_1_363' title='bbox 1259 3062 1625 3135; x_wconf 80' lang='lat' dir='ltr'><strong>existimans,</strong></span> <span class='ocrx_word' id='word_1_364' title='bbox 1683 3058 1916 3122; x_wconf 85' lang='lat' dir='ltr'><strong>etiarnsi</strong></span> <span class='ocrx_word' id='word_1_365' title='bbox 1977 3059 2078 3119; x_wconf 90' lang='lat' dir='ltr'><strong>ille</strong></span> 
     </span>
    </p>
   </div>
   <div class='ocr_carea' id='block_1_50' title="bbox 429 3149 2076 3232">
    <p class='ocr_par' dir='ltr' id='par_1_50' title="bbox 429 3149 2076 3232">
     <span class='ocr_line' id='line_1_50' title="bbox 429 3149 2076 3232; baseline -0.001 -21"><span class='ocrx_word' id='word_1_366' title='bbox 429 3167 552 3211; x_wconf 83' lang='lat' dir='ltr'><strong>non</strong></span> <span class='ocrx_word' id='word_1_367' title='bbox 587 3149 770 3211; x_wconf 89' lang='lat' dir='ltr'><strong>ullam</strong></span> <span class='ocrx_word' id='word_1_368' title='bbox 804 3167 1122 3230; x_wconf 87' lang='lat' dir='ltr'><strong>personam</strong></span> <span class='ocrx_word' id='word_1_369' title='bbox 1156 3151 1430 3232; x_wconf 84' lang='lat' dir='ltr'><strong>privatim</strong></span> <span class='ocrx_word' id='word_1_370' title='bbox 1477 3149 1936 3232; x_wconf 87' lang='lat' dir='ltr'><strong>perstringeret,</strong></span> <span class='ocrx_word' id='word_1_371' title='bbox 1972 3149 2076 3210; x_wconf 90' lang='lat' dir='ltr'><strong>sed</strong></span> 
     </span>
    </p>
   </div>
   <div class='ocr_carea' id='block_1_51' title="bbox 424 3239 2072 3322">
    <p class='ocr_par' dir='ltr' id='par_1_51' title="bbox 424 3239 2072 3322">
     <span class='ocr_line' id='line_1_51' title="bbox 424 3239 2072 3322; baseline 0 -22"><span class='ocrx_word' id='word_1_372' title='bbox 424 3239 827 3302; x_wconf 88' lang='lat' dir='ltr'><strong>communiter</strong></span> <span class='ocrx_word' id='word_1_373' title='bbox 857 3248 916 3302; x_wconf 84' lang='lat' dir='ltr'><strong>at</strong></span> <span class='ocrx_word' id='word_1_374' title='bbox 945 3239 1203 3304; x_wconf 88' lang='lat' dir='ltr'><strong>obscure</strong></span> <span class='ocrx_word' id='word_1_375' title='bbox 1232 3241 1484 3304; x_wconf 84' lang='lat' dir='ltr'><strong>inferret</strong></span> <span class='ocrx_word' id='word_1_376' title='bbox 1511 3241 2072 3322; x_wconf 88' lang='lat' dir='ltr'><strong>reprehensionem;</strong></span> 
     </span>
    </p>
   </div>
   <div class='ocr_carea' id='block_1_52' title="bbox 425 3329 2075 3413">
    <p class='ocr_par' dir='ltr' id='par_1_52' title="bbox 425 3329 2075 3413">
     <span class='ocr_line' id='line_1_52' title="bbox 425 3329 2075 3413; baseline 0 -24"><span class='ocrx_word' id='word_1_377' title='bbox 425 3329 621 3408; x_wconf 89' lang='lat' dir='ltr'><strong>prima</strong></span> <span class='ocrx_word' id='word_1_378' title='bbox 654 3338 858 3391; x_wconf 84' lang='lat' dir='ltr'><strong>autem</strong></span> <span class='ocrx_word' id='word_1_379' title='bbox 913 3347 984 3391; x_wconf 82' lang='lat' dir='ltr'><strong>ex</strong></span> <span class='ocrx_word' id='word_1_380' title='bbox 1017 3330 1172 3406; x_wconf 89' lang='lat' dir='ltr'><strong>aliis,</strong></span> <span class='ocrx_word' id='word_1_381' title='bbox 1211 3340 1270 3393; x_wconf 91' lang='lat' dir='ltr'><strong>et</strong></span> <span class='ocrx_word' id='word_1_382' title='bbox 1323 3331 1514 3412; x_wconf 87' lang='lat' dir='ltr'><strong>prima</strong></span> <span class='ocrx_word' id='word_1_383' title='bbox 1557 3332 1756 3406; x_wconf 81' lang='lat' dir='ltr'><strong>exiis,</strong></span> <span class='ocrx_word' id='word_1_384' title='bbox 1791 3330 1892 3413; x_wconf 89' lang='lat' dir='ltr'><strong>qui</strong></span> <span class='ocrx_word' id='word_1_385' title='bbox 1944 3330 2075 3408; x_wconf 89' lang='lat' dir='ltr'><strong>ejus</strong></span> 
     </span>
    </p>
   </div>
   <div class='ocr_carea' id='block_1_53' title="bbox 423 3420 2072 3505">
    <p class='ocr_par' dir='ltr' id='par_1_53' title="bbox 423 3420 2072 3505">
     <span class='ocr_line' id='line_1_53' title="bbox 423 3420 2072 3505; baseline 0.002 -24"><span class='ocrx_word' id='word_1_386' title='bbox 423 3438 631 3482; x_wconf 87' lang='lat' dir='ltr'><strong>amore</strong></span> <span class='ocrx_word' id='word_1_387' title='bbox 667 3420 1050 3499; x_wconf 87' lang='lat' dir='ltr'><strong>tenebantur,</strong></span> <span class='ocrx_word' id='word_1_388' title='bbox 1077 3421 1365 3497; x_wconf 83' lang='lat' dir='ltr'><strong>Eudoxia,</strong></span> <span class='ocrx_word' id='word_1_389' title='bbox 1389 3442 1567 3505; x_wconf 87' lang='lat' dir='ltr'><strong>quam</strong></span> <span class='ocrx_word' id='word_1_390' title='bbox 1600 3442 1672 3486; x_wconf 82' lang='lat' dir='ltr'><strong>ex</strong></span> <span class='ocrx_word' id='word_1_391' title='bbox 1698 3423 1900 3486; x_wconf 88' lang='lat' dir='ltr'><strong>auditu</strong></span> <span class='ocrx_word' id='word_1_392' title='bbox 1932 3425 2072 3504; x_wconf 85' lang='lat' dir='ltr'><strong>qui-</strong></span> 
     </span>
    </p>
   </div>
   <div class='ocr_carea' id='block_1_54' title="bbox 2173 2525 3790 2609">
    <p class='ocr_par' dir='ltr' id='par_1_54' title="bbox 2173 2525 3790 2609">
     <span class='ocr_line' id='line_1_54' title="bbox 2173 2525 3790 2609; baseline 0 -29"><span class='ocrx_word' id='word_1_393' title='bbox 2173 2529 2351 2582; x_wconf 82' lang='grc' dir='ltr'>παθῶν</span> <span class='ocrx_word' id='word_1_394' title='bbox 2397 2527 2572 2603; x_wconf 75' lang='grc' dir='ltr'>ἰατρὸς</span> <span class='ocrx_word' id='word_1_395' title='bbox 2624 2529 3030 2609; x_wconf 75' lang='grc' dir='ltr'>εὐτεχνότατος,</span> <span class='ocrx_word' id='word_1_396' title='bbox 3074 2532 3160 2586; x_wconf 79' lang='grc' dir='ltr'><strong>καὶ</strong></span> <span class='ocrx_word' id='word_1_397' title='bbox 3192 2529 3361 2586; x_wconf 76' lang='grc' dir='ltr'>τᾶλλα</span> <span class='ocrx_word' id='word_1_398' title='bbox 3427 2531 3530 2604; x_wconf 79' lang='grc' dir='ltr'>μὲν</span> <span class='ocrx_word' id='word_1_399' title='bbox 3561 2530 3681 2607; x_wconf 75' lang='grc' dir='ltr'>εἶχε</span> <span class='ocrx_word' id='word_1_400' title='bbox 3730 2525 3790 2581; x_wconf 68' lang='grc' dir='ltr'>διὰ</span> 
     </span>
    </p>
   </div>
   <div class='ocr_carea' id='block_1_55' title="bbox 2167 2615 3789 2695">
    <p class='ocr_par' dir='ltr' id='par_1_55' title="bbox 2167 2615 3789 2695">
     <span class='ocr_line' id='line_1_55' title="bbox 2167 2615 3789 2695; baseline 0.001 -24"><span class='ocrx_word' id='word_1_401' title='bbox 2167 2615 2398 2692; x_wconf 77' lang='grc' dir='ltr'>σπωδῇς</span> <span class='ocrx_word' id='word_1_402' title='bbox 2462 2621 2790 2695; x_wconf 78' lang='grc' dir='ltr'>Θεραπεύειν,</span> <span class='ocrx_word' id='word_1_403' title='bbox 2826 2619 3061 2694; x_wconf 82' lang='grc' dir='ltr'>μάλιστα</span> <span class='ocrx_word' id='word_1_404' title='bbox 3115 2618 3160 2675; x_wconf 85' lang='grc' dir='ltr'>δ’</span> <span class='ocrx_word' id='word_1_405' title='bbox 3192 2620 3282 2677; x_wconf 81' lang='grc' dir='ltr'>οὖν</span> <span class='ocrx_word' id='word_1_406' title='bbox 3335 2622 3398 2676; x_wconf 80' lang='grc' dir='ltr'>τὸ</span> <span class='ocrx_word' id='word_1_407' title='bbox 3447 2620 3789 2684; x_wconf 75' lang='grc' dir='ltr'>κακοηθέστιο</span> 
     </span>
    </p>
   </div>
   <div class='ocr_carea' id='block_1_56' title="bbox 2164 2707 3783 2789">
    <p class='ocr_par' dir='ltr' id='par_1_56' title="bbox 2164 2707 3783 2789">
     <span class='ocr_line' id='line_1_56' title="bbox 2164 2707 3783 2789; baseline -0.001 -28"><span class='ocrx_word' id='word_1_408' title='bbox 2164 2708 2252 2762; x_wconf 83' lang='grc' dir='ltr'><strong>τόν</strong></span> <span class='ocrx_word' id='word_1_409' title='bbox 2310 2729 2366 2762; x_wconf 82' lang='grc' dir='ltr'><strong>τε</strong></span> <span class='ocrx_word' id='word_1_410' title='bbox 2412 2709 2499 2762; x_wconf 80' lang='grc' dir='ltr'><strong>καὶ</strong></span> <span class='ocrx_word' id='word_1_411' title='bbox 2547 2707 3058 2789; x_wconf 83' lang='grc' dir='ltr'>ἆνελευτερώτατον,</span> <span class='ocrx_word' id='word_1_412' title='bbox 3107 2711 3196 2766; x_wconf 79' lang='grc' dir='ltr'>καὶ</span> <span class='ocrx_word' id='word_1_413' title='bbox 3239 2717 3346 2766; x_wconf 83' lang='grc' dir='ltr'>τῶν</span> <span class='ocrx_word' id='word_1_414' title='bbox 3400 2709 3588 2769; x_wconf 71' lang='grc' dir='ltr'>ἄλλων</span> <span class='ocrx_word' id='word_1_415' title='bbox 3641 2709 3783 2762; x_wconf 74' lang='grc' dir='ltr'>παθῶν</span> 
     </span>
    </p>
   </div>
   <div class='ocr_carea' id='block_1_57' title="bbox 2164 2795 3784 2878">
    <p class='ocr_par' dir='ltr' id='par_1_57' title="bbox 2164 2795 3784 2878">
     <span class='ocr_line' id='line_1_57' title="bbox 2164 2795 3784 2878; baseline 0 -26"><span class='ocrx_word' id='word_1_416' title='bbox 2164 2798 2377 2854; x_wconf 77' lang='grc' dir='ltr'>πάντων</span> <span class='ocrx_word' id='word_1_417' title='bbox 2448 2795 2644 2876; x_wconf 75' lang='grc' dir='ltr'>σχεδὸν</span> <span class='ocrx_word' id='word_1_418' title='bbox 2728 2801 3042 2856; x_wconf 82' lang='grc' dir='ltr'>αἰτιώτατον</span> <span class='ocrx_word' id='word_1_419' title='bbox 3115 2801 3214 2865; x_wconf 69' lang='grc' dir='ltr'>τὴν</span> <span class='ocrx_word' id='word_1_420' title='bbox 3280 2799 3656 2878; x_wconf 74' lang='grc' dir='ltr'>φιλαργυρίαν,</span> <span class='ocrx_word' id='word_1_421' title='bbox 3724 2799 3784 2849; x_wconf 71' lang='grc' dir='ltr'>καὶ</span> 
     </span>
    </p>
   </div>
   <div class='ocr_carea' id='block_1_58' title="bbox 2165 2885 3781 2964">
    <p class='ocr_par' dir='ltr' id='par_1_58' title="bbox 2165 2885 3781 2964">
     <span class='ocr_line' id='line_1_58' title="bbox 2165 2885 3781 2964; baseline -0.002 -22"><span class='ocrx_word' id='word_1_422' title='bbox 2165 2885 2328 2949; x_wconf 82' lang='grc' dir='ltr'>πολὺς</span> <span class='ocrx_word' id='word_1_423' title='bbox 2374 2887 2438 2953; x_wconf 77' lang='grc' dir='ltr'>ἦν</span> <span class='ocrx_word' id='word_1_424' title='bbox 2495 2888 2746 2945; x_wconf 82' lang='grc' dir='ltr'>ἑκάστοτε</span> <span class='ocrx_word' id='word_1_425' title='bbox 2805 2890 2925 2944; x_wconf 85' lang='grc' dir='ltr'>κατ’</span> <span class='ocrx_word' id='word_1_426' title='bbox 2989 2893 3153 2955; x_wconf 76' lang='grc' dir='ltr'>αὐτῆς</span> <span class='ocrx_word' id='word_1_427' title='bbox 3219 2888 3373 2964; x_wconf 81' lang='grc' dir='ltr'>ῥέων,</span> <span class='ocrx_word' id='word_1_428' title='bbox 3439 2892 3541 2947; x_wconf 77' lang='grc' dir='ltr'><strong>οὐκ</strong></span> <span class='ocrx_word' id='word_1_429' title='bbox 3588 2890 3781 2962; x_wconf 74' lang='grc' dir='ltr'>ἧνεγιιν</span> 
     </span>
    </p>
   </div>
   <div class='ocr_carea' id='block_1_59' title="bbox 2163 2974 3781 3058">
    <p class='ocr_par' dir='ltr' id='par_1_59' title="bbox 2163 2974 3781 3058">
     <span class='ocr_line' id='line_1_59' title="bbox 2163 2974 3781 3058; baseline -0.001 -28"><span class='ocrx_word' id='word_1_430' title='bbox 2163 2979 2208 3031; x_wconf 81' lang='grc' dir='ltr'>οἱ</span> <span class='ocrx_word' id='word_1_431' title='bbox 2240 2983 2318 3049; x_wconf 78' lang='grc' dir='ltr'>τῷ</span> <span class='ocrx_word' id='word_1_432' title='bbox 2363 2979 2515 3032; x_wconf 79' lang='grc' dir='ltr'>πάθει</span> <span class='ocrx_word' id='word_1_433' title='bbox 2547 2978 2717 3049; x_wconf 82' lang='grc' dir='ltr'>τούτῳ</span> <span class='ocrx_word' id='word_1_434' title='bbox 2773 2977 3134 3058; x_wconf 78' lang='grc' dir='ltr'>δουλεύοντες,</span> <span class='ocrx_word' id='word_1_435' title='bbox 3172 2981 3259 3035; x_wconf 82' lang='grc' dir='ltr'><strong>καὶ</strong></span> <span class='ocrx_word' id='word_1_436' title='bbox 3316 2981 3510 3056; x_wconf 82' lang='grc' dir='ltr'>πρώτη</span> <span class='ocrx_word' id='word_1_437' title='bbox 3557 2979 3659 3032; x_wconf 81' lang='grc' dir='ltr'>τῶν</span> <span class='ocrx_word' id='word_1_438' title='bbox 3710 2974 3781 3028; x_wconf 72' lang='grc' dir='ltr'><strong>ἔλα</strong></span> 
     </span>
    </p>
   </div>
   <div class='ocr_carea' id='block_1_60' title="bbox 2161 3063 3778 3145">
    <p class='ocr_par' dir='ltr' id='par_1_60' title="bbox 2161 3063 3778 3145">
     <span class='ocr_line' id='line_1_60' title="bbox 2161 3063 3778 3145; baseline 0.004 -25"><span class='ocrx_word' id='word_1_439' title='bbox 2161 3068 2268 3121; x_wconf 87' lang='grc' dir='ltr'><strong>λων</strong></span> <span class='ocrx_word' id='word_1_440' title='bbox 2328 3067 2362 3132; x_wconf 78' lang='grc' dir='ltr'><strong>ἡ</strong></span> <span class='ocrx_word' id='word_1_441' title='bbox 2417 3067 2503 3122; x_wconf 74' lang='grc' dir='ltr'>καὶ</span> <span class='ocrx_word' id='word_1_442' title='bbox 2561 3066 2746 3144; x_wconf 85' lang='grc' dir='ltr'>πρώτη</span> <span class='ocrx_word' id='word_1_443' title='bbox 2807 3074 2914 3123; x_wconf 81' lang='grc' dir='ltr'>τῶν</span> <span class='ocrx_word' id='word_1_444' title='bbox 2988 3069 3223 3145; x_wconf 77' lang='grc' dir='ltr'>ἐραστῶν</span> <span class='ocrx_word' id='word_1_445' title='bbox 3294 3068 3534 3125; x_wconf 80' lang='grc' dir='ltr'>πλούτου</span> <span class='ocrx_word' id='word_1_446' title='bbox 3607 3063 3778 3126; x_wconf 66' lang='grc' dir='ltr'>Εὔδοξά</span> 
     </span>
    </p>
   </div>
   <div class='ocr_carea' id='block_1_61' title="bbox 2165 3153 3778 3234">
    <p class='ocr_par' dir='ltr' id='par_1_61' title="bbox 2165 3153 3778 3234">
     <span class='ocr_line' id='line_1_61' title="bbox 2165 3153 3778 3234; baseline -0.001 -23"><span class='ocrx_word' id='word_1_447' title='bbox 2165 3154 2326 3234; x_wconf 76' lang='grc' dir='ltr'>(ἀκοῇ</span> <span class='ocrx_word' id='word_1_448' title='bbox 2390 3157 2586 3218; x_wconf 83' lang='grc' dir='ltr'>πάντες</span> <span class='ocrx_word' id='word_1_449' title='bbox 2636 3155 2758 3213; x_wconf 85' lang='grc' dir='ltr'>’ίστε</span> <span class='ocrx_word' id='word_1_450' title='bbox 2817 3157 2915 3225; x_wconf 71' lang='grc' dir='ltr'><strong>την</strong></span> <span class='ocrx_word' id='word_1_451' title='bbox 2959 3155 3227 3234; x_wconf 80' lang='grc' dir='ltr'>βασιλίδα,</span> <span class='ocrx_word' id='word_1_452' title='bbox 3259 3159 3346 3214; x_wconf 86' lang='grc' dir='ltr'><strong>καὶ</strong></span> <span class='ocrx_word' id='word_1_453' title='bbox 3403 3156 3559 3219; x_wconf 80' lang='grc' dir='ltr'>ὅπως</span> <span class='ocrx_word' id='word_1_454' title='bbox 3603 3153 3778 3231; x_wconf 79' lang='grc' dir='ltr'>οἰκτρό-</span> 
     </span>
    </p>
   </div>
   <div class='ocr_carea' id='block_1_62' title="bbox 2159 3243 3774 3327">
    <p class='ocr_par' dir='ltr' id='par_1_62' title="bbox 2159 3243 3774 3327">
     <span class='ocr_line' id='line_1_62' title="bbox 2159 3243 3774 3327; baseline -0.003 -26"><span class='ocrx_word' id='word_1_455' title='bbox 2159 3267 2292 3302; x_wconf 86' lang='grc' dir='ltr'>τατα</span> <span class='ocrx_word' id='word_1_456' title='bbox 2352 3246 2566 3302; x_wconf 84' lang='grc' dir='ltr'>πάντων</span> <span class='ocrx_word' id='word_1_457' title='bbox 2595 3246 2774 3314; x_wconf 78' lang='grc' dir='ltr'>ἐκείνη</span> <span class='ocrx_word' id='word_1_458' title='bbox 2819 3253 2897 3322; x_wconf 85' lang='grc' dir='ltr'>τῷ</span> <span class='ocrx_word' id='word_1_459' title='bbox 2953 3247 3048 3315; x_wconf 76' lang='grc' dir='ltr'>τῆς</span> <span class='ocrx_word' id='word_1_460' title='bbox 3093 3245 3436 3327; x_wconf 76' lang='grc' dir='ltr'>φιλαργυρίας</span> <span class='ocrx_word' id='word_1_461' title='bbox 3501 3243 3774 3304; x_wconf 64' lang='grc' dir='ltr'>ἱδούλευσεν</span> 
     </span>
    </p>
   </div>
   <div class='ocr_carea' id='block_1_63' title="bbox 2157 3335 3770 3417">
    <p class='ocr_par' dir='ltr' id='par_1_63' title="bbox 2157 3335 3770 3417">
     <span class='ocr_line' id='line_1_63' title="bbox 2157 3335 3770 3417; baseline -0.001 -27"><span class='ocrx_word' id='word_1_462' title='bbox 2157 3335 2366 3412; x_wconf 81' lang='grc' dir='ltr'>ἔρωτι),</span> <span class='ocrx_word' id='word_1_463' title='bbox 2426 3337 2660 3416; x_wconf 87' lang='grc' dir='ltr'>καίτοιγε</span> <span class='ocrx_word' id='word_1_464' title='bbox 2716 3339 2794 3412; x_wconf 77' lang='grc' dir='ltr'>μὴ</span> <span class='ocrx_word' id='word_1_465' title='bbox 2860 3339 2993 3417; x_wconf 76' lang='grc' dir='ltr'>πρὸς</span> <span class='ocrx_word' id='word_1_466' title='bbox 3040 3337 3234 3413; x_wconf 76' lang='grc' dir='ltr'>ὄνομα,</span> <span class='ocrx_word' id='word_1_467' title='bbox 3281 3336 3416 3413; x_wconf 81' lang='grc' dir='ltr'>μηδὲ</span> <span class='ocrx_word' id='word_1_468' title='bbox 3477 3336 3770 3413; x_wconf 74' lang='grc' dir='ltr'>ὡρισμένως.</span> 
     </span>
    </p>
   </div>
   <div class='ocr_carea' id='block_1_64' title="bbox 2155 3423 3769 3505">
    <p class='ocr_par' dir='ltr' id='par_1_64' title="bbox 2155 3423 3769 3505">
     <span class='ocr_line' id='line_1_64' title="bbox 2155 3423 3769 3505; baseline 0.006 -26"><span class='ocrx_word' id='word_1_469' title='bbox 2155 3423 2294 3480; x_wconf 81' lang='grc' dir='ltr'>ἀλλὰ</span> <span class='ocrx_word' id='word_1_470' title='bbox 2337 3424 2530 3488; x_wconf 77' lang='grc' dir='ltr'>κοινῶς</span> <span class='ocrx_word' id='word_1_471' title='bbox 2584 3431 2742 3483; x_wconf 82' lang='grc' dir='ltr'>αὑτοῦ</span> <span class='ocrx_word' id='word_1_472' title='bbox 2802 3429 2888 3483; x_wconf 87' lang='grc' dir='ltr'>καὶ</span> <span class='ocrx_word' id='word_1_473' title='bbox 2938 3426 3151 3496; x_wconf 76' lang='grc' dir='ltr'>ἀδήλως</span> <span class='ocrx_word' id='word_1_474' title='bbox 3213 3429 3333 3490; x_wconf 82' lang='grc' dir='ltr'>τοὺς</span> <span class='ocrx_word' id='word_1_475' title='bbox 3384 3425 3644 3505; x_wconf 74' lang='grc' dir='ltr'>ἐλέγχους</span> <span class='ocrx_word' id='word_1_476' title='bbox 3692 3423 3769 3478; x_wconf 65' lang='grc' dir='ltr'><strong>έπ-</strong></span> 
     </span>
    </p>
   </div>
   <div class='ocr_carea' id='block_1_65' title="bbox 421 3509 2075 3594">
    <p class='ocr_par' dir='ltr' id='par_1_65' title="bbox 421 3509 2072 3594">
     <span class='ocr_line' id='line_1_65' title="bbox 421 3509 2072 3594; baseline 0.002 -23"><span class='ocrx_word' id='word_1_477' title='bbox 421 3510 556 3571; x_wconf 89' lang='lat' dir='ltr'><strong>dem</strong></span> <span class='ocrx_word' id='word_1_478' title='bbox 580 3528 794 3573; x_wconf 87' lang='lat' dir='ltr'><strong>omnes</strong></span> <span class='ocrx_word' id='word_1_479' title='bbox 813 3509 1004 3586; x_wconf 87' lang='lat' dir='ltr'><strong>scitis,</strong></span> <span class='ocrx_word' id='word_1_480' title='bbox 1038 3531 1172 3574; x_wconf 88' lang='lat' dir='ltr'><strong>cum</strong></span> <span class='ocrx_word' id='word_1_481' title='bbox 1207 3524 1366 3576; x_wconf 91' lang='lat' dir='ltr'><strong>esset</strong></span> <span class='ocrx_word' id='word_1_482' title='bbox 1393 3516 1451 3594; x_wconf 83' lang='grc' dir='ltr'>(ο</span> <span class='ocrx_word' id='word_1_483' title='bbox 1475 3513 1766 3593; x_wconf 90' lang='lat' dir='ltr'><strong>dedecus)</strong></span> <span class='ocrx_word' id='word_1_484' title='bbox 1803 3513 2072 3594; x_wconf 64' lang='lat' dir='ltr'><strong>pecuniae</strong></span> 
     </span>
    </p>
   </div>
   <div class='ocr_carea' id='block_1_66' title="bbox 2161 3509 3762 3594">
    <p class='ocr_par' dir='ltr' id='par_1_66' title="bbox 2161 3512 3762 3594">
     <span class='ocr_line' id='line_1_66' title="bbox 2161 3512 3762 3594; baseline -0.003 -23"><span class='ocrx_word' id='word_1_485' title='bbox 2161 3515 2402 3592; x_wconf 68' lang='grc' dir='ltr'>άγοντος.</span> <span class='ocrx_word' id='word_1_486' title='bbox 2464 3513 2632 3572; x_wconf 75' lang='grc' dir='ltr'>Ἀλλὰ</span> <span class='ocrx_word' id='word_1_487' title='bbox 2660 3518 2759 3594; x_wconf 79' lang='grc' dir='ltr'>γὰρ</span> <span class='ocrx_word' id='word_1_488' title='bbox 2788 3514 2959 3573; x_wconf 86' lang='grc' dir='ltr'>δεινὸν</span> <span class='ocrx_word' id='word_1_489' title='bbox 2992 3517 3206 3580; x_wconf 77' lang='grc' dir='ltr'>πάντως</span> <span class='ocrx_word' id='word_1_490' title='bbox 3257 3515 3473 3594; x_wconf 82' lang='grc' dir='ltr'>καρδίαν</span> <span class='ocrx_word' id='word_1_491' title='bbox 3506 3512 3692 3580; x_wconf 79' lang='grc' dir='ltr'>πλῆξαι</span> <span class='ocrx_word' id='word_1_492' title='bbox 3716 3512 3762 3565; x_wconf 75' lang='grc' dir='ltr'>τὸ</span> 
     </span>
    </p>
   </div>
   <div class='ocr_carea' id='block_1_67' title="bbox 419 3599 2075 3682">
    <p class='ocr_par' dir='ltr' id='par_1_67' title="bbox 419 3599 2068 3682">
     <span class='ocr_line' id='line_1_67' title="bbox 419 3599 2068 3682; baseline 0.003 -22"><span class='ocrx_word' id='word_1_493' title='bbox 419 3599 638 3660; x_wconf 85' lang='lat' dir='ltr'><strong>ancilla</strong></span> <span class='ocrx_word' id='word_1_494' title='bbox 689 3599 1067 3680; x_wconf 85' lang='lat' dir='ltr'><strong>imperatrix.</strong></span> <span class='ocrx_word' id='word_1_495' title='bbox 1102 3599 1223 3664; x_wconf 90' lang='lat' dir='ltr'><strong>Sed</strong></span> <span class='ocrx_word' id='word_1_496' title='bbox 1255 3604 1417 3664; x_wconf 85' lang='lat' dir='ltr'><strong>enim</strong></span> <span class='ocrx_word' id='word_1_497' title='bbox 1483 3620 1691 3666; x_wconf 89' lang='lat' dir='ltr'><strong>revera</strong></span> <span class='ocrx_word' id='word_1_498' title='bbox 1723 3621 1966 3682; x_wconf 85' lang='lat' dir='ltr'><strong>magnas</strong></span> <span class='ocrx_word' id='word_1_499' title='bbox 1997 3605 2068 3665; x_wconf 90' lang='lat' dir='ltr'><strong>ad</strong></span> 
     </span>
    </p>
   </div>
   <div class='ocr_carea' id='block_1_68' title="bbox 2161 3599 3765 3682">
    <p class='ocr_par' dir='ltr' id='par_1_68' title="bbox 2161 3601 3765 3682">
     <span class='ocr_line' id='line_1_68' title="bbox 2161 3601 3765 3682; baseline -0.002 -23"><span class='ocrx_word' id='word_1_500' title='bbox 2161 3603 2410 3667; x_wconf 78' lang='grc' dir='ltr'>συνειδὸς·</span> <span class='ocrx_word' id='word_1_501' title='bbox 2457 3603 2590 3662; x_wconf 82' lang='grc' dir='ltr'>ὅπου</span> <span class='ocrx_word' id='word_1_502' title='bbox 2621 3625 2681 3682; x_wconf 84' lang='grc' dir='ltr'><strong>γε</strong></span> <span class='ocrx_word' id='word_1_503' title='bbox 2727 3605 2820 3662; x_wconf 68' lang='grc' dir='ltr'><strong>καί</strong></span> <span class='ocrx_word' id='word_1_504' title='bbox 2851 3605 3082 3680; x_wconf 83' lang='grc' dir='ltr'>μηδενὸς</span> <span class='ocrx_word' id='word_1_505' title='bbox 3119 3609 3225 3662; x_wconf 80' lang='grc' dir='ltr'>τῶν</span> <span class='ocrx_word' id='word_1_506' title='bbox 3259 3605 3437 3664; x_wconf 73' lang='grc' dir='ltr'>ἄλλων</span> <span class='ocrx_word' id='word_1_507' title='bbox 3485 3601 3765 3662; x_wconf 77' lang='grc' dir='ltr'>ὁποκινοῦν·</span> 
     </span>
    </p>
   </div>
   <div class='ocr_carea' id='block_1_69' title="bbox 417 3688 2070 3768">
    <p class='ocr_par' dir='ltr' id='par_1_69' title="bbox 417 3688 2070 3768">
     <span class='ocr_line' id='line_1_69' title="bbox 417 3688 2070 3768; baseline 0.004 -20"><span class='ocrx_word' id='word_1_508' title='bbox 417 3688 757 3750; x_wconf 87' lang='lat' dir='ltr'><strong>feriendum</strong></span> <span class='ocrx_word' id='word_1_509' title='bbox 807 3690 968 3752; x_wconf 86' lang='lat' dir='ltr'><strong>vires</strong></span> <span class='ocrx_word' id='word_1_510' title='bbox 1003 3691 1183 3753; x_wconf 86' lang='lat' dir='ltr'><strong>habet</strong></span> <span class='ocrx_word' id='word_1_511' title='bbox 1227 3693 1619 3768; x_wconf 89' lang='lat' dir='ltr'><strong>conscientia,</strong></span> <span class='ocrx_word' id='word_1_512' title='bbox 1657 3712 1790 3756; x_wconf 92' lang='lat' dir='ltr'><strong>cum</strong></span> <span class='ocrx_word' id='word_1_513' title='bbox 1836 3693 2070 3754; x_wconf 84' lang='lat' dir='ltr'><strong>etiamsi</strong></span> 
     </span>
    </p>
   </div>
   <div class='ocr_carea' id='block_1_70' title="bbox 421 3778 2068 3864">
    <p class='ocr_par' dir='ltr' id='par_1_70' title="bbox 421 3778 2068 3864">
     <span class='ocr_line' id='line_1_70' title="bbox 421 3778 2068 3864; baseline 0.005 -27"><span class='ocrx_word' id='word_1_514' title='bbox 421 3778 623 3839; x_wconf 91' lang='lat' dir='ltr'><strong>nullus</strong></span> <span class='ocrx_word' id='word_1_515' title='bbox 679 3778 838 3842; x_wconf 89' lang='lat' dir='ltr'><strong>alius</strong></span> <span class='ocrx_word' id='word_1_516' title='bbox 886 3790 1141 3853; x_wconf 87' lang='lat' dir='ltr'><strong>moveat,</strong></span> <span class='ocrx_word' id='word_1_517' title='bbox 1173 3781 1303 3862; x_wconf 90' lang='lat' dir='ltr'><strong>ipse</strong></span> <span class='ocrx_word' id='word_1_518' title='bbox 1357 3783 1602 3860; x_wconf 90' lang='lat' dir='ltr'><strong>quidem</strong></span> <span class='ocrx_word' id='word_1_519' title='bbox 1654 3783 2068 3864; x_wconf 87' lang='lat' dir='ltr'><strong>unusquisque</strong></span> 
     </span>
    </p>
   </div>
   <div class='ocr_carea' id='block_1_71' title="bbox 417 3869 2064 3953">
    <p class='ocr_par' dir='ltr' id='par_1_71' title="bbox 417 3869 2064 3953">
     <span class='ocr_line' id='line_1_71' title="bbox 417 3869 2064 3953; baseline 0.006 -27"><span class='ocrx_word' id='word_1_520' title='bbox 417 3885 526 3946; x_wconf 91' lang='lat' dir='ltr'><strong>per</strong></span> <span class='ocrx_word' id='word_1_521' title='bbox 549 3884 766 3941; x_wconf 88' lang='lat' dir='ltr'><strong>se,uon</strong></span> <span class='ocrx_word' id='word_1_522' title='bbox 795 3869 1094 3948; x_wconf 89' lang='lat' dir='ltr'><strong>possimus</strong></span> <span class='ocrx_word' id='word_1_523' title='bbox 1116 3872 1275 3934; x_wconf 87' lang='lat' dir='ltr'><strong>ferre</strong></span> <span class='ocrx_word' id='word_1_524' title='bbox 1307 3871 1470 3934; x_wconf 90' lang='lat' dir='ltr'><strong>illius</strong></span> <span class='ocrx_word' id='word_1_525' title='bbox 1496 3871 1720 3953; x_wconf 83' lang='lat' dir='ltr'><strong>plagas.</strong></span> <span class='ocrx_word' id='word_1_526' title='bbox 1754 3871 1890 3935; x_wconf 70' lang='lat' dir='ltr'><strong>Haec</strong></span> <span class='ocrx_word' id='word_1_527' title='bbox 1924 3891 2064 3953; x_wconf 91' lang='lat' dir='ltr'><strong>ergo</strong></span> 
     </span>
    </p>
   </div>
   <div class='ocr_carea' id='block_1_72' title="bbox 415 3958 2060 4035">
    <p class='ocr_par' dir='ltr' id='par_1_72' title="bbox 415 3958 2060 4035">
     <span class='ocr_line' id='line_1_72' title="bbox 415 3958 2060 4035; baseline 0.005 -21"><span class='ocrx_word' id='word_1_528' title='bbox 415 3968 532 4016; x_wconf 87' lang='lat' dir='ltr'><strong>tam</strong></span> <span class='ocrx_word' id='word_1_529' title='bbox 557 3958 766 4016; x_wconf 86' lang='lat' dir='ltr'><strong>misere</strong></span> <span class='ocrx_word' id='word_1_530' title='bbox 789 3958 1010 4030; x_wconf 68' lang='lat' dir='ltr'><strong>affecta,</strong></span> <span class='ocrx_word' id='word_1_531' title='bbox 1037 3977 1378 4021; x_wconf 90' lang='lat' dir='ltr'><strong>communes</strong></span> <span class='ocrx_word' id='word_1_532' title='bbox 1411 3965 1539 4023; x_wconf 84' lang='lat' dir='ltr'><strong>illas</strong></span> <span class='ocrx_word' id='word_1_533' title='bbox 1560 3965 2060 4035; x_wconf 88' lang='lat' dir='ltr'><strong>reprehensiones,</strong></span> 
     </span>
    </p>
   </div>
   <div class='ocr_carea' id='block_1_73' title="bbox 413 4041 2063 4132">
    <p class='ocr_par' dir='ltr' id='par_1_73' title="bbox 413 4041 2063 4132">
     <span class='ocr_line' id='line_1_73' title="bbox 413 4041 2063 4132; baseline 0.004 -27"><span class='ocrx_word' id='word_1_534' title='bbox 413 4041 505 4132; x_wconf 87' lang='lat' dir='ltr'><strong>sui</strong></span> <span class='ocrx_word' id='word_1_535' title='bbox 562 4063 698 4108; x_wconf 86' lang='lat' dir='ltr'><strong>esse</strong></span> <span class='ocrx_word' id='word_1_536' title='bbox 728 4045 940 4120; x_wconf 88' lang='lat' dir='ltr'><strong>solius,</strong></span> <span class='ocrx_word' id='word_1_537' title='bbox 977 4058 1044 4109; x_wconf 92' lang='lat' dir='ltr'><strong>ut</strong></span> <span class='ocrx_word' id='word_1_538' title='bbox 1067 4049 1192 4128; x_wconf 85' lang='lat' dir='ltr'><strong>jam</strong></span> <span class='ocrx_word' id='word_1_539' title='bbox 1228 4050 1512 4124; x_wconf 88' lang='lat' dir='ltr'><strong>diximus,</strong></span> <span class='ocrx_word' id='word_1_540' title='bbox 1551 4058 1607 4112; x_wconf 90' lang='lat' dir='ltr'><strong>et</strong></span> <span class='ocrx_word' id='word_1_541' title='bbox 1641 4068 1758 4111; x_wconf 88' lang='lat' dir='ltr'><strong>non</strong></span> <span class='ocrx_word' id='word_1_542' title='bbox 1805 4051 2063 4132; x_wconf 89' lang='lat' dir='ltr'><strong>alicujus</strong></span> 
     </span>
    </p>
   </div>
   <div class='ocr_carea' id='block_1_74' title="bbox 411 4131 2058 4220">
    <p class='ocr_par' dir='ltr' id='par_1_74' title="bbox 411 4131 2058 4220">
     <span class='ocr_line' id='line_1_74' title="bbox 411 4131 2058 4220; baseline 0.004 -27"><span class='ocrx_word' id='word_1_543' title='bbox 411 4131 686 4210; x_wconf 88' lang='lat' dir='ltr'><strong>alterius,</strong></span> <span class='ocrx_word' id='word_1_544' title='bbox 723 4152 858 4197; x_wconf 89' lang='lat' dir='ltr'><strong>esse</strong></span> <span class='ocrx_word' id='word_1_545' title='bbox 903 4137 1305 4201; x_wconf 85' lang='lat' dir='ltr'><strong>existimabat.</strong></span> <span class='ocrx_word' id='word_1_546' title='bbox 1341 4139 1578 4202; x_wconf 85' lang='lat' dir='ltr'><strong>Accidit</strong></span> <span class='ocrx_word' id='word_1_547' title='bbox 1601 4147 1801 4201; x_wconf 88' lang='lat' dir='ltr'><strong>autem</strong></span> <span class='ocrx_word' id='word_1_548' title='bbox 1836 4131 2058 4220; x_wconf 88' lang='lat' dir='ltr'><strong>aliquid</strong></span> 
     </span>
    </p>
   </div>
   <div class='ocr_carea' id='block_1_75' title="bbox 413 4224 2062 4309">
    <p class='ocr_par' dir='ltr' id='par_1_75' title="bbox 413 4224 2062 4309">
     <span class='ocr_line' id='line_1_75' title="bbox 413 4224 2062 4309; baseline 0.005 -25"><span class='ocrx_word' id='word_1_549' title='bbox 413 4224 736 4305; x_wconf 80' lang='lat' dir='ltr'><strong>ejusmodi,</strong></span> <span class='ocrx_word' id='word_1_550' title='bbox 771 4227 930 4306; x_wconf 90' lang='lat' dir='ltr'><strong>quod</strong></span> <span class='ocrx_word' id='word_1_551' title='bbox 979 4227 1033 4288; x_wconf 89' lang='lat' dir='ltr'><strong>ei</strong></span> <span class='ocrx_word' id='word_1_552' title='bbox 1067 4231 1372 4291; x_wconf 89' lang='lat' dir='ltr'><strong>materiam</strong></span> <span class='ocrx_word' id='word_1_553' title='bbox 1428 4229 1684 4309; x_wconf 79' lang='lat' dir='ltr'><strong>praebuit</strong></span> <span class='ocrx_word' id='word_1_554' title='bbox 1732 4231 2062 4292; x_wconf 88' lang='lat' dir='ltr'><strong>ulciscendi</strong></span> 
     </span>
    </p>
   </div>
   <div class='ocr_carea' id='block_1_76' title="bbox 412 4314 2062 4395">
    <p class='ocr_par' dir='ltr' id='par_1_76' title="bbox 412 4314 2062 4395">
     <span class='ocr_line' id='line_1_76' title="bbox 412 4314 2062 4395; baseline 0.005 -22"><span class='ocrx_word' id='word_1_555' title='bbox 412 4314 686 4391; x_wconf 89' lang='lat' dir='ltr'><strong>eum,qui</strong></span> <span class='ocrx_word' id='word_1_556' title='bbox 702 4316 1208 4395; x_wconf 86' lang='lat' dir='ltr'><strong>reprehendebat.</strong></span> <span class='ocrx_word' id='word_1_557' title='bbox 1248 4318 1310 4380; x_wconf 93' lang='lat' dir='ltr'><strong>ld</strong></span> <span class='ocrx_word' id='word_1_558' title='bbox 1335 4337 1476 4380; x_wconf 90' lang='lat' dir='ltr'><strong>vero</strong></span> <span class='ocrx_word' id='word_1_559' title='bbox 1508 4321 1594 4381; x_wconf 88' lang='lat' dir='ltr'><strong>sic</strong></span> <span class='ocrx_word' id='word_1_560' title='bbox 1619 4319 1900 4383; x_wconf 89' lang='lat' dir='ltr'><strong>habebat:</strong></span> <span class='ocrx_word' id='word_1_561' title='bbox 1936 4331 2062 4384; x_wconf 87' lang='lat' dir='ltr'><strong>erat</strong></span> 
     </span>
    </p>
   </div>
   <div class='ocr_carea' id='block_1_77' title="bbox 409 4401 2053 4489">
    <p class='ocr_par' dir='ltr' id='par_1_77' title="bbox 409 4401 2053 4489">
     <span class='ocr_line' id='line_1_77' title="bbox 409 4401 2053 4489; baseline 0.006 -27"><span class='ocrx_word' id='word_1_562' title='bbox 409 4401 502 4462; x_wconf 90' lang='lat' dir='ltr'><strong>vir</strong></span> <span class='ocrx_word' id='word_1_563' title='bbox 523 4403 766 4484; x_wconf 90' lang='lat' dir='ltr'><strong>quidam</strong></span> <span class='ocrx_word' id='word_1_564' title='bbox 797 4402 1598 4488; x_wconf 86' lang='lat' dir='ltr'><strong>Constantinopoli,nomiue</strong></span> <span class='ocrx_word' id='word_1_565' title='bbox 1615 4408 2053 4489; x_wconf 88' lang='lat' dir='ltr'><strong>Theodoricus,</strong></span> 
     </span>
    </p>
   </div>
   <div class='ocr_carea' id='block_1_78' title="bbox 409 4489 2054 4572">
    <p class='ocr_par' dir='ltr' id='par_1_78' title="bbox 409 4489 2054 4572">
     <span class='ocr_line' id='line_1_78' title="bbox 409 4489 2054 4572; baseline 0.009 -22"><span class='ocrx_word' id='word_1_566' title='bbox 409 4489 698 4570; x_wconf 84' lang='lat' dir='ltr'><strong>dignitate</strong></span> <span class='ocrx_word' id='word_1_567' title='bbox 730 4493 1268 4572; x_wconf 84' lang='lat' dir='ltr'><strong>patricius,divitiis</strong></span> <span class='ocrx_word' id='word_1_568' title='bbox 1291 4506 1489 4560; x_wconf 87' lang='lat' dir='ltr'><strong>autem</strong></span> <span class='ocrx_word' id='word_1_569' title='bbox 1525 4500 1694 4562; x_wconf 79' lang='lat' dir='ltr'><strong>valde</strong></span> <span class='ocrx_word' id='word_1_570' title='bbox 1715 4499 2054 4565; x_wconf 89' lang='lat' dir='ltr'><strong>abundans.</strong></span> 
     </span>
    </p>
   </div>
   <div class='ocr_carea' id='block_1_79' title="bbox 407 4579 2058 4662">
    <p class='ocr_par' dir='ltr' id='par_1_79' title="bbox 407 4579 2058 4662">
     <span class='ocr_line' id='line_1_79' title="bbox 407 4579 2058 4662; baseline 0.007 -21"><span class='ocrx_word' id='word_1_571' title='bbox 407 4579 553 4662; x_wconf 89' lang='lat' dir='ltr'><strong>Ejus</strong></span> <span class='ocrx_word' id='word_1_572' title='bbox 607 4601 751 4662; x_wconf 89' lang='lat' dir='ltr'><strong>ergo</strong></span> <span class='ocrx_word' id='word_1_573' title='bbox 782 4581 1018 4646; x_wconf 87' lang='lat' dir='ltr'><strong>divitias</strong></span> <span class='ocrx_word' id='word_1_574' title='bbox 1047 4585 1150 4647; x_wconf 90' lang='lat' dir='ltr'><strong>illa</strong></span> <span class='ocrx_word' id='word_1_575' title='bbox 1181 4586 1542 4650; x_wconf 83' lang='lat' dir='ltr'><strong>liberalibus</strong></span> <span class='ocrx_word' id='word_1_576' title='bbox 1592 4591 1779 4652; x_wconf 87' lang='lat' dir='ltr'><strong>oculis</strong></span> <span class='ocrx_word' id='word_1_577' title='bbox 1812 4610 1930 4652; x_wconf 90' lang='lat' dir='ltr'><strong>non</strong></span> <span class='ocrx_word' id='word_1_578' title='bbox 1964 4593 2058 4653; x_wconf 88' lang='lat' dir='ltr'><strong>in-</strong></span> 
     </span>
    </p>
   </div>
   <div class='ocr_carea' id='block_1_80' title="bbox 407 4677 2058 4762">
    <p class='ocr_par' dir='ltr' id='par_1_80' title="bbox 407 4677 2058 4762">
     <span class='ocr_line' id='line_1_80' title="bbox 407 4677 2058 4762; baseline 0.006 -30"><span class='ocrx_word' id='word_1_579' title='bbox 407 4680 842 4755; x_wconf 82' lang='lat' dir='ltr'><strong>tuens,easque</strong></span> <span class='ocrx_word' id='word_1_580' title='bbox 864 4693 1004 4737; x_wconf 90' lang='lat' dir='ltr'><strong>suas</strong></span> <span class='ocrx_word' id='word_1_581' title='bbox 1025 4677 1224 4740; x_wconf 85' lang='lat' dir='ltr'><strong>facere</strong></span> <span class='ocrx_word' id='word_1_582' title='bbox 1247 4678 1418 4740; x_wconf 89' lang='lat' dir='ltr'><strong>valde</strong></span> <span class='ocrx_word' id='word_1_583' title='bbox 1447 4681 1722 4760; x_wconf 83' lang='lat' dir='ltr'><strong>cupiens,</strong></span> <span class='ocrx_word' id='word_1_584' title='bbox 1750 4684 2058 4762; x_wconf 81' lang='lat' dir='ltr'><strong>quaerebat</strong></span> 
     </span>
    </p>
   </div>
   <div class='ocr_carea' id='block_1_81' title="bbox 405 4763 2050 4850">
    <p class='ocr_par' dir='ltr' id='par_1_81' title="bbox 405 4763 2050 4850">
     <span class='ocr_line' id='line_1_81' title="bbox 405 4763 2050 4850; baseline 0.007 -26"><span class='ocrx_word' id='word_1_585' title='bbox 405 4763 786 4846; x_wconf 92' lang='lat' dir='ltr'><strong>modum,per</strong></span> <span class='ocrx_word' id='word_1_586' title='bbox 800 4784 978 4846; x_wconf 91' lang='lat' dir='ltr'><strong>quem</strong></span> <span class='ocrx_word' id='word_1_587' title='bbox 994 4777 1196 4848; x_wconf 89' lang='lat' dir='ltr'><strong>posset</strong></span> <span class='ocrx_word' id='word_1_588' title='bbox 1218 4771 1457 4850; x_wconf 91' lang='lat' dir='ltr'><strong>assequi</strong></span> <span class='ocrx_word' id='word_1_589' title='bbox 1474 4771 1630 4850; x_wconf 87' lang='lat' dir='ltr'><strong>quod</strong></span> <span class='ocrx_word' id='word_1_590' title='bbox 1648 4771 2050 4836; x_wconf 89' lang='lat' dir='ltr'><strong>desiderabat.</strong></span> 
     </span>
    </p>
   </div>
   <div class='ocr_carea' id='block_1_82' title="bbox 404 4854 2121 4953">
    <p class='ocr_par' dir='ltr' id='par_1_82' title="bbox 404 4854 2121 4953">
     <span class='ocr_line' id='line_1_82' title="bbox 404 4854 2121 4953; baseline 0.006 -39"><span class='ocrx_word' id='word_1_591' title='bbox 404 4854 577 4953; x_wconf 73' lang='lat' dir='ltr'><strong>_Cum_</strong></span> <span class='ocrx_word' id='word_1_592' title='bbox 606 4873 674 4953; x_wconf 77' lang='lat' dir='ltr'><strong>ea</strong></span> <span class='ocrx_word' id='word_1_593' title='bbox 708 4866 909 4953; x_wconf 86' lang='lat' dir='ltr'><strong>autem</strong></span> <span class='ocrx_word' id='word_1_594' title='bbox 952 4856 1139 4953; x_wconf 76' lang='lat' dir='ltr'><strong>dubia</strong></span> <span class='ocrx_word' id='word_1_595' title='bbox 1159 4867 1327 4953; x_wconf 77' lang='lat' dir='ltr'><strong>esset</strong></span> <span class='ocrx_word' id='word_1_596' title='bbox 1356 4859 1690 4953; x_wconf 70' lang='lat' dir='ltr'><strong>anim_i_(_ille</strong></span> <span class='ocrx_word' id='word_1_597' title='bbox 1721 4861 2054 4953; x_wconf 8' lang='lat' dir='ltr'><strong>enimpnul-</strong></span> <span class='ocrx_word' id='word_1_598' title='bbox 2075 4902 2121 4953; x_wconf 73' lang='grc' dir='ltr'>ο</span> 
     </span>
    </p>
   </div>
   <div class='ocr_carea' id='block_1_83' title="bbox 399 4943 2051 5032">
    <p class='ocr_par' dir='ltr' id='par_1_83' title="bbox 399 4943 2051 5032">
     <span class='ocr_line' id='line_1_83' title="bbox 399 4943 2051 5032; baseline 0.006 -28"><span class='ocrx_word' id='word_1_599' title='bbox 399 4943 517 5005; x_wconf 87' lang='lat' dir='ltr'><strong>lam</strong></span> <span class='ocrx_word' id='word_1_600' title='bbox 545 4945 721 5007; x_wconf 91' lang='lat' dir='ltr'><strong>dabat</strong></span> <span class='ocrx_word' id='word_1_601' title='bbox 755 4949 1006 5024; x_wconf 82' lang='lat' dir='ltr'><strong>ansam),</strong></span> <span class='ocrx_word' id='word_1_602' title='bbox 1043 4948 1184 5028; x_wconf 89' lang='lat' dir='ltr'><strong>quid</strong></span> <span class='ocrx_word' id='word_1_603' title='bbox 1215 4947 1390 5010; x_wconf 84' lang='lat' dir='ltr'><strong>facit?</strong></span> <span class='ocrx_word' id='word_1_604' title='bbox 1423 4947 1776 5012; x_wconf 90' lang='lat' dir='ltr'><strong>Publicandi</strong></span> <span class='ocrx_word' id='word_1_605' title='bbox 1808 4951 2051 5032; x_wconf 91' lang='lat' dir='ltr'><strong>quidem</strong></span> 
     </span>
    </p>
   </div>
   <div class='ocr_carea' id='block_1_84' title="bbox 403 5033 2054 5117">
    <p class='ocr_par' dir='ltr' id='par_1_84' title="bbox 403 5033 2054 5117">
     <span class='ocr_line' id='line_1_84' title="bbox 403 5033 2054 5117; baseline 0.005 -23"><span class='ocrx_word' id='word_1_606' title='bbox 403 5034 534 5113; x_wconf 87' lang='lat' dir='ltr'><strong>ejus</strong></span> <span class='ocrx_word' id='word_1_607' title='bbox 566 5033 723 5096; x_wconf 90' lang='lat' dir='ltr'><strong>bona</strong></span> <span class='ocrx_word' id='word_1_608' title='bbox 754 5036 914 5117; x_wconf 87' lang='lat' dir='ltr'><strong>capit</strong></span> <span class='ocrx_word' id='word_1_609' title='bbox 935 5035 1293 5100; x_wconf 88' lang='lat' dir='ltr'><strong>consilium:</strong></span> <span class='ocrx_word' id='word_1_610' title='bbox 1329 5037 1435 5100; x_wconf 90' lang='lat' dir='ltr'><strong>sed</strong></span> <span class='ocrx_word' id='word_1_611' title='bbox 1469 5057 1606 5102; x_wconf 87' lang='lat' dir='ltr'><strong>cum</strong></span> <span class='ocrx_word' id='word_1_612' title='bbox 1641 5040 1755 5103; x_wconf 89' lang='lat' dir='ltr'><strong>hoc</strong></span> <span class='ocrx_word' id='word_1_613' title='bbox 1787 5041 2054 5106; x_wconf 90' lang='lat' dir='ltr'><strong>studeret</strong></span> 
     </span>
    </p>
   </div>
   <div class='ocr_carea' id='block_1_85' title="bbox 397 5123 2048 5212">
    <p class='ocr_par' dir='ltr' id='par_1_85' title="bbox 397 5123 2048 5212">
     <span class='ocr_line' id='line_1_85' title="bbox 397 5123 2048 5212; baseline 0.008 -26"><span class='ocrx_word' id='word_1_614' title='bbox 397 5123 601 5188; x_wconf 91' lang='lat' dir='ltr'><strong>facere</strong></span> <span class='ocrx_word' id='word_1_615' title='bbox 652 5146 770 5189; x_wconf 91' lang='lat' dir='ltr'><strong>non</strong></span> <span class='ocrx_word' id='word_1_616' title='bbox 805 5136 1034 5209; x_wconf 91' lang='lat' dir='ltr'><strong>aperte,</strong></span> <span class='ocrx_word' id='word_1_617' title='bbox 1071 5128 1371 5209; x_wconf 83' lang='lat' dir='ltr'><strong>signiﬁcat</strong></span> <span class='ocrx_word' id='word_1_618' title='bbox 1422 5130 1504 5209; x_wconf 92' lang='lat' dir='ltr'><strong>ei,</strong></span> <span class='ocrx_word' id='word_1_619' title='bbox 1540 5131 1646 5211; x_wconf 91' lang='lat' dir='ltr'><strong>qui</strong></span> <span class='ocrx_word' id='word_1_620' title='bbox 1680 5133 2048 5212; x_wconf 89' lang='lat' dir='ltr'><strong>possidebat.</strong></span> 
     </span>
    </p>
   </div>
   <div class='ocr_carea' id='block_1_86' title="bbox 473 5344 1003 5428">
    <p class='ocr_par' dir='ltr' id='par_1_86' title="bbox 473 5344 1003 5428">
     <span class='ocr_line' id='line_1_86' title="bbox 473 5344 1003 5428; baseline 0 -20"><span class='ocrx_word' id='word_1_621' title='bbox 473 5344 532 5397; x_wconf 74' lang='grc' dir='ltr'><strong>³ο</strong></span> <span class='ocrx_word' id='word_1_622' title='bbox 563 5347 586 5408; x_wconf 97' lang='lat' dir='ltr'><strong>l</strong></span> <span class='ocrx_word' id='word_1_623' title='bbox 615 5345 770 5410; x_wconf 91' lang='lat' dir='ltr'><strong>Tim.</strong></span> <span class='ocrx_word' id='word_1_624' title='bbox 806 5364 868 5428; x_wconf 87' lang='lat' dir='ltr'><strong>v,</strong></span> <span class='ocrx_word' id='word_1_625' title='bbox 903 5348 1003 5409; x_wconf 73' lang='grc'><strong>22.</strong></span> 
     </span>
    </p>
   </div>
   <div class='ocr_carea' id='block_1_87' title="bbox 473 5553 1504 5626">
    <p class='ocr_par' dir='ltr' id='par_1_87' title="bbox 473 5553 1504 5626">
     <span class='ocr_line' id='line_1_87' title="bbox 473 5553 1504 5626; baseline 0.013 -14"><span class='ocrx_word' id='word_1_626' title='bbox 473 5553 587 5626; x_wconf 78' lang='grc'><strong>(16)</strong></span> <span class='ocrx_word' id='word_1_627' title='bbox 620 5554 712 5616; x_wconf 80' lang='lat' dir='ltr'><strong>Al.</strong></span> <span class='ocrx_word' id='word_1_628' title='bbox 745 5555 1504 5626; x_wconf 71' lang='lat' dir='ltr'><strong>Tessareskaeclodecatitae.</strong></span> 
     </span>
    </p>
   </div>
   <div class='ocr_carea' id='block_1_88' title="bbox 2153 3693 3762 3776">
    <p class='ocr_par' dir='ltr' id='par_1_88' title="bbox 2153 3693 3762 3776">
     <span class='ocr_line' id='line_1_88' title="bbox 2153 3693 3762 3776; baseline -0.002 -25"><span class='ocrx_word' id='word_1_629' title='bbox 2153 3716 2266 3769; x_wconf 89' lang='grc' dir='ltr'>τος,</span> <span class='ocrx_word' id='word_1_630' title='bbox 2301 3693 2457 3757; x_wconf 81' lang='grc' dir='ltr'>αὐτός</span> <span class='ocrx_word' id='word_1_631' title='bbox 2489 3714 2549 3771; x_wconf 89' lang='grc' dir='ltr'><strong>γε</strong></span> <span class='ocrx_word' id='word_1_632' title='bbox 2597 3693 2714 3750; x_wconf 87' lang='grc' dir='ltr'>καθ’</span> <span class='ocrx_word' id='word_1_633' title='bbox 2747 3696 2933 3752; x_wconf 74' lang='grc' dir='ltr'>ἑαυτὸν</span> <span class='ocrx_word' id='word_1_634' title='bbox 2981 3695 3208 3760; x_wconf 76' lang='grc' dir='ltr'>ἕκαστος</span> <span class='ocrx_word' id='word_1_635' title='bbox 3241 3699 3343 3776; x_wconf 68' lang='grc' dir='ltr'><strong>οὐχ</strong></span> <span class='ocrx_word' id='word_1_636' title='bbox 3395 3699 3507 3755; x_wconf 82' lang='grc' dir='ltr'>οἷοὶ</span> <span class='ocrx_word' id='word_1_637' title='bbox 3539 3695 3591 3751; x_wconf 77' lang='grc' dir='ltr'>τέ</span> <span class='ocrx_word' id='word_1_638' title='bbox 3632 3693 3762 3766; x_wconf 76' lang='grc' dir='ltr'>ἐσμεν</span> 
     </span>
    </p>
   </div>
   <div class='ocr_carea' id='block_1_89' title="bbox 2151 3779 3759 3864">
    <p class='ocr_par' dir='ltr' id='par_1_89' title="bbox 2151 3779 3759 3864">
     <span class='ocr_line' id='line_1_89' title="bbox 2151 3779 3759 3864; baseline 0 -24"><span class='ocrx_word' id='word_1_639' title='bbox 2151 3785 2240 3846; x_wconf 76' lang='grc' dir='ltr'>τὰς</span> <span class='ocrx_word' id='word_1_640' title='bbox 2305 3785 2464 3840; x_wconf 74' lang='grc' dir='ltr'>αὑτοῦ</span> <span class='ocrx_word' id='word_1_641' title='bbox 2517 3783 2782 3862; x_wconf 85' lang='grc' dir='ltr'>μάστιγας</span> <span class='ocrx_word' id='word_1_642' title='bbox 2843 3783 3166 3864; x_wconf 78' lang='grc' dir='ltr'>διαφεύγειν.</span> <span class='ocrx_word' id='word_1_643' title='bbox 3231 3786 3372 3854; x_wconf 63' lang='grc' dir='ltr'>Αὕτη</span> <span class='ocrx_word' id='word_1_644' title='bbox 3416 3789 3587 3844; x_wconf 82' lang='grc' dir='ltr'>τοίνυν</span> <span class='ocrx_word' id='word_1_645' title='bbox 3627 3779 3759 3840; x_wconf 70' lang='grc' dir='ltr'>οὕτως</span> 
     </span>
    </p>
   </div>
   <div class='ocr_carea' id='block_1_90' title="bbox 2150 3872 3754 3954">
    <p class='ocr_par' dir='ltr' id='par_1_90' title="bbox 2150 3872 3754 3954">
     <span class='ocr_line' id='line_1_90' title="bbox 2150 3872 3754 3954; baseline 0.004 -26"><span class='ocrx_word' id='word_1_646' title='bbox 2150 3872 2340 3936; x_wconf 74' lang='grc' dir='ltr'>ἀθλίως</span> <span class='ocrx_word' id='word_1_647' title='bbox 2408 3875 2496 3930; x_wconf 79' lang='grc' dir='ltr'>καὶ</span> <span class='ocrx_word' id='word_1_648' title='bbox 2543 3872 2802 3952; x_wconf 78' lang='grc' dir='ltr'>χαλεπῶς</span> <span class='ocrx_word' id='word_1_649' title='bbox 2863 3874 3088 3954; x_wconf 77' lang='grc' dir='ltr'>ἔχουσα,</span> <span class='ocrx_word' id='word_1_650' title='bbox 3123 3877 3243 3942; x_wconf 83' lang='grc' dir='ltr'>τοὺς</span> <span class='ocrx_word' id='word_1_651' title='bbox 3279 3875 3486 3938; x_wconf 72' lang='grc' dir='ltr'>κοινοὺς</span> <span class='ocrx_word' id='word_1_652' title='bbox 3537 3873 3754 3951; x_wconf 67' lang='grc' dir='ltr'>ἔλεγχοος</span> 
     </span>
    </p>
   </div>
   <div class='ocr_carea' id='block_1_91' title="bbox 2150 3958 3756 4042">
    <p class='ocr_par' dir='ltr' id='par_1_91' title="bbox 2150 3958 3756 4042">
     <span class='ocr_line' id='line_1_91' title="bbox 2150 3958 3756 4042; baseline -0.001 -22"><span class='ocrx_word' id='word_1_653' title='bbox 2150 3965 2237 4020; x_wconf 81' lang='grc' dir='ltr'><strong>καὶ</strong></span> <span class='ocrx_word' id='word_1_654' title='bbox 2294 3963 2673 4042; x_wconf 81' lang='grc' dir='ltr'>ἁπροσώπους,</span> <span class='ocrx_word' id='word_1_655' title='bbox 2727 3967 2890 4031; x_wconf 77' lang='grc' dir='ltr'>αὐτῆς</span> <span class='ocrx_word' id='word_1_656' title='bbox 2938 3965 3083 4022; x_wconf 84' lang='grc' dir='ltr'>εἶναι</span> <span class='ocrx_word' id='word_1_657' title='bbox 3107 3965 3280 4040; x_wconf 86' lang='grc' dir='ltr'>μόνης</span> <span class='ocrx_word' id='word_1_658' title='bbox 3325 3966 3419 4022; x_wconf 76' lang='grc' dir='ltr'>καῖ</span> <span class='ocrx_word' id='word_1_659' title='bbox 3485 3966 3575 4022; x_wconf 69' lang='grc' dir='ltr'><strong>οὐκ</strong></span> <span class='ocrx_word' id='word_1_660' title='bbox 3627 3958 3756 4016; x_wconf 68' lang='grc' dir='ltr'>ἄλλον</span> 
     </span>
    </p>
   </div>
   <div class='ocr_carea' id='block_1_92' title="bbox 2147 4048 3751 4128">
    <p class='ocr_par' dir='ltr' id='par_1_92' title="bbox 2147 4048 3751 4128">
     <span class='ocr_line' id='line_1_92' title="bbox 2147 4048 3751 4128; baseline 0.001 -19"><span class='ocrx_word' id='word_1_661' title='bbox 2147 4075 2242 4110; x_wconf 90' lang='grc' dir='ltr'><strong>του</strong></span> <span class='ocrx_word' id='word_1_662' title='bbox 2300 4050 2660 4126; x_wconf 72' lang='grc' dir='ltr'>ὑπελάμϐανε.</span> <span class='ocrx_word' id='word_1_663' title='bbox 2723 4051 2937 4128; x_wconf 78' lang='grc' dir='ltr'>Συμϐἆν</span> <span class='ocrx_word' id='word_1_664' title='bbox 3009 4053 3065 4110; x_wconf 69' lang='grc' dir='ltr'>δέ</span> <span class='ocrx_word' id='word_1_665' title='bbox 3126 4077 3177 4111; x_wconf 89' lang='grc' dir='ltr'><strong>τι</strong></span> <span class='ocrx_word' id='word_1_666' title='bbox 3222 4058 3464 4113; x_wconf 76' lang='grc' dir='ltr'>τοιοῦτον</span> <span class='ocrx_word' id='word_1_667' title='bbox 3521 4056 3600 4110; x_wconf 87' lang='grc' dir='ltr'>καὶ</span> <span class='ocrx_word' id='word_1_668' title='bbox 3645 4048 3751 4111; x_wconf 76' lang='grc' dir='ltr'><strong>ὓλην</strong></span> 
     </span>
    </p>
   </div>
   <div class='ocr_carea' id='block_1_93' title="bbox 2150 4143 3746 4221">
    <p class='ocr_par' dir='ltr' id='par_1_93' title="bbox 2150 4143 3746 4221">
     <span class='ocr_line' id='line_1_93' title="bbox 2150 4143 3746 4221; baseline -0.002 -23"><span class='ocrx_word' id='word_1_669' title='bbox 2150 4147 2284 4220; x_wconf 75' lang='grc' dir='ltr'><strong>αὒτῇ</strong></span> <span class='ocrx_word' id='word_1_670' title='bbox 2355 4143 2665 4221; x_wconf 70' lang='grc' dir='ltr'>παρέσχεν,</span> <span class='ocrx_word' id='word_1_671' title='bbox 2743 4143 2882 4199; x_wconf 82' lang='grc' dir='ltr'>ὥστε</span> <span class='ocrx_word' id='word_1_672' title='bbox 2946 4144 3242 4219; x_wconf 80' lang='grc' dir='ltr'>ἀμύνασθαι</span> <span class='ocrx_word' id='word_1_673' title='bbox 3317 4147 3410 4200; x_wconf 86' lang='grc' dir='ltr'>τὸν</span> <span class='ocrx_word' id='word_1_674' title='bbox 3474 4143 3746 4218; x_wconf 56' lang='grc' dir='ltr'>ἐλέγχοντΐ</span> 
     </span>
    </p>
   </div>
   <div class='ocr_carea' id='block_1_94' title="bbox 2148 4233 3738 4309">
    <p class='ocr_par' dir='ltr' id='par_1_94' title="bbox 2148 4233 3738 4309">
     <span class='ocr_line' id='line_1_94' title="bbox 2148 4233 3738 4309; baseline -0.007 -17"><span class='ocrx_word' id='word_1_675' title='bbox 2148 4236 2318 4309; x_wconf 67' lang='grc' dir='ltr'>Ἀνήρ</span> <span class='ocrx_word' id='word_1_676' title='bbox 2360 4257 2438 4298; x_wconf 89' lang='grc' dir='ltr'><strong>τις</strong></span> <span class='ocrx_word' id='word_1_677' title='bbox 2497 4233 2562 4300; x_wconf 74' lang='grc' dir='ltr'>ἦν</span> <span class='ocrx_word' id='word_1_678' title='bbox 2620 4234 2672 4291; x_wconf 68' lang='grc' dir='ltr'>ἕν</span> <span class='ocrx_word' id='word_1_679' title='bbox 2741 4235 2810 4302; x_wconf 82' lang='grc' dir='ltr'>τῆ</span> <span class='ocrx_word' id='word_1_680' title='bbox 2888 4239 3282 4294; x_wconf 82' lang='grc' dir='ltr'>Κωνσταντίνου</span> <span class='ocrx_word' id='word_1_681' title='bbox 3339 4237 3438 4304; x_wconf 76' lang='grc' dir='ltr'>τὴν</span> <span class='ocrx_word' id='word_1_682' title='bbox 3469 4234 3601 4300; x_wconf 77' lang='grc' dir='ltr'>ἀξίαν</span> <span class='ocrx_word' id='word_1_683' title='bbox 3656 4249 3738 4283; x_wconf 82' lang='grc' dir='ltr'>τια-</span> 
     </span>
    </p>
   </div>
   <div class='ocr_carea' id='block_1_95' title="bbox 2145 4323 3736 4406">
    <p class='ocr_par' dir='ltr' id='par_1_95' title="bbox 2145 4323 3736 4406">
     <span class='ocr_line' id='line_1_95' title="bbox 2145 4323 3736 4406; baseline -0.007 -25"><span class='ocrx_word' id='word_1_684' title='bbox 2145 4327 2368 4403; x_wconf 88' lang='grc' dir='ltr'>τρίκιος,</span> <span class='ocrx_word' id='word_1_685' title='bbox 2427 4323 2656 4400; x_wconf 75' lang='grc' dir='ltr'>τοῦνομα</span> <span class='ocrx_word' id='word_1_686' title='bbox 2717 4323 3036 4406; x_wconf 83' lang='grc' dir='ltr'>Θεοδέριχος</span> <span class='ocrx_word' id='word_1_687' title='bbox 3065 4375 3080 4400; x_wconf 94' lang='grc'><strong>,</strong></span> <span class='ocrx_word' id='word_1_688' title='bbox 3145 4325 3376 4383; x_wconf 83' lang='grc' dir='ltr'>πλούτου</span> <span class='ocrx_word' id='word_1_689' title='bbox 3440 4323 3736 4402; x_wconf 78' lang='grc' dir='ltr'>περιττότατι</span> 
     </span>
    </p>
   </div>
   <div class='ocr_carea' id='block_1_96' title="bbox 2143 4413 3720 4495">
    <p class='ocr_par' dir='ltr' id='par_1_96' title="bbox 2143 4413 3720 4495">
     <span class='ocr_line' id='line_1_96' title="bbox 2143 4413 3720 4495; baseline -0.002 -24"><span class='ocrx_word' id='word_1_690' title='bbox 2143 4417 2311 4495; x_wconf 72' lang='grc' dir='ltr'>ἔχων.</span> <span class='ocrx_word' id='word_1_691' title='bbox 2385 4417 2582 4473; x_wconf 85' lang='grc' dir='ltr'>Τούτου</span> <span class='ocrx_word' id='word_1_692' title='bbox 2633 4423 2909 4493; x_wconf 81' lang='grc' dir='ltr'>τοιγαροῦν</span> <span class='ocrx_word' id='word_1_693' title='bbox 2963 4419 3054 4474; x_wconf 84' lang='grc' dir='ltr'><strong>τὸν</strong></span> <span class='ocrx_word' id='word_1_694' title='bbox 3111 4416 3338 4474; x_wconf 78' lang='grc' dir='ltr'>πλοῦτον</span> <span class='ocrx_word' id='word_1_695' title='bbox 3381 4416 3478 4472; x_wconf 75' lang='grc' dir='ltr'><strong>οὐκ</strong></span> <span class='ocrx_word' id='word_1_696' title='bbox 3544 4413 3720 4490; x_wconf 66' lang='grc' dir='ltr'>ἀγαθοῖς</span> 
     </span>
    </p>
   </div>
   <div class='ocr_carea' id='block_1_97' title="bbox 2141 4502 3718 4587">
    <p class='ocr_par' dir='ltr' id='par_1_97' title="bbox 2141 4502 3718 4587">
     <span class='ocr_line' id='line_1_97' title="bbox 2141 4502 3718 4587; baseline -0.005 -27"><span class='ocrx_word' id='word_1_697' title='bbox 2141 4503 2378 4580; x_wconf 77' lang='grc' dir='ltr'>ὄμμασιν</span> <span class='ocrx_word' id='word_1_698' title='bbox 2462 4504 2638 4571; x_wconf 78' lang='grc' dir='ltr'>ἐκείνη</span> <span class='ocrx_word' id='word_1_699' title='bbox 2704 4505 3009 4580; x_wconf 79' lang='grc' dir='ltr'>Θεασαμένη</span> <span class='ocrx_word' id='word_1_700' title='bbox 3041 4553 3056 4581; x_wconf 94' lang='grc'><strong>,</strong></span> <span class='ocrx_word' id='word_1_701' title='bbox 3129 4509 3226 4560; x_wconf 65' lang='grc' dir='ltr'>καὶ</span> <span class='ocrx_word' id='word_1_702' title='bbox 3301 4506 3498 4570; x_wconf 71' lang='grc' dir='ltr'>ἑαυτῆς</span> <span class='ocrx_word' id='word_1_703' title='bbox 3561 4502 3718 4587; x_wconf 45' lang='lat' dir='ltr'><strong>norica-1</strong></span> 
     </span>
    </p>
   </div>
   <div class='ocr_carea' id='block_1_98' title="bbox 2143 4583 3711 4674">
    <p class='ocr_par' dir='ltr' id='par_1_98' title="bbox 2143 4583 3711 4674">
     <span class='ocr_line' id='line_1_98' title="bbox 2143 4583 3711 4674; baseline -0.01 -23"><span class='ocrx_word' id='word_1_704' title='bbox 2143 4593 2338 4671; x_wconf 80' lang='grc' dir='ltr'>κομιδῇ</span> <span class='ocrx_word' id='word_1_705' title='bbox 2399 4593 2729 4674; x_wconf 84' lang='grc' dir='ltr'>γλιχομένη,</span> <span class='ocrx_word' id='word_1_706' title='bbox 2791 4595 2987 4673; x_wconf 86' lang='grc' dir='ltr'>τρόπον</span> <span class='ocrx_word' id='word_1_707' title='bbox 3059 4595 3260 4670; x_wconf 66' lang='grc' dir='ltr'>ἐζήτει,</span> <span class='ocrx_word' id='word_1_708' title='bbox 3322 4593 3392 4649; x_wconf 80' lang='grc' dir='ltr'>δι’</span> <span class='ocrx_word' id='word_1_709' title='bbox 3451 4595 3590 4660; x_wconf 69' lang='grc' dir='ltr'>οὗπερ</span> <span class='ocrx_word' id='word_1_710' title='bbox 3618 4583 3711 4674; x_wconf 66' lang='grc' dir='ltr'>αὐτῆ</span> 
     </span>
    </p>
   </div>
   <div class='ocr_carea' id='block_1_99' title="bbox 2141 4670 3714 4762">
    <p class='ocr_par' dir='ltr' id='par_1_99' title="bbox 2141 4670 3714 4762">
     <span class='ocr_line' id='line_1_99' title="bbox 2141 4670 3714 4762; baseline 0.001 -23"><span class='ocrx_word' id='word_1_711' title='bbox 2141 4685 2348 4762; x_wconf 80' lang='grc' dir='ltr'>γένοιτο</span> <span class='ocrx_word' id='word_1_712' title='bbox 2393 4685 2453 4740; x_wconf 79' lang='grc' dir='ltr'>τὸ</span> <span class='ocrx_word' id='word_1_713' title='bbox 2497 4683 2921 4759; x_wconf 69' lang='grc' dir='ltr'>σπουδαζόμενον</span> <span class='ocrx_word' id='word_1_714' title='bbox 2967 4683 3226 4742; x_wconf 77' lang='grc' dir='ltr'>διανῦσαι.</span> <span class='ocrx_word' id='word_1_715' title='bbox 3277 4683 3426 4742; x_wconf 83' lang='grc' dir='ltr'>Ἐπεὶ</span> <span class='ocrx_word' id='word_1_716' title='bbox 3474 4682 3529 4740; x_wconf 82' lang='grc' dir='ltr'>δὲ</span> <span class='ocrx_word' id='word_1_717' title='bbox 3576 4670 3714 4741; x_wconf 63' lang='grc' dir='ltr'>διτιπδ⁶</span> 
     </span>
    </p>
   </div>
   <div class='ocr_carea' id='block_1_100' title="bbox 2141 4771 3718 4854">
    <p class='ocr_par' dir='ltr' id='par_1_100' title="bbox 2141 4771 3718 4854">
     <span class='ocr_line' id='line_1_100' title="bbox 2141 4771 3718 4854; baseline -0.015 -15"><span class='ocrx_word' id='word_1_718' title='bbox 2141 4795 2216 4852; x_wconf 82' lang='grc' dir='ltr'><strong>ρει</strong></span> <span class='ocrx_word' id='word_1_719' title='bbox 2275 4773 2386 4853; x_wconf 80' lang='grc' dir='ltr'>(καὶ</span> <span class='ocrx_word' id='word_1_720' title='bbox 2418 4775 2517 4852; x_wconf 80' lang='grc' dir='ltr'>γὰρ</span> <span class='ocrx_word' id='word_1_721' title='bbox 2571 4773 2778 4838; x_wconf 67' lang='grc' dir='ltr'>ἐκεῖνος</span> <span class='ocrx_word' id='word_1_722' title='bbox 2809 4774 3056 4850; x_wconf 75' lang='grc' dir='ltr'>οὐδεμίαν</span> <span class='ocrx_word' id='word_1_723' title='bbox 3108 4771 3274 4831; x_wconf 81' lang='grc' dir='ltr'>ἐδίδου</span> <span class='ocrx_word' id='word_1_724' title='bbox 3305 4772 3524 4854; x_wconf 75' lang='grc' dir='ltr'>λαϐὴν),</span> <span class='ocrx_word' id='word_1_725' title='bbox 3554 4774 3594 4826; x_wconf 84' lang='grc' dir='ltr'><strong>τί</strong></span> <span class='ocrx_word' id='word_1_726' title='bbox 3634 4783 3718 4819; x_wconf 79' lang='grc' dir='ltr'>ποι-</span> 
     </span>
    </p>
   </div>
   <div class='ocr_carea' id='block_1_101' title="bbox 2140 4858 3721 4942">
    <p class='ocr_par' dir='ltr' id='par_1_101' title="bbox 2140 4858 3721 4942">
     <span class='ocr_line' id='line_1_101' title="bbox 2140 4858 3721 4942; baseline -0.003 -23"><span class='ocrx_word' id='word_1_727' title='bbox 2140 4877 2238 4936; x_wconf 83' lang='grc' dir='ltr'><strong>εϊ;</strong></span> <span class='ocrx_word' id='word_1_728' title='bbox 2315 4867 2400 4919; x_wconf 70' lang='grc' dir='ltr'>καὶ</span> <span class='ocrx_word' id='word_1_729' title='bbox 2460 4865 2576 4919; x_wconf 84' lang='grc' dir='ltr'>τίνα</span> <span class='ocrx_word' id='word_1_730' title='bbox 2635 4862 2832 4942; x_wconf 82' lang='grc' dir='ltr'>τρόπον</span> <span class='ocrx_word' id='word_1_731' title='bbox 2888 4863 3210 4937; x_wconf 73' lang='grc' dir='ltr'>ἐπιτηδεύει,</span> <span class='ocrx_word' id='word_1_732' title='bbox 3271 4863 3372 4930; x_wconf 77' lang='grc' dir='ltr'>τὴν</span> <span class='ocrx_word' id='word_1_733' title='bbox 3442 4863 3601 4920; x_wconf 72' lang='grc' dir='ltr'>ὠσίαν</span> <span class='ocrx_word' id='word_1_734' title='bbox 3655 4858 3721 4907; x_wconf 71' lang='grc' dir='ltr'>τοῦ</span> 
     </span>
    </p>
   </div>
   <div class='ocr_carea' id='block_1_102' title="bbox 2139 4951 3715 5032">
    <p class='ocr_par' dir='ltr' id='par_1_102' title="bbox 2139 4951 3715 5032">
     <span class='ocr_line' id='line_1_102' title="bbox 2139 4951 3715 5032; baseline -0.003 -23"><span class='ocrx_word' id='word_1_735' title='bbox 2139 4954 2320 5032; x_wconf 73' lang='grc' dir='ltr'>ἀνδρὸς</span> <span class='ocrx_word' id='word_1_736' title='bbox 2387 4951 2648 5029; x_wconf 78' lang='grc' dir='ltr'>δημεῦσαι</span> <span class='ocrx_word' id='word_1_737' title='bbox 2708 4953 3119 5029; x_wconf 80' lang='grc' dir='ltr'>σπουδάζουσα;</span> <span class='ocrx_word' id='word_1_738' title='bbox 3175 4959 3422 5032; x_wconf 75' lang='grc' dir='ltr'>Φανερῶς</span> <span class='ocrx_word' id='word_1_739' title='bbox 3481 4954 3604 5022; x_wconf 75' lang='grc' dir='ltr'><strong>αὗτῷ</strong></span> <span class='ocrx_word' id='word_1_740' title='bbox 3635 4963 3715 5020; x_wconf 68' lang='grc' dir='ltr'><strong>μὴ’</strong></span> 
     </span>
    </p>
   </div>
   <div class='ocr_carea' id='block_1_103' title="bbox 2137 5034 3720 5123">
    <p class='ocr_par' dir='ltr' id='par_1_103' title="bbox 2137 5034 3720 5123">
     <span class='ocr_line' id='line_1_103' title="bbox 2137 5034 3720 5123; baseline -0.009 -17"><span class='ocrx_word' id='word_1_741' title='bbox 2137 5045 2244 5100; x_wconf 83' lang='grc' dir='ltr'>νύει</span> <span class='ocrx_word' id='word_1_742' title='bbox 2307 5045 2566 5123; x_wconf 73' lang='grc' dir='ltr'>χρήματα</span> <span class='ocrx_word' id='word_1_743' title='bbox 2598 5051 2675 5118; x_wconf 82' lang='grc' dir='ltr'><strong>τῷ</strong></span> <span class='ocrx_word' id='word_1_744' title='bbox 2721 5051 2884 5117; x_wconf 86' lang='grc' dir='ltr'>κοινῷ</span> <span class='ocrx_word' id='word_1_745' title='bbox 2914 5044 3154 5100; x_wconf 74' lang='grc' dir='ltr'>δανεῖσαι</span> <span class='ocrx_word' id='word_1_746' title='bbox 3209 5045 3342 5118; x_wconf 75' lang='grc' dir='ltr'>πρὸς</span> <span class='ocrx_word' id='word_1_747' title='bbox 3372 5034 3720 5123; x_wconf 40' lang='grc' dir='ltr'>χρείανιαῦτῶν</span> 
     </span>
    </p>
   </div>
   <div class='ocr_carea' id='block_1_104' title="bbox 2136 5124 3714 5214">
    <p class='ocr_par' dir='ltr' id='par_1_104' title="bbox 2136 5124 3714 5214">
     <span class='ocr_line' id='line_1_104' title="bbox 2136 5124 3714 5214; baseline -0.006 -23"><span class='ocrx_word' id='word_1_748' title='bbox 2136 5138 2322 5204; x_wconf 71' lang='grc' dir='ltr'>ἥκοντι</span> <span class='ocrx_word' id='word_1_749' title='bbox 2359 5135 2494 5190; x_wconf 81' lang='grc' dir='ltr'>κατὰ</span> <span class='ocrx_word' id='word_1_750' title='bbox 2536 5133 2738 5199; x_wconf 79' lang='grc' dir='ltr'>πολλὰς</span> <span class='ocrx_word' id='word_1_751' title='bbox 2772 5132 2909 5214; x_wconf 82' lang='grc' dir='ltr'>ἄρτι,</span> <span class='ocrx_word' id='word_1_752' title='bbox 2943 5135 3097 5214; x_wconf 75' lang='grc' dir='ltr'>φησὶ,</span> <span class='ocrx_word' id='word_1_753' title='bbox 3130 5131 3227 5196; x_wconf 80' lang='grc' dir='ltr'>τὰς</span> <span class='ocrx_word' id='word_1_754' title='bbox 3258 5131 3550 5199; x_wconf 82' lang='grc' dir='ltr'>κινηθείσας</span> <span class='ocrx_word' id='word_1_755' title='bbox 3572 5124 3714 5183; x_wconf 65' lang='lat' dir='ltr'><strong>uittat-</strong></span> 
     </span>
    </p>
   </div>
  </div>
