3996 6178
171 343 345 408 1133
1249 344 1433 406 VlTA
1478 344 1538 405 S.
1592 344 1819 407 JOANI‘

1906 346 1914 402 ι
1951 343 2506 408 CHRYSOSTOMI.
3401 351 3548 415 1134

156 484 403 557 τρόπον,
449 477 568 534 ἀλλ’
629 477 873 556 ἐλευθέρᾳ
935 477 1128 556 γνώμῃ
1177 479 1270 534 καί
1333 481 1679 554 μισοπονήρῳ
1734 481 1819 541 τῆι

1918 485 2047 537 erat
2099 488 2411 558 promptus
2462 477 2533 539 ad
2595 496 2697 539 eos
2751 477 3186 554 defendendos,
3237 481 3338 560 qui
3396 486 3555 562 passi

155 570 430 646 γυναικὸς
495 569 910 644 προϊστάμενος.
971 570 1166 626 Τούτου
1223 567 1274 623 δὲ
1331 569 1430 635 τὴν
1481 575 1586 624 τῶν
1642 567 1819 622 ἐκατὸι

1912 565 2149 627 fuerant
2196 567 2505 646 injuriam,
2539 585 2714 646 quam
2761 566 3032 629 Eudoxia
3061 568 3132 629 ad
3182 568 3548 635 faciendum.

158 657 376 734 λιτρῶν
433 659 563 736 πρὸς
633 659 729 724 τῆς
814 656 1078 734 βασιλίδος
1137 657 1547 734 προτεινομένου
1609 655 1819 730 ζημίαν¹

1913 653 2310 726 Quamobrem
2347 675 2456 717 nec
2491 655 2544 716 ei
2576 656 2816 736 quidem
2852 655 3072 718 licebat
3101 661 3406 720 cunctari:
3442 662 3550 723 sed

155 750 195 803 ὁ
271 748 558 824 μακάριος,
625 748 911 822 Δημοσίων
981 743 1352 820 ἀδικημάτων,
1417 747 1594 816 εἶπεν,
1649 745 1819 800 ἐκεῖνα

1915 744 2183 824 protinus
2212 745 2454 824 quidem
2499 744 2752 806 accersit
2784 763 2941 822 eum,
2978 747 3079 825 qui
3110 747 3378 810 laeserat:
3412 750 3552 812 forti

156 837 483 915 εἴσπραξις·
559 837 620 892 σὺ
676 835 731 892 δὲ
793 834 912 892 ἀλλ’
973 837 1066 892 οῦκ
1128 837 1190 890 ἂν
1260 835 1492 891 ἐντεῦθεν
1558 834 1824 911 ἐκφύγοις,

159 929 220 982 εἱ
271 926 350 1001 μὴ
411 927 669 1004 πρότερον
729 931 798 1000 τῇ
857 925 1063 1001 γυναικὶ
1107 923 1226 985 τοὺς
1283 923 1657 984 πεντακοσίους
1718 922 1828 976 ἀπ-

159 1017 524 1092 αριθμήσεις.
588 1013 878 1071 Ἀκουστὸθ
937 1023 1088 1072 τοῦτο
1132 1015 1199 1087 τῇ
1258 1011 1470 1083 Εὐὸοξίᾳ
1513 1013 1823 1090 γενόμενον,

159 1105 522 1183 παραχρῆμα
581 1103 779 1178 πέμπει
831 1105 962 1180 πρὸς
1023 1103 1112 1158 τὸν
1158 1101 1326 1179 μέγαν
1378 1101 1580 1176 ἐκείνη,
1610 1101 1824 1179 ἀφεῖναι

164 1195 278 1249 τὸν
335 1192 705 1273 κατεχόμενον
779 1191 1156 1266 ἐπιτάττουσα,
1209 1193 1282 1252 ὡς
1354 1188 1456 1257 ἤδη
1530 1191 1827 1267 ἀρκούντως

166 1281 686 1360 ἇπολελογημένον.
761 1283 823 1339 Ὃ
897 1279 976 1352 δὲ,
1041 1282 1147 1338 Οὐκ
1232 1281 1445 1357 ἀφήσω,
1507 1279 1688 1358 φησὶν,
1749 1279 1830 1333 ὅτι

163 1369 317 1447 μηδε
373 1370 580 1428 δίκαιον
624 1373 725 1450 πρὸ
793 1371 898 1427 τῶν
969 1368 1258 1448 ὀφθαλμῶν
1325 1374 1423 1434 τῆς
1495 1367 1827 1450 ἠδικημένης

164 1459 369 1540 οὔσης,
417 1461 505 1517 καὶ
575 1449 774 1526 ταύτης
844 1461 1111 1536 γυναικὸς,
1174 1464 1309 1538 (peti!
1375 1460 1464 1514 καὶ
1528 1456 1680 1523 ξένης
1742 1449 1828 1511 καὶ

171 1551 391 1628 χήρας,
424 1551 590 1606 Τίνων
635 1547 688 1605 δὲ
719 1547 880 1605 ἄλλον
925 1549 1091 1610 οὕτως
1123 1550 1194 1611 ὡς
1249 1549 1448 1604 τούτων
1479 1545 1627 1621 μέλει
1660 1553 1774 1618 Θεῷ
1808 1564 1822 1622 ;

167 1641 236 1695 Εἰ
285 1637 339 1693 δὲ
371 1639 584 1716 ἀφεῖναί
641 1661 707 1713 με
762 1636 1020 1712 κελεύεις,
1051 1635 1188 1693 ἀλλὰ
1234 1637 1295 1692 σὺ
1327 1639 1384 1692 τὸ
1425 1636 1584 1714 χρέος
1630 1633 1824 1690 ἀπόδος

163 1734 246 1804 τῇ
307 1729 535 1805 γυναικὶ,
597 1724 648 1791 ἐξ
700 1730 774 1782 ὧν
835 1728 907 1789 εἰς
966 1725 1172 1791 ἐκείνης
1227 1725 1490 1803 πρόφασιν
1547 1726 1607 1779 τὸ
1666 1722 1826 1779 πλέον

1913 843 2107 893 autem
2141 843 2198 893 et
2227 852 2518 912 generoso
2558 833 2756 896 animo
2791 835 2846 894 ei
2903 832 3223 914 exprobrat
3253 843 3311 896 et
3359 839 3553 917 arguit

1914 922 2286 1001 injustitiam,
2321 932 2378 984 et
2407 941 2615 984 aurum
2646 921 2719 983 ab
2752 941 2822 983 eo
2852 923 3122 1003 requirit,
3156 943 3273 986 non
3305 945 3552 1006 quomo-

1910 1009 1986 1070 do
2021 1010 2312 1084 Eudoxia,
2348 1029 2522 1072 suum
2557 1011 2858 1086 morbum,
2895 1031 3014 1072 non
3063 1021 3258 1075 autem
3293 1016 3548 1078 alienam

1912 1099 2139 1177 plagam
2173 1118 2411 1161 curans:
2449 1100 2557 1160 sed
2590 1100 2780 1160 libera
2812 1110 2871 1160 et
2902 1119 3080 1180 quato
3104 1101 3202 1164 dio
3236 1104 3424 1165 malos
3454 1105 3555 1168 ha-

1913 1187 2246 1261 bet,mente
2265 1188 2578 1252 mulierem
2606 1188 3118 1252 defendens.Cum
3154 1192 3202 1252 is
3225 1201 3424 1256 autem
3449 1194 3554 1255 ad-

1912 1277 2162 1339 duceret
2188 1279 2471 1340 mulctam
2505 1288 2738 1339 centum
2787 1277 3098 1356 librarum,
3133 1279 3350 1360 quibus
3410 1301 3546 1344 eum

1913 1367 2302 1428 mulctaverat
2329 1367 2703 1447 imperatrix,
2736 1377 2794 1429 et
2824 1368 2911 1430 sic
2943 1386 3059 1429 non
3091 1370 3418 1432 reddenda;
3445 1390 3546 1433 ra-

1913 1455 2088 1515 tionis
2117 1465 2410 1535 quaereret
2439 1455 3259 1536 subterfugium,beatus:Pro
3290 1460 3544 1534 delictis,

1912 1542 2128 1622 inquit,
2157 1543 2409 1623 publicis
2439 1545 2590 1605 facta
2622 1551 2712 1605 est
2743 1546 2844 1607 illa
2864 1546 3115 1607 exactio.
3151 1545 3237 1606 Tu
3270 1565 3406 1607 vero
3429 1565 3549 1608 non

1911 1631 2060 1692 alter
2085 1632 2482 1711 etl‘ugies,nisi
2511 1633 2751 1695 mulieri
2782 1633 3110 1714 quingenta
3139 1635 3304 1714 prius
3335 1654 3547 1696 nume-

1910 1719 2310 1783 raveris.Cum
2349 1721 2612 1799 primum
2646 1730 2842 1783 autem
2863 1723 2977 1783 hoc
2998 1723 3249 1784 venisset
3266 1724 3338 1785 ad
3371 1742 3549 1786 aures

161 1816 421 1896 ἀφείλου.
491 1823 665 1873 Ταῦτα
739 1816 834 1891 μὲν
909 1818 936 1871 ὁ
1007 1815 1202 1892 μέγας,
1263 1807 1354 1876 Ὠς
1415 1811 1469 1868 δὲ
1527 1813 1615 1868 καὶ
1687 1809 1819 1875 ἂπαξ

1909 1808 2325 1883 Eudoxiae,illa
2347 1810 2524 1870 mittit
2543 1810 2617 1872 ad
2646 1810 2811 1871 illum
2840 1811 3363 1890 magnum,jubens
3383 1831 3543 1889 eum,

164 1905 354 1972 ἐκείνη
413 1906 500 1961 καὶ
557 1902 630 1968 δὶς
691 1907 950 1978 πέμψασα
996 1902 1162 1975 μηδὲν
1205 1901 1353 1974 ἤνυε,
1409 1904 1470 1958 τὸ
1527 1901 1824 1978 ἀνθρώποις

169 1996 340 2052 αὒτοῦ
384 1992 590 2067 μᾶλλον
662 2003 1019 2070 προσκροῦσαι
1097 1991 1130 2058 ἢ
1190 1997 1306 2064 Θεῷ
1376 1991 1492 2063 περὶ
1545 1988 1824 2053 ἐλάττονος

162 2082 476 2158 τιθεμένου,
533 2081 670 2160 ἔγνω
728 2104 783 2137 τε
844 2084 974 2158 πρὸς
1035 2080 1190 2159 ἄνδρα
1255 2080 1456 2158 ἔχουσα
1501 2082 1561 2136 οὐ
1614 2093 1820 2147 καιροῖς

167 2171 420 2248 εἴκοντα,
499 2170 613 2228 οῦδὲ
669 2169 922 2234 ἀπειλαῖς
1003 2170 1450 2248 ἐγχαυνονμενον,
1525 2179 1642 2230 τοῖς
1717 2166 1820 2221 τῶν

171 2260 536 2338 μικροψύχων
594 2259 1029 2337 μορμολυκείοις,
1075 2256 1214 2313 ἀλλὰ
1273 2258 1497 2333 γενναίῳ
1560 2261 1634 2327 τῷ
1691 2275 1821 2331 φρο-

172 2351 376 2422 νήματι
436 2354 533 2416 τῆς
567 2351 752 2428 ψυχῆς
811 2346 940 2427 ἄχρι
971 2349 1058 2403 καὶ
1104 2348 1261 2402 αὐτοῦ
1290 2346 1512 2401 θανάτου
1571 2343 1822 2400 ἀντικαθ-

169 2439 460 2512 ιστάμενον
502 2439 633 2516 πρὸς
676 2441 774 2502 τὴν
817 2438 1100 2514 ἁμαρτίαν,
1157 2435 1246 2490 καὶ
1301 2436 1362 2490 τὸ
1417 2433 1600 2510 δρᾶσαι
1644 2437 1820 2492 κακῶς

172 2525 410 2606 μᾶλλον,
467 2529 528 2584 οὒ
597 2527 658 2583 τὸ
715 2529 906 2581 παθεῖν
975 2526 1410 2592 ὑποπτήσσοντα·
1458 2523 1573 2578 ἐπεὶ
1643 2522 1821 2576 τοιού·-

170 2638 252 2688 τῳ
325 2612 650 2692 προσϐαλεῖν
734 2614 893 2687 ἔμαθε
928 2658 944 2686 ,
1021 2611 1232 2688 πλήρης
1317 2613 1480 2686 θυμοῦ
1562 2609 1824 2687 γενομένη

173 2703 371 2782 (ἐδόκει
442 2705 543 2781 γὰρ
586 2703 782 2770 ἥκιστα
839 2704 1070 2781 φορητὸν
1130 2704 1263 2776 αὐτῇ
1323 2703 1384 2756 τὸ
1426 2698 1640 2756 πολλῶν
1689 2721 1824 2776 κρα-

169 2802 366 2850 τουσαν
415 2794 528 2857 ἑνὸς
578 2792 719 2859 ἥττω
776 2793 919 2867 παρὰ
982 2789 1118 2848 πολὺ
1181 2792 1472 2870 φαίνεσθαι,
1553 2792 1652 2846 Καὶ
1726 2789 1825 2865 γὰρ

171 2889 411 2938 τοιοῦτον
471 2883 624 2958 γυνὴ,
678 2883 873 2959 κοῦφόν
936 2902 985 2936 τι
1043 2881 1128 2935 καὶ
1201 2879 1504 2956 εὖρϊπιστον
1575 2879 1662 2933 καὶ
1720 2881 1816 2942 τῆς

172 2975 335 3036 κενῆς
394 2969 548 3037 δόξης
633 2969 862 3047 ἀκριϐῶς
931 2969 1196 3047 παίγνιον,
1260 2969 1347 3023 καί
1417 2965 1646 3041 μάλιστα
1723 2965 1818 3031 τῆς

171 3059 406 3124 ἐξουσίας
467 3061 631 3126 αὐτὴν
666 3063 900 3136 καθάπερ
947 3059 1206 3135 βακχείας
1241 3058 1380 3119 τινὸς
1443 3053 1814 3134 ἐκφερούσης),

173 3145 383 3202 κελεύει
445 3144 532 3203 δύο
577 3148 723 3208 τινὰς
784 3148 890 3203 τῶν
943 3146 1356 3222 ἑκατοντάρχων
1399 3145 1534 3219 μετά
1576 3148 1674 3210 τῆς
1730 3140 1817 3198 ὑπ’

173 3237 362 3299 αὐτοὺς
409 3237 594 3315 χειρὸς
653 3235 732 3292 ὅτι
776 3237 946 3314 τάχος
1003 3234 1358 3314 ἀφικομένους
1429 3235 1502 3296 εἷς
1551 3233 1611 3287 τὸ
1682 3232 1819 3309 ἱερὸν

170 3323 455 3400 εἰσελθεῖν,
489 3328 575 3380 καὶ
634 3327 762 3402 πρὸς
793 3325 908 3400 βίαν
959 3326 1050 3380 τὸν
1086 3325 1439 3397 κρατούμενον
1486 3319 1729 3400 ἀφελεῖν.
1763 3321 1823 3376 Οἱ

169 3413 225 3470 δὲ
275 3412 593 3476 ἀπελθόντες
623 3415 696 3476 ὡς
731 3411 832 3479 ἤδη
863 3415 995 3490 πρὸς
1025 3425 1148 3475 ταῖς
1177 3412 1352 3489 θύραις
1383 3411 1517 3478 ἦσαν
1548 3411 1636 3464 καὶ
1658 3410 1817 3467 ,εἰσω-

168 3507 284 3560 θεῒν
330 3503 544 3565 ἑαυτοὺς
591 3500 842 3577 ἔμελλον,
890 3500 1119 3578 ἄγγελον
1179 3501 1340 3576 ὁρῶσι
1386 3505 1516 3555 Θεοῦ
1559 3499 1820 3576 ῥομφαίαν

173 3591 558 3668 διεσπασμένον
624 3591 719 3646 καί
793 3588 1028 3669 φοϐερῶς
1095 3590 1192 3657 τὴν
1260 3586 1468 3646 εἴσοδον
1542 3585 1815 3664 εἴργοντα,

178 3683 340 3739 Τοῦτο
399 3681 598 3737 ἐκεῖνοι
660 3683 719 3736 τὸ
777 3681 995 3757 φρικτὸν
1055 3677 1295 3752 ἰδόντες,
1359 3679 1447 3733 καὶ
1503 3675 1687 3748 πολλῴ
1744 3681 1820 3747 τῷ

172 3768 276 3826 δέει
346 3770 806 3848 καταπλαγέντες,
856 3769 1008 3825 οὖκὲν
1079 3766 1240 3824 πλέον
1307 3778 1483 3823 ποιεῐν
1554 3764 1815 3843 ἔγνωσαν,

172 3861 308 3918 ἀλλὰ
379 3862 508 3939 πρὸς
569 3861 668 3927 τὴν
725 3859 1016 3935 πέμψασαν
1077 3860 1224 3922 εὐθύς
1284 3879 1341 3913 τε
1402 3857 1815 3936 ἐπανέρχονται,

169 3953 259 4008 καὶ
309 3953 362 4007 τὸ
417 3951 597 4006 θεαθὲν
667 3950 941 4026 τεράστιον
1013 3948 1342 4026 διηγοῦνται·
1387 3947 1486 4014 τὴν
1543 3944 1594 4001 δὲ
1649 3945 1819 4026 φρίξαι

171 4040 273 4114 μὶν
337 4039 424 4095 καὶ
453 4038 618 4104 αὐτὴν
677 4038 1002 4111 ἀκούσασαν,
1065 4038 1152 4094 καὶ
1209 4041 1306 4102 τῆς
1355 4038 1526 4113 ὁρμῆς
1582 4036 1816 4114 ὑφεῖναι,

174 4126 301 4186 Οἵδε
351 4129 452 4206 γὰρ
483 4129 543 4182 τὸ
591 4127 804 4206 ταχέως
857 4124 1025 4184 οἶδοῦν
1069 4127 1164 4182 γαί
1206 4125 1516 4204 φυσώμενον
1561 4122 1644 4179 διὰ
1687 4145 1818 4202 φρε-

174 4224 278 4273 νῶν
321 4215 589 4290 εὐκολίαν,
653 4214 868 4294 ταχέως
917 4215 1100 4294 πάλιν,
1145 4215 1324 4291 ὥσπερ
1384 4215 1430 4270 οἱ
1487 4215 1626 4270 κενοὶ
1670 4235 1818 4287 πομ-

175 4303 434 4384 φόλυγες,
465 4301 785 4362 διαπιπτειν.
826 4303 962 4360 Εἶτα
1008 4301 1128 4377 μετ’
1159 4300 1340 4379 ὀλίγον
1396 4310 1489 4359 τοῦ
1518 4298 1818 4378 προλαϐόν-

175 4415 264 4456 τος
327 4394 530 4448 σκοποῦ
573 4392 797 4470 γίνεται⁶
857 4393 943 4447 καὶ
1002 4389 1359 4469 Φρουμέντιόν
1418 4411 1535 4445 τινα
1590 4387 1820 4458 τοῦνομα

177 4485 246 4546 ὼς
307 4483 466 4539 αὒτὸν
510 4480 770 4556 πέμψασα
830 4478 1193 4559 παραγγέλλει
1251 4482 1430 4536 πειθοῖ
1490 4476 1693 4553 μᾶλλον
1759 4479 1820 4533 τὸ

1910 1899 2014 1975 qui
2039 1897 2441 1977 detinebatur,
2475 1898 2701 1959 absolvi
2732 1917 2766 1960 a
2796 1898 3072 1974 crimine,
3097 1907 3161 1961 ut
3181 1901 3280 1980 qui
3311 1919 3374 1963 se
3405 1902 3546 1963 satis

1907 1986 2412 2049 defendisset.llle
2426 2006 2564 2048 vero
2591 1987 2782 2048 leonis
2803 1987 3022 2068 pellem
3047 1988 3241 2049 statim
3264 1989 3543 2052 induens:

1871 2076 2030 2137 'Imo
2061 2094 2200 2136 vero
2234 2095 2354 2137 non
2389 2077 2702 2149 dimittam,
2741 2077 3247 2158 inquit,quoniam
3282 2097 3394 2140 nec
3416 2081 3547 2159 jus-

1907 2174 2029 2225 tum
2059 2173 2147 2226 est
2167 2166 2232 2244 (ο
2264 2164 2367 2226 Dei
2398 2165 2561 2244 leges
2591 2173 2648 2226 et
2680 2168 3029 2246 praecepta),
3062 2186 3193 2228 cum
3229 2177 3368 2229 ante
3399 2187 3545 2230 nos-

1911 2262 2032 2314 tros
2063 2254 2269 2314 oculos
2299 2254 2375 2313 sit
2406 2271 2496 2329 ea,
2525 2273 2657 2334 qua;
2695 2254 2806 2314 fuit
2833 2255 3045 2316 affecta
3081 2257 3321 2337 injuria,
3355 2275 3546 2336 eaque

1911 2342 2125 2403 mulier
2152 2350 2396 2403 externa
2427 2350 2485 2403 et
2512 2343 2716 2413 vidua,
2751 2361 2881 2422 quae
2912 2345 3188 2422 lacrymis
3217 2347 3434 2424 operit,
3466 2347 3548 2409 ait

1909 2429 2226 2491 Malachias
2254 2429 2334 2506 28,
2367 2430 2553 2492 altare
2613 2430 2871 2507 Domini,
2907 2432 3178 2510 indigens
3212 2451 3306 2509 eo,
3341 2435 3440 2512 qui
3470 2436 3549 2498 sit

1909 2535 2081 2597 opem
2119 2518 2371 2580 laturus.
2401 2517 2680 2590 Quaenam
2711 2527 2907 2581 autem
2939 2529 3078 2581 sunt
3097 2523 3223 2584 Deo
3255 2533 3428 2586 tantm
3446 2543 3546 2587 cu-

1909 2626 2011 2683 ra},
2047 2617 2286 2688 quantae
2335 2607 2504 2670 haec?
2532 2607 2699 2680 Quod
2733 2609 2782 2669 si
2813 2627 2908 2670 me
2932 2608 3115 2688 jubes
3165 2628 3303 2674 eum
3335 2612 3544 2674 dimit-

1909 2703 2122 2769 tere,at
2154 2706 2217 2758 tu
2251 2697 2436 2759 redde
2467 2697 2704 2758 mulieri
2737 2695 3003 2758 debitum
3038 2716 3105 2759 ex
3129 2699 3548 2780 iis,quaaillius

1911 2795 2192 2864 praetextu
2227 2785 2519 2847 abstulisti
2545 2785 2823 2865 amplius.
2855 2784 2993 2848 Haec
3022 2786 3264 2867 quidem
3299 2808 3546 2870 magnus

1903 2875 2028 2935 ille.
2066 2874 2209 2936 Cum
2244 2884 2439 2934 autem
2466 2874 2564 2936 illa
2596 2875 2784 2935 semel
2817 2884 2873 2936 et
2903 2874 2993 2935 bis
3026 2875 3308 2959 misisset,
3346 2897 3540 2960 neque

1904 2962 2226 3043 quidquam
2279 2963 2595 3042 proliceret
2646 2981 2780 3024 cum
2842 2965 2970 3044 ipse
3023 2964 3272 3029 minoris
3327 2968 3550 3030 faceret

1902 3052 2181 3113 homines
2231 3070 2404 3131 quam
2452 3054 2639 3114 Deum
2699 3053 3026 3116 offendere:
3063 3063 3121 3115 et
3176 3058 3548 3135 cognovisset

1901 3159 2030 3202 rem
2065 3141 2178 3201 sibi
2211 3159 2346 3201 esse
2376 3159 2510 3205 eum
2544 3141 2810 3214 homine,
2836 3142 2938 3222 qui
2973 3162 3087 3204 non
3115 3145 3363 3206 cedebat
3383 3155 3542 3207 tem-

1909 3229 2380 3309 poribus,minas
2404 3248 2522 3290 non
2546 3229 3045 3305 formidabat,nec
3062 3233 3306 3294 timebat
3326 3233 3399 3295 ab
3424 3235 3546 3296 ulla

1908 3319 2188 3380 excidere
2231 3319 2523 3394 rectione,
2559 3336 2692 3398 qum
2737 3318 2980 3395 quidem
3031 3333 3172 3381 sunt
3219 3339 3428 3400 magna
3475 3340 3546 3383 ex

1907 3417 2070 3487 parte
2103 3408 2582 3468 terriculamenta
2613 3407 2706 3482 iis,
2742 3407 2840 3487 qui
2871 3416 3012 3469 sunt
3050 3411 3208 3487 parvi
3241 3419 3300 3470 et
3326 3409 3548 3490 abjecti

1905 3495 2090 3556 animi
2123 3516 2138 3555 :
2173 3495 2276 3556 sed
2312 3495 2606 3556 constanti
2638 3505 2696 3555 et
2741 3514 3034 3572 generoso
3069 3497 3282 3576 spiritu
3314 3499 3548 3560 fortiter

1907 3603 2094 3665 usque
2144 3584 2217 3644 ad
2269 3592 2521 3645 mortem
2575 3583 2895 3646 resistebat
2945 3594 3216 3665 peccato,
3250 3599 3308 3650 et
3362 3589 3546 3668 magis

1901 3671 2147 3734 cavebat
2179 3672 2334 3733 male
2363 3672 2583 3746 facere,
2609 3691 2784 3752 quam
2818 3673 2960 3752 pati.
2999 3672 3546 3754 Cum,inquam,co-

1901 3762 2202 3840 gnovisset
2242 3779 2373 3822 cum
2407 3761 2701 3840 ejusmodi
2757 3761 2878 3823 viro
2911 3780 3035 3823 rem
3071 3781 3202 3825 esse
3234 3764 3350 3826 sibi
3379 3765 3544 3828 futu-

1902 3849 2150 3930 ram,ira
2173 3848 2347 3928 plena
2381 3849 2717 3928 (videbatur
2740 3853 2897 3911 enim
2924 3852 3170 3913 minime
3201 3853 3544 3930 ferendum,

1905 3951 1967 4002 ut
2021 3957 2154 4020 quae
2205 3939 2420 3999 multos
2480 3938 2824 4018 superabat,
2856 3940 3158 4003 rideretur
3205 3961 3324 4005 uno
3371 3945 3548 4023 longe

1902 4028 2172 4090 inferior:
2206 4036 2295 4088 est
2326 4028 2483 4088 enim
2518 4027 2810 4106 ejusmodi
2838 4047 2937 4090 res
2960 4031 3197 4104 mulier,
3224 4049 3440 4112 nempe
3464 4033 3547 4094 le-

1905 4117 2012 4192 vis,
2045 4125 2103 4177 et
2124 4134 2258 4196 quae
2280 4115 2456 4178 facile
2490 4126 2780 4194 movetur,
2819 4125 2877 4178 et
2909 4118 3087 4198 plane
3118 4119 3314 4181 inanis
3342 4120 3547 4200 gloria)

1904 4205 2249 4274 ludibrium)
2271 4203 2440 4283 jubet
2467 4206 2784 4284 extemplo,
2829 4216 2884 4266 et
2907 4207 3024 4268 duo
3055 4208 3296 4287 quidem
3329 4219 3543 4272 centu-

1900 4293 2238 4371 riones,eos
2270 4302 2556 4374 sequente
2575 4313 2706 4374 quae
2725 4292 2835 4356 sub
2866 4295 2952 4356 eis
2975 4305 3102 4357 erat
3132 4315 3545 4380 manu,quam-

1905 4384 2167 4464 primum
2198 4381 2760 4463 mittuntur,quibus
2791 4384 2985 4446 fuerat
3014 4385 3398 4467 imperatum,
3433 4397 3549 4452 sta-

1906 4473 2008 4534 tim
2043 4471 2328 4551 templum
2356 4471 2618 4550 ingredi,
2654 4479 2712 4532 et
2742 4491 2876 4533 eum
2910 4473 3013 4553 qui
3045 4474 3453 4553 detinebatur,
3489 4479 3548 4541 vi

178 4573 522 4651 προκείμενον
583 4568 844 4630 διανῦσαι.
907 4570 1006 4627 Τὸν
1074 4567 1128 4624 δὲ
1202 4568 1371 4646 μέγαν
1450 4566 1637 4633 ἥκιστα
1695 4581 1819 4631 ταῖς

1906 4561 2068 4623 illinc
2095 4560 2440 4638 eripere.Et
2465 4561 2551 4651 sic
2601 4560 2841 4651 quidem
2875 4561 3140 4625 Eudoxia
3171 4584 3184 4624 :
3236 4564 3550 4645 ignorabat

179 4666 336 4720 αὐτοῦ
384 4660 699 4735 πειθόμενον
760 4657 1086 4732 κολακείαις,
1135 4659 1206 4715 Οὐ
1239 4655 1440 4734 δύσερις
1484 4656 1578 4728 ὢν,
1626 4657 1820 4732 εἰπεῖν,

179 4747 283 4807 οὐδ’
357 4747 542 4811 ἁπλῶς
614 4753 680 4823 τῇ
749 4745 978 4824 βασιλίδι
1053 4747 1385 4803 ἀντιπίπτειν
1471 4745 1818 4826 βουλομενος,

179 4837 478 4918 φιλόνεικος
527 4838 656 4912 ὑμῖν
713 4839 852 4895 εἶναι
896 4839 984 4892 καὶ
1038 4836 1172 4912 πέρα
1242 4843 1336 4892 τοῦ
1388 4836 1603 4914 μετρίου
1653 4833 1816 4898 δοκῶ,

181 4926 332 4984 ’Ἐστι
387 4924 441 4982 δὲ
485 4927 589 5006 οὐχ
635 4925 822 4989 οὕτως·
876 4923 999 4981 ἀλλ’
1055 4925 1166 4999 ἅμα
1201 4926 1300 5000 μὲν
1352 4925 1568 5002 ἀμύνων
1624 4922 1815 4990 ἀδικη-

181 5017 323 5094 θείσῃ
381 5017 589 5094 γυναικὶ
649 5016 797 5093 χήρᾳ
850 5023 938 5070 καί
997 5019 1172 5092 γυμνῇ
1235 5015 1556 5092 προστασίας
1616 5013 1818 5087 πάσης,

180 5106 289 5181 ἅμα
362 5104 417 5160 δὲ
486 5105 572 5161 καὶ
629 5109 700 5180 τῇ
769 5102 997 5179 βασιλίδι
1069 5107 1257 5182 ψυχῆς
1316 5101 1819 5182 πραγματευόμενος

176 5194 466 5274 σωτηρίαν,
528 5194 792 5260 Τοιαύτην
841 5199 932 5249 τοῦ
990 5193 1139 5270 ἁγίου
1181 5191 1278 5258 τῆν
1328 5191 1610 5270 ἀπόκρισιν
1652 5187 1818 5246 δεδω-

179 5285 350 5358 κότος,
402 5284 486 5340 sui
533 5279 699 5357 μηδὲν
770 5285 982 5358 ὒφεῐναι
1053 5281 1184 5358 πρὸς
1254 5280 1356 5348 τὴν
1397 5280 1610 5337 ἕστασιν
1679 5280 1818 5334 ὑπο-

178 5373 460 5453 φήναντος,
519 5371 631 5428 ἐπεὶ
688 5373 715 5426 ὁ
774 5371 871 5438 τὴν
933 5367 1138 5425 ἀδικίαν
1203 5367 1626 5446 διαπραξάμενος
1683 5365 1821 5445 ἔγνω

181 5465 346 5522 πάντα
401 5463 468 5520 τὰ
527 5461 581 5517 ἐν
638 5458 844 5516 ἐλπίσιν
887 5457 1130 5537 ἄπρακτα
1172 5459 1260 5513 καὶ
1321 5457 1580 5536 ἀνόνητα,
1610 5459 1698 5512 καὶ
1753 5455 1820 5523 ἢν

255 5636 318 5686 28
345 5633 601 5700 Malach.
635 5650 696 5709 ιι,
732 5631 828 5694 13.

1908 4658 2104 4711 autem
2127 4667 2192 4710 se
2223 4666 2292 4710 ea
2313 4648 2718 4729 aggredi,quae
2739 4649 2869 4710 ﬁeri
2892 4669 3010 4712 non
3039 4662 3403 4732 poterant,et
3423 4655 3550 4718 bel-

1907 4738 2026 4800 lum
2057 4738 2343 4800 adversus
2393 4736 2578 4799 Deum
2611 4738 2942 4818 suscipere.
2984 4740 3130 4802 Nam
3166 4762 3299 4805 cum
3326 4743 3412 4804 illi
3441 4763 3545 4806 ve-

1906 4829 2158 4900 nissent,
2192 4837 2249 4887 et
2297 4826 2422 4906 jam
2473 4836 2674 4888 essent
2724 4827 2785 4887 in
2837 4829 3092 4904 foribus,
3146 4844 3205 4892 et
3255 4832 3548 4914 irrupturi

1904 4926 2128 4992 essent,
2166 4917 2224 4996 (ο
2247 4915 2512 4976 divinum
2543 4917 2974 4995 spectaculum!
3003 4937 3036 4979 ο
3072 4937 3202 4980 rem
3235 4919 3410 5000 plane
3438 4940 3543 4983 no-

1905 5024 2030 5066 vam
2058 5006 2096 5077 Et
2153 5004 2358 5067 vident
2388 5002 2495 5066 Dei
2527 5005 2801 5082 angelum
2835 5007 3040 5086 specie
3095 5007 3535 5089 admirabilem,

1900 5095 2095 5156 forma
2151 5091 2510 5165 terribilem,
2571 5093 2671 5170 qui
2727 5093 3048 5156 strinxerat
3110 5096 3541 5178 rhomphaaam,

1904 5192 1964 5247 et
1987 5183 2357 5246 borribiliter
2379 5179 2616 5243 arcebat
2639 5179 2711 5243 ab
2729 5182 3163 5262 ingressu.Hoc
3187 5184 3271 5248 illi
3296 5189 3540 5264 malum,

1901 5293 2036 5336 cum
2064 5271 2376 5344 vidissent,
2414 5280 2574 5331 metu
2607 5271 2851 5352 repletas
2894 5273 3135 5335 fuerunt
3163 5273 3284 5335 illis
3304 5280 3542 5352 animm,

1903 5371 1961 5426 et
1992 5367 2260 5442 protinus
2292 5359 2440 5422 nihil
2465 5361 2719 5440 amplius
2745 5360 2940 5423 facere
2970 5365 3363 5426 decreverunt
3389 5383 3402 5427 :
3437 5365 3544 5426 sed

1904 5453 2345 5532 quamprimum
2398 5449 2624 5511 reversi
2653 5449 2724 5510 ad
2759 5467 2913 5525 eam,
2947 5470 3078 5531 quae
3109 5452 3376 5531 miserat,
3412 5461 3543 5516 stu-
