3996 6178
483 275 633 350 1135

1774 281 2056 356 MENSIS
2095 279 2540 356 JANUARIUS.

3720 283 3826 348 lilii.

474 421 738 500 pandum
776 421 888 482 hoc
913 421 1318 502 spectaculum
1347 439 1481 483 cum
1513 430 1759 504 stupore
1785 436 2126 492 narrarunt.

2220 428 2275 484 ἔκ
2345 431 2440 496 τῆς
2515 423 2783 502 βασιλίδος
2858 423 3207 502 ὠνειροπόλει
3274 423 3571 500 βοήθειαν
3611 467 3628 492 ,
3685 421 3828 497 erili...

475 507 583 571 Illa
604 518 802 572 autem
819 510 1046 591 stupuit
1070 510 1312 590 quidem
1333 511 1461 590 ipsa
1482 531 1885 594 quoque,cum
1905 518 2120 578 audiis-

477 606 590 672 set,
627 608 687 661 et
735 599 810 661 de
862 618 968 660 suo
1019 607 1212 679 coepto
1266 599 1492 681 aliquid
1537 603 1768 665 remisit
1825 607 2118 684 protinus.

477 686 644 750 Solet
672 688 1026 768 enim,quod
1051 688 1268 749 mentis
1297 689 1538 752 levitate
1567 691 1848 755 celeriter
1863 695 2120 774 suscipi-

2206 517 2366 574 οὖσαν
2439 516 2635 592 ῥοπὴν,
2709 514 2828 588 καί,
2900 516 2960 570 τὸ
3017 522 3108 571 τοῦ
3177 512 3384 588 λόγου,
3473 510 3696 574 συκίνην
3751 509 3830 562 ἔτ..-

2205 607 2442 684 κουρίαν,
2517 603 2702 660 οἴκαδε
2765 604 2984 678 πέμψας
3051 599 3177 679 παρ’
3253 604 3478 657 ἑαυτου
3551 599 3615 652 τὸ
3679 599 3833 675 χρῆσίς·

2207 701 2272 770 τῇ
2329 695 2540 770 γυναικῖ
2573 694 2932 764 κατατίθεται,
2967 693 3055 748 καὶ
3100 691 3239 748 οὕτω
3286 695 3410 756 τῆς
3453 687 3669 765 ἑνοῖ-ἧς
3718 686 3836 740 ἀτυ-

479 777 906 846 tur.celeritate
929 795 1168 857 quoque
1191 777 1374 838 simili
1395 779 1927 845 excidereDeinde
1949 784 2122 864 paulo
2205 784 2474 844 λάττεται.

478 879 612 951 post
643 871 716 932 ad
747 888 993 958 scopum
1024 870 1290 951 priorem
1321 873 1665 949 revertitur,
1700 884 1760 938 et
1785 875 2138 940 Frumentio
2169 877 2424 958 quodam
2457 874 2529 936 ad
2563 893 2696 936 eum
2733 875 2940 948 misso,
2967 877 3193 953 (neque
3223 873 3412 934 enim
3446 879 3583 932 tam
3620 885 3746 929 esse
3767 885 3838 928 IE-

478 960 797 1038 g-ligentem
832 957 1066 1020 sinebat
1096 978 1265 1020 amor
1294 961 1585 1043 pecuniae)
1611 964 1790 1043 jussit
1842 957 2232 1048 persuasione
2263 966 2456 1045 potius
2487 963 2729 1043 aggredi
2785 963 3178 1044 propositum.
3213 965 3496 1039 Magnus
3534 966 3734 1048 autem
3771 958 3841 1016 mi-

479 1049 643 1111 nime
703 1049 1081 1136 parensejus
1135 1048 1462 1125 blanditiis,
1498 1050 1694 1116 dixit:
1753 1046 1886 1116 Non
1917 1056 2075 1136 quod
2131 1054 2403 1117 delecter
2448 1051 2680 1126 litibus,
2718 1069 2911 1132 neque
2959 1049 3115 1130 quod
3149 1048 3572 1130 imperatrici
3621 1046 3844 1108 resistere

479 1137 810 1212 statuerim,
848 1135 1018 1198 vobis
1054 1136 1256 1198 videar
1291 1155 1424 1201 esse
1453 1157 1632 1220 supra
1690 1135 2393 1217 modum’coutentiosus,
2429 1160 2548 1204 non
2585 1160 2688 1216 per
2717 1159 2918 1203 sacras
2947 1140 3111 1218 leges
3143 1148 3202 1201 et
3231 1138 3468 1200 divina
3527 1152 3762 1206 eorum,
3787 1139 3845 1212 σε

480 1236 941 1306 praecesserunt,
976 1226 1251 1306 dogmata
1278 1236 1335 1288 et
1365 1227 1715 1310 disciplinas
1751 1253 1764 1294 :
1798 1234 1904 1295 sed
1937 1232 2116 1294 simul
2148 1232 2392 1312 quidem
2425 1231 2646 1310 injuria
2671 1229 2942 1292 aﬁ‘ectam
2975 1227 3310 1290 defendens
3340 1226 3648 1294 viduam,
3684 1232 3741 1285 et
3764 1241 3848 1300 qua

481 1315 644 1377 omni
670 1316 882 1395 egebat
911 1317 1158 1390 auxilio,
1187 1323 1244 1376 et
1272 1315 1670 1397 imperatricis
1700 1327 1916 1382 animae
1945 1321 2196 1384 salutem
2233 1337 2580 1400 procurans,
2615 1318 2701 1380 sic
2730 1318 2935 1379 videar
2963 1318 3423 1380 contradicere.
3466 1314 3632 1377 Cum
3668 1322 3852 1373 sanctus

483 1405 659 1466 talem
713 1404 980 1466 dedisset
1008 1403 1496 1484 responsionem,
1531 1419 1588 1470 et
1645 1410 2007 1472 ostendisset
2037 1428 2102 1471 se
2153 1410 2300 1470 nihil
2335 1427 2471 1471 esse
2519 1427 2854 1481 cessurum,
2886 1408 2986 1487 qui
3033 1418 3229 1468 autem
3265 1406 3534 1466 iecerat
3591 1402 3851 1480 iujuriam,

483 1494 727 1556 vidisset
781 1510 1021 1554 omnem
1056 1511 1224 1574 spem
1277 1512 1411 1557 esse
1441 1495 1557 1558 sibi
1585 1499 1840 1574 irritam,
1870 1509 1929 1561 et
1986 1498 2413 1578 imperatricis,
2449 1517 2624 1578 quam
2676 1495 3011 1558 somniabat
3042 1513 3216 1575 opem
3261 1493 3432 1556 nihil
3470 1491 3718 1554 habere
3765 1509 3853 1550 mo-

486 1583 696 1657 menti,
734 1591 793 1644 et
851 1600 982 1644 esse
1015 1582 1192 1662 plane
1225 1584 1569 1663 ﬁculneum,
1605 1597 1667 1649 ut
1719 1588 1956 1665 dicitur,
1994 1587 2304 1663 auxilium,
2341 1587 2582 1649 domum
2625 1586 2891 1662 mittens,
2925 1603 3132 1647 aurum
3183 1583 3458 1646 exsolvit
3495 1579 3782 1641 mulieri:
3819 1590 3856 1639 et

485 1672 571 1733 sic
602 1671 890 1734 liberatur
917 1671 989 1733 ab
1023 1671 1414 1751 obligatione.

544 1764 1000 1830 XXXlll.Paulo
1026 1772 1160 1846 post
1191 1775 1387 1828 autem
1413 1768 1678 1830 Eudoxia
1713 1769 2041 1850 (quaerebat
2063 1789 2132 1831 en
2159 1779 2193 1827 Β

489 1856 612 1916 nim
641 1854 1064 1935 faciendi,quaa
1083 1855 1282 1930 vellet,
1318 1855 1679 1933 libertatem,
1715 1877 1822 1921 seu
1852 1858 2006 1920 bene
2026 1878 2132 1921 seu

488 1962 664 2006 secus
681 1961 746 2006 se
763 1943 1080 2019 haberent,
1107 1952 1166 2004 et
1196 1944 1500 2006 neminem
1528 1947 1794 2027 esse,qui
1824 1948 2132 2010 contradi-

487 2030 928 2112 ceret)mittens
946 2031 1020 2093 ad
1044 2041 1410 2106 sanctum,et
1426 2035 1638 2114 partim
1660 2036 1901 2116 quidem
1930 2037 2130 2113 minis,

490 2121 702 2201 partim
729 2129 928 2182 autem
955 2120 1268 2182 blanditiis
1288 2141 1425 2183 eum
1448 2124 2044 2201 aggrediens,suadet
2067 2133 2136 2188 ut

489 2211 724 2272 desinat
755 2209 907 2270 velle
938 2211 992 2271 ei
1020 2210 1570 2284 resistere,dicens:
1602 2213 1721 2276 Sed
1752 2222 2055 2292 oporteret
2077 2221 2135 2275 te

489 2317 621 2362 esse
653 2307 997 2362 contentum
1033 2298 1484 2373 ecclesiasticis,
1507 2301 1698 2363 civilia
1729 2320 1870 2363 vero
1893 2302 2135 2364 omnino

489 2409 609 2451 non
661 2388 890 2462 subire,
927 2388 1034 2450 sed
1066 2388 1154 2450 eis
1185 2388 1405 2451 cedere
1452 2391 1945 2471 imperatoribus,
1978 2410 2134 2471 quo-

492 2477 669 2539 modo
693 2476 809 2557 ipsi
832 2475 936 2538 tibi
967 2494 1176 2538 rursus
1206 2476 1654 2541 ecclesiasticis:
1674 2497 1909 2542 cessare
1936 2487 2131 2542 autem

491 2574 697 2628 contra
720 2585 817 2627 me
842 2565 1168 2628 conciones
1194 2565 1417 2628 habere
1444 2569 1504 2628 in
1537 2569 1830 2631 ecclesiis.
1857 2567 1998 2631 Nam
2026 2587 2133 2648 ego

2299 1763 2426 1835 AI".
2481 1771 2678 1848 Ὀλίγῳ
2707 1770 2762 1826 δὲ
2815 1769 3030 1840 ὕστερον
3073 1771 3106 1836 ἡ
3153 1766 3367 1832 Εὗδοξία
3439 1767 3718 1822 στείλασα
3764 1765 3857 1840 πρὸς

2214 1866 2303 1919 τὸν
2365 1863 2555 1939 μέγαν,
2589 1859 2684 1917 καί
2734 1865 2888 1915 τοῦτο
2919 1859 3016 1932 μὲν
3059 1855 3310 1918 ἀπειλαῖς
3355 1856 3452 1929 τῷ
3517 1854 3712 1909 δοκεῖν
3738 1852 3860 1927 ἐκτο-

2216 1951 2403 2022 ϐοῦσα,
2461 1961 2617 2009 τοῦτο
2687 1947 2742 2004 δὲ
2798 1949 2887 2004 καὶ
2942 1944 3243 2009 κολακείαις
3304 1942 3693 2022 ὑπερχομένη
3750 1941 3857 1995 ἀπο-

2218 2045 2406 2108 στῆναι
2480 2041 2708 2114 παρῄνει
2769 2041 2867 2105 τῆς
2936 2037 3086 2112 πρὸς(
3125 2035 3286 2100 αὐτὴν
3361 2031 3725 2102 ἆντίτυπίας,
3777 2029 3859 2103 καὶ,

2223 2113 2445 2202 Παῦσαι,
2523 2113 2697 2207 ἓλεγε,
2771 2138 2890 2189 τοῖς
2953 2123 3443 2190 ἓκκλησιαστικοϊς
3531 2120 3853 2196 ἀρκούμενος,

2217 2221 2302 2276 καὶ
2355 2219 2432 2294 μὴ
2463 2217 2701 2278 καὶτοῖς
2747 2214 3051 2276 πολιτικοῖς
3099 2209 3516 2288 παραδυόμενος
3553 2208 3855 2284 πράγμασιν,

2218 2308 2354 2364 ἀλλὰ
2381 2309 2584 2364 τούτων
2637 2321 2754 2368 τοῖς
2805 2302 3078 2380 βασιλεῦσι
3137 2307 3526 2379 παραχωρῶν,
3564 2298 3741 2372 ὥσπερ
3788 2295 3850 2347 ui

2219 2397 2364 2453 αὒτοί
2437 2418 2518 2451 σοι
2583 2394 2740 2451 πάλιν
2812 2399 2918 2449 τῶν
2991 2389 3460 2456 ἐκκλτισιαστικῶν
3543 2386 3846 2466 ἀρίσταντιι·

2218 2491 2425 2542 Παῦσαι
2485 2482 2539 2539 δέ
2569 2505 2670 2556 μου
2727 2480 2821 2538 καῖ
2867 2481 2960 2536 τόῦ
3016 2479 3068 2534 ἒν
3114 2477 3428 2544 ἐκκλησίαις
3482 2472 3841 2548 καταδημηγνι·

2218 2587 2357 2654 ρετν.
2391 2572 2536 2650 Ἐγὼ
2579 2571 2676 2647 μὲν
2732 2571 2832 2648 γὰρ
2888 2567 3050 2647 μέχρι
3100 2572 3198 2632 τῆς
3256 2565 3371 2643 ἄρτι
3433 2568 3536 2623 καὶ
3597 2567 3672 2625 ὡς
3725 2563 3842 2654 πατρί

2218 2652 2545 2740 προσεῖχον,
2575 2660 2660 2715 καὶ
2691 2658 2954 2736 πατρικήν
3013 2677 3096 2712 σοι
3146 2654 3333 2726 ἐνεμον
3384 2655 3493 2721 τὴν
3551 2653 3737 2728 τιμήν·
3783 2652 3838 2704 σα

2218 2750 2274 2807 δὲ
2329 2751 2373 2805 εἰ
2427 2751 2504 2824 μὴ
2557 2748 2750 2824 βελτίω
2807 2747 2867 2801 τὸ
2898 2743 3086 2800 λοιπὸν
3131 2742 3195 2801 τά
3252 2745 3379 2821 πρὸς
3419 2746 3584 2818 ἡμᾶς
3631 2740 3831 2818 γένηται,

2217 2839 2328 2895 ῗσθι
2386 2859 2452 2912 με
2510 2838 2581 2902 κὴ
2640 2833 2984 2909 ὰνεξομένην.
3062 2835 3196 2911 Πρὸς
3255 2839 3421 2890 ταῦτα
3484 2832 3616 2886 λίαν
3675 2828 3831 2885 Excisa:

490 2656 730 2737 quidem
765 2654 1074 2735 hucusque
1108 2666 1166 2718 te
1199 2653 1508 2717 observavi
1540 2667 1603 2717 ut
1635 2667 1885 2737 patrem,
1918 2667 1977 2720 et
2028 2677 2134 2738 pa-

492 2754 754 2819 ternum,
786 2752 848 2805 ut
880 2744 1076 2805 sciunt
1107 2762 1340 2823 omnes,
1377 2745 1666 2808 honorem
1697 2746 1806 2808 tibi
1837 2746 2135 2809 tribui.Tu

492 2844 689 2895 autem
724 2837 838 2893 nisi
892 2832 964 2892 de
998 2841 1214 2893 caetero
1269 2833 1327 2893 in
1361 2853 1469 2895 nos
1503 2834 1686 2896 fueris
1721 2835 1955 2911 melior,
1984 2837 2138 2896 scias

493 2941 589 2984 me
642 2939 760 2982 non
794 2939 928 2982 esse
979 2919 1386 2981 toleraturam.
1441 2924 1547 2985 His
1581 2941 1830 2999 magnus
1876 2923 2134 2986 Joannes

2220 2926 2520 3004 περιαλγὴς
2570 2927 2852 3004 γενόμενος
2902 2923 3072 3000 (ἑώρα
3128 2925 3229 3000 γὰρ
3277 2926 3441 2989 αὖτῆς
3508 2921 3618 2987 τὴν
3662 2915 3824 2990 καρδία-ι

496 3028 705 3089 magna
730 3010 981 3070 aﬂ'ectus
1008 3009 1238 3070 tristitia
1260 3009 1517 3089 (videbat
1538 3011 1698 3072 enim
1724 3031 1828 3074 cor
1847 3013 1976 3092 ejus
1998 3031 2134 3093 par-

2220 3014 2504 3073 ὠδίνουσαν
2567 3012 2818 3088 ἀδικίαν),
2858 3011 3012 3087 Ἐμὲ,
3049 3010 3148 3091 ἔφη
3181 3012 3309 3083 πρὸς
3339 3011 3465 3074 τοὺς
3510 3006 3826 3088 πεμφθὲντις,

494 3066 681 3160 ιυτῖνο
710 3097 1091 3178 injustitiam,
1114 3108 1170 3158 et
1200 3066 1466 3160 laborem
1490 3099 1763 3179 improbe
1793 3066 2134 3180 coiiciprere,

2223 3066 2499 3073 """""'
2571 3066 2818 3088 “""""u
2883 3066 2946 3087 *r
2999 3066 3012 3083 1
3083 3066 3102 3091 ῐ
3137 3066 3148 3078 -
3189 3066 3309 3083 "r"
3449 3066 3462 3074 -
3591 3066 3604 3084 ι
3647 3066 3658 3088 ι
3815 3066 3823 3071 ι

2222 3105 2508 3162 πολιτικῶν
2553 3104 2851 3170 ἀποστῆναι
2910 3099 3113 3156 κελεύει
3169 3099 3528 3179 πραγμάτων
3581 3099 3692 3175 ἑγὼ
3738 3113 3824 3149 τω·
3895 3066 3899 3156 ί

496 3197 559 3250 et
589 3187 995 3268 iniquitatem,
1036 3197 1096 3247 ut
1121 3186 1266 3248 dicit
1293 3187 1530 3249 divinus
1558 3188 1743 3248 David
1764 3189 1843 3262 29,
1877 3191 2134 3270 parere),

2225 3201 2380 3250 οῦτον
2406 3185 2419 3263 ί
2438 3190 2539 3248 δέω
2570 3190 2843 3265 κοσμικῶν
2885 3189 2922 3256 ἢ
2965 3186 3257 3246 πολιτικῶν
3305 3190 3632 3268 φροντίζειν,
3664 3183 3770 3239 ὅσον
3792 3199 3830 3254 γε

497 3277 644 3338 dixit
675 3277 768 3352 iis,
797 3276 898 3355 qui
925 3275 1090 3336 missi
1121 3276 1392 3337 fuerant:
1423 3275 1601 3338 Jubet
1633 3295 1728 3339 me
1757 3269 2134 3340 abscederea

2224 3285 2312 3340 καὶ
2350 3283 2398 3337 οἱ
2429 3279 2594 3337 πάλαι
2651 3279 2897 3342 θανόντες
2959 3278 3226 3354 βιωτικῶν
3280 3277 3673 3356 ἀφεστήκασιν.
3716 3269 3828 3328 Ἐτὶ·

493 3365 676 3428 rebus
707 3363 1004 3427 civilibus.
1035 3364 1289 3426 Tantum
1321 3374 1515 3428 autem
1551 3366 1815 3442 abest,ut
1842 3385 1941 3429 res
1957 3369 2134 3430 attin-

2225 3391 2423 3432 σκοπος
2480 3366 2533 3424 δὲ
2590 3367 2664 3427 ὢν
2707 3368 2795 3424 καὶ
2865 3372 3059 3445 ψυχῶν
3101 3366 3449 3445 ἐγχειρισθεὶς
3523 3360 3827 3442 προστασίαν,

495 3474 626 3534 gam
656 3455 988 3516 mundanas
1013 3463 1068 3515 et
1089 3453 1388 3526 civiles,ut
1407 3456 1517 3516 sim
1541 3455 1614 3516 ab
1638 3456 1724 3517 eis
1746 3464 1863 3518 tam
1885 3457 2134 3532 alienus,

2225 3460 2284 3518 οῦ
2341 3459 2566 3532 δύναμαι
2595 3463 3034 3533 παρανομοῦντας
3068 3455 3148 3530 μὴ
3178 3454 3447 3532 ἐλέγχειν,
3501 3453 3569 3511 Τί
3595 3453 3690 3530 γὰρ
3730 3447 3824 3502 ἄλλο

497 3563 674 3624 quam
708 3544 771 3618 ii,
801 3544 903 3624 qui
936 3543 1041 3603 diu
1081 3552 1218 3604 ante
1249 3551 1386 3604 sunt
1418 3545 1657 3619 mortui,
1691 3546 1909 3608 remoti
1939 3554 2078 3607 sunt
2106 3564 2134 3606 a

2227 3550 2256 3617 ἡ
2313 3546 2564 3622 ἐντολώ;
2645 3543 2926 3623 ”Ελεγξον,
2968 3546 3151 3623 φησιν,
3204 3545 3552 3618 ἒπιτίμησον,
3621 3535 3824 3616 παρακᾶο

494 3633 676 3696 rebus
701 3651 832 3713 qua:
861 3632 934 3693 ad
958 3632 1177 3693 victum
1212 3633 1537 3712 pertinent:
1571 3635 1675 3695 sed
1707 3653 1842 3697 cum
1877 3634 1991 3697 sim
2017 3635 2134 3716 epi-

2221 3640 2398 3696 λεσον.
2457 3637 2553 3694 Καὶ
2603 3637 2692 3692 τὸν
2749 3633 3119 3712 ἁμαρτάνοντα
3176 3631 3336 3688 πάλιν
3393 3629 3599 3687 κελεύει
3643 3630 3668 3684 ὁ
3711 3630 3817 3682 θεῖος

494 3739 732 3800 scopus,
767 3730 826 3781 et
871 3721 1018 3781 mihi
1071 3722 1392 3782 commissa
1450 3721 1525 3783 sit
1577 3741 1720 3784 cura
1777 3723 2134 3800 animarum,

2221 3725 2428 3791 Παῦλος
2460 3727 2689 3782 ὶνώπιον
2720 3724 2929 3783 πάντων
2972 3721 3249 3800 ελέγχειν,
3283 3718 3372 3776 ἵνα
3415 3721 3508 3776 καὶ
3557 3721 3605 3775 οἱ
3645 3716 3819 3816 λοιποὶ,

493 3818 761 3888 apertum
790 3809 914 3869 scio
939 3825 1071 3871 esse
1102 3809 1461 3888 periculum,
1492 3829 1608 3870 non
1635 3830 1886 3890 arguere
1915 3811 2134 3894 iniqui-

2224 3817 2376 3896 φησὶ,
2428 3811 2591 3895 φόϐον
2644 3811 2871 3891 ἔχωσιν.
2933 3801 3127 3886 ’Πμεϊς
3185 3807 3239 3866 δὲ
3309 3807 3455 3867 οὐδὲν
3516 3807 3710 3896 ἐκείνην
3756 3800 3802 3855 ἐπ

494 3906 699 3959 tatem.
737 3899 965 3959 Vereor
995 3897 1180 3972 enim,
1220 3915 1294 3958 ne
1326 3898 1400 3958 de
1434 3898 1603 3958 nobis
1647 3919 1885 3981 quoque
1913 3892 2134 3964 dicatur

2222 3892 2512 3971 ἐκκλησίας
2587 3903 2716 3980 πρὸς
2788 3900 2956 3975 ὄνομα
3026 3897 3142 3956 οὐδὲ
3218 3897 3454 3978 φανέρῶς
3541 3892 3817 3972 ἣλέγξαμεν,

491 3986 643 4048 illud
674 3987 831 4049 Osee
857 4002 871 4048 :
936 4009 962 4040 α
990 3986 1349 4048 Celaverunt
1378 3986 1720 4050 sacerdotes
1751 3990 1900 4051 viam
1943 3989 2134 4052 Domi-

2225 3995 2362 4052 ὥστε
2406 3999 2474 4069 τῇ
2517 3989 2736 4048 έασιλίδι
2793 3987 2912 4046 καθ’
2955 3989 3108 4061 ἡμῶν
3169 3987 3346 4061 μάτην
3390 3988 3423 4054 ἡ
3470 3986 3808 4069 ἀγανάκτησιςτ

494 4081 556 4136 ni
580 4076 664 4137 30:
711 4100 738 4132 ι»
775 4075 824 4136 si
851 4094 982 4148 nos,
1019 4093 1152 4136 cum
1187 4075 1404 4154 injuste
1428 4075 1654 4154 aliquid
1686 4077 2049 4152 admittatur,
2083 4078 2134 4140 id

2230 4086 2287 4142 Εἰ
2351 4082 2404 4138 δὲ
2450 4063 2498 4139 ’ὁ
2567 4080 2728 4157 λόγος
2802 4083 2955 4154 κοινῇ
3021 4077 3154 4134 κατὰ
3223 4082 3329 4132 τῶν
3399 4073 3696 4156 φιλαργυρίᾳ
3752 4063 3816 4121 καὶ

495 4164 758 4226 feramus
791 4163 1052 4226 silentio.
1081 4162 1198 4226 Sed
1229 4183 1364 4225 eum
1393 4166 1762 4246 quoque,qui
1792 4175 2020 4245 peccat,
2037 4168 2134 4246 ju-

2228 4171 2410 4235 ἄλλοις
2481 4171 2698 4226 πάθεσιν
2769 4166 3066 4223 ὑπευθύνων
3124 4164 3410 4243 φερόμενος
3482 4165 3634 4220 ὲνὶων
3678 4157 3810 4214 δάκνει

495 4253 598 4315 bet
638 4271 852 4316 rursus
882 4253 1122 4315 divinus
1151 4253 1368 4315 Paulus
1394 4255 1450 4304 5|
1501 4273 1701 4317 coram
1736 4256 2014 4317 omnibus
2043 4274 2134 4317 ar-

2224 4264 2286 4319 τὸ
2369 4257 2625 4337 συνειδὸς,
2693 4255 2861 4333 μηδὲν
2942 4256 3077 4330 ἡμῖν
3147 4253 3393 4325 ἐκεῖνοι,
3460 4251 3580 4310 ἀλλ’
3643 4251 3807 4337 ἑαυτοῖς

495 4361 706 4420 guere,
741 4352 811 4436 ut
847 4343 1088 4436 reliqui,
1115 4343 1338 4436 inquit,
1376 4344 1656 4436 timorem
1690 4341 1966 4436 Habeant.
2013 4344 2134 4436 Non

2226 4333 2642 4429 ἐγκαλείτωσαν..
2693 4355 2868 4405 Ταῦτα
2925 4345 3012 4400 καὶ
3062 4341 3201 4400 ἄλλα
3259 4344 3468 4407 τούταις
3518 4333 3803 4436 παραπλήσιξ

497 4440 698 4492 autem
730 4431 881 4493 nihil
903 4431 1078 4494 aliam
1112 4430 1171 4493 in
1203 4433 1500 4514 ecclesﬁs,
1536 4451 1734 4514 neque
1764 4433 2134 4510 nominatim,

2225 4443 2278 4497 αἱ
2347 4437 2671 4517 πεμφθέντες
2729 4439 2822 4502 τῆς
2880 4434 3032 4510 ἁγίας
3100 4431 3394 4499 ἀκηκοότες
3467 4431 3699 4524 γλώττης,

498 4537 693 4599 neque
753 4526 962 4600 aperte
990 4520 1320 4600 arguimus.
1347 4510 1652 4594 Quocirca
1685 4520 1862 4584 nobis
1911 4531 2134 4585 temere

2223 4534 2401 4605 γραφῇ
2421 4510 2510 4581 -τδι
2539 4523 2791 4603 εἰρημένα
2850 4520 3202 4602 παραδόντες,
3235 4520 3620 4593 ἐπανελθόντες,
3651 4510 3788 4614 ,ἀπίτ-

496 4618 811 4670 succenset
842 4613 1212 4690 imperatrix.
1269 4611 1374 4673 Sin
1404 4618 1606 4672 autem
1639 4610 1850 4686 oratio,
1884 4629 2019 4688 quae
2039 4611 2134 4673 in-

2220 4615 2432 4696 γειλαν,
2495 4613 2642 4671 οῦδὲν
2699 4613 2872 4670 ἀνύειν
2947 4613 3182 4676 εἰπόντες
3241 4610 3471 4678 τοξεύειν
3519 4613 3588 4675 εἰς
3628 4606 3776 4704 eripvi)"

495 4696 733 4760 vehitur
759 4697 822 4759 in
871 4715 1000 4775 eos,
1029 4699 1132 4780 qui
1171 4708 1313 4762 sunt
1341 4698 1586 4761 obnoxii
1618 4698 1879 4761 avaritiae
1921 4710 1978 4762 et
2007 4700 2134 4764 aliis

2220 4705 2567 4784 πειρώμενοι.
2636 4702 2949 4773 ’Ἄνθρωπον
2991 4704 3092 4778 γὰρ
3145 4698 3279 4757 ἰδεῖν
3336 4702 3560 4777 κρείττω
3599 4700 3672 4774 μὲν
3714 4696 3785 4766 96‘

495 4787 675 4862 vitiis,
713 4787 1142 4851 nonnullorum
1176 4787 1877 4865 mordetconscientiam,
1902 4807 2023 4852 non
2051 4790 2134 4852 illi

2220 4791 2334 4871 6ου,
2403 4793 2624 4867 κρείττω
2677 4788 2732 4847 δὲ
2781 4787 3090 4864 κολακείας,
3151 4789 3310 4848 αὒτοῦ
3373 4789 3599 4847 θανάτου
3657 4795 3785 4872 tua:

499 4894 637 4968 nos,
652 4875 1238 4968 sedseipsospotius
1263 4876 1969 4968 meritoireprebendant.
2000 4879 2134 4943 Haec

2221 4885 2537 4962 φρονοῦντα,
2597 4879 2652 4936 ἓν
2723 4876 3000 4936 δεδοικότα
3059 4877 3247 4954 μόνον,
3290 4879 3391 4947 τὴν
3459 4876 3690 4968 ἁμαρτίαν
3731 4877 3788 4968 ξιι

500 4973 559 5058 et
588 4964 706 5026 alia
756 4964 852 5027 his
895 4964 1120 5058 similia
1170 4985 1306 5058 cum
1359 4965 1666 5058 audissent
1719 4967 1785 5043 ii,
1819 4973 1921 5048 qui
1975 4969 2134 5033 missi

2223 4975 2284 5029 τὸ
2316 4970 2552 5038 λυπῆσαι
2598 4967 2682 5026 διὰ
2709 4970 2910 5034 ταύτης
2956 4966 3112 5028 Θεόν,
3177 4968 3384 5025 Τούτων
3414 4969 3449 5035 ἡ
3508 4963 3692 5058 Εὔδοξία
3720 4963 3790 5058 τιὖῖ

498 5054 752 5128 fuerant,
786 5055 1030 5135 scriptis
1053 5055 1410 5118 mandarunt
1433 5074 1564 5137 quae
1579 5055 1736 5118 dicta
1753 5065 1892 5120 sunt
1914 5075 1928 5120 :
1958 5065 2017 5121 et
2038 5077 2134 5121 re-

2225 5061 2402 5139 λόγων
2461 5058 2730 5116 ακούσασα
2775 5054 2922 5116 οὐδὲν
2963 5059 3150 5136 ἧττον,
3181 5055 3218 5125 ἢ
3275 5056 3553 5134 πρότερον,
3583 5053 3683 5112 τοὺς
3713 5062 3778 5139 ﬁt“

498 5142 680 5220 versi,
709 5132 991 5206 dixerunt
1015 5162 1080 5205 se
1111 5144 1260 5206 nihil
1292 5132 1560 5222 efﬁcere,
1595 5158 1884 5210 conantes
1912 5147 1976 5210 in
2016 5166 2134 5214 οω-

2229 5132 2388 5211 αὖτοῦ
2446 5147 2639 5224 θυμοὺς
2691 5151 2821 5224 σιγῇ
2878 5146 2966 5200 καί
3014 5132 3146 5200 καθ’⁷
3178 5132 3372 5213 ἑαυτῆν
3415 5143 3668 5224 ἔστρεφεν.
3702 5132 3790 5224 ET?

499 5233 620 5294 lum
645 5232 984 5311 jaculari,et
1004 5232 1219 5296 radere
1246 5220 1580 5311 leonem,et
1608 5235 1894 5298 adversus
1925 5238 2134 5300 stimu-

2225 5244 2326 5306 τῆς
2385 5220 2711 5304 Ἐκκλησίας
2745 5220 2924 5298 καλῶς
2975 5233 3210 5313 ἔχοδσης
3257 5235 3346 5291 xm
3400 5220 3519 5291 δσαί
3551 5220 3669 5313 ὧραι

499 5321 589 5409 los
618 5309 957 5396 calcitrare,
989 5323 1362 5405 nebulasque
1395 5309 1717 5398 caedere,et
1745 5326 1971 5389 tumulo
2002 5346 2134 5409 prta

2229 5325 2497 5386 εὐσέϐειαν
2556 5309 3052 5400 οικοδομονμένηςτ,
3127 5328 3225 5391 τῆς
3297 5321 3567 5385 πολιτείας
3597 5309 3606 5313 ”
3631 5339 3675 5376 τε
3717 5309 3780 5367 ﬂe

500 5407 728 5483 dicare,
765 5416 825 5470 et
877 5394 1012 5488 alia,
1047 5429 1181 5492 quae
1237 5394 1519 5474 dicuntur
1573 5394 1652 5475 de
1694 5413 1794 5489 iis,
1835 5434 1969 5496 qua!
2002 5394 2134 5481 ἠοω

2229 5418 2460 5484 ἑκάστην
2514 5415 2616 5472 ὑπὸ
2673 5394 2773 5482 is}
2843 5394 3003 5472 αὐτοῦ
3037 5394 3291 5491 ’γλώττης
3354 5409 3691 5491 ἀρδευομένη,
3740 5394 3793 5455 μὶ

579 5565 642 5618 99
670 5567 826 5629 Psal.
867 5583 972 5642 vn,
1005 5568 1102 5630 t5.
1190 5570 1254 5621 50
1287 5569 1441 5633 Osee
1469 5587 1551 5648 vr,
1585 5574 1648 5635 7.
1729 5573 1784 5622 δι
1822 5571 2033 5639 l'l‘irn.
2069 5597 2123 5655 v,
2158 5579 2260 5644 28.
