3996 6178
226 346 388 415 1137

1270 347 1456 410 VlTA
1501 347 1560 409 S.
1608 342 1931 409 JOANNIS
1981 342 2538 407 CHRYSOSTOMI.

3441 346 3592 411 1138

221 487 324 542 τὸν
376 486 512 541 κατὰ
562 486 692 541 Θεὸν
740 485 854 560 βίον
901 482 1363 562 καρποφορούσης,
1394 482 1531 539 ὥστε
1576 481 1712 557 μετὰ
1756 487 1862 538 τῶν

1965 485 2196 542 )ossunt
2218 477 2374 540 fieri.
2406 475 2515 538 Ille
2547 476 2706 538 enim
2731 477 2910 539 homo
2933 487 3022 540 est
3049 486 3209 540 metu
3230 480 3507 560 superior
3536 490 3596 544 et

219 573 412 630 ἄλλων
472 577 648 630 κακῶν
678 573 774 630 καί
829 577 934 630 τῶν
965 573 1202 642 συνήθων
1257 571 1457 628 τούτων
1517 571 1636 627 κατ’
1694 569 1872 648 ὀλίγον

223 662 575 743 ἀφίστασθαι,
636 663 984 733 ἱππομανίας,
1048 663 1210 738 φημὶ,
1281 662 1368 716 καὶ
1435 661 1692 736 θεάτρων,
1773 659 1873 726 τὴν

222 751 467 820 σπουδήν
526 773 581 808 τε
641 751 844 818 ταύτην
906 750 1040 828 πρὸς
1092 751 1152 805 τὸ
1221 748 1356 806 θέειν
1417 750 1490 812 εἷς
1565 749 1870 829 προσευχῆς

221 840 416 912 οἴκους
469 841 557 896 καὶ
623 839 776 904 ναοὺς
851 840 1037 915 Κυρίου
1087 837 1446 917 μετατιθέναι,
1504 839 1592 894 καὶ
1663 840 1871 894 κεῖσθαι

221 930 486 994 τοιαύτην
552 929 681 1005 πρὸς
748 925 1016 996 ἀλλήλους
1065 926 1164 991 τὴν
1219 924 1476 1000 ἅμιλλαν,
1528 926 1604 988 τίς
1663 933 1870 998 πρῶτος

224 1019 394 1076 οἶκον
449 1023 577 1075 Θεοῦ
636 1016 861 1094 φθάσας,
906 1015 995 1070 καὶ
1053 1014 1224 1086 τούτῳ
1280 1012 1482 1089 μᾶλλον
1537 1012 1868 1092 ἔνδιατρίψας

221 1105 477 1167 πλείονος
508 1105 688 1162 ὄναιτο
719 1107 805 1158 καὶ
831 1104 925 1170 τῆς
957 1101 1218 1182 ὠφελείας
1255 1121 1271 1178 ;
1303 1109 1476 1159 Ταῦτα
1519 1102 1657 1160 οὕτω
1689 1104 1864 1166 καλῶς

235 1217 299 1252 τε
346 1195 432 1250 καὶ
481 1191 735 1271 θεοφιλῶς
790 1193 1012 1272 ἔχοντα,
1044 1189 1233 1270 σρόδρα
1277 1193 1366 1247 τὸν
1419 1192 1606 1272 φθόνον
1663 1190 1872 1272 ἐλύπει,

234 1285 339 1341 Καὶ
391 1281 473 1338 διὰ
519 1289 670 1338 τοῦτο
701 1280 896 1338 πολὺυν
955 1281 1054 1352 μὲν
1112 1282 1199 1336 καὶ
1257 1278 1547 1347 κινδυνώδῆ
1589 1282 1682 1336 τὸν
1741 1283 1874 1337 κατὰ

228 1377 337 1438 τῆς
395 1369 717 1439 Ἐκκλησίας
778 1369 1031 1448 ἀνεγείρει
1091 1368 1276 1442 σάλον,
1311 1367 1474 1425 δεινὺν
1525 1368 1579 1426 δὶ
1626 1371 1712 1426 καὶ
1768 1371 1873 1445 βα-

229 1465 389 1517 θεῖαν
436 1463 601 1526 αὐτῆς
659 1460 918 1538 καταχέει
971 1463 1071 1525 τὴν
1102 1459 1292 1532 νύκτα,
1347 1459 1432 1513 τὸν
1466 1458 1634 1535 μέγαν
1676 1458 1794 1538 (φεῦ
1829 1459 1870 1536 1)

231 1549 516 1628 φωστῆρα,
578 1550 669 1604 τὸν
733 1550 838 1603 τῶν
911 1549 1104 1626 ψυχῶν
1175 1546 1349 1619 ἥλιον,
1411 1549 1609 1614 ταύτης
1671 1548 1876 1620 μακρὰν

233 1639 475 1707 ποιήσας
510 1637 607 1693 καὶ
640 1637 914 1712 ὒπερόριον
945 1637 1191 1709 θάμενος,
1229 1634 1396 1691 Ἀλλά
1423 1643 1636 1706 ζητεῖτε
1662 1640 1874 1714 μαθεῖν,

231 1725 384 1790 ὅπως
433 1724 543 1804 [ἵσ.
597 1725 840 1804 ὁποίους]
871 1725 958 1781 καὶ
1012 1725 1152 1787 τίνος
1197 1723 1325 1804 ἔσχε
1383 1725 1502 1788 τοὺς
1535 1727 1667 1803 πρὸς
1724 1732 1878 1782 τοῦτο

1958 568 2226 643 minis,et
2241 566 2527 629 adversus
2544 566 2732 645 ipsam
2766 585 3007 647 quoque
3031 578 3285 630 mortem
3311 568 3587 648 erigitur.

1953 655 2148 719 Unum
2174 656 2364 717 solum
2391 655 2578 727 timet,
2612 674 2828 736 nempe
2850 665 3181 736 peccatum,
3216 665 3274 719 et
3304 677 3379 719 ne
3405 658 3592 720 Deum

1956 763 2064 827 per
2092 745 2286 823 ipsum
2317 744 2409 806 vel
2443 743 2740 805 modicum
2772 743 3052 806 oerndat.
3088 745 3277 808 Parva
3310 746 3431 808 visa
3459 757 3598 808 sunt

1954 835 2078 896 haec
2109 831 2415 906 Eudoxiaa,
2438 832 2683 913 acrique
2716 840 2775 894 et
2803 834 3013 895 effreni
3043 834 3175 914 ejus
3209 836 3337 898 auri
3367 837 3598 916 cupidi-

1955 923 2082 986 tati.
2117 921 2514 994 Quamobrem
2548 921 2620 982 ab
2651 922 2740 983 ira
2771 930 2830 984 et
2857 922 3062 985 furore
3092 941 3213 984 non
3244 925 3595 998 desistebat,

1953 1011 2057 1074 sed
2090 1011 2245 1089 apud
2278 1029 2342 1072 se
2373 1009 2734 1072 habitantem
2769 1013 2953 1090 magis
2976 1013 3253 1074 versabat
3281 1014 3456 1086 iram,
3492 1034 3596 1076 ex-

1953 1108 2230 1180 spectans
2278 1107 2514 1178 tempus
2545 1107 2605 1160 et
2652 1100 3029 1162 occasionem
3062 1103 3214 1180 ejus,
3249 1103 3353 1182 qui
3405 1102 3595 1183 ipsam

1959 1187 2352 1268 despiciebat,
2387 1187 2718 1249 ulciscendi
2742 1207 2928 1270 usque
2958 1191 3028 1252 ad
3055 1191 3414 1253 satietatem.
3451 1192 3596 1254 Cum

1959 1295 2103 1356 ergo
2133 1285 2300 1339 recte
2329 1295 2393 1338 se
2427 1276 2674 1338 haberet
2702 1276 2992 1353 Ecclesia,
3016 1287 3072 1340 et
3102 1279 3506 1342 mdificaretur
3539 1283 3598 1342 in

1957 1365 2086 1426 dies
2112 1367 2183 1428 ad
2215 1366 2520 1446 pietatem:
2558 1377 2617 1427 et
2647 1366 2987 1447 respublica
3015 1368 3307 1446 rigaretur
3330 1370 3600 1448 quotidie

1959 1453 2031 1514 ab
2056 1455 2186 1534 ejus
2217 1455 2507 1533 lingua,et
2527 1455 2867 1536 vitam,quaa
2889 1465 3066 1517 estex
3101 1459 3599 1530 Deo,suavissime

1961 1543 2572 1623 produceretzetenim
2592 1563 2728 1605 cum
2755 1543 2888 1606 aliis
2910 1543 3239 1619 malis,haec
3261 1547 3601 1628 etiam.qua3

1959 1641 2129 1694 erant
2180 1632 2391 1693 usitata
2422 1641 2480 1695 et
2527 1633 2860 1713 familiaria,
2893 1633 3119 1714 incepit
3161 1643 3546 1698 contemnere
3581 1655 3595 1699 :

1959 1739 2179 1800 nempe
2228 1739 2516 1801 equorum
2549 1741 2760 1783 cursus
2810 1733 2868 1785 et
2912 1724 3161 1802 theatra,
3201 1733 3513 1805 castusque
3543 1735 3603 1786 et

231 1815 802 1893 καθυπουργήσαντας.
874 1814 1106 1882 Κινῆσας
1179 1814 1276 1888 μὲν
1349 1814 1435 1869 καὶ
1504 1812 1720 1889 ἄλλους,
1771 1820 1876 1870 τῶν

1965 1810 2289 1885 orationes,
2323 1829 2454 1890 quae
2485 1810 2632 1871 nihil
2665 1810 2964 1873 habebant
2994 1814 3138 1874 utile
3169 1823 3270 1874 aut
3320 1831 3602 1875 necessa-

233 1904 569 1977 ἐπισκόπων,
606 1909 764 1982 φημὶ,
801 1904 888 1958 καὶ
947 1903 1055 1959 τῶν
1084 1909 1176 1958 τοῦ
1246 1900 1472 1979 κλήρου,
1506 1903 1603 1969 τὴν
1652 1903 1875 1981 γνώμην

233 1991 566 2058 ἐπινηδείους
628 1995 757 2060 πρὸς
789 1994 849 2048 τὸ
907 1993 1126 2069 πομηρὰ
1170 1991 1450 2067 σπέρματα
1503 1998 1596 2048 τοῦ
1640 2000 1876 2069 πονηροῦ

233 2080 498 2152 δέξασθαι,
533 2082 644 2138 ἔστι
677 2081 721 2138 δ’
753 2085 838 2148 οὒς
869 2083 955 2137 καὶ
988 2086 1094 2135 τῶν
1125 2085 1223 2146 τῆς
1255 2079 1538 2156 βασιλικῆς
1570 2079 1734 2145 ab“:
1765 2082 1874 2137 ὑπ’

236 2171 541 2251 αρχόντων⁶
580 2170 696 2230 οὐδὲ
748 2184 994 2249 γυναῖκες
1025 2171 1122 2235 τῆς
1167 2168 1368 2242 ἀνόμου
1400 2170 1593 2236 ταύτης
1652 2169 1873 2225 ἀπελεί-

235 2264 443 2338 φθησαν
493 2261 811 2339 συμμορίας,
843 2257 980 2315 ἀλλὰ
1025 2258 1171 2335 μερὶς
1218 2257 1496 2314 κάντεῦθεν
1529 2266 1604 2332 τῷ
1655 2265 1875 2335 πονηρῷ

237 2349 463 2428 γίνεται,
527 2348 847 2427 φιλόκοσμοί
913 2367 1049 2408 τινες
1110 2345 1261 2402 οὖσαι
1308 2347 1393 2400 οιαὶ
1449 2345 1734 2419 ἐμπαθεῖς,
1790 2349 1878 2403 καὶ

237 2442 317 2509 τῷ
372 2435 686 2516 πεπλῇχθαι
718 2435 859 2513 παρὰ
887 2437 986 2501 τῆς
1032 2433 1232 2492 ἐκείνου
1274 2432 1519 2510 γλώττης
1551 2433 1670 2490 κατ’
1724 2433 1880 2490 αὐτοῦ

235 2527 550 2588 πνεύσασαι,
599 2527 700 2590 Οὒς
731 2523 784 2580 δὲ
835 2521 1179 2601 θερμοτέρους
1225 2522 1354 2602 εἶχε
1385 2525 1490 2578 τῶν
1521 2520 1697 2578 ἀλλων
1727 2523 1879 2599 ἀγω-

233 2613 442 2687 νιστάς,
486 2615 576 2670 τὸν
632 2611 1028 2689 Ἀλεξανδρείας
1102 2611 1358 2688 Θεόφιλον
1403 2609 1550 2667 οἶδεν
1607 2613 1634 2667 ὸ
1692 2609 1873 2689 λόγος,

232 2703 319 2758 καὶ
377 2711 468 2757 τὸν
529 2701 768 2779 Βεῤῥοίας
818 2700 1098 2772 Ἀκάκιον,
1153 2699 1435 2779 Ἀντίοχόν
1489 2721 1546 2756 τε
1580 2701 1672 2757 τὸν
1731 2706 1874 2756 Πτο-

233 2788 487 2862 λεμαίδος
547 2789 706 2868 φημὶ,
740 2791 827 2845 καὶ
887 2785 1207 2864 Σεϐηρίανὸν
1257 2789 1348 2844 τὸν
1407 2786 1687 2846 Γαόἆλων.
1727 2789 1864 2866 Πρὸς

1959 1900 2140 1964 rium:
2171 1909 2228 1962 et
2257 1901 2415 1978 quod
2439 1901 2499 1961 in
2525 1921 2593 1963 ea
2629 1902 2893 1982 ponebat
2923 1905 3186 1980 studum,
3209 1906 3498 1966 convertit
3527 1906 3600 1966 ad

1962 1991 2328 2052 currendum
2357 1991 2426 2053 ad
2462 1991 2622 2052 aedes
2651 1992 2933 2054 orationis
2966 2003 3024 2054 et
3052 1994 3125 2054 ad
3150 1993 3368 2073 templa
3403 1993 3602 2055 Domi-

1960 2077 2203 2139 nizadeo
2227 2087 2288 2138 ut
2305 2079 2465 2140 inter
2479 2099 2543 2140 se
2561 2081 3165 2161 contenderent,quis
3189 2081 3417 2143 veniret
3439 2083 3604 2162 prior

1959 2167 2015 2226 in
2042 2167 2325 2246 templum
2350 2169 2607 2243 Domini,
2635 2177 2693 2230 et
2713 2169 2774 2229 in
2799 2188 2867 2230 eo
2904 2179 3243 2232 versaretur
3272 2170 3517 2241 diutius,
3545 2179 3604 2231 et

1961 2255 2247 2334 majorem
2281 2256 2618 2336 perciperet
2639 2257 2947 2319 utilitatem
2964 2257 3122 2320 .Haec
3145 2279 3280 2339 qua:
3302 2259 3452 2320 adeo
3477 2259 3602 2338 pul-

1961 2345 2106 2404 chre
2129 2351 2189 2405 et
2209 2345 2304 2423 pie
2322 2363 2385 2405 se
2403 2344 3019 2420 habebant,invidiam
3041 2366 3252 2426 magna
3270 2346 3605 2408 afﬁciebant

1963 2432 2278 2493 molestia:
2318 2442 2376 2493 et
2405 2433 2540 2494 ideo
2591 2435 3011 2497 vehementem
3046 2436 3285 2515 quidem
3322 2450 3380 2497 et
3436 2435 3601 2514 peri-

1963 2520 2224 2582 culosam
2285 2522 2571 2583 adversus
2627 2520 2954 2586 Ecclesiam
3001 2525 3218 2586 excitat
3277 2531 3601 2603 tempesta-

1963 2620 2084 2671 tem
2126 2631 2137 2666 :
2199 2627 2434 2688 gravem
2493 2621 2688 2674 autem
2751 2620 2809 2673 et
2859 2613 3214 2693 profundam
3264 2613 3318 2675 ei
3349 2611 3605 2674 offundit

1962 2707 2225 2776 noctem,
2262 2717 2474 2779 magno
2528 2700 2652 2775 illo,
2683 2719 2787 2782 pro
2819 2701 3026 2763 dolor!
3082 2701 3362 2764 luminari
3394 2709 3452 2763 et
3478 2701 3605 2762 sole

1961 2788 2326 2867 animarum,
2363 2789 2569 2868 procul
2622 2789 2697 2853 ab
2757 2809 2826 2852 ea
2857 2791 3169 2852 amandato
3215 2801 3273 2854 et
3304 2791 3484 2852 misso
3543 2791 3608 2850 in

229 2880 431 2940 τούτοις
491 2876 578 2934 δύο
608 2898 663 2933 τε
720 2885 824 2932 τών
859 2873 1219 2954 πρεσϐυτέρων
1276 2877 1436 2950 ἦσαν,
1470 2876 1566 2932 καὶ
1592 2883 1700 2932 τῶν
1745 2874 1863 2931 δια-

1965 2875 2259 2938 exsilium.
2296 2875 2410 2938 Sed
2445 2879 2660 2958 cupitis
2690 2879 2970 2955 scire,sat
2999 2880 3148 2956 scio,
3174 2897 3466 2960 quosnam
3500 2879 3610 2940 ha-

234 2965 406 3022 κόνων
480 2966 644 3040 πέτε,
721 2967 818 3031 τὴν
882 2967 1088 3043 φαύλην
1160 2965 1357 3031 ταύτην
1433 2963 1867 3041 συμπληροῦντες

1965 2963 2149 3026 buerit
2212 2965 2406 3043 gravis
2461 2967 2710 3049 invidia,
2746 2969 2844 3050 qui
2892 2969 3122 3033 celeres
3149 2972 3334 3051 pedes
3364 2969 3436 3030 ad
3493 2970 3609 3030 hoc

241 3057 596 3129 συνωμοσίαν,
631 3056 702 3112 Οὔ
733 3068 922 3133 χεῖρον
953 3051 1007 3109 δὲ
1050 3051 1286 3119 δηλῶσαι
1317 3054 1403 3108 καὶ
1435 3055 1526 3118 τὰς
1554 3053 1722 3116 αἰτίας
1754 3051 1867 3109 ὅθεν

1965 3051 2307 3115 intulerunt.
2343 3055 2528 3118 Movit
2558 3057 2802 3137 quidem
2855 3067 2913 3120 et
2942 3059 3090 3121 alios
3122 3049 3190 3121 ex
3227 3058 3527 3138 episcopis
3552 3066 3612 3119 et

245 3146 272 3200 ὃ
317 3143 551 3218 πόλεμος
595 3142 716 3219 ἦρξε
761 3147 828 3218 τῇ
858 3141 1171 3212 Ἐκκλησία.

1965 3140 2205 3203 clericis
2257 3160 2508 3224 quorum
2540 3146 2778 3207 animus
2837 3156 2963 3208 erat
3015 3157 3212 3226 aptus,
3249 3157 3311 3209 ut
3364 3147 3609 3226 maligni

246 3237 578 3317 susciperet
605 3235 872 3297 semina:
915 3256 938 3290 ιι
965 3232 1072 3307 Qui
1105 3235 1380 3296 fecerunt
1405 3232 1745 3310 consilium,
1780 3239 1842 3294 et
1872 3250 1993 3294 non
2030 3253 2138 3314 per
2169 3253 2266 3296 me
2296 3261 2318 3294 ε
2357 3236 2512 3314 (haec
2547 3230 2691 3300 dicit
2720 3238 2905 3300 Isaias
2932 3240 3008 3314 29,
3041 3241 3348 3303 disserens
3379 3241 3440 3301 in
3463 3258 3608 3318 per-

245 3344 388 3388 sona
419 3323 680 3404 Domini)
713 3348 740 3380 ι
778 3332 837 3386 et
858 3332 1028 3404 pacta
1051 3331 1370 3401 conventa,
1394 3332 1451 3384 et
1485 3341 1602 3383 non
1633 3339 1740 3410 per
1770 3320 2046 3400 spiritum
2082 3342 2306 3386 meum:
2339 3347 2369 3383 ν
2406 3334 2463 3386 et
2494 3327 2818 3390 nonnullos
2849 3330 3053 3400 etiam,
3077 3330 3176 3410 qui
3201 3339 3458 3392 erantex
3483 3329 3611 3408 ipsa

244 3415 379 3477 aula
408 3412 811 3495 imperatoris.
848 3413 933 3473 Ne
970 3411 1251 3472 mulieres
1278 3410 1523 3490 quidem
1554 3429 1620 3470 se
1649 3408 1722 3471 ab
1755 3409 1868 3470 hoc
1900 3410 2104 3490 iniquo
2141 3420 2298 3474 ccetu
2331 3413 2778 3488 abstinuerunt,
2810 3418 2912 3478 sed
2965 3436 3050 3478 eae
3077 3408 3316 3498 quoque
3353 3418 3612 3496 maligno

246 3505 484 3567 fuerunt
515 3521 650 3583 pars
683 3518 990 3582 germana.
1022 3499 1207 3560 Erant
1253 3500 1524 3579 quaedam
1559 3498 1865 3572 mulieres,
1899 3516 2029 3577 quae
2063 3501 2283 3562 mundo
2337 3503 2791 3566 delectabantur
2820 3515 2879 3566 et
2910 3514 3078 3567 erant
3107 3506 3380 3568 obnoxiae
3430 3508 3610 3568 vitiis.

248 3595 391 3668 Quae
436 3591 702 3675 quidem,
739 3589 896 3671 quod
928 3588 1003 3651 ab
1057 3589 1218 3650 illius
1249 3589 1444 3667 lingua
1477 3587 1758 3649 saucialae
1814 3587 2066 3669 fuerant,
2103 3590 2159 3649 in
2199 3609 2334 3653 eum
2367 3593 2755 3655 vehementes
2804 3595 3158 3673 concipiunt
3190 3605 3252 3657 et
3297 3597 3610 3658 effundunt

248 3684 514 3764 Spiritus.
545 3681 707 3756 Quos
735 3691 932 3742 autem
963 3677 1168 3740 habuit
1197 3678 1466 3740 acriores
1493 3676 1628 3767 aliis
1656 3676 2060 3767 adversarios,
2096 3680 2135 3738 ii
2181 3679 2446 3756 fuerunt,
2481 3682 2858 3744 Alexandriae
2887 3683 3284 3767 Theolihilus,
3314 3687 3616 3748 Berrhceae

246 3773 522 3844 Acacius,
558 3769 912 3833 Severianus
941 3767 1328 3856 Gabalorum,
1361 3774 1420 3827 et
1449 3765 1792 3856 Antiochus
1819 3765 2252 3856 _Ptolemaidis.
2287 3769 2510 3832 Praeter
2542 3772 2672 3847 hos,
2707 3772 2824 3834 duo
2876 3773 3231 3854 presbyteri,
3265 3765 3322 3836 et
3351 3775 3616 3856 quinque

248 3861 481 3924 diaconi
505 3859 682 3920 simul
714 3865 1063 3937 eruperunt.
1095 3855 1431 3935 Cercopum
1460 3855 1583 3934 (17)
1623 3853 1961 3934 improbum
1989 3857 2307 3936 quemdam
2340 3869 2559 3922 coetum
2593 3879 2697 3923 eos
2729 3853 3288 3942 dixeritqui’spiam,
3322 3853 3420 3925 aut
3453 3853 3615 3926 viros

249 3951 600 4030 sanguinum
661 3955 718 4008 et
750 3945 1004 4020 fraudis,
1036 3952 1100 4006 ut
1153 3963 1185 4007 e
1216 3944 1418 4008 divina
1471 3942 1874 4032 Scriptura35
1936 3944 2165 4025 aliquid
2195 3948 2426 4011 dicatur
2483 3951 2700 4032 potius.
2735 3950 2851 4014 Sed
2912 3952 3096 4013 satius
3129 3954 3386 4016 fortasse
3439 3954 3618 4016 fuerit

250 4038 586 4108 ostendere,
625 4036 925 4097 undenam
960 4034 1186 4096 bellum
1219 4032 1470 4113 ceperit
1501 4032 1563 4093 in
1593 4031 1885 4096 Ecclesia.

330 4123 458 4192 ΛΔ’.
512 4119 610 4188 Ἠν
659 4152 740 4194 τις
772 4129 825 4184 ἒν
874 4127 1239 4204 Ἀλεξανδρείᾳ
1289 4125 1663 4206 πρεσϐύτερος,
1699 4127 1879 4184 τοῦνο-

2023 4127 2428 4195 XXXIV.Erat
2449 4133 2828 4196 Alexandriae
2845 4135 3153 4216 presbyter
3169 4136 3409 4216 quidam
3429 4144 3620 4198 nomi.

253 4245 328 4298 μα
372 4222 590 4299 Πέτρος,
625 4221 718 4275 τοῦ
775 4216 1142 4294 πρεσϐυτερίου
1169 4217 1267 4283 τῆς
1317 4216 1435 4272 κατ’
1467 4218 1592 4272 αὖτο
1647 4215 1886 4284 Ἐκκλη-

258 4312 367 4376 νίας
422 4310 529 4367 τῶν
562 4307 832 4385 πρωτείων
883 4305 1300 4380 ἐπειλημμένος.
1357 4306 1536 4377 Τούτῳ
1565 4303 1633 4360 δι’
1693 4305 1888 4385 ἔχθρας

261 4403 287 4457 ὁ
347 4396 606 4478 Θεόφιλος
639 4399 732 4453 οὒκ
769 4393 877 4452 οἶδ’
909 4393 1025 4450 ὅθεν
1069 4395 1354 4469 γενόμενος
1400 4393 1642 4471 (ἕπείπερ
1671 4395 1738 4462 ἦν
1790 4417 1888 4450 κα-

260 4489 576 4567 κουργῆσαι,
609 4487 700 4542 καί
743 4482 998 4550 διαϐολήν
1030 4486 1293 4540 συνθεῖναι
1332 4488 1439 4538 τῶν
1468 4481 1526 4538 ἑκ
1575 4490 1665 4539 τοῦ
1693 4486 1890 4546 παντὸς

262 4580 445 4639 αἰῶνος
519 4574 892 4652 ποριμώτατός
949 4593 1006 4628 τε
1071 4573 1156 4627 καὶ
1228 4570 1637 4649 σκολίώτατος),
1700 4579 1891 4648 μῶμον

264 4663 506 4723 ἔσπευδεν
564 4663 898 4738 ἀπενεγκεῖν,
931 4663 1004 4724 ὡς
1063 4661 1156 4727 εἴη
1202 4662 1432 4737 γυναῖκά
1483 4682 1600 4716 τινα
1630 4666 1724 4728 τῆς
1786 4665 1891 4720 τῶν

265 4753 576 4834 Μανιχαίων
621 4751 869 4828 αἱρέσεως
928 4750 988 4805 τὸ
1041 4755 1206 4824 μῦσος
1259 4747 1405 4805 οὔπω
1446 4754 1542 4815 τῆς
1590 4748 1893 4816 κακοδοξίας

264 4843 626 4918 ἆπωσαμὲνην
697 4841 767 4901 εἷς
841 4839 1116 4895 χοιθώνίαν
1188 4835 1632 4915 παραδεξάμενος.
1730 4842 1896 4898 Αὐτοῦ

264 4931 315 4988 δὲ
373 4923 763 5003 διατεινομένου
794 4929 879 4984 καὶ
922 4927 1015 4994 τῆς
1046 4925 1198 4994 δόξῆς
1249 4929 1413 4993 αὐτὴν
1470 4931 1895 5005 μετατεθεῖσθαι,

267 5023 350 5078 καὶ
409 5020 546 5076 κατᾶ
581 5039 802 5095 γνωμην
857 5022 934 5089 τῷ
992 5017 1076 5070 νῦν
1137 5016 1422 5094 Αατηγόρω
1466 5015 1663 5082 ταύτην
1719 5039 1896 5096 παρα-

266 5107 527 5187 δεδέχθαι,
587 5106 674 5162 οισίῖ
766 5105 1000 5182 μάρτυρα
1067 5105 1264 5162 τούτων
1332 5105 1423 5160 τὸν
1513 5103 1899 5174 Πηλουσιώτην

266 5195 526 5274 Ἰσίδωρον
569 5214 939 5267 παριστοντος,
995 5191 1154 5269 ἄνδρα
1210 5194 1309 5269 βίῳ
1358 5215 1415 5250 τε
1474 5193 1561 5249 καὶ
1612 5192 1757 5273 λόγῳ
1801 5194 1894 5252 ἕνα

269 5286 371 5342 τῶν
445 5283 646 5342 πολλοῦ
700 5281 864 5360 λόγου
937 5279 1347 5354 Αατηξιωμένων
1417 5281 1749 5360 ὑπάρχοντα,
1803 5283 1894 5341 ὑπ’

891 5454 955 5506 33
981 5453 1136 5518 Psal.
1170 5470 1292 5530 LIV,
1325 5453 1424 5517 24.

349 5619 478 5700 (ΓΙ)
511 5617 614 5681 Αἰ.
643 5614 1006 5680 Cerdonum.

345 5459 404 5511 ιθ
431 5456 548 5523 Isa.
581 5474 719 5532 xxx,
751 5457 806 5518 l.

1974 4236 2049 4280 ne
2063 4218 2405 4302 Petrus,qui
2429 4223 2488 4285 in
2510 4222 2914 4304 presbyteratu
2934 4243 3057 4286 suae
3074 4223 3355 4287 Ecclesiae
3386 4227 3618 4306 primas

1974 4318 2168 4386 partes
2194 4311 2612 4374 obtinuerat.ls
2637 4332 2770 4374 cum
2794 4313 2995 4376 nescio
3016 4316 3311 4394 quomodo
3331 4317 3390 4376 in
3414 4314 3618 4377 odium

1973 4395 2232 4458 venisset
2251 4396 2586 4478 Theophilo
2609 4401 2884 4481 quoniam
2919 4402 2990 4463 ad
3026 4403 3488 4465 machinandum
3517 4403 3620 4464 ali-

1976 4483 2118 4562 quid
2151 4499 2208 4546 et
2233 4490 2575 4550 struendam
2601 4489 2987 4570 calumniam,
3015 4500 3141 4553 erat
3161 4509 3392 4569 eorum,
3419 4493 3517 4574 qui
3551 4512 3622 4555 ex

1977 4578 2098 4662 toto
2130 4577 2348 4637 saeculo
2368 4577 3320 4657 fuerunt,ingeniosissimus,non
3339 4599 3516 4662 parva
3538 4581 3622 4644 la-

1977 4660 2052 4722 he
2077 4680 2183 4741 per
2203 4663 2469 4727 fraudem
2495 4685 2630 4728 eum
2655 4668 2937 4747 aspergit.
2966 4687 3185 4750 nempe
3215 4660 3372 4752 quod
3398 4671 3618 4733 mulie-

1975 4768 2103 4811 rem
2130 4754 2447 4832 quamdam
2472 4756 2718 4820 haeresis
2740 4757 3354 4825 Manichzeorum,cum
3376 4777 3504 4820 eam
3523 4778 3620 4820 ex-

1980 4841 2329 4903 secrandam
2356 4845 2620 4907 nondum
2643 4846 2966 4926 repulisset
2987 4848 3622 4928 opinionem.admisis-

1977 4930 2156 5018 setad
2180 4934 2782 4996 communionem.Eo
2802 4946 2998 4997 autem
3023 4947 3415 5012 asserente,et
3432 4938 3619 5018 ipsam

1982 5016 2146 5096 prius
2168 5018 2330 5081 illam
2353 5022 2667 5102 abiurasse
2689 5023 3065 5103 opinionem,
3089 5035 3145 5086 et
3171 5016 3494 5088 admissam
3522 5043 3621 5088 es-

1981 5122 2045 5166 se
2085 5124 2118 5166 e
2143 5111 2440 5174 sententia
2467 5114 2598 5193 ejus
2623 5113 2723 5194 qui
2755 5133 2916 5175 nunc
2956 5123 3047 5175 est
3072 5116 3460 5189 accusatoris,
3492 5125 3623 5179 tan-

1978 5211 2154 5273 quam
2187 5197 2302 5260 hoc
2344 5219 2461 5262 non
2493 5201 2791 5263 sufficeret
2819 5201 2891 5264 ad
2930 5203 3108 5264 fidem
3154 5203 3514 5280 faciendam,
3547 5204 3621 5267 ab

1979 5301 2050 5344 eo
2098 5303 2336 5366 quoque
2357 5290 2647 5353 adductus
2682 5299 2772 5353 est
2805 5292 2969 5355 testis
3002 5292 3265 5356 Isidorus
3293 5294 3618 5372 Pelusiota,
