3996 6178
109 330 328 398 1141
1251 333 1434 401 VITA
1481 338 1540 400 S.
1592 337 1913 402 .IOANNIS
1956 334 2508 402 CHRYSOSTOMI.
3405 339 3557 404 1142

106 473 308 528 κατὰ
393 473 618 552 γνώμην
662 477 972 552 γενόμενον,
1049 473 1295 550 οὗδεμίαν
1351 481 1428 548 τῷ
1469 475 1653 554 χρόνῳ
1693 472 1804 529 δόντ

1920 471 2051 549 ejus
2102 469 2302 530 ﬁlius:
2364 487 2514 549 quos
2573 470 2626 530 ei
2687 469 2928 532 dicebat
2993 469 3235 531 dedisse
3286 488 3554 534 sororem

109 557 414 635 τριϐὴν,
451 566 511 620 τὸ
542 565 638 631 τῆς
684 566 898 641 Νιτρίας
944 565 1140 632 ἐπῆλθε
1171 561 1498 620 καταλαϐεῖν
1555 563 1698 640 ὅρος,
1745 562 1799 616 *ίν

1921 557 2264 638 Theophili,
2303 558 2641 620 mercedem
2669 565 3025 639 comparatae
3071 559 3131 618 in
3162 558 3330 619 illum
3385 577 3558 641 syco-

118 651 242 705 καὶ
311 653 593 730 πρότερον
637 657 698 710 hx
743 655 861 710 νέου
900 656 992 710 τὸν
1038 652 1197 709 καλὸι
1257 653 1354 720 τῆς
1409 652 1690 720 ἀσκήσεως
1751 649 1797 706 δι

1924 647 2345 726 phantiaeJlaec
2374 665 2506 706 cum
2540 647 2828 708 audiisset
2857 646 3097 727 quidem
3131 646 3415 726 Isidorus,
3441 647 3560 727 egit

117 739 345 804 ἤνυσε
405 743 540 816 βίον.
590 743 742 800 Ἐκεῖ
772 747 860 799 οὖν
892 747 979 798 καὶ
1009 742 1152 803 αὖθις
1194 740 1472 819 συχνεὶζων
1504 742 1638 796 κατὰ
1671 741 1804 814 μόνα

1919 735 2371 809 silentium,soli
2405 734 2524 796 Deo
2558 735 2912 816 relinquens
2934 735 3283 796 universum
3317 754 3330 796 :
3368 745 3429 796 ut
3457 738 3557 816 qui

121 825 214 892 ἦν
257 831 368 902 τῷ
403 835 522 899 Θεῴ
552 834 959 909 συγγινόμενος,
996 831 1144 898 Πλὴν
1175 828 1293 886 οὒόὲ
1323 829 1487 894 οὕτως
1519 828 1711 904 ἔμελλε
1740 829 1804 884 τὰ

1918 823 2129 884 laudes
2150 824 2394 904 quidem
2419 823 2618 886 celare
2642 832 2836 903 potius
2857 823 3334 897 dedicisset,non
3359 831 3555 886 autem

124 919 460 996 Θεοφίλου
504 922 679 998 πάγας
724 920 1032 1000 διαφυγεῖν,
1079 919 1285 995 μᾶλλον
1357 918 1412 974 δὲ
1471 926 1562 974 τοῦ
1621 919 1804 974 πάντω

1919 913 2793 990 vituperationes.Adolescens
2821 933 2955 975 vero
2977 923 3142 975 ratus
3165 913 3252 974 sic
3282 912 3395 973 sibi
3427 931 3554 974 rem

127 1005 388 1085 ἐχθροῦ
424 1030 480 1065 τε
512 1012 598 1067 καὶ
629 1009 891 1074 πολεμίου
919 1025 932 1039 ’
969 1011 1028 1073 ὃς
1059 1007 1152 1064 καὶ
1184 1005 1436 1082 Ἰσιδώρῳ
1465 1006 1636 1084 ἐπῆγε
1667 1007 1837 1084 πράγο

128 1117 326 1168 ματα
395 1099 700 1173 βασκαίνων
755 1104 856 1166 τῆς
917 1099 1136 1175 ἀρετῆς,
1184 1099 1279 1153 καί
1325 1095 1688 1174 Θεόφιλοντῷ
1719 1102 1836 1170 Θεῷ

1919 1001 1976 1063 in
2011 1011 2133 1064 tuto
2166 1002 2350 1081 magis
2401 1002 2682 1074 futuram,
2733 1003 2792 1064 in
2825 1003 3089 1064 divinum
3126 1003 3414 1081 templum
3447 1021 3550 1062 ac-

1916 1091 2166 1166 cedens,
2197 1091 2462 1170 confugit
2485 1092 2561 1152 ad
2593 1092 2803 1154 altare.
2839 1092 2984 1154 Cum
3017 1100 3215 1152 autem
3244 1093 3330 1153 sic
3365 1092 3552 1170 magis

133 1187 543 1262 προσκρούειν
601 1187 792 1261 ἐποίει,
825 1189 963 1244 κατὰ
996 1193 1100 1243 τῶν
1129 1191 1207 1258 τῷ
1257 1192 1372 1258 Θεῷ
1429 1185 1832 1259 προσκειμένων

133 1273 450 1346 ὁπλίζων.
517 1279 776 1343 Κεκίνητο
809 1278 909 1353 γὰρ
971 1275 1090 1332 κατ’
1153 1275 1333 1330 ἐκεῖνο
1377 1282 1562 1352 καιροῦ
1604 1275 1828 1343 ζήτησις

136 1361 206 1416 ἒν
264 1379 410 1428 τοῖς
469 1367 607 1422 κατὰ
663 1368 761 1432 τὴν
821 1365 1094 1442 Αἴγυπτον
1133 1364 1534 1439 μοιαστηρίοις.
1573 1361 1830 1418 Βούλεται

133 1449 202 1504 δὲ
245 1453 280 1507 ὁ
327 1452 498 1530 λόγος
531 1452 727 1510 ἄνωθεν
758 1456 897 1528 ἡμῖν
929 1457 988 1509 τὸ
1013 1459 1235 1531 πρᾶγμα
1266 1451 1529 1519 δηλῶσαι,

1916 1181 1978 1242 in
1992 1180 2241 1242 dubium
2262 1182 2494 1243 veniret
2513 1180 3331 1263 The0pliilus,abdicat,proh
3357 1180 3550 1254 dolor,

1915 1270 1990 1332 ob
2025 1281 2140 1332 tam
2177 1271 2368 1332 levem
2402 1271 2790 1346 calumniam,
2846 1271 3165 1343 Isidorum,
3202 1279 3257 1331 et
3289 1280 3451 1332 arcet
3480 1271 3552 1332 ab

1915 1360 2436 1422 ecclesia.Deinde
2466 1361 2568 1422 ille
2590 1363 2856 1424 cumhoc
2889 1380 2993 1440 pro
3018 1361 3185 1422 lucro
3219 1360 3548 1436 habuisset,

1915 1461 1974 1511 et
2005 1468 2071 1510 ex
2124 1449 2255 1528 ejus
2301 1451 2696 1512 successisset
2753 1451 3073 1529 sententia,
3130 1450 3276 1510 dans
3324 1450 3543 1510 nullam

135 1544 248 1604 rei
291 1545 687 1626 dilationem,
718 1547 877 1608 venit
909 1546 962 1608 ei
999 1547 1054 1607 in
1101 1553 1364 1606 mentem
1397 1545 1467 1604 ad
1502 1552 1760 1604 montem
1794 1541 1998 1604 Nitriae
2053 1541 2373 1624 proﬁcisci,
2411 1544 2511 1605 ubi
2542 1544 2705 1624 prius
2735 1544 2810 1604 ob
2843 1545 3089 1604 ineunte
3121 1550 3289 1603 aetate
3345 1551 3551 1619 egerat

141 1635 505 1713 pulchram
559 1637 738 1696 vitam
786 1633 1256 1697 exercitationis.
1309 1631 1440 1695 Illic
1490 1651 1631 1710 ergo
1665 1650 1872 1693 rursus
1926 1629 2194 1710 vacabat,
2227 1650 2360 1692 cum
2404 1634 2527 1694 Deo
2568 1633 2694 1693 solo
2724 1633 3138 1709 congrediens.
3187 1630 3301 1692 Sed
3337 1649 3413 1693 ne
3461 1630 3547 1692 sic

141 1725 434 1802 quidem
488 1725 541 1786 ei
602 1723 1046 1787 concedebatur
1087 1740 1221 1784 esse
1281 1729 1443 1783 extra
1477 1722 1578 1782 teli
1630 1723 1876 1798 jactum,
1911 1737 2106 1800 neque
2137 1728 2265 1780 erat
2295 1721 2615 1782 evitaturus
2667 1720 2984 1800 Theophili
3015 1721 3281 1800 laqueos,
3314 1720 3402 1781 vel
3435 1737 3546 1800 po-

145 1816 288 1874 tius
329 1813 674 1875 communis
703 1813 972 1874 omnium
1009 1812 1218 1886 hostis,
1248 1811 1347 1892 qui
1381 1811 1504 1872 haec
1549 1810 1702 1871 mala
1731 1808 1961 1870 Isidoro
2019 1808 2326 1882 intulerat,
2361 1811 2488 1888 ejus
2515 1809 2715 1870 virtuti
2747 1809 3019 1871 invidens
3055 1830 3068 1871 :
3107 1817 3164 1872 et
3211 1807 3546 1890 TheOphilo

143 1911 394 1962 auctor
424 1902 550 1978 fuit,
585 1911 649 1964 ut
682 1901 865 1964 Deum
909 1900 1266 1981 oﬂ‘euderet,
1299 1900 1467 1960 illum
1501 1915 1850 1979 oppugnans
1875 1914 1982 1977 per
2038 1915 2127 1976 ea,
2163 1915 2293 1976 quae
2325 1917 2388 1958 se
2420 1898 2771 1961 efferebant.
2827 1897 2992 1959 Tunc
3026 1899 3183 1959 enim
3219 1905 3378 1959 mota
3424 1905 3550 1958 erat

150 1991 403 2070 qumtio
452 1991 513 2052 in
545 1990 942 2063 monasteriis,
979 2007 1114 2068 quae
1146 1997 1314 2050 erant
1346 1989 1406 2049 in
1438 1988 1698 2068 [Egypto
1733 1986 1887 2066 (19).
1943 1983 2082 2047 Vult
2110 1995 2305 2048 autem
2342 1987 2530 2048 oratio
2565 1985 2736 2047 nobis
2774 2004 2901 2048 rem
2937 1987 3108 2067 paulo
3141 1987 3318 2047 altius
3361 2005 3543 2066 repe-

151 2079 344 2141 titam
383 2079 707 2142 declarare.

256 2176 394 2234 AE'.
445 2167 507 2230 Ἠ
565 2173 619 2230 δὲ
651 2177 902 2248 ζήτησις,
933 2181 1039 2230 τῶν
1071 2175 1169 2247 μὲν
1202 2181 1358 2246 σῶμα
1389 2175 1532 2229 εἶναι
1565 2173 1624 2228 τὸ
1657 2179 1804 2226 Θεϊοκ

1977 2165 2214 2230 XXXV.
2248 2168 2508 2242 Qumstio
2567 2179 2764 2231 autem
2800 2179 2949 2242 erat,
2986 2187 3119 2230 cum
3153 2169 3254 2230 alii
3287 2170 3532 2250 quidem

153 2265 476 2343 λε’(ἀντων,
537 2264 731 2343 σχῆμά
775 2285 830 2318 τε
865 2265 950 2318 καὶ
982 2263 1263 2340 πρόσωπον
1321 2262 1596 2337 ἀνθρώπου
1656 2281 1814 2334 περι-

157 2355 426 2426 κείμενον
481 2355 569 2410 καὶ
630 2353 863 2430 μορφὴν,
899 2350 1013 2406 ὅσοι
1045 2355 1150 2407 τῶν
1185 2351 1500 2429 παχυτέρων
1545 2350 1580 2416 ἢ
1614 2349 1812 2421 ἀμαθε·

159 2443 380 2519 στέρων
411 2444 659 2520 ὃπῆρχον
693 2457 705 2470 ’
740 2443 846 2497 τῶν
877 2438 931 2494 δὲ
964 2440 1102 2505 ὅλως
1141 2440 1427 2513 ἀσώματον
1487 2439 1612 2494 cat-3:0
1668 2439 1812 2491 τιθε-

166 2551 356 2604 μενων
417 2533 504 2586 καὶ
562 2530 743 2595 πάσης
807 2529 1085 2608 ἐμφερείας
1129 2530 1212 2584 καὶ
1261 2527 1466 2605 μορφῆς
1524 2525 1812 2601 ἀνθρώπων

167 2618 601 2694 ἀπηλλαγμένον
635 2633 648 2648 ·
698 2617 803 2673 τῶν
835 2616 1171 2695 ὶογιωτέρων
1201 2614 1256 2670 δὲ
1299 2621 1456 2670 τοῦτο
1513 2616 1598 2669 καὶ
1629 2611 1810 2678 ὀξυτέο

168 2731 306 2782 ρων,
372 2707 581 2771 Ταύτην
641 2712 922 2782 τοιγαροῦν
979 2710 1075 2770 τῆς
1144 2703 1354 2781 μερίδος
1412 2704 1498 2758 καὶ
1555 2700 1808 2764 Θεόφιλος

167 2796 272 2873 ὢν,
333 2795 454 2859 τοὺς
515 2794 963 2872 ἀνθρωπόμορφον
1009 2794 1151 2849 εἶναι
1211 2795 1268 2848 τὸ
1325 2800 1482 2847 Θεϊον
1555 2789 1808 2866 λέγοντας

175 2884 420 2960 φανερῶς
481 2883 872 2958 ἀπεκήρυττεν,
938 2882 1109 2959 ’Ὁπερ
1166 2883 1211 2936 οἱ
1282 2886 1390 2936 τῶν
1458 2879 1512 2934 ἐν
1564 2877 1812 2955 Αἰγύπτῳ

174 2974 436 3050 μοιραχῶν
494 2971 818 3048 ἀλογώτεροι
877 2971 1158 3045 μαθόντες,
1205 2976 1296 3026 τοῦ
1361 2967 1616 3046 Θεοφίλου
1673 2988 1807 3021 κατ-

176 3063 512 3138 εστασίαζον,
553 3062 638 3116 καὶ
681 3060 754 3124 ὥς
803 3082 927 3115 τινα
969 3059 1318 3138 βλάσφημον,
1372 3059 1459 3112 καὶ
1510 3054 1662 3122 δόξης
1707 3057 1808 3132 οὐχ

175 3152 342 3226 ὒγιὼς
376 3149 574 3228 ἔχοντα
606 3147 832 3221 Eii-allow
864 3147 1104 3224 ἀναιρεῖν
1135 3170 1147 3181 ·
1179 3147 1270 3202 τὸν
1301 3145 1352 3200 δὲ
1384 3143 1455 3200 δι’
1484 3146 1716 3206 ἐπινοίας
1747 3145 1807 3198 τὸ

173 3240 449 3316 παραστάν
493 3235 840 3310 μετελθὸντα,
899 3236 1052 3293 Οὕτω
1109 3257 1175 3308 με
1206 3237 1480 3291 τεθεᾶσθαι
1509 3236 1672 3307 ὑμᾶς,
1705 3231 1806 3312 ἔφη

177 3329 277 3404 [”’σ.
315 3326 523 3408 φᾶναι],
558 3329 630 3390 ὡς
663 3328 949 3403 πρόσωπον
982 3325 1136 3387 Θεοῦ,
1171 3332 1333 3382 Τοῦτο
1364 3327 1594 3386 ἒκείνους
1639 3322 1807 3377 5:205-

174 3439 368 3481 σαντας
413 3417 601 3480 στῆναι
651 3415 750 3488 μὲν
793 3421 890 3479 τῆς
924 3414 1152 3470 ἀτάκτου
1183 3414 1271 3468 καὶ
1315 3409 1578 3490 φονώδους
1611 3413 1804 3488 ὁρμῆς

1898 2275 2120 2337 corpus
2144 2256 2331 2319 Deum
2365 2277 2499 2320 esse
2532 2258 2808 2320 dicerent
2835 2257 2992 2337 (ΞΟ),
3029 2259 3321 2337 planeque
3353 2259 3535 2320 indu-

1899 2353 2022 2406 tum
2050 2347 2234 2424 ﬁgura
2258 2356 2312 2406 et
2336 2365 2589 2424 persona
2615 2357 2671 2408 et
2693 2347 2883 2407 forma
2907 2347 3192 2425 hominis,
3210 2347 3251 2406 ii
3275 2347 3534 2422 scilicet,

1898 2434 1996 2512 qui
2026 2443 2195 2495 erant
2227 2436 2399 2513 paulo
2435 2435 2712 2496 rudiores
2765 2443 2822 2495 et
2853 2436 3178 2496 crassiores
3215 2453 3227 2495 :
3266 2435 3363 2495 alii
3400 2454 3533 2497 vero

1898 2541 2032 2582 eum
2059 2523 2302 2583 omnino
2337 2536 2626 2602 ponerent
2660 2524 3109 2602 incorporeum,
3144 2525 3221 2584 ab
3253 2524 3534 2605 omnique

1896 2615 2280 2671 similitudine
2304 2625 2357 2671 et
2381 2615 2559 2671 forma
2588 2617 2890 2671 hominum
2919 2615 3186 2678 liberum,
3213 2617 3319 2671 hoc
3341 2623 3532 2673 autem

1893 2697 2309 2775 dicebant,qui
2341 2707 2512 2759 erant
2543 2698 2932 2779 doctiores,et
2963 2698 3248 2760 acutioris
3279 2699 3527 2778 ingenii.

1895 2785 1957 2848 In
1992 2787 2100 2847 hac
2131 2805 2268 2848 vero
2299 2787 2596 2848 sententia
2629 2807 2762 2848 cum
2796 2797 2955 2849 esset
2982 2787 3372 2868 Theophilus,
3404 2807 3528 2862 eos,

1894 2875 1998 2952 qui
2031 2874 2216 2936 Deum
2252 2876 2531 2938 dicebant
2561 2876 2838 2937 humana:
2868 2876 3074 2937 forma:
3099 2877 3384 2949 similem,
3412 2896 3528 2939 non

1892 2964 2237 3043 leviter,sed
2266 2966 2588 3026 admodum
2615 2967 3002 3028 vehementer
3023 2966 3530 3038 abdicabat.Quod

1891 3053 2132 3132 quidem
2165 3073 2299 3115 cum
2329 3066 2702 3135 compertum
2741 3055 3112 3136 habuissent,
3137 3055 3240 3136 qui
3270 3065 3438 3117 erant
3470 3057 3530 3118 iu

1891 3142 2137 3222 )Egyrto
2171 3144 2471 3220 monachi,
2511 3144 2710 3205 minus
2742 3145 3065 3225 participes
3095 3144 3440 3220 rationis,id
3467 3149 3528 3208 in

1891 3250 1993 3293 eos
2022 3232 2272 3293 immisit
2303 3235 2643 3306 tumultum,
2680 3244 2735 3295 et
2767 3234 2934 3294 illum
2968 3234 3043 3296 de
3076 3234 3526 3310 mediotollere,

1894 3332 1958 3382 ut
1988 3326 2087 3400 qui
2118 3331 2275 3382 esset
2307 3321 2710 3401 blasphemus,
2747 3332 2807 3384 et
2841 3343 2958 3384 non
3008 3341 3168 3385 sanae
3199 3324 3524 3404 opinionis,

1894 3409 2176 3488 putabant
2203 3427 2332 3470 esse
2366 3412 2686 3471 maximum
2753 3412 2855 3472 Dei
2909 3414 3156 3474 cultum.
3189 3411 3298 3473 Ille
3326 3421 3524 3473 autem

177 3508 308 3577 πρὸς
335 3506 489 3563 αὖτὸν
520 3502 597 3577 δὲ,
636 3505 690 3560 Εἰ
721 3513 980 3582 γνησίως,
1009 3503 1278 3574 εἱπεϊν,τὰ
1311 3501 1406 3556 ἵσα
1429 3502 1564 3573 ἡμῖν
1591 3511 1804 3582 φρονεῖν

1895 3498 2107 3560 callido
2139 3499 2540 3571 invento,rem
2575 3517 2703 3578 quae
2730 3499 2959 3572 aderat,
2986 3502 3343 3579 aggrediens
3378 3519 3392 3560 :
3428 3500 3527 3562 Sic

179 3594 341 3674 ἔχεις,
375 3593 428 3648 ἕν
456 3593 570 3649 ἔστί
613 3615 695 3648 σοι
741 3593 801 3646 τὸ
846 3591 1191 3667 λειπόμενον,
1225 3588 1514 3663 ἀναθέματι
1546 3590 1611 3644 τὰ
1652 3580 1803 3664 Ὠρι-

179 3683 352 3759 γένους
406 3680 730 3758 παραδοῦναι
775 3678 980 3755 βιϐλία,
1037 3677 1112 3734 δι’
1156 3680 1229 3735 ὦν
1280 3678 1486 3740 ἐκεῖνος
1529 3679 1590 3733 τὶ
1651 3677 1807 3751 σῶμά

177 3793 234 3827 τε
265 3772 399 3827 εἶναι
441 3773 502 3827 τὸ
533 3777 691 3826 Θεϊον
721 3771 810 3826 καὶ
839 3769 1013 3832 ἐοικὸς
1048 3769 1307 3845 ἀνθρώπῳ
1341 3767 1624 3845 πρόσωπον
1655 3765 1803 3845 ἔχειν

183 3860 478 3937 ἀνατρέπειν
537 3865 803 3936 πειρᾶται.
853 3860 991 3931 Πρὸς
1061 3866 1230 3914 ταῦτα
1271 3859 1360 3912 τὸν
1406 3855 1687 3934 Θεόφιλον,
1747 3857 1806 3912 Τί

183 3948 255 4027 δὲ,
311 3949 487 4028 φάναι,
548 3950 610 4004 τὸ
652 3948 857 4005 κωληᾶον
913 3947 1009 4005 ἐμὲ
1058 3953 1214 4004 τοῦτο
1265 3943 1412 4022 δρᾷν,
1447 3947 1536 4000 καὶ
1566 3944 1712 4020 μάλα
1742 3966 1803 4021 γε

183 4039 262 4094 διὰ
312 4040 491 4112 μίσους
551 4036 838 4115 Ὠριγένην
899 4037 1152 4116 ἔχοντας
1212 4043 1388 4093 Ταῦτα
1439 4035 1657 4090 εἰπόντα
1713 4037 1802 4090 καὶ

184 4125 648 4204 ὶπαγγειλαμένον,
712 4125 952 4204 χαλᾶται
997 4137 1116 4186 τοῖς
1164 4136 1431 4202 μοναχοϊς
1481 4125 1582 4190 τὴν
1613 4123 1799 4200 ὅργῆν,

188 4217 350 4277 Οὕτως
379 4214 588 4278 ἐκεῖνος
618 4214 684 4281 ἧν
742 4213 1200 4291 ἐπαμφοτερίζων,
1252 4214 1340 4268 καὶ
1387 4213 1518 4288 πρὸς
1578 4212 1801 4289 ἑκάτερα

187 4305 355 4375 νεύων,
385 4302 472 4359 καὶ
500 4315 620 4364 τοῖς
654 4315 862 4380 καιροῖς
910 4303 1273 4377 ἁρμοζόμενος
1309 4320 1322 4332 ’
1363 4298 1476 4357 δέον
1507 4301 1799 4356 ἐπίσκοπον

189 4395 324 4472 ὄντα,
374 4393 457 4446 καὶ
515 4391 647 4447 λαοῦ
708 4391 890 4468 ψυχὰς
936 4389 1414 4466 ἐπιτετραμμένον,
1477 4388 1652 4449 καλῶς
1713 4386 1798 4443 δι-

193 4479 322 4536 ελεῖν
366 4481 452 4534 καὶ
513 4481 599 4536 τὸν
654 4478 815 4556 λόγον
873 4479 1230 4556 ὀρθοτομῆσαι
1265 4477 1362 4544 τῆς
1395 4476 1672 4556 ἀληθείας,
1707 4476 1797 4533 καί

194 4568 328 4625 λῦσαι
365 4570 464 4634 τὴν
507 4567 717 4646 στάσιν,
783 4566 1100 4646 ἀμφοτέροις
1158 4565 1434 4629 διδάξαντα
1494 4573 1798 4642 πατρικῶς,

197 4655 301 4712 ἀλλ’
350 4659 468 4736 οὐχὶ
524 4661 790 4734 τεχνικῶς
846 4657 1272 4734 παραπείσαντα,
1341 4655 1469 4710 αὐτὸ
1526 4655 1627 4729 μὲν
1685 4653 1798 4711 καθ’

197 4747 330 4805 ἑαυτὸ
381 4754 538 4802 Θεῖον
579 4747 751 4801 εἰπεῖν
809 4744 1098 4817 ἀσώματον
1153 4744 1300 4800 εἶναι
1359 4745 1446 4800 καὶ
1477 4743 1800 4822 ἀσχημάτι-

1890 3605 2023 3666 ego,
2057 3585 2386 3666 inquit,vos
2417 3585 2975 3667 iutueor,tanquam
3006 3587 3113 3650 Dei
3138 3589 3371 3650 faciem.
3401 3588 3525 3653 Hoc

1890 3694 2023 3737 cum
2048 3675 2135 3736 illi
2165 3674 2945 3756 audiissent,represserunt
2976 3677 3217 3757 quidem
3257 3679 3525 3757 protinus

1889 3765 2058 3826 illum
2086 3763 2265 3826 caedis
2293 3765 2581 3845 impetum
2624 3785 2637 3824 :
2672 3765 2724 3826 ei
2754 3774 2952 3827 autem
2978 3767 3257 3828 dixerunt
3290 3765 3386 3828 :Si
3417 3787 3522 3830 ea-

1891 3854 2054 3926 dem,
2091 3871 2221 3933 qua;
2253 3871 2382 3927 nos,
2415 3871 2698 3931 germane
2726 3855 2938 3928 sentis,
2974 3875 3156 3917 unum
3191 3857 3298 3917 tibi
3330 3857 3520 3918 solum

1887 3942 2078 4017 deest,
2114 3960 2330 4022 nempe
2349 3951 2410 4002 ut
2437 3943 2622 4004 libros
2651 3943 2932 4022 Origenis
2963 3945 3249 4024 subjicias
3280 3948 3521 4010 anathe-

1889 4032 2167 4112 mati,qui
2187 4034 2442 4094 maxime
2465 4031 2654 4093 Deum
2682 4049 2814 4094 esse
2836 4052 3054 4114 corpus
3086 4044 3142 4095 et
3163 4035 3374 4097 faciem
3410 4038 3519 4098 ba-

1888 4121 2032 4181 bere
2061 4121 2290 4181 homini
2321 4120 2610 4200 similem,
2648 4139 2724 4181 ne
2748 4122 2953 4183 sinunt
2975 4123 3220 4202 quidem
3255 4125 3316 4186 in
3349 4143 3525 4186 aures

1886 4207 2125 4271 cadere.
2161 4210 2252 4270 Ad
2288 4210 2414 4270 haec
2471 4208 2842 4289 Theophilus
2877 4233 2888 4268 :
2947 4210 3099 4282 Quid
3137 4213 3262 4293 (2|)
3295 4221 3519 4287 autem,

1884 4296 2536 4378 inquit,prohibet,quo
2561 4300 2762 4361 minus
2791 4300 2913 4362 haec
2937 4300 3284 4381 faciam,qui
3303 4302 3374 4363 ab
3398 4301 3523 4365 Ori-

1884 4405 2041 4464 gene
2067 4389 2325 4449 maxime
2357 4388 2646 4464 dissideo,
2683 4399 2739 4450 et
2771 4408 2904 4451 cum
2939 4409 3012 4452 eo
3043 4391 3266 4452 acriter
3297 4392 3518 4454 bellum

1882 4475 2055 4554 gero?
2084 4475 2220 4538 Haec
2249 4495 2384 4539 cum
2413 4477 2684 4546 dixisset,
2722 4487 2780 4539 et
2823 4489 2982 4540 esset
3016 4480 3339 4560 pollicitus,
3372 4482 3519 4542 iram

1886 4565 2118 4626 sedavit
2147 4566 2604 4628 monachorum.
2636 4565 2733 4629 Sic
2768 4567 2868 4629 ille
2915 4585 3158 4649 semper
3187 4588 3431 4650 anceps,
3466 4582 3526 4633 et

1885 4654 2056 4715 facile
2099 4654 2170 4714 ad
2231 4663 2560 4733 utrumque
2616 4674 2911 4735 annuens,
2963 4667 3020 4718 et
3053 4676 3118 4719 se
3153 4659 3524 4739 temporibus

1885 4747 2376 4819 accommodans,
2410 4763 2543 4805 cum
2577 4753 2882 4824 oporteret
2935 4764 3095 4821 eum,
3141 4755 3204 4807 ut
3233 4749 3334 4828 qui
3367 4757 3526 4810 esset

199 4857 323 4908 στον,
376 4837 529 4909 σῶμα
561 4832 616 4888 δὲ
647 4835 733 4889 καὶ
765 4839 1051 4908 πρόσωπον
1083 4834 1174 4889 καὶ
1216 4835 1426 4910 μορφὴν
1475 4832 1804 4911 ἀνθρωπείαν

1895 4832 2227 4912 episcopus,
2258 4842 2312 4894 et
2345 4834 2446 4914 qui
2479 4835 2818 4897 commissa;
2848 4845 3017 4897 erant
3047 4837 3261 4898 animae
3292 4837 3520 4917 populi,

199 4928 277 4982 τὸν
315 4928 572 5000 μονογενῆ
617 4930 710 4979 τοῦ
754 4928 887 4978 Θεοῦ
934 4923 1107 4998 Λόγον
1138 4919 1394 4994 λαϐόντα,
1427 4923 1514 4977 καὶ
1543 4923 1679 4996 μετὰ
1710 4925 1801 4979 τὸν

201 5015 312 5090 ὑπὲρ
345 5015 496 5087 ἡμῶν
535 5013 760 5069 θάνατον
819 5012 874 5068 ἐν
931 5013 1098 5086 ὁμοίῳ
1145 5014 1392 5091 σχήματι
1437 5017 1536 5078 τῆς
1594 5012 1800 5089 ἀνθρω-

205 5106 336 5168 πίνης
404 5103 596 5179 σαρκὸς
660 5101 983 5171 ἀναστάντα,
1040 5100 1176 5156 οὕτω
1253 5105 1349 5157 καὶ
1405 5103 1480 5166 εἷς
1553 5101 1804 5179 οὖρανοὺς

266 5268 662 5340 (t9)l~:i_dorum
687 5268 842 5324 hunc
859 5267 1801 5340 Origenlstarumantesignanum.

211 5335 400 5398 ut‘eu'm
431 5337 469 5395 S
553 5338 884 5409 Hieronym.
937 5335 1244 5407 vocat,non
1278 5340 1352 5395 ob
1387 5340 1491 5396 has
1524 5335 1623 5395 hic
1650 5353 1804 5408 prte-

213 5421 366 5470 textas
395 5424 622 5481 causas,
657 5412 754 5465 sed
793 5411 866 5466 ob
900 5410 1146 5466 haaresin
1181 5409 1382 5467 merito
1414 5425 1442 5466 a
1478 5409 1802 5481 Theophila

212 5483 528 5541 abdicatum,
565 5479 732 5538 docet
768 5482 975 5536 Baron.
1013 5481 1142 5537 loco
1174 5482 1374 5538 citato.

272 5550 1158 5624 (‘20)illosAnthropomorphitas
1184 5553 1564 5624 vocabant,—
1597 5552 1805 5621 Origo-

217 5625 352 5685 uistls
374 5621 657 5681 tamiliare
680 5621 854 5681 tuisse
877 5621 1603 5697 Anthropomorpbitarum
1629 5624 1808 5682 haere-

1889 4939 2008 4981 non
2041 4921 2124 4982 uti
2156 4922 2438 4999 ﬁgmento
2477 4931 2534 4984 et
2555 4942 2739 4984 scena
2786 4925 2858 4985 ad
2891 4923 3406 5005 decipiendum,et
3437 4927 3522 4986 sic

1888 5010 2024 5072 illos
2053 5009 2400 5087 relinquere
2425 5022 2782 5089 aegrotantes
2807 5033 2820 5074 :
2845 5014 2949 5075 sed
2968 5033 3144 5095 quam
3172 5015 3296 5076 ﬁeri
3325 5025 3527 5096 posset

1890 5100 2112 5178 optime
2128 5099 2589 5179 distinguere,et
2606 5101 2849 5164 verbum
2870 5105 3136 5166 veritatis
3159 5114 3322 5167 recte
3339 5105 3410 5168 ad
3422 5106 3525 5167 mi-

1889 5271 1977 5326 sin
2011 5269 2312 5344 catholicis
2338 5271 2577 5344 impingr
2599 5285 2679 5334 re,
2710 5270 2879 5329 docrt
2912 5273 3040 5329 Bar.
3078 5283 3214 5330 tom.
3249 5273 3290 5328 V
3323 5276 3524 5329 Annal.

1887 5357 1980 5398 an.
2007 5341 2113 5397 400
2138 5363 2150 5396 :
2175 5355 2356 5416 quare
2382 5356 2497 5416 non
2521 5341 2731 5399 mirum
2757 5347 2882 5416 siet
2911 5344 3233 5414 Theophila
3264 5360 3362 5403 eos
3393 5360 3528 5416 pro-

1886 5421 2171 5484 sequente
2198 5412 2351 5484 hanc
2383 5415 2710 5484 impingam
2734 5412 3108 5472 ralumniam.

1957 5481 2072 5554 (’21)
2109 5481 2241 5539 Vide
2286 5481 2526 5554 Niceph.
2559 5481 2601 5540 ιζ
2630 5496 2748 5548 νιιι,
2785 5499 2835 5540 c.
2900 5486 2991 5542 tOt
3046 5485 3148 5548 t7;
3203 5485 3333 5544 Soc.
3364 5485 3407 5546 l.
3444 5501 3525 5553 Vl,

1887 5568 1936 5610 c.
1972 5556 2045 5626 7;
2079 5555 2208 5615 Soc.
2246 5554 2279 5609 Ι.
2315 5566 2438 5619 vui,
2473 5569 2523 5610 c.
2563 5559 2618 5613 11
2651 5575 2663 5622 ;
2707 5556 2832 5612 Bar.
2872 5555 3000 5613 loco
3033 5558 3223 5618 citato.
