3996 6178
461 295 616 362 1143

1744 295 2027 360 MENSIS
2078 296 2536 361 JANUARIUS.

3742 296 3832 362 liii.

459 433 740 510 nitrare,
776 441 834 496 et
859 434 1106 514 utrique
1140 433 1292 514 parti
1324 448 1692 514 componere
1717 430 2100 507 seditionem,

2210 431 2528 513 ινειλῆφθαι,
2591 436 2678 491 οιαὶ
2735 435 2911 510 μένειν
2957 436 3013 492 ἐν
3069 435 3227 508 δεξιᾷ
3317 438 3442 490 τοῦ
3511 433 3716 507 Πατρὸς
3763 438 3838 485 rei.

459 529 710 602 paterne
742 522 1088 597 docentem,
1123 522 1230 584 sed
1263 542 1384 584 non
1438 522 1764 584 artiﬁciose
1796 521 2103 582 diversum

2210 523 2414 596 Εμενον.
2443 522 2605 580 Οὔπω
2633 521 2795 592 δῆλον
2841 525 3078 592 κατέστη
3122 527 3183 582 τὸ
3244 520 3627 602 εἰρημένον,
3803 519 3840 573 ὲ

465 611 956 689 persuadentem:
982 612 1190 676 dicere
1211 611 1408 693 ipsum
1434 611 1682 692 quidem
1709 628 1894 692 perse
1916 609 2103 672 Deum

2210 614 2363 666 ῖεῖται
2409 614 2496 667 καὶ
2539 610 2734 690 ἐτέρων
2776 618 2804 671 ὁ
2864 614 3024 693 λόγος
3067 616 3196 693 πρὸς

3286 612 3420 680 τὴν
3467 614 3635 688 σειφῆ
3668 617 3748 665 sui
3769 633 3848 680 τρι-

463 719 597 764 esse
625 703 1050 782 incorporeum
1104 709 1164 763 ot
1214 702 1419 779 ﬁgurae
1471 709 1824 782 expertem:
1884 715 2107 779 corpus

2210 699 2439 773 ιειμένου
2464 699 2726 770 δήλωσιν.

459 804 660 858 autem
711 805 768 858 et
797 795 1012 858 faciem
1063 803 1123 857 et
1151 794 1402 856 formam
1456 795 1776 856 humanam
1810 792 2181 871 unigenitum
2233 790 2344 854 Dei
2393 791 2640 854 verbum
2691 796 3021 875 accepisse,
3055 793 3328 857 arcanis
3371 790 3755 854 rationibus
3791 810 3858 850 su

461 884 868 964 benignitatis.
917 883 1150 947 Deinde
1179 902 1314 945 cum
1349 883 1525 946 etiam
1559 899 1770 945 rursus
1802 882 2160 944 surrexisset
2211 887 2345 961 post
2379 889 2627 943 mortem
2662 901 2768 963 pro
2799 883 2974 946 nobis
3007 896 3436 964 susceptam,
3481 880 3561 940 in
3591 878 3769 939 simili
3790 881 3861 940 sci

459 965 601 1052 licet
630 974 818 1052 ﬁgura
843 973 1040 1036 carnis
1069 974 1366 1046 humanae,
1400 973 1487 1035 sic
1530 973 1592 1034 in
1622 971 1844 1035 caelum
1877 988 2010 1032 esse
2042 975 2439 1049 assumptum.
2491 969 2616 1033 Hoc
2646 972 2807 1034 enim
2839 991 2976 1036 esse
3019 991 3292 1035 summas
3339 967 3653 1032 unionis
3683 976 3742 1028 et
3770 969 3866 1028 isel-

455 1045 769 1125 fabilis'in
799 1080 975 1124 suum
1036 1062 1384 1142 figmentum
1421 1059 1900 1123 benevolentiae:
1965 1065 2024 1120 et
2053 1059 2139 1120 sic
2196 1045 2442 1120 manere
2473 1059 2785 1123 sedentem
2841 1061 2915 1124 ad
2945 1063 3260 1125 dexteram
3311 1058 3599 1122 Patris.
3666 1055 3869 1117 Nomia:

461 1151 646 1215 evasit
678 1150 1086 1228 manifestum,
1127 1150 1285 1231 quod
1318 1152 1544 1213 dictum
1578 1158 1668 1213 est
1701 1171 1716 1210 :
1763 1149 1869 1212 sed
1899 1148 2015 1211 alia
2048 1149 2177 1209 luce
2207 1146 2404 1211 adhuc
2433 1147 2661 1228 indiget
2703 1151 2892 1214 oratio
2924 1151 2998 1214 ad
3028 1160 3234 1233 aperte
3272 1146 3789 1214 declarandum

464 1241 622 1323 quod
655 1249 745 1303 est
777 1239 1173 1322 propositum.

543 1360 804 1426 XXXVI.
840 1359 1022 1422 Erant
1046 1368 1305 1441 quatuor
1334 1361 1616 1423 monachi
1643 1360 1860 1422 fratres
1889 1377 2108 1439 corpo-

2272 1359 2420 1433 Ag’.
2457 1363 2699 1441 Μοναχοὶ
2742 1361 2994 1442 τέσσαρες
3038 1365 3176 1429 ἦσαν
3208 1360 3497 1440 ἃδε-,λφοί
3559 1358 3641 1414 τὰ
3687 1359 3866 1431 σώματι

465 1450 661 1526 ribus,
687 1450 902 1512 fratres
927 1450 1170 1529 animis,
1203 1451 1636 1512 monachorum
1679 1449 1976 1519 omnium,
2007 1447 2110 1528 qui

2210 1447 2408 1528 ἱδελφοὶ
2453 1450 2546 1512 τὰς
2605 1451 2811 1530 φυλὰς,
2858 1459 2966 1508 τῶν
3040 1452 3159 1509 κατ’
3235 1450 3608 1527 Αἴγυπτον
3675 1451 3882 1522 pavr/('5‘

467 1546 639 1602 erant
661 1539 722 1600 in
747 1539 1378 1620 Egypt0,etdoctrina
1398 1547 1458 1600 et
1477 1539 1595 1600 vita
1617 1542 1791 1616 longe
1814 1537 2110 1600 excellen-

2210 1538 2408 1594 πάντων
2451 1537 2598 1616 λόγῳ
2639 1560 2698 1594 τε
2743 1544 2838 1596 καῖ
2885 1541 2983 1616 βίῳ
3045 1541 3187 1618 παρὰ
3247 1538 3436 1596 πολῦ
3515 1535 3880 1614 διαφέροντες·

469 1627 818 1690 tissimi.Eis
840 1635 1011 1690 erant
1035 1627 1641 1703 nomina,Dioscorus
1661 1629 2110 1698 etAmmonius,

2210 1625 2433 1700 Ξνόματα
2477 1627 2708 1701 τούτοις,
2763 1628 3074 1708 Διόσιορος,
3131 1631 3219 1684 καὶ
3278 1627 3718 1703 Ἀμμώνιος,
3765 1625 3883 1680 Ebri-

467 1715 891 1794 Eusebiusque
920 1725 979 1778 et
996 1715 1148 1777 alius
1167 1717 1546 1796 Euthymius:
1576 1734 1729 1795 quos
1746 1717 1921 1776 etiam
1955 1715 2114 1777 Lon-

469 1824 576 1886 gos
596 1805 886 1868 vocabant
905 1806 979 1867 ob
1003 1813 1245 1867 staturae
1267 1807 1424 1870 forte
1449 1804 1972 1884 proceritatem.Hi
1998 1825 2115 1867 non

2210 1805 2354 1882 κροὺς
2408 1801 2493 1860 διὰ
2548 1805 2609 1859 τὸ
2690 1807 2789 1871 τῆς
2876 1804 3088 1872 ἡλικίας
3158 1805 3432 1879 εὔμηκες

2198 1893 2346 1954 λουν.
2408 1893 2564 1952 Οὗτοι
2634 1903 2761 1972 γοῦν
2835 1895 2929 1950 οὐκ
3009 1893 3448 1974 Ἀλεξανδρευσι
3543 1893 3753 1967 μόνοις

2199 1981 2444 2046 πλείονος
2487 1988 2651 2056 ἦσαν,
2705 1982 2845 2040 ἀλλὰ
2902 1986 2990 2040 καὶ
3044 1984 3188 2058 αὒτῷ
3243 1982 3550 2064 Θεοφίλῳ
3623 1981 3816 2058 χρῆμὲ
3857 2000 3882 2028 τέ

2200 2070 2653 2150 περισπούδαστον
2725 2071 3054 2150 ἐλογίζοντο,
3124 2077 3212 2130 καὶ
3256 2073 3468 2153 ἐφίλει
3530 2072 3769 2133 τούτους
3815 2070 3876 2120 in

2199 2161 2288 2215 καὶ
2344 2158 2666 2237 ὀφθαλμοῖς,
2746 2162 2834 2215 καὶ
2900 2161 2998 2228 τῆς
3076 2160 3289 2240 καρδίας
3353 2161 3586 2235 ᾧλιουν
3653 2161 3794 2226 αξιτῷ
3836 2159 3876 2208 τί

470 1895 664 1956 solum
683 1895 757 1956 ab
779 1894 1201 1958 Alexandrinis
1228 1893 1470 1974 plurimi
1495 1892 1720 1955 fiebant
1742 1893 1818 1955 0b
1842 1912 2039 1956 mores
2058 1903 2118 1957 et

471 1983 610 2044 vitae
666 1982 1070 2063 probitatem:
1134 1982 1242 2045 sed
1301 1981 1642 2063 Theophilo
1673 2001 1915 2063 quoque
1949 1993 2119 2046 erant

475 2071 664 2148 chari,
693 2079 752 2133 et
781 2071 844 2132 in
869 2087 1083 2148 magno
1115 2071 1272 2152 apud
1317 2089 1454 2132 eum
1489 2073 1682 2150 pretio
1715 2071 2113 2152 habebantur,

473 2171 534 2222 et
563 2177 666 2222 eos
695 2158 934 2223 amabat
961 2178 1129 2241 aeque
1159 2178 1228 2221 ac
1280 2178 1420 2222 suos
1451 2160 1679 2233 Oculos,
1716 2169 1777 2220 et
1822 2160 1883 2222 in
1918 2161 2116 2224 medio

477 2248 673 2312 cordis
691 2248 786 2310 sui
807 2248 1330 2312 habitabantﬂmc
1351 2256 1550 2312 autem
1584 2249 1664 2311 ita
1693 2267 1757 2312 se
1790 2249 2115 2326 habebant,

476 2338 748 2414 quandiu
773 2337 887 2399 fuit
914 2337 1019 2400 ille
1048 2337 1171 2400 Deo
1203 2338 1460 2413 amicus,
1496 2338 1645 2400 adeo
1679 2347 1740 2400 ut
1766 2358 2116 2419 persuasum

477 2426 832 2490 Dioscorum
896 2427 1012 2508 (vix
1070 2427 1232 2490 enim
1293 2427 1531 2490 attrahit
1585 2428 1876 2490 honorem
1908 2430 2122 2505 virtus)

486 2517 869 2581 constituerit
899 2521 1248 2598 episcopum
1297 2516 1701 2597 Hermopolis,
1737 2521 2120 2581 Ammonium

484 2613 684 2668 autem
717 2615 777 2667 et
805 2603 1189 2686 Euthymium
1217 2606 1529 2666 honorarit
1549 2606 1908 2687 sacerdotio,
1941 2617 2001 2669 et
2031 2607 2120 2669 eis

481 2694 798 2757 tradiderit
825 2693 1117 2755 Ecclesiae
1169 2693 1784 2769 administrationem,
1820 2704 1878 2756 et
1908 2695 2122 2760 fecerit

483 2799 854 2845 mconomos.
887 2781 1005 2844 Cur
1032 2799 1153 2842 non
1179 2781 1506 2862 dic0,quod
1541 2783 1673 2861 ejus
1705 2785 1762 2843 in
1795 2783 1957 2862 ipsos
1989 2805 2118 2848 ma-

481 2873 702 2934 ximam
731 2869 1028 2948 signiﬁcat
1051 2869 1535 2931 benevolentiam
1568 2869 1598 2929 ?
1629 2869 1822 2950 Elegit
1850 2890 1976 2952 eos,
2021 2877 2122 2954 qui

482 2977 619 3020 cum
650 2959 784 3039 ipso
815 2957 1154 3020 habitarent
1184 2968 1244 3019 et
1272 2968 1479 3020 essent
1509 2967 1629 3020 toto
1685 2968 1959 3040 tempore
1990 2963 2122 3026 vita:

485 3049 540 3110 ei
564 3047 1038 3123 convictores,ut
1059 3065 1164 3108 eos
1187 3065 1298 3109 nec
1323 3047 1791 3128 acorporis,nec
1813 3050 1886 3111 ab
1909 3051 2123 3114 animae

483 3135 684 3240 epulis
707 3143 1010 3240 pateretur
1031 3135 1492 3240 discedere.§ed
1519 3138 1642 3198 haec
1663 3138 2117 3240 quidemquan-

2210 3137 2457 3219 φιλοθὲως
2516 3137 2741 3217 ἔχοντα,
2785 3140 2985 3218 θερμήν
3015 3161 3076 3195 τε
3107 3138 3379 3213 τιθέμενον
3425 3141 3570 3216 περὶ
3617 3139 3681 3193 τὸ
3721 3156 3834 3213 χρη·

2196 1714 2308 1779 ϐιός
2363 1736 2445 1786 τε,
2506 1717 2594 1771 καὶ
2655 1719 2682 1772 ὁ
2733 1715 2924 1780 λοιπὸς
2985 1717 3243 1792 Εὒθύμιος
3277 1733 3294 1747 ⁶
3357 1719 3489 1780 οὓς
3543 1713 3623 1781 δὴ
3691 1714 3882 1769 sui!»

3549 1803 3713 1862 ’ἴσως
3793 1800 3887 1854 ἑτέ·

2203 2248 2544 2325 μεσαίτατον.
2593 2255 2768 2305 Ταῦτα
2810 2247 2866 2304 δὲ
2909 2250 3079 2314 οὕτως
3131 2255 3220 2330 ἦν,
3261 2251 3372 2314 ἕως
3442 2251 3697 2310 ἐκεῖνος
3738 2244 3869 2314 διέπει

2204 2336 2462 2414 θεόφιλος
2513 2341 2578 2403 ἦν
2612 2353 2626 2367 ⁶
2687 2338 2824 2395 ὥστε
2897 2340 2988 2413 καί
3044 2341 3331 2418 Διόσκορον
3390 2345 3698 2396 πείσαντι
3743 2335 3867 2407 μὸτις

2204 2427 2495 2482 ἐπίσκοπον
2580 2418 2986 2502 Ἐρμουπόλεως
3063 2434 3458 2506 καταστῆσαι,
3582 2424 3860 2499 Ἀμμώπῦτ

2204 2514 2258 2571 δὲ
2312 2515 2400 2571 καὶ
2460 2515 2719 2588 Εὐθύμιον
2764 2517 3025 2593 ἱερωσύνῇ
3069 2538 3127 2572 τε
3178 2523 3419 2592 τιμῆσαι
3464 2518 3572 2573 καὶ
3609 2516 3714 2581 τὴν
3744 2514 3858 2568 03.19-

2205 2605 2390 2678 νομίαν
2436 2602 2736 2682 ἐγχειρίσαι
2775 2609 2874 2670 τῆς
2917 2604 3268 2685 Ἐκκλησίας,
3327 2605 3583 2662 ἑλέσθαι
3649 2624 3709 2659 τε
3763 2623 3852 2654 m-

2206 2693 2378 2756 οίκους
2411 2690 2561 2770 ἔχειν
2620 2690 2706 2748 διὰ
2753 2694 2978 2769 παντὸς,
3038 2697 3112 2759 ὡς
3173 2696 3311 2769 μήτε
3353 2702 3484 2751 τῶν
3558 2695 3847 2767 σωματικῶν
3905 2692 3907 2738 Ι

2203 2781 2390 2846 αὐτοὺς
2441 2764 2791 2861 ἰᾶφίστσσθαι,
2837 2764 2978 2857 μήτε
3027 2788 3132 2839 τῶν
3174 2764 3278 2851 τῆς
3311 2788 3532 2864 ψυχῆς
3565 2764 3840 2859 ὀφδιλμέη.
3895 2764 3909 2864 III

2205 2870 2370 2928 Ἀλλὰ
2421 2839 2607 2950 ταύτα,
2655 2839 2849 2950 ὥσπερι
2878 2870 3108 2951 ἔφημεν,
3165 2872 3265 2936 ἕως
3325 2839 3632 2952 1θεμιξιξδιλοξ
3691 2873 3771 2940 ἦν,
3816 2868 3836 2929 ἦ
3895 2839 3903 2952 ιγ

2204 2957 2410 3034 μᾶλλον
2433 2957 2676 3036 φιλόθεος
2708 2961 2904 3035 εἰπεῖν,
2938 2962 2966 3017 ὁ
2999 2959 3280 3040 Θεόφιλος.
3316 2960 3486 3017 Ἐπεὶ
3525 2959 3592 3016 δὲ
3629 2958 3838 3014 adium

2202 3049 2334 3126 πρὸς
2383 3047 2726 3128 φιλαργυρίαν
2779 3047 2953 3124 εἶδον,
3001 3051 3086 3104 καὶ
3128 3049 3487 3129 φιλοχρύσως
3542 3047 3770 3123 μᾶλλον,
3811 3045 3832 3106 ἶ.

3891 2935 3905 3181 ἰ

484 3225 586 3290 diu
617 3206 989 3305 Theophilus
1019 3233 1240 3301 erat,ut
1269 3206 1700 3300 diximus,vere
1727 3206 2116 3310 Theophilus,

2210 3206 2512 3303 ματίζεσθαι
2547 3206 2669 3293 ’τὴν
2725 3206 2990 3301 σπουδὴν,
3039 3230 3112 3291 ὡς
3157 3206 3424 3296 ἐπιϐλαϐἧ
3477 3206 3594 3296 τίῆν
3653 3206 3825 3300 ὁμιλίαν
3891 3206 3897 3308 ί

484 3315 546 3376 id
580 3324 691 3386 est,
725 3314 860 3395 pius
907 3333 975 3376 ac
1023 3314 1363 3392 religiosus.
1429 3315 1576 3379 Cum
1610 3324 1809 3378 autem
1835 3317 2123 3382 vidissent

484 3404 826 3467 declinasse
854 3403 930 3464 ad
958 3406 1261 3466 avaritiam
1294 3412 1353 3465 et
1379 3423 1591 3482 magna
1614 3423 1685 3468 ex
1710 3415 1876 3485 parte
1904 3426 2118 3471 aurum

484 3491 674 3572 magis
722 3510 926 3554 amare
979 3511 1158 3574 quam
1206 3494 1422 3567 Deum,
1459 3501 1517 3556 et
1546 3504 1614 3555 ut
1660 3505 1898 3574 pararet
1928 3515 2117 3578 pecu—
2199 3494 2410 3574 τριϐάς.

2203 3317 2665 3396 παραιτησάμενοι
2719 3317 2912 3394 (ῥᾴστη
2957 3317 3057 3394 γὰρ
3109 3321 3193 3373 καὶ
3248 3330 3459 3396 ταχεῖα
3527 3312 3829 3391 μεταϐαλεῖν

2200 3409 2234 3474 ἡ
2282 3382 2491 3485 itania),
2517 3382 2624 3473 ’τὴν
2655 3382 2881 3483 ἐρημίαν
2903 3382 3135 3462 γεῗλόντο
3167 3407 3255 3462 καὶ
3285 3382 3380 3470 τες
3426 3382 3705 3484 πρότέρςις
3731 3399 3821 3455 ὃιι-
3889 3382 3898 3482 ί

483 3546 639 3667 nias,
671 3546 1028 3648 acerrimum
1084 3603 1308 3667 ponere
1339 3587 1627 3665 studium,
1661 3546 1962 3668 ianquamr
1999 3546 2611 3654 noxiamrrecusantes
2659 3583 3159 3648 cohabitationem
3214 3587 3386 3659 (solet
3417 3587 3591 3648 enim
3647 3581 3814 3644 vitium
3889 3546 3901 3690 ί

486 3687 715 3742 mutare
746 3679 1080 3760 facillime),
1117 3679 1432 3760 elegerunt
1459 3681 1871 3761 solitudinem,
1907 3693 1963 3746 et
1995 3685 2122 3749 illic
2151 3685 2251 3746 ubi
2286 3683 2473 3764 prius,
2506 3679 2752 3742 versari.

561 3808 1020 3873 XXXVII.Hanc
1042 3809 1146 3872 ille
1167 3810 1589 3891 disjunctionis
1611 3829 1849 3876 causam
1873 3833 2004 3878 cum
2030 3819 2121 3879 in-

484 3899 812 3965 tellexisset
841 3917 976 3961 esse
1000 3899 1093 3960 sui
1122 3898 1718 3986 condemnationem,
1753 3904 1922 3967 valde
1965 3924 2120 3986 :egre

484 3987 930 4068 tulit,ipsosque
953 3985 1229 4049 manibus
1252 3993 1311 4048 et
1333 3987 1687 4068 pedibus,ut
1715 3990 1960 4067 dicitur,
1994 3985 2119 4055 coe-

482 4080 568 4160 pit
588 4077 864 4140 molestia
886 4077 1129 4140 afficere
1163 4097 1176 4135 :
1201 4076 1458 4156 primum
1483 4078 1728 4158 quidem
1751 4079 1887 4141 illos
1908 4083 2120 4144 crimi-

482 4167 806 4249 nansapud
828 4165 1808 4246 Anthropomorphianos,dicebat
1830 4187 1934 4230 eos
1970 4191 2119 4233 con-

481 4257 690 4320 venire
717 4275 851 4319 cum
873 4255 1134 4335 Origene
1156 4255 1490 4334 (22-23),et
1509 4256 1784 4318 eamdem
1808 4276 1982 4338 quam
2015 4259 2119 4323 ille

481 4355 692 4408 tenere
720 4345 1162 4425 opinionem,et
1193 4344 1528 4406 decernere
1558 4343 1746 4407 Deum
1773 4364 1906 4408 esse
1928 4349 2120 4410 incor-

483 4451 755 4514 poreum:
782 4443 840 4495 et
860 4432 993 4495 ideo
1015 4433 1162 4494 dicit
1198 4441 1485 4513 oportere
1519 4451 1624 4495 eos
1646 4441 1930 4516 tanquam
1965 4438 2119 4500 male
2141 4425 2184 4477 θ

479 4521 901 4597 sentientes,et
932 4522 1074 4602 quid
1105 4522 1267 4584 aliud
1302 4541 1477 4603 quam
1511 4523 1846 4598 hmreticos,
1873 4526 2114 4605 expelli.

477 4610 710 4673 Deinde
731 4610 1008 4672 ﬁnitimis
1019 4628 1257 4692 quoque
1266 4611 1448 4690 jussit
1465 4609 2120 4692 episcopis,nonnullos

480 4699 828 4777 monachos,
863 4699 966 4781 qui
993 4699 1202 4762 eadem
1237 4717 1369 4779 quas
1397 4699 1514 4780 ipsi
1565 4699 1929 4780 sentiebant,
1964 4711 2023 4765 et
2056 4703 2118 4764 in

479 4791 602 4853 ima
630 4788 980 4852 habitabant
1001 4787 1350 4861 solitudine,
1384 4807 1518 4851 cum
1548 4807 1667 4849 non
1695 4790 1860 4868 prius
1888 4790 2118 4868 signiﬁ-

478 4888 694 4954 casset,
727 4898 834 4942 cur
889 4879 1016 4941 haec
1075 4886 1136 4940 et
1184 4877 1473 4959 quidnam
1521 4876 1819 4954 fecerant,
1855 4897 1888 4940 e
1919 4889 2119 4942 monte

477 4970 921 5051 quamprimum
944 4967 1252 5032 deturbari
1273 4967 1632 5048 pracipites.
1669 4968 1944 5031 Monachi
1976 4987 2116 5048 ergo

477 5059 568 5122 illi
607 5059 822 5121 fratres
881 5059 1190 5121 venientes
1218 5057 1674 5132 Alexandriam,
1710 5066 2119 5120 convenerunt

475 5148 1216 5229 Theophilum,etcausam
1231 5154 1794 5228 rogarunt,propter
1814 5165 1988 5227 quam
2014 5165 2118 5210 eos

475 5237 579 5302 ille
608 5237 694 5300 sic
724 5237 1213 5303 condemnasset.
1264 5235 1374 5298 Ille
1431 5244 1628 5298 autem
1663 5235 1938 5316 protinus
1980 5236 2110 5317 (24)

3792 3810 3807 3819 .
3887 3722 3901 3822 ί

2282 3817 2413 3880 AZ'.
2451 3823 2616 3876 Τοῦτο
2673 3814 2886 3879 ἐκεῖνος
2919 3816 3099 3890 μαθὼν
3138 3815 3218 3871 ὅτι
3265 3817 3631 3894 καταγνόντες
3686 3812 3810 3867 αὕτςῦ

2201 3906 2568 3985 διεπράξαντο,
2631 3901 2830 3983 σφόδρα
2875 3926 2930 3960 τε
2987 3902 3318 3983 ἐχαλέπηνε,
3357 3906 3447 3960 καὶ
3479 3905 3630 3985 χειρὶ
3657 3900 3808 3957 αὖτοὺς

2203 3998 2289 4053 καὶ
2319 3993 2463 4069 ποδὶ,
2495 3995 2557 4050 τὸ
2587 4002 2681 4052 τοῦ
2719 3992 2905 4072 λόγου,
2938 3992 3197 4070 βλάπτειν
3229 3994 3508 4074 ἐπειρᾶτο,
3543 3995 3630 4050 καὶ
3657 3994 3802 4066 πρῶτα

2203 4086 2301 4160 μὲν
2333 4085 2462 4160 πρὸς
2505 4083 2628 4146 τοὺς
2679 4081 3282 4164 Ἀνθρωπομορφιανοὺς
3335 4083 3570 4147 ἐκείνους
3613 4075 3802 4138 διαϐάλ-

2201 4173 2333 4244 λων,
2372 4169 2577 4244 συνῳδὰ
2631 4178 2708 4244 τῷ
2745 4171 3012 4249 Ὠριγένει
3059 4172 3152 4228 καί
3187 4172 3374 4236 αὖτοὺς
3408 4177 3626 4251 φρονεῖν
3654 4168 3791 4240 ἔλεγε,

2203 4263 2289 4318 καὶ
2336 4262 2622 4335 ἀσώματον
2668 4258 3003 4336 δογματίζειν
3062 4264 3123 4316 τὸ
3173 4268 3355 4320 Θεῖον.
3394 4260 3496 4317 Καί
3552 4262 3629 4316 διὰ
3666 4261 3792 4311 ταῦτα

2200 4348 2286 4406 δεῖ
2354 4349 2594 4424 τούτους,
2655 4349 2837 4428 φησὶν,
2924 4351 2999 4411 ὡς
3072 4350 3366 4427 αἱρετικοὺς
3424 4347 3780 4406 ἀπελαύνεσθαι.

2203 4437 2430 4496 ’Ἔπειτα
2461 4442 2556 4494 καὶ
2618 4451 2735 4502 τοῖς
2783 4437 2999 4515 ὁμόροις
3031 4443 3138 4493 τῶν
3166 4437 3477 4495 ἐπισκόπων
3508 4433 3778 4494 διεκελεύετο

2201 4528 2367 4593 ἐνίους
2415 4532 2521 4582 τῶν
2580 4527 2644 4583 τὰ
2699 4525 2797 4582 ’ίσα
2857 4526 3190 4604 φρονούντων
3239 4534 3528 4606 μοναχῶν,
3596 4525 3660 4582 καὶ
3697 4523 3766 4582 τῆς

2200 4615 2470 4694 ἐνδοτέρας
2533 4614 2734 4694 ἐρήμου
2793 4615 2974 4687 ὄντας,
3025 4615 3112 4672 ἐπὶ
3141 4617 3382 4696 κεφαλὴν
3411 4624 3504 4673 τοὺ
3537 4617 3667 4696 ὅρους
3696 4629 3768 4664 κιο

2199 4702 2476 4784 ταϐαλεῖν,
2510 4705 2604 4760 οὐκ
2633 4703 2922 4782 ἐπαγαγὼν
2953 4704 3053 4769 τὴν
3103 4705 3297 4778 αίτίαν,
3342 4707 3405 4760 οὗ
3458 4707 3620 4784 χάριν
3660 4706 3770 4758 triti

2202 4791 2432 4855 κελεύοι.
2491 4793 2623 4856 Τοὺς
2679 4793 2769 4850 οὖν
2826 4793 3107 4872 μοναχοὸς
3158 4795 3232 4856 εἷς
3285 4792 3668 4871 Ἀλεξένδρειαν
3704 4789 3771 4863 ἐυξ-

2203 4882 2477 4956 ικομένους
2535 4881 2788 4961 ἐντυχεῖν
2843 4902 2901 4937 τε
2957 4889 3033 4955 τῷ
3071 4880 3335 4960 Θεοφίλῳ,
3391 4885 3478 4938 καὶ
3529 4885 3624 4951 τὴν
3657 4877 3774 4937 αἰτίη

2198 4971 2407 5050 ἐρέσθαι
2464 4968 2531 5026 δι’
2590 4972 2655 5037 ἣν
2717 4971 2889 5030 αὐτῶν
2950 4971 3018 5027 τὰ
3061 4978 3283 5028 τοιαῦτα
3340 4973 3663 5051 κατακρίνειν
3684 4966 3769 5044 βώ-

2200 5060 2373 5120 λεται.
2419 5063 2520 5118 Τὸν
2565 5058 2619 5116 δὲ
2680 5061 2848 5138 ὀργῆς
2908 5061 3030 5119 τοὺς
3089 5058 3390 5138 ὀφθαλμοὺς
3449 5061 3772 5131 ὑποπὶήσσντι

2201 5150 2286 5204 καί
2345 5148 2668 5228 αὐτόχρημα
2722 5151 2822 5226 πῦρ
2863 5146 3161 5224 βλέψαντα,
3235 5154 3312 5222 τῷ
3358 5152 3509 5223 θυμῷ
3568 5172 3622 5206 τε
3680 5146 3769 5203 ὅλως

2199 5236 2409 5316 ἐφιέντα
2446 5236 2555 5316 (καὶ
2599 5237 2698 5317 γὰρ
2749 5241 2814 5304 ἦν
2864 5237 3124 5316 ὀρμητίας
3156 5237 3330 5315 φύσει³
3364 5239 3448 5293 καὶ
3495 5244 3684 5317 χειρῶν
3723 5232 3769 5291 ὡς

546 5405 766 5476 (22-23)
787 5405 1018 5476 Longos
1039 5407 1217 5476 hosce
1238 5405 1554 5476 monachos
1585 5403 2110 5476 erroribusOrige-
2192 5403 2650 5476 indignationem
2682 5400 2987 5476 Theophili
3028 5403 3332 5476 meruisse.

474 5476 567 5545 nis
596 5473 1276 5544 studuissefauctoritate
1303 5474 1701 5545 S.Hieronymi
1754 5481 1809 5530 et
1837 5473 2106 5545 aliorum,

2263 5470 2376 5543 (21)
2396 5473 2526 5546 Haec
2548 5481 2603 5532 et
2623 5470 2926 5546 sequen'tia
2977 5487 3046 5531 ex
3085 5472 3348 5546 Palladio
3383 5470 3764 5546 Origenlstade-

470 5543 635 5603 docet
665 5545 872 5604 Baron.
895 5543 1046 5604 loco
1078 5547 1268 5608 citato;
1293 5558 1478 5616 quare
1499 5555 1552 5602 et
1579 5543 1684 5602 tios
1711 5546 1806 5614 pie
1829 5543 2106 5617 justeque
2190 5543 2873 5616 sumpta,calumniarum
2889 5543 3673 5619 suspicioneiu'l'heophilum
3692 5554 3762 5602 non
