3996 6178
182 337 421 407 1145
1327 341 1511 406 VITA
1563 341 1621 404 S.
1675 340 2000 408 JOANNIS
2040 341 2593 408 CHRYSOSTOMI.

3489 347 3641 413 1146

188 475 519 550 μάλιστα
561 479 852 559 ἀκρατὴς),
912 479 1001 537 τὸν
1063 480 1373 554 Ἀμμωνίου
1432 475 1713 557 τράχηλον
1756 479 1918 535 αύτο-

2010 476 2093 539 ira
2116 476 2328 556 plenus
2350 487 2411 540 et
2433 478 2619 541 instar
2639 479 2793 560 ignis
2816 480 3175 544 micantibus
3198 482 3385 544 oculis
3406 482 3646 564 (natura

186 570 465 646 χειρίᾳ
508 574 584 643 τῷ
633 569 905 647 ὠμοφόρῳ
947 566 1268 647 περιϐαλεῖν
1303 581 1317 597 ⁸
1382 567 1505 622 εἶτα
1536 573 1762 642 πυγμῶν
1816 566 1921 641 έμ-

2010 566 2166 628 enim
2198 568 2396 629 subito
2457 568 2805 631 movebatur
2854 570 3227 652 impetu,nec
3260 580 3493 653 poterat
3520 572 3643 635 ullo

198 657 488 723 πλῆσαι
565 659 680 740 τὰςΔ
727 657 1005 737 σιαγόνας,
1098 654 1542 731 Ἀναθεμάτισον,
1629 654 1918 730 ἐπᾴδοντα,

2010 656 2184 717 modo
2218 656 2344 717 suis
2375 657 2650 719 manibus
2688 662 3047 740 temperare)
3082 662 3388 724 Ammonii
3421 661 3641 724 collum

208 740 597 826 Ὠριγένην,
650 734 747 802 Ἠν
792 734 845 803 δέ
876 749 904 803 ὁ
937 747 1034 822 μὲν
1064 744 1373 824 Ὠριγένης,
1407 746 1494 800 καὶ
1536 745 1599 799 τὸ
1627 745 1693 801 τὰ
1721 744 1923 802 ἐκείνου

2010 745 2185 825 pallio
2216 747 2678 826 comprehendit
2712 770 2725 811 :
2790 734 3240 812 deinde-etiam
3273 756 3395 812 suis
3430 750 3645 831 pugnis

214 848 525 912 φρονεῖν,
575 837 888 900 ἒπείσακτος
929 836 1145 916 ἀφορμή
1182 849 1197 865 ⁸
1259 836 1295 903 ἡ
1353 832 1408 889 δὶ
1469 832 1674 901 ἀληθὴς
1710 835 1848 890 αἰτία
1883 836 1918 901 ἡ

2010 833 2136 913 ejus
2162 834 2433 897 maxillas
2462 837 2861 911 contundens,
2897 838 3225 903 acclamat:
3258 839 3643 902 Anathemati

216 924 411 1001 πρὸς
474 925 683 982 ἐκεῖνον
744 924 986 1003 ἀντικρὺς
1046 925 1136 979 καὶ
1189 922 1311 986 τοὺς
1346 920 1599 1009 ἁδελφοὺς
1630 920 1919 1001 ἀπέχθεια.

2010 921 2237 1001 subjice
2268 924 2601 1001 Originem.
2635 926 2775 988 Erat
2825 937 3025 989 autem
3077 928 3369 1007 Origenes
3401 928 3643 1009 quidem

227 1011 439 1070 Οὕτω
494 1015 559 1071 τὰ
615 1014 823 1093 ἔσχατα
885 1014 913 1069 ὁ
974 1011 1284 1088 πάντολμος
1339 1008 1608 1089 ἐξυϐρίσας
1668 1014 1741 1075 εἰς
1799 1012 1922 1076 to):

2010 1011 2182 1092 plane
2212 1014 2558 1076 Patroclus:
2589 1025 2648 1077 et
2676 1016 2892 1079 eadem
2927 1036 3061 1097 quae
3089 1018 3192 1079 ille
3223 1008 3643 1098 sentire,quaa-

234 1100 499 1171 πολλῆς
545 1100 719 1166 αἰδοῦς
780 1122 839 1158 τε
896 1102 986 1158 καὶ
1041 1105 1204 1175 τιμῆς
1240 1099 1438 1178 ἀξίους,
1484 1098 1773 1172 ἀπέπεμπε
1805 1100 1923 1174 μετ’

2010 1100 2155 1161 situs
2188 1109 2527 1181 prastextus.
2563 1103 2718 1168 Vera
2744 1114 2943 1168 autem
2978 1126 3158 1169 causa
3189 1115 3395 1188 aperte
3428 1115 3556 1168 erat
3583 1107 3646 1168 in

245 1186 580 1271 αἰσχύνης.
644 1191 784 1250 Εἶτα
840 1192 962 1254 τοὺς
1008 1191 1067 1246 έκ
1109 1191 1363 1269 γειτόνων
1412 1188 1743 1251 ἐπισκόπους
1776 1188 1924 1247 οὐδὲν

2010 1189 2176 1251 illum
2211 1199 2271 1251 et
2295 1192 2510 1255 fratres
2541 1195 2769 1256 odium.
2834 1195 2931 1259 Sic
2982 1186 3250 1259 extrema
3281 1196 3647 1258 contumelia

241 1277 405 1337 δέον
463 1279 953 1356 μετακαλούμενος,
991 1280 1129 1355 μήτε
1160 1289 1383 1357 παροῦσι
1435 1291 1551 1342 τοῖς
1584 1279 1751 1342 ὁσίοις
1780 1278 1924 1334 ἑκεί-

2010 1280 2439 1358 ai‘fectos,viros
2459 1303 2704 1364 magnos
2723 1286 2950 1347 honore
2967 1287 3181 1366 dignos
3208 1295 3265 1348 et
3287 1287 3641 1361 reverentia,

246 1389 429 1445 νοις,
476 1371 615 1446 μήτε
672 1370 780 1444 μὴν
838 1368 1291 1447 ἀπολογοτμὲνοις
1334 1366 1616 1445 δογμάτων
1647 1371 1924 1445 παραφθο-

247 1458 377 1535 ρὰν
415 1458 815 1533 αἰτιασάμενος,
876 1457 1067 1521 αύτούς
1112 1478 1169 1514 τε
1215 1458 1329 1531 ἅμα
1381 1459 1470 1512 καὶ
1498 1457 1587 1513 τὸν
1618 1460 1764 1531 θετον
1788 1455 1925 1513 ἰσί-

250 1545 453 1625 δωρον
520 1548 912 1623 ὰναθεματίσας
973 1547 1355 1626 ἀποκηρύττει.
1440 1546 1538 1603 Καὶ
1593 1544 1709 1600 οὐδὲ
1760 1545 1925 1624 μέχρι

253 1637 476 1694 τούτου
538 1637 637 1705 τῆς
691 1639 864 1715 ὁρμῆς
919 1638 1160 1716 ἵσταται,
1233 1634 1354 1691 ἀλλ’
1411 1634 1749 1712 ἀνθρωπάριά
1808 1656 1926 1691 τινα

258 1724 464 1805 φαῦλα
514 1724 709 1801 κομίδῆ
768 1728 854 1782 καὶ
887 1725 1139 1801 ἀνώνυμα
1178 1725 1334 1781 πέντε
1365 1724 1455 1780 τὸν
1488 1722 1729 1800 ἀριθμὸν,
1764 1721 1927 1778 ἄλλον

262 1814 593 1894 ἀλλαχόθεν
652 1813 800 1878 ὅπως
868 1814 1027 1894 ἔτυχε
1088 1815 1457 1895 συμφορήσας,
1524 1814 1608 1868 καὶ
1664 1812 1757 1867 τὸν
1828 1812 1927 1886 μὲν

266 1903 502 1968 πόλεως
547 1904 741 1982 ἀπορίᾳ
791 1906 847 1959 ὲν
889 1902 1172 1981 κωμυδρίῳ
1213 1904 1316 1960 τινὶ
1360 1902 1748 1982 χειροτονήσας
1800 1900 1925 1957 επί-

269 2015 514 2068 σκοπον,
578 1994 657 2072 ξφ(
824 1991 962 2068 μηδὲ
1020 1992 1322 2059 ἐπισκοπῆς
1397 1990 1567 2066 ὄνομα
1626 1992 1688 2045 τὸ
1730 1995 1927 2066 προτοῦ

281 2084 521 2161 τέθειτο,
571 2083 661 2139 τὸν
706 2081 762 2138 δὲ
807 2079 1183 2159 πρεσϐύτερον,
1244 2082 1365 2144 τοὺς
1418 2078 1611 2142 ἄλλους
1644 2076 1698 2133 δὲ
1742 2076 1926 2133 διακό-

289 2195 444 2249 νους,
492 2171 772 2237 λιϐἑλλους
833 2174 1016 2234 αὐτοῖς
1076 2171 1363 2250 ἐγχειρίζει
1424 2169 1557 2226 κατὰ
1613 2174 1719 2224 τῶν
1775 2168 1926 2223 θείων

286 2264 494 2321 τούτων
548 2259 746 2340 ἀνδρῶν
802 2260 1208 2339 συγκειμένους,
1282 2262 1369 2323 οὓς
1430 2257 1635 2322 ἰκτῖνος
1692 2256 1761 2334 (ὢ
1815 2257 1928 2311 θεία

295 2352 444 2424 δίκη,
473 2351 559 2408 καὶ
594 2358 724 2407 Θεοῦ
752 2350 925 2406 πάντα
953 2349 1241 2425 βλέποντες
1291 2346 1552 2425 ὀφθαλμοί
1584 2344 1627 2424 l)
1670 2345 1807 2401 κατὰ
1865 2345 1927 2400 τὸ

285 2441 548 2500 λανθάνον
581 2436 853 2513 συνέταξε,
877 2438 967 2494 καὶ
996 2434 1360 2515 παραγγέλλει
1387 2434 1602 2502 δοθῆναί
1632 2436 1677 2491 οί
1709 2433 1925 2496 τούτους

284 2528 721 2599 ἐκκλησιάζοντι.

2009 1366 2239 1429 dimisit
2261 1388 2395 1431 cum
2427 1372 2748 1436 dedecore.
2789 1374 3017 1437 Deinde
3047 1376 3278 1449 vicinis,
3329 1394 3463 1437 cum
3496 1374 3647 1436 nihil

2011 1474 2160 1535 opus
2192 1463 2689 1535 esset,accersitis
2720 1463 3187 1543 episcOpis,illos
3212 1473 3471 1538 sanctos,
3507 1481 3644 1525 cum

2010 1564 2123 1607 nec
2148 1546 2568 1622 adessent,nec
2598 1570 2765 1612 suam
2799 1571 3038 1614 causam
3063 1552 3649 1633 defenderent,quod

2012 1653 2255 1714 pravum
2281 1645 2339 1698 et
2361 1649 2708 1721 corruptum
2735 1642 2949 1719 dogma
2977 1651 3251 1704 tenerent
3273 1641 3646 1717 criminatus,

2008 1723 2379 1803 ipsus'simnl
2403 1736 2462 1788 et
2483 1728 2748 1791 divinum
2775 1730 3068 1793 Isidorum
3094 1731 3263 1793 datos
3288 1730 3649 1792 anathemati

1952 1845 1987 1895 Β
2010 1812 2266 1874 abdicat.
2302 1814 2442 1877 Erat
2486 1825 2683 1879 autem
2726 1838 2844 1879 non
2876 1828 3140 1882 extreme
3174 1821 3419 1900 malum,
3452 1836 3649 1899 neque

2010 1900 2325 1974 sic,utnon
2348 1916 2509 1966 esset
2544 1906 2655 1985 piae
2676 1916 2736 1970 et
2755 1908 3058 1987 religiosze
3088 1910 3328 1978 animae.
3358 1909 3408 1969 si
3439 1908 3649 1969 hacte-

2010 2008 2122 2051 nus
2145 1995 2537 2072 repressisset
2570 1995 2884 2076 impetum.
2920 1997 3013 2060 Illi
3042 2016 3186 2059 vero
3222 1997 3507 2073 minime;
3544 1995 3651 2058 sed

2010 2097 2143 2140 cum
2164 2082 2451 2161 quosdam
2475 2084 2744 2163 abjectos
2771 2098 2829 2148 et
2853 2087 3075 2148 nullius
3098 2087 3362 2149 nominis
3387 2089 3648 2148 homun-

2010 2168 2176 2228 culos
2207 2171 2476 2250 quinque
2505 2175 2971 2250 numero,alium
3004 2176 3248 2237 aliunde
3280 2195 3350 2237 ex
3382 2174 3649 2237 tenebris

2013 2263 2070 2316 et
2087 2257 2323 2336 angulis
2343 2260 2884 2344 quomodocunque
2906 2266 3293 2343 coegisset,et
3314 2264 3495 2325 alium
3521 2262 3652 2342 qui-

2011 2344 2146 2406 dem
2174 2363 2245 2407 ex
2276 2348 2394 2420 his,
2431 2358 2679 2430 propter
2709 2353 3010 2415 defectum
3074 2354 3330 2417 civitatis
3359 2353 3421 2414 in
3451 2351 3649 2413 viculo

2010 2434 2418 2498 constituisset
2442 2438 2811 2520 episcopum,
2845 2443 2906 2503 in
2939 2460 3059 2520 quo
3094 2461 3169 2505 ne
3204 2442 3374 2524 prius
3405 2440 3649 2522 quidem

2009 2530 2134 2583 erat
2165 2541 2386 2586 nomen
2413 2527 2793 2609 episcOpatus
2827 2552 2840 2593 :
2876 2531 3061 2593 alium
3094 2542 3293 2596 autem
3333 2531 3646 2612 presbyte-

284 2639 446 2695 rum,
477 2620 629 2682 alios
675 2636 819 2682 vero
850 2617 1158 2694 diaconos,
1194 2618 1282 2680 eis
1330 2615 1505 2679 tradit
1536 2613 2097 2707 libellos‘adversus
2147 2616 2382 2681 divinos
2415 2621 2523 2683 hos
2578 2624 2736 2686 viros
2784 2628 3188 2707 compositos:
3240 2644 3389 2707 quos
3442 2625 3546 2687 ille
3585 2624 3646 2703 (ο

287 2710 490 2772 divina
534 2709 766 2790 justitia
794 2716 853 2771 et
908 2707 1017 2771 Dei
1049 2708 1248 2770 omnia
1302 2708 1608 2771 intuentes
1637 2704 1796 2768 oculi
1830 2705 1866 2778 ί)
1926 2703 2182 2767 latenter
2211 2712 2545 2789 composuit
2578 2731 2590 2774 :
2642 2713 2863 2792 jubens
2912 2703 3017 2777 eos
3046 2715 3159 2777 sibi
3220 2703 3372 2797 dari,
3405 2713 3646 2796 quando

290 2798 783 2863 concionabatur.

370 2938 507 3012 AH'.
557 2945 747 3004 Λαϐὼν
791 2950 879 3007 οὖν
910 2949 1032 3013 τοὺς
1064 2946 1364 3024 λιϐέλλους,
1398 2949 1473 3001 ὧν
1503 2944 1711 3007 ἐκεῖνος
1741 2943 1918 3018 πατὴρ

2081 2942 2369 3009 XXXVIII
2378 2947 2674 3031 .Acceptis
2702 2970 2843 3031 ergo
2860 2951 3369 3034 libellis,quorum
3387 2953 3494 3016 ille
3520 2960 3650 3016 erat

289 3039 379 3111 ἦν,
425 3039 514 3093 καὶ
558 3038 865 3116 προσελθὼν
907 3037 1103 3111 καὶτῷ
1162 3034 1534 3114 Αύγουσταλίῳ
1577 3035 1695 3113 περὶ
1753 3031 1925 3091 αὐτῶν

290 3126 715 3202 κοινωσάμενος,
801 3126 1192 3201 στρατιωτικὴν
1263 3126 1494 3182 αἰτεῖται
1566 3121 1693 3201 παρ’
1770 3125 1929 3180 αὐτοῦ

290 3229 485 3295 χεῖρα,
549 3214 631 3294 ἐφ’
677 3218 722 3290 ᾧ
764 3216 890 3279 τοὺς
933 3217 1106 3277 ὁσίους
1164 3211 1355 3292 ἄνδρας
1403 3211 1669 3270 ἀπελάσαι
1699 3214 1800 3278 τῆς
1826 3213 1926 3267 Αἱ-

294 3305 494 3382 γύπτου
561 3304 767 3379 πάσης,
828 3306 901 3369 ὡς
955 3301 1298 3369 κακοδόξους.
1357 3304 1455 3361 Καὶ
1517 3299 1776 3377 λαμϐάνει
1829 3299 1925 3374 μὲν

295 3395 366 3459 ὡς
414 3394 818 3473 πεντακοσίους,
870 3395 1114 3467 προσθεὶς
1177 3390 1230 3447 δὲ
1262 3390 1357 3450 καί
1388 3391 1543 3456 αὐτὸς
1575 3389 1776 3456 πλῆθος
1803 3388 1925 3445 ἕτε-

296 3504 406 3560 ρον,
467 3481 686 3557 ἰταμοὺς
750 3480 941 3560 ἄνδρας
1017 3482 1104 3537 καὶ
1153 3482 1460 3557 νεωτερίσαι
1518 3476 1740 3552 δεινοὺς,
1802 3478 1927 3535 εἶτα

296 3573 380 3627 καὶ
421 3571 556 3644 οἴνῳ
583 3572 680 3634 τᾶς
729 3570 899 3650 ὁρμὰς
952 3569 1126 3626 αὐτῶν
1156 3568 1407 3639 ἑπιθήξας
1440 3568 1627 3632 νυκτὸς
1664 3566 1924 3644 ἐπιστρα-

305 3662 442 3718 τεύει
485 3673 604 3723 τοῖς
653 3672 946 3739 μοναχοϊς,
1009 3660 1268 3737 τρόπαιον
1325 3662 1521 3725 στῆσαι
1585 3655 1926 3737 φιλονεικῶν,

303 3750 394 3809 οὒκ
436 3747 664 3826 αῗδαμεν
698 3750 742 3805 εί
771 3748 937 3827 ἑτέρῳ
966 3749 1069 3805 τινὶ
1099 3753 1394 3825 προσῆκον,
1454 3746 1702 3826 ἀρχιερεῖ
1746 3744 1928 3822 μέντοι

298 3837 596 3915 συμϐαῖνον
641 3838 759 3897 οὒδὲ
792 3838 993 3916 βραχύ.
1027 3835 1247 3900 (Ἀλλως
1275 3858 1332 3892 τε
1364 3835 1443 3914 δὲ,
1495 3835 1591 3892 κᾶν
1627 3832 1747 3913 παρ’
1780 3833 1928 3894 οὐδὲν

298 3928 493 4007 ἕτερον,
526 3927 664 3985 ἀλλὰ
724 3934 812 3984 τοῦ
867 3924 995 3984 ἰδίου
1053 3925 1220 3983 καλοῦ
1248 3926 1424 3982 ἕνεκεν
1451 3925 1791 4005 ἀποσχέσθαι
1822 3922 1925 3980 ἔδει

300 4018 606 4095 πράγματος
649 4016 959 4091 ἐπιμώμου,
998 4014 1071 4072 ’Ἠ
1118 4015 1220 4093 γὰρ
1263 4016 1362 4081 τὴν
1392 4012 1763 4092 προλαϐοῦσαν
1796 4015 1925 4092 πρὸς

301 4108 414 4172 τοὶς
474 4104 664 4185 ἄνδρας
738 4104 914 4184 φιλίαν
960 4104 1203 4165 εὖκολίαν
1265 4104 1443 4168 εἴποις
1502 4109 1705 4183 φρενῶν
1749 4104 1925 4181 έγκρί·

303 4217 486 4254 νουσαν
528 4196 630 4273 πρὸ
690 4195 945 4270 βασάνου,
981 4194 1018 4261 ἢ
1048 4195 1110 4250 τὸ
1140 4194 1277 4268 μετὰ
1307 4192 1471 4250 ταῦτα
1504 4206 1666 4268 μῖσος
1701 4190 1926 4260 ἔκδηλον

2010 3039 2341 3110 pater,cum
2375 3040 2786 3116 processisset,
2823 3049 2882 3102 et
2901 3040 3213 3121 Augustali
3234 3061 3342 3107 eos
3370 3062 3646 3105 commu-

2009 3120 2368 3220 nicasset,ab
2400 3144 2472 3220 eo
2507 3130 2651 3220 petit
2674 3148 2915 3192 manum
2950 3120 3293 3206 militarem,
3328 3141 3391 3195 ut
3409 3142 3650 3194 sanctos

2010 3215 2191 3285 viros,
2227 3220 2290 3273 ut
2314 3215 2416 3294 qui
2448 3217 2661 3278 malam
2697 3227 2978 3282 tenerent
3000 3221 3590 3300 opinionem,procul
3616 3240 3649 3282 a

2013 3308 2132 3389 tota
2180 3301 2430 3383 Egypto
2484 3307 2813 3385 expelleret
2866 3326 2879 3367 :
2932 3318 2990 3369 et
3049 3310 3268 3389 accipit
3296 3309 3534 3389 quidem
3567 3310 3645 3371 ad

2011 3388 2392 3468 quingentos.
2425 3392 2569 3454 Cum
2604 3406 2801 3456 autem
2835 3396 2968 3477 ipse
2999 3388 3237 3477 quoque
3256 3388 3495 3458 manum
3524 3416 3646 3458 non

2009 3495 2247 3556 parvam
2279 3481 2623 3560 adjecisset,
2648 3483 2807 3545 viros
2837 3485 3095 3547 audaces
3125 3495 3186 3547 et
3208 3486 3281 3546 ad
3308 3486 3643 3547 novandum

2008 3566 2236 3648 aliquid
2269 3570 2563 3650 egregios,
2600 3581 2658 3633 et
2690 3573 2911 3635 deinde
2940 3575 3113 3636 etiam
3148 3592 3355 3636 eorum
3385 3575 3647 3654 impetus

2013 3656 2152 3719 dato
2182 3658 2319 3720 vino
2368 3660 2696 3736 incitasset,
2731 3663 2820 3723 vir
2861 3663 2992 3743 ipse
3022 3665 3353 3725 acerrimus
3388 3674 3448 3726 et
3476 3665 3647 3744 cujus

2012 3744 2276 3826 impetus
2304 3767 2425 3811 non
2447 3752 3178 3829 poteratcohiberi,noctu
3210 3753 3374 3815 ducit
3405 3754 3644 3815 exerci-

2011 3845 2134 3897 tum
2160 3837 2222 3899 in
2255 3840 2610 3921 monachos,
2638 3842 3019 3925 contendens
3062 3843 3295 3922 erigere
3326 3850 3644 3923 tropaeum,

2011 3926 2172 4002 quod
2196 3927 2437 4007 quidem
2464 3930 2670 3992 nescio
2699 3949 2775 3992 an
2806 3931 2913 3992 ulli
2947 3931 3183 4012 alii,qui
3212 3940 3374 3994 esset
3404 3932 3648 4012 quidem

2010 4016 2397 4095 pontifex,vel
2429 4018 2742 4081 minimum
2778 4021 3154 4083 conveniret.
3182 4021 3417 4101 Alioqui
3446 4030 3646 4083 autem

2009 4108 2060 4190 si
2086 4105 2250 4190 nulla
2261 4106 2376 4168 alia
2393 4107 2467 4168 de
2492 4116 2899 4182 causa,etsua=.
2920 4110 3161 4190 quidem
3186 4119 3349 4172 certe
3371 4111 3647 4171 honesta-

2010 4186 2084 4246 tis
2103 4186 2291 4263 gratia
2314 4207 2348 4248 a
2370 4206 2437 4249 re
2463 4198 2581 4249 tam
2620 4186 3014 4269 vituperanda
3034 4190 3293 4253 debebat
3314 4190 3643 4253 abstinere.

305 4284 619 4364 μοχθηρίαν,
664 4284 710 4358 ᾧ
751 4284 840 4339 καὶ
910 4280 1113 4354 μᾶλλον
1172 4282 1374 4344 θετέον,
1441 4283 1653 4358 Φανερὰ
1696 4284 1794 4360 γὰρ
1842 4284 1926 4339 καὶ

2017 4275 2137 4335 Aut
2160 4274 2321 4335 enim
2348 4277 2813 4355 praecedentem,
2843 4298 2976 4359 quas
3017 4280 3073 4341 ei
3101 4298 3237 4341 cum
3268 4279 3410 4341 viris
3453 4279 3646 4341 inter-

306 4376 338 4442 ἠ
370 4379 474 4429 τῶν
517 4371 719 4449 ἀνδρῶν
762 4371 949 4450 ἀρετὴ,
996 4372 1146 4440 καὶὴ
1197 4381 1292 4430 τοῦ
1335 4373 1665 4445 μισήσαντος
1718 4374 1929 4441 κακοή-

307 4467 437 4521 θεια.
471 4466 663 4540 Πρῶτα
696 4461 794 4536 μὲν
827 4462 917 4517 οὗν
950 4461 1238 4539 Διόσκορον
1268 4458 1555 4516 ἀπελαύνει
1597 4467 1690 4516 τοῦ
1720 4462 1929 4537 θρόνου,

308 4550 384 4607 διά
436 4571 594 4606 τινων
653 4550 873 4607 οἰκετῶν
909 4548 1071 4607 αὐτοῦ
1130 4550 1393 4605 Αἰθιόπων
1442 4550 1573 4627 πρὸς
1622 4550 1741 4625 βίαν
1770 4549 1932 4607 ἑλκό-

307 4662 481 4716 μενον,
527 4638 776 4696 ’Ἔπειτα
819 4637 875 4694 δὲ
920 4639 1009 4695 καὶ
1065 4643 1165 4704 τῆς
1205 4639 1365 4694 αὐτοῦ
1405 4636 1730 4704 Ἐκκλησίας
1761 4639 1929 4718 ἀφαι-

307 4744 470 4810 ρεῖται
533 4730 633 4796 τὴν
675 4728 987 4806 παροικίαν,
1037 4726 1282 4784 σκυλεύει
1324 4748 1382 4783 τε
1436 4728 1499 4783 τὸ
1527 4725 1673 4807 ὅρος,
1719 4730 1929 4793 καὶτὰς

309 4822 463 4881 οἰκίας
522 4824 629 4875 τῶν
687 4823 945 4897 μονα-χῶν
1001 4815 1274 4891 ληΐζεται,
1333 4816 1455 4880 τοὺς
1500 4829 1645 4895 τρεῖς
1698 4817 1928 4882 ἐκείνους

308 4906 687 4983 έπιμελέστατα
746 4905 1045 4983 ἀνιχνεύων
1089 4906 1209 4968 τοὺς
1272 4908 1391 4978 περὶ
1440 4908 1532 4962 τὸν
1588 4904 1923 4982 Ἀμμώνιον,

306 4998 576 5071 ἀμώμους,
633 4996 795 5073 φημὶ,
846 4994 970 5057 τοὺς
1017 4995 1079 5050 τὸ
1135 5000 1240 5050 πᾶν
1295 4992 1576 5071 ἀδελφούς.
1624 4997 1732 5053 Οὐκ
1783 4995 1928 5075 ἔχων

305 5085 351 5142 δὲ
379 5085 617 5165 ιφευρετν
651 5083 773 5160 (καί
810 5082 910 5160 γὰρ
940 5082 1080 5150 ἦσαν
1113 5084 1186 5144 είς
1219 5081 1382 5162 φρέαρ
1412 5083 1600 5149 αὐτοὺς
1631 5083 1925 5161 καθέντες),

304 5174 564 5252 ἀπορήσας
592 5173 620 5227 ὁ
663 5170 894 5248 ἀγεννὴς
961 5170 1067 5226 τῶν
1098 5168 1300 5248 ἀνδρῶν
1330 5170 1417 5227 ἐπὶ
1449 5171 1550 5241 την
1579 5170 1712 5239 ὕλην
1764 5172 1925 5249 έτρά-

306 5284 445 5342 πετο,
502 5262 592 5317 καὶ
661 5260 761 5324 την
832 5258 1000 5336 ὀργὴν
1057 5260 1221 5326 αὐτῆς
1277 5260 1562 5340 καταχέει,
1609 5262 1702 5327 τὰς
1758 5263 1925 5326 οἰκίας

308 5354 486 5424 αὐτῶν,
534 5348 621 5404 καὶ
665 5346 693 5402 ὅ
741 5368 791 5403 τι
835 5352 942 5402 τῶν
983 5347 1186 5406 σκευῶν
1230 5348 1475 5427 ὑπῆρχεν
1520 5351 1686 5428 (ἦσαν
1729 5350 1781 5408 δὲ
1828 5353 1919 5408 καί

307 5542 805 5613 carent.Quantum
821 5546 1013 5613 autem
1027 5538 1076 5594 is
1089 5537 1435 5611 Origenistis
1448 5541 1923 5613 faverit,consule

308 5613 471 5689 ipsius
494 5611 802 5678 Lausiaca.
826 5609 927 5670 ubi
952 5616 1107 5670 totus
1131 5609 1395 5673 vei-satur
1417 5613 1479 5673 in
1511 5609 1682 5675 laude
1708 5614 1921 5678 Isldori

2013 4364 2801 4440 cessit,amicitiam,dixeris
2821 4386 2956 4430 esse
2976 4369 3159 4430 animi
3180 4368 3651 4448 levitatem,quat

2014 4452 2180 4533 eligit
2201 4464 2340 4515 ante
2365 4455 2804 4535 probationem:
2840 4466 2939 4518 aut
2961 4457 3119 4538 quod
3148 4467 3353 4538 postea
3376 4466 3646 4519 exortum

2015 4552 2104 4605 est
2134 4544 2714 4619 odium,evidentem
2745 4547 3328 4627 improbitatem,cui
3359 4556 3448 4608 est
3468 4548 3648 4609 etiam

2013 4633 2128 4694 hoc
2160 4633 2347 4712 magis
2379 4633 2807 4697 ascribendum
2850 4658 2863 4694 :
2900 4645 2992 4698 est
3022 4635 3182 4698 enim
3215 4638 3398 4697 virtus
3435 4654 3644 4697 eorum

2012 4722 2561 4804 manifesta,etejus
2581 4724 2683 4803 qui
2702 4724 2839 4786 illos
2862 4724 3068 4788 oderat
3091 4725 3647 4805 malignitas.Atque

2012 4811 2266 4890 primum
2298 4811 2538 4891 quidem
2599 4814 2954 4875 Dioscorum
3004 4814 3249 4894 expellit
3303 4833 3336 4875 e
3366 4814 3512 4875 sede
3539 4831 3647 4892 per

2010 4900 2299 4981 quosdam
2333 4920 2474 4963 suos
2494 4902 2750 4964 famulos
2777 4902 3457 4984 AEtbiopesOportebat
3482 4902 3643 4963 enim

2010 4989 2179 5051 illum
2213 4990 2298 5051 uti
2322 4990 2540 5053 talibus
2560 4991 3111 5054 ministris.Deinde
3133 4991 3313 5054 etiam
3337 4991 3643 5072 tyrannice

2011 5087 2071 5141 et
2100 5097 2207 5159 per
2237 5078 2353 5140 vim
2408 5079 2467 5141 ei
2496 5080 2692 5142 aufert
2724 5099 2851 5142 sum
2903 5080 3178 5144 ecclesiae
3224 5080 3559 5158 dioecesim,
3588 5088 3647 5142 et

2010 5175 2276 5229 montem
2299 5168 2828 5248 spoliat,tanquam
2858 5171 3186 5250 imperator
3206 5169 3506 5252 quispiam
3530 5170 3650 5233 ele-

2008 5265 2140 5319 ctus
2157 5264 2219 5320 et
2244 5257 2561 5337 praefectus
2579 5257 2744 5319 bello
2765 5259 3033 5338 gerendo
3056 5266 3271 5321 contra
3293 5260 3642 5320 monachos:

2007 5354 2066 5407 et
2086 5363 2295 5408 eorum
2329 5346 2539 5409 domos
2560 5346 2786 5428 diripit,
2815 5356 2935 5410 tres
2958 5348 3096 5410 illos
3118 5351 3305 5410 miser
3325 5347 3648 5426 diligenter

2002 5555 2082 5678 ea
2101 5541 2506 5673 qonsodalium
2548 5542 3001 5600 monachorum.
3070 5542 3200 5603 Vide
3260 5541 3470 5600 Baron.
3514 5540 3641 5601 loco

2002 5628 2032 5673 c
2085 5630 2115 5673 a
2143 5629 2195 5673 ο.

2000 5628 2195 5673 οιιοιο.
