3954 6146
340 211 489 278 1147

1617 215 1900 278 MENSIS
1945 217 2402 281 JANUARIUS.

3615 216 3728 280 1148

331 345 1161 427 perscrutans,Ammonium,
1199 349 1616 426 inquam,ciim
1649 349 1956 429 aliis,quos

2046 347 2219 426 βίϐλοι
2251 352 2392 416 τινὲς
2425 358 2531 409 τῶν
2582 351 2932 432 σπουδαίων),
2984 350 3212 411 ἅπαντα
3252 355 3353 425 τῷ
3416 349 3554 427 πυρὶ
3607 372 3735 429 χαρι-

332 455 412 499 ne
434 438 669 500 Momus
703 437 948 518 quidem
1007 438 1524 523 reprehendisset,
1580 447 1634 501 et
1666 439 1767 519 qui
1801 445 1973 500 erant

2054 438 2305 514 σάμενος.

331 530 496 592 omni
538 548 607 591 ex
640 538 808 610 parte
839 531 1071 593 fratres.
1105 529 1250 594 Cum
1284 539 1481 593 autem
1516 551 1634 594 non
1666 538 1872 612 posset
1913 535 2155 594 omnino
2185 533 2456 596 invenire
2507 535 2596 616 (se
2631 534 2791 598 enim
2823 537 2985 616 ipsos
3032 535 3093 597 in
3127 542 3439 616 puteum
3504 531 3740 595 demise-

328 621 512 702 rant),
546 619 704 681 viros
758 639 877 682 non
905 629 1214 682 assecutus
1244 622 1330 682 vir
1361 621 1561 702 pusilli
1590 629 1648 684 et
1697 620 1916 701 abjecti
1945 620 2152 693 animi,
2183 641 2248 684 se
2277 625 2550 705 protinus
2599 625 2898 687 convertit
2925 624 3000 686 ad
3049 623 3425 687 materiam
3472 641 3490 684 :
3526 628 3591 684 et
3642 630 3745 684 tan-

329 727 505 790 quam
535 709 782 772 insaniae
813 710 1054 771 nimiam
1087 718 1393 773 ostentans
1421 711 1871 782 abundantiam,
1905 709 1963 769 in
2000 726 2131 771 eam
2161 712 2370 774 effudit
2398 714 2570 793 iram,
2603 712 2809 775 domos
2838 713 3081 776 illorum
3113 721 3171 776 et
3210 727 3522 776 omnem
3557 713 3743 792 supel-

329 799 590 860 lectilem
621 800 821 878 (erant
848 807 1045 861 autem
1080 800 1349 863 nonnulli
1381 820 1620 882 quoque
1646 800 1782 863 libri
1813 797 2243 880 studiosorum)
2274 803 2474 864 omnia
2505 802 2681 864 simul
2712 802 2837 881 igni
2870 804 3187 865 mandans.

409 891 665 956 XXXIX.
689 894 925 956 Accidit
949 894 1087 957 huic
1119 895 1396 976 improbo
1432 897 1776 976 imperatori
1799 891 1962 956 aliud

335 1000 569 1064 quoque
595 982 852 1060 facinus,
914 982 1074 1064 quod
1118 983 1366 1046 omnino
1419 984 1661 1064 quidem
1703 983 1791 1046 illi
1823 981 1964 1044 satis

330 1071 626 1152 congruit,
654 1090 764 1134 nec
788 1078 876 1134 est
907 1091 976 1134 eo
1000 1073 1310 1152 indignum
1342 1095 1354 1136 ε
1382 1081 1472 1135 est
1491 1081 1690 1136 autem
1715 1072 1960 1150 dignum

327 1179 447 1223 non
476 1161 682 1242 paucis
714 1161 1013 1242 lacrymis.
1042 1161 1242 1224 Infans
1288 1163 1474 1243 enim,
1511 1163 1612 1243 qui
1637 1161 1873 1234 incidit,
1904 1167 1963 1220 et

326 1268 495 1312 sacra
511 1250 779 1332 quaedam
805 1251 974 1330 signa
997 1263 1619 1328 sacramentorum,ea
1637 1270 1874 1332 quoque
1889 1247 1963 1311 ab

322 1340 463 1420 igne
486 1348 944 1404 consumuntur.
979 1339 1122 1403 Cum
1142 1342 1235 1403 vix
1260 1341 1501 1403 tandem
1529 1341 1603 1403 ab
1637 1342 1728 1403 ira
1757 1358 1961 1402 cessa-

324 1429 1287 1504 visset,revertiturAlexandriam
1307 1431 1567 1511 pontifex
1587 1449 1721 1492 cum
1743 1429 1962 1492 talibus

323 1518 612 1580 victoriis.
648 1518 738 1582 Illi
766 1527 964 1580 autem
991 1520 1083 1580 vix
1121 1520 1358 1581 tandem
1403 1520 1604 1582 securi
1628 1539 1661 1582 a
1695 1529 1852 1581 metu
1884 1518 1959 1578 li-

328 1607 484 1683 beri,
520 1607 664 1669 nudi
685 1615 906 1670 exeunt
927 1627 959 1671 ο
978 1617 1153 1688 puteo
1188 1609 1464 1688 pudenda
1487 1610 1681 1670 solum
1707 1608 1960 1670 succinti

322 1696 552 1759 linteis:
569 1704 629 1759 et
649 1696 894 1758 obibant
915 1698 1090 1759 simul
1113 1697 1532 1760 Alexandriam
1551 1697 1960 1778 fugitivi,prae-

2129 893 2264 953 AB'.
2311 894 2600 970 Συμϐαίνει
2657 919 2708 953 τι
2747 895 2842 952 καί
2877 894 3009 952 ἄλλο
3039 896 3116 970 τῷ
3155 900 3438 973 πονηρῷ
3470 899 3748 970 στρατηγῷ

2046 984 2218 1058 τούτῳ
2260 984 2664 1059 τετολμημένον
2708 983 2946 1064 δακρύων
2996 983 3162 1048 ὅντως
3220 981 3563 1041 πλειόνων
3596 980 3746 1046 ἀξιον,

2051 1075 2146 1130 Καὶ
2201 1071 2404 1130 παιδίον
2456 1074 2555 1152 γὰρ
2613 1077 2944 1154 προστυχὸν,
3007 1073 3244 1151 καὶξερά
3288 1094 3447 1128 τινα
3515 1068 3749 1147 σύμϐολα

2046 1166 2154 1218 τῶν
2213 1165 2515 1241 μυστηρίων
2592 1169 2682 1219 καὶ
2755 1163 2885 1220 αὐτὰ
2938 1161 3344 1242 παρανάλωμα
3421 1168 3536 1218 τοῦ
3602 1163 3748 1238 rape:

2049 1251 2270 1328 γίνεται,
2329 1250 2508 1314 Οὕτως
2554 1253 2696 1326 αὖτῷ
2751 1251 2908 1326 μόλις
2976 1251 3084 1307 τῶν
3137 1255 3357 1324 θυμῶν
3431 1249 3745 1324 ληξάντων,

2045 1340 2282 1396 ἐπάνεισι
2337 1343 2470 1416 sipo:
2518 1341 2614 1410 τὴν
2671 1338 3071 1419 Ἀλεξάνδρειαν
3103 1341 3243 1415 μετά
3286 1363 3370 1420 γε
3409 1345 3532 1406 τῆς
3568 1343 3747 1394 τοιαύ-

2043 1450 2142 1494 της
2201 1432 2228 1484 ὁ
2287 1429 2564 1508 ἀρχιερεὺς
2625 1429 2774 1496 νίκης
2829 1431 3051 1487 καὶτῶν
3084 1431 3221 1486 κατὰ
3256 1435 3400 1486 τῶν
3444 1430 3741 1507 μοναχών,

2044 1515 2250 1591 οἴμοιέ
2311 1517 2601 1594 τροπαίων.
2666 1518 2822 1574 Αύτοὶ
2879 1515 2932 1572 δὲ
2982 1515 3237 1597 τυχόντες
3313 1516 3536 1581 ἀδείας
3587 1517 3741 1581 ἐξίασι

2041 1607 2230 1681 γυμνοὶ
2286 1608 2380 1662 τοῦ
2427 1608 2676 1685 φρέατος,
2764 1607 2953 1681 μόναις
3029 1605 3234 1672 ὀθόναις
3307 1605 3740 1679 διαζωσάμενοι

2041 1695 2138 1761 τὴν
2197 1693 2348 1766 αἰδὼ,
2421 1697 2509 1752 καὶ
2567 1696 2858 1774 περιῄεσαν
2921 1694 3056 1751 οὕτω
3128 1697 3224 1763 τὴν
3286 1693 3738 1765 Ἀλεξάνδρειαν

325 1782 2278 1866 όεηιίιιιιιιηηοιιροῑυοτειιεδεθειυὶΤὴθοριιὶιυεειἱΙΙὶυεΒ(ἐλεεινὴ
2332 1797 2450 1847 τοῖς
2499 1786 2691 1861 ὁρῶσιν
2737 1783 2902 1863 ὄψις),
2954 1787 2997 1840 εἰ
3050 1787 3137 1840 καὶ
3185 1786 3291 1852 τὴν
3333 1785 3575 1862 ἀρετήν
3609 1788 3736 1850 ἦσαν

325 1872 933 1953 insania,miserabile
956 1873 1165 1950 iis,qui
1183 1873 1489 1954 videbant,
1522 1875 1951 1953 spectaculum,

325 1961 557 2023 etiamsi
595 1961 813 2024 virtute
857 1970 1029 2024 erant
1071 1963 1262 2025 induti
1285 1963 1626 2043 splendide,
1663 1972 1722 2025 et
1748 1963 1823 2026 ab
1859 1963 1956 2026 illa

322 2050 575 2132 pulchre
598 2053 814 2114 ornati.
851 2049 966 2114 Eos
984 2071 1112 2113 cum
1137 2053 1516 2132 agnovissent
1541 2053 1953 2127 Alexandrini,

320 2139 448 2203 zelo
467 2148 525 2202 et
546 2141 634 2202 ira
655 2141 856 2203 statim
880 2142 1190 2222 repleti,ut
1212 2150 1346 2204 sunt
1368 2160 1539 2204 acres
1561 2154 1621 2204 et
1637 2144 1958 2204 vehemen-

322 2239 434 2305 tes,
471 2230 774 2310 lampades
795 2231 858 2292 in
879 2251 1090 2293 manus
1109 2240 1445 2313 sumentes,
1478 2240 1536 2293 et
1557 2231 1954 2312 TheOphilum

321 2317 666 2400 ubicunque
689 2337 824 2382 eum
852 2339 985 2384 esse
1008 2322 1323 2402 putabant,
1335 2320 1575 2402 publice
1608 2322 1957 2383 circumsis-

332 2416 546 2484 tentes,
580 2410 852 2472 nonnulli
876 2411 1119 2492 quidem
1142 2421 1452 2490 cmperunt
1475 2410 1820 2484 incendere,
1856 2409 1959 2472 alii

333 2503 528 2560 autem
551 2497 708 2560 bona
728 2499 1015 2579 diripere.
1049 2499 1196 2563 Cum
1230 2518 1368 2562 vero
1385 2500 1506 2581 jam
1531 2499 1602 2561 ad
1627 2518 1796 2562 sacra
1825 2517 1961 2562 vasa

333 2595 535 2651 essent
555 2591 809 2664 venturi,
836 2608 1057 2670 praeses
1080 2590 1298 2652 timens
1321 2590 1674 2670 periculum,
1708 2587 1961 2650 accessit

329 2697 434 2742 eos
465 2680 720 2755 leniens,
749 2687 807 2739 et
829 2679 1198 2742 humanitate
1217 2697 1423 2740 eorum
1451 2679 1597 2740 iram
1619 2677 1826 2739 volens
1855 2695 1956 2737 se-

319 2769 486 2830 dare.
521 2768 614 2830 Illi
636 2777 832 2829 autem
870 2767 1055 2847 magis
1087 2767 1516 2840 efferebantur,
1552 2765 1955 2846 Theophilum

321 2867 605 2937 tanquam
627 2857 881 2917 venatici
927 2857 1167 2936 quidam
1192 2875 1372 2918 canes
1394 2855 1638 2919 naribus
1660 2855 1952 2934 indagan-

321 2955 434 3020 tes,
471 2953 529 3007 et
552 2945 824 3008 ultricem
851 2945 910 3006 in
939 2964 1075 3007 eum
1118 2964 1356 3007 manum
1383 2946 1692 3025 cupientes
1724 2944 1955 3005 immit-

321 3044 471 3098 tere.
506 3035 700 3116 Atque
727 3034 965 3114 praesidi
997 3034 1241 3115 quidem
1276 3034 1572 3096 suadebat
1595 3041 1788 3094 metus
1817 3052 1953 3094 eum

313 3126 436 3216 jam
462 3123 722 3200 tradere,
751 3131 1002 3216 propter
1029 3123 1585 3216 concitatam_illam_
1610 3123 1951 3216 eorum,q_ui
1972 3165 2013 3216 ο

321 3215 514 3295 ipsum
539 3213 1349 3294 queerebantjncursionem.
1387 3212 1505 3275 Sed
1531 3211 1628 3275 ille
1653 3231 1788 3274 cum
1811 3212 1954 3273 solis

321 3302 576 3385 pedibus
606 3302 720 3364 sibi
751 3303 1084 3382 quaesiisset
1113 3303 1390 3378 salutem,
1420 3303 1480 3362 in
1531 3302 1792 3383 quodam
1825 3301 1954 3363 loco

319 3399 550 3454 secreto
571 3409 635 3453 se
657 3391 890 3468 infodit,
923 3392 1168 3456 timidus
1213 3401 1462 3472 repente
1494 3410 1816 3472 apparens,
1852 3391 1956 3470 qui

320 3489 479 3544 tanta
509 3490 638 3543 erat
659 3482 932 3558 audacia,
969 3492 1027 3544 et
1059 3502 1190 3545 mus
1239 3483 1416 3544 modo
1456 3482 1649 3560 picem
1683 3493 1949 3559 gustans.

317 3570 547 3633 Deinde
571 3591 706 3632 cum
757 3589 975 3651 praeses
1004 3571 1343 3652 accepisset
1374 3571 1726 3643 monachos,
1763 3580 1822 3631 et
1853 3590 1954 3632 eos

320 3660 616 3722 induisset
638 3659 900 3722 vestibus
922 3663 1031 3736 (sic
1054 3663 1214 3723 enim
1245 3660 1522 3722 studebat
1554 3659 1835 3740 populum
1862 3679 1958 3721 se-

321 3751 652 3823 dare,sicut
671 3749 953 3822 diximus,
989 3757 1046 3811 et
1065 3749 1321 3829 impetus
1343 3767 1552 3811 eorum
1573 3751 1954 3830 reprimere),

321 3839 678 3902 ostendebat
694 3840 1204 3920 praesentes.Cum
1226 3847 1428 3900 autem
1451 3838 1600 3899 nihil
1615 3838 1954 3918 proficeret,

321 3929 540 3990 timens
567 3947 642 3989 ne
667 3929 796 4007 ipse
819 3929 990 3990 fieret
1013 3930 1116 3989 irae
1141 3927 1730 4008 trOpaeum,etlueret
1754 3946 1958 4007 pinnas

319 4018 538 4079 furoris
555 4017 616 4079 in
631 4016 1364 4095 TheOphilum,accedens
1381 4016 1955 4096 juratTheophilum

321 4125 694 4188 nequaquam
751 4108 806 4169 ei
867 4105 1203 4167 ostendisse
1233 4124 1495 4178 causam,
1531 4124 1639 4166 cur
1668 4123 1772 4166 eos
1804 4105 1960 4165 viros

319 4205 638 4277 quaereret;
671 4197 775 4259 sed
801 4194 1215 4273 dixisse,quod
1245 4203 1444 4255 essent
1474 4195 1738 4274 corrupti
1769 4194 1828 4254 in
1855 4213 1950 4255 re-

319 4285 563 4364 ligione,
617 4295 673 4349 et
719 4287 877 4365 quod
938 4304 1056 4346 non
1091 4284 1234 4345 satis
1267 4284 1580 4364 ducerent,
1613 4283 1661 4344 si
1693 4284 1808 4362 ipsi
1839 4285 1951 4345 soli

319 4381 677 4453 aegrotarent
705 4395 722 4449 ;
756 4374 861 4436 sed
890 4373 1036 4434 alios
1067 4372 1244 4433 etiam
1271 4381 1629 4434 conarentur
1660 4372 1952 4434 inducere

2039 1871 2334 1952 φιλοτίμως
2368 1874 2748 1952 ἠμφιεσμένοι,
2789 1875 2877 1931 καὶ
2926 1873 3018 1929 ὑπ’
3069 1873 3298 1942 ἐκείνης-
3357 1872 3575 1934 καλῶς
3636 1894 3729 1926 κο-

2041 1963 2354 2037 σμούμενοι.
2414 1963 2641 2026 Τούτους
2703 1963 3014 2042 ἐπιγνόντες
3078 1961 3499 2040 Ἀλεξανδρεῖς
3565 1959 3731 2031 ζήλου

2039 2051 2131 2107 καί
2193 2054 2356 2129 ὀργῆς
2405 2051 2624 2126 ἔμπλεω
2677 2052 3033 2116 καταστάντες
3079 2053 3246 2132 εὒθὺς,
3298 2052 3446 2108 οἷοι
3519 2050 3723 2107 ἐκεῖνοι

2037 2141 2217 2218 θερμοὶ
2248 2143 2333 2196 καὶ
2385 2140 2704 2222 δυσκάτοχοι
2763 2142 2854 2207 τὰς
2906 2143 3097 2220 ὁρμὰς,
3131 2139 3452 2215 λαμπάδας
3492 2141 3725 2219 ἔχοντες

2041 2231 2176 2306 μετὰ
2215 2243 2436 2310 χεῖρας,
2481 2233 2569 2287 καὶ
2623 2232 2714 2287 τὸν
2773 2230 3056 2310 Θεόφιλον,
3106 2230 3226 2286 ἔνθα
3281 2230 3363 2296 δὴ
3401 2231 3507 2287 καί
3553 2228 3715 2301 ᾤοντο

2041 2325 2209 2397 εἶναι,
2245 2319 2519 2397 πανδημεῖ
2557 2321 2924 2399 περιστάντες,
2960 2322 3060 2377 εἶσὶ
3089 2321 3188 2396 μὲν
3214 2323 3260 2376 οἱ
3322 2321 3434 2376 καὶ
3497 2318 3718 2394 ἐμπρη-

2041 2415 2193 2486 σμῶν
2235 2411 2493 2490 ἤρχοντο,
2543 2412 2588 2468 οἳ
2636 2409 2690 2466 δὲ
2724 2409 3024 2487 διαρπαγὴν
3056 2411 3160 2466 τῶν
3193 2409 3381 2465 ὅντων
3419 2409 3708 2484 ὲμποιόυυ,

2045 2491 2138 2562 εΩς
2169 2498 2224 2555 δὲ
2256 2502 2341 2556 καὶ
2373 2501 2490 2578 περὶ
2520 2500 2586 2556 τὰ
2613 2500 2726 2577 ἱερὰ
2758 2499 2924 2567 σιιεύη
2955 2511 3162 2579 χωρεῖν
3183 2497 3505 2577 ἕμελλοι,ὁ
3532 2495 3711 2575 ἅρχων

2041 2591 2132 2645 τὸν
2192 2587 2425 2646 κίνδυνον
2485 2587 2794 2660 ὑποπτήξας
2847 2590 3098 2667 προσῄει,
3171 2587 3356 2666 λόγων
3446 2585 3706 2656 ἐπιεικείᾳ

2040 2682 2376 2736 τιθκσεῦσαι
2434 2678 2758 2755 βουλόμενος
2818 2679 2904 2734 καὶ
2963 2679 3061 2745 τὴν
3110 2678 3282 2755 ὁρμὴν
3321 2677 3540 2742 αὐτοῖς
3589 2676 3704 2730 ἐπι-

2043 2781 2224 2847 σχεῖν.
2263 2770 2322 2826 Οἱ
2351 2768 2404 2824 δὲ
2436 2771 2523 2824 καὶ
2580 2767 2787 2843 μᾶλλον
2833 2769 3084 2845 ἦγρίανον
3115 2768 3204 2823 καὶ
3234 2769 3378 2843 βοῆς
3417 2767 3516 2822 καὶ
3551 2765 3698 2838 θορύ-

2038 2855 2129 2913 ϐου
2159 2860 2224 2913 τὰ
2253 2857 2460 2914 ἅπαντα
2515 2856 2806 2936 ἐπλήρουν,
2864 2858 2955 2912 τὸν
3006 2855 3266 2935 Θεόφιλον
3292 2860 3395 2912 οἶα
3428 2854 3503 2924 δὴ
3533 2858 3698 2930 θηρα-

2038 2949 2175 3004 τικοὶ
2218 2948 2370 3010 κύνες
2415 2946 2852 3025 ῥινηλατοῦντες,
2899 2943 3048 3024 ἄρξαι
3107 2966 3164 3000 τε
3223 2953 3486 3024 τιμωροῦ
3531 2942 3694 3008 δεξιᾶς

2039 3035 2124 3093 ἐπ’
2170 3039 2312 3110 αύτῷ
2345 3036 2692 3116 γλιχόμενοι,
2727 3042 2814 3109 Τῷ
2842 3035 2941 3110 μὲν
2971 3037 3059 3090 οὗν
3091 3031 3321 3112 ἄρχοντι
3358 3035 3609 3111 παρῄνει
3637 3033 3689 3086 τὸ

2039 3125 2154 3189 δέος
2207 3123 2420 3182 ἔκδοτον
2465 3125 2625 3181 αότὸν
2668 3122 2771 3192 ἤδη
2814 3123 2998 3180 Θέσθαι
3045 3121 3130 3180 διὰ
3172 3123 3272 3190 τήν
3317 3121 3548 3189 πολλήν
3592 3121 3688 3175 τὼν

2039 3217 2340 3286 ζητούντων
2397 3213 2718 3292 ἐπιδρομήν.
2779 3211 2927 3268 Ἀλλ’
2975 3212 3182 3274 ἐκεῖνος
3227 3211 3352 3267 ποσὶ
3400 3212 3596 3286 μόνοις
3627 3211 3682 3263 τὸ

2039 3305 2270 3373 σωοῆνει
2333 3305 2642 3379 πιστεύσας,
2718 3302 2773 3357 ’ἐν
2849 3323 2944 3358 τινι
3004 3302 3152 3374 τόπῳ
3197 3306 3300 3356 τῶν
3355 3299 3681 3377 ἂποῤῥήτων

2041 3396 2225 3451 ἑαυτὸν
2282 3397 2614 3473 κατορύττει,
2679 3391 2852 3454 δειλὸς
2911 3391 3101 3469 ἀθρόον
3159 3393 3187 3446 ὁ
3261 3403 3528 3468 γενναῖος
3584 3385 3671 3442 καὶ

2041 3483 2334 3560 τολμητίας
2417 3484 2729 3562 ἀναφανεὶς,
2815 3481 3166 3560 ἒπιχειρῆσαί
3264 3501 3319 3537 τε
3395 3477 3674 3558 πράγμασι

2035 3573 2372 3650 θερμοτέροις
2418 3572 2590 3650 ξυρὸς,
2641 3572 2725 3627 καὶ
2780 3569 2834 3626 εἴ
2878 3592 2926 3625 τι
2960 3567 3092 3626 ἄλλο
3125 3574 3230 3625 τῶν
3261 3572 3547 3648 ταχίστων
3593 3565 3672 3621 καὶ

2037 3671 2241 3738 τομῶν,
2283 3663 2697 3741 γνωριζόμενος.
2747 3660 2886 3717 Εἶτα
2928 3659 3050 3722 τοὺς
3096 3657 3338 3725 ἀσκητὰς
3399 3660 3429 3715 ὁ
3494 3657 3669 3736 ἄρχων

2037 3752 2240 3826 λαϐὼν,
2287 3750 2383 3807 καί
2429 3751 2615 3826 ἱμάτια
2672 3747 2934 3826 περιθείς,
2999 3749 3076 3811 εἰς
3120 3749 3181 3803 τὸ
3224 3745 3436 3815 πλῆθος
3482 3745 3662 3826 ἐξῆγε,

2039 3825 2330 3919 πραότερον
2376 3838 2541 3903 οὕτως
2584 3839 2710 3894 αὐτὸ
2747 3825 3028 3893 διαθεῖναι
3077 3835 3433 3912 βουλόμενος,
3484 3825 3576 3897 (Ως
3621 3828 3668 3884 δὲ

2040 3930 2208 4007 μηδὲν
2251 3928 2400 4008 ἤνυε,
2473 3926 2645 3992 δείσας
2717 3927 2794 4002 μὴ
2855 3927 3111 4003 τρόπαιον
3158 3924 3317 3981 αὐτὸ)
3363 3929 3462 3982 τοῦ
3515 3924 3665 3995 θυμοῦ

2041 4022 2288 4099 γένηται,
2334 4019 2427 4074 καῖ
2475 4017 2572 4083 τὴν
2624 4017 2699 4080 εἷς
2732 4013 2991 4094 Θεόφιλον
3022 4013 3205 4093 ἐκτίσῃ
3238 4016 3461 4092 μανίαν,
3491 4011 3659 4099 ὄμνυσι

2040 4096 2312 4187 παραστάς
2372 4109 2450 4178 μὴ
2501 4104 2671 4174 δήλην
2731 4105 2871 4178 αύτῷ
2929 4109 3152 4171 ποιῆσαι
3197 4107 3297 4170 τὴν
3329 4105 3502 4158 αἰτίαν
3532 4096 3651 4156 Θεό-

2039 4186 2224 4278 φιλον,
2286 4194 2397 4253 καθ’
2456 4194 2524 4262 ἢν
2582 4195 2863 4266 ἓπιζητοίη
2928 4194 3049 4256 τοὺς
3097 4190 3306 4270 ἄνδρας.
3355 4192 3526 4247 Φάναι
3556 4186 3652 4278 -ἶὰρ

2039 4273 2168 4364 πρὸς
2211 4287 2391 4358 αὐτὸν,
2454 4283 2534 4340 ὅτι
2582 4281 2974 4360 διεφθαρμένως
3008 4281 3196 4360 ἔχοιεν
3247 4281 3366 4358 περὶ
3417 4281 3483 4336 τὸ
3513 4273 3646 4364 σέϐας

2039 4363 2091 4434 oi?
2129 4376 2386 4454 μοναχοὶ,
2446 4371 2541 4429 καί
2599 4375 2673 4435 ὡς
2733 4373 2794 4428 ού
2852 4381 3006 4430 τοῦτο
3039 4371 3226 4448 μόνον,
3261 4368 3398 4424 ἀλλὰ
3425 4369 3514 4426 διαὶ
3543 4363 3638 4421 ἰτέ-

318 4463 392 4525 ad
416 4480 580 4524 suam
609 4461 1188 4525 commu‘nionem.Si
1212 4464 1372 4524 enim
1395 4461 1946 4542 scivissam,inquit,

2043 4489 2154 4542 ρους
2217 4463 2528 4544 ἐφέλκονται
2579 4463 2710 4540 πρὸς
2761 4462 2823 4517 τὸ
2855 4460 3066 4536 ὅμοιον,
3101 4461 3158 4517 El
3189 4460 3290 4537 γὰρ
3319 4455 3494 4537 ᾔδειν,
3537 4455 3630 4544 ἔφη,

320 4552 480 4634 quod
514 4553 716 4613 animo
749 4553 1161 4631 agitabat,non
1195 4552 1375 4612 modo
1410 4570 1529 4612 non
1560 4551 1950 4632 praebuissem

320 4642 569 4714 milites,
624 4643 729 4704 sed
781 4660 893 4703 nec
940 4641 1108 4704 illum
1165 4644 1357 4721 ipsum
1404 4640 1646 4722 quidem
1679 4642 1952 4702 sivissem

320 4732 550 4812 egredi.
585 4732 728 4797 Cum
754 4731 840 4793 sic
866 4733 1135 4808 dixisset,
1173 4732 1260 4792 vix
1288 4730 1526 4792 tandem
1546 4730 1632 4791 eis
1656 4732 1953 4808 persuasit

321 4832 388 4883 ut
413 4821 789 4885 recederent.
826 4821 1038 4884 Postea
1066 4831 1266 4884 autem
1299 4820 1690 4894 Theophilus,
1724 4838 1860 4881 cum
1895 4830 1958 4881 et

319 4911 516 4991 ipsum
551 4913 960 4993 praesidem,et
989 4912 1276 4994 quidquid
1313 4921 1439 4972 erat
1465 4910 1691 4971 clarum
1721 4919 1781 4972 et
1810 4910 1950 4971 illu-

320 5008 442 5064 stre
461 5007 522 5063 in
547 5001 784 5064 civitate
805 5006 946 5081 (erat
966 5003 1120 5063 enim
1146 5019 1242 5062 res
1265 5001 1613 5079 pecuniaria
1637 5001 1726 5061 eis
1746 4999 1806 5059 in
1833 5018 1953 5060 ma-

319 5110 466 5171 gnas
496 5092 749 5154 adducta
765 5093 1092 5172 angustias)
1117 5091 1290 5152 donis
1312 5089 1611 5169 explesset
1630 5089 1701 5150 ad
1724 5095 1958 5152 satieta-

319 5190 464 5256 tem,
497 5181 559 5242 iu
611 5200 779 5242 suam
842 5181 1076 5260 sedem,
1112 5180 1268 5259 quod
1302 5179 1525 5240 utinam
1560 5197 1679 5238 non
1735 5178 1954 5240 factum

323 5269 1074 5348 esset,restituitur.Atque
1103 5268 1206 5329 alii
1237 5267 1478 5347 quidem
1512 5286 1578 5328 ex
1613 5267 1706 5328 his
1736 5268 1958 5330 sanctis

322 5359 466 5419 viris
481 5358 624 5421 alibi
643 5369 779 5420 sunt
801 5359 1080 5438 diSpersi:
1103 5357 1426 5419 Dioscorus
1448 5364 1740 5429 autem,et
1759 5359 1960 5436 plures

322 5447 424 5508 alii
457 5466 530 5509 ex
583 5447 962 5528 melioribus,
997 5468 1117 5508 non
1148 5447 1340 5509 solum
1375 5465 1452 5506 ex
1488 5447 1820 5527 monachis,
1854 5448 1959 5509 sed

324 5535 501 5599 etiam
533 5554 604 5599 ex
631 5537 1068 5612 sacerdotibus,
1119 5555 1252 5596 eum
1314 5535 1529 5610 secuti,
1560 5534 1855 5598 accedunt
1887 5538 1960 5601 ad

2035 4538 2097 4614 τὸ
2139 4538 2276 4612 κατα
2335 4559 2476 4632 νοῦν,
2531 4538 2635 4630 οὔχ
2694 4549 2841 4615 ὅπως
2897 4548 2960 4605 ἂν
3004 4548 3360 4626 στρατιώτας,
3394 4538 3629 4603 ἀλλ’ὡνέ

2036 4647 2193 4703 αότὸν
2237 4631 2765 4719 ὲκεϊνοννπαρὲσχον
2809 4637 2870 4694 ἂν
2936 4636 3193 4703 ἐξελθεῖν.
3271 4635 3455 4698 Οὕτως
3511 4631 3638 4691 εἰπὼν

2037 4737 2137 4811 ὀψὲ
2195 4733 2281 4789 καὶ
2325 4731 2480 4807 μόλις
2527 4728 2732 4784 ἔπειθεν
2793 4728 3114 4794 ἀποστῆναι.
3182 4725 3436 4802 Ὕστερον
3481 4725 3639 4800 μέντοι

2040 4806 2298 4902 Θεόφιλος
2329 4806 2486 4876 αὐτόν
2518 4839 2575 4874 τε
2606 4817 2870 4896 ἄρχοντα,
2911 4815 3006 4872 καί
3040 4821 3145 4872 πᾶν
3175 4813 3204 4870 ὅ
3235 4837 3286 4870 τι
3317 4813 3575 4887 ἐπίσημον
3595 4806 3644 4872 ἧν

2037 4918 2138 4982 τῆς
2158 4897 2392 4978 πόλεως,
2457 4905 2642 4985 δώροις
2693 4907 3020 4984 Θεραπεύσας
3072 4906 3146 4968 εἰς
3199 4904 3357 4981 κόρον
3409 4901 3524 4982 (καὶ
3571 4897 3645 4975 γὰρ

2038 5005 2103 5071 ἧν
2148 5005 2292 5074 αὐτῷ
2334 4996 2475 5063 δεξιὰ
2521 4995 2734 5070 πλούτῳ
2788 4993 3172 5072 βαρυνομένη),
3226 4994 3300 5055 εἰς
3359 4993 3452 5048 τὸν
3495 4989 3646 5070 θρόνον

2040 5091 2370 5161 ἀνασώζεται
2426 5087 2518 5143 τὸν
2565 5087 2790 5146 οἰκεῖον,
2833 5081 3023 5140 ’Ἄλλοι
3065 5083 3162 5156 μὲν
3216 5083 3305 5136 οὖν
3356 5086 3464 5137 τῶν
3522 5077 3647 5136 ὁσίων

2041 5182 2243 5240 τούτων
2302 5174 2504 5252 ἀνδρῶν
2548 5174 2794 5254 ἀλλαχοῦ
2837 5171 3231 5248 διεσπάρησαν,
3290 5180 3419 5231 Τοῖς
3463 5167 3517 5224 δὲ
3562 5161 3650 5239 περὶ

2048 5275 2335 5345 Διόσκορον
2408 5266 2498 5321 καὶ
2553 5264 2723 5343 ἕτεροι
2783 5261 2999 5326 πλείους
3071 5265 3179 5314 τῶν
3230 5256 3647 5334 σπουδαιοτέρων,

2042 5358 2215 5440 φημὶ,
2247 5341 2508 5435 μοιθαχῶν
2549 5375 2609 5440 τε
2647 5341 2756 5410 Ἵκαὶ
2799 5352 2982 5428 ἱερέων
3027 5347 3508 5417 ἀκολουθήσαντες,
3542 5341 3648 5401 Σιλ-

2044 5433 2212 5520 ϐανῴ,
2248 5454 2324 5519 τῷ
2379 5433 2486 5502 τιῖιν
2549 5433 2932 5520 Ἰεροσολύμων
2995 5438 3281 5512 ἰπισκόπῳ
3353 5434 3645 5514 προσῆλθον.

2046 5541 2196 5607 Πλὴν
2240 5535 2356 5596 οὐδὲ
2402 5532 2568 5596 οὕτως
2618 5534 2812 5600 ἀνῆκεν
2860 5531 3045 5594 αὐτοὺς
3085 5531 3313 5607 ἠμερεϊν
3347 5527 3381 5594 ἡ
3441 5524 3651 5604 ταράχον
