3954 6146
262 317 426 383 1149

1299 316 1492 381 VITA
1534 317 1596 380 S.
1653 314 1974 379 JOANNIS
2015 315 2571 382 CHRYSOSTOMI.

3511 318 3624 386 150

263 455 466 518 παντὸς
511 451 913 532 πεπληρωμένη
944 456 1122 534 ψυχή.
1185 451 1354 510 Ἀλλᾶ
1385 450 1632 524 Σιλϐανῷ
1665 452 1904 531 γράφων,

1994 447 2306 521 Sylvanum
2329 448 2668 521 episcopum
2691 451 3301 523 Hierosolymitanum.
3327 453 3434 512 Sed
3457 468 3532 512 ue
3553 455 3636 512 sic

265 548 377 604 Οὐκ
432 539 560 618 ἔδει,
598 542 774 623 ἔλεγε,
817 544 962 623 παρὰ
1017 545 1080 599 τὸ
1137 543 1254 618 ἐμοὶ
1310 541 1496 599 δοκοῦν
1551 539 1913 620 ὑποδεχθῆναι

263 634 391 697 τοὺς
449 629 704 710 φυγάδας.
739 633 1067 711 Συγγνωστῂ
1123 630 1176 687 δὲ
1209 631 1419 710 ἄγνοια.
1481 629 1628 698 Πλὴν
1659 629 1796 686 ἀλλὰ
1852 629 1913 684 τὸ

263 723 422 797 μετὰ·
457 727 625 778 ταῦτα
651 721 735 778 δεῖ
792 723 1006 785 πσίντως
1041 721 1178 797 μήτε
1238 720 1686 786 ἐκκλησιαστικοῦ
1728 718 1912 782 αὐτοῖς

266 812 460 884 τόπου,
527 811 667 884 μήτε
725 808 992 866 ἰδιωτικοῦ
1061 822 1365 871 κοινωνεῖν.
1429 810 1607 870 Οὓτως
1679 809 1748 866 είς
1808 812 1912 862 πᾶν

270 899 495 978 ἀπορίας
558 897 800 959 ἐλθόντες
858 901 906 954 οἱ
961 899 1195 976 μοναχοὶ
1251 898 1388 954 κατὰ
1443 903 1620 953 πᾶσαν
1673 897 1910 975 ἀνάγκην

265 989 435 1045 τόπον
480 985 541 1042 ἐκ
595 987 762 1043 τόπου
833 993 1076 1066 συνεχῶς
1133 985 1563 1061 διαλλάττοντες,
1625 985 1756 1064 πρὸς
1815 985 1911 1051 τὴν

271 1075 672 1134 Κωνσταντίνου
726 1081 969 1155 φοιτῶσι⁶
1039 1077 1126 1132 καὶ
1178 1083 1254 1150 τῷ
1317 1074 1468 1148 καλῷ
1528 1076 1697 1148 τούτῳ
1739 1097 1909 1153 προσ-

267 1163 514 1228 ελθόντες
560 1165 776 1239 ποιμένι
806 1163 937 1242 (τίνι
985 1163 1086 1242 γᾶρ
1124 1163 1186 1219 ἄν
1217 1186 1306 1220 και
1355 1168 1516 1244 εἶχον
1548 1165 1709 1243 ἑτέρῳ
1742 1164 1807 1238 ς),
1837 1170 1912 1237 τῷ

266 1253 459 1332 γλυκεῖ
516 1254 615 1328 μὲν
642 1255 741 1320 τὴν
773 1254 1042 1331 γλῶτταν,
1074 1251 1212 1326 ἐλέῳ
1240 1252 1296 1309 δὲ
1349 1252 1538 1328 πολλῷ
1568 1254 1667 1319 τὴν
1725 1253 1909 1332 ψυχὴν

265 1342 651 1420 ἱλαρυνομένῳ,
686 1341 892 1400 ἐδέοντο
951 1343 1172 1418 βοηθεῖν
1229 1343 1412 1404 αὐτοῖς
1444 1349 1663 1422 πονηρῷ
1704 1341 1909 1420 ἀνθρώ-

267 1454 355 1505 πῳ
411 1439 784 1510 περιπεσοῧσι,
829 1431 922 1487 καί
982 1431 1108 1509 παρ’
1151 1435 1310 1489 αὒτοῦ
1368 1429 1598 1487 πλεῖστα
1652 1429 1748 1487 ὅσα
1806 1452 1910 1487 περ

269 1521 486 1577 πονθόσι
547 1519 710 1600 δεινὰ,
741 1521 828 1576 καὶ
881 1520 932 1574 τί
963 1521 1062 1599 γὰρ
1124 1518 1277 1594 ἄλλο,
1311 1521 1490 1598 φασὶν,
1525 1519 1559 1586 ἢ
1609 1520 1696 1575 καὶ
1747 1519 1908 1586 αὐτῆς

268 1609 389 1686 ἄρτι
435 1613 706 1689 φθονοῦντι
759 1610 846 1666 καὶ
895 1610 994 1677 τῆς
1047 1614 1243 1684 (cuiq;
1298 1610 1512 1673 Τούτοις
1567 1611 1824 1688 προσχὼν
1883 1615 1910 1664 ὁ

271 1699 563 1778 μακάριος,
626 1699 713 1754 καὶ
779 1697 901 1754 ἰδὼν
974 1696 1162 1776 ἄνδρας
1230 1700 1302 1762 εἰς
1379 1698 1707 1766 πεντήκοντα
1780 1720 1909 1754 συν-

1995 535 2238 616 quidem
2265 554 2368 597 eos
2391 535 2562 597 scivit
2582 538 2894 618 quiescere
2916 537 3017 599 illa
3039 539 3201 598 omni
3235 540 3492 601 tumultu
3517 539 3638 617 ple-

1995 648 2069 690 na
2091 647 2329 709 semper
2358 631 2577 705 anima,
2603 631 2707 692 sed
2739 631 3008 694 scribens
3031 631 3103 692 ad
3135 633 3472 712 Sylvanum:
3507 631 3634 694 Non

1995 717 2786 798 oportebat,inquit,0mnino
2810 730 3036 801 praeter
3057 738 3246 782 meam
3271 721 3631 784 voluntatem

1997 825 2164 870 meos
2184 808 2376 887 excipi
2397 809 2700 888 fugitivos.
2732 808 3080 888 Ignorantia:
3101 818 3295 872 autem
3318 819 3406 872 est
3426 811 3631 889 ignos-

1995 897 2334 976 cendum,si
2359 897 2646 977 deinceps
2669 898 2763 959 isti
2782 917 2901 961 non
2923 898 3335 973 ecclesiastici,
3363 918 3482 960 non
3507 900 3634 980 pri-

1995 985 2105 1048 vati
2130 984 2244 1047 loci
2267 986 2492 1048 fuerint
2511 988 2757 1048 omnino
2778 987 2934 1067 apud
2958 995 3013 1048 te
3029 987 3476 1069 participes.Sic
3498 1006 3632 1072 cum

1993 1076 2196 1138 animo
2222 1076 2383 1137 omni
2407 1095 2475 1138 ex
2502 1084 2668 1158 parte
2695 1078 2862 1139 dubii
2887 1089 2948 1140 et
2969 1077 3235 1158 perplexi
3271 1087 3471 1140 essent
3502 1098 3633 1139 m0-

1997 1165 2542 1239 nachi,necessario
2569 1186 2689 1247 quo
2715 1166 3123 1230 intercedebat
3150 1167 3366 1230 itinere
3391 1168 3634 1230 confec-

1997 1263 2052 1315 to
2067 1253 2337 1330 ,veniunt
2357 1255 3026 1336 Constantinopolim:et
3050 1255 3120 1318 ad
3143 1256 3358 1319 bonum
3377 1255 3634 1334 hunc(ad

1995 1362 2171 1423 quem
2199 1343 2359 1406 enim
2388 1344 2568 1405 alium
2595 1345 2893 1425 possent?)
2929 1354 3223 1425 pastorem
3256 1345 3631 1426 accedentes,

1995 1432 2092 1511 qui
2117 1441 2245 1494 erat
2265 1431 2466 1511 lingua
2487 1433 2728 1514 quidem
2763 1435 3196 1513 dulcis,magna
3220 1442 3414 1496 autem
3447 1434 3631 1496 mise-

1992 1521 2251 1582 ricordia
2271 1521 2529 1582 animam
2556 1520 2813 1583 habebat
2835 1521 3542 1600 exhilaratam,rogabant
3575 1529 3638 1582 ut

1994 1611 2083 1672 eis
2101 1610 2280 1672 ferret
2301 1609 2718 1690 auxilium,qui
2740 1612 2796 1670 in
2827 1611 3044 1672 malum
3063 1616 3250 1671 virum
3273 1610 3633 1684 inciderant,

1996 1707 2054 1760 et
2075 1697 2146 1760 ab
2172 1716 2242 1759 eo
2267 1717 2332 1760 ea
2359 1698 2517 1778 passi
2545 1707 2683 1760 sunt
2706 1700 2884 1772 mala,
2919 1719 3053 1780 quae
3077 1699 3277 1762 nullus
3307 1700 3434 1762 fere
3454 1699 3633 1758 homo

271 1786 727 1863 αριθμουμένους,
801 1789 862 1842 τὸ
945 1792 1140 1866 σχῆμα
1224 1785 1770 1868 διακεκοσμημένους,
1853 1788 1907 1843 τὸ

1996 1785 2069 1848 ab
2096 1787 2362 1851 homine:
2387 1788 2614 1868 et,quid
2641 1788 2800 1849 enim
2824 1788 3415 1869 aliud,inquiunt,vel
3447 1788 3633 1868 ipsam

267 1874 489 1951 βλέμμα
563 1874 1012 1951 κεκολασμένους,
1083 1876 1180 1942 τὴν
1253 1874 1474 1941 ἔντευξιν
1547 1875 1910 1954 ἀπαιδεύτους,

266 1967 371 2020 ὑπὸ
424 1962 601 2041 πολλῇ
633 1970 701 2039 τῇ
747 1964 887 2034 τήξει
931 1971 1037 2020 τῶν
1069 1963 1248 2039 μελῶν
1305 1964 1496 2042 ἀρετὴν
1527 1964 1659 2032 ὅσην
1717 1966 1912 2044 ἐμφαί-

271 2076 453 2119 νοντας
511 2058 997 2132 επικρυπτομένην,
1059 2053 1260 2121 ἠλέησε
1319 2076 1372 2109 τε
1446 2059 1544 2121 τῆς
1618 2062 1912 2135 συμφορᾶς,

270 2145 357 2200 καὶ
413 2142 776 2221 παράκλησιν,
809 2143 873 2211 ἢν
930 2145 1059 2222 εἷχε
1114 2145 1243 2220 πρὸς
1306 2145 1366 2199 τὸ
1422 2145 1613 2223 παρὸν,
1649 2157 1915 2223 παρεῖχεν

271 2234 482 2306 αὺτοῖς,
546 2234 612 2289 τὰ
665 2231 884 2310 δάκρυα,
947 2234 1034 2288 καὶ
1099 2235 1160 2288 τὸ
1210 2230 1369 2298 δῆλον
1428 2233 1654 2308 γίνεσθαι
1714 2235 1908 2289 συναλ-

272 2326 463 2399 γοῦντα
495 2335 610 2386 τοῖς
653 2326 826 2380 αὐτῶν
886 2322 1128 2379 πάθεσιν.
1179 2330 1311 2379 Εἶτα
1356 2323 1536 2396 μαθὼν
1580 2325 1650 2386 ὡς
1681 2327 1806 2400 εἶχε
1850 2323 1914 2378 τὰ

274 2410 392 2467 κατ’
447 2411 662 2484 αὐτοὺς,
697 2410 752 2465 ἐν
809 2416 941 2485 τιμῇ
974 2411 1071 2485 μὲν
1127 2410 1250 2488 ἦγε,
1283 2411 1365 2467 καὶ
1424 2409 1603 2484 μένειν
1656 2411 1912 2488 ἐπέτρεψε

268 2500 400 2564 τέως
442 2501 579 2555 κατὰ
636 2499 727 2554 τὸν
772 2498 1100 2572 καλούμενον
1157 2498 1506 2561 Ἀναστασίας
1569 2500 1724 2556 νεώνο
1771 2522 1910 2576 παρ-

270 2586 492 2664 ήγγειλε
562 2586 616 2642 δὲ
689 2584 877 2661 μηδενὶ
946 2587 1045 2653 τὴν
1091 2587 1258 2642 αἰτίαν
1303 2585 1525 2654 ἔκδηλον
1580 2591 1756 2644 θεσθαι
1811 2594 1908 2654 τῆς

271 2681 442 2734 αὐτῶν
500 2676 811 2753 παροὺσίσς,
871 2676 1155 2740 κοινωνίας
1217 2696 1278 2752 γε
1339 2676 1450 2749 μὴν
1507 2677 1565 2733 ού
1617 2675 1905 2751 μετέδωκε,

271 2765 349 2836 μὴ
379 2762 493 2821 δεῡν
526 2765 778 2843 εἰρηκὼς,
808 2763 969 2843 ἆίρχις
1022 2765 1085 2820 ἂν
1118 2762 1358 2844 Θεοφίλῷ
1389 2767 1508 2843 περὶ
1559 2768 1730 2826 αὐτῶν
1773 2768 1907 2844 γρά-

272 2857 444 2926 ψειεν,

1996 1875 2177 1937 modo
2202 1876 2426 1938 invidet
2449 1877 2660 1939 vitam?
2690 1877 2828 1940 Haec
2851 1896 2986 1939 cum
3011 1877 3366 1939 attendisset
3385 1878 3470 1938 vir
3497 1875 3637 1937 hea-

1997 1974 2111 2034 tus.
2143 1973 2200 2025 et
2229 1965 2479 2027 vidisset
2509 1968 2664 2027 viros
2705 1985 2958 2028 numero
2991 1967 3446 2046 quinquaginta,
3470 1965 3633 2026 vultu

1997 2053 2649 2130 moderatos,sermone
2672 2055 2960 2131 eruditos,
2993 2073 3202 2134 magna
3225 2053 3632 2116 membrorum

1999 2145 2400 2207 maceratione
2423 2147 2704 2208 latentem
2741 2163 3014 2225 magnam
3042 2145 3429 2207 ostendentes
3459 2144 3636 2204 virtu-

1998 2243 2142 2306 tem,
2171 2233 2456 2297 misertus
2481 2242 2567 2296 est
2597 2253 2802 2296 eorum
2827 2235 3199 2297 calamitatis.
3231 2233 3450 2306 Quidni
3473 2233 3631 2293 enim

1998 2322 2385 2383 misereretur
2423 2323 2510 2384 sic
2556 2323 2929 2398 aﬂ‘ectorum,
2963 2323 3064 2404 qui
3095 2332 3221 2384 erat
3272 2321 3633 2383 humanissi-

1999 2427 2130 2470 mus
2151 2417 2178 2471 ?
2206 2411 2283 2472 Et
2307 2429 2480 2490 quam
2506 2411 2668 2472 domi
2691 2413 2948 2473 habebat
2973 2411 3466 2485 consolationem,
3499 2418 3635 2471 ante

1998 2499 2198 2560 omnia
2229 2499 2316 2561 eis
2353 2498 2629 2580 praebuit,
2667 2501 2985 2579 lacrymas,
3019 2509 3076 2561 et
3115 2511 3317 2581 aperte
3353 2498 3630 2573 ostendit,

1996 2605 2060 2648 se
2083 2607 2152 2648 ex
2184 2605 2388 2650 eorum
2419 2588 2588 2651 malis
2618 2589 2799 2652 simul
2828 2608 2960 2652 cum
2995 2591 3081 2651 eis
3103 2589 3370 2651 dolorem
3393 2587 3632 2667 accipe-

1995 2695 2086 2738 re.
2119 2677 2352 2739 Deinde
2376 2696 2508 2738 cum
2538 2678 3042 2758 quemadmodum
3070 2695 3169 2740 res
3200 2695 3406 2740 eorum
3437 2694 3502 2738 se
3525 2675 3635 2735 ha-

1995 2764 2209 2826 berent
2236 2765 2572 2840 didicisset,
2607 2783 2711 2830 eos
2755 2767 2998 2848 quidem
3034 2767 3239 2829 habuit
3272 2766 3336 2828 in
3378 2766 3630 2838 honore,

1994 2862 2051 2916 et
2073 2855 2256 2934 jussit
2276 2873 2380 2917 eos
2406 2856 2464 2916 in
2485 2856 2802 2935 praesentia
2832 2860 3156 2918 manerein
3193 2855 3442 2935 templo,
3475 2852 3632 2934 quod

269 2953 507 3008 vocatur
532 2946 862 3010 Anastasiae
895 2969 908 3011 :
936 2947 1118 3027 jussit
1147 2954 1345 3010 autem
1404 2965 1508 3010 eos
1538 2949 1804 3028 linguam
1838 2947 2177 3028 continere,
2209 2957 2266 3010 et
2320 2949 2547 3011 nemini
2581 2967 2816 3012 causam
2849 2950 3082 3029 aperire
3114 2969 3224 3012 cur
3275 2947 3584 3010 venissent
3614 2966 3629 3006 :

268 3035 695 3098 communione
741 3054 881 3098 vero
915 3055 1018 3099 eos
1072 3055 1190 3098 non
1220 3037 1532 3118 impertiit,
1571 3038 1775 3101 dicens
1832 3057 1952 3100 non
1984 3051 2285 3120 oportere,
2321 3058 2637 3122 quousque
2687 3041 2760 3104 de
2794 3043 2884 3106 eis
2940 3042 3280 3123 scripsisset
3313 3041 3387 3102 ad
3432 3040 3630 3102 Theo-

267 3124 494 3202 philum
507 3173 520 3188 .

347 3220 446 3283 M'.
510 3221 658 3280 Ἐπεὶ
700 3220 754 3277 δὲ
785 3223 873 3280 καὶ
930 3220 1124 3290 συνέϐη
1153 3223 1273 3281 τότε
1320 3230 1426 3281 τῶν
1477 3223 1732 3304 Θεοφίλου
1761 3226 1907 3289 τινὰς

2074 3225 2198 3288 ΧΙ...
2218 3226 2366 3286 Cum
2392 3233 2592 3287 autem
2621 3225 2964 3303 contigisset
3000 3224 3288 3306 quosdam
3321 3241 3389 3284 ex
3415 3222 3641 3284 familia-

267 3311 321 3365 ἐν
405 3316 475 3386 τῇ
561 3318 952 3369 Κωνσταντίνου
1035 3317 1326 3390 παρεἰναι,
1414 3314 1906 3389 μεταπεμψάμενος

265 3397 450 3476 ἠρώτα
492 3399 537 3454 εἷ
569 3399 690 3460 τοὺς
751 3407 838 3456 νῦν
870 3398 1248 3477 προσελθόντος
1282 3403 1497 3465 τούτους
1530 3401 1677 3457 ἴσασι
1738 3423 1908 3474 μονα-

267 3488 421 3564 χούς,
475 3486 608 3551 Τοὺς
653 3485 706 3543 δὲ
738 3488 832 3545 καί
893 3489 1148 3565 γίνώσκεν
1193 3491 1375 3568 φάναι,
1411 3491 1595 3547 καὶτὰ
1643 3489 1906 3569 χαλεπώ-

267 3597 398 3631 τατα
481 3575 666 3638 αὐτοὺς
751 3574 1042 3633 συνειδέναι
1126 3578 1268 3654 παρὰ
1354 3577 1609 3657 Θεοφίλου
1693 3581 1905 3640 παθεῖν,

272 3662 461 3744 Γράφει
521 3666 694 3722 τοίνυν
753 3666 781 3722 ὃ
841 3665 1013 3742 μέγας
1071 3667 1233 3744 οὖτῷ,
1263 3687 1350 3723 και
1407 3665 1550 3733 ἀξιοῖ
1603 3665 1754 3724 λῦσαι
1813 3667 1911 3734 τήν

267 3754 431 3832 ὀργὴν
489 3767 609 3818 τοῖς
668 3753 884 3834 ἀνδράσι
913 3801 930 3830 ,
987 3753 1301 3834 παραδοχῆς
1357 3779 1414 3813 τε
1484 3755 1703 3823 ἀξιῶσαι
1776 3779 1907 3813 σκυ-

266 3845 475 3919 θρωπὸν
565 3844 803 3923 ἐχούσης
874 3841 1043 3905 οὐδέν.
1139 3837 1195 3902 Ὀ
1265 3844 1318 3900 δέ
1387 3846 1722 3925 ὑποκρίνεται
1813 3847 1910 3922 μὲν

265 3932 512 4007 ἀκούσαι,
585 3931 971 4008 μετακαλεῖται
1043 3933 1097 3988 δὲ
1170 3935 1289 3996 τοὺς
1356 3935 1585 4012 ἀγύρτας
1650 3935 1904 4010 ἐκείνους,

268 4022 357 4084 οἷς
423 4023 477 4078 ιὰ
536 4027 634 4089 τῆς
696 4021 996 4090 ἐπισκοπῆς
1055 4025 1284 4091 καὶτῆς
1341 4027 1632 4102 ἱερωσύνης
1688 4023 1908 4090 ἀναξίως

271 4111 586 4185 ἐπίστευσε,
659 4111 755 4168 καῖ
828 4109 1146 4186 λιϐέλλους,
1220 4113 1307 4176 οὒς
1379 4113 1586 4178 ἐκεῖνος
1645 4112 1910 4170 ἐπλάσατο

270 4199 404 4254 κατὰ
434 4200 540 4254 τῶν
590 4198 814 4278 ἀνδρῶν,
850 4199 1154 4278 ἐγχειρισας
1187 4199 1449 4277 ἐκπέμπει
1500 4203 1630 4279 πρὸς
1666 4201 1907 4278 βασιλέα,

268 4287 474 4364 αἵρεσιν
531 4289 703 4344 αὖτῶν
732 4293 827 4345 καὶ
889 4289 1139 4366 γοητείαν
1195 4290 1694 4365 καταψευσάμενος,
1733 4294 1760 4346 ὁ
1811 4293 1909 4358 τὴν

273 4375 567 4442 συνείδησιν
660 4375 937 4457 διάτροφος
1021 4377 1216 4454 κομιδῇ
1301 4380 1387 4435 καὶ
1457 4379 1906 4454 κατεψευσμένος.

270 4464 430 4522 Ἐπεῖ
479 4465 567 4522 οὖν
627 4469 671 4522 οἱ
725 4465 1011 4524 σπουδαῖοι
1071 4467 1213 4524 οὗτοι
1265 4469 1351 4524 καὶ
1401 4467 1668 4547 θεοφιλεῖς
1727 4467 1906 4547 ἀνδρες

267 4555 476 4611 ἀνίατον
534 4558 674 4612 εἶναι
747 4553 1003 4635 Οεόφιλον
1076 4557 1142 4612 τὰ
1198 4557 1328 4634 πρὸς
1386 4558 1572 4620 αὐτοὺς
1644 4556 1902 4636 ἔγνωσαν,

266 4647 445 4700 ἐκεῖνο
506 4656 688 4702 ποιεῖν
731 4642 1104 4722 διεσκέψαντο,
1141 4643 1272 4723 ὅπερ
1328 4647 1362 4713 ἡ
1394 4646 1482 4721 βία
1539 4645 1908 4704 συνεϐούλευεν

269 4733 455 4797 αὖτοὺς
529 4730 676 4810 δρᾷν,
739 4735 824 4789 καὶ
901 4734 1194 4812 γράμματα
1277 4733 1654 4807 προσελθόντες
1715 4735 1909 4815 ἐγχει-

267 4823 464 4895 ρίζουσι
520 4828 599 4896 τῷ
667 4819 910 4899 μεγάλῳ,
971 4821 1026 4877 ἐν
1085 4826 1172 4888 οἷς
1233 4821 1410 4880 πολλὰ
1469 4829 1573 4879 τῶν
1620 4828 1678 4883 οὐ
1734 4825 1911 4883 καλῶν

265 4909 504 4988 πράξεων
552 4910 806 4991 Θεοφίλου
845 4910 1127 4990 ἐγγείμενα
1184 4911 1273 4979 ἦν.
1338 4903 1394 4969 Ὀ
1453 4909 1508 4967 δὲ
1563 4913 1768 4978 τούτοις
1813 4914 1910 4989 μὲν

267 5001 358 5056 καὶ
418 4998 562 5064 αὖθις
617 5000 844 5077 παρῄνει
906 4999 1070 5074 μηδὲν
1129 5000 1328 5058 ἐκείνου
1379 5014 1724 5080 κατηγορεῖν·
1771 5005 1912 5076 αὐτῷ

267 5087 321 5143 δὲ
369 5089 559 5168 γράφει
619 5087 808 5162 πάλιν,
868 5091 956 5145 καὶ
1018 5097 1313 5168 συγγνῶναι
1374 5103 1490 5155 τοῖς
1539 5088 1780 5168 ἀνδράσιν
1836 5093 1910 5156 ὡς

265 5177 501 5256 τάχιστα
559 5174 932 5252 συμϐουλεύει,
967 5178 1284 5258 νικωμένοις
1337 5177 1440 5246 ἤδη
1485 5179 1572 5237 καὶ
1633 5179 1909 5258 ἐγγράφως

266 5265 426 5321 αὖτοῦ
501 5279 779 5322 κατειπεῖν
841 5267 1213 5345 ὡρμημένοις.
1265 5253 1428 5346 ”Οπερ
1473 5266 1562 5322 οὖν
1592 5265 1742 5324 δοκεῖ
1800 5291 1906 5342 σοι,

266 5355 451 5431 φησὶν,
483 5352 566 5410 διὰ
597 5353 812 5434 τάχέων
867 5356 1148 5433 γνώρισον,
1190 5355 1519 5423 ’Δποστηναι
1564 5357 1663 5433 γὰρ
1716 5356 1908 5424 ἥκιστα

267 5451 362 5499 τοῦ
418 5451 621 5501 σκοποῦ
683 5444 974 5502 πείθονται.
1011 5442 1163 5499 Οὕτω
1219 5444 1317 5516 μὲν
1375 5467 1488 5506 πως
1543 5444 1672 5523 εἶχε
1700 5447 1763 5501 τὰ
1809 5469 1906 5524 γε-

268 5528 569 5607 γραμμένα.
654 5531 756 5587 Τὸν
826 5528 880 5584 δὲ
963 5529 1108 5591 ειῦθός
1194 5529 1358 5588 εἷσέδυ
1415 5533 1596 5608 μανία,
1673 5533 1767 5590 οὒκ
1823 5533 1907 5591 ἐπ’

269 5619 521 5694 ἐκείνους,
555 5617 677 5676 ἀλλ’
708 5619 792 5676 ἐπ’
839 5618 996 5676 eam
1043 5618 1244 5695 μᾶλλον
1290 5623 1382 5678 τὸν
1441 5621 1752 5701 ἀμφοτέρων
1799 5649 1906 5694 κη-

1992 3313 2311 3392 The0phili
2344 3313 2556 3374 adesse
2602 3312 3144 3393 Constantinopoli,
3178 3330 3281 3373 eos
3309 3311 3633 3373 accersitos

1991 3404 2424 3476 interrogat,an
2450 3409 2812 3478 cognoscant
2835 3419 2958 3473 eos,
2995 3400 3094 3479 qui
3117 3419 3276 3460 nunc
3295 3417 3628 3474 accessere,

1993 3490 2346 3554 monachos.
2381 3489 2473 3550 illi
2503 3502 2704 3550 autem
2740 3489 3024 3550 dixerunt
3057 3507 3120 3548 se
3151 3498 3208 3549 et
3238 3507 3441 3561 nosse,
3475 3497 3534 3549 et
3568 3507 3633 3549 se

1993 3580 2154 3642 scire
2188 3597 2293 3641 eos
2323 3597 2455 3640 esse
2486 3579 2835 3656 gravissima
2865 3595 3068 3659 passos
3097 3597 3131 3638 a
3158 3577 3514 3658 Theophila.
3545 3577 3633 3640 Ad

1991 3671 2187 3753 ipsum
2217 3687 2358 3748 ergo
2385 3668 2599 3730 scribit
2621 3667 2719 3730 ille
2752 3667 2838 3729 vir
2872 3685 3143 3746 magnus,
3170 3676 3226 3728 et
3258 3675 3424 3746 rogat
3447 3675 3512 3727 ut
3542 3667 3634 3728 his

1990 3758 2329 3820 virisirasci
2355 3757 2585 3819 desinat
2603 3775 2827 3836 aosque
2855 3755 3418 3836 accipiat,eteorum
3447 3774 3631 3818 cons-

1992 3852 2235 3928 pectum
2271 3847 2566 3922 admittat,
2603 3847 2702 3927 qui
2727 3846 2880 3908 nihil
2912 3845 3111 3922 habet,
3145 3845 3303 3926 quod
3334 3851 3387 3907 ei
3427 3845 3634 3906 afferat

1993 3939 2424 3996 tristitiamJlle
2446 3948 2636 3996 autem
2662 3939 2894 3996 simulat
2917 3938 3151 4010 quidem
3175 3954 3237 3995 se
3257 3937 3582 3996 exaudiisse
3614 3959 3628 4004 ς

1993 4025 2100 4087 sed
2124 4043 2229 4086 cor
2251 4027 2383 4102 ejus
2415 4042 2788 4104 nequaquam
2823 4023 3235 4086 consentiebat
3265 4041 3398 4086 cum
3433 4021 3627 4084 labiis.

1995 4117 2243 4174 Accersn
2265 4119 2420 4173 enim
2444 4115 2574 4173 illos
2595 4116 3207 4186 circulatores,quibus
3236 4116 3633 4186 episcopatum

1995 4209 2053 4262 et
2072 4200 2476 4263 sacerdotium
2510 4198 2759 4280 indigne
2787 4197 3168 4262 crediderat:
3205 4207 3263 4261 et
3285 4198 3374 4262 eis
3405 4197 3634 4260 traditis

1993 4289 2398 4370 libellis,quos
2420 4289 2550 4369 ipse
2572 4289 2856 4350 adversus
2881 4308 2984 4350 eos
3003 4289 3160 4349 viros
3191 4295 3633 4367 composuerat,

1994 4378 2170 4439 mittit
2191 4379 2263 4439 ad
2292 4379 2740 4458 imperatorem,
2767 4377 2828 4439 in
2861 4396 2965 4438 eos
3003 4377 3324 4438 ementitus
3354 4375 3630 4437 haeresim

1993 4473 2049 4526 et
2071 4465 2530 4546 prmstigias,qui
2559 4476 2684 4528 erat
2706 4467 2837 4546 ipse
2859 4465 3026 4529 valde
3055 4483 3334 4546 perversa
3357 4475 3414 4526 et
3436 4483 3639 4526 emen-

1994 4555 2100 4616 tita
2123 4554 2672 4618 conscientia.Cum
2699 4573 2839 4634 ergo
2863 4556 2954 4617 his
2977 4556 3114 4618 viris
3145 4554 3321 4617 bonis
3343 4562 3502 4615 esset
3521 4553 3638 4616 evi-

1933 4626 1974 4676 θ
1992 4644 2568 4723 dens,odium,quod
2598 4644 2654 4703 in
2681 4626 2840 4723 ipsos
2863 4642 3631 4724 conceperatTheophilus,

1993 4733 2240 4793 minime
2263 4751 2440 4813 posse
2473 4732 2797 4807 curari,illi
2828 4741 3181 4814 praesentem
3217 4731 3633 4793 necessitatem

1991 4821 2348 4884 adhibentes
2394 4821 2456 4883 in
2493 4821 2839 4896 consilium,
2877 4841 3091 4900 magno
3129 4819 3344 4883 Joanni
3395 4819 3639 4880 tradunt

1994 4911 2219 4990 scripta
2249 4917 2308 4971 in
2335 4909 2552 4991 quibus
2585 4916 2697 4972 sita
2721 4920 2891 4972 erant
2923 4911 3106 4973 multa
3127 4907 3445 4989 Theophili
3480 4907 3638 4969 facta

1993 5000 2242 5062 minime
2266 5001 2540 5062 honesta.
2567 4999 2670 5061 Ille
2694 5011 2894 5061 autem
2919 5018 3024 5062 eos
3043 4998 3282 5078 quidem
3301 5015 3506 5059 rursus
3525 4995 3636 5058 ad-

1993 5095 2298 5165 monet,ut
2319 5106 2454 5149 eum
2495 5087 2642 5149 nihil
2661 5097 2983 5150 accusent:
3019 5087 3091 5148 ad
3114 5091 3308 5167 ipsum
3331 5103 3471 5147 vero
3492 5085 3638 5147 scri-

1994 5176 2439 5253 bit,c0nsulens
2462 5187 2524 5238 ut
2549 5178 2636 5239 eis
2658 5177 3097 5257 quamprimum
3129 5176 3418 5253 ignoscat,
3443 5182 3508 5235 ut
3535 5174 3635 5255 qui

1986 5267 2108 5346 jam
2151 5267 2462 5328 vincantur
2491 5279 2552 5328 et
2586 5266 2874 5327 adversus
2905 5284 3040 5327 eum
3077 5265 3280 5327 dicere
3313 5264 3637 5344 propositis

1992 5355 2232 5436 scriptis
2264 5356 2382 5416 sint
2402 5353 2828 5427 incitati.Quod
2851 5373 2990 5432 ergo
3023 5353 3130 5416 tibi
3154 5353 3632 5433 videtur,inquit,

1991 5445 2436 5525 quamprimum
2465 5445 2857 5522 signiﬁcetur.
2887 5442 3015 5505 Non
3042 5449 3291 5523 possunt
3319 5441 3478 5504 enim
3504 5459 3634 5520 per«

1989 5534 2250 5609 suaderi,
2285 5542 2412 5596 uta
2450 5553 2633 5614 scopo
2679 5533 2989 5595 desistant.
3025 5533 3224 5608 Atque
3255 5529 3341 5592 sic
3385 5529 3629 5610 quidem

1982 5641 2054 5686 se
2095 5622 2395 5686 habebant
2427 5622 2662 5688 litterae.
2695 5621 2844 5685 Eum
2876 5629 3074 5685 autem
3110 5618 3381 5701 protinus
3421 5616 3631 5681 invasit
