3954 6146
373 265 516 330 1151

1650 265 1928 330 MENSIS
1981 266 2438 330 JANUARIUS.

3623 277 3773 341 11ὃὲ

364 401 682 476 furor,non
707 401 768 464 in
788 400 1066 482 illos,sed
1090 400 1152 462 in
1174 418 1310 464 eum
1337 399 1673 481 potius,qui
1695 418 1897 462 curam
1921 425 1925 472 ε

2222 421 2348 466 ινον,
2412 404 2750 484 Ἀντιγράφει
2809 429 2866 463 τι
2924 410 3244 486 παραυτίκα,
3305 413 3475 469 Δοκῶ
3521 433 3657 488 μοι,
3694 413 3783 470 λέ-

370 491 544 553 rebat
564 492 973 572 utriusque.Ei
996 491 1155 552 enim
1181 488 1360 552 dabat
1391 489 1641 552 nimium
1673 491 2009 570 reprehen-

371 581 554 643 dendi
605 581 890 654 studium,
926 590 991 641 ut
1031 581 1317 641 adversus
1347 597 1557 641 omnes
1597 579 2012 642 contenderet.

372 670 651 733 Protinus
672 679 867 732 autem
900 668 1111 730 scribit
1139 667 1202 728 in
1233 668 1391 730 hunc
1424 668 1690 732 modum:
1724 667 2013 731 Existimo

373 769 431 822 te
455 778 572 821 non
596 760 1031 838 ignorare,qum
1051 757 1296 819 decreta
1315 757 1555 818 fuerunt
1573 776 1608 818 a
1629 757 1902 821 Patribus
1917 757 2016 819 Ni-

371 867 516 920 ceaz.
547 854 646 929 qui
687 853 1148 927 pronuntiarunt
1177 865 1299 906 non
1331 855 1612 926 oportere
1662 848 2012 928 episcopum

367 940 643 1020 judicare
669 945 835 999 extra
856 937 1153 998 terminos
1177 954 1304 997 suae
1323 935 1656 999 dimcessis.
1683 936 1786 999 Sin
1818 947 2016 1000 autem

377 1033 637 1108 ignoras,
663 1026 889 1103 inquit,
916 1024 1174 1101 disce,et
1194 1024 1428 1086 abstine
1451 1025 1525 1086 ab
1557 1027 1792 1108 iis,qua3
1820 1027 1893 1089 ad
1918 1045 2016 1088 me

379 1119 700 1198 pertinent.
733 1115 879 1178 Nam
903 1115 951 1176 si
968 1114 1234 1194 judicari
1255 1124 1543 1194 oporteat,
1571 1117 1686 1177 erit
1716 1118 1829 1178 hoc
1849 1117 2007 1198 apud

372 1207 699 1287 Egyptios,
724 1224 844 1267 non
875 1205 1029 1285 apud
1055 1212 1112 1265 te
1129 1205 1288 1284 quia
1318 1203 1492 1266 nobis
1514 1204 1656 1265 abes
1682 1214 1799 1266 tam
1833 1207 2010 1284 longo

373 1297 707 1360 intervallo.
744 1295 888 1358 Cum
913 1303 1030 1356 tam
1049 1293 1271 1356 acerbe
1291 1294 1530 1373 scriptae
1553 1303 1757 1356 essent
1774 1295 2011 1368 litterae,

371 1387 481 1449 viri
506 1387 592 1448 illi
616 1387 1009 1464 desperantes
1027 1401 1091 1445 se
1118 1401 1295 1463 posse
1327 1401 1360 1443 a
1377 1401 1591 1460 magno
1612 1387 1842 1446 Joanne
1863 1402 2014 1445 con-

376 1477 547 1558 sequi
567 1475 922 1546 auxilium,a
947 1493 1012 1535 re
1036 1472 1218 1535 dubia
1239 1481 1298 1534 et
1319 1475 1491 1553 cujus
1524 1474 1746 1536 exitum
1777 1493 1894 1536 non
1925 1492 2026 1554 po-

377 1574 573 1628 terant
592 1564 1294 1630 invenire,vincuntur:et
1315 1583 1350 1627 a
1371 1564 1860 1645 necessitate.qua
1876 1561 2025 1624 nihil

376 1664 465 1718 est
485 1655 793 1730 fortius,ut
811 1654 1000 1728 aiunt,
1029 1655 1490 1734 persuadentur,
1513 1653 1798 1716 adversus
1818 1653 2024 1716 Theo-

2098 514 2232 568 γων,
2293 495 2373 568 μὴ
2430 495 2644 550 κεῖσθαί
2698 516 2782 552 σοι
2839 495 2894 554 ὲν
2957 497 3146 576 ἀγνοίᾳ
3201 501 3267 556 τὰ
3332 502 3480 577 πρὸς
3542 508 3675 558 τῶν
3739 504 3786 560 ὖτ

2097 582 2288 653 Nimia;
2344 582 2737 658 κανονισθέντα,
2811 585 2890 660 μὴ
2960 585 3075 643 δεῖν
3140 589 3591 670 ἀποφηνάμενον
3671 592 3790 648 ἐκέ-

2096 691 2300 727 σκοπον
2341 672 2592 750 ὑπερόρια
2649 671 2903 744 δικάζειν.
2963 678 3021 734 Εἰ
3075 675 3132 733 δὲ
3174 681 3269 734 καί
3337 679 3618 759 ἀγνοεῖς,
3657 681 3787 737 ξω

2098 761 2280 834 μαθὼν
2337 759 2586 840 ἂπόσχου
2644 769 2752 818 τῶν
2809 765 2926 820 κατ’
2995 767 3146 841 ὶμοῦ,
3209 767 3268 824 Εἰ
3326 769 3439 846 γὰρ
3502 770 3606 824 καὶ
3687 772 3786 827 δέει

2097 852 2365 928 κριθῆΑσι,
2395 850 2521 928 παρ’
2583 852 2888 928 Αἰγυπτίοις
2945 853 3091 911 ἔσται
3135 862 3316 936 τοῦτο,
3371 861 3441 917 οὗ
3500 859 3669 928 napi
3717 864 3788 917 σεξ

2098 936 2421 1012 παμπληθὲς
2481 940 2640 1014 ἡμῶν
2699 940 2990 1020 ἀφεστῶτι.
3061 943 3212 1001 Οὕτω
3267 951 3368 1001 τοῦ
3447 947 3786 1024 γράμματος

2099 1033 2304 1105 πικρῶς
2349 1027 2601 1108 ἔχοντος,
2636 1029 2963 1108 ἀπογνόντες
3021 1034 3069 1089 οἱ
3112 1031 3290 1112 ἄνδρες
3341 1036 3438 1091 καὶ
3507 1036 3626 1102 τὴν
3688 1037 3786 1092 ἐπὶ

2097 1124 2189 1173 106
2245 1116 2484 1194 μεγαλου
2536 1119 2812 1198 βοήθειαν,
2847 1122 2985 1177 κατὰ
3024 1129 3118 1179 106
3175 1122 3444 1203 Θεοφίλου
3511 1127 3614 1181 καὶ
3686 1132 3786 1182 τῶτ

2094 1211 2438 1285 συκοφαντῶν
2508 1209 2707 1282 τόμους
2776 1211 3118 1270 συντάττουσι
3192 1212 3621 1292 πολυστίχους,
3705 1217 3784 1270 ιιιέ

2096 1296 2174 1356 τῶ
2245 1295 2462 1371 βασιλεῖ
2544 1296 2955 1377 ἐγχειρίζουσιν.
3043 1300 3277 1367 Ἐξεισιν
3372 1307 3472 1362 οὖν
3566 1304 3783 1361 ἔλειξεν

2105 1385 2398 1474 άπόφασις,
2446 1387 2512 1442 τὰ
2568 1388 2668 1461 μὲν
2728 1394 2834 1444 τῶν
2897 1398 3242 1470 συκοφαντῶν
3308 1407 3436 1458 τοῖς
3501 1396 3784 1474 ὅπάρχοις

2105 1473 2490 1550 ἐπιτραπῆναι,
2539 1477 2625 1532 καὶ
2667 1474 2792 1552 παρ’
2835 1481 3008 1536 αὐτῶν
3055 1481 3297 1558 γενέσθαι
3357 1486 3463 1551 τήν
3526 1473 3781 1562 ἔρευναν⁴

2105 1565 2196 1619 τὸν
2241 1562 2495 1642 Θεόφιλον
2527 1563 2582 1620 δὲ
2623 1568 2718 1621 καὶ
2748 1565 2947 1624 ἄκοντα
2986 1571 3348 1648 παραστάντα,
3383 1574 3498 1629 ὑπὸ
3548 1570 3785 1646 δικαστῇ

2106 1659 2183 1725 τῷ
2225 1652 2448 1730 μεγάλῳ
2511 1658 2682 1726 τούτῳ
2737 1658 2858 1718 τοὺς
2904 1657 3094 1734 λόγους
3149 1660 3396 1739 ὑπέχειν,
3462 1662 3784 1738 Γρᾶμματα

379 1745 607 1826 philum
633 1752 734 1805 aut
757 1743 1240 1818 calumniatores,
1267 1743 1414 1804 nihil
1438 1743 1685 1819 quidem
1709 1743 1940 1816 falsi,sit

2220 1765 2278 1799 υν
2322 1743 2581 1818 βασιλικὰ
2612 1745 2675 1800 τὰ
2720 1746 2816 1819 μὲν
2846 1748 2923 1821 τῷ
2964 1746 3187 1826 ἄρχοντι
3216 1750 3315 1817 τῆς
3363 1748 3781 1828 Ἀλεξανδρείας

375 1834 616 1906 ille,sed
642 1851 815 1895 veros
846 1833 1084 1895 libellos
1115 1850 1505 1912 componere.
1540 1831 1655 1894 Eos
1684 1840 1882 1894 autem
1911 1850 2018 1893 ac-

379 1923 941 1998 cedentes,tradunt
961 1921 1328 2000 imperatori.
1345 1922 1442 1982 Ab
1465 1938 1536 1981 eo
1560 1939 1697 1982 vero
1721 1922 2019 2001 profertur

375 2011 1208 2087 sententia,calumniatorum
1232 2010 1474 2090 quidem
1509 2028 1702 2072 causae
1721 2011 2016 2090 c0gnitio-

375 2121 514 2164 nem
565 2110 625 2163 et
664 2099 1164 2162 examinationem
1197 2117 1330 2160 esse
1373 2099 1669 2179 praefectis
1728 2101 2012 2162 mandan-

384 2192 515 2253 dam
547 2215 562 2265 ;
595 2187 994 2269 Theophilum
1019 2197 1215 2250 autem
1248 2189 1594 2269 (oportebat
1615 2188 1774 2250 enim
1813 2189 2022 2268 majori

384 2279 654 2342 mandari
677 2277 973 2359 judicium
1021 2280 1169 2357 ejus,
1203 2279 1302 2356 qui
1335 2287 1463 2339 erat
1505 2279 1698 2356 major
1733 2278 1901 2358 vitio)
1931 2278 2021 2339 vel

382 2369 634 2431 invitum
664 2369 886 2440 sisti,et
909 2368 1022 2429 hoc
1047 2385 1258 2445 magno
1281 2367 1405 2427 viro
1421 2367 1627 2447 judice
1644 2367 1900 2429 reddere
1920 2386 2020 2428 ra-

385 2461 632 2522 tionem.
665 2459 902 2519 Litterae
931 2458 1110 2537 igitur
1152 2458 1568 2537 imperatoriis,
1598 2457 1729 2518 alia;
1781 2457 2019 2537 quidem

386 2549 582 2610 statim
608 2547 805 2609 missa;
835 2556 973 2608 sunt
995 2547 1068 2608 ad
1094 2545 1406 2625 prmeidem
1439 2547 1838 2620 Alexandria),
1863 2555 1926 2607 ut
1947 2545 2021 2607 ad

389 2644 594 2700 urbem
616 2643 838 2714 regiam
864 2641 1302 2712 quamprimum
1333 2641 1588 2697 mitteret
1614 2640 2019 2710 Theophilum:

383 2729 516 2790 aliae
535 2738 734 2789 autem
755 2727 826 2787 ad
853 2727 1198 2806 episcopum
1238 2725 1597 2799 Romanum,
1624 2726 1676 2786 is
1696 2734 1823 2786 erat
1842 2724 2020 2786 Inno-

386 2822 643 2879 centius:
682 2823 966 2896 praeterea
993 2833 1128 2875 vero
1151 2815 1221 2875 ad
1247 2814 1579 2876 Honorium
1605 2832 1863 2894 quoque,
1897 2813 2021 2874 fra-

389 2915 539 2967 trem
572 2903 948 2980 imperatoris
976 2924 989 2966 :
1027 2904 1331 2964 hortantes
1355 2912 1418 2964 ut
1449 2903 1836 2965 mitterentur
1869 2904 2025 2982 epis-

2103 1833 2252 1896 εὒθὺς
2310 1832 2610 1913 ἐπέμπετο,
2669 1837 2760 1891 τὸν
2837 1836 3092 1917 Θεόφιλον
3161 1837 3246 1895 ὅτι
3311 1840 3568 1919 τάχιστα
3647 1841 3780 1917 πρὸς

2099 1919 2640 2008 τὴνῗβασιλεύουσαν
2703 1925 3090 2008 παραπέμψειν
3160 1924 3262 2008 [ἵσ.
3334 1929 3778 2007 παραπέμψαν]

2098 2010 2165 2064 τὰ
2218 2007 2272 2064 δὲ
2331 2012 2418 2096 καὶ
2473 2015 2551 2084 τῷ
2609 2014 2891 2084 ἒπισκόπῳ
2950 2007 3175 2090 Ῥώμης
3212 2016 3582 2091 ἰννοκεντίῳ,
3639 2020 3778 2096 πρὸς

2102 2097 2277 2154 δὲκαὶ
2333 2090 2551 2177 Ὀνορίῳ
2603 2108 2679 2174 τῷ
2738 2101 2948 2182 ἀδελφῷ
3001 2115 3094 2164 106
3137 2114 3478 2187 κρατοῦντος,
3536 2090 3776 2164 ἐπισκό-

2102 2209 2233 2249 πους
2321 2187 2630 2246 στέλλεσθαι
2715 2193 3142 2271 προτρέπόμενα,
3230 2198 3318 2253 καὶ
3405 2196 3614 2270 οὕσπερ

2102 2279 2479 2355 τοποτηρητὰς
2537 2280 2909 2357 ὀνομάζουσιν,
2973 2282 3056 2362 ἐφ’
3113 2286 3158 2359 ᾧ
3225 2286 3290 2342 τᾶ
3342 2285 3610 2366 Θεοφίλου
3683 2292 3771 2345 καὶ

2103 2372 2208 2422 τῶν
2251 2368 2349 2432 τῆς
2411 2369 2616 2445 Νιτρίος
2675 2377 2936 2450 μοναχῶν
2994 2374 3068 2437 εἷς
3111 2375 3338 2444 ζήτησιν
3394 2380 3767 2442 καταστῆνὰι,

2105 2458 2164 2512 Οἱ
2218 2456 2316 2528 μὲν
2369 2456 2458 2512 οὖν
2520 2458 2838 2536 συκοφάνται
2899 2462 3043 2538 παρὰ
3086 2484 3192 2518 των
3239 2465 3505 2543 ὑπάρχων
3566 2464 3762 2542 διερω-

2104 2545 2361 2623 τώμενοι,
2409 2545 2626 2624 ἐπείπερ
2687 2549 2781 2604 οὐκ
2837 2547 2922 2606 ἐπὶ
2950 2549 3085 2607 πολὺ
3128 2554 3188 2608 τὸ
3246 2551 3434 2627 ψεῦδος
3488 2556 3764 2630 κρατῆσαι

2103 2633 2201 2699 τῆς
2259 2633 2535 2706 ἀληθείας,
2598 2636 2852 2715 Θεοφίλου
2907 2639 3048 2696 εἷνοι
3108 2641 3282 2698 πάντα
3340 2639 3761 2720 διωμολόγησαν

2105 2723 2308 2778 ἐκείνου
2354 2745 2412 2778 τε
2459 2723 2596 2780 κατὰ
2649 2730 2755 2780 τῶν
2811 2726 2997 2783 ἆθώων
3053 2727 3345 2804 πλάσματα
3402 2732 3491 2787 καὶ
3554 2732 3759 2810 1:11:2-

2106 2835 2308 2887 σματα.
2370 2815 2545 2890 Ταύτῃ
2576 2836 2658 2870 τοι
2716 2817 2804 2872 καὶ
2833 2817 2930 2884 τὴν
2989 2816 3042 2871 ἐν
3087 2816 3436 2897 δεσμωτηρίῳ
3494 2821 3757 2899 κάθειρξιν

2106 2900 2236 2980 ἄχρι
2320 2903 2410 2958 καὶ
2509 2903 2608 2969 τῆς
2692 2903 2851 2960 αὐτοῦ
2948 2907 3351 2984 κατακρίνονται
3436 2911 3751 2986 παρουσίας·

389 2993 526 3073 capi
552 3004 611 3054 et
639 2993 841 3072 legati,
876 2993 976 3072 qui
1011 2991 1132 3053 dici
1171 2991 1367 3053 solent
1396 2993 1779 3066 τοποτηρηταί,
1814 2991 1874 3052 id
1905 3010 1950 3053 e:

2192 2989 2364 3068 ἄφιλος
2432 2989 2486 3045 δὲ
2535 2992 2626 3047 τὸν
2664 2993 2737 3053 ὡς
2795 2993 2954 3049 αὐτὸν
3015 2994 3365 3070 ἐκπεμθέντα,
3411 2998 3502 3051 καὶ
3562 2995 3753 3053 ἄκοντα

389 3084 586 3144 locum
610 3089 977 3143 tenenteszut
1006 3087 1378 3161 quaereretur
1400 3081 1474 3142 de
1504 3080 1834 3159 Theophilo
1865 3089 1923 3141 et

2189 3087 2298 3136 310v
2341 3077 2483 3144 ἄξειν
2540 3079 2950 3155 κεκελευσμένον
3007 3081 3152 3162 ἰδὼν,
3204 3083 3322 3140 ἐπεὶ
3370 3083 3522 3141 οὒδὲν
3577 3085 3750 3163 ἕτερον

395 3172 702 3233 monachis
729 3171 953 3234 Nitriae.
987 3175 1179 3250 Atque
1211 3170 1673 3231 calumniatores
1719 3170 1956 3250 quidem

2188 3190 2240 3246 (ε
2289 3169 2562 3241 πράττειν,
2613 3171 2742 3246 πρὸς
2799 3172 2919 3236 τοὺς
2956 3173 3248 3250 θησαυροὺς
3301 3171 3491 3229 ἀπετδε
3535 3174 3635 3229 καί
3692 3176 3749 3229 τὲ

392 3261 688 3342 praefectis
708 3260 1076 3337 interrogati,
1105 3259 1386 3340 quoniam
1413 3260 1538 3320 ﬁeri
1562 3277 1680 3320 non
1715 3267 1946 3339 poterat

2187 3257 2389 3330 λάντια,
2465 3256 2790 3334 μειλίγματα
2846 3266 3012 3316 ταῦτα
3061 3261 3354 3338 ’γινώσκων
3421 3266 3624 3342 ψυχῶν
3692 3262 3748 3320 οὗ

392 3351 770 3413 mendacium
831 3357 1144 3428 superaret
1199 3348 1526 3420 veritatem,
1577 3348 1832 3409 confessi
1891 3367 1953 3410 su

2184 3346 2311 3423 λῶν,
2345 3346 2432 3401 καὶ
2491 3347 2606 3403 οἶαι
2666 3345 2729 3415 δὴ
2785 3353 2892 3403 τῶν
2945 3348 3161 3406 πολλῶν
3214 3351 3535 3431 ὑπάρχωσι,
3572 3350 3745 3429 κέρδος

393 3441 594 3501 omnia
624 3456 760 3501 esse
788 3436 1146 3516 Theophili:
1181 3436 1459 3514 illiusque
1501 3434 1715 3497 belluas
1744 3435 1950 3516 Egypt

2182 3435 2407 3512 ευθερίας
2465 3436 2584 3512 περὶ
2640 3435 2884 3500 πλείονος
2926 3438 3172 3515 ἄγουσαι,
3238 3442 3498 3515 Δήμμασι
3555 3462 3743 3518 τοιγα-

393 3529 678 3591 adversus
726 3527 1076 3588 innocentes
1110 3526 1388 3604 ﬁgmenta
1441 3533 1498 3585 et
1531 3524 1954 3586 machinatione

2182 3533 2230 3582 ἓν
2288 3525 2534 3602 ἀρκοῦσιν
2621 3526 2780 3583 αὐτοῦ
2837 3549 2894 3583 τε
2949 3529 3042 3585 καὶ
3104 3528 3364 3609 ἄρχοντος
3421 3530 3520 3598 τὴν
3580 3528 3743 3594 δεξιὰν

390 3617 883 3682 Condemnantur
924 3616 1120 3695 itaque
1149 3614 1418 3676 coerceri
1447 3614 1507 3673 in
1541 3632 1805 3688 carcere,
1833 3613 1948 3674 don

2176 3614 2452 3692 >απεύσας,
2502 3615 2638 3672 κατὰ
2696 3614 2906 3684 πολλὴν
2950 3616 3128 3673 ἄδειαν
3184 3618 3454 3693 ἐπιμένειν
3495 3640 3737 3696 συνεχω-

392 3711 521 3787 ipse
547 3706 800 3768 venerit.
833 3703 1165 3784 Thephilus
1193 3712 1390 3765 autem
1418 3722 1553 3764 cum
1585 3723 1720 3765 eum
1753 3703 1953 3764 vidisse

2177 3704 2282 3765 ἱτο.
2337 3701 2530 3762 "Bome
2562 3705 2662 3782 γὰρ
2704 3706 2765 3761 τὸ
2795 3703 3052 3782 ᾀδόμενον
3087 3705 3280 3774 ἀληθὲς
3333 3709 3502 3784 εἶναι,
3537 3709 3603 3764 τὸ
3631 3730 3738 3783 μη-

391 3797 496 3876 qui
519 3795 592 3855 ad
625 3797 817 3874 ipsum
845 3795 1059 3853 missus
1081 3792 1290 3872 fuerat,
1327 3792 1425 3853 cui
1459 3793 1638 3853 etiam
1671 3793 1952 3871 imperatu

2175 3819 2192 3848 ν
2245 3794 2350 3872 [γρ.
2413 3790 2634 3870 μηδένα]
2691 3796 2858 3850 κακὸν
2913 3793 3102 3872 ῥᾳδίως
3153 3795 3502 3854 ἀπόλλυσθαι.
3558 3797 3736 3858 ὀπως

392 3888 681 3959 fuerat,ut
703 3882 790 3944 vel
817 3883 1060 3942 invitum
1097 3882 1651 3962 duceret,quoniam
1678 3900 1794 3942 non
1812 3879 1953 3942 bona

2218 3881 2360 3956 αὒτῷ
2389 3881 2568 3943 καλῶς
2598 3881 2725 3956 ἔξει,
2759 3886 2845 3939 καὶ
2876 3884 2943 3941 τὰ
2969 3890 3078 3940 τῶν
3134 3886 3462 3965 κρατούντων
3491 3908 3736 3964 πραγμα-

393 3993 559 4056 spem
581 3976 634 4036 ei
657 3971 1092 4054 praanuntiabat
1111 3971 1400 4047 judicium
1422 3971 1952 4050 conscientiaameq

2173 3971 2420 4045 υόμενος,
2479 3972 2688 4050 σωφοὺς
2746 3972 2854 4028 τῶν
2910 3971 3210 4050 Ἀραϐικῶν
3276 3975 3598 4052 ἀρωμάτων,
3657 3977 3734 4031 καὶ

392 4064 658 4127 veritatis
690 4068 919 4141 poterat
948 4059 1174 4122 habere
1203 4061 1508 4132 auxilium,
1537 4078 1710 4140 quam
1745 4062 1953 4122 advers

2171 4083 2210 4116 ια
2266 4059 2420 4136 ἕτερα
2463 4058 2726 4130 ξενίζοντά
2753 4083 2810 4116 τε
2867 4061 2933 4128 ἦν
2982 4064 3068 4120 καί
3127 4065 3463 4136 σπανίζοντα,
3497 4063 3732 4140 ἐπιμελὲς

391 4175 456 4218 se
482 4155 554 4216 ad
581 4152 807 4216 bellum
837 4151 1002 4212 valde
1024 4146 1530 4230 provocaverat,ut
1556 4150 1656 4229 qui
1689 4169 1752 4210 se
1777 4149 1952 4210 maxit

2173 4170 2260 4206 ετο
2347 4149 2788 4208 συσκευάσασθαι.
2862 4153 2923 4208 Οἱ
2994 4151 3091 4226 μὲν
3162 4153 3252 4209 οὖν
3320 4152 3599 4210 ἐπίσκοποι
3650 4157 3734 4219 τῆς

392 4243 766 4326 adjunxisset
791 4229 1127 4314 mendacio,
1162 4240 1233 4300 ad
1270 4240 1577 4302 thesauros
1607 4239 1841 4319 aspexit
1873 4247 1929 4300 et

2174 4259 2355 4312 ωμης,
2414 4237 2561 4302 ὅσοις
2614 4237 2856 4296 ἀνελθεῖν
2915 4239 3216 4316 ὶπετράπη,
3279 4242 3598 4320 παράσκευοι
3658 4263 3733 4318 γι-

391 4349 868 4404 crumenas.qua3
891 4332 1123 4401 quidem
1149 4333 1368 4388 sciebat
1388 4331 1635 4388 delinire
1659 4342 1711 4387 et
1732 4332 1952 4387 incauta

2169 4328 2334 4389 ινότες
2444 4328 2753 4403 περιέμενον
2836 4330 3060 4406 γράμμα
3169 4332 3572 4410 πεμφθήσεσθαι
3648 4331 3730 4396 τὴν

393 4418 1056 4508 multorumanimos,et
1077 4415 1295 4497 quibus
1325 4415 1697 4508 intelligebat
1730 4433 1940 4494 magna

2162 4416 2299 4473 νοὸον
2365 4416 2550 4480 αὑτοῖς
2605 4415 2938 4491 ἐπισπεῦδον,
2971 4421 3044 4482 ὡς
3106 4420 3184 4494 μὴ
3242 4421 3386 4488 πάρὰ
3416 4422 3512 4476 τὸν
3581 4442 3723 4499 προσ·

394 4519 564 4589 parte
588 4507 844 4587 prodere
871 4506 1202 4580 veritatem,
1225 4515 1416 4567 etnon
1441 4505 1633 4566 solum
1661 4505 1951 4584 persuade

2161 4527 2318 4561 κοντα
2350 4505 2534 4582 καιρὸν
2576 4502 2883 4569 ἀνελθόντες
2941 4506 3028 4562 ἐπὶ
3081 4505 3219 4564 πολὺ
3275 4509 3343 4583 τῇ
3399 4507 3521 4583 ξένῃ
3575 4506 3722 4562 ἓνδια-

396 4597 499 4659 sed
537 4599 714 4658 etiam
743 4613 948 4657 servos
981 4595 1138 4656 effici
1159 4613 1284 4669 eos,
1311 4595 1411 4675 qui
1440 4595 1671 4655 lucrum
1697 4593 1957 4654 existima

2162 4591 2366 4650 >ί6οιεν⁶
2427 4593 2543 4648 ἐπεὶ
2612 4590 2667 4648 δὲ
2725 4593 2802 4660 τιυὶ
2889 4595 3159 4675 ἑπεμφθη,
3221 4594 3411 4671 ἔμενον
3470 4597 3628 4662 οὕτως
3682 4596 3723 4651 ἐν

397 4687 614 4749 melius
637 4684 1089 4748 libertate.Cum
1117 4685 1344 4765 magnis
1375 4685 1572 4764 itaque
1598 4681 1948 4743 muneribus

2163 4688 2195 4754 ᾧ
2264 4681 2516 4753 ἐλπίζειν.
2591 4678 2680 4738 Ἐν
2749 4681 2859 4754 ὅσῳ
2926 4681 2980 4738 δὲ
3049 4683 3313 4750 συνέϐςινε
3366 4691 3532 4742 ταῦτα
3597 4687 3724 4764 φήμη

399 4777 588 4858 ipsius
611 4775 881 4856 praesidis
903 4775 1202 4837 dexteram
1223 4776 1352 4854 ipse
1374 4771 1750 4855 placasset,ei
1783 4773 1960 4852 permi

2164 4769 2314 4838 ευδὴς
2386 4772 2480 4834 τὰς
2551 4771 2715 4834 ἂκοὰς
2787 4772 3115 4829 ὑποκνίσασα
3184 4772 3441 4853 Θεοφίλου
3509 4773 3725 4834 εὐκόλους

398 4867 636 4929 tebatur
659 4883 905 4927 manere
934 4865 1342 4927 securissime.
1376 4862 1630 4925 Videtur
1649 4861 1808 4924 enim
1831 4879 1959 4922 veru

2165 4862 2275 4925 iam:
2318 4858 2413 4916 καί
2473 4860 2741 4915 πιστεύειν
2796 4859 3168 4936 ἑτοιμοτάτας,
3219 4865 3294 4925 ὡς
3350 4862 3444 4930 εἴη
3505 4862 3726 4929 Ἰωάννης

396 4955 721 5036 esse,quod
742 4955 915 5033 vulgo
947 4955 1186 5027 dicitur,
1214 4953 1443 5013 nullum
1479 4953 1696 5012 malum
1727 4951 1902 5014 facile
1927 4970 1957 5031 p

2166 4953 2240 5014 ὡς
2305 4949 2428 5026 περῖ
2482 4950 2768 5026 Διόσκορον
2841 4951 2913 5014 εἰς
2985 4951 3264 5008 κοινωνίαν
3305 4950 3727 5028 παραδεξάμενος,

399 5044 625 5108 rire.Ut
652 5053 849 5107 autem
883 5043 1036 5105 bene
1062 5045 1124 5104 in
1157 5061 1293 5104 eum
1324 5041 1520 5104 affecti
1553 5053 1777 5116 essent,
1815 5041 1918 5122 qui
1948 5059 1960 5102 ι

2171 5063 2192 5102 ς
2238 5038 2486 5114 λαμπρὰν
2519 5039 2674 5094 αὐτὸν
2731 5036 2923 5105 ἐξῆπτε
2984 5040 3201 5114 μαίνίαν.
3259 5040 3457 5115 Φαύλῳ
3485 5042 3585 5118 γὰρ
3622 5064 3727 5097 συν-

395 5153 532 5198 rum
592 5134 991 5213 potiebantur,
1046 5150 1400 5214 procurans,
1454 5131 1754 5209 congestis
1809 5148 1956 5193 acet“

2171 5126 2281 5185 δότι
2347 5125 2536 5204 ῥᾳδίως
2607 5127 2747 5193 ἀκοὴ
2805 5129 3115 5186 πιστεύοται
3187 5128 3386 5209 φαύλη,
3442 5137 3522 5203 τῷ
3581 5131 3729 5203 οἰκείῳ

397 5224 792 5288 Arabicorum
827 5234 1154 5284 aromatum
1189 5231 1249 5283 et
1297 5231 1670 5293 czeterorum,
1706 5240 1836 5302 quae
1865 5238 1958 5281 era

2166 5219 2300 5292 icimp
2354 5218 2538 5274 καὶτὰ
2593 5223 2698 5273 τῶν
2757 5215 2938 5274 ἄλλων
2967 5222 3114 5278 εὐθὺν
3147 5217 3515 5295 δοκιμάζοντι,
3574 5219 3727 5297 ’Δνῄει

398 5331 535 5375 rara
558 5320 617 5374 et
643 5311 1052 5392 peregrina,se
1070 5319 1233 5390 parat
1253 5310 1325 5371 ad
1356 5310 1471 5370 iter
1492 5309 1840 5370 ineundum.
1867 5306 1959 5386 Ep

2166 5315 2396 5384 >ιγαροῦν
2461 5307 2595 5386 πρὸς
2681 5308 2778 5375 τὴν
2866 5309 3261 5365 Κωνσταντίνου
3344 5308 3622 5388 Θεόφιλος,
3683 5310 3727 5365 ού

401 5401 537 5480 copi
560 5418 697 5460 vero
726 5399 953 5473 Romae,
975 5400 1047 5459 ad
1075 5418 1225 5479 quos
1245 5399 1535 5479 scriptum
1563 5399 1755 5459 fuerat
1773 5405 1836 5458 ut
1864 5413 1962 5458 ver

2166 5396 2325 5454 ἄλλον
2384 5394 2722 5453 διαλύσασθαι
2780 5397 2847 5452 τὰ
2909 5398 3105 5472 οἰκεῖα,
3165 5397 3198 5464 ἢ
3271 5396 3482 5474 ἑτέρους
3539 5399 3727 5473 μώμους

398 5499 698 5560 rent,cum
723 5495 924 5549 essent
949 5487 1159 5564 parati,
1188 5486 1613 5566 exspectabant
1632 5495 1694 5546 ut
1729 5491 1959 5548 mittere

2162 5497 2454 5563 πενεγκεϊν·
2541 5486 2599 5540 τὸ
2669 5483 2724 5541 δὲ
2793 5485 2859 5552 ἦν
2916 5484 3209 5561 ἀμύνασθαι
3282 5487 3380 5561 μὲν
3452 5487 3575 5549 τοὺς
3633 5490 3723 5565 περὶ

400 5586 497 5638 tur
533 5575 770 5648 littera),
804 5593 937 5654 quae
962 5580 1254 5636 instarent
1282 5585 1344 5636 ut
1391 5575 1688 5650 venirent,
1721 5593 1797 5638 ne
1826 5573 1876 5637 si
1907 5593 1961 5636 at

2159 5576 2451 5652 ιιόσκορον,
2527 5572 2778 5640 Ἰωάννην
2842 5573 2898 5632 δὲ
2965 5575 3057 5632 τοῦ
3125 5574 3306 5651 θρόνου
3389 5588 3720 5653 κατενεγκεῖν·
