3954 6146
165 305 373 375 1153
1281 311 1468 376 νιΤΑ
1513 313 1573 375 S.
1619 303 1905 376 JOANNI:

1981 297 2534 372 CHRYSOSTOMI.
3433 309 3453 370 1
3474 301 3582 371 154

170 447 482 526 προφάσει
545 446 751 526 μέντοι,
783 450 856 510 ὡς
900 452 1006 504 τῶν
1065 446 1367 526 Ὠριγὲνους
1425 446 1642 524 βιϐλίων
1685 446 1905 525 ἀπόροΑ

1974 461 2182 524 empus
2224 444 2550 518 venissent,
2582 439 2643 502 in
2666 447 2910 504 externa
2961 441 3214 520 regione
3237 441 3338 502 diu
3371 441 3590 504 frustra

169 536 375 610 ῥηστν
433 535 682 611 βούλεται
743 535 944 610 θέσθαι,
991 537 1112 600 τοὺς
1177 533 1267 592 ὑπ’
1323 539 1479 595 αὐτὸν
1525 537 1661 614 ἔγνω
1719 559 1859 611 συμ-

1978 533 2407 595 ederent.Dum
2434 532 2560 593 haec
2584 538 2779 592 autem
2807 531 3044 611 ﬁerent,
3070 530 3214 592 falsa
3238 531 3393 593 fama
3413 549 3588 593 aures

173 621 555 700 παραλαϐεῖν
611 625 955 688 ἐπισκόπους,
1008 625 1148 684 Εἶτα
1203 625 1258 680 ἐν
1305 626 1496 703 Κύπρῳ
1552 628 1861 703 γενόμενος,

1974 622 2228 702 .calpens
2257 620 2604 700 Theophili,
2633 638 2765 700 quae
2796 629 2965 682 erant
2985 617 3192 681 faciles
3223 620 3296 681 ad
3328 619 3588 681 creden-

177 713 300 769 τὸν
379 712 602 794 θεοφιλῆ
659 714 1000 794 Ἐπιιράνιον,
1061 715 1120 771 οὖ
1172 715 1270 790 βίῳ
1340 716 1525 789 μόνον,
1586 714 1722 771 ἀλλά
1780 717 1867 770 καὶ

184 800 407 881 λόγοις
460 802 728 883 ’ἐπιφανῶς
773 802 994 883 ἔχοντα,
1028 801 1200 882 τέχνη
1244 805 1374 882 πρὸς
1431 803 1609 882 ιριλίαν
1663 805 1867 881 ἒπάγε-

182 911 328 967 ται,
366 896 540 948 καίτοι
595 913 657 970 γε
685 893 777 948 τὸν
811 893 914 968 πρὸ
938 893 1033 948 τοῦ
1080 891 1279 969 χρόνον
1309 891 1404 948 ἀπ’
1433 892 1670 955 ἐναντίας
1728 896 1870 966 αὐτῷ

188 979 398 1060 ἔχων,
436 983 523 1037 καὶ
575 978 874 1037 διαϐάλλων
935 982 1008 1043 ὡς
1051 993 1170 1042 τοῖς
1226 981 1516 1058 αἱρετικοῖς
1574 983 1868 1062 ὁμόφρονα.

196 1069 356 1126 Μετ’
391 1073 552 1129 αὐτοῦ
593 1070 764 1126 τοίνυν
816 1070 904 1126 καὶ
961 1075 1068 1126 τῶν
1111 1069 1248 1124 κατά
1306 1070 1515 1148 Κύπρον
1564 1070 1871 1128 ἐπισκόπων

195 1158 317 1220 τὰς
395 1157 641 1220 συνόδους
701 1159 1016 1232 ποιούμενος
1071 1157 1372 1236 ἀπηγόρευε
1421 1159 1521 1226 τὴν
1577 1160 1873 1238 ἀνάγνωσιν

199 1252 330 1302 τῶν
382 1245 689 1324 Ὠριγὲνους
731 1244 976 1323 βιϐλίων.
1035 1244 1345 1326 Ἐπιφάνιος
1403 1245 1456 1302 δὲ
1521 1245 1605 1304 διὰ
1661 1248 1876 1316 πολλὴν

201 1335 511 1402 ἁπλότητα
583 1337 680 1392 καί
737 1335 998 1411 πονηρίας
1067 1334 1335 1406 ἐλεύθερον
1393 1337 1540 1412 ἦθος,
1587 1338 1685 1405 τὴν
1741 1337 1877 1394 εἵσω

205 1432 322 1483 τοῦ
393 1425 713 1504 φαινομένου
777 1425 1062 1504 σχήματος
1132 1424 1546 1501 ὑποκαθημένην
1599 1424 1877 1493 δεινότητα

207 1515 326 1582 τῆς
388 1515 644 1592 Θεοφίλου
691 1516 874 1592 ψυχῆς
937 1517 998 1572 οὗ
1054 1514 1396 1593 καταπαθὼν,
1455 1515 1688 1572 πείθεται
1744 1517 1877 1592 πρὸς

215 1602 488 1669 Ἰωάννην
546 1603 747 1679 γράψαι
803 1610 895 1657 τόν
939 1605 1109 1676 θετον,
1143 1601 1439 1681 ἀπέχεσθαι
1487 1609 1594 1659 τῶν
1651 1603 1875 1682 Ὠριγέα

215 1713 353 1755 νους
424 1688 666 1767 βιϐλίών.
741 1688 984 1754 Ἐκεῖνος
1054 1687 1110 1744 δὲ
1175 1693 1262 1746 καὶ
1332 1691 1556 1762 τούτων,
1616 1692 1702 1749 καὶ
1772 1692 1878 1749 τῶν

1951 710 2286 792 dum,qnod
2306 713 2569 772 Joannes
2596 709 2942 772 Dioscorum
2969 708 3397 770 admisissetad
3430 726 3595 770 com-

1955 801 2470 874 munionem,eum
2495 799 2567 860 ad
2588 799 2879 876 insignem
2904 797 3179 860 accendit
3203 796 3520 860 insaniam.
3545 797 3594 859 Α

1954 891 2107 951 mala
2137 890 2296 951 enim
2322 889 2691 950 conscientia
2714 888 2959 949 omnino
2993 886 3162 948 facile
3183 886 3449 948 creditur
3471 904 3594 947 ma-

1953 979 2047 1040 lus
2069 987 2370 1058 rumor,ut
2392 997 2524 1059 quae
2545 997 2614 1040 ex
2637 979 2760 1039 suis
2787 977 3055 1039 moribus
3076 976 3326 1038 aliorum
3358 990 3597 1056 quoque

1955 1085 2155 1128 mores
2179 1066 2774 1129 metiatur.Ascendit
2796 1067 2994 1146 itaque
3011 1065 3383 1145 Theophilus
3404 1063 3596 1126 Cons-

1957 1156 2516 1236 tantinopolim,non
2541 1164 2655 1217 tam
2682 1164 2746 1217 ut
2771 1171 2936 1216 suam
2961 1162 3350 1233 componeret
3365 1162 3600 1214 contro-

1956 1247 2232 1320 versiam,
2255 1264 2430 1326 quam
2451 1257 2512 1308 ut
2537 1245 2636 1306 alii
2670 1245 2942 1305 inureret
2964 1241 3158 1304 labem
3183 1251 3241 1303 et
3259 1244 3596 1322 reprehen-

1958 1335 2287 1398 sionem.ld
2317 1345 2513 1396 autem
2537 1343 2762 1408 erat,ut
2784 1334 3180 1396 ulcisceretur
3196 1330 3438 1411 quidem
3462 1333 3601 1394 Dio-

1958 1443 2224 1499 scorum,
2248 1423 2540 1487 Joannem
2571 1441 2711 1484 vero
2741 1442 2772 1484 e
2823 1421 2966 1484 sede
2991 1420 3342 1500 deponeret.
3377 1419 3599 1483 Verum

1961 1512 2272 1575 enimvero
2304 1514 2418 1574 hoc
2467 1513 2711 1588 quidem
2745 1521 3061 1591 praetextu,
3094 1508 3253 1589 quod
3311 1509 3600 1572 librorum

1960 1602 2239 1681 Origenis
2262 1602 2675 1682 propositurus
2695 1609 2853 1663 esset
2876 1599 3380 1673 interdictionem,
3405 1601 3604 1661 statuit

1961 1710 2166 1753 secum
2195 1710 2506 1754 assumere
2531 1692 2875 1771 episcopos,
2911 1691 3009 1770 qui
3037 1697 3206 1750 erant
3225 1705 3348 1749 suae
3375 1689 3602 1751 dioece-

216 1779 411 1837 ἄλλων
468 1779 576 1836 τῶν
605 1777 728 1834 κατ’
787 1780 948 1835 αὐτοῦ
985 1777 1466 1857 ῥᾳδιουργοίψένων
1519 1779 1672 1858 ὀλίγα
1713 1803 1905 1861 φρονη

1974 1782 2068 1844 sis.
2103 1785 2246 1845 Cum
2271 1782 2479 1843 fuisset
2500 1791 2698 1845 autem
2723 1781 2782 1842 in
2802 1779 3011 1861 Cypro,
3046 1779 3167 1840 Deo
3191 1779 3433 1842 charum
3459 1779 3604 1860 Epi-

216 1870 411 1942 τίζων,
447 1868 562 1931 ἑνὸς
617 1867 782 1942 μόνου
811 1872 910 1934 τῆς
968 1869 1098 1947 πρὸς
1132 1870 1358 1945 Χριστὸν
1415 1867 1629 1930 ἐλπιδος
1661 1869 1876 1950 εὔχετο,

1974 1869 2273 1950 phanium,
2297 1871 2398 1950 qui
2430 1889 2548 1931 non
2572 1870 2765 1930 solum
2791 1868 3042 1945 vita,sed
3071 1868 3343 1930 doctrina
3363 1886 3607 1949 quoque

219 1964 331 2033 μιᾷ
396 1977 454 2013 τε
525 1953 756 2034 φροντίδι
815 1953 1107 2017 διαπαντὸς
1163 1957 1354 2036 ἢγετο,
1403 1958 1450 2013 τί
1499 1957 1560 2013 ἂν
1621 1961 1788 2015 ποιῶν
1845 1959 1880 2025 ἢ

1974 1969 2090 2022 erat
2131 1959 2350 2032 clarus,
2373 1968 2501 2020 arte
2534 1957 2862 2020 inducitad
2908 1957 3400 2031 amicitiam,'etsi
3430 1968 3607 2019 antea

223 2046 407 2125 λεγων
464 2044 702 2123 ἀρέσκων
759 2046 905 2118 αὐτῷ
961 2045 1222 2125 φαίνοιτο,
1258 2044 1380 2102 ἀλλ’
1429 2045 1521 2103 ἵνα
1575 2045 1734 2103 καὶο
1764 2045 1882 2124 περὶ

1974 2048 2020 2110 ei
2044 2047 2449 2111 essetinvisus
2476 2057 2534 2110 et
2557 2048 2712 2109 male
2743 2047 3003 2126 audiret,
3033 2055 3094 2107 ut
3126 2047 3220 2128 qui
3249 2065 3382 2108 cum
3415 2047 3604 2108 haere-

221 2137 293 2193 τὸ
351 2135 550 2213 ἀγαθὸν
608 2134 809 2190 ἐκείνου
837 2132 999 2206 ζῆλος
1057 2133 1426 2212 λαμπρότερον
1455 2135 1722 2216 ἀναφανῇ,
1785 2135 1880 2192 καὶ

1974 2138 2219 2199 ticorum
2253 2137 2602 2199 conveniret
2651 2135 3039 2214 Opinionibus
3065 2157 3078 2198 :
3109 2155 3244 2198 cum
3279 2155 3349 2198 eo
3378 2155 3520 2216 ergo
3552 2143 3610 2197 et

222 2228 339 2284 τῶν
395 2223 786 2303 ἐχθραινόντων
843 2223 988 2298 αὐτῷ
1045 2225 1281 2298 ματαίως
1349 2225 1383 2290 ἡ
1430 2226 1700 2303 μοχθηρία
1775 2247 1882 2304 φα-

1974 2245 2100 2287 cum
2127 2226 2300 2306 Cypri
2325 2227 2623 2305 episcopis
2639 2226 2864 2287 faciens
2885 2224 3476 2306 concilia,prohibnit
3497 2225 3611 2286 lec-

233 2315 365 2393 νερὰ
433 2319 696 2388 καταστῇ,
759 2313 980 2391 πρᾶγμά
1042 2335 1092 2368 τι
1163 2311 1438 2387 συμϐαίνει
1498 2313 1771 2392 ἀμφότερά
1827 2335 1885 2370 τε

1974 2315 2197 2376 tionem
2223 2313 2516 2375 librorum
2539 2314 2838 2392 Origenis.
2861 2312 3228 2393 Epiphanius
3259 2324 3458 2376 autem
3493 2331 3615 2394 prae

240 2405 438 2483 ἀρκοῦν
467 2401 732 2481 δηλῶσαι,
777 2401 872 2458 καῗ
919 2401 1086 2469 ἀκοῆς
1122 2403 1363 2482 ὑπάρχον
1405 2415 1524 2466 τοῖς
1580 2405 1884 2475 μισοπονή-

1974 2421 2186 2478 magna
2215 2403 2461 2464 omnino
2493 2402 2881 2482 simplicitate
2922 2412 2978 2463 et
3009 2401 3275 2463 moribus
3305 2421 3337 2462 a
3388 2401 3614 2465 malitia

233 2516 350 2571 ροις
383 2491 550 2557 ἄξιον.
1972 2489 2203 2570 liberis,
2223 2507 2357 2567 qum
2379 2489 2536 2552 intra
2558 2507 2718 2566 eum,
2747 2490 2848 2571 qui
2869 2489 3217 2570 apparebat,
3241 2489 3504 2552 habitum
3529 2491 3616 2553 in-

231 2583 491 2660 sidebat,
523 2583 840 2664 Theophili
869 2582 1146 2645 astutiam
1192 2601 1308 2644 non
1339 2601 1730 2663 cognoscens,
1771 2585 2169 2661 persuadetur
2220 2585 2291 2646 ad
2326 2584 2621 2660 insignem
2670 2584 2836 2644 illum
2869 2582 3137 2645 scribere
3183 2587 3503 2659 Joannem,
3545 2594 3614 2646 ut

236 2674 538 2737 abstineat
573 2691 607 2734 a
658 2672 831 2734 libris
865 2672 1162 2752 Origenis.
1214 2671 1322 2734 Ille
1350 2681 1547 2734 autem
1581 2691 1702 2734 non
1735 2673 1861 2734 haec
1890 2672 2108 2748 solum,
2143 2673 2248 2734 sed
2279 2673 2393 2734 alia
2425 2672 2625 2747 etiam,
2661 2691 2793 2752 quae
2823 2671 3112 2732 adversus
3143 2691 3276 2733 eum
3309 2671 3483 2734 facile
3519 2682 3612 2733 at-

238 2761 662 2836 tendebantur,
698 2779 906 2842 parum
937 2779 1177 2839 curans,
1213 2780 1282 2824 ex
1331 2781 1450 2824 uno
1483 2780 1603 2824 uno
1637 2762 1765 2824 solo
1792 2761 2090 2841 pendebat
2117 2780 2224 2841 pro
2275 2760 2578 2840 omnibus,
2607 2779 2828 2840 nempe
2861 2779 2895 2820 a
2923 2777 3030 2840 spe
3060 2761 3119 2820 in
3161 2759 3372 2822 Deum.
3404 2759 3522 2824 Sed
3555 2770 3618 2822 ut

243 2861 303 2914 et
329 2851 495 2914 illius
518 2850 682 2913 zelus
707 2850 768 2911 in
799 2869 897 2912 res
920 2851 1204 2913 honestas
1233 2858 1548 2931 appareret
1573 2851 1817 2926 clarius,
1853 2858 1912 2911 et
1945 2867 2177 2924 eorum,
2211 2849 2311 2929 qui
2349 2849 2411 2910 in
2442 2852 2632 2928 ipsum
2670 2860 2896 2910 temere
2924 2849 3213 2925 gerebant
3239 2850 3605 2925 inimicitias,

241 2951 383 3003 nota
407 2949 565 3002 esset
592 2938 964 3020 improbitas,
992 2939 1262 3020 quaedam
1296 2957 1394 3001 res
1451 2939 1693 3016 accidit,
1727 2957 1858 3019 quze
1906 2938 2123 3000 sufﬁcit
2147 2939 2218 2999 ad
2252 2945 2573 3014 utrumque
2603 2937 3040 2999 ostendendum
3079 2956 3093 3000 :
3148 2945 3207 3000 et
3242 2939 3413 3002 valde
3442 2947 3610 3018 grata

243 3030 354 3092 erit
381 3027 650 3107 auribus,
677 3045 810 3107 quae
840 3027 1097 3089 oderunt
1125 3026 1452 3107 improbos.

327 3124 463 3187 ΜΝ.
524 3118 624 3181 Ἦν
653 3121 923 3200 ἅνθρωπος
967 3122 1023 3178 ἐν
1051 3129 1120 3198 τῇ
1163 3121 1392 3199 βασιλίδι
1424 3123 1577 3179 πόλει
1609 3129 1714 3180 τῶν
1769 3122 1886 3179 ἑπι-

2053 3119 2314 3183 XLl.Vir
2334 3121 2576 3197 quidam
2599 3129 2726 3182 erat
2749 3120 3073 3182 illustrisin
3096 3121 3206 3182 hac
3228 3120 3392 3200 regia
3410 3122 3615 3185 civita-

244 3219 422 3293 φανῶν
478 3215 566 3270 καὶ
610 3211 912 3291 γνωρίμων,
948 3213 1042 3267 τὸν
1069 3213 1181 3287 βίον
1239 3211 1516 3291 θεοφιλής,
1551 3213 1649 3280 τὴν
1709 3214 1887 3268 πίστιν

1974 3209 2178 3289 te,vita
2195 3208 2479 3290 pius,lide
2503 3207 3096 3287 religiosus,nomine
3119 3208 3615 3288 Theognostost

245 3301 586 3384 φιλευσεϐὴς,
615 3301 714 3368 τὴν
773 3299 964 3366 κλῆσιν
1014 3302 1382 3379 Θεόγνωστος.
1430 3301 1592 3364 Οὗτος
1651 3302 1726 3356 ἑνὶ
1782 3307 1888 3356 τῶν

1974 3315 2107 3359 cum
2133 3297 2370 3358 cuidam
2395 3297 2620 3358 Ariano
2646 3296 3374 3378 exstitissetinvisus(95),
3391 3316 3499 3378 per
3524 3315 3616 3358 ca-

1971 3386 2260 3450 lumniam
2286 3390 2604 3447 accusatur
2639 3384 2765 3464 (26)
2797 3385 2955 3464 apud
2982 3386 3432 3465 imperatorem,
3466 3395 3524 3447 et
3554 3387 3617 3446 fit

1973 3477 2059 3536 eis
2082 3473 2304 3552 linguae
2329 3480 2635 3534 certamen
2661 3492 2779 3534 non
2812 3473 3131 3535 laudabile.
3163 3473 3480 3535 Accusatio
3507 3493 3615 3536 au-

1975 3572 2094 3624 tem
2121 3571 2268 3634 erat,
2303 3561 2464 3640 quod
2496 3562 2691 3641 ipsum
2717 3572 2774 3624 et
2803 3562 3246 3642 imperatricem
3281 3563 3616 3626 clanculum

1978 3651 2318 3714 maledictis
2339 3653 2755 3726 insectaretur,
2783 3659 2842 3711 et
2861 3650 3062 3730 lingua
3087 3652 3535 3715 calumniatrlce
3555 3654 3618 3714 in

1977 3759 2114 3803 eum
2142 3748 2434 3803 uteretur.
2469 3738 2620 3801 Hinc
2640 3739 2860 3801 factum
2884 3749 2996 3815 est,
3023 3751 3087 3802 ut
3105 3749 3164 3802 et
3193 3740 3468 3803 universa
3487 3743 3619 3822 ejus

1975 3829 2134 3892 bona
2161 3828 2629 3910 publicarentur,
2663 3835 2720 3890 et
2751 3829 2935 3890 miser
2963 3829 3346 3892 damnaretur
3375 3831 3614 3895 exsilio.

1977 3925 2163 3994 Atque
2183 3921 2278 3978 ille
2303 3921 2534 3994 quidem
2559 3937 2690 3978 cum
2718 3921 3188 3992 proﬁcisceretur
3212 3923 3282 3980 ad
3311 3925 3614 3991 civitatem,

1979 4010 2042 4070 in
2075 4026 2250 4089 quam
2297 4006 2491 4067 fuerat
2520 4006 2822 4085 relegatus
2854 4005 2949 4086 (ea
2978 4024 3115 4068 vero
3147 4016 3272 4070 erat
3295 4007 3618 4072 Thessalo-

1982 4097 2168 4176 nica),
2181 4097 2432 4176 jamque
2451 4113 2636 4176 prope
2660 4103 2837 4169 esset,
2872 4095 3190 4157 adducitur
3209 4097 3280 4158 ad
3305 4116 3457 4173 eam,
3491 4118 3624 4179 quae

1977 4195 2068 4250 est
2090 4186 2442 4264 longissimo
2462 4192 2782 4264 remota,et
2801 4202 2833 4244 a
2856 4203 2972 4265 qua
2993 4203 3110 4246 non
3137 4185 3273 4246 licet
3303 4199 3622 4267 expectare

256 4292 356 4343 τῶν
416 4284 603 4357 ὄντων,
637 4282 915 4361 ὑπερορίαν
959 4281 1212 4362 χαλεπήν
1269 4305 1327 4340 τε
1370 4284 1458 4340 καὶ
1515 4282 1892 4355 ἀθεράπευτον,

1976 4274 2554 4348 revocationem,suo
2577 4273 2712 4336 vitae
2733 4275 2854 4334 ﬁne
2876 4280 3122 4354 accepto
3149 4274 3212 4335 in
3235 4274 3621 4358 itinere.Ejus

261 4376 376 4450 μίαν
455 4374 540 4431 καὶ
597 4372 730 4439 αὕτη
789 4373 1118 4452 παραψοχήδ
1187 4373 1286 4440 τὴν
1363 4374 1494 4452 πρὸς
1563 4373 1654 4427 τὸν
1725 4371 1895 4449 μέγαν

1977 4374 2174 4429 autem
2208 4381 2360 4426 uxor
2393 4362 2561 4443 (quid
2591 4364 2751 4424 enim
2776 4362 2936 4425 aliud
2970 4363 3086 4424 nisi
3121 4372 3278 4426 esset
3303 4365 3470 4446 lapis,
3509 4367 3624 4430 nisi

266 4463 398 4543 ἔγνω
440 4462 778 4542 καταφυγήν,
855 4459 1222 4539 Προσελθοῦσα
1278 4463 1391 4541 οὖν,
1439 4463 1523 4519 καὶ
1579 4460 1723 4526 ὅπως
1785 4458 1904 4539 ἔχοι

1993 4456 2222 4518 ferrum
2257 4459 2328 4526 ?),
2364 4452 2583 4514 afﬂicta
2616 4461 2675 4514 et
2703 4453 2942 4532 perdita
2971 4471 3271 4515 concursu
3329 4455 3623 4518 malorum

262 4541 322 4612 τά
389 4551 508 4610 κατ’
572 4541 738 4618 αὐτὴν
802 4549 1196 4631 ἀπαγγείλασα,
1243 4552 1522 4630 ιράρμακον
1577 4551 1734 4607 αὐτὸν
1791 4551 1905 4627 εὗρε

1990 4541 2742 4631 innumerabilium,mariti
2775 4541 3128 4622 privatione,
3157 4543 3486 4623 privatione
3517 4546 3628 4608 lio-

239 3391 526 3469 Ἀρειανῶν
571 3391 644 3451 εἷς
675 3389 862 3468 φθόνον
920 3389 1098 3446 πεσὼν
1137 3387 1478 3446 διαϐάλλεται
1523 3389 1764 3465 βασιλεῖ,
1800 3393 1890 3445 καὶ

239 3485 438 3560 γίνεται
495 3481 594 3547 τῆς
628 3479 788 3536 αὒτοῧ
846 3477 1096 3556 γλώττης
1151 3477 1306 3542 ἆθλος
1340 3481 1434 3536 οὐκ
1480 3479 1884 3552 ἐπαινούμενος.

241 3573 300 3629 ‘0
360 3569 415 3626 δὲ
448 3568 636 3646 λόγος,
669 3571 743 3630 ὡς
787 3567 880 3635 εἴη
922 3568 1080 3624 αὐτόν
1138 3589 1194 3623 τε
1256 3569 1342 3624 καὶ
1386 3566 1630 3644 βασιλίδα
1690 3572 1890 3644 πικρῶς

245 3657 565 3716 διαϐάλλων.
631 3657 900 3715 Ἐντεῦθεν
958 3658 1058 3726 τήν
1115 3678 1172 3712 τε
1229 3659 1407 3714 οὐσίαν
1451 3655 1736 3732 δημεύεται
1779 3662 1892 3712 πᾶ-

246 3771 340 3805 σαν
399 3750 486 3805 καὶ
544 3748 822 3825 ὑπερορίαν
891 3745 1137 3810 ελεεινῶς
1204 3748 1593 3826 κατακρίνεναι,
1673 3736 1730 3802 Ὀ
1797 3745 1893 3820 μὲν

252 3837 338 3896 οὖν
395 3836 576 3910 πόλιν,
607 3836 676 3912 ᾕν
733 3837 1041 3914 κατεκρίθη,
1089 3833 1447 3911 στελλόμενος
1507 3833 1894 3914 (Θεσσαλονίκη

253 3926 304 3984 δὲ
334 3926 426 4008 ἦν)
475 3927 632 4004 ἐγγὺς
661 3925 794 4003 πρὸς
826 3925 922 3991 τὴν
969 3925 1309 4002 μακροτάτην
1340 3925 1627 4008 ἀπάγεται,
1663 3932 1756 3982 τοῦ
1783 3923 1897 4000 βίου

253 4019 311 4073 τὸ
349 4006 514 4094 πέρας
545 4015 690 4093 παρά
738 4013 838 4081 τὴν
868 4013 990 4070 όδὸν
1047 4013 1355 4090 δεξάμενος.
1391 4006 1453 4071 Ἠ
1513 4013 1647 4091 γυνὴ
1677 4011 1732 4068 δὲ
1788 4012 1900 4086 (καὶ

257 4108 303 4163 τί
329 4107 453 4184 γὰρ,
484 4107 527 4161 εὶ
559 4105 638 4180 μή
667 4102 809 4166 λίθος
841 4103 932 4178 ἦν,
969 4105 1012 4158 εί
1043 4104 1122 4180 μὴ
1152 4102 1364 4182 σίδηρος
1399 4103 1436 4181 ς)
1469 4104 1598 4182 πρὸς
1629 4101 1895 4180 ἐπίῤῥοιαν

257 4199 448 4272 μυρίων
507 4193 806 4250 ἀπειποῦσα
849 4193 1057 4272 κακῶν,
1095 4193 1344 4271 στέρησιν
1387 4192 1596 4272 ἀνδρὸς,
1647 4193 1896 4269 στέρησιν

267 4647 409 4701 θετον
480 4643 588 4698 τῶν
648 4644 849 4718 πικρῶν
903 4640 1068 4706 αὐτῆς
1109 4639 1326 4716 ὀδυνῶν,
1389 4639 1448 4696 οὗ
1505 4637 1685 4716 λόγοις
1743 4638 1906 4714 μόνον

269 4734 491 4809 ἰώμενον
543 4731 644 4798 τὴν
676 4728 885 4810 ψυχὴν,
922 4727 1058 4785 ἀλλά
1086 4730 1176 4786 καὶ
1219 4729 1393 4808 ἔργοις
1443 4729 1542 4796 τὴν
1585 4727 1785 4784 ἔνδειαν
1813 4731 1908 4784 θει-

271 4821 582 4902 ραπεόοντα.
657 4829 760 4878 Και
817 4818 918 4897 γὰρ
988 4817 1249 4899 ἀποχρῶν
1305 4820 1440 4895 αὐτῇ
1507 4818 1806 4896 σιτηρέσιον
1847 4817 1908 4873 ἐκ

271 4915 355 4968 τοῦ
413 4913 511 4979 τῆς
557 4908 848 4976 ἰκκλησὶας
903 4909 1191 4966 ἀποτάττει
1249 4905 1605 4988 ξενοδοχείου.
1641 4907 1778 4964 Εἶτα
1809 4906 1905 4962 καί

274 5002 446 5080 καιρὸν
515 4997 817 5070 ὶπιτήδειον
870 4997 1181 5079 περιέμενε,
1239 4997 1360 5055 καθ’
1427 4999 1484 5054 ὃν
1548 4998 1679 5075 ὑπὲρ
1739 4997 1902 5062 αὒτῆς

276 5089 480 5170 ἐντύχοι
537 5095 614 5164 τῷ
642 5086 882 5166 βασιλεῖ,
937 5085 1089 5143 Ἀλλ’
1149 5086 1242 5144 ο¹ία
1269 5087 1305 5153 ἦ
1359 5092 1452 5144 τοῦ
1496 5087 1684 5167 φθόνου
1732 5105 1904 5140 κατα-ο

275 5176 460 5256 δρομη,
489 5179 579 5235 καὶ
634 5181 686 5234 αἱ
713 5175 952 5256 χαλεπαὶ
1006 5182 1099 5233 τοῦ
1129 5175 1244 5252 βίου
1301 5177 1388 5231 καὶ
1416 5171 1692 5250 ἀνώμαλοι
1749 5193 1906 5251 περι-

275 5267 494 5325 πέτειαιο
539 5265 686 5324 οόπω
757 5265 857 5343 γὰρ
923 5263 1100 5332 ξκείνη
1159 5267 1265 5321 τῶν
1337 5261 1716 5342 προλαϐόντων
1772 5261 1906 5319 ἀνα·

344 5434 457 5507 (25)
514 5433 720 5493 Gaium
751 5431 914 5490 hunc
939 5440 1102 5490 vocat
1131 5431 1246 5490 Leo
1300 5431 1447 5504 Aug.
1482 5432 1541 5488 ln
1574 5431 1700 5491 Vita
1727 5431 1915 5503 Chry-

277 5513 458 5648 méﬁ)
499 5575 906 5649 Theognostus
935 5588 1038 5648 per
1069 5573 1416 5634 calumniam
1447 5573 1775 5642 damnatur;
1811 5574 1914 5632 sed

1990 4651 2230 4703 norum,
2296 4639 2412 4693 tam
2471 4632 2634 4710 gravi
2691 4630 2842 4710 ejus,
2905 4631 3007 4711 qui
3062 4631 3240 4693 simul
3293 4633 3624 4710 habitabat,

1991 4723 2225 4798 exsilio,
2288 4737 2408 4782 non
2459 4739 2492 4781 a
2546 4720 2724 4782 domo
2775 4720 2990 4798 solum,
3026 4721 3132 4784 sed
3190 4723 3366 4784 etiam
3427 4742 3461 4784 a
3517 4725 3633 4786 vita

1992 4817 2334 4895 separante,
2371 4828 2494 4872 non
2529 4817 2762 4891 poterat
2818 4810 3034 4874 sedare
3065 4812 3314 4893 luctum,
3350 4831 3464 4876 nec
3511 4834 3628 4876 un-

1989 4920 2167 4984 quam
2200 4897 2472 4961 cessabat
2502 4917 2536 4959 a
2566 4897 2859 4979 lacrymis.
2893 4897 3094 4962 Unum
3147 4919 3287 4978 ergo
3318 4904 3448 4981 ipsa
3477 4922 3630 4983 quo-

1987 5009 2105 5072 que
2162 4988 2326 5050 novit
2381 4986 2683 5058 solatium,
2719 5006 2934 5068 nempe
2987 4989 3060 5050 ad
3123 5009 3400 5070 magnum
3461 4991 3628 5053 illum

1991 5081 2182 5141 virum
2215 5075 2536 5154 refugium:
2571 5083 2632 5137 et
2660 5095 2794 5138 cum
2833 5079 3211 5156 accessisset,
3244 5087 3304 5142 et
3333 5082 3632 5161 quomodo

1987 5187 2086 5232 res
2113 5185 2234 5230 sua;
2291 5184 2355 5227 se
2385 5165 2675 5228 haberent
2704 5167 3128 5243 renuntiasset,
3159 5169 3387 5232 invenit
3436 5176 3630 5252 ipsum

1992 5257 2258 5322 divinum
2293 5254 2790 5317 medicamentum
2850 5255 3124 5319 dolorum
3154 5276 3400 5321 suorum
3457 5259 3635 5340 longe

1994 5430 2112 5500 hec
2140 5425 2310 5500 longe
2334 5423 2922 5500 antequamsynodus
2945 5434 3143 5484 contra
3163 5426 3635 5500 Chrysostomum

1997 5495 2498 5567 Constantinopoli
2558 5495 2931 5567 colligeretur
2961 5505 3084 5556 acta
3125 5495 3471 5564 essefdocet
3530 5499 3636 5558 Ba-

1998 5585 2127 5630 ron.
2159 5575 2296 5627 tom.
2335 5566 2374 5623 V
2405 5566 2613 5624 Annal.
