3954 6146
332 199 481 262 1155

1620 195 1899 259 MENSIS
1939 197 2393 261 JANUARIUS.

3575 198 3746 260 1156

314 327 867 403 acerbissimorum,
891 346 1010 389 non
1031 325 1235 389 verbis
1259 331 1481 389 tantum
1517 326 1826 389 medicans
1857 345 1938 389 set

2019 330 2320 388 .nvedcaaz
2378 334 2724 409 σκυθρωπῶν,
2785 330 2970 409 ἐτέρας
3028 337 3303 412 συμφορᾶς
3368 331 3542 388 πάλιν
3601 333 3742 388 ’.τιέ-

315 419 506 494 factis,
533 431 594 480 ut
621 417 960 498 oportebat,
986 434 1202 479 curans
1227 416 1635 494 indigentiam.
1673 414 1965 488 Quantum

319 509 477 571 enim
503 509 644 571 satis
671 515 797 570 erat
827 505 1130 578 frumenti,
1168 505 1220 567 ei
1255 503 1461 568 tribuit
1489 523 1558 567 ex
1589 505 1966 568 xenodocbio

316 598 612 662 ecclesia).
649 596 734 658 De
762 605 974 656 caetero
996 602 1192 656 autem
1227 594 1683 674 exspectabatur
1704 601 1962 675 tempus,

317 707 433 769 quo
462 705 569 768 pro
600 687 726 766 ipsa
756 683 1159 746 intercederet
1189 681 1342 763 apud
1371 683 1820 764 imperatorem.
1847 683 1964 746 Sed

316 775 527 856 quales
547 781 686 835 sunt
709 772 942 833 invidiae
969 770 1512 852 insultus,vita.-que
1534 771 1723 852 iniqui
1747 779 1804 834 et
1827 790 1966 851 gra-

313 883 420 926 ves
443 862 634 926 casus!
665 862 815 924 Nam
836 877 972 924 cum
1000 860 1103 922 illa
1130 879 1164 921 a
1184 859 1486 941 prioribus
1507 860 1678 922 malis
1700 862 1964 923 nondum

311 954 694 1034 respirasset,
729 968 940 1012 rursus
991 949 1352 1030 opprimitur
1403 949 1673 1029 pondere
1720 949 1964 1012 alterius

312 1041 689 1121 calamitatis,
723 1040 879 1102 adeo
924 1047 990 1100 ut
1018 1057 1138 1102 una
1165 1037 1408 1119 quidem
1438 1038 1867 1114 effunderetur,
1902 1047 1966 1101 ut

309 1137 501 1207 aiunt,
527 1133 713 1194 altera
735 1150 873 1193 vero
895 1130 1202 1194 inﬂueret.
1239 1128 1333 1192 Sic
1359 1141 1556 1191 autem
1586 1149 1650 1191 se
1681 1128 1957 1192 habebat:

309 1225 568 1305 Tempus
591 1229 721 1284 erat
742 1219 1366 1282 vindemiaeEudoxia
1396 1237 1534 1280 vero
1560 1219 1693 1299 ipsa
1723 1237 1963 1300 quoque

309 1330 552 1395 egressa
576 1331 609 1374 e
632 1310 894 1384 civitate,
923 1308 1265 1370 ambulabat
1288 1309 1348 1369 in
1382 1309 1636 1389 quodam
1671 1327 1812 1386 agro
1842 1310 1957 1369 im-

311 1402 624 1486 peratoris:
659 1406 784 1461 erat
814 1406 1012 1460 autem
1046 1399 1192 1459 situs
1225 1417 1343 1458 non
1379 1397 1585 1477 procul
1620 1415 1654 1458 a
1677 1399 1852 1459 vinea
1882 1399 1961 1458 vi-

311 1493 610 1556 duae.Cum
633 1497 828 1551 autem
848 1487 1083 1548 botrum
1110 1505 1181 1549 ex
1205 1490 1374 1548 vinea
1394 1487 1590 1548 viduae
1610 1488 1963 1566 sumpsisset

309 1579 768 1661 imperatrix,eo
789 1595 895 1638 usa
915 1585 1026 1638 est.
1051 1576 1196 1638 Cum
1222 1574 1464 1652 quidam
1490 1584 1690 1637 autem
1715 1575 1962 1638 dixisset

2051 428 2195 491 ζεται
2248 421 2422 498 βάρει.
2467 420 2630 500 ’Ἐχει
2683 418 2736 475 δὲ
2805 419 2962 479 οὕτω·
3024 423 3302 499 Τρυγήτου
3362 421 3566 500 καιρὸς
3633 423 3737 488 ἦν’

2053 507 2268 574 Εὖδοξία
2300 507 2355 564 δὲ
2393 509 2482 566 καὶ
2538 509 2672 576 αὐτὴ
2717 515 2816 576 τῆς
2872 507 3083 573 πόλεως
3144 507 3351 568 ἐκϐᾶσα
3397 516 3549 588 πρὸς
3607 532 3735 568 τινα

2049 601 2154 657 τῶν
2207 597 2497 675 βασιλικῶν
2526 599 2702 676 ἀγρῶν
2731 597 2993 678 ἐτύγχανε
3043 598 3268 663 διιοῦσα,
3301 600 3407 658 Ἐκ
3457 601 3734 679 γειτόνων

2049 687 2104 744 δέ
2159 711 2258 746 που
2287 690 2374 744 καὶ
2433 695 2522 746 τοῦ
2551 693 2648 756 τῆς
2708 689 2886 768 χήρας
2928 688 3248 764 ἀμπελῶνος
3293 691 3590 765 κειμένου,

2049 801 2169 856 τρυν
2228 777 2432 834 ἐκεῖθεν
2479 779 2512 846 ἡ
2567 777 2772 854 βασιλὶς
2830 778 3070 856 ἀραμένη
3122 779 3422 859 ἐκέχρητο.

2046 866 2100 924 δέ
2143 889 2283 932 τινος
2345 865 2624 942 ἀλλότριον
2680 867 2824 923 εἶναι
2878 867 2967 922 τὸν
3013 867 3334 943 ἀμπελῶνα·
3402 867 3596 924 Ἀλλὰ
3643 873 3731 924 καὶ

2049 957 2228 1030 αὐτὸς,
2287 955 2412 1035 ἔφη,
2445 967 2564 1018 τοῖς
2613 953 2918 1031 βασιλικοῖς
2971 955 3076 1024 ἧδη
3129 958 3525 1019 συντέτακται,
3559 957 3731 1021 ’Ὲοος

2048 1048 2146 1124 γὰρ
2203 1052 2439 1102 τοιοῦτον
2471 1045 2834 1121 ἐπικρατῆσαν
2889 1046 2956 1114 ἧν
2993 1049 3236 1126 ἀτεχνῶς
3294 1046 3724 1126 πονηρότατον²

2046 1135 2348 1200 πλεονεξίας
2413 1141 2568 1192 τοῦτο
2620 1134 2664 1191 ὥ
2715 1137 2800 1192 καὶ
2856 1135 3142 1200 κολακείας
3206 1142 3306 1203 τῆς
3353 1158 3574 1214 μιαρας
3645 1140 3726 1198 ὥς

2045 1227 2186 1288 εἰκὸς
2240 1224 2692 1298 ὺποτυπωσάσης,
2741 1225 2800 1282 οὗ
2852 1223 2914 1281 ἂν
2970 1227 3216 1302 βασιλεὺς
3281 1227 3453 1305 ἄγροῦ
3523 1225 3724 1301 Es:th

2043 1316 2132 1372 καὶ
2184 1321 2274 1370 τοῦ
2317 1313 2522 1392 καρποῦ
2571 1315 2846 1390 γεύσηται,
2879 1329 2998 1380 τοῖς
3042 1315 3358 1392 βασιλικοῖς
3390 1317 3486 1372 καὶ
3558 1317 3728 1372 αὐτὸν

2043 1403 2440 1482 συντετάχθαι,
2504 1402 2597 1458 τὸν
2666 1401 2721 1458 δὲ
2791 1410 2882 1460 τοῦ
2951 1403 3113 1482 ἀγρεῦ
3169 1405 3347 1482 κύριον
3421 1404 3459 1471 ἢ
3546 1403 3724 1482 ἑτέρῳ

2042 1489 2370 1568 ἀμείϐεσθαι,
2435 1491 2471 1558 ἢ
2529 1490 2627 1558 τῆς
2685 1491 2832 1558 ἀξίας
2912 1493 3198 1572 τυγχάνειν
3261 1498 3452 1559 τιμῆς.
3523 1495 3722 1566 Τούτῳ

2043 1583 2131 1638 καὶ
2190 1581 2320 1648 αὐτὴ
2376 1581 2454 1653 τῷ
2508 1578 2609 1636 ἔθει
2683 1588 3019 1660 προσχοῡσα,
3079 1585 3167 1638 καὶ
3223 1585 3338 1638 οἷον
3404 1580 3723 1637 ἷδιαίτατον

309 1673 543 1733 vineam
569 1686 701 1731 esse
721 1665 1128 1730 alienam:Sed
1163 1666 1295 1746 ipsa
1326 1684 1589 1745 quoque,
1620 1666 1812 1743 inquit
1835 1664 1938 1728 Eu-

2019 1673 2134 1743 ,τοῦ
2177 1667 2366 1750 ἄρχειν
2423 1670 2484 1725 τὸ
2541 1667 2745 1726 ἀδικεῖν
2802 1670 3068 1747 κρίνουσα,
3132 1670 3220 1726 καὶ
3271 1670 3352 1726 ὅτι
3399 1671 3460 1726 τὸ
3547 1669 3718 1726 δύνα-

309 1762 512 1835 doxia,
535 1760 661 1839 jam
691 1757 882 1818 relata
911 1766 999 1818 est
1021 1757 1080 1816 in
1109 1773 1422 1817 numerum
1449 1773 1724 1834 agrorum
1758 1755 1955 1836 impe-

309 1849 682 1924 ratoris,baec
707 1845 867 1908 enim
894 1846 954 1905 in
980 1864 1087 1906 usu
1111 1851 1236 1906 erat
1257 1843 1625 1905 consuetudo
1650 1843 1824 1923 longe
1848 1845 1956 1905 im-

319 1937 678 2022 probissima
733 1933 1103 2012 (avaritiane,
1159 1951 1234 1993 an
1287 1931 1651 1995 exsecranda
1698 1932 1954 1994 adulatio

321 2032 477 2090 hanc
505 2025 806 2088 induxerit
847 2024 1166 2099 incertum)
1201 2030 1265 2083 ut
1304 2039 1721 2102 quemcunque
1751 2039 1954 2101 agrum

305 2119 634 2197 imperator
649 2113 1049 2187 ascendisset,
1070 2120 1129 2173 et
1162 2111 1234 2173 de
1255 2110 1385 2190 ejus
1404 2111 1598 2172 fructu
1631 2119 1949 2190 gustasset,

305 2209 354 2269 is
377 2206 573 2268 statim
599 2209 1018 2265 recenseretur
1040 2201 1198 2262 inter
1216 2217 1391 2277 agros
1412 2198 1953 2280 imperatoris,agri

302 2314 444 2358 vero
475 2293 759 2356 dominus
807 2290 898 2350 vel
931 2308 1066 2353 eum
1100 2307 1236 2351 cum
1287 2287 1402 2348 alio
1437 2295 1826 2368 permutaret,
1862 2288 1949 2350 vel

296 2389 525 2466 justum
577 2381 834 2463 pretium
867 2386 1321 2456 assequeretur.
1378 2376 1522 2439 Cum
1556 2377 1683 2457 ipsa
1713 2394 1951 2458 quoque

300 2465 452 2537 banc
491 2469 845 2533 attendisset
874 2466 1401 2541 consuetudinem,
1435 2474 1494 2526 et
1525 2465 1784 2527 maxime
1817 2467 1949 2546 ejus

303 2561 573 2625 moribus
599 2559 1084 2630 convenientem,
1120 2566 1179 2618 et
1197 2555 1498 2635 judicaret
1543 2572 1676 2616 esse
1708 2555 1949 2635 imperii

298 2648 843 2733 proprium,facere
871 2645 1183 2725 injuriam,
1206 2653 1264 2704 et
1298 2661 1415 2704 non
1441 2661 1616 2723 posse
1647 2643 1821 2705 aliter
1855 2662 1948 2705 os-

300 2731 462 2802 tendi
495 2737 642 2817 quid
666 2737 797 2817 ipsa
829 2745 1049 2815 posset,
1076 2733 1270 2794 aufert
1299 2750 1533 2811 agrum,
1554 2731 1732 2793 simul
1765 2731 1943 2794 etiam

300 2829 552 2890 studens
584 2844 714 2886 eam
737 2824 979 2886 afficere
1013 2821 1293 2883 molestia
1321 2825 1652 2901 (acceperat
1681 2822 1839 2881 enim
1862 2821 1949 2900 ip-

301 2936 423 2980 sam
452 2915 525 2977 ad
549 2914 781 2976 beatam
805 2912 966 2973 illam
991 2910 1251 2972 animam
1276 2909 1664 2988 confugisso),
1703 2917 1759 2971 et
1777 2909 1944 2971 illum

298 3025 332 3069 e
377 3004 522 3067 sede
557 3000 906 3081 deponendi
939 3017 1219 3080 quaerens
1258 2999 1637 3060 occasionem
1671 3021 1684 3057 :
1719 2999 1948 3062 sciebat

299 3095 484 3174 enim,
511 3094 704 3175 ipsum
739 3108 857 3151 non
885 3107 1018 3151 esse
1042 3089 1455 3162 toleraturum,
1487 3089 1535 3150 si
1581 3089 1843 3151 venisset
1871 3087 1944 3149 ad

298 3185 430 3264 ejus
453 3181 882 3260 cognitionem,
913 3177 1017 3241 sed
1045 3180 1207 3239 omni
1240 3177 1471 3240 ratione
1503 3183 1552 3239 ei
1605 3195 1779 3258 opem
1815 3195 1946 3238 esse

298 3269 742 3342 laturum.Quid
763 3287 903 3349 ergo
931 3266 1462 3348 consequitur‘dlle
1480 3265 1724 3348 quidem
1743 3266 1816 3327 ab
1835 3267 1947 3329 hac

298 3359 630 3424 miserabili
649 3359 825 3421 vidua
856 3355 1288 3419 miserabiliter
1319 3356 1579 3436 ejulante
1608 3356 1946 3417 inﬂamma-

301 3461 394 3514 tus
425 3445 995 3524 visceribus,scribit
1025 3447 1096 3508 ad
1121 3447 1844 3527 imperatricem,movens
1867 3445 1941 3506 ad

291 3539 797 3612 misericordiam,
819 3543 1053 3617 patrum
1091 3535 1376 3615 pietatem
1409 3550 1699 3597 revocans
1725 3534 1787 3596 in
1811 3552 1941 3596 me-

295 3629 546 3692 moriam
565 3635 622 3690 et
642 3626 748 3689 Dei
775 3625 1049 3687 timorem
1063 3622 1498 3704 ,terribilisque
1517 3622 1832 3685 tribunalis
1848 3641 1942 3685 co-

293 3718 578 3798 gitatione
601 3732 985 3777 commovens
1018 3713 1148 3793 ejus
1170 3712 1450 3774 animam.
1487 3709 1604 3774 Sed
1629 3711 1941 3774 incurvum

293 3807 520 3886 lignum
543 3820 848 3884 nunquam
872 3801 1089 3864 feceris
1110 3810 1488 3881 rectum,nec
1520 3818 1799 3881 asperum
1826 3802 1938 3863 he-

294 3894 585 3958 rinacium
609 3909 868 3973 unquam
894 3891 1086 3953 levem
1113 3889 1471 3952 reddideris:
1500 3908 1610 3952 nec
1642 3890 1936 3967 effeceris,

294 3993 358 4048 ut
377 4001 595 4047 cancer
615 3989 814 4044 rectus
834 3980 1234 4060 ingrediatur.
1254 3978 1405 4042 Mala
1428 3978 1588 4040 enim
1616 3990 1940 4042 consuetu-

2043 1763 2161 1816 σθαι
2220 1761 2353 1834 αύτῇ
2392 1758 2645 1836 πάρεστιν
2703 1757 2882 1822 ἄλλως
2933 1757 3216 1826 δηλοῦσθαι
3255 1760 3334 1832 μὴ
3393 1757 3715 1834 δυναμένη,

2040 1851 2130 1908 τὸν
2176 1848 2337 1926 ἀγρὸν
2386 1859 2729 1924 παραιρεῖται
2782 1853 2880 1914 τῆς
2924 1849 3128 1927 χήρας,
3163 1850 3299 1923 ὁμοῦ
3355 1871 3416 1904 τε
3476 1847 3718 1916 ἐκείνην

2039 1939 2230 1995 λυπεῖν
2285 1935 2536 1995 ἒθέλουσα
2585 1937 2890 2014 (μεμάθηκε
2946 1937 3045 2016 γὰρ
3099 1944 3172 2010 τῷ
3229 1937 3476 2015 μακαρίῳ
3527 1939 3712 2004 αὐτὴν

2039 2023 2415 2106 προστεθῆναι)
2451 2025 2628 2106 -αὖτὸν
2659 2046 2715 2082 τε
2758 2025 3006 2082 καθελεῖν
3060 2035 3154 2085 τοῦ
3180 2026 3360 2104 θρόνου
3411 2021 3710 2106 πρόφασιν

2039 2103 2354 2186 ἐκζητοῦσα.
2418 2103 2584 2182 ’ᾘδει
2617 2114 2717 2192 γὰρ
2759 2117 2834 2178 ὡς
2885 2115 2979 2171 οὐκ
3026 2103 3244 2172 ἀνεκτὸν
3274 2113 3420 2189 αὒτῷ
3457 2103 3708 2192 γένοιτο

2037 2206 2166 2284 πρὸς
2225 2206 2419 2281 γνῶσιν
2481 2201 2653 2282 ἐλθὸν,
2707 2202 2846 2260 ἀλλὰ
2905 2205 2996 2260 τὸν
3039 2203 3211 2260 πάντα
3253 2205 3450 2280 τρόπον
3509 2202 3702 2261 ἕλοιτο

2033 2295 2278 2370 βοηθεῖν.
2342 2293 2402 2349 Τί
2454 2291 2543 2349 οὖν
2570 2293 2660 2348 -τὸ
2705 2293 2793 2348 ἒπὶ
2850 2293 3078 2366 τούτοις,
3111 2292 3198 2349 καὶ
3249 2305 3410 2349 ποῖον
3452 2292 3560 2373 ἄρα
3621 2301 3701 2367 τῷ

2034 2383 2307 2462 πράγματι
2338 2403 2502 2460 περας
2535 2379 2819 2438 ἀκολουθεῖ
2854 2402 2869 2461 ς
2928 2373 2986 2440 Ὀ
3032 2382 3130 2457 μὲν
3177 2382 3276 2438 ὕπὸ
3308 2381 3400 2449 τῆς
3445 2381 3700 2451 ἔλεειν-ἧς

2031 2473 2226 2539 ναύτης
2260 2470 2434 2550 χήρας
2462 2471 2669 2549 οἰκτρὸν
2701 2470 3106 2538 ἔπικωκυούσης
3137 2471 3203 2527 τὰ
3232 2472 3533 2552 σπλάγχνα
3567 2471 3696 2528 δια-

2029 2560 2316 2636 καιόμενος
2367 2560 2552 2639 γράφει
2585 2565 2652 2634 τῇ
2707 2559 2966 2636 βασιλίδι,
2998 2562 3132 2638 ωρὸς
3179 2559 3332 2617 ἔλεον
3366 2559 3512 2625 ὅπως
3556 2564 3694 2641 εἶχε

2029 2647 2378 2727 παρακαλῶν,
2412 2648 2657 2725 πατέρων
2688 2670 2746 2704 τε
2798 2647 3064 2708 εὐσεϐείας
3112 2650 3544 2725 ὑπομιμνήσκων
3603 2646 3692 2706 καὶ

2029 2737 2192 2814 φόϐου
2223 2742 2375 2811 Θεοῦ,
2405 2739 2494 2793 καὶ
2522 2737 2622 2804 τὴν
2651 2736 2853 2794 ἔννοιαν
2886 2739 3020 2812 αὐτῇ
3047 2736 3142 2795 τοῦ
3173 2736 3400 2816 φοϐεροῦ
3427 2739 3687 2812 βήματος

2029 2826 2308 2903 ἒμὸάλλων
2341 2827 2414 2889 εἷς
2437 2826 2533 2892 τὴν
2563 2827 2772 2904 ψυχήν.
2809 2825 2974 2882 Ἀλλὰ
3033 2824 3277 2901 σκαμϐὸν
3321 2825 3476 2891 ξύλον
3521 2827 3686 2883 οὐδέ-

2029 2915 2152 2973 ποτ’
2184 2917 2356 2993 ὀρθὸν,
2383 2911 2499 2971 οὐδὲ
2531 2913 2681 2970 λεῖον
2711 2913 2774 2968 ἂν
2803 2916 2948 2982 θείης
2979 2916 3072 2971 τὸν
3100 2916 3302 2994 τραχὺν
3333 2914 3529 2994 ἐχῖνον
3562 2915 3682 2972 955E

2029 3002 2253 3080 βαδίζειν
2285 3003 2408 3080 ὀρθὰ
2439 3003 2531 3058 τὸν
2574 3013 2829 3080 καρκῖνον
2859 3004 3309 3082 παρασκευάσαις.
3354 3003 3530 3068 "EGO;
3582 3005 3682 3082 γὰρ

2029 3093 2260 3169 πονηρὸν
2292 3095 2479 3170 ψυχῆς
2530 3089 2959 3166 ἐπιλαμϐόμενον
3006 3089 3183 3170 ῥᾳδίας
3233 3091 3322 3148 καὶ
3349 3092 3678 3171 θερμοτέρας

2029 3183 2101 3247 εἷς
2144 3181 2471 3259 μοχθηρίαν,
2530 3179 2837 3239 ἔντυποῦται
2886 3181 3052 3258 ταύτῃ
3106 3182 3193 3237 καὶ
3224 3181 3346 3238 οἷον
3375 3182 3676 3261 ἒγκαίεται,

2029 3271 2115 3327 καὶ
2159 3269 2324 3325 οὐδενὶ
2367 3267 2511 3346 λόγῳ
2538 3271 2803 3339 κατήκοον
2831 3270 3055 3346 γίνεται,
3091 3267 3228 3330 ἁλλὰ
3253 3269 3447 3349 σχεδὸν
3479 3270 3677 3335 ἀνεξά-

2027 3359 2243 3417 λειπτόν
2300 3361 2469 3432 ἔστιν,
2536 3358 2628 3414 ἵνα
2672 3359 2759 3414 καὶ
2802 3359 2952 3438 φύσει
2997 3356 3288 3434 δυνάμενον
3333 3365 3401 3436 τῇ
3459 3359 3674 3434 ἀμετα-

2025 3448 2232 3522 ϐλήτῳ.
2279 3445 2420 3513 Αὕτη
2482 3467 2761 3525 τοιγαρουν
2823 3451 2859 3518 ἦ
2909 3446 3120 3525 σκληρά
3166 3469 3221 3503 τε
3263 3447 3349 3504 καὶ
3395 3447 3672 3526 βαρυκάρ-

2024 3536 2135 3603 διος
2191 3538 2302 3616 (καὶ
2358 3536 2406 3591 τί
2450 3537 2548 3615 γὰρ
2594 3535 2748 3611 ἄλλο,
2795 3535 2831 3603 ἢ
2889 3537 3022 3614 γυνὴ
3067 3537 3275 3615 πονηρά
3309 3535 3355 3616 ς)
3398 3540 3457 3595 οὖ
3503 3540 3670 3613 μόνον

2027 3629 2118 3684 οὐκ
2160 3624 2476 3694 ἰὸυσωπήθη
2520 3625 2587 3680 τὰ
2630 3625 2944 3703 γράμματα,
2977 3627 3066 3681 καὶ
3115 3625 3208 3682 τοῦ
3251 3623 3555 3688 στείλαντος
3610 3629 3671 3683 τὸ

2025 3715 2253 3795 ἀξίωμα,
2302 3713 2438 3770 ἀλλὰ
2468 3716 2562 3771 καί
2594 3715 2732 3771 πολὺ
2785 3716 2845 3770 τὸ
2889 3716 3078 3792 πικρὸν
3137 3713 3305 3794 ἐφάνη
3363 3713 3502 3771 κατᾶ
3557 3720 3664 3790 ψυ-

2023 3805 2135 3884 χὴν
2178 3803 2380 3884 ἔχουσα
2424 3800 2604 3876 (δῆλον
2647 3803 2745 3880 γὰρ
2805 3810 2960 3861 τοῦτο
2993 3802 3228 3870 κατέστη
3259 3815 3375 3866 τοῖς
3407 3802 3666 3883 ἀντιγρά-

2021 3891 2164 3972 φοις)
2222 3889 2472 3970 ὑϐριστὴν
2530 3889 2875 3948 ἂποκαλοῦσα
2952 3893 3042 3948 τὸν
3131 3891 3327 3970 μέγαν,
3401 3891 3493 3948 καὶ
3563 3893 3661 3960 τὴν

2020 3981 2262 4061 γλῶτταν
2316 3980 2635 4056 ἀκόλαστον,
2680 3982 2767 4037 καὶ
2811 3987 2890 4058 μὴ
2933 3985 3031 4047 τῆς
3065 3981 3444 4061 προσηκούσης
3490 3981 3654 4047 αυτὴν

295 4075 541 4150 do,cum
566 4069 1039 4153 apprehenderit
1061 4069 1319 4130 animam
1343 4067 1578 4130 facilem
1609 4069 1680 4130 ad
1705 4069 1934 4148 impro-

2019 4071 2260 4138 ἀξιοῦντα
2308 4070 2494 4150 τιμῆς,
2555 4069 2772 4148 ἄγνοιάν
2825 4091 2881 4126 τε
2939 4076 3046 4128 τῶν
3127 4071 3390 4146 κειμένων
3462 4069 3653 4150 ἔχοντα

296 4161 754 4238 bitatem,facile
775 4159 1139 4240 imprimitur
1156 4166 1217 4220 et
1239 4159 1729 4235 inuritur,neque
1751 4158 1934 4220 ullam

294 4254 458 4315 audit
481 4252 722 4314 omnino
744 4247 1038 4312 rationem
1072 4269 1084 4310 :
1119 4247 1223 4310 sed
1249 4249 1341 4308 vix
1369 4248 1497 4310 ﬁeri
1520 4254 1718 4328 potest
1739 4254 1802 4310 ut
1835 4248 1936 4311 de-

2019 4161 2219 4241 νόμων,
2281 4161 2354 4216 ὧν
2423 4159 2516 4215 ἕνα
2555 4161 2643 4216 καὶ
2686 4159 2872 4217 τοῦτον
2938 4159 3119 4239 ἔλεγεν
3171 4159 3314 4216 εἶναι
3372 4160 3462 4216 τὸν
3530 4163 3654 4216 θαυ-

2020 4251 2222 4328 μαστόν
2283 4271 2339 4304 τε
2398 4251 2485 4305 καὶ
2529 4247 2862 4306 δικαιότατον
2897 4265 2910 4279 ·
2965 4249 3022 4314 ’ὃς
3054 4249 3146 4305 καί
3179 4249 3440 4327 τεραστίῳ
3485 4249 3652 4326 τρόπῳ

293 4343 576 4416 leatur,ut
593 4358 729 4418 quae
746 4346 973 4400 tantum
1000 4339 1211 4418 possit,
1240 4346 1532 4415 quantum
1569 4342 1784 4399 natura
1812 4338 1934 4400 im-

2019 4341 2119 4398 τινὶ
2161 4344 2229 4416 τῇ
2273 4336 2521 4396 ἐπιϐᾶσαι
2566 4346 2659 4396 τοῦ
2702 4338 2868 4415 ἀγροῦ
2909 4339 2995 4395 καὶ
3048 4339 3188 4413 μόνη
3220 4335 3358 4392 ἴδιον
3407 4344 3486 4414 τῷ
3530 4339 3649 4415 βου-

294 4413 634 4493 mutabilis.—
650 4433 784 4509 Ipsa
815 4445 958 4506 ergo
990 4413 1138 4487 dura
1169 4413 1229 4487 et
1255 4413 1416 4505 gravi
1468 4426 1672 4501 corde,
1705 4435 1764 4488 et
1792 4428 1936 4508 quid

2019 4413 2230 4505 λομένιρ
2285 4441 2435 4486 ποιεῖ
2491 4429 2583 4485 τὸν
2640 4413 2950 4504 ἀλλότριον.
3027 4425 3248 4489 Τούτοις
3298 4426 3324 4482 ὃ
3383 4413 3476 4484 τοῦ
3532 4413 3649 4484 Θεοῦ

293 4519 662 4600 aliud,quam
689 4517 842 4578 mala
863 4515 1232 4578 mulier?non
1251 4516 1443 4577 solum
1463 4516 1762 4590 nihil,nou
1786 4517 1939 4579 litte-

290 4629 542 4688 ras,non
562 4611 751 4690 ipsam
774 4608 903 4687 ejus
923 4606 1026 4685 qui
1057 4606 1672 4687 scripserat,reverita
1704 4615 1793 4668 est
1813 4627 1937 4670 om-

295 4701 438 4763 nino
464 4699 835 4780 dignitatem:
870 4695 976 4757 sed
1000 4696 1124 4757 visa
1145 4705 1234 4758 est
1257 4713 1526 4776 magnam
1551 4694 1935 4759 acerbitatem

293 4791 491 4853 celare
512 4789 576 4851 in
604 4787 825 4851 animo.
863 4785 1000 4848 Fuit
1022 4785 1181 4848 enim
1201 4785 1314 4847 hoc
1336 4785 1582 4847 evidens
1612 4801 1682 4846 ex
1704 4784 1940 4866 iis,quaa

290 4879 911 4959 rescripsit,maguum
932 4873 1222 4936 Joannem
1257 4892 1472 4937 vocans
1501 4874 1858 4936 insolentem
1881 4879 1940 4935 et

294 4970 512 5048 lingua:
540 4965 1023 5047 intemperantis,
1057 4973 1116 5026 et
1148 4964 1249 5044 qui
1281 4982 1442 5040 eum,
1473 4980 1653 5040 quem
1687 4981 1793 5044 par
1822 4972 1933 5041 est,

294 5060 586 5120 honorem
610 5058 665 5120 ei
695 5055 945 5118 minime
965 5052 1258 5115 tribuit:et
1287 5053 1389 5134 qui
1413 5054 1643 5132 ignorat
1673 5070 1936 5134 eas,qum

291 5158 455 5220 sunt,
484 5148 647 5227 leges
683 5169 697 5204 :
758 5163 826 5207 ex
859 5142 1078 5225 quibus
1107 5141 1347 5204 dicebat
1379 5142 1531 5203 hanc
1565 5159 1740 5202 unam
1799 5160 1934 5205 esse

291 5235 709 5298 admirabilem
741 5241 802 5294 et
832 5232 1008 5310 longe
1033 5230 1452 5310 justissimam,
1481 5247 1610 5310 quae
1641 5227 1934 5308 prodigio-

291 5346 357 5388 so
409 5325 665 5404 quodam
701 5320 878 5383 modo
934 5337 1165 5399 agrum,
1199 5337 1375 5398 quem
1423 5319 1619 5381 solum
1675 5317 1932 5396 ingressi

293 5413 538 5486 fuerint,
572 5413 963 5492 imperatores
995 5425 1130 5470 eum
1165 5407 1438 5487 protinus
1489 5407 1634 5469 facit
1663 5405 1929 5486 illorum,

292 5500 526 5564 etiamsi
582 5502 630 5560 is
692 5498 871 5560 fuerit
928 5497 1278 5577 peregrinus
1334 5506 1393 5560 et
1445 5497 1618 5576 plane
1675 5495 1928 5562 alienus.

2019 4520 2289 4598 ἅνθρωπος
2365 4517 2628 4597 ἓντυχὼν,
2710 4517 2805 4574 οὒκ
2863 4508 3128 4592 ἒμϐλύνθη
3186 4515 3284 4584 τὶν
3345 4518 3644 4595 προθυμίαν,

2021 4609 2188 4671 οὕτως
2243 4609 2304 4662 ὲκ
2372 4611 2468 4674 τῆς
2533 4604 2749 4684 πρώτης
2808 4606 2992 4682 πείρας
3049 4605 3362 4685 ἀποτυχὼν,
3421 4605 3540 4665 οὐδὲ
3595 4609 3648 4662 τὸ

2020 4699 2206 4754 ἑαυτοῦ
2249 4693 2462 4773 πράξειν
2494 4693 2760 4774 ἐνόμισεν,
2812 4694 2847 4761 ἢ
2907 4692 3299 4774 προεφασίσατό
3341 4715 3415 4770 τι,
3465 4695 3648 4774 χρόνον

2022 4787 2076 4844 ἐν
2115 4790 2191 4858 τῷ
2263 4783 2411 4860 μέσῳ
2471 4785 2561 4841 καὶ
2615 4780 2884 4851 ἀναϐολὴν
2943 4781 3162 4856 θέμενος
3218 4781 3380 4860 (ὅπερ
3431 4781 3487 4839 ἐν
3544 4797 3648 4848 τοῖς

2020 4876 2279 4937 τοιούτοις
2335 4877 2503 4948 ἡμεῖς
2562 4874 2873 4950 πάσχομεν,
2911 4873 2946 4938 ἦ
2991 4869 3130 4944 ὄκνῳ
3159 4870 3429 4950 εἴκοντες,
3466 4872 3497 4940 ἢ
3539 4874 3648 4936 τοὺς

2019 4963 2230 5042 καιροὺς
2281 4960 2725 5039 δυσωπούμενοι),
2793 4960 2930 5017 ἀλλὰ
2988 4961 3184 5024 παντὸς
3244 4959 3524 5035 ἀμελήσας
3566 4963 3649 5017 τοῦ

2018 5053 2216 5131 εἴργειν
2263 5055 2422 5110 αὐτοῦ
2463 5051 2560 5118 τὴν
2606 5051 2777 5129 ὁρμὴν
2829 5047 3146 5124 δυναμένου,
3179 5048 3253 5111 ὠς
3283 5048 3346 5104 ἂν
3377 5047 3492 5121 ὅλῳ
3532 5050 3649 5106 ποδί

2018 5143 2240 5218 βοηθεῖν
2285 5139 2503 5220 ἐθέλων,
2547 5140 2637 5196 καὶ
2687 5136 2853 5215 μηδὲν
2902 5136 3139 5217 περιέναι
3196 5139 3385 5213 μικρὸν
3439 5138 3475 5206 ἢ
3518 5138 3646 5217 μέγα

2016 5237 2122 5287 τῶν
2178 5228 2442 5286 ἑλκόντων
2499 5230 2571 5290 εἷς
2629 5226 2804 5300 ἕλεον,
2850 5227 3007 5290 αὐτὸς
3061 5226 3267 5289 ἐκεῖνος
3324 5233 3393 5304 τῇ
3421 5227 3640 5304 βασιλίδι

2015 5319 2288 5398 πρόσεισι,
2333 5320 2422 5375 καὶ
2463 5315 2640 5375 πολλὰ
2684 5317 2846 5373 εἰπὼν
2890 5317 2978 5373 καὶ
3022 5316 3194 5373 πάντα
3228 5316 3369 5374 λίθον
3405 5318 3638 5390 κινήσας,

2017 5407 2130 5465 ἐπεὶ
2187 5408 2384 5474 ταύτην
2469 5405 2607 5487 ἐώρα
2689 5403 2954 5483 μηδαμῶς
3028 5403 3305 5480 εἴκουσαν,
3394 5403 3528 5461 ἀλλὰ
3587 5407 3640 5461 τὸ

2017 5500 2250 5576 πονηρὸν
2294 5495 2434 5571 ἔθος,
2485 5498 2556 5563 ὡς
2607 5494 2822 5576 ἄμαχον
2856 5516 2930 5571 τι,
2965 5491 3427 5574 προϐαλλομένην,
3461 5491 3635 5564 ἰδεήθη
