3954 6146
199 281 376 353 1157

1262 287 1448 353 VITA
1491 290 1550 353 S.
1595 283 1919 356 JOANNIS
1960 288 2530 356 CHRYSOSTOMI.

3428 270 3605 353 1158'

189 421 304 475 καὶ
376 419 670 500 φαρμάκων
750 417 1204 498 δραστικωτέρων.
1272 417 1499 482 Ἀπόδος
1561 423 1673 503 οὖν,
1727 424 1844 505 ἔφη1

1941 425 2078 490 Haec
2103 447 2238 490 cum
2264 427 2505 504 legisset
2545 426 2722 487 homo
2768 421 2897 503 Dei,
2934 439 3052 483 non
3079 423 3190 484 fuit
3210 422 3580 486 retardatum

190 515 278 580 τῇ
345 510 552 586 γοναικὶ
581 511 642 564 τὸ
675 507 835 571 ἴδιον,
883 509 944 566 Τί
987 509 1212 587 γὰρκαὶ
1263 516 1332 584 τῇ
1378 509 1596 588 ’Λχαὲιϐ
1643 515 1854 591 γυναικῖ

190 597 436 671 ὁμοιοῦν
493 597 721 664 σεαυτὴν
805 596 1188 678 ἐσπούδακας,
1248 601 1449 655 τούτων
1510 602 1579 666 ὡς
1630 601 1854 669 ἤκουσεν

196 683 460 761 Εὖδοξία,
519 690 669 760 θυμῷ
745 686 932 760 πολλῷ
1001 686 1097 755 τήν
1176 688 1361 766 ψυχὴν
1417 687 1704 771 ἆνεκαύθη,
1770 696 1856 750 καὶ

191 776 313 832 οἷά
345 799 424 839 τις
468 775 748 849 ἡμιμανὴς
805 777 894 831 καὶ
952 776 1257 855 παράφορος
1303 776 1508 852 ἐθεᾶτο,
1559 781 1724 861 Ἐγὼ,
1758 782 1852 837 λέ-

193 887 409 942 γουσι,
455 865 691 941 τιμωρὸς
740 865 950 940 ἐμαυτῂ
1020 863 1236 939 ἔσομαι,
1278 867 1364 923 καὶ
1409 871 1513 948 οὐχ
1559 869 1725 935 οὕτως
1771 871 1855 927 ἐπὶ

192 953 356 1010 πολὺ
418 953 667 1027 ἀνέξομαι
737 955 874 1010 κατᾶ
937 953 1062 1028 μίαν
1107 960 1213 1009 τῶν
1249 953 1454 1030 ἀτίμων
1507 956 1849 1036 ὑϐριζομένη.

193 1048 294 1118 Τῇ
353 1044 504 1123 χήρᾳ
547 1041 602 1098 δί
647 1046 752 1122 οὔχ
812 1042 961 1106 ὅπως
1020 1044 1046 1098 ὃ
1078 1041 1360 1118 ἀμπελὼν,
1395 1043 1518 1102 ἀλλ’
1546 1047 1662 1106 οὐδὲ
1691 1055 1852 1124 τιμῆς

1938 520 2060 591 ι’]ῠὸ
2088 529 2418 593 promptum
2443 520 2621 576 animi
2650 517 2928 582 studium,
2954 530 3084 574 cum
3111 515 3301 573 statim
3326 517 3582 587 primum

1937 603 2090 666 facto
2125 605 2392 685 periculo
2447 623 2566 665 non
2599 611 2756 665 esset
2797 608 3106 663 assecutus
3140 617 3152 659 :
3197 617 3392 680 neque
3425 600 3582 680 quod

1938 709 2110 755 suum
2146 703 2297 774 erat,
2332 713 2363 754 a
2397 711 2460 756 se
2496 712 2612 754 non
2644 710 2778 754 esse
2811 691 3047 752 censuit
3077 687 3446 766 faciendum,
3481 695 3584 752 aut

1939 781 2194 863 aliquam
2228 783 2424 845 attulit
2447 782 2920 854 excusationem,
2956 779 3275 858 interjecto
3311 785 3584 858 tempore

1938 874 2134 946 aliquo
2161 885 2212 932 et
2234 875 2603 941 dilatione,ut
2623 875 2677 930 in
2701 874 2874 930 rebus
2899 870 3232 943 bujusmodi
3257 869 3403 927 solet
3428 869 3582 927 mul-

1939 961 2020 1021 tis
2051 959 2316 1040 evenire,
2344 960 2486 1022 dum
2512 968 2612 1021 aut
2645 958 2864 1020 cedunt
2894 955 3252 1029 dubitantes,
3290 961 3390 1027 aut
3425 961 3580 1016 tem-

1938 1069 2077 1126 pora
2104 1053 2508 1112 reformidant:
2536 1053 2637 1110 sed
2665 1051 2810 1110 nihil
2839 1050 3056 1107 faciens
3079 1047 3361 1120 quidquid
3387 1055 3586 1118 posset

195 1131 383 1209 χάριν
438 1131 571 1209 ὑπὲρ
649 1134 807 1189 αὖτοῦ
881 1153 931 1186 τι
989 1128 1479 1201 καταϐληθήσεται.
1541 1134 1692 1193 Ούτω
1748 1145 1844 1194 τῶν

1935 1155 2144 1200 arcere
2169 1139 2298 1218 ejus
2318 1137 2816 1220 impetum,utqtti
2843 1142 3083 1216 paratus
3104 1140 3261 1195 esset
3287 1139 3413 1196 toto
3432 1132 3584 1212 pede

195 1221 504 1296 βασιλείων
556 1222 583 1276 ὁ
639 1220 806 1298 μέγας
853 1218 1180 1295 ἐπανελθὼν,
1229 1234 1345 1284 τοῖς
1391 1230 1484 1280 τοῦ
1524 1226 1665 1294 ἱεροῦ
1694 1230 1844 1305 θυρω-

1937 1229 2317 1302 currere,llle
2345 1218 2472 1308 ipse
2492 1227 2723 1290 accedit
2749 1226 2820 1288 ad
2846 1224 3316 1306 imperatricom:
3351 1229 3411 1284 et
3446 1240 3582 1284 cum

197 1322 336 1415 ρρϊς
400 1309 674 1366 ἐπιτάττει
724 1308 1137 1388 παραγενομένῃ
1186 1315 1253 1386 τῇ
1289 1309 1499 1386 Εὖδοξίᾳ
1531 1313 1844 1392 ἐπιζυγῶσαι

1940 1318 2126 1415 multa
2155 1317 2425 1391 dixisset,
2455 1327 2513 1378 et
2539 1335 2778 1379 omnem
2815 1313 3093 1414 lapidem,
3127 1321 3191 1415 ut
3222 1315 3410 1388 aiunt,
3451 1330 3584 1372 mo-

199 1398 311 1462 τὰς
357 1401 542 1478 θύρας,
587 1399 675 1455 καὶ
738 1398 812 1474 μὲι
881 1399 1087 1478 ἐφεῖναι
1145 1399 1206 1454 τὸ
1267 1401 1517 1478 παράπαν
1573 1405 1704 1480 αὐτῇ
1757 1407 1844 1472 τὴν

1937 1406 2280 1484 visset,eam
2305 1414 2499 1469 autem
2527 1405 2773 1467 vidisset
2806 1401 3051 1463 minime
3075 1400 3432 1472 cedere,sed
3467 1401 3586 1461 im-

198 1487 456 1548 εἴσοδον.

1941 1496 2187 1577 probam
2211 1498 2364 1558 hanc
2380 1493 3193 1570 consuetudinem,tanquam
3219 1490 3586 1571 inexpugna-

195 1577 491 1684 bilem-ret
513 1577 882 1684 imnmo‘bilem
903 1577 1165 1682 aliquam
1183 1580 1697 1684 .l‘egempro-ferre,
1719 1605 1874 1684 _opus
1897 1587 2074 1652 habet
2097 1590 2428 1652 austeriore
2453 1587 2902 1684 medicamento.
2920 1589 3160 1684 propter
3183 1582 3375 1684 morbi
3398 1600 3585 1663 repu-

197 1670 545 1750 gnantiam.
579 1669 788 1734 Redde
836 1689 999 1750 ergo,
1033 1671 1245 1752 inquit,
1282 1673 1546 1751 mulieri,
1581 1677 1734 1758 quod
1767 1697 1938 1742 suum
1966 1687 2073 1739 est.
2109 1679 2261 1752 Quid
2311 1678 2471 1740 enim
2506 1685 2560 1739 te
2596 1675 2765 1737 uxori
2796 1673 3000 1737 Achab
3026 1671 3305 1735 studuisti
3337 1689 3585 1752 compa-

196 1779 351 1861 rare
377 1760 496 1861 3U
545 1759 1593 1861 Haecpostquam‘aud‘ivitEudoxia,
1629 1765 1716 1861 ira
1763 1784 1974 1848 magna
2001 1769 2270 1842 incensa,
2307 1766 2502 1844 ignem
2536 1763 2839 1861 spirabat:
2876 1771 2932 1823 et
2961 1761 3145 1861 veluti
3171 1763 3326 1861 semi
3374 1761 3588 1823 insana

197 1857 266 1952 et
305 1857 522 1952 emota;
556 1850 802 1952 mentis,
833 1866 908 1910 ne
958 1856 1185 1952 poterat
1214 1850 1455 1931 quidem
1490 1857 1732 1952 omnino
1753 1859 2057 1952 contineri
2089 1878 2102 1923 :
2137 1857 2244 1920 sed
2277 1855 2576 1918 clamabat
2602 1861 2661 1915 et
2682 1853 2930 1952 domum
2985 1850 3270 1952 implebat
3301 1851 3585 1913 vocifera-

197 1937 408 2040 tione,
441 1939 650 2040 dicens
688 1960 700 1997 :
757 1937 879 2018 Ego
916 1956 1012 2040 me
1044 1938 1319 2040 ulciscar,
1354 1959 1466 2040 nec
1512 1943 1614 2004 diu
1648 1945 1860 2025 patiar,
1895 1971 1991 2014 me
2027 1959 2304 2027 tanquam
2366 1945 2647 2006 infamem
2677 1943 2956 2004 feminam
2989 1941 3143 2002 afﬁci
3195 1940 3578 2002 contumelia.

201 2027 426 2120 Vidua;
455 2037 652 2090 autem
685 2047 804 2090 non
853 2027 1029 2090 modo
1061 2029 1254 2120 vinea,
1285 2030 1391 2091 sed
1441 2051 1550 2094 nec
1582 2053 1688 2114 pro
1721 2040 1912 2114 pretio
1949 2041 2193 2120 quidem
2227 2036 2283 2099 ei
2336 2033 2658 2117 quidquam
2695 2033 2944 2094 omnino
2996 2032 3286 2092 solvetur.
3322 2029 3421 2093 Sic
3465 2046 3586 2091 ma-

201 2136 369 2197 gnus
399 2118 658 2181 Joannes
687 2135 970 2180 reversus
990 2137 1023 2179 θ
1050 2118 1233 2197 regia,
1270 2121 1550 2200 praecepit
1581 2125 1787 2204 templi
1810 2117 2262 2206 janitoribus,ut
2285 2126 2334 2188 si
2367 2127 2719 2187 accessisset
2742 2121 3090 2196 Eudoxia,ei
3118 2120 3273 2182 fores
3306 2117 3576 2200 protinus

200 2207 589 2284 obserarent,
631 2226 823 2290 neque
855 2225 984 2270 eam
1017 2207 1246 2287 ingredi
1281 2209 1572 2274 sinerent.

297 2302 434 2366 MB'.
499 2304 684 2383 Βραχῦ
740 2306 800 2359 τὸ
860 2304 911 2358 ἐν
973 2303 1145 2378 μέσῳ,
1183 2304 1273 2358 καὶ
1315 2305 1472 2381 ἑορτὴ
1513 2312 1712 2386 παρῆν,
1746 2312 1842 2364 καθ

2024 2309 2421 2373 XLII.Parum
2446 2304 2735 2382 temporis
2765 2303 3196 2379 intercessit,et
3227 2300 3432 2362 aderat
3453 2300 3582 2362 dies

200 2393 277 2460 ἢν
325 2395 385 2449 τὸ
441 2400 535 2450 τοῦ
587 2394 725 2449 θείου
786 2391 1010 2470 σταυροῦ
1069 2390 1220 2456 ξύλον
1262 2394 1538 2466 ὑψοῦνται,
1573 2398 1632 2453 '0
1684 2396 1844 2452 τοίνυν

1934 2404 2140 2473 festus,
2173 2419 2288 2475 quo
2325 2401 2535 2459 divinae
2578 2398 2768 2456 crucis
2795 2398 3015 2468 lignum
3039 2397 3097 2452 in
3132 2396 3312 2454 altum
3335 2393 3578 2454 tollitur.

200 2481 356 2548 ἅπας
413 2481 540 2546 λαὸς
583 2482 655 2543 εἷς
715 2482 806 2537 τὸν
864 2482 990 2536 ναὸν
1048 2479 1319 2558 συνέῤῥεον
1387 2482 1569 2560 γένους
1626 2487 1844 2565 παντὸς,

1935 2487 2252 2546 Universae
2274 2488 2467 2556 itaque
2492 2481 2742 2554 pepulus
2763 2480 3159 2565 conﬂuebatin
3179 2478 3580 2550 templum,ne-

197 2570 298 2626 καὶ
354 2569 566 2637 ἡλικίας
613 2569 814 2642 πάσης,
869 2566 1138 2643 μηδεμιᾶς
1196 2569 1656 2646 ἀπολειπομένης.
1722 2573 1850 2631 Οὒδὲ

195 2660 311 2735 γὰρ
371 2657 544 2726 μόνην
574 2662 736 2738 εἶχον
781 2658 876 2726 τὴν
909 2659 1096 2732 ἑορτὴν
1128 2664 1226 2726 τῆς
1259 2662 1545 2736 παρουσίας
1578 2663 1846 2736 ὑπόθεσιν,

198 2745 354 2801 ἀλλὰ
402 2749 488 2802 καὶ
533 2746 721 2822 πολλῷ
770 2747 977 2823 μᾶλλον
1031 2750 1129 2818 τὴν
1164 2749 1261 2817 τῆς
1305 2750 1556 2806 Ἰωάννου
1601 2752 1848 2828 γλώττης

197 2833 492 2912 ἀκρόασιν,
527 2841 667 2892 Πᾶσι
731 2837 829 2914 γὰρ
881 2835 1052 2914 ἔρωτα
1095 2842 1334 2895 τοιόῦτον
1367 2836 1524 2905 ἐνῆκε
1554 2845 1658 2895 τῶν
1692 2838 1849 2896 αὖτοῦ

196 2922 412 3002 λόγων,
474 2925 547 2988 ὡς
606 2931 796 3004 μικροῦ
852 2923 1282 3004 δημηγοροῦντος
1353 2925 1611 2990 πολλάκις
1672 2927 1846 2990 ἔνθους

198 3012 444 3089 γίνεσθαι
503 3013 623 3076 τοὺς
697 3013 980 3091 ἀκροατὰς,
1070 3016 1156 3070 καὶ
1216 3014 1396 3092 ὥσπερ
1474 3015 1690 3094 ἐξῆρθαι
1748 3022 1847 3084 τῆς

202 3102 372 3158 αὐτοῦ
427 3099 695 3180 γλώττης,
759 3103 846 3158 καὶ
907 3105 1212 3181 αἰωρεῖσθαι
1285 3105 1490 3168 τούτοις
1549 3107 1686 3182 μετὰ
1742 3113 1851 3164 τῶν

203 3193 408 3268 ψυχῶν
454 3192 540 3247 καὶ
575 3191 639 3246 τὰ
683 3190 933 3266 σώματα,
996 3192 1208 3248 ἀκούειν
1257 3214 1316 3249 τε
1346 3195 1412 3249 τὰ
1441 3193 1604 3274 χείλη
1637 3195 1848 3251 κινοῦν-

205 3300 328 3351 τος,
380 3277 484 3358 οὐχ
527 3277 707 3358 ὥσπερ
749 3277 1026 3357 λέγοντος,
1061 3280 1198 3337 ἀλλὰ
1246 3281 1458 3359 ῥέοντος
1516 3283 1745 3359 πότιμόν
1799 3306 1849 3340 τι

203 3365 308 3423 καΐ
370 3366 693 3446 νεκταρῶδες
749 3369 837 3424 καὶ
893 3367 1104 3431 διειδὲς.
1139 3371 1314 3446 Ταύτῃ
1347 3393 1428 3427 τοι
1487 3373 1573 3428 καὶ
1619 3371 1852 3440 σπουδὴν

205 3453 428 3511 ἅπασαν
488 3457 703 3534 εἰσῆγον
763 3459 842 3532 μὴ
900 3456 1288 3532 ἆπολειφθῆναι
1347 3459 1444 3526 τῆς
1521 3459 1849 3539 ἀκροάσεως,

201 3545 294 3600 καὶ
343 3545 475 3603 αὒτὰ
518 3543 571 3600 δὲ
625 3546 689 3602 τὰ
745 3546 962 3623 ῥήματα
1012 3547 1089 3622 μὴ
1135 3545 1315 3612 ἁπλῶς
1349 3547 1582 3624 ἀκούειν,
1616 3547 1751 3604 ἀλλὰ
1786 3548 1848 3605 δι’

1934 2587 2047 2644 que
2062 2573 2245 2630 ullum
2264 2586 2448 2644 genus
2466 2579 2562 2627 aut
2579 2568 2693 2625 ulla
2709 2575 2844 2625 aatas
2865 2563 3276 2637 aberat.Neque
3293 2565 3441 2623 enim
3458 2565 3579 2622 dies

1936 2657 2120 2719 festus
2140 2658 2333 2720 solum
2359 2656 2448 2718 eis
2471 2672 2648 2716 causa
2669 2660 2892 2726 erat,ut
2914 2649 3191 2712 venirent
3222 2667 3235 2712 :
3262 2650 3367 2711 sed
3397 2649 3583 2712 multo

1939 2747 2126 2825 magis
2148 2746 2364 2824 linguae
2381 2746 2629 2806 Joannis
2652 2737 3205 2803 auditio.0mnibus
3228 2739 3389 2801 enim
3414 2739 3576 2818 inje-

1934 2849 2093 2898 cerat
2113 2844 2229 2896 tam
2264 2835 2587 2895 vehemens
2610 2829 3044 2893 audiendarum
3077 2833 3412 2889 orationum
3439 2846 3579 2890 sua-

1931 2943 2062 2986 rum
2082 2923 2540 2997 desiderium,ut
2557 2939 2717 3001 saepe
2735 2937 2870 2981 cum
2887 2917 3582 2993 concionaretur,essent

1933 3014 2106 3075 aDeo
2133 3013 2312 3075 aﬂlati
2338 3012 2666 3086 auditores,
2707 3009 2856 3072 etab
2892 3009 3021 3088 ejus
3053 3007 3252 3086 lingua
3284 3006 3580 3088 quodam-

1935 3105 2114 3166 modo
2151 3101 2726 3184 penderent,eisque
2754 3099 2813 3159 in
2846 3096 3103 3159 sublime
3135 3096 3487 3158 tollerentur
3503 3096 3581 3156 si-

1936 3193 2058 3254 mul
2092 3193 2307 3255 anima:
2338 3201 2394 3254 et
2416 3208 2691 3272 corpora,
2723 3189 2975 3268 ejusque
3007 3187 3385 3248 attenderent
3414 3185 3580 3248 labra

1937 3301 2069 3360 quae
2093 3281 2504 3354 movebantur,
2529 3297 2645 3340 non
2675 3286 2954 3357 tanquam
2981 3274 3374 3350 dicentis,sed
3398 3274 3577 3336 emit-

1938 3376 2106 3433 tentis
2131 3375 2269 3446 quid
2297 3374 2672 3444 poculentum
2714 3378 3171 3439 nectareumque
3191 3375 3242 3423 et
3274 3367 3581 3438 perspicu-

1937 3459 2134 3516 um.Ea
2159 3460 2226 3516 de
2247 3473 2415 3516 causa
2443 3457 2635 3515 studio
2652 3463 2773 3513 erat
2791 3453 3166 3516 omnibus,ne
3186 3453 3408 3509 abesset
3425 3454 3580 3523 quis-

1935 3562 2110 3626 quam
2135 3542 2208 3605 ab
2232 3542 2684 3616 auscultatione,
2719 3538 3049 3619 quinetiam
3085 3545 3148 3598 ut
3183 3537 3309 3616 ipsa
3339 3554 3578 3617 quoque

204 3631 518 3713 ὀξυγράφων
577 3632 1037 3712 παραλαμϐάνειν,
1081 3637 1168 3692 καὶ
1221 3637 1294 3699 ὡς
1352 3639 1644 3715 θησαυροὺς
1706 3638 1844 3694 ἀπο-

1934 3637 2113 3699 verba
2137 3655 2255 3698 non
2277 3635 2462 3698 semel
2486 3633 2691 3696 audita
2721 3632 3118 3710 negligerent,
3139 3630 3242 3690 sed
3268 3630 3434 3691 omni
3456 3638 3577 3690 stu-

201 3725 460 3782 τίθεσθαι.
521 3723 616 3786 Ὠς
663 3727 751 3780 οὖν
801 3724 939 3781 οὕτω
982 3732 1167 3797 ταῦτα,
1216 3727 1305 3782 καὶ
1355 3728 1389 3794 ἡ
1443 3725 1652 3803 βασιλὶς
1711 3729 1848 3802 μετὰ

199 3811 425 3867 πάντων
483 3813 686 3891 ἐφοίτα,
747 3812 957 3880 πολλῆς
1018 3817 1134 3889 περὶ
1166 3817 1330 3880 αὒτὴν
1365 3813 1528 3882 ούσης
1560 3821 1660 3882 τῆς
1690 3819 1846 3892 θερα-

200 3901 362 3963 πείας
417 3902 503 3957 καὶ
561 3907 661 3969 τῆς
742 3901 1028 3979 βασιλικῆς
1085 3903 1371 3966 κολακείας
1442 3905 1530 3961 καὶ
1580 3906 1844 3984 θρύψεως,

198 3990 247 4045 οἱ
301 3990 530 4068 θυρωροὶ
587 3993 754 4067 θυρῶν
802 3990 1048 4070 εἴχοντο,
1102 3994 1189 4048 καὶ
1221 3991 1350 4072 ὅπερ
1380 3995 1446 4061 ἦν
1479 3992 1666 4058 αῦτοτς
1725 3992 1849 4050 ἐπι-

200 4077 541 4156 τεταγμένον
597 4078 830 4138 ἐποίουν.
885 4078 1005 4158 Ἐφ⁹
1055 4083 1100 4154 ᾦ
1131 4081 1196 4137 τὰ
1226 4081 1453 4159 μέγιστα
1487 4081 1847 4161 χαλεπήνασα

206 4165 430 4232 Εὗδοξία
463 4174 566 4248 πῦρ
597 4167 765 4244 ἔπνει,
799 4169 887 4224 καὶ
916 4166 1085 4225 δεινὸν
1132 4167 1282 4244 ἐϐόα,
1343 4171 1432 4226 καὶ
1476 4172 1566 4227 τὸν
1611 4172 1847 4250 παρόντα

207 4254 385 4333 δῆμον
436 4257 704 4337 μάρτυρας
766 4256 946 4315 ἐκάλει
996 4263 1094 4324 τῆς
1149 4257 1367 4331 ὕϐρεως.
1409 4263 1543 4316 Εἶτα
1574 4261 1660 4316 καὶ
1717 4261 1848 4340 πρὸς

205 4347 326 4422 βίαν
386 4352 492 4401 τῶν
543 4348 708 4425 θυρῶν
769 4346 1109 4427 ὠθουμένων,
1176 4347 1261 4412 εἷς
1331 4353 1435 4404 τῶν
1493 4349 1847 4428 παρεστώτων

207 4435 269 4492 τὸ
333 4434 478 4514 ξίφος
559 4435 996 4512 ἐπισπασάμενος
1053 4437 1191 4494 κατᾶ
1235 4441 1334 4504 τῆς
1407 4441 1550 4516 ἱερᾶς
1619 4439 1848 4495 ἀνέτεινε

210 4524 412 4592 πύλης.
488 4523 639 4582 Ἀλλ’
711 4525 845 4606 ἔσχε
899 4527 1001 4593 τὴν
1057 4526 1199 4583 θείαν
1259 4525 1409 4594 δίκην
1470 4526 1528 4583 οὒ
1572 4526 1847 4608 σχολαίως

209 4616 511 4696 επομένην,
543 4614 681 4671 ἀλλὰ
719 4616 857 4672 κατὰ
912 4615 1082 4678 πόδας
1117 4616 1273 4674 αὐτὸν
1308 4623 1618 4692 μετιοῦσαν,
1679 4616 1850 4694 ’¹Αμα

213 4704 313 4783 γὰρ
355 4705 424 4770 ἦν
466 4706 528 4762 τὺ
572 4703 718 4784 ξίφος
773 4705 976 4784 ἠρκὼς,
1039 4705 1127 4762 καὶ
1153 4707 1188 4774 ἡ
1225 4706 1495 4785 προπεττὶς
1531 4707 1675 4773 εὖθὺς
1711 4706 1850 4772 δεξιᾶ

216 4791 349 4873 ξηρὰ
393 4795 480 4851 καὶ
522 4794 686 4875 ἀργὸς
745 4792 1032 4876 ἐδείκνυτο,
1094 4797 1166 4859 ὡς
1227 4796 1391 4866 αὒτήν
1455 4817 1514 4852 τε
1577 4795 1846 4872 Εὖδοξίαν,

215 4885 303 4939 καὶ
363 4883 476 4940 ὃσοῖ
544 4885 662 4963 περὶ
722 4885 889 4952 αὒτὴν
949 4884 1109 4957 ἦσαν,
1185 4883 1544 4961 θεασαμένους
1601 4884 1847 4961 δείματος

216 4967 389 5032 δεινοῦ
431 4972 805 5051 πληρωθῆναι.
856 4973 922 5032 Τὸ
966 4975 1065 5052 γὰρ
1099 4975 1201 5031 ὑπὸ
1248 4981 1340 5031 τοῦ
1390 4974 1629 5053 μεγάλου
1658 4973 1845 5030 διατα-

213 5060 305 5140 γὲν
362 5061 467 5143 οὔχ
517 5061 701 5128 ἁπλῶς
751 5063 840 5138 ἧν,
889 5059 1005 5120 οῦδέ
1057 5084 1104 5118 τι
1157 5063 1286 5144 εἶχε
1331 5066 1434 5120 τῶν
1479 5054 1845 5143 ἀνθρωπίνων,

214 5149 349 5207 ἀλλὰ
404 5152 540 5209 κατᾶ
619 5156 763 5208 θεῖον
849 5152 1061 5232 δπῆρχε
1130 5151 1317 5232 ζῆλον,
1378 5156 1452 5216 εἷς
1509 5151 1661 5219 δόξαν
1714 5161 1843 5213 Θεοῦ

214 5240 493 5315 γινόμενον
524 5259 538 5274 ⁶
593 5242 627 5308 ἡ
688 5237 742 5296 δὲ
802 5241 964 5314 αἰτία,
1013 5248 1105 5296 τοῦ
1149 5243 1228 5316 μὴ
1274 5245 1720 5320 καταφρονεῖσθαι
1777 5244 1842 5299 τὰ

212 5325 352 5406 ἱερᾶς
411 5327 546 5405 μηδὲ
610 5329 888 5406 βάπτισμα
942 5328 1085 5386 οὕτω
1139 5335 1356 5386 κεῖσθαι
1401 5344 1519 5394 τοῖς
1585 5331 1839 5398 ἀναξίοις,

1931 3727 2029 3788 dio
2047 3745 2114 3788 ea
2133 3745 2240 3806 per
2253 3726 2488 3788 veloces
2507 3722 2831 3803 scriptores
2844 3721 3281 3801 exciperent,et
3297 3728 3571 3800 tanquam

1933 3816 2278 3877 thesaurum
2305 3810 2843 3893 reponerent.Cum
2870 3829 3012 3889 ergo
3035 3810 3168 3871 haec
3195 3815 3272 3869 ita
3295 3826 3358 3870 se
3386 3809 3575 3871 habe-

1931 3917 2144 3972 rent,et
2170 3906 2512 3978 imperatrix
2529 3905 2748 3961 veniret
2765 3916 2899 3959 cum
2922 3900 3194 3958 omnibus
3217 3914 3348 3958 cum
3369 3915 3578 3971 magno

1933 3993 2221 4055 comitatu
2248 3999 2307 4052 et
2327 4009 2460 4052 cum
2486 3990 2635 4051 fastu
2660 3989 2848 4068 regio,
2866 3987 3161 4066 janitores
3191 3993 3487 4048 steterunt
3515 3985 3578 4046 in

1933 4080 2184 4156 foribus,
2217 4089 2275 4141 et
2294 4079 2564 4141 fecerunt
2588 4078 2646 4139 id
2670 4076 2828 4159 quod
2853 4077 2941 4137 eis
2963 4075 3155 4137 fuerat
3193 4075 3574 4155 imperatum.

1935 4169 2104 4244 Quod
2139 4169 2382 4247 quidem
2417 4169 2618 4231 ferens
2663 4165 2973 4246 aegerrime
3027 4164 3314 4240 Eudoxia,
3355 4164 3576 4226 coelum

1935 4271 2109 4324 terraz
2141 4259 2450 4335 miscebat,
2486 4268 2541 4320 et
2573 4258 2744 4320 valde
2790 4257 3254 4330 vociferabatur,
3289 4264 3348 4317 et
3381 4273 3575 4336 popu-

1935 4351 2080 4426 lum,
2116 4349 2220 4430 qui
2251 4347 2735 4424 aderat,vocabat
2765 4347 2827 4408 in
2857 4345 3364 4420 testimonium,ut
3393 4361 3575 4404 cons-

1933 4443 2056 4503 cios
2085 4439 2140 4501 ei
2172 4439 2340 4500 facta;
2375 4439 2629 4519 injuriae.
2669 4437 2896 4500 Deinde
2930 4436 3105 4497 etiam
3145 4451 3277 4496 cum
3332 4433 3493 4494 fores
3522 4437 3577 4492 vi

1930 4529 2341 4606 truderentur,
2379 4527 2616 4610 quidam
2654 4546 2722 4589 ex
2747 4527 2844 4606 iis,
2880 4526 2978 4606 qui
3011 4524 3264 4585 aderant
3292 4521 3578 4584 audacius

1935 4618 2173 4701 aliquod
2193 4618 2407 4680 factum
2432 4617 2638 4678 volens
2663 4614 3283 4689 ostendere,strictum
3309 4611 3575 4701 gladium

1934 4697 2193 4771 intendit
2217 4707 2279 4767 in
2306 4723 2540 4768 sacram
2568 4705 2725 4766 illam
2750 4701 3224 4784 portam.Divina
3247 4709 3446 4764 autem
3468 4697 3577 4762 fuit

1935 4804 2253 4860 consecuta
2269 4795 2529 4876 justitia,
2566 4811 2682 4856 non
2716 4801 2782 4854 ut
2811 4811 2966 4872 saape
2998 4792 3150 4856 solet
3181 4792 3339 4852 lento
3372 4807 3570 4871 passu,

1936 4887 2038 4949 sed
2071 4885 2537 4964 evestigio.Nam
2575 4901 2708 4946 cum
2743 4883 2845 4943 ille
2877 4901 3079 4944 ensem
3108 4878 3470 4960 sustulisset,
3486 4879 3573 4939 si-
3647 4881 3650 4884 ’

1935 4976 2058 5037 mul
2082 4993 2318 5056 quoque
2353 4973 2671 5036 temeraria
2702 4972 2944 5034 dextera
2968 4970 3218 5046 exaruit,
3255 4977 3316 5030 et
3348 4968 3574 5032 exstitit

1933 5065 2140 5127 otiosa.
2190 5067 2401 5125 Terret
2455 5061 2806 5124 miraculum
2841 5059 3197 5122 Eudoxiam.
3233 5057 3572 5131 Quinetiam

1930 5155 2274 5237 quicunque
2293 5171 2420 5214 eam
2441 5149 2960 5213 circumsistebant
2983 5168 3194 5228 magno
3209 5148 3423 5210 timore
3436 5155 3575 5208 sunt

1928 5244 2148 5307 affecti.
2184 5241 2352 5315 Quod
2388 5242 2546 5303 enim
2579 5259 2612 5302 a
2643 5241 2848 5302 divina
2879 5239 3082 5316 lingua
3107 5237 3353 5301 Joannis
3381 5237 3572 5300 fuerat

1928 5334 2438 5414 imperatum,non
2463 5339 2692 5392 temere
2710 5329 2928 5390 factum
2956 5337 3312 5410 erat,neque
3337 5327 3566 5410 depen-

212 5423 328 5483 Πῶς
375 5419 474 5499 γὰρ
517 5417 580 5474 ἃν
623 5417 800 5482 εἴποις
844 5417 1013 5493 ἀξίαν,
1059 5419 1157 5486 τὴν
1226 5421 1472 5500 χρήμασι
1515 5422 1606 5478 καὶ
1664 5422 1837 5501 ἆρποο

1934 5423 2103 5486 debat
2132 5421 2206 5482 ab
2237 5421 2438 5501 aliqua
2469 5427 2669 5482 mente
2721 5420 2984 5481 humana
3021 5435 3034 5477 :
3071 5417 3180 5479 sed
3211 5417 3410 5478 divino
3443 5415 3572 5479 zelo

287 5593 350 5643 54
379 5589 456 5655 ΙΙΙ
485 5589 632 5670 Reg.
665 5591 742 5654 32
773 5607 945 5674 seqq.
