3954 6146
225 235 379 302 1161

1266 237 1454 304 VITA
1500 239 1561 301 S.
1606 231 1937 300 JOANNIS
1995 228 2560 298 CHRYSOSTOMI.

3455 231 3609 296 1162

214 397 408 448 πεται,
442 375 539 432 καί
591 365 770 455 Ὀρᾷς,
821 376 1002 450 εἴπεν,
1039 377 1084 433 ὦ
1125 391 1314 456 πάτερ,
1349 377 1420 438 ὡς
1479 375 1544 432 τὰ
1605 365 1775 449 Ῥωμα

2057 371 2182 432 'sito
2207 371 2408 433 statim
2433 368 3250 452 Epiphanio,Vides,inquit,o
3279 377 3618 452 pater,que-

215 461 437 520 ἅπαντα
490 469 558 540 τῇ
605 462 712 539 ἐμῇ
763 462 1083 520 δεδούλωται
1142 461 1366 535 ἐξουσίᾳ.
1404 463 1552 520 Ἐπεὶ
1599 460 1653 517 δὲ
1700 461 1883 517 Ἰωάνε-

214 573 322 621 νης
366 552 519 616 οὗτος
585 551 705 625 ἐμοί
760 575 817 610 τε
892 551 1124 628 μάλιστα
1183 551 1254 607 δι’
1324 550 1520 630 ἔχθρας
1591 551 1702 608 ἐστὶ
1753 549 1889 606 πάνυ

213 663 329 714 μου
401 639 960 718 καταλαζονευόμενος
1033 643 1120 698 καὶ
1192 640 1258 698 τά
1329 641 1535 722 ἔσχατα
1607 642 1679 705 εἷς
1742 641 1884 713 ἡμᾶς

211 728 519 806 ἓξυϐρίξων,
555 730 769 810 λέγεται
821 729 876 787 δέ
907 753 1024 787 τινα
1081 732 1169 787 καὶ
1215 727 1366 795 δόξαν
1422 727 1752 800 πρεσϐεύειν,
1785 731 1885 794 τῆς

212 817 551 888 Ἐκκλησίας
603 819 935 900 ἂπᾴδουσαν,
968 821 1051 878 σοὶ
1081 826 1186 876 τῶν
1244 818 1545 886 ἐκκλησιῶν
1574 820 1758 874 πασῶν
1790 817 1887 884 τὴν

221 907 411 988 ἀρχὴν
455 909 564 987 ἐγὼ
594 907 804 986 δίδωμι,
839 911 926 966 καὶ
983 907 1114 975 ἆξιὼ
1146 908 1358 966 σύνοδον
1408 906 1525 964 κατ’
1572 910 1730 966 αὐτοῦ
1758 929 1884 962 συν-

214 1010 467 1076 αγεϊραι,
499 997 599 1055 καί
649 999 748 1055 τοῦ
785 999 995 1077 θρόνου,
1040 999 1278 1076 καθάπερ
1308 997 1417 1054 ἐστὶ
1474 994 1695 1071 δίκαιον,
1732 997 1887 1054 αὐτὸν

218 1087 500 1151 καθελεῖν.
552 1089 729 1149 Ταῦτά
779 1110 838 1145 τε
887 1087 1038 1168 ἔλεγε
1080 1091 1214 1167 πρὸς
1267 1088 1448 1160 αὐτὸν,
1483 1087 1571 1143 καὶ
1604 1087 1747 1164 σαφῆ
1797 1092 1889 1141 τοῦ

215 1178 390 1252 θυμοῦ
415 1177 479 1234 τὰ
537 1175 675 1257 ἴχνη
728 1178 866 1234 κατὰ
921 1182 1018 1244 τῆς
1069 1177 1245 1253 ὄψεως
1303 1173 1596 1251 ὓπεδείκνυ,
1645 1173 1784 1243 δήλη
1827 1195 1884 1229 τε

215 1266 296 1334 ἦν
352 1265 521 1324 δεινόν
570 1290 620 1325 τι
680 1269 767 1324 καὶ
803 1266 1072 1324 ἄπαυστον
1111 1266 1246 1323 κατὰ
1291 1273 1384 1322 τοῦ
1436 1264 1600 1345 σοφοῦ
1658 1265 1882 1336 πέουσα,

219 1358 318 1413 καὶ
349 1356 444 1414 οὐκ
488 1355 550 1412 ἂν
595 1358 849 1435 πρότερον
900 1356 1133 1413 σϐέσασα
1196 1357 1313 1418 τοὺς
1359 1356 1577 1431 θυμοὺς,
1612 1356 1657 1411 εἷ
1688 1354 1762 1430 μὴ
1820 1355 1884 1414 τὰ

219 1446 317 1502 ἐπὶ
372 1453 494 1504 νοῦν
531 1450 664 1522 αὐτῇ
725 1447 857 1524 πρὸς
904 1446 1068 1525 πέρας
1124 1445 1342 1524 ἀγάγοι,
1405 1445 1614 1502 Τούτων
1658 1445 1886 1505 ἀκούσας

221 1535 254 1591 ὅ
322 1537 626 1610 θαυμαστὸς
658 1533 971 1612 Ἐπιφάνιος
1015 1535 1194 1614 πράως
1225 1534 1401 1595 εἶπενέ
1453 1525 1511 1588 Ὠ
1543 1533 1751 1607 τέκνον,
1783 1556 1888 1589 των

219 1623 355 1704 παρ’
415 1627 572 1701 ἡμῶν
601 1625 781 1682 ἄκουε.
843 1627 898 1682 Εἰ
935 1625 1034 1700 μὲν
1081 1623 1287 1700 αἵρεσίς
1336 1645 1414 1685 τις
1466 1621 1708 1680 Ἰωάννου
1751 1645 1887 1678 κατ-

223 1728 523 1794 ηγοροῖτα,
559 1718 653 1771 καὶ
703 1716 778 1790 μὴ
811 1715 974 1790 παρίῃ
1018 1713 1370 1789 καλούμενος,
1403 1713 1438 1781 ἢ
1497 1715 1722 1789 καθαρὸν
1751 1713 1884 1768 ταύ-

220 1825 330 1870 της
402 1804 591 1860 ἑαυτὸν
653 1802 964 1884 ἀπεδεὲξων,
1023 1804 1060 1872 τὶ
1125 1804 1376 1878 μετανοίᾳ
1418 1801 1714 1881 διορθώσων
1784 1803 1882 1868 τὴν

221 1893 478 1972 ἄγνοιαν,
523 1893 732 1959 ἀνάξιος
792 1893 940 1959 οὗτος
1004 1894 1121 1969 ἐμοὶ
1174 1898 1274 1959 τῆς
1317 1891 1629 1973 ἱέρωσύνης,
1679 1893 1767 1949 καὶ
1822 1895 1884 1948 τὸ

219 1981 646 2059 κεκελευσμένον
698 1985 771 2046 ὡς
830 1984 1064 2063 τάχιστα
1130 1981 1254 2059 παρ’
1318 1984 1466 2058 ὑμῶν
1519 1984 1764 2060 γινέσθω.
1829 1983 1885 2040 Εἰ

221 2071 274 2128 δ’
339 2071 419 2128 ὅτι
479 2079 657 2139 κακῶς
700 2073 837 2148 ὑμᾶς
900 2071 1096 2151 ἔλεξεν,
1143 2070 1452 2140 ἀπόϐλητον
1509 2074 1663 2128 αὐτὸν
1707 2071 1884 2128 θέσθαι

222 2163 332 2227 τῆς
379 2161 704 2230 Ἐκκλησίας
764 2162 1025 2240 ἐκρίνατε,
1058 2160 1369 2242 Ἐπιφάνιον
1429 2163 1558 2236 ὑμῖν
1591 2165 1694 2241 οὐχ
1749 2160 1889 2226 ’έξετε

227 2251 605 2312 συναινοῦντα.
669 2251 941 2308 Βασιλέων
997 2253 1097 2330 γὰρ
1140 2251 1398 2327 μάλιστα,
1431 2252 1492 2306 τὸ
1545 2251 1621 2326 μὴ
1652 2251 1706 2306 ἒν
1763 2251 1890 2306 τού-

231 2362 348 2406 τοις
377 2354 760 2420 μνησικακεῖν,
794 2339 930 2397 ἀλλὰ
974 2341 1248 2419 χρηστοὺς
1280 2341 1368 2396 καὶ
1397 2339 1628 2418 ἡμέρους
1675 2341 1890 2402 Eua-iob:

233 2429 646 2488 ἐπιδείκνυσθαι·
709 2428 862 2507 εἴπερ
894 2429 960 2497 δὴ
1005 2431 1092 2486 καὶ
1147 2431 1276 2506 ὑμῖν
1333 2427 1581 2506 βασιλεὺς
1633 2429 1686 2484 ἐν
1731 2430 1891 2506 οὖρα-

237 2532 360 2584 νοϊς
402 2519 606 2596 ἕτερος,
670 2519 730 2576 οὗ
791 2541 921 2575 κατα
970 2517 1216 2597 ἅθρωπον
1284 2520 1702 2596 ἁμαρτάνοντες,
1765 2517 1892 2598 φιλ-

235 2609 517 2686 ανθρώπου
573 2607 753 2664 δεϊσθε
811 2609 1102 2688 τυγχάνειν
1147 2606 1231 2664 διὰ
1279 2609 1378 2673 τὴν
1416 2608 1545 2678 πρὸς
1574 2609 1694 2670 τοὺς
1754 2611 1892 2683 ὁμο-

233 2709 419 2775 γενεῖς
450 2696 824 2776 χρηστότητα,
887 2697 1094 2754 Τούτων
1143 2694 1353 2762 Εὑδοξία
1397 2699 1503 2752 τῶν
1547 2699 1688 2774 παρὰ
1747 2697 1892 2776 γνώ-

234 2809 347 2862 μην
403 2787 673 2842 ἀκούσασα
731 2786 908 2864 λόγων
953 2786 1179 2853 ἀνόητόν
1237 2809 1286 2841 τι
1347 2787 1433 2842 καὶ
1507 2784 1888 2863 παρακεκινδυ-

234 2873 486 2950 νευμένον
520 2874 603 2930 διὰ
657 2878 755 2942 τὴν
815 2875 908 2942 τῆς
970 2875 1144 2942 λύπης
1196 2872 1494 2952 ὅπερϐολὴν
1551 2874 1891 2955 ἀποφθέγγε-

229 2986 345 3039 ται,
381 2965 438 3020 Εἰ
483 2965 561 3040 μὴ
619 2964 898 3040 Ἰωάννης,
945 2966 1188 3038 εἰπουσα,
1243 2965 1342 3032 τὴν
1386 2965 1664 3043 ὑπερορίαν
1719 2987 1891 3021 κατα-

229 3057 409 3132 κριθῇ,
485 3054 609 3118 τοὺς
683 3055 836 3119 ναοὺς
893 3055 1024 3121 αὒτή
1083 3053 1416 3131 διανοιγῆναι
1460 3055 1590 3123 ,τῶν
1663 3053 1894 3111 εἰδώλων

232 3143 495 3224 κελεύσω,
558 3145 645 3201 καὶ
705 3144 1044 3221 προσκυνητὰ
1099 3151 1264 3202 ταῦτα
1318 3157 1437 3206 τοῖς
1510 3154 1596 3203 νῦν
1654 3145 1894 3222 γενέσθαι

239 3234 648 3312 παρασκευάτω,
712 3235 772 3292 Τί
815 3232 976 3290 πλέον
1037 3235 1111 3296 εἷς
1168 3234 1355 3290 κακίαν
1415 3232 1577 3312 ἔσχεν
1637 3225 1893 3310 Ἡρωδιὰς

227 3324 266 3390 ἦ
313 3324 405 3379 τὸν
432 3330 526 3380 τοῦ
571 3323 856 3398 ὁμωνύμου
905 3323 1129 3400 θάνατον
1184 3322 1574 3395 ἒπισπεύσασα,
1612 3320 1754 3388 πλὴν
1813 3323 1894 3379 ὅτι

234 3413 317 3488 μή
376 3411 442 3468 τὰ
483 3411 629 3478 πάθη
685 3409 907 3490 διάφορα
940 3413 1030 3486 ἧν,
1063 3410 1182 3467 καθ’
1235 3411 1263 3465 ὃ
1318 3411 1418 3477 τὴν
1451 3411 1549 3486 μὲν
1606 3409 1891 3473 ἀκολασίας

233 3506 388 3582 εἶχε,
446 3501 547 3568 τὴν
609 3498 663 3556 δὲ
723 3499 1030 3566 πλεονεξίας
1080 3497 1396 3577 ὑπερϐολῆς
1458 3499 1782 3578 Ἀμφότεραι
1839 3499 1895 3556 δὲ

232 3598 316 3666 τῲ
345 3590 625 3667 βούλεσθαι
670 3591 791 3654 τοὺς
851 3588 1110 3669 ἐλέγχους
1166 3587 1432 3660 ἐκκλῖναι,
1493 3589 1591 3656 τὴν
1653 3588 1893 3668 ἀμφοτε-

234 3703 344 3759 ρων
402 3679 723 3758 ἀπαλλαγὴν
770 3678 1052 3755 ἐδίψησαν,
1111 3669 1167 3736 ιΟ
1220 3679 1400 3754 μέντοι
1458 3682 1604 3740 θεῖος
1655 3678 1895 3757 Ἐπιφά-

237 3789 348 3835 νιος
392 3770 522 3846 πρὸς
554 3770 652 3837 τὴν
685 3769 908 3826 ἀτοπίαν
940 3768 1045 3825 τῶν
1097 3768 1413 3848 εἰρημένων,
1448 3766 1670 3841 Ἀθῶος,
1708 3768 1892 3842 εἰπὼν,

233 3861 350 3937 ὶγὼ
407 3865 506 3927 τῆς
554 3859 810 3926 τοιαύτης
861 3860 1102 3938 κρίσεως,
1169 3858 1315 3922 εὐθὺς
1369 3856 1535 3934 ἐξῄει.
1583 3857 1784 3934 Φάμην
1839 3855 1894 3913 δὲ

237 3947 443 4026 ψευδὴς
501 3948 560 4005 ἐκ
589 3951 776 4006 τούτου
820 3949 914 4011 τὰς
970 3948 1219 4005 ἁπάντων
1278 3945 1552 4025 διέδραμεν
1601 3947 1786 4024 ἀκοὰς,
1820 3950 1892 4012 ὡς

240 4039 331 4096 καὶ
373 4037 530 4102 αὐτὸς
563 4039 875 4118 Ἐπιτάνιος
929 4037 1112 4115 ἐπὶτῇ
1158 4037 1456 4117 καθαιρέσει
1487 4043 1578 4094 τοῦ
1627 4038 1892 4117 πατριάρ-

239 4149 348 4209 χοο
406 4128 642 4184 συνείποι
686 4150 754 4204 τῃ
801 4125 1040 4192 Εὔδοξία.
1092 4134 1265 4185 Ταῦτα
1321 4125 1373 4183 δὲ
1428 4129 1515 4184 καὶ
1558 4128 1650 4183 τὸν
1723 4128 1890 4206 μέγαν

236 4217 542 4275 ἀκούσαντα
583 4216 630 4273 τ⁹
672 4217 871 4285 ἀληθὲς
924 4217 1207 4297 ἀγνοῆσαι,
1256 4218 1392 4282 ἴσως
1436 4224 1530 4275 τοῦ
1587 4218 1719 4274 Θεοῦ
1761 4218 1890 4296 κρύ-

237 4313 439 4385 ψαντος
512 4308 788 4384 οἰκονομίᾳ
859 4304 923 4376 δὴ
994 4307 1256 4387 θειοτέρα,
1301 4307 1396 4362 ἵνα
1443 4329 1638 4387 τροπον
1712 4305 1890 4386 ἕτερον

237 4397 572 4478 ἀμφοτέρους
616 4395 755 4475 δείξῃ
814 4399 878 4455 τὰ
928 4397 1194 4476 ἑκατέρων
1237 4395 1622 4477 προλέγοντας·
1675 4397 1710 4465 ἢ
1745 4403 1890 4477 γνῶ-

1975 460 2360 523 madmodum
2395 461 2596 522 omnia
2645 461 2885 542 quidem
2920 461 3336 524 Romanorum
3384 468 3622 540 sceptra

1975 550 2118 610 mihi
2144 553 2457 626 cedunt,et
2484 570 2633 612 mea:
2654 550 2929 629 subjecta
2947 557 3083 610 sunt
3105 549 3402 630 potestati:
3437 550 3621 611 Joan-

1971 655 2078 699 nes
2108 648 2303 700 autem
2325 648 2413 701 est
2437 640 2584 701 adeo
2613 640 2758 701 mihi
2782 639 3127 716 infestus,et
3151 645 3311 700 tanta
3335 645 3424 700 est
3445 638 3503 700 in
3528 656 3624 700 me

1970 728 2405 808 arrogantia,ut
2427 729 2518 790 vel
2537 737 2803 790 extrema
2823 727 3046 790 afﬁciat
3066 727 3622 792 contumelia.Dici-

1969 824 2070 878 tur
2090 827 2286 880 autem
2316 819 2496 883 etiam
2520 818 2838 900 quamdam
2865 825 3074 881 tenere
3097 818 3465 900 opinionem,
3493 836 3624 900 qua;

1972 906 2275 989 discrepat
2317 908 2390 970 ab
2423 908 2721 972 Ecclesia.
2757 907 2848 970 Tu
2881 927 3019 972 vero
3055 909 3188 990 (ego
3211 909 3371 969 enim
3405 907 3517 970 tibi
3546 909 3621 970 do

1971 995 2290 1077 imperium
2326 999 2383 1059 in
2420 1016 2631 1060 omnes
2655 998 3053 1075 Ecclesias,ut
3085 997 3235 1060 nihil
3263 997 3368 1058 tibi
3403 997 3622 1059 sitim-

1971 1087 2342 1169 pedimento)
2369 1087 2506 1150 vide
2529 1098 2593 1150 ut
2616 1088 2904 1150 adversus
2939 1107 3073 1150 eum
3099 1105 3427 1166 congreges
3447 1106 3624 1168 syno-

1971 1177 2205 1255 dum,et
2230 1179 2704 1259 cum,utjustum
2731 1186 2820 1239 est
2854 1186 2910 1240 et
2933 1179 3318 1252 honestum,e
3348 1176 3491 1238 sede
3513 1179 3621 1240 de-

1971 1266 2326 1346 ponas.Haec
2347 1276 2406 1329 et
2427 1266 2758 1341 dicebat,et
2776 1267 2939 1329 vultu
2972 1266 3238 1347 apertius
3269 1264 3624 1328 ostendebat

1969 1355 2073 1418 ira;
2103 1357 2159 1417 in
2186 1365 2458 1418 sanctum
2487 1357 2757 1436 vestigia:
2795 1365 2853 1418 et
2875 1356 3191 1417 manifeste
3223 1373 3346 1436 prae
3375 1374 3440 1417 se
3462 1355 3620 1418 fere-

1971 1443 2164 1520 bat,se
2187 1465 2365 1525 grave
2388 1455 2441 1506 et
2467 1465 2587 1507 non
2611 1454 2976 1506 cessaturum
3011 1445 3177 1507 virus
3197 1443 3429 1523 spirare
3460 1444 3522 1505 in
3554 1445 3623 1506 il-

1971 1533 2093 1595 lum
2118 1542 2582 1616 sapientem,nec
2603 1535 3024 1597 exstincturam
3042 1535 3208 1614 prius
3226 1533 3617 1610 iracundiam,

1972 1643 2146 1704 quam
2199 1626 2354 1705 quod
2390 1626 2590 1686 animo
2624 1624 2905 1704 agitabat,
2938 1623 3283 1686 deduxisset
3329 1623 3401 1685 ad
3433 1623 3620 1685 eﬂ‘ec-

1910 1756 1946 1806 B
1973 1721 2121 1775 tum.
2155 1713 2292 1806 ch
2316 1733 2449 1806 cum
2484 1713 2872 1806 admirandus
2903 1714 3195 1806 audiisset
3225 1713 3619 1806 Epiphanius,

1971 1822 2087 1863 non
2113 1803 2317 1866 statuit
2346 1803 2553 1884 iis,qui
2590 1821 2790 1864 rerum
2827 1803 3234 1884 potiebantur,
3267 1803 3330 1863 in
3358 1803 3455 1878 iis,
3491 1820 3624 1883 qua:

1969 1911 2086 1953 non
2112 1893 2923 1974 oportebat,gratiticari:nec
2951 1897 3094 1954 tanti
3121 1909 3254 1953 esse
3275 1890 3619 1953 faciendum

1969 1983 2057 2044 eis
2089 1981 2476 2064 inservire,ut
2496 1983 2720 2064 aliquid
2747 1983 2845 2044 ﬁat
2867 1992 3087 2064 praeter
3107 1981 3360 2062 id,quod
3386 1983 3511 2045 Deo
3533 1980 3622 2042 vi-

1971 2071 2234 2133 deturzet
2256 2071 2393 2133 ideo
2418 2091 2547 2132 eam
2579 2072 2824 2153 prepius
2841 2069 3298 2133 accedenszNon
3320 2069 3472 2132 irato
3496 2070 3624 2132 ani-

1977 2179 2094 2235 mo,
2125 2160 2231 2223 sed
2255 2159 2512 2240 benigne
2534 2180 2602 2223 ac
2639 2161 2893 2240 placide,
2928 2180 2961 2222 ο
2994 2161 3140 2238 ﬁlia,
3166 2179 3200 2220 a
3232 2169 3288 2222 te
3321 2159 3620 2222 audienda

1975 2260 2135 2331 sunt,
2172 2269 2304 2331 quae
2355 2251 2528 2312 nobis
2579 2250 2878 2312 dicuntur.
2917 2249 2977 2312 Si
3022 2260 3342 2312 accusetur
3376 2249 3619 2330 quidem

1974 2341 2233 2402 Joannes
2256 2339 2514 2418 alicujus
2539 2338 2808 2415 hazresis,
2834 2348 2891 2400 et
2927 2357 3044 2400 non
3071 2337 3315 2400 accedat
3346 2346 3612 2414 vocatus,

1976 2429 2066 2491 vel
2095 2447 2160 2490 se
2192 2446 2404 2508 purum
2437 2427 2908 2501 ostensurus,vel
2939 2428 3284 2507 pmnitentia
3308 2435 3619 2490 correctu-

1977 2537 2079 2579 rus
2103 2519 2521 2596 ignorantiam,
2550 2518 2599 2578 is
2628 2517 2773 2578 mihi
2799 2516 3040 2598 quidem
3074 2516 3312 2579 videtur
3339 2516 3622 2594 indignus

1977 2608 2340 2683 sacerdotio,
2367 2615 2425 2669 et
2454 2607 2614 2688 quod
2651 2615 2740 2669 est
2771 2607 3154 2687 imperatum,
3178 2606 3621 2687 quamprimum

1979 2699 2080 2760 ﬁet
2101 2716 2134 2758 a
2159 2697 2352 2759 nobis.
2379 2695 2481 2759 Sin
2508 2696 2898 2776 autem,quod
2919 2695 3089 2757 vobis
3109 2696 3622 2777 maledixit,prop-

1979 2796 2072 2849 ter
2101 2787 2254 2848 hanc
2279 2787 2465 2847 solam
2499 2804 2737 2848 causam
2769 2786 2960 2847 visum
2996 2794 3088 2848 est
3117 2785 3456 2847 abdicatum
3488 2803 3621 2847 esse

1973 2877 2264 2939 Joannem
2299 2875 2373 2937 ab
2401 2875 2697 2950 Ecclesia,
2732 2875 3130 2956 Epiphanium
3161 2893 3281 2936 non
3314 2875 3619 2938 habebitis

1975 2965 2538 3027 assentientem.Est
2561 2966 2722 3026 enim
2749 2965 3005 3027 maxime
3028 2965 3619 3046 imperatorum,pro-

1978 3065 2110 3136 pter
2123 3055 2274 3117 nihil
2298 3055 2598 3136 ejusmodi
2615 3055 2963 3117 meminisse
2980 3055 3620 3136 acceptaainjuriaesed

1978 3163 2044 3207 se
2064 3145 2256 3207 honos
2277 3156 2334 3207 et
2354 3146 2644 3224 benignos
2665 3147 2725 3206 in
2745 3164 2954 3206 omnes
2972 3144 3615 3224 ostenderezsiquidem

1977 3234 2145 3296 vobis
2175 3253 2411 3315 quoque
2443 3243 2531 3295 est
2561 3235 2713 3296 alius
2746 3252 2851 3295 rex
2872 3235 2930 3294 in
2961 3233 3362 3312 coeliszquem,
3387 3251 3519 3294 cum
3559 3241 3623 3293 ut

1979 3323 2254 3384 homines
2279 3330 2560 3404 peccatis,
2597 3342 2746 3404 opus
2777 3321 3012 3383 habetis
3040 3320 3366 3398 benignum
3400 3320 3623 3382 habere

1977 3422 2037 3473 et
2059 3412 2664 3493 propitium,propter
2684 3429 2850 3473 suam
2869 3411 3386 3472 mansuetudinem
3410 3411 3471 3471 in
3492 3429 3621 3492 eos,

1978 3503 2080 3583 qui
2105 3511 2241 3564 sunt
2263 3502 2531 3582 ejusdem
2557 3499 2961 3582 generileaac
2982 3500 3160 3562 verba
3181 3518 3313 3561 cum
3330 3500 3622 3562 audiisset

1979 3590 2244 3652 Eudoxia
2293 3610 2410 3651 non
2458 3609 2529 3653 ex
2583 3610 2688 3652 sua
2737 3591 3056 3664 sententia,
3111 3589 3620 3652 inconsideratum

1981 3681 2264 3762 quiddam
2293 3681 2615 3762 planeque,
2647 3679 2809 3761 quod
2837 3680 3080 3740 nimiam
3106 3678 3392 3759 arguebat
3413 3698 3620 3742 vecor-

1983 3771 2139 3832 diam
2183 3779 2245 3832 et
2277 3770 2833 3852 praecipitationem,
2871 3778 3114 3850 propter
3161 3769 3413 3830 nimium
3445 3769 3619 3831 dolo-

1976 3861 2328 3936 rem,vel,ut
2351 3862 2547 3922 verius
2574 3862 3047 3942 dicam,propter
3078 3877 3370 3922 summam
3399 3860 3621 3940 impro-

1976 3949 2252 4032 bitatem,
2276 3949 2490 4012 stolide
2522 3960 2614 4014 est
2644 3953 2908 4026 elocuta,
2943 3949 3169 4011 dicens:
3203 3949 3329 4012 Nisi
3362 3951 3620 4012 Joannes

1977 4039 2154 4102 fuerit
2177 4061 2209 4103 e
2231 4042 2372 4104 sede
2395 4041 2726 4121 depositus,
2753 4049 2810 4102 et
2842 4039 3051 4101 exsilio
3080 4040 3144 4119 (ο
3177 4040 3462 4101 audacem
3498 4040 3616 4100 lin-

1976 4132 2181 4209 guam)
2202 4130 2379 4192 fuerit
2399 4131 2858 4206 condemnatus,
2878 4129 3007 4210 ipsa
3039 4129 3377 4210 permittam
3400 4129 3622 4208 aperiri

1974 4220 2200 4300 templa
2224 4221 2705 4283 simulacrorum:
2729 4237 2843 4280 nec
2874 4219 3011 4293 erit,
3036 4218 3138 4298 qui
3161 4216 3336 4279 nobis
3357 4218 3615 4279 volenti-

1975 4307 2190 4384 bus,sit
2210 4310 2789 4390 impedimento,quo
2815 4307 3176 4369 minusillaa
3198 4304 3619 4387 quolibetadu-

1977 4407 2206 4462 rentur.
2248 4399 2538 4472 Quidnam
2592 4399 2796 4461 habuit
2825 4397 3081 4479 amplius
3121 4395 3434 4473 Herodias,
3470 4417 3620 4478 quos

239 4511 326 4547 ναι
384 4487 483 4563 μὲν
543 4488 797 4555 Ἰωάννην
843 4488 947 4567 οὐχ
1006 4486 1150 4566 ὑγιὲς
1208 4487 1349 4544 εἶναι
1395 4489 1456 4543 τὸ
1500 4488 1800 4567 φημιζόμεν

2054 4509 2108 4550 m
2135 4490 2192 4550 in
2219 4490 2353 4550 vitio
2380 4497 2718 4569 superaret,
2751 4507 2886 4567 quae
2909 4505 3119 4567 magno
3141 4485 3340 4548 studio
3363 4498 3615 4550 conten-

240 4579 433 4635 ἑκόντα
478 4575 533 4634 δὲ
589 4584 658 4655 τῇ
721 4583 825 4635 τῶν
869 4575 1084 4636 πολλῶν
1142 4575 1409 4653 ὑπολήψει
1456 4578 1750 4658 συνθέσθαι,
1797 4577 1892 4634 ’ίνα

239 4667 478 4724 ἐντεῦθεν
522 4665 700 4723 λαϐὼν
749 4668 1009 4748 πρόφασιν
1061 4666 1357 4746 Ἐπιςρανίῳ
1397 4668 1458 4723 τὸ
1507 4665 1707 4742 μέλλον
1753 4691 1887 4737 προ-

240 4758 533 4837 αγορεύση,
593 4756 796 4835 Γράψαι
853 4761 1131 4835 τοιγαροῦν
1190 4754 1484 4835 Ἐπιφανίῳ
1540 4755 1703 4836 λόγος
1757 4758 1890 4830 πρὸς

238 4854 406 4904 ταῦτα
448 4850 541 4904 τὸν
582 4846 949 4926 πατριάρχην.
999 4837 1061 4901 Ἡ
1093 4844 1147 4900 δὲ
1191 4847 1368 4925 γραφὴ
1422 4845 1632 4926 ἀφελῶς
1691 4845 1892 4926 ἔχουσα

238 4938 327 4993 καὶ
385 4938 648 5008 συνήθως⁶
713 4933 934 5015 Ἀδελφέ
998 4933 1297 5014 Ἐπιφάνιε,
1331 4935 1540 5005 ἀκήκοά
1596 4957 1654 4991 σε
1707 4938 1781 5002 ὡς
1824 4941 1893 5013 τῇ

241 5025 349 5104 ἐμῇ
409 5027 702 5103 συν-ᾔνεσας
753 5024 946 5104 ἐξορίᾳ·
1008 5023 1120 5080 ἴσθι
1163 5021 1218 5080 δὲ
1263 5023 1342 5081 ὅτι
1398 5025 1534 5102 μηδὲ
1594 5024 1752 5089 αὐτὸς
1816 5023 1894 5081 ἔτι

240 5117 334 5171 τὸν
376 5117 559 5196 θρόνον
591 5113 713 5191 ὄψει
757 5117 848 5171 τὸν
893 5115 1010 5175 σόν.
1046 5119 1182 5192 Πρός
1221 5124 1385 5174 ταῦτα
1437 5116 1528 5172 τὸν
1559 5116 1698 5195 ἱερὸν
1745 5115 1897 5172 Ἐπι-

240 5205 429 5285 φάνιον
486 5205 649 5263 πάλιν
695 5204 989 5269 ἁπλοῖκοϊς
1039 5204 1272 5281 ῥήμασιν
1311 5205 1651 5285 ἀντιθράψαι,
1696 5206 1889 5284 οἷσπερ

241 5293 309 5363 δὴ
342 5298 430 5352 καὶ
473 5294 628 5356 αὐτὸς
673 5293 979 5374 χρήσομαι·
1015 5292 1254 5360 Ἀθλητὰ
1311 5291 1558 5369 Ἰωάννη,
1594 5295 1753 5352 παίου
1804 5295 1893 5352 καὶ

241 5383 385 5445 νίκα.
431 5381 582 5452 Πλὴν
640 5381 756 5442 οὐδὲ
821 5383 975 5445 αὐτὸς
1033 5382 1246 5462 φθάσεις
1305 5385 1395 5440 τὸν
1456 5389 1555 5451 τῆς
1614 5385 1890 5464 ὑπερορίας

239 5474 407 5532 τόπον
448 5470 605 5553 ἰδεῖν.
669 5470 950 5548 Ἀψευδεῐς
1007 5474 1097 5530 οὖν
1135 5472 1450 5553 ἀμφοτέρων
1505 5475 1554 5529 οἱ
1583 5471 1737 5552 λόγοι
1780 5472 1890 5531 δεί-

242 5586 486 5629 κνυνται.
545 5546 608 5621 "0
648 5582 705 5618 τε
735 5546 836 5640 νὰρ
893 5546 1202 5643 Ἐπιφάνιος
1231 5546 1320 5630 ἐἷς
1347 5546 1571 5643 ,Κύπρον
1615 5546 1891 5621 ἀποπλεῦο

491 5671 754 5734 Parnm.
805 5669 920 5736 Gn.
967 5670 1177 5736 CXIV.

1976 4578 2159 4655 dit,ut
2182 4579 2354 4641 ﬁeret
2372 4580 2566 4641 caedes
2589 4579 2856 4658 ejus,qui
2879 4585 3005 4639 erat
3027 4575 3299 4658 ejusdem
3331 4577 3616 4653 nominis,

1975 4672 2092 4732 nisi
2114 4669 2274 4751 quod
2299 4689 2418 4730 non
2445 4677 2616 4731 erant
2644 4669 2886 4750 utrique
2906 4667 3112 4730 eadem
3145 4666 3306 4730 vitia:
3340 4668 3617 4748 quando-

1975 4760 2219 4841 quidem
2245 4760 2345 4821 illa
2368 4759 2843 4841 quideminsigni
2865 4757 3273 4831 libidine,haec
3288 4765 3486 4819 autem
3510 4758 3620 4819 im-

1979 4851 2286 4912 moderata
2305 4847 2611 4911 laborabat
2626 4847 3110 4911 avaritia?Ambaa
3128 4848 3514 4930 autem,quod
3541 4849 3625 4912 ef-

1975 4940 2183 5018 fugere
2205 4938 2425 5001 vellent
2463 4938 2997 5018 reprehensiones,
3025 4935 3099 4998 ab
3122 4935 3417 4998 ambobus
3443 4939 3618 5001 sitie-

1977 5037 2118 5091 runt
2149 5045 2512 5108 magnopere
2547 5026 2815 5089 liberari.
2854 5027 3098 5090 Divinus
3124 5035 3322 5087 autem
3351 5025 3616 5109 Epipha-

1982 5119 2115 5180 nius
2136 5117 2451 5199 perculsus
2468 5116 2835 5180 absurditate
2850 5134 3224 5197 eorum,quae
3240 5115 3618 5195 dicebantur,

1974 5226 2108 5272 cum
2133 5207 2411 5281 dixisset,
2443 5208 2567 5287 Ego
2583 5207 2825 5288 judicii,
2856 5206 3015 5288 quod
3039 5207 3125 5268 sic
3155 5206 3496 5285 habet,sum
3530 5209 3622 5270 in-

1975 5302 2408 5372 sons:protinus
2428 5311 2510 5358 est
2535 5315 2826 5373 egressus.
2860 5299 3130 5368 Quaedam
3151 5309 3339 5359 autem
3361 5301 3502 5361 falsa
3528 5305 3618 5363 fa-

1975 5385 2262 5467 ma.quod
2285 5402 2359 5447 ex
2385 5385 2500 5447 hoc
2530 5386 2607 5447 ad
2642 5385 2912 5447 omnium
2942 5402 3121 5448 aures
3152 5388 3436 5466 pervasit,
3459 5391 3619 5470 quod

1974 5481 2100 5553 ipse
2119 5493 2356 5552 quoque
2374 5478 2738 5550 Epiphanius
2762 5477 2897 5536 huic
2912 5477 3252 5549 depositioni
3274 5481 3617 5550 patriarchas

1976 5566 2050 5630 sit
2071 5564 2458 5646 assensus,ad
2483 5581 2760 5645 magnum
2783 5581 2976 5644 usque
3005 5563 3302 5628 Joannem
3323 5566 3617 5646 pervadit.

3216 5671 3293 5736 37
