3954 6146
436 210 587 286 1163
1709 221 1993 292 MENSIS
2052 231 2084 292 J

2170 228 2510 295 JUAPJUS.

431 358 536 420 ille
568 375 708 421 vero
741 364 842 421 aut
873 376 1080 422 verum
1105 359 1416 440 ignoravit,
1452 361 1702 426 fortasse
1731 364 1890 443 quod
1920 365 2078 428 Deus

2170 389 2248 423 παι
2301 369 2480 447 γνοὺς,
2515 368 2633 446 περὶ
2696 369 2787 423 τὸν
2832 367 2995 426 πλοῦν
3054 367 3313 440 τελευτᾷ·

433 467 570 510 cum
601 449 882 524 celasset,
923 449 1121 511 divina
1167 451 1418 530 quadam
1455 453 1846 530 providentia,
1881 465 1942 515 ut
1965 455 2078 516 alio

2170 457 2412 523 Ἰωάννης
2470 458 2726 536 πρότερον
2771 458 2804 524 ἢ
2853 456 3100 526 ὲπιιῗῆναι
3145 467 3240 516 τοῦ
3293 459 3476 513 τόπου
3517 457 3609 521 τῆς
3657 453 3774 512 3mi-

434 537 613 599 modo
646 539 912 600 efﬁceret
952 539 1185 615 ambos,
1216 558 1346 620 qua:
1384 540 1692 622 utriusque
1724 554 2076 619 evenerunt,

2170 571 2255 624 ρας
2329 549 2605 624 ὑπερορίας
2678 545 2908 621 ὲκδημεῐ
2971 549 3100 624 πρὸς
3170 549 3415 623 Κύριον,
3489 545 3705 610 Δηλώσει
3742 546 3773 599 EE

437 627 784 706 praedicere:
811 638 910 690 aut
929 629 1099 690 scivit
1120 630 1360 710 quidem
1385 631 1647 693 Joannes
1669 651 1788 694 non
1809 652 1942 694 esse
1975 653 2078 695 ve-

2170 648 2317 696 τοῦτο
2347 639 2548 712 προϊὼν
2581 640 2608 693 ὁ
2652 636 2812 714 λόγος
2841 639 3184 717 σαφέστερον.

433 717 763 795 rum,quod
785 719 940 808 fama
963 717 1502 782 ferebaturzlibens
1518 731 1719 784 autem
1745 742 2029 785 assensus
2057 735 2142 785 est
2178 727 2498 786 multorum
2534 727 3060 799 existimationi,ut
3080 727 3168 788 sic
3188 723 3561 808 Epiphanio
3584 723 3777 783 futurum

438 808 813 897 praediceret.
840 805 1058 897 Fertur
1088 826 1229 887 ergo
1265 810 1610 887 patriarcha
1634 814 1720 874 sic
1744 827 1879 892 post
1902 813 2029 874 haac
2055 814 2370 895 scripsisse
2402 815 2472 877 ad
2495 813 2898 897 Epiphanium
2928 837 2941 880 :
2979 816 3220 896 scripsit
3240 805 3472 876 autem
3496 813 3783 893 simpliciter

439 905 497 959 et
518 895 916 962 familiariter:
942 896 1150 960 Frater
1170 897 1494 981 Epiphani,
1519 901 1723 964 audivi
1745 911 1802 964 te
1839 903 2218 966 consensisse
2249 923 2396 966 mea;
2412 895 2767 984 relega'lioni
2797 906 2949 987 (29).
2999 895 3168 968 Scias
3184 914 3412 967 autem
3443 921 3563 964 nec
3590 904 3782 982 teipsuu

431 997 594 1050 tuam
628 987 830 1049 sedem
865 988 1130 1050 visurum
1179 1007 1315 1051 esse
1345 992 1630 1072 amplius.
1665 991 1754 1054 Ad
1788 993 1913 1055 haec
1942 1002 2362 1056 sacrosanctus
2392 993 2770 1075 Epiphanius
2795 996 3173 1076 simplicibus
3213 1011 3460 1057 rursus
3491 990 3679 1054 verbis
3701 1011 3782 1054 res-

429 1076 664 1157 cripsit,
692 1075 910 1158 quibus
941 1077 1071 1159 ipse
1103 1098 1340 1160 quoque
1389 1089 1563 1142 utar:
1597 1081 1837 1144 Athleta
1869 1082 2154 1157 Joannes,
2187 1083 2299 1146 feri
2356 1092 2414 1146 et
2445 1103 2656 1148 vince:
2692 1087 2800 1149 sed
2833 1075 2945 1148 nec
2973 1085 3102 1165 ipse
3133 1084 3483 1165 pervenies
3512 1083 3588 1144 ad
3638 1081 3786 1142 viden.

433 1169 573 1229 dum
601 1166 798 1228 locum
825 1167 1048 1243 exsilii,
1084 1169 1244 1230 Vera
1265 1177 1462 1231 autem
1489 1170 1757 1246 fuerunt,
1785 1191 1916 1252 quae
1939 1172 2096 1232 dicta
2129 1183 2262 1234 sunt
2287 1174 2361 1235 ab
2387 1175 2677 1256 utrisque.
2704 1179 2851 1240 Nam
2879 1185 2936 1238 et
2955 1175 3336 1257 Epiphanius
3371 1191 3526 1235 cum
3550 1172 3789 1233 statuisset

433 1257 716 1335 navigare
749 1259 808 1318 in
841 1259 1130 1339 Cyprum,
1162 1259 1399 1320 decedit
1430 1259 1490 1321 in
1534 1261 1947 1340 navigatione:
1986 1271 2042 1322 ct
2066 1263 2445 1326 admirabilis
2472 1263 2736 1327 Joannes
2765 1267 3112 1347 priusquam
3143 1263 3520 1344 perveniret
3549 1264 3622 1322 ad
3649 1261 3790 1322 locum

430 1348 680 1410 secundi
714 1348 931 1422 exsilii,
965 1347 1237 1426 migravit
1268 1347 1340 1408 ad
1374 1347 1716 1413 Dominum.
1747 1350 1872 1413 Hoc
1901 1362 2096 1413 autem
2133 1355 2465 1436 procedens
2489 1357 2679 1416 oratio
2715 1356 2992 1417 ostendet
3020 1357 3318 1436 apertius.

488 1439 820 1502 XLIV.Non
846 1436 1095 1498 multum
1118 1436 1458 1499 intercessit
1479 1448 1595 1500 tem
1609 1440 1860 1520 poris,et
1884 1441 2080 1502 statim

2249 1435 2385 1504 MA'.
2462 1446 2662 1524 Χρόνος
2731 1446 2906 1524 ὀλίγος
2953 1449 3012 1502 τὸ
3063 1435 3304 1520 μεταξὺ,
3374 1446 3478 1500 καὶ
3541 1443 3679 1502 acab:
3735 1459 3792 1495 τη

436 1547 573 1592 cum
602 1527 872 1608 pluribus
896 1526 1194 1607 episcopis
1215 1525 1600 1614 iTheOpbilus
1623 1531 1782 1590 venit
1805 1529 2084 1592 Constan-

2170 1533 2374 1589 πλείοσι
2431 1541 2538 1591 τῶν
2589 1535 2896 1592 ἐπισκόπων
2954 1533 3208 1614 Θεόφιλος
3254 1537 3337 1596 εἰς
3395 1535 3510 1600 τὴν
3573 1542 3791 1589 Hormu-

437 1617 924 1698 tinopolim,eum
945 1623 1198 1694 urgente
1213 1613 1566 1690 Eudoxia,et
1593 1618 1648 1678 ei
1681 1617 1984 1698 praebente
2000 1619 2084 1680 in-

2170 1625 2310 1680 τίνου
2381 1630 2558 1703 φοιτᾷ,
2635 1623 3050 1692 ἐπισπευδούσης
3135 1626 3291 1682 αὺτὸν
3379 1621 3679 1693 Εὔδοξίας,
3737 1621 3794 1675 ιιί

439 1725 711 1788 gressum
731 1705 990 1766 liberum
1011 1703 1085 1766 ab
1112 1705 1273 1766 omni
1299 1715 1480 1778 metu,
1498 1705 1708 1768 licebat
1727 1715 1923 1768 autem
1951 1718 2084 1770 tunc

2170 1713 2308 1769 κατᾶ
2364 1720 2541 1782 πῆσαν
2594 1714 2772 1771 ἄδειαν
2829 1717 3175 1795 παρεχούσης
3237 1714 3398 1785 αὐτῷ
3462 1714 3568 1779 τὴν
3609 1708 3793 1767 εἶ’σοὲτι·

440 1799 646 1860 videre
700 1797 993 1858 malorum
1030 1813 1310 1870 examen,
1350 1796 1506 1876 quod
1534 1795 2003 1876 congregabatur
2033 1805 2084 1859 el

2172 1796 2266 1859 Ἦν
2335 1800 2388 1858 δὲ
2440 1806 2563 1882 ὁρᾷν
2608 1804 2729 1860 τότε
2793 1806 2997 1879 σμῆνος
3053 1811 3232 1860 κακῶν
3292 1803 3704 1881 ἀθροιζόμενον,
3735 1801 3796 1853 καὶ

436 1887 774 1968 Theophila
794 1904 968 1966 opem
992 1884 1222 1946 ferebat
1237 1885 1308 1946 ad
1331 1886 1624 1965 sapientis
1645 1885 1891 1949 Joannis
1908 1887 2084 1968 depo-

2174 1892 2413 1972 Θεοφίλῳ
2466 1896 2596 1970 πρὸς
2641 1894 2736 1962 τήν
2779 1897 3078 1968 καθαίρεσιν
3137 1903 3228 1952 τοῦ
3285 1900 3476 1971 σοφοῦ
3540 1888 3797 1966 συναιρόμ-

439 1979 748 2042 sitionem.
775 1975 1026 2048 Quinam
1054 1992 1191 2036 vero
1217 1973 1257 2034 ii
1281 1982 1338 2036 et
1362 1975 1658 2037 undenam
1685 1975 1756 2037 ad
1781 1977 1890 2038 hoc
1923 1976 2084 2040 fuere

2172 2003 2282 2045 νον.
2322 1984 2467 2044 Τίνες
2499 1984 2664 2058 οὗτοι,
2700 1987 2786 2040 καὶ
2819 1986 2978 2040 πόθεν
3025 1983 3124 2062 ἄρα
3153 1982 3427 2045 λαϐόντες
3479 1983 3578 2049 τὴν
3610 1981 3795 2046 uim-ns;

439 2069 726 2132 commoti
745 2065 910 2145 (30)?
933 2064 1198 2145 quaedam
1225 2064 1438 2126 animae
1460 2084 1578 2126 non
1597 2066 1799 2146 paucis
1831 2069 2084 2146 peccatis

2173 2074 2358 2151 Ψυχαὶ
2415 2073 2697 2151 ἁμαρτίαις
2766 2073 2974 2153 ἔνοχοι,
3019 2075 3103 2130 καὶ
3165 2073 3408 2136 ἀνιάτως
3476 2071 3692 2151 ἔχουσαι
3735 2075 3794 2123 το]

439 2160 803 2236 obnoxiae,et
825 2175 957 2238 quae
981 2162 1149 2217 erant
1174 2153 1348 2234 plane
1372 2154 1844 2236 incurabiles,de
1872 2156 2084 2236 quibus

2172 2163 2358 2241 κακοῦ,
2417 2163 2652 2241 καθάπερ
2709 2165 2793 2218 καὶ
2848 2162 3006 2240 λόγος
3074 2161 3176 2230 ἤδη
3248 2164 3470 2241 φθάσας
3547 2158 3792 2228 ἐδήλωσεν,

442 2253 608 2332 prius
630 2266 866 2330 quoque
887 2245 1167 2309 diximus:
1196 2264 1344 2326 quos
1361 2265 1493 2308 cum
1520 2245 1886 2324 interruptus
1904 2249 2084 2307 Joan-

2171 2252 2258 2315 οὒς
2301 2253 2333 2317 ἡ
2366 2249 2656 2314 ἀδέκαστος
2713 2255 2939 2310 Ιωάννου
2970 2257 3148 2331 ψῆφος
3192 2253 3276 2309 ἐπὶ
3307 2250 3599 2332 διαφόροις
3647 2249 3792 2306 αἱιὶαις

438 2342 533 2403 nis
553 2339 844 2412 calculus,
873 2337 1058 2400 veluti
1081 2338 1230 2419 lapis
1252 2336 1492 2418 quidam
1514 2334 1753 2415 Lydius,
1778 2335 2084 2416 probasset

2171 2339 2407 2404 ἀναξίους
2467 2341 2616 2398 εἶναι
2673 2352 2768 2401 τοῦ
2813 2343 3056 2418 βήματος
3105 2340 3482 2416 δοκιμάσασπ,
3519 2345 3616 2405 τῆς
3662 2339 3786 2413 ἱερω-

441 2448 574 2493 esse
596 2427 877 2508 indignos
920 2435 1228 2506 suggestu,
1254 2433 1517 2487 moverat
1548 2424 1902 2488 sacerdotio.
1935 2425 2076 2487 Cum

2170 2430 2331 2496 σύνης
2389 2429 2660 2508 ἀπέκρινε.
2711 2432 2814 2487 Σὺν
2864 2430 3088 2496 πολλοῖς
3149 2435 3260 2505 οὖν,
3307 2434 3388 2491 ὡς
3433 2429 3669 2507 εἴρηται,
3710 2432 3787 2480 τῶν

438 2523 637 2581 multis
659 2528 890 2591 ergo,ut
911 2521 1127 2577 dictum
1151 2517 1554 2590 est,episcopis
1573 2517 1932 2589 Theophilus
1952 2533 2082 2576 con-

2170 2520 2472 2576 ἒπισκόπων
2536 2520 2792 2599 Θεόφιλος
2851 2519 3227 2598 προσελθόντες
3287 2527 3361 2598 τῇ
3416 2515 3781 2590 Εὑδοξία,κατὲ

435 2612 696 2673 venisset
718 2607 1332 2682 Eudoxiam,seorsim
1358 2625 1490 2669 cum
1522 2624 1592 2668 ea
1619 2604 1895 2669 collocuti
1919 2606 2074 2687 (31),

2170 2608 2331 2683 μόνας
2406 2632 2459 2666 τε
2535 2609 3070 2689 κοινολογησάμενοι,
3134 2618 3624 2689 μυσταγωγοῦνται
3689 2611 3776 2680 πιρ⁹

433 2701 507 2764 ab
532 2719 604 2763 ea
630 2704 689 2759 in
715 2705 1014 2759 secretum
1039 2695 1811 2771 admittuntur,inuneribus
1841 2703 2075 2765 donau-

2170 2699 2352 2772 αὐτῆς,
2411 2698 2846 2779 φιλοφρονοῦνται
2906 2699 3118 2778 δώροις,
3169 2701 3304 2756 κατὰ
3362 2708 3467 2757 τοῦ
3526 2700 3666 2775 ἁγίου
3709 2697 3772 2754 ti;

434 2789 845 2871 tur,adversus
865 2794 1133 2847 sanctum
1166 2785 1353 2846 virum
1386 2785 1602 2866 lingua;
1623 2807 1829 2852 eorum
1851 2793 2079 2854 condu-

2170 2788 2410 2866 γλώσσας
2461 2793 2790 2868 μισθοῦνται,
2833 2790 3029 2853 πάσαις
3085 2791 3287 2868 ψήφοις
3343 2788 3775 2864 καταψηφίσαώιι

438 2889 750 2943 cunturzse
774 2874 1054 2937 omnibus
1074 2875 1624 2954 sententiisjustum
1651 2895 1784 2942 esse
1807 2882 2087 2944 condem-

439 2977 684 3032 naturos
706 2967 1084 3048 pollicentur.
1123 2967 1268 3027 Cum
1297 2973 1409 3024 tam
1444 2963 1707 3045 iniquam
1734 2971 2086 3032 conventio-

439 3077 577 3122 nem
621 3057 901 3119 iniissent
933 3053 1157 3134 egregii
1205 3062 1495 3134 pastores,
1523 3064 1581 3116 et
1609 3055 1912 3120 innocenti
1944 3080 2088 3122 san—

3664 230 3762 294 1164

3352 367 3384 422 ὅ
3441 386 3492 422 τε
3546 367 3769 439 Caspias;

2171 2965 2460 3045 γησάκενοι
2505 2971 2808 3047 συμφωνίαν
2840 2973 2893 3024 οἱ
2926 2967 3078 3025 καλοὶ
3139 2968 3419 3045 ποιμένες,
3456 2969 3547 3024 καὶ
3587 2967 3639 3022 ἐν
3662 2962 3773 3030 aedi?

2170 3055 2363 3131 αἵματι
2385 3057 2479 3122 τὰς
2511 3062 2692 3137 ψυχας
2723 3055 2926 3132 μᾶλλον
2957 3056 3355 3134 ὲμϐλάψαντες,
3388 3060 3455 3116 οὐ
3485 3059 3579 3120 τὰς
3601 3067 3769 3134 χεῖρας,

435 3149 620 3231 guine
673 3147 907 3210 animas
941 3143 1140 3225 potius
1188 3163 1368 3224 quam
1419 3161 1630 3206 manus
1678 3145 2087 3226 intinxissent,

439 3247 826 3312 exeunt,cum
845 3234 991 3296 nihil
1008 3234 1219 3296 horum
1239 3233 1433 3296 adhuc
1446 3234 1708 3298 venisset
1723 3237 1792 3298 ad
1819 3239 2087 3302 notitiam

437 3329 702 3394 Arcadii.
738 3325 856 3390 Sed
880 3342 1086 3386 rursus
1105 3343 1344 3404 quoque
1374 3325 1591 3386 dantur
1613 3327 1963 3390 occasiones
1991 3329 2090 3406 iis,

438 3422 539 3500 qui
564 3438 664 3482 eas
704 3415 1054 3499 quaerebant
1087 3421 1145 3476 et
1169 3413 1585 3496 parturiebant
1619 3417 2088 3500 improbitatem,

436 3511 543 3573 sed
577 3525 710 3587 quae
745 3525 820 3568 ne
861 3505 1133 3567 umbram
1171 3504 1410 3583 quidem
1465 3505 1766 3568 habebant
1799 3508 2086 3585 veritatis,

440 3599 749 3663 materiam
783 3605 983 3657 tamen
1033 3593 1376 3676 praebebant
1404 3593 1528 3674 igni
1560 3596 1850 3659 malarum
1895 3599 2088 3659 actio-

438 3708 604 3752 num.
625 3690 760 3752 Non
788 3685 1038 3746 multum
1061 3683 1220 3746 enim
1257 3683 1599 3746 intercessit
1617 3689 1922 3767 temporis,
1949 3706 2086 3749 cum

441 3786 667 3859 partem
693 3774 1008 3856 quamdam
1031 3773 1656 3852 libriRegum,divinae
1678 3775 1912 3839 scilicet
1931 3776 2088 3840 Scri-

443 3876 796 3947 pturae,cum
823 3880 963 3924 usus
992 3861 1073 3923 ita
1106 3864 1450 3942 postularet,
1478 3874 1804 3926 contexens
1834 3884 2086 3945 magnus

440 3956 704 4020 Joannes
733 3952 1023 4014 instituta;
1054 3952 1339 4026 orationi,
1369 3959 1757 4016 concinnatus
1789 3957 1958 4016 estin
1989 3975 2086 4018 ec-

441 4045 650 4109 clesia.
685 4043 767 4106 Ea
793 4049 993 4104 autem
1027 4040 1106 4102 ita
1136 4058 1201 4102 se
1252 4040 1511 4104 habebat
1546 4063 1558 4105 :
1593 4041 1958 4124 Congregate
2007 4044 2081 4107 ad

440 4156 536 4199 me
567 4133 915 4197 sacerdotes
945 4129 1291 4228 dedecoris,
1324 4131 1426 4211 qui
1456 4133 1779 4228 comedunt
1815 4152 2078 4196 mensam
2107 4177 2143 4228 Β

435 4223 702 4298 Jezabel,
738 4231 801 4285 ut
827 4221 1022 4285 dicam
1052 4220 1139 4282 eis
1169 4223 1322 4282 sicut
1351 4220 1496 4282 dixit
1519 4221 1676 4284 Elias
1711 4243 1723 4284 :
1760 4222 2084 4305 Quousque

437 4313 845 4378 claudicabitis
877 4312 1143 4391 utrisque
1195 4311 1519 4392 poplitibus
1551 4313 1763 4375 vestris
1790 4320 1816 4376 ’ἲ
1849 4312 1911 4377 Si
1943 4313 2084 4377 Baal

442 4414 536 4468 est
566 4405 749 4480 Deus,
783 4401 1082 4465 ambulate
1115 4409 1247 4480 post
1279 4403 1497 4481 ipsum.
1531 4404 1589 4466 Si
1621 4411 1817 4464 autem
1848 4402 2085 4466 Jezabel

440 4512 679 4576 quoque
703 4509 913 4554 mensa
932 4492 1061 4572 ipsa
1084 4498 1178 4552 est
1200 4489 1779 4565 Deus,comedenles
1805 4495 2084 4557 evomite.

438 4584 594 4647 Hinc
623 4582 710 4644 illi
737 4581 1036 4662 sapientes
1063 4579 1124 4640 in
1158 4580 1406 4658 malitia,
1439 4601 1571 4643 cum
1605 4581 1784 4644 verba
1815 4585 2087 4663 quaedam

441 4683 720 4756 tanquam
770 4688 936 4733 arma
961 4669 1500 4751 apprehendissent
1531 4678 1588 4730 et
1631 4670 1888 4732 validum
1921 4672 2090 4734 auxi-

443 4765 616 4842 lium,
643 4761 941 4826 accedunt
963 4760 1034 4821 ad
1056 4757 1405 4840 Arcadium,
1428 4758 1584 4821 duce
1605 4759 1780 4840 hujus
1801 4760 2092 4842 improbae

446 4871 760 4938 synagoga
808 4848 1162 4931 Theophila,
1196 4847 1311 4910 alia
1340 4847 1581 4930 quidem
1629 4849 1942 4928 addentes,
1977 4851 2092 4914 alia

513 5038 598 5090 54‘
627 5036 706 5103 IIl
739 5038 890 5118 Reg,
923 5051 1089 5111 xvni,
1130 5035 1152 5095 1
1191 5050 1363 5115 seqq.

505 5218 619 5290 (29)
670 5215 912 5290 Nullum
937 5214 1128 5290 adhuc
1155 5213 1212 5269 in
1247 5227 1422 5290 causa
1453 5212 1874 5290 _Chrysostpmi
1905 5213 2084 5286 agita-

435 5284 558 5365 19m
593 5284 1101 5365 fuissejudicium,
1134 5293 1209 5365 ut_
1231 5284 1316 5340 vel
1354 5284 1613 5365 “opinari
1630 5285 1863 5365 quidem
1896 5284 2088 5365 posset

449 5357 838 5432 Epiphanium
872 5359 931 5413 in
971 5357 1099 5432 ejus
1131 5357 1535 5432 relegationem
1571 5357 1960 5432 consensisse,
1985 5357 2088 5432 do-

438 5426 529 5489 ce't
562 5426 695 5489 Bar.
727 5443 950 5501 ;quare
982 5426 1280 5501 historiam
1314 5426 1484 5491 hanc,
1517 5436 1572 5484 et
1604 5429 1675 5485 de
1705 5427 1920 5501 mutuis
1941 5429 2089 5501 epis-

439 5515 726 5583 coporum
757 5499 1076 5572 prophetits
1112 5509 1378 5568 tanquam
1426 5499 1852 5558 commentitias
1881 5499 2089 5571 reiicit.

445 5572 570 5632 Vide
607 5571 816 5629 Baron.
847 5571 919 5628 ad
949 5583 1047 5626 an.
1082 5567 1207 5625 602.

487 5591 570 5628 ιασ
607 5591 816 5628 Dato“.
847 5591 919 5628 au
949 5591 1047 5626 81].
1082 5591 1207 5625 QUI.

2173 3146 2388 3221 ἐξίασιν,
2451 3145 2598 3203 οὐδὲν
2673 3144 2936 3226 Ἀρκαδίῳ
2997 3147 3198 3204 τούτων
3257 3151 3330 3213 εἷς
3389 3153 3593 3227 γνῶσιν
3647 3140 3776 3198 ἐλθόν.

2173 3236 2322 3303 Πλὴν
2353 3236 2492 3293 ἀλλὰ
2547 3238 2636 3294 καὶ
2669 3237 2812 3301 αὖθις
2867 3239 3100 3316 ἀφορμαὶ
3155 3235 3382 3295 δίδονται
3417 3251 3541 3301 τοῖς
3582 3239 3772 3305 ζητοῦσιν

2172 3327 2437 3406 ἀφορμὰς,
2473 3324 2620 3383 οὒδὲν
2665 3325 2762 3402 μὲν
2793 3326 3044 3394 ἀληθείας
3105 3326 3354 3406 ἔχουσαι,
3386 3328 3488 3385 οὒκ
3542 3325 3707 3401 ὀλίγην

2170 2881 2263 2934 τοῦ
2320 2876 2518 2935 δικαίου
2572 2883 2915 2942 συντίθενται.
2975 2881 3231 2946 Τοιαύτην
3291 2878 3501 2955 ἄνομον
3572 2874 3770 2949 διομολςο
3851 2892 3853 2914 ι

3847 3051 3849 3059 l

3847 3068 3854 3207 ί

2171 3415 2306 3482 ὕλην
2335 3423 2412 3490 τῷ
2457 3417 2575 3495 πνρὶ
2605 3423 2710 3472 τῶν
2769 3411 3019 3494 πονηρῶν
3071 3424 3479 3497 παρασχοῦσαι,
3516 3416 3598 3471 καὶ
3649 3407 3767 3486 μεγάσ
3851 3415 3853 3417 ’

2171 3504 2274 3572 λην
2317 3504 2490 3583 φλόγα
2547 3511 2652 3561 τῶν
2696 3511 3007 3584 πειρασμῶν
3056 3506 3348 3582 ἀνάψασαι.
3413 3507 3488 3564 Οὔ
3531 3501 3655 3560 πολὺ
3701 3497 3769 3573 γὲρ

2170 3597 2231 3652 τὸ
2289 3595 2342 3652 ἐν
2400 3595 2571 3671 μέσῳ,
2612 3597 2701 3652 καὶ
2757 3599 2914 3674 μέρος
2957 3619 3007 3652 τι
3043 3601 3149 3652 τῶν
3211 3595 3504 3654 Βασιλειῶν
3535 3596 3562 3651 ὁ
3614 3589 3760 3666 μέγτς.

2172 3684 2309 3741 οὕτω
2358 3683 2561 3760 συμϐὰν
2596 3685 2731 3743 κατὰ
2787 3687 2973 3764 χρείαν
3019 3695 3110 3744 τοῦ
3163 3687 3300 3761 μετὰ
3340 3700 3541 3766 χεῖρας
3584 3674 3759 3741 σκοποῦ,

2169 3781 2246 3848 τῷ
2303 3772 2448 3852 λόγῳ
2519 3775 2756 3852 συνείρας
2821 3773 2907 3830 ἐπὶ
2977 3776 3073 3841 τῆς
3133 3774 3420 3842 ἐκκλησίας
3483 3775 3754 3850 δημηγορεῖ.

2168 3864 2238 3919 Τὸ
2297 3861 2350 3918 δὲ
2381 3866 2538 3942 εἶχεν
2595 3862 2754 3919 οὕτωσ
2801 3863 3136 3943 Συναγάγετε
3180 3865 3311 3944 πρὸς
3362 3867 3434 3941 μὲ
3474 3866 3590 3928 τοὺς
3636 3861 3756 3933 ἱερεῖς

2166 3952 2262 4020 τῆς
2307 3953 2591 4032 αἰσχυνης,
2624 3952 2890 4016 ἐσθίοντας
2943 3954 3202 4027 τράπεζαν
3259 3953 3515 4035 Ἰεζάϐελ,
3547 3951 3616 4008 ’ἕν’
3651 3946 3756 4002 εἴπω

2167 4045 2378 4117 αὐτοῖς,
2415 4044 2487 4108 ὡς
2547 4041 2734 4099 Ἠλιοῦ
2783 4041 2907 4122 ἔφη’
2951 4067 2975 4098 ιι
3011 4043 3156 4107 Ἕως
3216 4043 3346 4102 πότε
3374 4045 3657 4126 χωλανεῖτε
3698 4037 3758 4126 ἒξ

2166 4131 2490 4211 ἀμφοτέραις
2520 4145 2640 4193 ταῖς
2686 4133 2887 4210 ἰγνύαις
2918 4134 3065 4208 ὑμῶν
3102 4151 3118 4209 ;
3165 4135 3210 4190 εἰ
3251 4135 3363 4191 ἔστι
3397 4138 3524 4200 Θεὸς
3573 4133 3595 4186 ὃ
3629 4121 3752 4193 Βάαλ,

2167 4222 2449 4300 πορεύεσθε
2504 4223 2673 4278 ὀπίσω
2727 4222 2909 4280 αὐτοῦ.
2966 4225 3025 4281 Εἰ
3068 4222 3124 4279 δὲ
3173 4225 3262 4281 καὶ
3305 4227 3536 4304 τράπεζα
3573 4209 3749 4277 ἰεσάόελ

2168 4299 2302 4379 αὕτη
2361 4312 2491 4376 Θεὸς
2520 4312 2780 4391 φαγόντες
2837 4311 3144 4389 ἐξεμέσατε,
3182 4337 3210 4370 ι)
3267 4299 3534 4374 Ἐντεῦθεν
3560 4314 3599 4369 οἱ

2171 4401 2264 4470 τὴν
2341 4403 2552 4475 κακίαν,
2626 4399 2937 4481 δραξάμενοι
3010 4410 3115 4460 τῶν
3201 4404 3484 4482 ῥημάτων.
3551 4390 3740 4478 Ἀρκειδῖφ

2173 4491 2416 4570 προσίασι
2487 4491 2587 4558 τὴν
2659 4489 2813 4568 ῥῆσιν
2886 4491 3296 4572 ἐπιδεικνῦντες,
3364 4493 3638 4575 ἡγουμένου

2172 4565 2487 4659 συναγωγῆς
2547 4565 2824 4660 Θξοιρίλου,
2861 4583 2946 4637 καὶ
3002 4584 3067 4639 τὰ
3110 4583 3210 4656 μὲν
3266 4565 3612 4655 προστιθέντες
3652 4565 3732 4660 “ait

2175 4672 2400 4751 ἑαυτῶν,
2463 4670 2528 4726 τὰ
2579 4667 2634 4725 δὲ
2687 4672 2779 4726 καί
2831 4671 3308 4752 παρεξηγούμενοι,
3362 4675 3580 4755 ’Ἔλεγον
3614 4665 3654 4722 δὲ
3683 4655 3734 4716 ui

2173 4761 2401 4835 ἔπειθον,
2436 4761 2508 4826 ὡς
2565 4761 2714 4817 αὐτοὶ
2762 4761 2860 4835 μὲν
2920 4761 3080 4838 ἦσαν,
3116 4763 3170 4821 οἵ
3227 4787 3289 4844 γε
3337 4753 3520 4845 ἱερεῖςή
3550 4753 3729 4836 αἰσχύνη(

2175 4851 2502 4931 ἐλέχθησαν,
2565 4848 2794 4922 Ἰεζάϐελ
2853 4848 2908 4906 δὲ
2949 4853 2984 4920 ἡ
3043 4853 3253 4931 βασιλὶς
3311 4855 3568 4937 ἄντικρυς,
3616 4846 3734 4907 Obruit

2170 5293 2189 5344 ι
2241 5213 2358 5286 (30)
2390 5215 2638 5284 Quinam
2667 5225 2868 5301 autem
2902 5219 3136 5302 fuerint,
3169 5219 3271 5290 qui
3301 5229 3504 5279 contra
3539 5215 3732 5337 οιπγωξ,

2193 5299 2391 5344 omum
2421 5286 2745 5344 Theonhllo
2779 5291 3047 5344 laverint.
3078 5288 3202 5344 inde
3229 5290 3444 5344 Baron.
3479 5301 3595 5344 tom.
3655 5289 3703 5334 ιε

2170 5293 2391 5345 tomum
2421 5286 2745 5359 Theophilo
2779 5291 3047 5362 laverint,
3078 5286 3206 5348 vidi
3229 5290 3444 5351 Baron.
3479 5301 3595 5350 tom.
3622 5286 3703 5337 V-l

2170 5371 2386 5416 annum
2423 5357 2551 5416 403.

2245 5430 2358 5500 (δι)
2398 5427 2551 5506 νὶάε
2578 5432 2818 5506 Niceph.
2851 5449 2904 5506 ο.
2961 5435 3052 5504 ιι,
3088 5433 3176 5501 ιδ,
3210 5435 3301 5500 ιδ.
3340 5435 3443 5492 lib.
3500 5425 3726 5506 mssa}

2173 5498 2276 5630 ξιξ..
2300 5498 2472 5631 {sic
2531 5498 2805 5572 14;sz.
2849 5505 2950 5566 lib.
2981 5498 3108 5574 vin,
3138 5498 3190 5565 c’.
3237 5498 3721 5581 16,17,18,Baron.
