  <div class='ocr_page' id='page_1' title='image "/cluster/home/n/w/nwhite01/storage/ocr_20150623/114/mdp.39015028574344/596.png"; bbox 0 0 3954 6146; ppageno 0'>
   <div class='ocr_carea' id='block_1_1' title="bbox 299 293 471 360">
    <p class='ocr_par' dir='ltr' id='par_1_1' title="bbox 299 293 471 360">
     <span class='ocr_line' id='line_1_1' title="bbox 299 293 471 360; baseline 0.017 -2"><span class='ocrx_word' id='word_1_1' title='bbox 299 293 326 358; x_wconf 91' lang='grc'><strong>1</strong></span> <span class='ocrx_word' id='word_1_2' title='bbox 350 293 471 360; x_wconf 80' lang='grc'><strong>169</strong></span> 
     </span>
    </p>
   </div>
   <div class='ocr_carea' id='block_1_2' title="bbox 1351 284 2613 356">
    <p class='ocr_par' dir='ltr' id='par_1_2' title="bbox 1351 284 2613 356">
     <span class='ocr_line' id='line_1_2' title="bbox 1351 284 2613 356; baseline -0.007 -1"><span class='ocrx_word' id='word_1_3' title='bbox 1351 289 1540 356; x_wconf 83' lang='lat' dir='ltr'><strong>VITA</strong></span> <span class='ocrx_word' id='word_1_4' title='bbox 1585 288 1648 352; x_wconf 92' lang='lat' dir='ltr'><strong>S.</strong></span> <span class='ocrx_word' id='word_1_5' title='bbox 1691 284 2020 353; x_wconf 79' lang='lat' dir='ltr'><strong>JOANNIS</strong></span> <span class='ocrx_word' id='word_1_6' title='bbox 2060 284 2613 352; x_wconf 77' lang='lat' dir='ltr'><strong>CHRYSOSTOMI.</strong></span> 
     </span>
    </p>
   </div>
   <div class='ocr_carea' id='block_1_3' title="bbox 3525 293 3679 360">
    <p class='ocr_par' dir='ltr' id='par_1_3' title="bbox 3525 293 3679 360">
     <span class='ocr_line' id='line_1_3' title="bbox 3525 293 3679 360; baseline 0.006 -1"><span class='ocrx_word' id='word_1_7' title='bbox 3525 293 3679 360; x_wconf 88' lang='grc'><strong>1170</strong></span> 
     </span>
    </p>
   </div>
   <div class='ocr_carea' id='block_1_4' title="bbox 290 421 1912 510">
    <p class='ocr_par' dir='ltr' id='par_1_4' title="bbox 290 425 1912 510">
     <span class='ocr_line' id='line_1_4' title="bbox 290 425 1912 510; baseline -0.006 -20"><span class='ocrx_word' id='word_1_8' title='bbox 290 455 429 497; x_wconf 83' lang='grc' dir='ltr'>τους</span> <span class='ocrx_word' id='word_1_9' title='bbox 487 430 642 491; x_wconf 69' lang='grc' dir='ltr'>ἔλυσε</span> <span class='ocrx_word' id='word_1_10' title='bbox 699 432 788 490; x_wconf 78' lang='grc' dir='ltr'>καὶ</span> <span class='ocrx_word' id='word_1_11' title='bbox 846 427 972 510; x_wconf 84' lang='grc' dir='ltr'>παρ’</span> <span class='ocrx_word' id='word_1_12' title='bbox 1017 429 1190 489; x_wconf 84' lang='grc' dir='ltr'>αύτῶν</span> <span class='ocrx_word' id='word_1_13' title='bbox 1232 428 1455 486; x_wconf 66' lang='grc' dir='ltr'>ἐπείνων</span> <span class='ocrx_word' id='word_1_14' title='bbox 1513 432 1619 485; x_wconf 84' lang='grc' dir='ltr'><strong>τῶν</strong></span> <span class='ocrx_word' id='word_1_15' title='bbox 1677 425 1827 484; x_wconf 69' lang='grc' dir='ltr'>οὔπω</span> <span class='ocrx_word' id='word_1_16' title='bbox 1885 445 1912 480; x_wconf 87' lang='grc' dir='ltr'><strong>τ</strong></span> 
     </span>
    </p>
   </div>
   <div class='ocr_carea' id='block_1_5' title="bbox 2011 421 3678 510">
    <p class='ocr_par' dir='ltr' id='par_1_5' title="bbox 2011 421 3678 502">
     <span class='ocr_line' id='line_1_5' title="bbox 2011 421 3678 502; baseline 0.012 -25"><span class='ocrx_word' id='word_1_17' title='bbox 2011 468 2014 477; x_wconf 77' lang='grc'><strong>,</strong></span> <span class='ocrx_word' id='word_1_18' title='bbox 2035 438 2196 484; x_wconf 91' lang='lat' dir='ltr'><strong>nunc</strong></span> <span class='ocrx_word' id='word_1_19' title='bbox 2214 438 2575 494; x_wconf 88' lang='lat' dir='ltr'><strong>sumus,non</strong></span> <span class='ocrx_word' id='word_1_20' title='bbox 2602 439 2811 502; x_wconf 87' lang='lat' dir='ltr'><strong>passus</strong></span> <span class='ocrx_word' id='word_1_21' title='bbox 2828 428 2920 486; x_wconf 84' lang='lat' dir='ltr'><strong>est</strong></span> <span class='ocrx_word' id='word_1_22' title='bbox 2948 440 2962 487; x_wconf 95' lang='lat'><strong>:</strong></span> <span class='ocrx_word' id='word_1_23' title='bbox 2985 421 3093 485; x_wconf 85' lang='lat' dir='ltr'><strong>sed</strong></span> <span class='ocrx_word' id='word_1_24' title='bbox 3118 425 3295 488; x_wconf 88' lang='lat' dir='ltr'><strong>nobis</strong></span> <span class='ocrx_word' id='word_1_25' title='bbox 3315 425 3678 497; x_wconf 74' lang='lat' dir='ltr'><strong>absentibus</strong></span> 
     </span>
    </p>
   </div>
   <div class='ocr_carea' id='block_1_6' title="bbox 293 515 1948 600">
    <p class='ocr_par' dir='ltr' id='par_1_6' title="bbox 293 515 1948 600">
     <span class='ocr_line' id='line_1_6' title="bbox 293 515 1948 600; baseline -0.005 -20"><span class='ocrx_word' id='word_1_26' title='bbox 293 521 628 600; x_wconf 74' lang='grc' dir='ltr'>ἐγκλήματα</span> <span class='ocrx_word' id='word_1_27' title='bbox 682 519 1079 595; x_wconf 70' lang='grc' dir='ltr'>διαλυσαμένων</span> <span class='ocrx_word' id='word_1_28' title='bbox 1151 515 1424 584; x_wconf 84' lang='grc' dir='ltr'>λιϐέλλους</span> <span class='ocrx_word' id='word_1_29' title='bbox 1485 515 1774 593; x_wconf 83' lang='grc' dir='ltr'>ἐλάμϐανε,</span> <span class='ocrx_word' id='word_1_30' title='bbox 1851 518 1948 573; x_wconf 66' lang='grc' dir='ltr'>καὶ</span> 
     </span>
    </p>
   </div>
   <div class='ocr_carea' id='block_1_7' title="bbox 291 605 1948 689">
    <p class='ocr_par' dir='ltr' id='par_1_7' title="bbox 291 605 1948 689">
     <span class='ocr_line' id='line_1_7' title="bbox 291 605 1948 689; baseline -0.004 -22"><span class='ocrx_word' id='word_1_31' title='bbox 291 612 670 687; x_wconf 75' lang='grc' dir='ltr'>ὑπομνήματα</span> <span class='ocrx_word' id='word_1_32' title='bbox 739 611 1022 689; x_wconf 73' lang='grc' dir='ltr'>ἔπραττεν,</span> <span class='ocrx_word' id='word_1_33' title='bbox 1093 609 1228 686; x_wconf 79' lang='grc' dir='ltr'>ἅπερ</span> <span class='ocrx_word' id='word_1_34' title='bbox 1301 608 1473 666; x_wconf 65' lang='grc' dir='ltr'>πάντα</span> <span class='ocrx_word' id='word_1_35' title='bbox 1515 606 1658 683; x_wconf 77' lang='grc' dir='ltr'>παρὰ</span> <span class='ocrx_word' id='word_1_36' title='bbox 1711 605 1948 662; x_wconf 89' lang='grc' dir='ltr'>κανόνων</span> 
     </span>
    </p>
   </div>
   <div class='ocr_carea' id='block_1_8' title="bbox 297 693 1948 772">
    <p class='ocr_par' dir='ltr' id='par_1_8' title="bbox 297 693 1948 772">
     <span class='ocr_line' id='line_1_8' title="bbox 297 693 1948 772; baseline -0.005 -15"><span class='ocrx_word' id='word_1_37' title='bbox 297 701 622 760; x_wconf 78' lang='grc' dir='ltr'>ἀκολουθίαν</span> <span class='ocrx_word' id='word_1_38' title='bbox 665 701 755 769; x_wconf 78' lang='grc' dir='ltr'><strong>ἦν.</strong></span> <span class='ocrx_word' id='word_1_39' title='bbox 793 699 960 757; x_wconf 77' lang='grc' dir='ltr'>Ἀλλὰ</span> <span class='ocrx_word' id='word_1_40' title='bbox 992 705 1154 757; x_wconf 83' lang='grc' dir='ltr'>ταῦτα</span> <span class='ocrx_word' id='word_1_41' title='bbox 1213 697 1310 772; x_wconf 81' lang='grc' dir='ltr'><strong>μὲν</strong></span> <span class='ocrx_word' id='word_1_42' title='bbox 1354 698 1441 754; x_wconf 80' lang='grc' dir='ltr'><strong>καὶ</strong></span> <span class='ocrx_word' id='word_1_43' title='bbox 1497 698 1560 752; x_wconf 83' lang='grc' dir='ltr'>τὰ</span> <span class='ocrx_word' id='word_1_44' title='bbox 1594 696 1711 764; x_wconf 76' lang='grc' dir='ltr'><strong>ἑξῆς</strong></span> <span class='ocrx_word' id='word_1_45' title='bbox 1743 698 1775 764; x_wconf 77' lang='grc' dir='ltr'>ἡ</span> <span class='ocrx_word' id='word_1_46' title='bbox 1808 693 1948 760; x_wconf 74' lang='grc' dir='ltr'>καλὴ</span> 
     </span>
    </p>
   </div>
   <div class='ocr_carea' id='block_1_9' title="bbox 296 784 1945 867">
    <p class='ocr_par' dir='ltr' id='par_1_9' title="bbox 296 784 1945 867">
     <span class='ocr_line' id='line_1_9' title="bbox 296 784 1945 867; baseline -0.004 -21"><span class='ocrx_word' id='word_1_47' title='bbox 296 788 516 856; x_wconf 81' lang='grc' dir='ltr'>διέξεισι</span> <span class='ocrx_word' id='word_1_48' title='bbox 575 788 816 866; x_wconf 67' lang='grc' dir='ltr'>γλῶττα,</span> <span class='ocrx_word' id='word_1_49' title='bbox 848 791 936 846; x_wconf 83' lang='grc' dir='ltr'><strong>καὶ</strong></span> <span class='ocrx_word' id='word_1_50' title='bbox 965 790 1108 867; x_wconf 76' lang='grc' dir='ltr'>παρὰ</span> <span class='ocrx_word' id='word_1_51' title='bbox 1139 793 1292 844; x_wconf 80' lang='grc' dir='ltr'>τοῦτο</span> <span class='ocrx_word' id='word_1_52' title='bbox 1325 791 1384 846; x_wconf 81' lang='grc' dir='ltr'><strong>ού</strong></span> <span class='ocrx_word' id='word_1_53' title='bbox 1413 784 1496 843; x_wconf 86' lang='grc' dir='ltr'><strong>δεῖ</strong></span> <span class='ocrx_word' id='word_1_54' title='bbox 1557 785 1733 862; x_wconf 83' lang='grc' dir='ltr'>λέγειν</span> <span class='ocrx_word' id='word_1_55' title='bbox 1779 787 1945 860; x_wconf 72' lang='grc' dir='ltr'>ἡμᾶς,</span> 
     </span>
    </p>
   </div>
   <div class='ocr_carea' id='block_1_10' title="bbox 297 873 1949 957">
    <p class='ocr_par' dir='ltr' id='par_1_10' title="bbox 297 873 1949 957">
     <span class='ocr_line' id='line_1_10' title="bbox 297 873 1949 957; baseline -0.004 -21"><span class='ocrx_word' id='word_1_56' title='bbox 297 879 478 957; x_wconf 81' lang='grc' dir='ltr'>παρόν</span> <span class='ocrx_word' id='word_1_57' title='bbox 536 879 741 947; x_wconf 80' lang='grc' dir='ltr'>ἐκείνης</span> <span class='ocrx_word' id='word_1_58' title='bbox 800 879 1035 940; x_wconf 83' lang='grc' dir='ltr'>ἀκούειν,</span> <span class='ocrx_word' id='word_1_59' title='bbox 1071 875 1523 952; x_wconf 75' lang='grc' dir='ltr'><strong>Ἀπαγγελθείσης</strong></span> <span class='ocrx_word' id='word_1_60' title='bbox 1583 873 1639 930; x_wconf 75' lang='grc' dir='ltr'>δὲ</span> <span class='ocrx_word' id='word_1_61' title='bbox 1682 887 1799 937; x_wconf 83' lang='grc' dir='ltr'>τοῖς</span> <span class='ocrx_word' id='word_1_62' title='bbox 1831 875 1949 952; x_wconf 80' lang='grc' dir='ltr'>περὶ</span> 
     </span>
    </p>
   </div>
   <div class='ocr_carea' id='block_1_11' title="bbox 296 963 1947 1049">
    <p class='ocr_par' dir='ltr' id='par_1_11' title="bbox 296 963 1947 1049">
     <span class='ocr_line' id='line_1_11' title="bbox 296 963 1947 1049; baseline -0.004 -25"><span class='ocrx_word' id='word_1_63' title='bbox 296 968 560 1049; x_wconf 61' lang='grc' dir='ltr'>Θεόφιλον</span> <span class='ocrx_word' id='word_1_64' title='bbox 616 968 716 1036; x_wconf 73' lang='grc' dir='ltr'><strong>τῆς</strong></span> <span class='ocrx_word' id='word_1_65' title='bbox 773 966 1091 1046; x_wconf 80' lang='grc' dir='ltr'>ἀπολογίας,</span> <span class='ocrx_word' id='word_1_66' title='bbox 1151 967 1300 1023; x_wconf 78' lang='grc' dir='ltr'>αὖτοὶ</span> <span class='ocrx_word' id='word_1_67' title='bbox 1367 967 1466 1032; x_wconf 82' lang='grc' dir='ltr'>τὴν</span> <span class='ocrx_word' id='word_1_68' title='bbox 1531 963 1784 1034; x_wconf 76' lang='grc' dir='ltr'>ἀλήθειαν</span> <span class='ocrx_word' id='word_1_69' title='bbox 1842 969 1947 1019; x_wconf 83' lang='grc' dir='ltr'><strong>τῶν</strong></span> 
     </span>
    </p>
   </div>
   <div class='ocr_carea' id='block_1_12' title="bbox 294 1051 1948 1137">
    <p class='ocr_par' dir='ltr' id='par_1_12' title="bbox 294 1051 1948 1137">
     <span class='ocr_line' id='line_1_12' title="bbox 294 1051 1948 1137; baseline -0.004 -23"><span class='ocrx_word' id='word_1_70' title='bbox 294 1059 594 1137; x_wconf 78' lang='grc' dir='ltr'><strong>εἰρημένων</strong></span> <span class='ocrx_word' id='word_1_71' title='bbox 653 1062 749 1118; x_wconf 73' lang='grc' dir='ltr'><strong>οὔκ</strong></span> <span class='ocrx_word' id='word_1_72' title='bbox 785 1057 1116 1136; x_wconf 74' lang='grc' dir='ltr'><strong>ἐνεγκόντες,</strong></span> <span class='ocrx_word' id='word_1_73' title='bbox 1176 1055 1306 1113; x_wconf 80' lang='grc' dir='ltr'>εἶτα</span> <span class='ocrx_word' id='word_1_74' title='bbox 1358 1055 1494 1112; x_wconf 78' lang='grc' dir='ltr'>κατὰ</span> <span class='ocrx_word' id='word_1_75' title='bbox 1523 1060 1630 1110; x_wconf 84' lang='grc' dir='ltr'>τῶν</span> <span class='ocrx_word' id='word_1_76' title='bbox 1674 1051 1948 1110; x_wconf 73' lang='grc' dir='ltr'>ἀπεσταλ-</span> 
     </span>
    </p>
   </div>
   <div class='ocr_carea' id='block_1_13' title="bbox 297 1142 1944 1225">
    <p class='ocr_par' dir='ltr' id='par_1_13' title="bbox 297 1142 1944 1225">
     <span class='ocr_line' id='line_1_13' title="bbox 297 1142 1944 1225; baseline -0.004 -21"><span class='ocrx_word' id='word_1_77' title='bbox 297 1148 481 1222; x_wconf 79' lang='grc' dir='ltr'>μένων</span> <span class='ocrx_word' id='word_1_78' title='bbox 551 1149 650 1216; x_wconf 76' lang='grc' dir='ltr'><strong>τὴν</strong></span> <span class='ocrx_word' id='word_1_79' title='bbox 721 1148 888 1225; x_wconf 74' lang='grc' dir='ltr'>ὀργὴν</span> <span class='ocrx_word' id='word_1_80' title='bbox 946 1145 1184 1220; x_wconf 87' lang='grc' dir='ltr'>ἐκένουν,</span> <span class='ocrx_word' id='word_1_81' title='bbox 1243 1147 1330 1202; x_wconf 83' lang='grc' dir='ltr'><strong>καὶ</strong></span> <span class='ocrx_word' id='word_1_82' title='bbox 1385 1142 1673 1218; x_wconf 54' lang='grc' dir='ltr'>λαϐόμενοι</span> <span class='ocrx_word' id='word_1_83' title='bbox 1743 1143 1944 1199; x_wconf 91' lang='grc' dir='ltr'>τούτων</span> 
     </span>
    </p>
   </div>
   <div class='ocr_carea' id='block_1_14' title="bbox 299 1229 1944 1316">
    <p class='ocr_par' dir='ltr' id='par_1_14' title="bbox 299 1229 1944 1316">
     <span class='ocr_line' id='line_1_14' title="bbox 299 1229 1944 1316; baseline -0.004 -23"><span class='ocrx_word' id='word_1_84' title='bbox 299 1237 501 1314; x_wconf 75' lang='grc' dir='ltr'>ἕτυψάν</span> <span class='ocrx_word' id='word_1_85' title='bbox 545 1259 600 1294; x_wconf 89' lang='grc' dir='ltr'><strong>τε</strong></span> <span class='ocrx_word' id='word_1_86' title='bbox 645 1239 731 1294; x_wconf 81' lang='grc' dir='ltr'>καὶ</span> <span class='ocrx_word' id='word_1_87' title='bbox 789 1238 1028 1316; x_wconf 76' lang='grc' dir='ltr'><strong>χιτῶνας</strong></span> <span class='ocrx_word' id='word_1_88' title='bbox 1088 1235 1259 1292; x_wconf 74' lang='grc' dir='ltr'>αὖτῶν</span> <span class='ocrx_word' id='word_1_89' title='bbox 1315 1231 1586 1313; x_wconf 74' lang='grc' dir='ltr'>διέῤῥηξαν</span> <span class='ocrx_word' id='word_1_90' title='bbox 1620 1251 1637 1268; x_wconf 77' lang='grc' dir='ltr'><strong><em>ο</em></strong></span> <span class='ocrx_word' id='word_1_91' title='bbox 1695 1231 1824 1309; x_wconf 74' lang='grc' dir='ltr'>πρὸς</span> <span class='ocrx_word' id='word_1_92' title='bbox 1891 1229 1944 1288; x_wconf 75' lang='grc' dir='ltr'>δὲ</span> 
     </span>
    </p>
   </div>
   <div class='ocr_carea' id='block_1_15' title="bbox 299 1319 1944 1405">
    <p class='ocr_par' dir='ltr' id='par_1_15' title="bbox 299 1319 1944 1405">
     <span class='ocr_line' id='line_1_15' title="bbox 299 1319 1944 1405; baseline -0.004 -22"><span class='ocrx_word' id='word_1_93' title='bbox 299 1327 392 1384; x_wconf 80' lang='grc' dir='ltr'><strong>καί</strong></span> <span class='ocrx_word' id='word_1_94' title='bbox 452 1326 684 1405; x_wconf 78' lang='grc' dir='ltr'>σιδήροις</span> <span class='ocrx_word' id='word_1_95' title='bbox 743 1327 858 1389; x_wconf 77' lang='grc' dir='ltr'>ἐνὸς</span> <span class='ocrx_word' id='word_1_96' title='bbox 916 1327 1009 1382; x_wconf 86' lang='grc' dir='ltr'><strong>τὸν</strong></span> <span class='ocrx_word' id='word_1_97' title='bbox 1071 1323 1346 1404; x_wconf 71' lang='grc' dir='ltr'>τράχηλον</span> <span class='ocrx_word' id='word_1_98' title='bbox 1415 1321 1753 1402; x_wconf 88' lang='grc' dir='ltr'>περιέϐαλον,</span> <span class='ocrx_word' id='word_1_99' title='bbox 1810 1319 1944 1398; x_wconf 83' lang='grc' dir='ltr'>ὂίπερ</span> 
     </span>
    </p>
   </div>
   <div class='ocr_carea' id='block_1_16' title="bbox 300 1410 1943 1496">
    <p class='ocr_par' dir='ltr' id='par_1_16' title="bbox 300 1410 1943 1496">
     <span class='ocr_line' id='line_1_16' title="bbox 300 1410 1943 1496; baseline -0.005 -23"><span class='ocrx_word' id='word_1_100' title='bbox 300 1416 502 1496; x_wconf 79' lang='grc' dir='ltr'>ἔτυχον</span> <span class='ocrx_word' id='word_1_101' title='bbox 526 1418 646 1474; x_wconf 85' lang='grc' dir='ltr'>τότε</span> <span class='ocrx_word' id='word_1_102' title='bbox 699 1422 776 1489; x_wconf 83' lang='grc' dir='ltr'>τῷ</span> <span class='ocrx_word' id='word_1_103' title='bbox 823 1414 1134 1494; x_wconf 76' lang='grc' dir='ltr'>πατριάρχῃ</span> <span class='ocrx_word' id='word_1_104' title='bbox 1165 1410 1686 1491; x_wconf 71' lang='grc' dir='ltr'>παρασκευάσαντες.</span> <span class='ocrx_word' id='word_1_105' title='bbox 1723 1411 1794 1468; x_wconf 83' lang='grc' dir='ltr'>Ού</span> <span class='ocrx_word' id='word_1_106' title='bbox 1837 1411 1943 1486; x_wconf 75' lang='grc' dir='ltr'>μὴν</span> 
     </span>
    </p>
   </div>
   <div class='ocr_carea' id='block_1_17' title="bbox 298 1501 1942 1581">
    <p class='ocr_par' dir='ltr' id='par_1_17' title="bbox 298 1501 1942 1581">
     <span class='ocr_line' id='line_1_17' title="bbox 298 1501 1942 1581; baseline -0.004 -19"><span class='ocrx_word' id='word_1_107' title='bbox 298 1506 440 1563; x_wconf 78' lang='grc' dir='ltr'>ἀλλὰ</span> <span class='ocrx_word' id='word_1_108' title='bbox 492 1505 587 1563; x_wconf 71' lang='grc' dir='ltr'><strong>καί</strong></span> <span class='ocrx_word' id='word_1_109' title='bbox 646 1513 740 1564; x_wconf 83' lang='grc' dir='ltr'>τοῦ</span> <span class='ocrx_word' id='word_1_110' title='bbox 796 1511 1030 1581; x_wconf 76' lang='grc' dir='ltr'>πονηροῦ</span> <span class='ocrx_word' id='word_1_111' title='bbox 1087 1505 1252 1579; x_wconf 80' lang='grc' dir='ltr'>ταύτῃ</span> <span class='ocrx_word' id='word_1_112' title='bbox 1316 1501 1581 1567; x_wconf 72' lang='grc' dir='ltr'><strong>διαθέντος</strong></span> <span class='ocrx_word' id='word_1_113' title='bbox 1629 1501 1802 1558; x_wconf 71' lang='grc' dir='ltr'>αὐτῶν</span> <span class='ocrx_word' id='word_1_114' title='bbox 1845 1501 1942 1568; x_wconf 76' lang='grc' dir='ltr'>τὴν</span> 
     </span>
    </p>
   </div>
   <div class='ocr_carea' id='block_1_18' title="bbox 297 1592 1940 1674">
    <p class='ocr_par' dir='ltr' id='par_1_18' title="bbox 297 1592 1940 1674">
     <span class='ocr_line' id='line_1_18' title="bbox 297 1592 1940 1674; baseline -0.003 -23"><span class='ocrx_word' id='word_1_115' title='bbox 297 1596 539 1672; x_wconf 82' lang='grc' dir='ltr'>καρδίαν,</span> <span class='ocrx_word' id='word_1_116' title='bbox 601 1597 688 1653; x_wconf 83' lang='grc' dir='ltr'><strong>καὶ</strong></span> <span class='ocrx_word' id='word_1_117' title='bbox 755 1592 960 1674; x_wconf 72' lang='grc' dir='ltr'>φυγάδα</span> <span class='ocrx_word' id='word_1_118' title='bbox 1018 1599 1205 1651; x_wconf 74' lang='grc' dir='ltr'>τοῦτον</span> <span class='ocrx_word' id='word_1_119' title='bbox 1268 1592 1323 1649; x_wconf 91' lang='grc' dir='ltr'><strong>ἐν</strong></span> <span class='ocrx_word' id='word_1_120' title='bbox 1395 1593 1590 1672; x_wconf 76' lang='grc' dir='ltr'>ἀφανεῖ</span> <span class='ocrx_word' id='word_1_121' title='bbox 1651 1594 1940 1648; x_wconf 85' lang='grc' dir='ltr'>καθιστῶσι</span> 
     </span>
    </p>
   </div>
   <div class='ocr_carea' id='block_1_19' title="bbox 296 1676 1942 1763">
    <p class='ocr_par' dir='ltr' id='par_1_19' title="bbox 296 1676 1942 1763">
     <span class='ocr_line' id='line_1_19' title="bbox 296 1676 1942 1763; baseline -0.003 -23"><span class='ocrx_word' id='word_1_122' title='bbox 296 1687 472 1759; x_wconf 80' lang='grc' dir='ltr'>τόπῳ,</span> <span class='ocrx_word' id='word_1_123' title='bbox 532 1686 596 1741; x_wconf 78' lang='grc' dir='ltr'><strong>τὰ</strong></span> <span class='ocrx_word' id='word_1_124' title='bbox 665 1683 852 1763; x_wconf 87' lang='grc' dir='ltr'>σίδηρα</span> <span class='ocrx_word' id='word_1_125' title='bbox 928 1684 1078 1740; x_wconf 85' lang='grc' dir='ltr'>ταυτὶ</span> <span class='ocrx_word' id='word_1_126' title='bbox 1153 1680 1632 1760; x_wconf 83' lang='grc' dir='ltr'>περιϐεϐλημένον.</span> <span class='ocrx_word' id='word_1_127' title='bbox 1707 1676 1942 1738; x_wconf 83' lang='grc' dir='ltr'>Ἐκείνου</span> 
     </span>
    </p>
   </div>
   <div class='ocr_carea' id='block_1_20' title="bbox 2036 513 3671 592">
    <p class='ocr_par' dir='ltr' id='par_1_20' title="bbox 2036 513 3671 592">
     <span class='ocr_line' id='line_1_20' title="bbox 2036 513 3671 592; baseline 0.007 -20"><span class='ocrx_word' id='word_1_128' title='bbox 2036 524 2089 572; x_wconf 80' lang='lat' dir='ltr'><strong>et</strong></span> <span class='ocrx_word' id='word_1_129' title='bbox 2105 513 2396 587; x_wconf 83' lang='lat' dir='ltr'><strong>synodum</strong></span> <span class='ocrx_word' id='word_1_130' title='bbox 2417 515 2902 579; x_wconf 87' lang='lat' dir='ltr'><strong>invocantibus.et</strong></span> <span class='ocrx_word' id='word_1_131' title='bbox 2919 515 3204 588; x_wconf 85' lang='lat' dir='ltr'><strong>judicium</strong></span> <span class='ocrx_word' id='word_1_132' title='bbox 3220 520 3671 592; x_wconf 71' lang='lat' dir='ltr'><strong>requirentibus,</strong></span> 
     </span>
    </p>
   </div>
   <div class='ocr_carea' id='block_1_21' title="bbox 2035 599 3673 684">
    <p class='ocr_par' dir='ltr' id='par_1_21' title="bbox 2035 599 3673 684">
     <span class='ocr_line' id='line_1_21' title="bbox 2035 599 3673 684; baseline 0.006 -22"><span class='ocrx_word' id='word_1_133' title='bbox 2035 607 2237 662; x_wconf 89' lang='lat' dir='ltr'><strong>etnon</strong></span> <span class='ocrx_word' id='word_1_134' title='bbox 2261 600 2630 662; x_wconf 79' lang='lat' dir='ltr'><strong>auditionem</strong></span> <span class='ocrx_word' id='word_1_135' title='bbox 2663 599 3164 680; x_wconf 82' lang='lat' dir='ltr'><strong>fugientibus,sed</strong></span> <span class='ocrx_word' id='word_1_136' title='bbox 3197 615 3432 684; x_wconf 88' lang='lat' dir='ltr'><strong>apertas</strong></span> <span class='ocrx_word' id='word_1_137' title='bbox 3465 609 3673 672; x_wconf 86' lang='lat' dir='ltr'><strong>inimi-</strong></span> 
     </span>
    </p>
   </div>
   <div class='ocr_carea' id='block_1_22' title="bbox 2034 690 3670 774">
    <p class='ocr_par' dir='ltr' id='par_1_22' title="bbox 2034 690 3670 774">
     <span class='ocr_line' id='line_1_22' title="bbox 2034 690 3670 774; baseline 0.007 -23"><span class='ocrx_word' id='word_1_138' title='bbox 2034 690 2223 763; x_wconf 89' lang='lat' dir='ltr'><strong>citias,</strong></span> <span class='ocrx_word' id='word_1_139' title='bbox 2258 690 2498 752; x_wconf 83' lang='lat' dir='ltr'><strong>admisit</strong></span> <span class='ocrx_word' id='word_1_140' title='bbox 2524 699 2933 765; x_wconf 79' lang='lat' dir='ltr'><strong>accusatores,</strong></span> <span class='ocrx_word' id='word_1_141' title='bbox 2956 701 3014 752; x_wconf 92' lang='lat' dir='ltr'><strong>et</strong></span> <span class='ocrx_word' id='word_1_142' title='bbox 3042 711 3148 753; x_wconf 90' lang='lat' dir='ltr'><strong>eos</strong></span> <span class='ocrx_word' id='word_1_143' title='bbox 3181 695 3281 774; x_wconf 88' lang='lat' dir='ltr'><strong>qui</strong></span> <span class='ocrx_word' id='word_1_144' title='bbox 3314 714 3670 762; x_wconf 88' lang='lat' dir='ltr'><strong>excommu-</strong></span> 
     </span>
    </p>
   </div>
   <div class='ocr_carea' id='block_1_23' title="bbox 2033 778 3672 872">
    <p class='ocr_par' dir='ltr' id='par_1_23' title="bbox 2033 778 3672 872">
     <span class='ocr_line' id='line_1_23' title="bbox 2033 778 3672 872; baseline 0.007 -32"><span class='ocrx_word' id='word_1_145' title='bbox 2033 778 2211 872; x_wconf 81' lang='lat' dir='ltr'><strong>nicati</strong></span> <span class='ocrx_word' id='word_1_146' title='bbox 2251 799 2283 840; x_wconf 91' lang='lat' dir='ltr'><strong>a</strong></span> <span class='ocrx_word' id='word_1_147' title='bbox 2311 797 2409 872; x_wconf 89' lang='lat' dir='ltr'><strong>me</strong></span> <span class='ocrx_word' id='word_1_148' title='bbox 2440 779 2699 872; x_wconf 82' lang='lat' dir='ltr'><strong>fuerant,</strong></span> <span class='ocrx_word' id='word_1_149' title='bbox 2731 780 3007 856; x_wconf 75' lang='lat' dir='ltr'><strong>absolvit,</strong></span> <span class='ocrx_word' id='word_1_150' title='bbox 3045 791 3103 843; x_wconf 92' lang='lat' dir='ltr'><strong>et</strong></span> <span class='ocrx_word' id='word_1_151' title='bbox 3157 782 3230 872; x_wconf 88' lang='lat' dir='ltr'><strong>ab</strong></span> <span class='ocrx_word' id='word_1_152' title='bbox 3266 785 3336 844; x_wconf 89' lang='lat' dir='ltr'><strong>iis</strong></span> <span class='ocrx_word' id='word_1_153' title='bbox 3366 785 3534 866; x_wconf 90' lang='lat' dir='ltr'><strong>ipsis,</strong></span> <span class='ocrx_word' id='word_1_154' title='bbox 3569 791 3672 872; x_wconf 87' lang='lat' dir='ltr'><strong>qui</strong></span> 
     </span>
    </p>
   </div>
   <div class='ocr_carea' id='block_1_24' title="bbox 2035 869 3672 952">
    <p class='ocr_par' dir='ltr' id='par_1_24' title="bbox 2035 869 3672 952">
     <span class='ocr_line' id='line_1_24' title="bbox 2035 869 3672 952; baseline 0.007 -22"><span class='ocrx_word' id='word_1_155' title='bbox 2035 869 2298 931; x_wconf 90' lang='lat' dir='ltr'><strong>nondum</strong></span> <span class='ocrx_word' id='word_1_156' title='bbox 2333 870 2586 932; x_wconf 87' lang='lat' dir='ltr'><strong>crimina</strong></span> <span class='ocrx_word' id='word_1_157' title='bbox 2614 869 2938 945; x_wconf 90' lang='lat' dir='ltr'><strong>diluerant,</strong></span> <span class='ocrx_word' id='word_1_158' title='bbox 2997 871 3230 952; x_wconf 83' lang='lat' dir='ltr'><strong>accepit</strong></span> <span class='ocrx_word' id='word_1_159' title='bbox 3285 873 3548 952; x_wconf 84' lang='lat' dir='ltr'><strong>libellos,</strong></span> <span class='ocrx_word' id='word_1_160' title='bbox 3588 869 3672 942; x_wconf 73' lang='grc' dir='ltr'><strong>ἐι</strong></span> 
     </span>
    </p>
   </div>
   <div class='ocr_carea' id='block_1_25' title="bbox 2034 959 3674 1042">
    <p class='ocr_par' dir='ltr' id='par_1_25' title="bbox 2034 959 3674 1042">
     <span class='ocr_line' id='line_1_25' title="bbox 2034 959 3674 1042; baseline 0.007 -22"><span class='ocrx_word' id='word_1_161' title='bbox 2034 959 2230 1038; x_wconf 85' lang='lat' dir='ltr'><strong>exegit</strong></span> <span class='ocrx_word' id='word_1_162' title='bbox 2262 959 2726 1022; x_wconf 86' lang='lat' dir='ltr'><strong>commentarios</strong></span> <span class='ocrx_word' id='word_1_163' title='bbox 2763 982 2776 1023; x_wconf 92' lang='lat'>:</span> <span class='ocrx_word' id='word_1_164' title='bbox 2823 979 2954 1042; x_wconf 65' lang='lat' dir='ltr'><strong>quae</strong></span> <span class='ocrx_word' id='word_1_165' title='bbox 2983 963 3230 1039; x_wconf 87' lang='lat' dir='ltr'><strong>quidem</strong></span> <span class='ocrx_word' id='word_1_166' title='bbox 3268 975 3438 1027; x_wconf 90' lang='lat' dir='ltr'><strong>erant</strong></span> <span class='ocrx_word' id='word_1_167' title='bbox 3471 970 3674 1032; x_wconf 89' lang='lat' dir='ltr'><strong>omnia</strong></span> 
     </span>
    </p>
   </div>
   <div class='ocr_carea' id='block_1_26' title="bbox 2033 1051 3670 1138">
    <p class='ocr_par' dir='ltr' id='par_1_26' title="bbox 2033 1051 3670 1138">
     <span class='ocr_line' id='line_1_26' title="bbox 2033 1051 3670 1138; baseline 0.008 -30"><span class='ocrx_word' id='word_1_168' title='bbox 2033 1056 2253 1127; x_wconf 66' lang='lat' dir='ltr'><strong>praeter</strong></span> <span class='ocrx_word' id='word_1_169' title='bbox 2269 1067 2564 1138; x_wconf 89' lang='lat' dir='ltr'><strong>canonum</strong></span> <span class='ocrx_word' id='word_1_170' title='bbox 2588 1051 3229 1131; x_wconf 88' lang='lat' dir='ltr'><strong>consequentiam.Sed</strong></span> <span class='ocrx_word' id='word_1_171' title='bbox 3249 1054 3376 1116; x_wconf 62' lang='lat' dir='ltr'><strong>hac</strong></span> <span class='ocrx_word' id='word_1_172' title='bbox 3400 1057 3670 1138; x_wconf 85' lang='lat' dir='ltr'><strong>quidem,</strong></span> 
     </span>
    </p>
   </div>
   <div class='ocr_carea' id='block_1_27' title="bbox 2031 1137 3671 1225">
    <p class='ocr_par' dir='ltr' id='par_1_27' title="bbox 2031 1137 3671 1225">
     <span class='ocr_line' id='line_1_27' title="bbox 2031 1137 3671 1225; baseline 0.008 -28"><span class='ocrx_word' id='word_1_173' title='bbox 2031 1145 2090 1198; x_wconf 92' lang='lat' dir='ltr'><strong>et</strong></span> <span class='ocrx_word' id='word_1_174' title='bbox 2108 1155 2241 1218; x_wconf 60' lang='lat' dir='ltr'><strong>quae</strong></span> <span class='ocrx_word' id='word_1_175' title='bbox 2263 1137 2549 1218; x_wconf 88' lang='lat' dir='ltr'><strong>deinceps</strong></span> <span class='ocrx_word' id='word_1_176' title='bbox 2571 1149 2924 1219; x_wconf 88' lang='lat' dir='ltr'><strong>sequuntur,</strong></span> <span class='ocrx_word' id='word_1_177' title='bbox 2952 1143 3190 1221; x_wconf 84' lang='lat' dir='ltr'><strong>egregia</strong></span> <span class='ocrx_word' id='word_1_178' title='bbox 3212 1143 3311 1206; x_wconf 87' lang='lat' dir='ltr'><strong>illa</strong></span> <span class='ocrx_word' id='word_1_179' title='bbox 3336 1145 3542 1225; x_wconf 84' lang='lat' dir='ltr'><strong>lingua</strong></span> <span class='ocrx_word' id='word_1_180' title='bbox 3569 1166 3671 1210; x_wconf 89' lang='lat' dir='ltr'><strong>re-</strong></span> 
     </span>
    </p>
   </div>
   <div class='ocr_carea' id='block_1_28' title="bbox 2029 1228 3666 1315">
    <p class='ocr_par' dir='ltr' id='par_1_28' title="bbox 2029 1228 3666 1315">
     <span class='ocr_line' id='line_1_28' title="bbox 2029 1228 3666 1315; baseline 0.007 -27"><span class='ocrx_word' id='word_1_181' title='bbox 2029 1238 2235 1288; x_wconf 90' lang='lat' dir='ltr'><strong>censet</strong></span> <span class='ocrx_word' id='word_1_182' title='bbox 2271 1248 2286 1288; x_wconf 91' lang='lat'><strong>:</strong></span> <span class='ocrx_word' id='word_1_183' title='bbox 2336 1237 2395 1289; x_wconf 91' lang='lat' dir='ltr'><strong>et</strong></span> <span class='ocrx_word' id='word_1_184' title='bbox 2438 1228 2575 1290; x_wconf 90' lang='lat' dir='ltr'><strong>ideo</strong></span> <span class='ocrx_word' id='word_1_185' title='bbox 2600 1247 2719 1290; x_wconf 89' lang='lat' dir='ltr'><strong>non</strong></span> <span class='ocrx_word' id='word_1_186' title='bbox 2743 1248 2892 1309; x_wconf 92' lang='lat' dir='ltr'><strong>opus</strong></span> <span class='ocrx_word' id='word_1_187' title='bbox 2913 1239 3024 1304; x_wconf 83' lang='lat' dir='ltr'><strong>est,</strong></span> <span class='ocrx_word' id='word_1_188' title='bbox 3062 1240 3124 1292; x_wconf 93' lang='lat' dir='ltr'><strong>ut</strong></span> <span class='ocrx_word' id='word_1_189' title='bbox 3147 1250 3218 1292; x_wconf 92' lang='lat' dir='ltr'><strong>ea</strong></span> <span class='ocrx_word' id='word_1_190' title='bbox 3236 1251 3344 1295; x_wconf 90' lang='lat' dir='ltr'><strong>nos</strong></span> <span class='ocrx_word' id='word_1_191' title='bbox 3373 1235 3666 1315; x_wconf 83' lang='lat' dir='ltr'><strong>dicamus,</strong></span> 
     </span>
    </p>
   </div>
   <div class='ocr_carea' id='block_1_29' title="bbox 2027 1315 3669 1388">
    <p class='ocr_par' dir='ltr' id='par_1_29' title="bbox 2027 1315 3669 1388">
     <span class='ocr_line' id='line_1_29' title="bbox 2027 1315 3669 1388; baseline 0.007 -12"><span class='ocrx_word' id='word_1_192' title='bbox 2027 1333 2164 1378; x_wconf 89' lang='lat' dir='ltr'><strong>cum</strong></span> <span class='ocrx_word' id='word_1_193' title='bbox 2189 1315 2352 1379; x_wconf 88' lang='lat' dir='ltr'><strong>illam</strong></span> <span class='ocrx_word' id='word_1_194' title='bbox 2377 1317 2587 1380; x_wconf 89' lang='lat' dir='ltr'><strong>audire</strong></span> <span class='ocrx_word' id='word_1_195' title='bbox 2618 1318 2818 1380; x_wconf 88' lang='lat' dir='ltr'><strong>liceat.</strong></span> <span class='ocrx_word' id='word_1_196' title='bbox 2846 1317 3067 1382; x_wconf 85' lang='lat' dir='ltr'><strong>Verum</strong></span> <span class='ocrx_word' id='word_1_197' title='bbox 3090 1321 3250 1383; x_wconf 89' lang='lat' dir='ltr'><strong>enim</strong></span> <span class='ocrx_word' id='word_1_198' title='bbox 3276 1341 3412 1385; x_wconf 87' lang='lat' dir='ltr'><strong>vero</strong></span> <span class='ocrx_word' id='word_1_199' title='bbox 3435 1343 3669 1388; x_wconf 87' lang='lat' dir='ltr'><strong>renun-</strong></span> 
     </span>
    </p>
   </div>
   <div class='ocr_carea' id='block_1_30' title="bbox 2027 1407 3670 1497">
    <p class='ocr_par' dir='ltr' id='par_1_30' title="bbox 2027 1407 3670 1497">
     <span class='ocr_line' id='line_1_30' title="bbox 2027 1407 3670 1497; baseline 0.008 -32"><span class='ocrx_word' id='word_1_200' title='bbox 2027 1407 2167 1467; x_wconf 87' lang='lat' dir='ltr'><strong>tiata</strong></span> <span class='ocrx_word' id='word_1_201' title='bbox 2187 1407 2551 1497; x_wconf 80' lang='lat' dir='ltr'><strong>defensione</strong></span> <span class='ocrx_word' id='word_1_202' title='bbox 2579 1407 2792 1497; x_wconf 84' lang='lat' dir='ltr'><strong>iis,qoi</strong></span> <span class='ocrx_word' id='word_1_203' title='bbox 2823 1419 2991 1471; x_wconf 92' lang='lat' dir='ltr'><strong>erant</strong></span> <span class='ocrx_word' id='word_1_204' title='bbox 3023 1428 3158 1471; x_wconf 89' lang='lat' dir='ltr'><strong>cum</strong></span> <span class='ocrx_word' id='word_1_205' title='bbox 3188 1411 3670 1497; x_wconf 82' lang='lat' dir='ltr'><strong>Theophilo,ipsi</strong></span> 
     </span>
    </p>
   </div>
   <div class='ocr_carea' id='block_1_31' title="bbox 2026 1495 3668 1583">
    <p class='ocr_par' dir='ltr' id='par_1_31' title="bbox 2026 1495 3668 1583">
     <span class='ocr_line' id='line_1_31' title="bbox 2026 1495 3668 1583; baseline 0.007 -27"><span class='ocrx_word' id='word_1_206' title='bbox 2026 1514 2145 1557; x_wconf 91' lang='lat' dir='ltr'><strong>non</strong></span> <span class='ocrx_word' id='word_1_207' title='bbox 2175 1495 2439 1560; x_wconf 85' lang='lat' dir='ltr'><strong>ferentes</strong></span> <span class='ocrx_word' id='word_1_208' title='bbox 2472 1496 2778 1560; x_wconf 86' lang='lat' dir='ltr'><strong>veritatem</strong></span> <span class='ocrx_word' id='word_1_209' title='bbox 2838 1517 3070 1572; x_wconf 89' lang='lat' dir='ltr'><strong>eorum,</strong></span> <span class='ocrx_word' id='word_1_210' title='bbox 3126 1519 3258 1581; x_wconf 65' lang='lat' dir='ltr'><strong>quae</strong></span> <span class='ocrx_word' id='word_1_211' title='bbox 3288 1495 3668 1583; x_wconf 85' lang='lat' dir='ltr'><strong>dicebantur,</strong></span> 
     </span>
    </p>
   </div>
   <div class='ocr_carea' id='block_1_32' title="bbox 2030 1587 3664 1671">
    <p class='ocr_par' dir='ltr' id='par_1_32' title="bbox 2030 1587 3664 1671">
     <span class='ocr_line' id='line_1_32' title="bbox 2030 1587 3664 1671; baseline 0.006 -24"><span class='ocrx_word' id='word_1_212' title='bbox 2030 1587 2352 1662; x_wconf 72' lang='lat' dir='ltr'><strong>(quomodo</strong></span> <span class='ocrx_word' id='word_1_213' title='bbox 2378 1588 2564 1663; x_wconf 91' lang='lat' dir='ltr'><strong>enim,</strong></span> <span class='ocrx_word' id='word_1_214' title='bbox 2591 1587 2693 1670; x_wconf 90' lang='lat' dir='ltr'><strong>qui</strong></span> <span class='ocrx_word' id='word_1_215' title='bbox 2721 1607 2887 1669; x_wconf 88' lang='lat' dir='ltr'><strong>spem</strong></span> <span class='ocrx_word' id='word_1_216' title='bbox 2917 1598 3240 1668; x_wconf 86' lang='lat' dir='ltr'><strong>posuerant</strong></span> <span class='ocrx_word' id='word_1_217' title='bbox 3260 1593 3664 1671; x_wconf 87' lang='lat' dir='ltr'><strong>mendacium,</strong></span> 
     </span>
    </p>
   </div>
   <div class='ocr_carea' id='block_1_33' title="bbox 2027 1675 3667 1764">
    <p class='ocr_par' dir='ltr' id='par_1_33' title="bbox 2027 1675 3667 1764">
     <span class='ocr_line' id='line_1_33' title="bbox 2027 1675 3667 1764; baseline 0.006 -28"><span class='ocrx_word' id='word_1_218' title='bbox 2027 1683 2092 1736; x_wconf 90' lang='lat' dir='ltr'><strong>ut</strong></span> <span class='ocrx_word' id='word_1_219' title='bbox 2120 1675 2200 1738; x_wconf 88' lang='lat' dir='ltr'><strong>ait</strong></span> <span class='ocrx_word' id='word_1_220' title='bbox 2225 1675 2435 1738; x_wconf 91' lang='lat' dir='ltr'><strong>beatus</strong></span> <span class='ocrx_word' id='word_1_221' title='bbox 2454 1676 2634 1740; x_wconf 86' lang='lat' dir='ltr'><strong>Isaias</strong></span> <span class='ocrx_word' id='word_1_222' title='bbox 2651 1677 2736 1750; x_wconf 74' lang='grc'><strong>56,</strong></span> <span class='ocrx_word' id='word_1_223' title='bbox 2770 1686 2828 1739; x_wconf 92' lang='lat' dir='ltr'><strong>et</strong></span> <span class='ocrx_word' id='word_1_224' title='bbox 2860 1678 3286 1759; x_wconf 82' lang='lat' dir='ltr'><strong>exspectabant</strong></span> <span class='ocrx_word' id='word_1_225' title='bbox 3311 1680 3464 1764; x_wconf 83' lang='lat' dir='ltr'><strong>fore,</strong></span> <span class='ocrx_word' id='word_1_226' title='bbox 3501 1692 3564 1744; x_wconf 91' lang='lat' dir='ltr'><strong>ut</strong></span> <span class='ocrx_word' id='word_1_227' title='bbox 3595 1703 3667 1746; x_wconf 92' lang='lat' dir='ltr'><strong>eo</strong></span> 
     </span>
    </p>
   </div>
   <div class='ocr_carea' id='block_1_34' title="bbox 295 1766 1912 1854">
    <p class='ocr_par' dir='ltr' id='par_1_34' title="bbox 295 1769 1912 1854">
     <span class='ocr_line' id='line_1_34' title="bbox 295 1769 1912 1854; baseline -0.004 -22"><span class='ocrx_word' id='word_1_228' title='bbox 295 1782 602 1854; x_wconf 72' lang='grc' dir='ltr'><strong>τοιγαροῦν,</strong></span> <span class='ocrx_word' id='word_1_229' title='bbox 653 1776 726 1838; x_wconf 84' lang='grc' dir='ltr'>ὡς</span> <span class='ocrx_word' id='word_1_230' title='bbox 788 1775 1124 1854; x_wconf 80' lang='grc' dir='ltr'>προείρηται,</span> <span class='ocrx_word' id='word_1_231' title='bbox 1174 1773 1358 1836; x_wconf 76' lang='grc' dir='ltr'>αὐτοὺς</span> <span class='ocrx_word' id='word_1_232' title='bbox 1412 1771 1532 1846; x_wconf 76' lang='grc' dir='ltr'>μὲν,</span> <span class='ocrx_word' id='word_1_233' title='bbox 1594 1771 1686 1826; x_wconf 81' lang='grc' dir='ltr'><strong>ἃτε</strong></span> <span class='ocrx_word' id='word_1_234' title='bbox 1718 1769 1912 1850; x_wconf 68' lang='grc' dir='ltr'>ἐχθροὺ</span> 
     </span>
    </p>
   </div>
   <div class='ocr_carea' id='block_1_35' title="bbox 2011 1766 3667 1854">
    <p class='ocr_par' dir='ltr' id='par_1_35' title="bbox 2029 1766 3667 1852">
     <span class='ocr_line' id='line_1_35' title="bbox 2029 1766 3667 1852; baseline 0.006 -26"><span class='ocrx_word' id='word_1_235' title='bbox 2029 1766 2456 1845; x_wconf 83' lang='lat' dir='ltr'><strong>tegerentur?)</strong></span> <span class='ocrx_word' id='word_1_236' title='bbox 2508 1767 2656 1829; x_wconf 89' lang='lat' dir='ltr'><strong>iram</strong></span> <span class='ocrx_word' id='word_1_237' title='bbox 2717 1766 3060 1830; x_wconf 69' lang='lat' dir='ltr'><strong>effuderunt</strong></span> <span class='ocrx_word' id='word_1_238' title='bbox 3087 1767 3149 1829; x_wconf 91' lang='lat' dir='ltr'><strong>in</strong></span> <span class='ocrx_word' id='word_1_239' title='bbox 3181 1787 3308 1844; x_wconf 93' lang='lat' dir='ltr'><strong>eos,</strong></span> <span class='ocrx_word' id='word_1_240' title='bbox 3343 1771 3444 1852; x_wconf 90' lang='lat' dir='ltr'><strong>qui</strong></span> <span class='ocrx_word' id='word_1_241' title='bbox 3496 1773 3667 1836; x_wconf 89' lang='lat' dir='ltr'><strong>missi</strong></span> 
     </span>
    </p>
   </div>
   <div class='ocr_carea' id='block_1_36' title="bbox 298 1858 1940 1944">
    <p class='ocr_par' dir='ltr' id='par_1_36' title="bbox 298 1858 1940 1944">
     <span class='ocr_line' id='line_1_36' title="bbox 298 1858 1940 1944; baseline -0.004 -24"><span class='ocrx_word' id='word_1_242' title='bbox 298 1878 491 1944; x_wconf 67' lang='grc' dir='ltr'>σαφεῖς</span> <span class='ocrx_word' id='word_1_243' title='bbox 551 1864 704 1927; x_wconf 80' lang='grc' dir='ltr'>ὄντας</span> <span class='ocrx_word' id='word_1_244' title='bbox 751 1863 1198 1941; x_wconf 65' lang='grc' dir='ltr'>παραιτουμένου,</span> <span class='ocrx_word' id='word_1_245' title='bbox 1263 1859 1481 1919; x_wconf 89' lang='grc' dir='ltr'>σύνοδον</span> <span class='ocrx_word' id='word_1_246' title='bbox 1539 1858 1593 1916; x_wconf 73' lang='grc' dir='ltr'>δὲ</span> <span class='ocrx_word' id='word_1_247' title='bbox 1653 1861 1940 1929; x_wconf 78' lang='grc' dir='ltr'>κανονικήν</span> 
     </span>
    </p>
   </div>
   <div class='ocr_carea' id='block_1_37' title="bbox 298 1949 1939 2033">
    <p class='ocr_par' dir='ltr' id='par_1_37' title="bbox 298 1949 1939 2033">
     <span class='ocr_line' id='line_1_37' title="bbox 298 1949 1939 2033; baseline -0.002 -23"><span class='ocrx_word' id='word_1_248' title='bbox 298 1953 744 2029; x_wconf 71' lang='grc' dir='ltr'>ἐπικαλουμένου,</span> <span class='ocrx_word' id='word_1_249' title='bbox 780 1955 828 2010; x_wconf 76' lang='grc' dir='ltr'>οἱ</span> <span class='ocrx_word' id='word_1_250' title='bbox 859 1967 1056 2033; x_wconf 84' lang='grc' dir='ltr'>ταχεῖς</span> <span class='ocrx_word' id='word_1_251' title='bbox 1084 1953 1229 2028; x_wconf 76' lang='grc' dir='ltr'>αἷμα</span> <span class='ocrx_word' id='word_1_252' title='bbox 1261 1951 1472 2032; x_wconf 83' lang='grc' dir='ltr'>ἐκχέαι,</span> <span class='ocrx_word' id='word_1_253' title='bbox 1508 1951 1595 2007; x_wconf 88' lang='grc' dir='ltr'><strong>καὶ</strong></span> <span class='ocrx_word' id='word_1_254' title='bbox 1625 1953 1704 2026; x_wconf 78' lang='grc' dir='ltr'>μὴ</span> <span class='ocrx_word' id='word_1_255' title='bbox 1736 1949 1939 2028; x_wconf 82' lang='grc' dir='ltr'>παρόν-</span> 
     </span>
    </p>
   </div>
   <div class='ocr_carea' id='block_1_38' title="bbox 295 2040 1940 2120">
    <p class='ocr_par' dir='ltr' id='par_1_38' title="bbox 295 2040 1940 2120">
     <span class='ocr_line' id='line_1_38' title="bbox 295 2040 1940 2120; baseline -0.003 -19"><span class='ocrx_word' id='word_1_256' title='bbox 295 2067 387 2108; x_wconf 88' lang='grc' dir='ltr'><strong>τος</strong></span> <span class='ocrx_word' id='word_1_257' title='bbox 433 2042 571 2118; x_wconf 76' lang='grc' dir='ltr'>μηδὲ</span> <span class='ocrx_word' id='word_1_258' title='bbox 600 2045 662 2101; x_wconf 83' lang='grc' dir='ltr'>τὸ</span> <span class='ocrx_word' id='word_1_259' title='bbox 694 2043 943 2120; x_wconf 77' lang='grc' dir='ltr'>παράπαν</span> <span class='ocrx_word' id='word_1_260' title='bbox 974 2065 1024 2100; x_wconf 90' lang='grc' dir='ltr'><strong>τι</strong></span> <span class='ocrx_word' id='word_1_261' title='bbox 1057 2040 1490 2119; x_wconf 75' lang='grc' dir='ltr'>ἀπολογουμένου</span> <span class='ocrx_word' id='word_1_262' title='bbox 1533 2040 1940 2118; x_wconf 78' lang='grc' dir='ltr'>καταψηφίζον-</span> 
     </span>
    </p>
   </div>
   <div class='ocr_carea' id='block_1_39' title="bbox 299 2130 1936 2212">
    <p class='ocr_par' dir='ltr' id='par_1_39' title="bbox 299 2130 1936 2212">
     <span class='ocr_line' id='line_1_39' title="bbox 299 2130 1936 2212; baseline -0.002 -24"><span class='ocrx_word' id='word_1_263' title='bbox 299 2156 411 2206; x_wconf 78' lang='grc' dir='ltr'>ται,</span> <span class='ocrx_word' id='word_1_264' title='bbox 449 2133 612 2212; x_wconf 78' lang='grc' dir='ltr'>σαθρά</span> <span class='ocrx_word' id='word_1_265' title='bbox 637 2155 763 2189; x_wconf 90' lang='grc' dir='ltr'>τινα</span> <span class='ocrx_word' id='word_1_266' title='bbox 794 2131 932 2206; x_wconf 83' lang='grc' dir='ltr'>λίαν,</span> <span class='ocrx_word' id='word_1_267' title='bbox 972 2139 1060 2189; x_wconf 80' lang='grc' dir='ltr'>τοῦ</span> <span class='ocrx_word' id='word_1_268' title='bbox 1089 2131 1376 2209; x_wconf 80' lang='grc' dir='ltr'>ἀγγελικοῦ</span> <span class='ocrx_word' id='word_1_269' title='bbox 1416 2130 1756 2191; x_wconf 81' lang='grc' dir='ltr'>κατειπόντες</span> <span class='ocrx_word' id='word_1_270' title='bbox 1799 2130 1936 2205; x_wconf 84' lang='grc' dir='ltr'>βίου,</span> 
     </span>
    </p>
   </div>
   <div class='ocr_carea' id='block_1_40' title="bbox 297 2217 1940 2297">
    <p class='ocr_par' dir='ltr' id='par_1_40' title="bbox 297 2217 1940 2297">
     <span class='ocr_line' id='line_1_40' title="bbox 297 2217 1940 2297; baseline -0.004 -17"><span class='ocrx_word' id='word_1_271' title='bbox 297 2225 570 2294; x_wconf 86' lang='grc' dir='ltr'>παίζουσιν</span> <span class='ocrx_word' id='word_1_272' title='bbox 619 2222 853 2285; x_wconf 80' lang='grc' dir='ltr'>ἐοικότες</span> <span class='ocrx_word' id='word_1_273' title='bbox 897 2220 1102 2297; x_wconf 80' lang='grc' dir='ltr'>μᾶλλον</span> <span class='ocrx_word' id='word_1_274' title='bbox 1136 2222 1172 2290; x_wconf 75' lang='grc' dir='ltr'><strong>ἢ</strong></span> <span class='ocrx_word' id='word_1_275' title='bbox 1222 2217 1594 2294; x_wconf 66' lang='grc' dir='ltr'>σπουδάζουσι,</span> <span class='ocrx_word' id='word_1_276' title='bbox 1628 2221 1713 2276; x_wconf 80' lang='grc' dir='ltr'><strong>καὶ</strong></span> <span class='ocrx_word' id='word_1_277' title='bbox 1757 2219 1857 2286; x_wconf 74' lang='grc' dir='ltr'>τὴν</span> <span class='ocrx_word' id='word_1_278' title='bbox 1887 2218 1940 2274; x_wconf 82' lang='grc' dir='ltr'>ἐν</span> 
     </span>
    </p>
   </div>
   <div class='ocr_carea' id='block_1_41' title="bbox 296 2309 1942 2393">
    <p class='ocr_par' dir='ltr' id='par_1_41' title="bbox 296 2309 1942 2393">
     <span class='ocr_line' id='line_1_41' title="bbox 296 2309 1942 2393; baseline -0.003 -24"><span class='ocrx_word' id='word_1_279' title='bbox 296 2319 489 2388; x_wconf 81' lang='grc' dir='ltr'>μακρῷ</span> <span class='ocrx_word' id='word_1_280' title='bbox 545 2313 727 2393; x_wconf 79' lang='grc' dir='ltr'>χρόνῳ</span> <span class='ocrx_word' id='word_1_281' title='bbox 778 2310 1257 2386; x_wconf 79' lang='grc' dir='ltr'>διαμελετηθεῖσαν</span> <span class='ocrx_word' id='word_1_282' title='bbox 1305 2310 1493 2366; x_wconf 78' lang='grc' dir='ltr'>κακίαν</span> <span class='ocrx_word' id='word_1_283' title='bbox 1545 2313 1599 2365; x_wconf 85' lang='grc' dir='ltr'><strong>ἐν</strong></span> <span class='ocrx_word' id='word_1_284' title='bbox 1631 2309 1724 2382; x_wconf 80' lang='grc' dir='ltr'>μίᾷ</span> <span class='ocrx_word' id='word_1_285' title='bbox 1766 2309 1942 2387; x_wconf 78' lang='grc' dir='ltr'>ἡμέρᾳ</span> 
     </span>
    </p>
   </div>
   <div class='ocr_carea' id='block_1_42' title="bbox 300 2396 1940 2478">
    <p class='ocr_par' dir='ltr' id='par_1_42' title="bbox 300 2396 1940 2478">
     <span class='ocr_line' id='line_1_42' title="bbox 300 2396 1940 2478; baseline -0.003 -19"><span class='ocrx_word' id='word_1_286' title='bbox 300 2402 609 2459; x_wconf 76' lang='grc' dir='ltr'>συντελέσαι</span> <span class='ocrx_word' id='word_1_287' title='bbox 640 2401 989 2464; x_wconf 80' lang='grc' dir='ltr'><strong>σπεύσαντες.</strong></span> <span class='ocrx_word' id='word_1_288' title='bbox 1029 2399 1212 2456; x_wconf 83' lang='grc' dir='ltr'>Δειλὸν</span> <span class='ocrx_word' id='word_1_289' title='bbox 1255 2400 1358 2478; x_wconf 83' lang='grc' dir='ltr'><strong>γάρ</strong></span> <span class='ocrx_word' id='word_1_290' title='bbox 1385 2421 1435 2455; x_wconf 90' lang='grc' dir='ltr'><strong>τι</strong></span> <span class='ocrx_word' id='word_1_291' title='bbox 1481 2400 1540 2455; x_wconf 84' lang='grc' dir='ltr'>τὸ</span> <span class='ocrx_word' id='word_1_292' title='bbox 1599 2396 1788 2472; x_wconf 75' lang='grc' dir='ltr'>ψεῦδος</span> <span class='ocrx_word' id='word_1_293' title='bbox 1843 2398 1940 2454; x_wconf 77' lang='grc' dir='ltr'><strong>καί</strong></span> 
     </span>
    </p>
   </div>
   <div class='ocr_carea' id='block_1_43' title="bbox 299 2487 1939 2566">
    <p class='ocr_par' dir='ltr' id='par_1_43' title="bbox 299 2487 1939 2566">
     <span class='ocr_line' id='line_1_43' title="bbox 299 2487 1939 2566; baseline -0.004 -20"><span class='ocrx_word' id='word_1_294' title='bbox 299 2490 483 2554; x_wconf 82' lang='grc' dir='ltr'>δεινῶς</span> <span class='ocrx_word' id='word_1_295' title='bbox 548 2491 868 2557; x_wconf 80' lang='grc' dir='ltr'>εύπτόητον’</span> <span class='ocrx_word' id='word_1_296' title='bbox 903 2488 1092 2566; x_wconf 79' lang='grc' dir='ltr'>ἀμέλει</span> <span class='ocrx_word' id='word_1_297' title='bbox 1124 2490 1212 2546; x_wconf 88' lang='grc' dir='ltr'><strong>καὶ</strong></span> <span class='ocrx_word' id='word_1_298' title='bbox 1241 2489 1341 2556; x_wconf 75' lang='grc' dir='ltr'>τὴν</span> <span class='ocrx_word' id='word_1_299' title='bbox 1381 2487 1567 2565; x_wconf 80' lang='grc' dir='ltr'>πρᾶξιν</span> <span class='ocrx_word' id='word_1_300' title='bbox 1597 2487 1939 2566; x_wconf 73' lang='grc' dir='ltr'>ἐπιταχύνειν</span> 
     </span>
    </p>
   </div>
   <div class='ocr_carea' id='block_1_44' title="bbox 298 2577 1940 2660">
    <p class='ocr_par' dir='ltr' id='par_1_44' title="bbox 298 2577 1940 2660">
     <span class='ocr_line' id='line_1_44' title="bbox 298 2577 1940 2660; baseline -0.004 -23"><span class='ocrx_word' id='word_1_301' title='bbox 298 2581 436 2645; x_wconf 77' lang='grc' dir='ltr'>οἶδε,</span> <span class='ocrx_word' id='word_1_302' title='bbox 473 2583 665 2660; x_wconf 72' lang='grc' dir='ltr'>φεῦγον</span> <span class='ocrx_word' id='word_1_303' title='bbox 697 2581 790 2636; x_wconf 78' lang='grc' dir='ltr'><strong>τὸν</strong></span> <span class='ocrx_word' id='word_1_304' title='bbox 822 2579 1220 2658; x_wconf 82' lang='grc' dir='ltr'>ἒ).εγχον,Εἶτα</span> <span class='ocrx_word' id='word_1_305' title='bbox 1250 2579 1579 2653; x_wconf 60' lang='grc' dir='ltr'>σκεψάμενοι</span> <span class='ocrx_word' id='word_1_306' title='bbox 1609 2577 1698 2632; x_wconf 86' lang='grc' dir='ltr'><strong>καὶ</strong></span> <span class='ocrx_word' id='word_1_307' title='bbox 1727 2578 1817 2633; x_wconf 81' lang='grc' dir='ltr'>τὸν</span> <span class='ocrx_word' id='word_1_308' title='bbox 1845 2577 1940 2652; x_wconf 88' lang='grc' dir='ltr'>βα-</span> 
     </span>
    </p>
   </div>
   <div class='ocr_carea' id='block_1_45' title="bbox 299 2665 1938 2748">
    <p class='ocr_par' dir='ltr' id='par_1_45' title="bbox 299 2665 1938 2748">
     <span class='ocr_line' id='line_1_45' title="bbox 299 2665 1938 2748; baseline -0.004 -23"><span class='ocrx_word' id='word_1_309' title='bbox 299 2669 450 2726; x_wconf 81' lang='grc' dir='ltr'>σιλέα</span> <span class='ocrx_word' id='word_1_310' title='bbox 483 2671 777 2748; x_wconf 76' lang='grc' dir='ltr'>συνήγορον</span> <span class='ocrx_word' id='word_1_311' title='bbox 805 2675 904 2736; x_wconf 77' lang='grc' dir='ltr'>τῆς</span> <span class='ocrx_word' id='word_1_312' title='bbox 937 2670 1117 2746; x_wconf 68' lang='grc' dir='ltr'>ψήφου</span> <span class='ocrx_word' id='word_1_313' title='bbox 1148 2665 1356 2741; x_wconf 89' lang='grc' dir='ltr'>λαϐεῖν,</span> <span class='ocrx_word' id='word_1_314' title='bbox 1409 2666 1547 2724; x_wconf 81' lang='grc' dir='ltr'>ὥστε</span> <span class='ocrx_word' id='word_1_315' title='bbox 1597 2665 1938 2746; x_wconf 76' lang='grc' dir='ltr'>ἰσχυρότερον</span> 
     </span>
    </p>
   </div>
   <div class='ocr_carea' id='block_1_46' title="bbox 296 2754 1934 2836">
    <p class='ocr_par' dir='ltr' id='par_1_46' title="bbox 296 2754 1934 2836">
     <span class='ocr_line' id='line_1_46' title="bbox 296 2754 1934 2836; baseline -0.004 -20"><span class='ocrx_word' id='word_1_316' title='bbox 296 2763 468 2816; x_wconf 76' lang='grc' dir='ltr'>θεῖναι</span> <span class='ocrx_word' id='word_1_317' title='bbox 513 2761 573 2816; x_wconf 84' lang='grc' dir='ltr'>τὸ</span> <span class='ocrx_word' id='word_1_318' title='bbox 629 2757 1078 2836; x_wconf 80' lang='grc' dir='ltr'>σπουδαζόμενον,</span> <span class='ocrx_word' id='word_1_319' title='bbox 1127 2754 1392 2818; x_wconf 82' lang='grc' dir='ltr'>συλλαϐὰς</span> <span class='ocrx_word' id='word_1_320' title='bbox 1437 2756 1580 2830; x_wconf 73' lang='grc' dir='ltr'><strong>αὖτῷ</strong></span> <span class='ocrx_word' id='word_1_321' title='bbox 1634 2756 1934 2830; x_wconf 76' lang='grc' dir='ltr'>πέμπουσιν</span> 
     </span>
    </p>
   </div>
   <div class='ocr_carea' id='block_1_47' title="bbox 292 2845 1932 2928">
    <p class='ocr_par' dir='ltr' id='par_1_47' title="bbox 292 2845 1932 2928">
     <span class='ocr_line' id='line_1_47' title="bbox 292 2845 1932 2928; baseline -0.002 -24"><span class='ocrx_word' id='word_1_322' title='bbox 292 2848 426 2904; x_wconf 66' lang='grc' dir='ltr'>οὕτω</span> <span class='ocrx_word' id='word_1_323' title='bbox 469 2847 700 2928; x_wconf 83' lang='grc' dir='ltr'>ἐχούσας</span> <span class='ocrx_word' id='word_1_324' title='bbox 739 2866 752 2882; x_wconf 78' lang='grc'><strong><em>³</em></strong></span> <span class='ocrx_word' id='word_1_325' title='bbox 813 2845 1034 2914; x_wconf 67' lang='grc' dir='ltr'>Ἐπειδὴ</span> <span class='ocrx_word' id='word_1_326' title='bbox 1095 2847 1484 2925; x_wconf 80' lang='grc' dir='ltr'>κατηγορηθεὶς</span> <span class='ocrx_word' id='word_1_327' title='bbox 1531 2847 1784 2912; x_wconf 78' lang='grc' dir='ltr'><strong>Ἰωάννης</strong></span> <span class='ocrx_word' id='word_1_328' title='bbox 1843 2847 1932 2902; x_wconf 86' lang='grc' dir='ltr'><strong>καὶ</strong></span> 
     </span>
    </p>
   </div>
   <div class='ocr_carea' id='block_1_48' title="bbox 295 2934 1930 3018">
    <p class='ocr_par' dir='ltr' id='par_1_48' title="bbox 295 2934 1930 3018">
     <span class='ocr_line' id='line_1_48' title="bbox 295 2934 1930 3018; baseline -0.002 -24"><span class='ocrx_word' id='word_1_329' title='bbox 295 2939 463 3010; x_wconf 78' lang='grc' dir='ltr'>ἑαυτῷ</span> <span class='ocrx_word' id='word_1_330' title='bbox 495 2937 709 3018; x_wconf 75' lang='grc' dir='ltr'>χαλεπὰ</span> <span class='ocrx_word' id='word_1_331' title='bbox 743 2936 987 2998; x_wconf 67' lang='grc' dir='ltr'>συνειδὼς</span> <span class='ocrx_word' id='word_1_332' title='bbox 1023 2934 1159 2993; x_wconf 78' lang='grc' dir='ltr'>ἄλλα</span> <span class='ocrx_word' id='word_1_333' title='bbox 1201 2958 1259 2993; x_wconf 90' lang='grc' dir='ltr'><strong>τε</strong></span> <span class='ocrx_word' id='word_1_334' title='bbox 1317 2936 1572 3008; x_wconf 86' lang='grc' dir='ltr'>πλεῖστα,</span> <span class='ocrx_word' id='word_1_335' title='bbox 1606 2935 1702 2991; x_wconf 82' lang='grc' dir='ltr'><strong>καί</strong></span> <span class='ocrx_word' id='word_1_336' title='bbox 1733 2934 1813 2991; x_wconf 80' lang='grc' dir='ltr'><strong>ὅτι</strong></span> <span class='ocrx_word' id='word_1_337' title='bbox 1844 2937 1930 2992; x_wconf 85' lang='grc' dir='ltr'><strong>καὶ</strong></span> 
     </span>
    </p>
   </div>
   <div class='ocr_carea' id='block_1_49' title="bbox 295 3024 1928 3106">
    <p class='ocr_par' dir='ltr' id='par_1_49' title="bbox 295 3024 1928 3106">
     <span class='ocr_line' id='line_1_49' title="bbox 295 3024 1928 3106; baseline -0.002 -22"><span class='ocrx_word' id='word_1_338' title='bbox 295 3029 662 3089; x_wconf 70' lang='grc' dir='ltr'>κλθοσιώσεως</span> <span class='ocrx_word' id='word_1_339' title='bbox 722 3028 860 3098; x_wconf 78' lang='grc' dir='ltr'>αἰτίᾳ</span> <span class='ocrx_word' id='word_1_340' title='bbox 918 3027 1194 3082; x_wconf 68' lang='grc' dir='ltr'>ὃπόκειται</span> <span class='ocrx_word' id='word_1_341' title='bbox 1252 3024 1591 3106; x_wconf 78' lang='grc' dir='ltr'>(καθοσίωσιν</span> <span class='ocrx_word' id='word_1_342' title='bbox 1650 3024 1704 3081; x_wconf 73' lang='grc' dir='ltr'>δὲ</span> <span class='ocrx_word' id='word_1_343' title='bbox 1777 3025 1928 3082; x_wconf 80' lang='grc' dir='ltr'>ἅντι-</span> 
     </span>
    </p>
   </div>
   <div class='ocr_carea' id='block_1_50' title="bbox 2022 1855 3666 1938">
    <p class='ocr_par' dir='ltr' id='par_1_50' title="bbox 2022 1855 3666 1938">
     <span class='ocr_line' id='line_1_50' title="bbox 2022 1855 3666 1938; baseline 0.005 -22"><span class='ocrx_word' id='word_1_344' title='bbox 2022 1855 2260 1918; x_wconf 85' lang='lat' dir='ltr'><strong>fuerant</strong></span> <span class='ocrx_word' id='word_1_345' title='bbox 2295 1874 2308 1916; x_wconf 93' lang='lat'>:</span> <span class='ocrx_word' id='word_1_346' title='bbox 2339 1875 2563 1938; x_wconf 91' lang='lat' dir='ltr'><strong>eosque</strong></span> <span class='ocrx_word' id='word_1_347' title='bbox 2590 1859 3002 1938; x_wconf 84' lang='lat' dir='ltr'><strong>apprehensos</strong></span> <span class='ocrx_word' id='word_1_348' title='bbox 3033 1858 3423 1922; x_wconf 90' lang='lat' dir='ltr'><strong>vehementer</strong></span> <span class='ocrx_word' id='word_1_349' title='bbox 3451 1863 3666 1925; x_wconf 83' lang='lat' dir='ltr'><strong>verbe-</strong></span> 
     </span>
    </p>
   </div>
   <div class='ocr_carea' id='block_1_51' title="bbox 2018 1947 3663 2030">
    <p class='ocr_par' dir='ltr' id='par_1_51' title="bbox 2018 1947 3663 2030">
     <span class='ocr_line' id='line_1_51' title="bbox 2018 1947 3663 2030; baseline 0.004 -22"><span class='ocrx_word' id='word_1_350' title='bbox 2018 1953 2321 2021; x_wconf 84' lang='lat' dir='ltr'><strong>rarunt,et</strong></span> <span class='ocrx_word' id='word_1_351' title='bbox 2346 1965 2556 2009; x_wconf 90' lang='lat' dir='ltr'><strong>eorum</strong></span> <span class='ocrx_word' id='word_1_352' title='bbox 2589 1948 2821 2009; x_wconf 85' lang='lat' dir='ltr'><strong>tunicas</strong></span> <span class='ocrx_word' id='word_1_353' title='bbox 2850 1947 3238 2028; x_wconf 90' lang='lat' dir='ltr'><strong>disruperunt</strong></span> <span class='ocrx_word' id='word_1_354' title='bbox 3264 1969 3280 2010; x_wconf 85' lang='lat'><strong>:</strong></span> <span class='ocrx_word' id='word_1_355' title='bbox 3307 1951 3451 2030; x_wconf 91' lang='lat' dir='ltr'><strong>quin</strong></span> <span class='ocrx_word' id='word_1_356' title='bbox 3483 1952 3663 2014; x_wconf 86' lang='lat' dir='ltr'><strong>etiam</strong></span> 
     </span>
    </p>
   </div>
   <div class='ocr_carea' id='block_1_52' title="bbox 2020 2035 3663 2118">
    <p class='ocr_par' dir='ltr' id='par_1_52' title="bbox 2020 2035 3663 2118">
     <span class='ocr_line' id='line_1_52' title="bbox 2020 2035 3663 2118; baseline 0.005 -22"><span class='ocrx_word' id='word_1_357' title='bbox 2020 2035 2375 2115; x_wconf 84' lang='lat' dir='ltr'><strong>ferro,quod</strong></span> <span class='ocrx_word' id='word_1_358' title='bbox 2413 2045 2553 2099; x_wconf 91' lang='lat' dir='ltr'><strong>tunc</strong></span> <span class='ocrx_word' id='word_1_359' title='bbox 2585 2037 2874 2117; x_wconf 89' lang='lat' dir='ltr'><strong>parabant</strong></span> <span class='ocrx_word' id='word_1_360' title='bbox 2902 2037 2966 2098; x_wconf 93' lang='lat' dir='ltr'><strong>in</strong></span> <span class='ocrx_word' id='word_1_361' title='bbox 2997 2036 3420 2118; x_wconf 82' lang='lat' dir='ltr'><strong>patriarcham,</strong></span> <span class='ocrx_word' id='word_1_362' title='bbox 3444 2041 3663 2103; x_wconf 91' lang='lat' dir='ltr'><strong>collum</strong></span> 
     </span>
    </p>
   </div>
   <div class='ocr_carea' id='block_1_53' title="bbox 2023 2123 3669 2208">
    <p class='ocr_par' dir='ltr' id='par_1_53' title="bbox 2023 2123 3669 2208">
     <span class='ocr_line' id='line_1_53' title="bbox 2023 2123 3669 2208; baseline 0.004 -22"><span class='ocrx_word' id='word_1_363' title='bbox 2023 2123 2200 2186; x_wconf 88' lang='lat' dir='ltr'><strong>unius</strong></span> <span class='ocrx_word' id='word_1_364' title='bbox 2221 2123 2756 2188; x_wconf 89' lang='lat' dir='ltr'><strong>circumdederunt</strong></span> <span class='ocrx_word' id='word_1_365' title='bbox 2781 2145 2795 2188; x_wconf 93' lang='lat'><strong>:</strong></span> <span class='ocrx_word' id='word_1_366' title='bbox 2823 2125 2968 2206; x_wconf 92' lang='lat' dir='ltr'><strong>quin</strong></span> <span class='ocrx_word' id='word_1_367' title='bbox 2993 2125 3174 2187; x_wconf 91' lang='lat' dir='ltr'><strong>etiam</strong></span> <span class='ocrx_word' id='word_1_368' title='bbox 3197 2145 3334 2189; x_wconf 89' lang='lat' dir='ltr'><strong>cum</strong></span> <span class='ocrx_word' id='word_1_369' title='bbox 3369 2129 3669 2208; x_wconf 90' lang='lat' dir='ltr'><strong>malignus</strong></span> 
     </span>
    </p>
   </div>
   <div class='ocr_carea' id='block_1_54' title="bbox 2021 2215 3662 2286">
    <p class='ocr_par' dir='ltr' id='par_1_54' title="bbox 2021 2215 3662 2286">
     <span class='ocr_line' id='line_1_54' title="bbox 2021 2215 3662 2286; baseline 0.003 -13"><span class='ocrx_word' id='word_1_370' title='bbox 2021 2230 2224 2274; x_wconf 88' lang='lat' dir='ltr'><strong>eorum</strong></span> <span class='ocrx_word' id='word_1_371' title='bbox 2249 2217 2420 2272; x_wconf 90' lang='lat' dir='ltr'><strong>corda</strong></span> <span class='ocrx_word' id='word_1_372' title='bbox 2437 2217 2522 2273; x_wconf 90' lang='lat' dir='ltr'><strong>sic</strong></span> <span class='ocrx_word' id='word_1_373' title='bbox 2549 2215 2991 2285; x_wconf 82' lang='lat' dir='ltr'><strong>aﬂ&#39;ecisset,eum</strong></span> <span class='ocrx_word' id='word_1_374' title='bbox 3016 2220 3251 2276; x_wconf 88' lang='lat' dir='ltr'><strong>mittunt</strong></span> <span class='ocrx_word' id='word_1_375' title='bbox 3279 2220 3339 2276; x_wconf 92' lang='lat' dir='ltr'><strong>in</strong></span> <span class='ocrx_word' id='word_1_376' title='bbox 3371 2222 3662 2286; x_wconf 85' lang='lat' dir='ltr'><strong>exsilium,</strong></span> 
     </span>
    </p>
   </div>
   <div class='ocr_carea' id='block_1_55' title="bbox 2022 2301 3667 2379">
    <p class='ocr_par' dir='ltr' id='par_1_55' title="bbox 2022 2301 3667 2379">
     <span class='ocr_line' id='line_1_55' title="bbox 2022 2301 3667 2379; baseline 0.005 -19"><span class='ocrx_word' id='word_1_377' title='bbox 2022 2301 2084 2360; x_wconf 91' lang='lat' dir='ltr'><strong>in</strong></span> <span class='ocrx_word' id='word_1_378' title='bbox 2107 2301 2426 2379; x_wconf 90' lang='lat' dir='ltr'><strong>quemdam</strong></span> <span class='ocrx_word' id='word_1_379' title='bbox 2463 2301 2658 2362; x_wconf 90' lang='lat' dir='ltr'><strong>locum</strong></span> <span class='ocrx_word' id='word_1_380' title='bbox 2709 2301 3033 2364; x_wconf 90' lang='lat' dir='ltr'><strong>obscurum</strong></span> <span class='ocrx_word' id='word_1_381' title='bbox 3068 2311 3126 2364; x_wconf 92' lang='lat' dir='ltr'><strong>et</strong></span> <span class='ocrx_word' id='word_1_382' title='bbox 3154 2303 3480 2378; x_wconf 91' lang='lat' dir='ltr'><strong>occultum,</strong></span> <span class='ocrx_word' id='word_1_383' title='bbox 3503 2305 3667 2369; x_wconf 87' lang='lat' dir='ltr'><strong>ferro</strong></span> 
     </span>
    </p>
   </div>
   <div class='ocr_carea' id='block_1_56' title="bbox 2021 2389 3664 2470">
    <p class='ocr_par' dir='ltr' id='par_1_56' title="bbox 2021 2389 3664 2470">
     <span class='ocr_line' id='line_1_56' title="bbox 2021 2389 3664 2470; baseline 0.004 -19"><span class='ocrx_word' id='word_1_384' title='bbox 2021 2389 2111 2451; x_wconf 88' lang='lat' dir='ltr'><strong>sic</strong></span> <span class='ocrx_word' id='word_1_385' title='bbox 2133 2389 2594 2452; x_wconf 85' lang='lat' dir='ltr'><strong>circumdatum.</strong></span> <span class='ocrx_word' id='word_1_386' title='bbox 2629 2389 2739 2452; x_wconf 83' lang='lat' dir='ltr'><strong>Illo</strong></span> <span class='ocrx_word' id='word_1_387' title='bbox 2773 2408 2915 2470; x_wconf 90' lang='lat' dir='ltr'><strong>ergo</strong></span> <span class='ocrx_word' id='word_1_388' title='bbox 2967 2409 3094 2465; x_wconf 83' lang='lat' dir='ltr'><strong>eos,</strong></span> <span class='ocrx_word' id='word_1_389' title='bbox 3149 2399 3212 2452; x_wconf 93' lang='lat' dir='ltr'><strong>ut</strong></span> <span class='ocrx_word' id='word_1_390' title='bbox 3242 2392 3524 2467; x_wconf 78' lang='lat' dir='ltr'><strong>diximus,</strong></span> <span class='ocrx_word' id='word_1_391' title='bbox 3559 2413 3664 2458; x_wconf 88' lang='lat' dir='ltr'><strong>re-</strong></span> 
     </span>
    </p>
   </div>
   <div class='ocr_carea' id='block_1_57' title="bbox 2020 2479 3664 2561">
    <p class='ocr_par' dir='ltr' id='par_1_57' title="bbox 2020 2479 3664 2561">
     <span class='ocr_line' id='line_1_57' title="bbox 2020 2479 3664 2561; baseline 0.005 -19"><span class='ocrx_word' id='word_1_392' title='bbox 2020 2489 2578 2560; x_wconf 85' lang='lat' dir='ltr'><strong>cusante,tanquam</strong></span> <span class='ocrx_word' id='word_1_393' title='bbox 2604 2488 2844 2561; x_wconf 90' lang='lat' dir='ltr'><strong>apertos</strong></span> <span class='ocrx_word' id='word_1_394' title='bbox 2867 2479 3538 2556; x_wconf 84' lang='lat' dir='ltr'><strong>inimicos,canonicum</strong></span> <span class='ocrx_word' id='word_1_395' title='bbox 3561 2505 3664 2550; x_wconf 76' lang='lat' dir='ltr'><strong>au-</strong></span> 
     </span>
    </p>
   </div>
   <div class='ocr_carea' id='block_1_58' title="bbox 2020 2568 3659 2652">
    <p class='ocr_par' dir='ltr' id='par_1_58' title="bbox 2020 2568 3659 2652">
     <span class='ocr_line' id='line_1_58' title="bbox 2020 2568 3659 2652; baseline 0.004 -23"><span class='ocrx_word' id='word_1_396' title='bbox 2020 2576 2139 2630; x_wconf 90' lang='lat' dir='ltr'><strong>tem</strong></span> <span class='ocrx_word' id='word_1_397' title='bbox 2172 2568 2486 2632; x_wconf 83' lang='lat' dir='ltr'><strong>invocante</strong></span> <span class='ocrx_word' id='word_1_398' title='bbox 2516 2569 2972 2652; x_wconf 90' lang='lat' dir='ltr'><strong>concilium,qui</strong></span> <span class='ocrx_word' id='word_1_399' title='bbox 2995 2579 3166 2633; x_wconf 90' lang='lat' dir='ltr'><strong>erant</strong></span> <span class='ocrx_word' id='word_1_400' title='bbox 3195 2571 3434 2635; x_wconf 84' lang='lat' dir='ltr'><strong>veloces</strong></span> <span class='ocrx_word' id='word_1_401' title='bbox 3465 2574 3541 2635; x_wconf 89' lang='lat' dir='ltr'><strong>ad</strong></span> <span class='ocrx_word' id='word_1_402' title='bbox 3576 2577 3659 2638; x_wconf 80' lang='lat' dir='ltr'><strong>ef-</strong></span> 
     </span>
    </p>
   </div>
   <div class='ocr_carea' id='block_1_59' title="bbox 2017 2657 3664 2740">
    <p class='ocr_par' dir='ltr' id='par_1_59' title="bbox 2017 2657 3664 2740">
     <span class='ocr_line' id='line_1_59' title="bbox 2017 2657 3664 2740; baseline 0.004 -20"><span class='ocrx_word' id='word_1_403' title='bbox 2017 2657 2386 2720; x_wconf 85' lang='lat' dir='ltr'><strong>fundendum</strong></span> <span class='ocrx_word' id='word_1_404' title='bbox 2413 2658 2785 2738; x_wconf 89' lang='lat' dir='ltr'><strong>sanguinem,</strong></span> <span class='ocrx_word' id='word_1_405' title='bbox 2824 2659 3004 2722; x_wconf 90' lang='lat' dir='ltr'><strong>etiam</strong></span> <span class='ocrx_word' id='word_1_406' title='bbox 3026 2679 3145 2722; x_wconf 94' lang='lat' dir='ltr'><strong>non</strong></span> <span class='ocrx_word' id='word_1_407' title='bbox 3172 2670 3529 2740; x_wconf 85' lang='lat' dir='ltr'><strong>praesentem</strong></span> <span class='ocrx_word' id='word_1_408' title='bbox 3561 2675 3664 2726; x_wconf 93' lang='lat' dir='ltr'><strong>aut</strong></span> 
     </span>
    </p>
   </div>
   <div class='ocr_carea' id='block_1_60' title="bbox 2016 2747 3662 2830">
    <p class='ocr_par' dir='ltr' id='par_1_60' title="bbox 2016 2747 3662 2830">
     <span class='ocr_line' id='line_1_60' title="bbox 2016 2747 3662 2830; baseline 0.005 -22"><span class='ocrx_word' id='word_1_409' title='bbox 2016 2747 2244 2826; x_wconf 83' lang='lat' dir='ltr'><strong>aliquid</strong></span> <span class='ocrx_word' id='word_1_410' title='bbox 2269 2749 2735 2830; x_wconf 85' lang='lat' dir='ltr'><strong>respondentem</strong></span> <span class='ocrx_word' id='word_1_411' title='bbox 2762 2749 3335 2825; x_wconf 89' lang='lat' dir='ltr'><strong>condemnant,cum</strong></span> <span class='ocrx_word' id='word_1_412' title='bbox 3358 2750 3662 2816; x_wconf 82' lang='lat' dir='ltr'><strong>imbecilla</strong></span> 
     </span>
    </p>
   </div>
   <div class='ocr_carea' id='block_1_61' title="bbox 2016 2838 3660 2920">
    <p class='ocr_par' dir='ltr' id='par_1_61' title="bbox 2016 2838 3660 2920">
     <span class='ocr_line' id='line_1_61' title="bbox 2016 2838 3660 2920; baseline 0.004 -22"><span class='ocrx_word' id='word_1_413' title='bbox 2016 2838 2288 2919; x_wconf 76' lang='lat' dir='ltr'><strong>quaedam</strong></span> <span class='ocrx_word' id='word_1_414' title='bbox 2317 2838 2634 2900; x_wconf 88' lang='lat' dir='ltr'><strong>maledicta</strong></span> <span class='ocrx_word' id='word_1_415' title='bbox 2665 2839 2724 2899; x_wconf 91' lang='lat' dir='ltr'><strong>in</strong></span> <span class='ocrx_word' id='word_1_416' title='bbox 2752 2838 2936 2902; x_wconf 88' lang='lat' dir='ltr'><strong>vitam</strong></span> <span class='ocrx_word' id='word_1_417' title='bbox 2974 2840 3660 2920; x_wconf 85' lang='lat' dir='ltr'><strong>congessissentangeli-</strong></span> 
     </span>
    </p>
   </div>
   <div class='ocr_carea' id='block_1_62' title="bbox 2014 2928 3658 3014">
    <p class='ocr_par' dir='ltr' id='par_1_62' title="bbox 2014 2928 3658 3014">
     <span class='ocr_line' id='line_1_62' title="bbox 2014 2928 3658 3014; baseline 0.005 -25"><span class='ocrx_word' id='word_1_418' title='bbox 2014 2947 2169 3002; x_wconf 91' lang='lat' dir='ltr'><strong>cam,</strong></span> <span class='ocrx_word' id='word_1_419' title='bbox 2203 2928 2308 2990; x_wconf 92' lang='lat' dir='ltr'><strong>visi</strong></span> <span class='ocrx_word' id='word_1_420' title='bbox 2335 2928 2533 3009; x_wconf 89' lang='lat' dir='ltr'><strong>potius</strong></span> <span class='ocrx_word' id='word_1_421' title='bbox 2565 2928 2798 3001; x_wconf 90' lang='lat' dir='ltr'><strong>ludere,</strong></span> <span class='ocrx_word' id='word_1_422' title='bbox 2834 2949 3009 3010; x_wconf 84' lang='lat' dir='ltr'><strong>quam</strong></span> <span class='ocrx_word' id='word_1_423' title='bbox 3042 2930 3200 2990; x_wconf 90' lang='lat' dir='ltr'><strong>serio</strong></span> <span class='ocrx_word' id='word_1_424' title='bbox 3229 2941 3496 3006; x_wconf 88' lang='lat' dir='ltr'><strong>agere,et</strong></span> <span class='ocrx_word' id='word_1_425' title='bbox 3526 2952 3658 3014; x_wconf 65' lang='lat' dir='ltr'><strong>qua)</strong></span> 
     </span>
    </p>
   </div>
   <div class='ocr_carea' id='block_1_63' title="bbox 2012 3017 3657 3098">
    <p class='ocr_par' dir='ltr' id='par_1_63' title="bbox 2012 3017 3657 3098">
     <span class='ocr_line' id='line_1_63' title="bbox 2012 3017 3657 3098; baseline 0.002 -20"><span class='ocrx_word' id='word_1_426' title='bbox 2012 3017 2190 3096; x_wconf 90' lang='lat' dir='ltr'><strong>longo</strong></span> <span class='ocrx_word' id='word_1_427' title='bbox 2212 3026 2481 3098; x_wconf 83' lang='lat' dir='ltr'><strong>tempore</strong></span> <span class='ocrx_word' id='word_1_428' title='bbox 2504 3017 2791 3080; x_wconf 86' lang='lat' dir='ltr'><strong>instructa</strong></span> <span class='ocrx_word' id='word_1_429' title='bbox 2819 3028 2878 3080; x_wconf 89' lang='lat' dir='ltr'><strong>et</strong></span> <span class='ocrx_word' id='word_1_430' title='bbox 2921 3018 3194 3080; x_wconf 80' lang='lat' dir='ltr'><strong>ordinata</strong></span> <span class='ocrx_word' id='word_1_431' title='bbox 3223 3019 3441 3096; x_wconf 81' lang='lat' dir='ltr'><strong>fuerat,</strong></span> <span class='ocrx_word' id='word_1_432' title='bbox 3479 3024 3657 3085; x_wconf 85' lang='lat' dir='ltr'><strong>mali-</strong></span> 
     </span>
    </p>
   </div>
   <div class='ocr_carea' id='block_1_64' title="bbox 290 3107 1912 3195">
    <p class='ocr_par' dir='ltr' id='par_1_64' title="bbox 290 3113 1912 3195">
     <span class='ocr_line' id='line_1_64' title="bbox 290 3113 1912 3195; baseline -0.002 -23"><span class='ocrx_word' id='word_1_433' title='bbox 290 3139 410 3194; x_wconf 67' lang='grc' dir='ltr'>κρδς</span> <span class='ocrx_word' id='word_1_434' title='bbox 456 3117 553 3184; x_wconf 69' lang='grc' dir='ltr'>τὴν</span> <span class='ocrx_word' id='word_1_435' title='bbox 597 3117 728 3195; x_wconf 82' lang='grc' dir='ltr'>πρὸς</span> <span class='ocrx_word' id='word_1_436' title='bbox 783 3117 880 3183; x_wconf 73' lang='grc' dir='ltr'>τὴν</span> <span class='ocrx_word' id='word_1_437' title='bbox 923 3114 1165 3188; x_wconf 78' lang='grc' dir='ltr'>βασιλίδα</span> <span class='ocrx_word' id='word_1_438' title='bbox 1209 3113 1459 3194; x_wconf 68' lang='grc' dir='ltr'>διαφοραν</span> <span class='ocrx_word' id='word_1_439' title='bbox 1488 3113 1787 3194; x_wconf 86' lang='grc' dir='ltr'>ὠνόμαζον)</span> <span class='ocrx_word' id='word_1_440' title='bbox 1833 3119 1912 3174; x_wconf 60' lang='grc' dir='ltr'>οὖν</span> 
     </span>
    </p>
   </div>
   <div class='ocr_carea' id='block_1_65' title="bbox 2011 3107 3648 3195">
    <p class='ocr_par' dir='ltr' id='par_1_65' title="bbox 2013 3107 3648 3176">
     <span class='ocr_line' id='line_1_65' title="bbox 2013 3107 3648 3176; baseline 0.006 -9"><span class='ocrx_word' id='word_1_441' title='bbox 2013 3107 2153 3168; x_wconf 90' lang='lat' dir='ltr'><strong>tiam</strong></span> <span class='ocrx_word' id='word_1_442' title='bbox 2183 3127 2300 3169; x_wconf 93' lang='lat' dir='ltr'><strong>uno</strong></span> <span class='ocrx_word' id='word_1_443' title='bbox 2334 3108 2430 3169; x_wconf 91' lang='lat' dir='ltr'><strong>die</strong></span> <span class='ocrx_word' id='word_1_444' title='bbox 2463 3117 2695 3170; x_wconf 87' lang='lat' dir='ltr'><strong>temere</strong></span> <span class='ocrx_word' id='word_1_445' title='bbox 2723 3108 3034 3170; x_wconf 89' lang='lat' dir='ltr'><strong>studentes</strong></span> <span class='ocrx_word' id='word_1_446' title='bbox 3074 3109 3346 3171; x_wconf 76' lang='lat' dir='ltr'><strong>effectam</strong></span> <span class='ocrx_word' id='word_1_447' title='bbox 3371 3111 3648 3176; x_wconf 84' lang='lat' dir='ltr'><strong>reddere.</strong></span> 
     </span>
    </p>
   </div>
   <div class='ocr_carea' id='block_1_66' title="bbox 285 3202 1923 3284">
    <p class='ocr_par' dir='ltr' id='par_1_66' title="bbox 285 3202 1923 3284">
     <span class='ocr_line' id='line_1_66' title="bbox 285 3202 1923 3284; baseline -0.001 -22"><span class='ocrx_word' id='word_1_448' title='bbox 285 3206 511 3274; x_wconf 79' lang='grc' dir='ltr'>ἠθέλησε</span> <span class='ocrx_word' id='word_1_449' title='bbox 567 3209 698 3284; x_wconf 77' lang='grc' dir='ltr'>πρὸς</span> <span class='ocrx_word' id='word_1_450' title='bbox 757 3207 852 3274; x_wconf 76' lang='grc' dir='ltr'>τὴν</span> <span class='ocrx_word' id='word_1_451' title='bbox 923 3203 1139 3262; x_wconf 75' lang='grc' dir='ltr'>σύνοδον</span> <span class='ocrx_word' id='word_1_452' title='bbox 1225 3204 1552 3278; x_wconf 71' lang='grc' dir='ltr'>ἀπαντῆσαι,</span> <span class='ocrx_word' id='word_1_453' title='bbox 1613 3202 1698 3260; x_wconf 75' lang='grc' dir='ltr'><strong>διὰ</strong></span> <span class='ocrx_word' id='word_1_454' title='bbox 1759 3207 1923 3261; x_wconf 78' lang='grc' dir='ltr'>ταῦτα</span> 
     </span>
    </p>
   </div>
   <div class='ocr_carea' id='block_1_67' title="bbox 285 3293 1922 3375">
    <p class='ocr_par' dir='ltr' id='par_1_67' title="bbox 285 3293 1922 3375">
     <span class='ocr_line' id='line_1_67' title="bbox 285 3293 1922 3375; baseline -0.002 -21"><span class='ocrx_word' id='word_1_455' title='bbox 285 3304 406 3375; x_wconf 80' lang='grc' dir='ltr'>γοῦν</span> <span class='ocrx_word' id='word_1_456' title='bbox 448 3298 534 3352; x_wconf 83' lang='grc' dir='ltr'>καὶ</span> <span class='ocrx_word' id='word_1_457' title='bbox 581 3297 715 3352; x_wconf 73' lang='grc' dir='ltr'>κατὰ</span> <span class='ocrx_word' id='word_1_458' title='bbox 759 3296 954 3352; x_wconf 87' lang='grc' dir='ltr'>κανόνα</span> <span class='ocrx_word' id='word_1_459' title='bbox 999 3293 1102 3362; x_wconf 73' lang='grc' dir='ltr'>ἤδη</span> <span class='ocrx_word' id='word_1_460' title='bbox 1159 3298 1422 3371; x_wconf 75' lang='grc' dir='ltr'>καθῃρέθη</span> <span class='ocrx_word' id='word_1_461' title='bbox 1460 3315 1473 3329; x_wconf 91' lang='grc'><strong>·</strong></span> <span class='ocrx_word' id='word_1_462' title='bbox 1507 3295 1686 3351; x_wconf 81' lang='grc' dir='ltr'>καὶτὸ</span> <span class='ocrx_word' id='word_1_463' title='bbox 1729 3293 1922 3350; x_wconf 81' lang='grc' dir='ltr'>λειπό-</span> 
     </span>
    </p>
   </div>
   <div class='ocr_carea' id='block_1_68' title="bbox 283 3382 1920 3462">
    <p class='ocr_par' dir='ltr' id='par_1_68' title="bbox 283 3382 1920 3462">
     <span class='ocr_line' id='line_1_68' title="bbox 283 3382 1920 3462; baseline -0.001 -20"><span class='ocrx_word' id='word_1_464' title='bbox 283 3408 438 3461; x_wconf 88' lang='grc' dir='ltr'>μενον</span> <span class='ocrx_word' id='word_1_465' title='bbox 479 3383 629 3442; x_wconf 69' lang='grc' dir='ltr'>οὐδὲν</span> <span class='ocrx_word' id='word_1_466' title='bbox 671 3384 874 3459; x_wconf 71' lang='grc' dir='ltr'>ἕτερον,</span> <span class='ocrx_word' id='word_1_467' title='bbox 927 3385 962 3452; x_wconf 73' lang='grc' dir='ltr'><strong>ἢ</strong></span> <span class='ocrx_word' id='word_1_468' title='bbox 1012 3383 1294 3462; x_wconf 84' lang='grc' dir='ltr'>ἐπιτρέψαι</span> <span class='ocrx_word' id='word_1_469' title='bbox 1331 3385 1390 3439; x_wconf 85' lang='grc' dir='ltr'>τὸ</span> <span class='ocrx_word' id='word_1_470' title='bbox 1420 3382 1672 3460; x_wconf 77' lang='grc' dir='ltr'>ὑμέτερον</span> <span class='ocrx_word' id='word_1_471' title='bbox 1729 3384 1920 3460; x_wconf 77' lang='grc' dir='ltr'>κράτος</span> 
     </span>
    </p>
   </div>
   <div class='ocr_carea' id='block_1_69' title="bbox 283 3471 1916 3550">
    <p class='ocr_par' dir='ltr' id='par_1_69' title="bbox 283 3471 1916 3550">
     <span class='ocr_line' id='line_1_69' title="bbox 283 3471 1916 3550; baseline 0 -18"><span class='ocrx_word' id='word_1_472' title='bbox 283 3477 366 3532; x_wconf 74' lang='grc' dir='ltr'><strong>καὶ</strong></span> <span class='ocrx_word' id='word_1_473' title='bbox 421 3473 618 3534; x_wconf 76' lang='grc' dir='ltr'>ἄκοντα</span> <span class='ocrx_word' id='word_1_474' title='bbox 685 3485 868 3534; x_wconf 86' lang='grc' dir='ltr'>τοῦτον</span> <span class='ocrx_word' id='word_1_475' title='bbox 930 3475 1004 3538; x_wconf 83' lang='grc' dir='ltr'><strong>είς</strong></span> <span class='ocrx_word' id='word_1_476' title='bbox 1076 3478 1176 3538; x_wconf 72' lang='grc' dir='ltr'>τὴν</span> <span class='ocrx_word' id='word_1_477' title='bbox 1228 3473 1508 3550; x_wconf 75' lang='grc' dir='ltr'>ὑπερορίαν</span> <span class='ocrx_word' id='word_1_478' title='bbox 1563 3471 1916 3549; x_wconf 75' lang='grc' dir='ltr'>άπελαθῇναι.</span> 
     </span>
    </p>
   </div>
   <div class='ocr_carea' id='block_1_70' title="bbox 283 3560 1918 3642">
    <p class='ocr_par' dir='ltr' id='par_1_70' title="bbox 283 3560 1918 3642">
     <span class='ocr_line' id='line_1_70' title="bbox 283 3560 1918 3642; baseline -0.004 -20"><span class='ocrx_word' id='word_1_479' title='bbox 283 3571 450 3622; x_wconf 75' lang='grc' dir='ltr'>Ταῦτα</span> <span class='ocrx_word' id='word_1_480' title='bbox 509 3567 615 3620; x_wconf 81' lang='grc' dir='ltr'><strong>τὼν</strong></span> <span class='ocrx_word' id='word_1_481' title='bbox 703 3562 883 3620; x_wconf 80' lang='grc' dir='ltr'>καλῶν</span> <span class='ocrx_word' id='word_1_482' title='bbox 956 3562 1165 3642; x_wconf 81' lang='grc' dir='ltr'>ἱερέων,</span> <span class='ocrx_word' id='word_1_483' title='bbox 1229 3563 1317 3618; x_wconf 88' lang='grc' dir='ltr'>καὶ</span> <span class='ocrx_word' id='word_1_484' title='bbox 1379 3560 1614 3639; x_wconf 86' lang='grc' dir='ltr'>βραδέων</span> <span class='ocrx_word' id='word_1_485' title='bbox 1685 3561 1782 3636; x_wconf 80' lang='grc' dir='ltr'><strong>μὲν</strong></span> <span class='ocrx_word' id='word_1_486' title='bbox 1845 3563 1918 3625; x_wconf 85' lang='grc' dir='ltr'>εἷς</span> 
     </span>
    </p>
   </div>
   <div class='ocr_carea' id='block_1_71' title="bbox 286 3649 1914 3733">
    <p class='ocr_par' dir='ltr' id='par_1_71' title="bbox 286 3649 1914 3733">
     <span class='ocr_line' id='line_1_71' title="bbox 286 3649 1914 3733; baseline -0.002 -23"><span class='ocrx_word' id='word_1_487' title='bbox 286 3653 446 3732; x_wconf 77' lang='grc' dir='ltr'>ὀργὴν</span> <span class='ocrx_word' id='word_1_488' title='bbox 505 3651 830 3733; x_wconf 62' lang='grc' dir='ltr'>ὀφειλόντων</span> <span class='ocrx_word' id='word_1_489' title='bbox 877 3653 1047 3728; x_wconf 82' lang='grc' dir='ltr'>εἶναι,</span> <span class='ocrx_word' id='word_1_490' title='bbox 1093 3673 1308 3732; x_wconf 72' lang='grc' dir='ltr'>ταχέων</span> <span class='ocrx_word' id='word_1_491' title='bbox 1352 3649 1406 3707; x_wconf 81' lang='grc' dir='ltr'>δὲ</span> <span class='ocrx_word' id='word_1_492' title='bbox 1437 3653 1508 3715; x_wconf 85' lang='grc' dir='ltr'>εἰς</span> <span class='ocrx_word' id='word_1_493' title='bbox 1541 3651 1914 3730; x_wconf 78' lang='grc' dir='ltr'>χρηστότητα,</span> 
     </span>
    </p>
   </div>
   <div class='ocr_carea' id='block_1_72' title="bbox 279 3740 1913 3822">
    <p class='ocr_par' dir='ltr' id='par_1_72' title="bbox 279 3740 1913 3822">
     <span class='ocr_line' id='line_1_72' title="bbox 279 3740 1913 3822; baseline -0.002 -22"><span class='ocrx_word' id='word_1_494' title='bbox 279 3744 348 3800; x_wconf 81' lang='grc' dir='ltr'>ὧν</span> <span class='ocrx_word' id='word_1_495' title='bbox 398 3746 446 3800; x_wconf 79' lang='grc' dir='ltr'>οἱ</span> <span class='ocrx_word' id='word_1_496' title='bbox 488 3741 698 3806; x_wconf 86' lang='grc' dir='ltr'>ὀδόντες</span> <span class='ocrx_word' id='word_1_497' title='bbox 743 3741 907 3815; x_wconf 83' lang='grc' dir='ltr'>ὅπλα,</span> <span class='ocrx_word' id='word_1_498' title='bbox 954 3744 1043 3799; x_wconf 85' lang='grc' dir='ltr'>καὶ</span> <span class='ocrx_word' id='word_1_499' title='bbox 1085 3741 1246 3822; x_wconf 80' lang='grc' dir='ltr'>βέλη,</span> <span class='ocrx_word' id='word_1_500' title='bbox 1279 3740 1376 3798; x_wconf 77' lang='grc' dir='ltr'><strong>καί</strong></span> <span class='ocrx_word' id='word_1_501' title='bbox 1426 3743 1459 3808; x_wconf 80' lang='grc' dir='ltr'><strong>ἡ</strong></span> <span class='ocrx_word' id='word_1_502' title='bbox 1490 3740 1732 3818; x_wconf 84' lang='grc' dir='ltr'>γλῶσσα,</span> <span class='ocrx_word' id='word_1_503' title='bbox 1779 3741 1913 3797; x_wconf 78' lang='grc' dir='ltr'>κατὰ</span> 
     </span>
    </p>
   </div>
   <div class='ocr_carea' id='block_1_73' title="bbox 279 3829 1913 3911">
    <p class='ocr_par' dir='ltr' id='par_1_73' title="bbox 279 3829 1913 3911">
     <span class='ocr_line' id='line_1_73' title="bbox 279 3829 1913 3911; baseline -0.002 -22"><span class='ocrx_word' id='word_1_504' title='bbox 279 3835 336 3890; x_wconf 76' lang='grc' dir='ltr'>τὸ</span> <span class='ocrx_word' id='word_1_505' title='bbox 364 3837 509 3890; x_wconf 87' lang='grc' dir='ltr'>θεῖον</span> <span class='ocrx_word' id='word_1_506' title='bbox 547 3835 723 3890; x_wconf 78' lang='grc' dir='ltr'>εἰπεῖν</span> <span class='ocrx_word' id='word_1_507' title='bbox 754 3831 959 3910; x_wconf 88' lang='grc' dir='ltr'>λόγιον,</span> <span class='ocrx_word' id='word_1_508' title='bbox 1010 3832 1255 3911; x_wconf 65' lang='grc' dir='ltr'>μάχαιρα</span> <span class='ocrx_word' id='word_1_509' title='bbox 1306 3829 1480 3896; x_wconf 71' lang='grc' dir='ltr'>οξεῖα.</span> <span class='ocrx_word' id='word_1_510' title='bbox 1519 3831 1656 3888; x_wconf 79' lang='grc' dir='ltr'>Εἶτα</span> <span class='ocrx_word' id='word_1_511' title='bbox 1699 3829 1913 3908; x_wconf 65' lang='grc' dir='ltr'>ἐπιτρέ-</span> 
     </span>
    </p>
   </div>
   <div class='ocr_carea' id='block_1_74' title="bbox 277 3919 1913 4002">
    <p class='ocr_par' dir='ltr' id='par_1_74' title="bbox 277 3919 1913 4002">
     <span class='ocr_line' id='line_1_74' title="bbox 277 3919 1913 4002; baseline -0.002 -24"><span class='ocrx_word' id='word_1_512' title='bbox 277 3926 469 3998; x_wconf 78' lang='grc' dir='ltr'>ψαντο&gt;</span> <span class='ocrx_word' id='word_1_513' title='bbox 512 3920 791 4002; x_wconf 81' lang='grc' dir='ltr'>Ἀρκαδίου</span> <span class='ocrx_word' id='word_1_514' title='bbox 826 3922 1196 4001; x_wconf 84' lang='grc' dir='ltr'>(πεπιστεύκει</span> <span class='ocrx_word' id='word_1_515' title='bbox 1249 3922 1349 3999; x_wconf 76' lang='grc' dir='ltr'><strong>γὰρ</strong></span> <span class='ocrx_word' id='word_1_516' title='bbox 1408 3923 1479 3983; x_wconf 85' lang='grc' dir='ltr'>ὡς</span> <span class='ocrx_word' id='word_1_517' title='bbox 1539 3920 1760 3998; x_wconf 80' lang='grc' dir='ltr'>ἱερεῖσιν</span> <span class='ocrx_word' id='word_1_518' title='bbox 1814 3919 1913 3974; x_wconf 84' lang='grc' dir='ltr'>αύ-</span> 
     </span>
    </p>
   </div>
   <div class='ocr_carea' id='block_1_75' title="bbox 275 4007 1914 4090">
    <p class='ocr_par' dir='ltr' id='par_1_75' title="bbox 275 4007 1914 4090">
     <span class='ocr_line' id='line_1_75' title="bbox 275 4007 1914 4090; baseline -0.002 -23"><span class='ocrx_word' id='word_1_519' title='bbox 275 4026 405 4082; x_wconf 74' lang='grc' dir='ltr'>τοῖς,</span> <span class='ocrx_word' id='word_1_520' title='bbox 467 4011 676 4090; x_wconf 78' lang='grc' dir='ltr'>ἀγνοῶν</span> <span class='ocrx_word' id='word_1_521' title='bbox 736 4010 818 4068; x_wconf 82' lang='grc' dir='ltr'><strong>ὅτι</strong></span> <span class='ocrx_word' id='word_1_522' title='bbox 877 4013 943 4067; x_wconf 76' lang='grc' dir='ltr'><strong>τὰ</strong></span> <span class='ocrx_word' id='word_1_523' title='bbox 995 4015 1166 4090; x_wconf 76' lang='grc' dir='ltr'>κρυφῆ</span> <span class='ocrx_word' id='word_1_524' title='bbox 1227 4009 1324 4067; x_wconf 77' lang='grc' dir='ltr'><strong>καί</strong></span> <span class='ocrx_word' id='word_1_525' title='bbox 1368 4010 1506 4066; x_wconf 82' lang='grc' dir='ltr'>κατὰ</span> <span class='ocrx_word' id='word_1_526' title='bbox 1547 4007 1780 4066; x_wconf 60' lang='grc' dir='ltr'>διάνοιαν</span> <span class='ocrx_word' id='word_1_527' title='bbox 1811 4010 1914 4088; x_wconf 68' lang='grc' dir='ltr'><strong>οὐχ</strong></span> 
     </span>
    </p>
   </div>
   <div class='ocr_carea' id='block_1_76' title="bbox 274 4098 1916 4180">
    <p class='ocr_par' dir='ltr' id='par_1_76' title="bbox 274 4098 1916 4180">
     <span class='ocr_line' id='line_1_76' title="bbox 274 4098 1916 4180; baseline -0.001 -24"><span class='ocrx_word' id='word_1_528' title='bbox 274 4102 511 4179; x_wconf 74' lang='grc' dir='ltr'>ίερεζισιν,</span> <span class='ocrx_word' id='word_1_529' title='bbox 572 4100 708 4161; x_wconf 80' lang='grc' dir='ltr'>ἀλλά</span> <span class='ocrx_word' id='word_1_530' title='bbox 777 4099 1070 4180; x_wconf 73' lang='grc' dir='ltr'>ἱεροσύλοις</span> <span class='ocrx_word' id='word_1_531' title='bbox 1130 4099 1336 4175; x_wconf 84' lang='grc' dir='ltr'>μᾶλλον</span> <span class='ocrx_word' id='word_1_532' title='bbox 1395 4098 1627 4164; x_wconf 87' lang='grc' dir='ltr'>ἐοικότες</span> <span class='ocrx_word' id='word_1_533' title='bbox 1671 4098 1817 4175; x_wconf 82' lang='grc' dir='ltr'>εἶσὶ),</span> <span class='ocrx_word' id='word_1_534' title='bbox 1867 4099 1916 4154; x_wconf 92' lang='grc' dir='ltr'><strong>τί</strong></span> 
     </span>
    </p>
   </div>
   <div class='ocr_carea' id='block_1_77' title="bbox 276 4186 1912 4268">
    <p class='ocr_par' dir='ltr' id='par_1_77' title="bbox 276 4186 1912 4268">
     <span class='ocr_line' id='line_1_77' title="bbox 276 4186 1912 4268; baseline -0.002 -22"><span class='ocrx_word' id='word_1_535' title='bbox 276 4193 469 4268; x_wconf 85' lang='grc' dir='ltr'>γίνεται</span> <span class='ocrx_word' id='word_1_536' title='bbox 505 4212 521 4266; x_wconf 84' lang='grc'><strong>;</strong></span> <span class='ocrx_word' id='word_1_537' title='bbox 574 4201 815 4249; x_wconf 81' lang='grc' dir='ltr'>Κινεῖται</span> <span class='ocrx_word' id='word_1_538' title='bbox 868 4189 966 4264; x_wconf 76' lang='grc' dir='ltr'>μὲν</span> <span class='ocrx_word' id='word_1_539' title='bbox 1006 4189 1146 4254; x_wconf 75' lang='grc' dir='ltr'>ἅπας</span> <span class='ocrx_word' id='word_1_540' title='bbox 1191 4191 1218 4245; x_wconf 88' lang='grc' dir='ltr'>ὁ</span> <span class='ocrx_word' id='word_1_541' title='bbox 1248 4187 1442 4264; x_wconf 76' lang='grc' dir='ltr'>δῆμος,</span> <span class='ocrx_word' id='word_1_542' title='bbox 1477 4189 1565 4245; x_wconf 85' lang='grc' dir='ltr'><strong>καὶ</strong></span> <span class='ocrx_word' id='word_1_543' title='bbox 1596 4189 1669 4251; x_wconf 78' lang='grc' dir='ltr'>εἷς</span> <span class='ocrx_word' id='word_1_544' title='bbox 1700 4186 1912 4255; x_wconf 77' lang='grc' dir='ltr'>πολλὴν</span> 
     </span>
    </p>
   </div>
   <div class='ocr_carea' id='block_1_78' title="bbox 274 4275 1910 4357">
    <p class='ocr_par' dir='ltr' id='par_1_78' title="bbox 274 4275 1910 4357">
     <span class='ocr_line' id='line_1_78' title="bbox 274 4275 1910 4357; baseline -0.002 -22"><span class='ocrx_word' id='word_1_545' title='bbox 274 4279 466 4357; x_wconf 79' lang='grc' dir='ltr'>ἀθρόως</span> <span class='ocrx_word' id='word_1_546' title='bbox 497 4280 680 4338; x_wconf 63' lang='grc' dir='ltr'>στάσιν</span> <span class='ocrx_word' id='word_1_547' title='bbox 711 4275 1000 4335; x_wconf 67' lang='grc' dir='ltr'>ανσίπτεται</span> <span class='ocrx_word' id='word_1_548' title='bbox 1032 4297 1047 4312; x_wconf 76' lang='grc'><strong>⁸</strong></span> <span class='ocrx_word' id='word_1_549' title='bbox 1110 4279 1200 4334; x_wconf 87' lang='grc' dir='ltr'>καὶ</span> <span class='ocrx_word' id='word_1_550' title='bbox 1254 4283 1408 4336; x_wconf 74' lang='lat'><strong>10-310</strong></span> <span class='ocrx_word' id='word_1_551' title='bbox 1467 4278 1567 4353; x_wconf 78' lang='grc' dir='ltr'>μὲν</span> <span class='ocrx_word' id='word_1_552' title='bbox 1609 4283 1702 4334; x_wconf 84' lang='grc' dir='ltr'><strong>τοῦ</strong></span> <span class='ocrx_word' id='word_1_553' title='bbox 1746 4278 1910 4353; x_wconf 84' lang='grc' dir='ltr'>βασι-</span> 
     </span>
    </p>
   </div>
   <div class='ocr_carea' id='block_1_79' title="bbox 273 4366 1906 4448">
    <p class='ocr_par' dir='ltr' id='par_1_79' title="bbox 273 4366 1906 4448">
     <span class='ocr_line' id='line_1_79' title="bbox 273 4366 1906 4448; baseline -0.001 -25"><span class='ocrx_word' id='word_1_554' title='bbox 273 4368 397 4435; x_wconf 80' lang='grc' dir='ltr'>λέως</span> <span class='ocrx_word' id='word_1_555' title='bbox 439 4367 699 4445; x_wconf 81' lang='grc' dir='ltr'>καταϐοᾷ,</span> <span class='ocrx_word' id='word_1_556' title='bbox 768 4377 926 4426; x_wconf 80' lang='grc' dir='ltr'>τοῦτο</span> <span class='ocrx_word' id='word_1_557' title='bbox 981 4366 1036 4424; x_wconf 78' lang='grc' dir='ltr'>δὲ</span> <span class='ocrx_word' id='word_1_558' title='bbox 1107 4369 1198 4425; x_wconf 83' lang='grc' dir='ltr'><strong>καὶ</strong></span> <span class='ocrx_word' id='word_1_559' title='bbox 1243 4367 1501 4448; x_wconf 68' lang='grc' dir='ltr'>Θεοφίλου</span> <span class='ocrx_word' id='word_1_560' title='bbox 1544 4367 1752 4444; x_wconf 79' lang='grc' dir='ltr'>μᾶλλον</span> <span class='ocrx_word' id='word_1_561' title='bbox 1807 4368 1906 4435; x_wconf 77' lang='grc' dir='ltr'>τὴν</span> 
     </span>
    </p>
   </div>
   <div class='ocr_carea' id='block_1_80' title="bbox 274 4455 1974 4542">
    <p class='ocr_par' dir='ltr' id='par_1_80' title="bbox 274 4455 1974 4542">
     <span class='ocr_line' id='line_1_80' title="bbox 274 4455 1974 4542; baseline -0.001 -29"><span class='ocrx_word' id='word_1_562' title='bbox 274 4459 452 4514; x_wconf 82' lang='grc' dir='ltr'>κακίαν</span> <span class='ocrx_word' id='word_1_563' title='bbox 494 4456 738 4538; x_wconf 83' lang='grc' dir='ltr'>ἐλέγχει.</span> <span class='ocrx_word' id='word_1_564' title='bbox 797 4455 1000 4514; x_wconf 76' lang='grc' dir='ltr'>Πολλοί</span> <span class='ocrx_word' id='word_1_565' title='bbox 1051 4457 1151 4535; x_wconf 77' lang='grc' dir='ltr'>γὰρ</span> <span class='ocrx_word' id='word_1_566' title='bbox 1213 4460 1296 4514; x_wconf 82' lang='grc' dir='ltr'><strong>καὶ</strong></span> <span class='ocrx_word' id='word_1_567' title='bbox 1353 4462 1459 4513; x_wconf 83' lang='grc' dir='ltr'>τῶν</span> <span class='ocrx_word' id='word_1_568' title='bbox 1491 4456 1620 4522; x_wconf 89' lang='grc' dir='ltr'>τέως</span> <span class='ocrx_word' id='word_1_569' title='bbox 1650 4455 1974 4542; x_wconf 70' lang='grc' dir='ltr'>ἀπεχθῶςο</span> 
     </span>
    </p>
   </div>
   <div class='ocr_carea' id='block_1_81' title="bbox 275 4543 1904 4628">
    <p class='ocr_par' dir='ltr' id='par_1_81' title="bbox 275 4543 1904 4628">
     <span class='ocr_line' id='line_1_81' title="bbox 275 4543 1904 4628; baseline -0.001 -25"><span class='ocrx_word' id='word_1_570' title='bbox 275 4547 505 4628; x_wconf 74' lang='grc' dir='ltr'>ἐχόντων</span> <span class='ocrx_word' id='word_1_571' title='bbox 561 4545 980 4625; x_wconf 77' lang='grc' dir='ltr'>μεταϐαλόντες,</span> <span class='ocrx_word' id='word_1_572' title='bbox 1040 4547 1221 4622; x_wconf 75' lang='grc' dir='ltr'>μάτην</span> <span class='ocrx_word' id='word_1_573' title='bbox 1293 4545 1474 4624; x_wconf 80' lang='grc' dir='ltr'>ἔλεγον</span> <span class='ocrx_word' id='word_1_574' title='bbox 1532 4543 1904 4614; x_wconf 80' lang='grc' dir='ltr'>διαϐεϐλῆσθαι</span> 
     </span>
    </p>
   </div>
   <div class='ocr_carea' id='block_1_82' title="bbox 273 4633 1906 4716">
    <p class='ocr_par' dir='ltr' id='par_1_82' title="bbox 273 4633 1906 4716">
     <span class='ocr_line' id='line_1_82' title="bbox 273 4633 1906 4716; baseline -0.001 -23"><span class='ocrx_word' id='word_1_575' title='bbox 273 4643 356 4693; x_wconf 85' lang='grc' dir='ltr'>τὸν</span> <span class='ocrx_word' id='word_1_576' title='bbox 409 4636 580 4714; x_wconf 72' lang='grc' dir='ltr'>ἅγιον,</span> <span class='ocrx_word' id='word_1_577' title='bbox 617 4637 852 4716; x_wconf 78' lang='grc' dir='ltr'>μάρτυρα</span> <span class='ocrx_word' id='word_1_578' title='bbox 882 4633 1087 4712; x_wconf 72' lang='grc' dir='ltr'>ἀψευδῆ</span> <span class='ocrx_word' id='word_1_579' title='bbox 1121 4637 1180 4692; x_wconf 83' lang='grc' dir='ltr'>τὸ</span> <span class='ocrx_word' id='word_1_580' title='bbox 1233 4635 1469 4699; x_wconf 77' lang='grc' dir='ltr'>συνειδὸς</span> <span class='ocrx_word' id='word_1_581' title='bbox 1511 4635 1756 4715; x_wconf 78' lang='grc' dir='ltr'>ἔχοντες,</span> <span class='ocrx_word' id='word_1_582' title='bbox 1816 4639 1906 4693; x_wconf 86' lang='grc' dir='ltr'>καὶ</span> 
     </span>
    </p>
   </div>
   <div class='ocr_carea' id='block_1_83' title="bbox 272 4724 1899 4805">
    <p class='ocr_par' dir='ltr' id='par_1_83' title="bbox 272 4724 1899 4805">
     <span class='ocr_line' id='line_1_83' title="bbox 272 4724 1899 4805; baseline 0 -24"><span class='ocrx_word' id='word_1_583' title='bbox 272 4728 361 4794; x_wconf 74' lang='grc' dir='ltr'>τὴν</span> <span class='ocrx_word' id='word_1_584' title='bbox 420 4726 646 4794; x_wconf 81' lang='grc' dir='ltr'>ἔκδηλον</span> <span class='ocrx_word' id='word_1_585' title='bbox 701 4728 788 4783; x_wconf 84' lang='grc' dir='ltr'><strong>καὶ</strong></span> <span class='ocrx_word' id='word_1_586' title='bbox 847 4727 1075 4805; x_wconf 75' lang='grc' dir='ltr'>φανερὰν</span> <span class='ocrx_word' id='word_1_587' title='bbox 1168 4725 1565 4792; x_wconf 77' lang='grc' dir='ltr'>δυσωπηθέντες</span> <span class='ocrx_word' id='word_1_588' title='bbox 1622 4724 1899 4796; x_wconf 72' lang='grc' dir='ltr'>ἀλήθειαν.</span> 
     </span>
    </p>
   </div>
   <div class='ocr_carea' id='block_1_84' title="bbox 273 4813 1900 4898">
    <p class='ocr_par' dir='ltr' id='par_1_84' title="bbox 273 4813 1900 4898">
     <span class='ocr_line' id='line_1_84' title="bbox 273 4813 1900 4898; baseline -0.001 -24"><span class='ocrx_word' id='word_1_589' title='bbox 273 4815 422 4881; x_wconf 83' lang='grc' dir='ltr'>τέλος</span> <span class='ocrx_word' id='word_1_590' title='bbox 467 4816 813 4898; x_wconf 77' lang='grc' dir='ltr'>ἰσχυροτέρας</span> <span class='ocrx_word' id='word_1_591' title='bbox 871 4815 1167 4893; x_wconf 84' lang='grc' dir='ltr'>γενομένης</span> <span class='ocrx_word' id='word_1_592' title='bbox 1213 4821 1310 4882; x_wconf 77' lang='grc' dir='ltr'>τῆς</span> <span class='ocrx_word' id='word_1_593' title='bbox 1369 4815 1649 4893; x_wconf 83' lang='grc' dir='ltr'>πονηρίας,</span> <span class='ocrx_word' id='word_1_594' title='bbox 1696 4813 1900 4890; x_wconf 86' lang='grc' dir='ltr'>μᾶλλον</span> 
     </span>
    </p>
   </div>
   <div class='ocr_carea' id='block_1_85' title="bbox 273 4904 1896 4985">
    <p class='ocr_par' dir='ltr' id='par_1_85' title="bbox 273 4904 1896 4985">
     <span class='ocr_line' id='line_1_85' title="bbox 273 4904 1896 4985; baseline -0.001 -23"><span class='ocrx_word' id='word_1_595' title='bbox 273 4904 321 4962; x_wconf 77' lang='grc' dir='ltr'>δὲ</span> <span class='ocrx_word' id='word_1_596' title='bbox 367 4917 456 4966; x_wconf 83' lang='grc' dir='ltr'>τοῦ</span> <span class='ocrx_word' id='word_1_597' title='bbox 514 4909 663 4984; x_wconf 78' lang='grc' dir='ltr'>ἓιγίου</span> <span class='ocrx_word' id='word_1_598' title='bbox 706 4916 861 4965; x_wconf 81' lang='lat'><strong>106:0</strong></span> <span class='ocrx_word' id='word_1_599' title='bbox 920 4905 1268 4985; x_wconf 70' lang='grc' dir='ltr'>θελήσαντος,</span> <span class='ocrx_word' id='word_1_600' title='bbox 1301 4905 1392 4960; x_wconf 75' lang='grc' dir='ltr'><strong>ἵνα</strong></span> <span class='ocrx_word' id='word_1_601' title='bbox 1423 4906 1500 4980; x_wconf 75' lang='grc' dir='ltr'>μή</span> <span class='ocrx_word' id='word_1_602' title='bbox 1531 4927 1612 4969; x_wconf 89' lang='grc' dir='ltr'><strong>τις</strong></span> <span class='ocrx_word' id='word_1_603' title='bbox 1645 4905 1739 4961; x_wconf 72' lang='grc' dir='ltr'><strong>καί</strong></span> <span class='ocrx_word' id='word_1_604' title='bbox 1771 4905 1896 4963; x_wconf 91' lang='grc' dir='ltr'>τολ-</span> 
     </span>
    </p>
   </div>
   <div class='ocr_carea' id='block_1_86' title="bbox 272 4995 1897 5074">
    <p class='ocr_par' dir='ltr' id='par_1_86' title="bbox 272 4995 1897 5074">
     <span class='ocr_line' id='line_1_86' title="bbox 272 4995 1897 5074; baseline -0.001 -21"><span class='ocrx_word' id='word_1_605' title='bbox 272 5000 406 5074; x_wconf 77' lang='grc' dir='ltr'>μηθῇ</span> <span class='ocrx_word' id='word_1_606' title='bbox 435 4996 692 5074; x_wconf 86' lang='grc' dir='ltr'>κίνδυνος,</span> <span class='ocrx_word' id='word_1_607' title='bbox 746 4995 926 5072; x_wconf 80' lang='grc' dir='ltr'>ὥσπερ</span> <span class='ocrx_word' id='word_1_608' title='bbox 971 4997 1120 5074; x_wconf 54' lang='grc' dir='ltr'>φίλον</span> <span class='ocrx_word' id='word_1_609' title='bbox 1170 4995 1224 5050; x_wconf 83' lang='grc' dir='ltr'><strong>ἐν</strong></span> <span class='ocrx_word' id='word_1_610' title='bbox 1267 5008 1389 5060; x_wconf 85' lang='grc' dir='ltr'>ταῖς</span> <span class='ocrx_word' id='word_1_611' title='bbox 1439 4995 1709 5060; x_wconf 90' lang='grc' dir='ltr'>τοιαύταις</span> <span class='ocrx_word' id='word_1_612' title='bbox 1761 4996 1897 5052; x_wconf 75' lang='grc' dir='ltr'>στοί-</span> 
     </span>
    </p>
   </div>
   <div class='ocr_carea' id='block_1_87' title="bbox 273 5080 1898 5162">
    <p class='ocr_par' dir='ltr' id='par_1_87' title="bbox 273 5080 1898 5162">
     <span class='ocr_line' id='line_1_87' title="bbox 273 5080 1898 5162; baseline 0 -23"><span class='ocrx_word' id='word_1_613' title='bbox 273 5105 398 5162; x_wconf 78' lang='grc' dir='ltr'>σεσι,</span> <span class='ocrx_word' id='word_1_614' title='bbox 443 5087 576 5160; x_wconf 82' lang='grc' dir='ltr'>πρὸς</span> <span class='ocrx_word' id='word_1_615' title='bbox 609 5085 838 5161; x_wconf 80' lang='grc' dir='ltr'>ἑσπέραν</span> <span class='ocrx_word' id='word_1_616' title='bbox 869 5081 974 5151; x_wconf 68' lang='grc' dir='ltr'>ἤδη</span> <span class='ocrx_word' id='word_1_617' title='bbox 1005 5085 1226 5159; x_wconf 84' lang='grc' dir='ltr'>βαθεῖαν</span> <span class='ocrx_word' id='word_1_618' title='bbox 1277 5080 1616 5162; x_wconf 67' lang='grc' dir='ltr'>ἐκϐάλλεται,</span> <span class='ocrx_word' id='word_1_619' title='bbox 1662 5084 1898 5161; x_wconf 75' lang='grc' dir='ltr'>καθάπερ</span> 
     </span>
    </p>
   </div>
   <div class='ocr_carea' id='block_1_88' title="bbox 272 5170 1895 5250">
    <p class='ocr_par' dir='ltr' id='par_1_88' title="bbox 272 5170 1895 5250">
     <span class='ocr_line' id='line_1_88' title="bbox 272 5170 1895 5250; baseline 0 -20"><span class='ocrx_word' id='word_1_620' title='bbox 272 5177 321 5230; x_wconf 75' lang='grc' dir='ltr'><strong>ἐν</strong></span> <span class='ocrx_word' id='word_1_621' title='bbox 369 5180 433 5250; x_wconf 77' lang='grc' dir='ltr'>τῇ</span> <span class='ocrx_word' id='word_1_622' title='bbox 477 5174 610 5249; x_wconf 76' lang='grc' dir='ltr'><strong>αὖτῇ</strong></span> <span class='ocrx_word' id='word_1_623' title='bbox 653 5171 812 5228; x_wconf 78' lang='grc' dir='ltr'>πάλιν</span> <span class='ocrx_word' id='word_1_624' title='bbox 878 5173 1010 5250; x_wconf 73' lang='grc' dir='ltr'>πρὸς</span> <span class='ocrx_word' id='word_1_625' title='bbox 1077 5170 1419 5230; x_wconf 78' lang='grc' dir='ltr'>ἰννοκέντιον</span> <span class='ocrx_word' id='word_1_626' title='bbox 1477 5171 1737 5249; x_wconf 86' lang='grc' dir='ltr'>ἐπιστολῇ</span> <span class='ocrx_word' id='word_1_627' title='bbox 1799 5177 1895 5246; x_wconf 76' lang='grc' dir='ltr'>τῆς</span> 
     </span>
    </p>
   </div>
   <div class='ocr_carea' id='block_1_89' title="bbox 273 5259 1898 5342">
    <p class='ocr_par' dir='ltr' id='par_1_89' title="bbox 273 5259 1898 5342">
     <span class='ocr_line' id='line_1_89' title="bbox 273 5259 1898 5342; baseline 0 -24"><span class='ocrx_word' id='word_1_628' title='bbox 273 5269 462 5342; x_wconf 72' lang='grc' dir='ltr'>χρυσῆς</span> <span class='ocrx_word' id='word_1_629' title='bbox 521 5261 768 5340; x_wconf 87' lang='grc' dir='ltr'>γλώττης</span> <span class='ocrx_word' id='word_1_630' title='bbox 801 5263 1008 5318; x_wconf 80' lang='grc' dir='ltr'>ἀκούειν</span> <span class='ocrx_word' id='word_1_631' title='bbox 1041 5259 1240 5327; x_wconf 79' lang='grc' dir='ltr'>ἔξεστιν</span> <span class='ocrx_word' id='word_1_632' title='bbox 1285 5259 1425 5319; x_wconf 60' lang='grc' dir='ltr'>οὕτω</span> <span class='ocrx_word' id='word_1_633' title='bbox 1471 5262 1735 5339; x_wconf 82' lang='grc' dir='ltr'>Λεγούσης</span> <span class='ocrx_word' id='word_1_634' title='bbox 1774 5281 1788 5299; x_wconf 77' lang='grc'><strong><em>⁸</em></strong></span> <span class='ocrx_word' id='word_1_635' title='bbox 1838 5263 1898 5322; x_wconf 88' lang='grc' dir='ltr'><strong>Τί</strong></span> 
     </span>
    </p>
   </div>
   <div class='ocr_carea' id='block_1_90' title="bbox 274 5349 1896 5430">
    <p class='ocr_par' dir='ltr' id='par_1_90' title="bbox 274 5349 1896 5430">
     <span class='ocr_line' id='line_1_90' title="bbox 274 5349 1896 5430; baseline 0.001 -22"><span class='ocrx_word' id='word_1_636' title='bbox 274 5356 361 5430; x_wconf 77' lang='grc' dir='ltr'><strong>γὰρ</strong></span> <span class='ocrx_word' id='word_1_637' title='bbox 399 5352 482 5409; x_wconf 89' lang='grc' dir='ltr'><strong>δεῖ</strong></span> <span class='ocrx_word' id='word_1_638' title='bbox 508 5351 685 5408; x_wconf 74' lang='grc' dir='ltr'>πολλα</span> <span class='ocrx_word' id='word_1_639' title='bbox 713 5350 889 5430; x_wconf 81' lang='grc' dir='ltr'>λέγειν</span> <span class='ocrx_word' id='word_1_640' title='bbox 924 5367 941 5424; x_wconf 86' lang='grc'>;</span> <span class='ocrx_word' id='word_1_641' title='bbox 996 5350 1106 5408; x_wconf 79' lang='grc' dir='ltr'><strong>Ούκ</strong></span> <span class='ocrx_word' id='word_1_642' title='bbox 1152 5349 1359 5418; x_wconf 71' lang='grc' dir='ltr'>ἃπέστη</span> <span class='ocrx_word' id='word_1_643' title='bbox 1390 5351 1564 5407; x_wconf 74' lang='grc' dir='ltr'>πάντα</span> <span class='ocrx_word' id='word_1_644' title='bbox 1593 5359 1763 5408; x_wconf 78' lang='grc' dir='ltr'>ποιῶν</span> <span class='ocrx_word' id='word_1_645' title='bbox 1805 5355 1896 5410; x_wconf 82' lang='grc' dir='ltr'><strong>καὶ</strong></span> 
     </span>
    </p>
   </div>
   <div class='ocr_carea' id='block_1_91' title="bbox 273 5437 1894 5520">
    <p class='ocr_par' dir='ltr' id='par_1_91' title="bbox 273 5437 1894 5520">
     <span class='ocr_line' id='line_1_91' title="bbox 273 5437 1894 5520; baseline 0.002 -22"><span class='ocrx_word' id='word_1_646' title='bbox 273 5441 785 5520; x_wconf 83' lang='grc' dir='ltr'>πραγματευόμενος,</span> <span class='ocrx_word' id='word_1_647' title='bbox 847 5438 947 5505; x_wconf 76' lang='grc' dir='ltr'>ἕως</span> <span class='ocrx_word' id='word_1_648' title='bbox 1021 5439 1160 5515; x_wconf 72' lang='grc' dir='ltr'>ἡμᾶς</span> <span class='ocrx_word' id='word_1_649' title='bbox 1233 5440 1368 5514; x_wconf 80' lang='grc' dir='ltr'>μετὰ</span> <span class='ocrx_word' id='word_1_650' title='bbox 1430 5437 1732 5506; x_wconf 78' lang='grc' dir='ltr'>δυναστείας</span> <span class='ocrx_word' id='word_1_651' title='bbox 1805 5444 1894 5501; x_wconf 84' lang='grc' dir='ltr'><strong>καὶ</strong></span> 
     </span>
    </p>
   </div>
   <div class='ocr_carea' id='block_1_92' title="bbox 343 5617 1863 5698">
    <p class='ocr_par' dir='ltr' id='par_1_92' title="bbox 343 5617 1863 5698">
     <span class='ocr_line' id='line_1_92' title="bbox 343 5617 1863 5698; baseline 0.005 -15"><span class='ocrx_word' id='word_1_652' title='bbox 343 5621 539 5690; x_wconf 73' lang='lat' dir='ltr'><strong>3615a.</strong></span> <span class='ocrx_word' id='word_1_653' title='bbox 570 5635 784 5698; x_wconf 79' lang='lat' dir='ltr'><strong>xxvm,</strong></span> <span class='ocrx_word' id='word_1_654' title='bbox 818 5618 918 5686; x_wconf 81' lang='grc'><strong>15.</strong></span> <span class='ocrx_word' id='word_1_655' title='bbox 1001 5619 1065 5672; x_wconf 70' lang='grc'><strong>⁸7</strong></span> <span class='ocrx_word' id='word_1_656' title='bbox 1098 5617 1256 5685; x_wconf 87' lang='lat' dir='ltr'><strong>Psal.</strong></span> <span class='ocrx_word' id='word_1_657' title='bbox 1289 5635 1382 5682; x_wconf 75' lang='grc' dir='ltr'>ιιι</span> <span class='ocrx_word' id='word_1_658' title='bbox 1414 5617 1452 5682; x_wconf 87' lang='grc'>5</span> <span class='ocrx_word' id='word_1_659' title='bbox 1486 5638 1504 5697; x_wconf 84' lang='grc'><strong>;</strong></span> <span class='ocrx_word' id='word_1_660' title='bbox 1533 5638 1728 5698; x_wconf 73' lang='lat' dir='ltr'><strong>xxx&quot;,</strong></span> <span class='ocrx_word' id='word_1_661' title='bbox 1765 5623 1863 5690; x_wconf 78' lang='grc'><strong>14.</strong></span> 
     </span>
    </p>
   </div>
   <div class='ocr_carea' id='block_1_93' title="bbox 2007 3195 3651 3280">
    <p class='ocr_par' dir='ltr' id='par_1_93' title="bbox 2007 3195 3651 3280">
     <span class='ocr_line' id='line_1_93' title="bbox 2007 3195 3651 3280; baseline 0.004 -21"><span class='ocrx_word' id='word_1_662' title='bbox 2007 3195 2126 3259; x_wconf 83' lang='lat' dir='ltr'><strong>Res</strong></span> <span class='ocrx_word' id='word_1_663' title='bbox 2155 3206 2246 3258; x_wconf 91' lang='lat' dir='ltr'><strong>est</strong></span> <span class='ocrx_word' id='word_1_664' title='bbox 2301 3198 2463 3258; x_wconf 90' lang='lat' dir='ltr'><strong>enim</strong></span> <span class='ocrx_word' id='word_1_665' title='bbox 2525 3197 2732 3258; x_wconf 90' lang='lat' dir='ltr'><strong>timida</strong></span> <span class='ocrx_word' id='word_1_666' title='bbox 2791 3199 3448 3280; x_wconf 68' lang='lat' dir='ltr'><strong>mendacium,etqua3</strong></span> <span class='ocrx_word' id='word_1_667' title='bbox 3478 3201 3651 3265; x_wconf 83' lang='lat' dir='ltr'><strong>facile</strong></span> 
     </span>
    </p>
   </div>
   <div class='ocr_carea' id='block_1_94' title="bbox 2008 3285 3646 3368">
    <p class='ocr_par' dir='ltr' id='par_1_94' title="bbox 2008 3285 3646 3368">
     <span class='ocr_line' id='line_1_94' title="bbox 2008 3285 3646 3368; baseline 0.002 -19"><span class='ocrx_word' id='word_1_668' title='bbox 2008 3295 2202 3368; x_wconf 87' lang='lat' dir='ltr'><strong>potest</strong></span> <span class='ocrx_word' id='word_1_669' title='bbox 2254 3286 2510 3347; x_wconf 89' lang='lat' dir='ltr'><strong>terreri:</strong></span> <span class='ocrx_word' id='word_1_670' title='bbox 2572 3295 2630 3346; x_wconf 91' lang='lat' dir='ltr'><strong>et</strong></span> <span class='ocrx_word' id='word_1_671' title='bbox 2688 3285 2826 3347; x_wconf 91' lang='lat' dir='ltr'><strong>ideo</strong></span> <span class='ocrx_word' id='word_1_672' title='bbox 2857 3287 3162 3348; x_wconf 88' lang='lat' dir='ltr'><strong>actionum</strong></span> <span class='ocrx_word' id='word_1_673' title='bbox 3197 3289 3646 3352; x_wconf 81' lang='lat' dir='ltr'><strong>exsecutionem</strong></span> 
     </span>
    </p>
   </div>
   <div class='ocr_carea' id='block_1_95' title="bbox 2007 3375 3646 3450">
    <p class='ocr_par' dir='ltr' id='par_1_95' title="bbox 2007 3375 3646 3450">
     <span class='ocr_line' id='line_1_95' title="bbox 2007 3375 3646 3450; baseline 0.003 -12"><span class='ocrx_word' id='word_1_674' title='bbox 2007 3375 2168 3438; x_wconf 80' lang='lat' dir='ltr'><strong>novit</strong></span> <span class='ocrx_word' id='word_1_675' title='bbox 2186 3375 2548 3449; x_wconf 89' lang='lat' dir='ltr'><strong>accelerare,</strong></span> <span class='ocrx_word' id='word_1_676' title='bbox 2580 3375 2814 3450; x_wconf 75' lang='lat' dir='ltr'><strong>fugiens</strong></span> <span class='ocrx_word' id='word_1_677' title='bbox 2837 3375 3103 3446; x_wconf 87' lang='lat' dir='ltr'><strong>omnino,</strong></span> <span class='ocrx_word' id='word_1_678' title='bbox 3132 3393 3206 3436; x_wconf 90' lang='lat' dir='ltr'><strong>ne</strong></span> <span class='ocrx_word' id='word_1_679' title='bbox 3231 3376 3646 3444; x_wconf 87' lang='lat' dir='ltr'><strong>convincatur.</strong></span> 
     </span>
    </p>
   </div>
   <div class='ocr_carea' id='block_1_96' title="bbox 2003 3463 3646 3541">
    <p class='ocr_par' dir='ltr' id='par_1_96' title="bbox 2003 3463 3646 3541">
     <span class='ocr_line' id='line_1_96' title="bbox 2003 3463 3646 3541; baseline 0.002 -14"><span class='ocrx_word' id='word_1_680' title='bbox 2003 3464 2232 3527; x_wconf 92' lang='lat' dir='ltr'><strong>Deinde</strong></span> <span class='ocrx_word' id='word_1_681' title='bbox 2259 3483 2393 3527; x_wconf 90' lang='lat' dir='ltr'><strong>cum</strong></span> <span class='ocrx_word' id='word_1_682' title='bbox 2421 3463 2904 3526; x_wconf 80' lang='lat' dir='ltr'><strong>considerassent</strong></span> <span class='ocrx_word' id='word_1_683' title='bbox 2952 3464 3079 3525; x_wconf 87' lang='lat' dir='ltr'><strong>fore</strong></span> <span class='ocrx_word' id='word_1_684' title='bbox 3112 3464 3226 3526; x_wconf 91' lang='lat' dir='ltr'><strong>sibi</strong></span> <span class='ocrx_word' id='word_1_685' title='bbox 3263 3466 3425 3541; x_wconf 88' lang='lat' dir='ltr'><strong>utile,</strong></span> <span class='ocrx_word' id='word_1_686' title='bbox 3453 3467 3503 3528; x_wconf 90' lang='lat' dir='ltr'><strong>si</strong></span> <span class='ocrx_word' id='word_1_687' title='bbox 3536 3469 3646 3531; x_wconf 85' lang='lat' dir='ltr'><strong>ha-</strong></span> 
     </span>
    </p>
   </div>
   <div class='ocr_carea' id='block_1_97' title="bbox 2005 3552 3642 3634">
    <p class='ocr_par' dir='ltr' id='par_1_97' title="bbox 2005 3552 3642 3634">
     <span class='ocr_line' id='line_1_97' title="bbox 2005 3552 3642 3634; baseline 0.002 -18"><span class='ocrx_word' id='word_1_688' title='bbox 2005 3554 2220 3616; x_wconf 89' lang='lat' dir='ltr'><strong>berent</strong></span> <span class='ocrx_word' id='word_1_689' title='bbox 2251 3554 2677 3633; x_wconf 90' lang='lat' dir='ltr'><strong>imperatorem</strong></span> <span class='ocrx_word' id='word_1_690' title='bbox 2729 3571 2851 3615; x_wconf 64' lang='lat' dir='ltr'><strong>suae</strong></span> <span class='ocrx_word' id='word_1_691' title='bbox 2893 3552 3276 3616; x_wconf 87' lang='lat' dir='ltr'><strong>defensorem</strong></span> <span class='ocrx_word' id='word_1_692' title='bbox 3309 3557 3642 3634; x_wconf 87' lang='lat' dir='ltr'><strong>sententiae,</strong></span> 
     </span>
    </p>
   </div>
   <div class='ocr_carea' id='block_1_98' title="bbox 2001 3641 3641 3723">
    <p class='ocr_par' dir='ltr' id='par_1_98' title="bbox 2001 3641 3641 3723">
     <span class='ocr_line' id='line_1_98' title="bbox 2001 3641 3641 3723; baseline 0.002 -17"><span class='ocrx_word' id='word_1_693' title='bbox 2001 3642 2249 3723; x_wconf 88' lang='lat' dir='ltr'><strong>utquod</strong></span> <span class='ocrx_word' id='word_1_694' title='bbox 2296 3642 2569 3723; x_wconf 87' lang='lat' dir='ltr'><strong>improbe</strong></span> <span class='ocrx_word' id='word_1_695' title='bbox 2619 3641 2948 3717; x_wconf 86' lang='lat' dir='ltr'><strong>faciebant,</strong></span> <span class='ocrx_word' id='word_1_696' title='bbox 3001 3642 3330 3706; x_wconf 87' lang='lat' dir='ltr'><strong>redderent</strong></span> <span class='ocrx_word' id='word_1_697' title='bbox 3359 3645 3641 3722; x_wconf 88' lang='lat' dir='ltr'><strong>validius,</strong></span> 
     </span>
    </p>
   </div>
   <div class='ocr_carea' id='block_1_99' title="bbox 2000 3733 3644 3810">
    <p class='ocr_par' dir='ltr' id='par_1_99' title="bbox 2000 3733 3644 3810">
     <span class='ocr_line' id='line_1_99' title="bbox 2000 3733 3644 3810; baseline 0.001 -13"><span class='ocrx_word' id='word_1_698' title='bbox 2000 3736 2076 3797; x_wconf 90' lang='lat' dir='ltr'><strong>ad</strong></span> <span class='ocrx_word' id='word_1_699' title='bbox 2099 3753 2234 3797; x_wconf 90' lang='lat' dir='ltr'><strong>eum</strong></span> <span class='ocrx_word' id='word_1_700' title='bbox 2255 3733 2500 3797; x_wconf 87' lang='lat' dir='ltr'><strong>mittunt</strong></span> <span class='ocrx_word' id='word_1_701' title='bbox 2519 3733 2750 3795; x_wconf 90' lang='lat' dir='ltr'><strong>litteras</strong></span> <span class='ocrx_word' id='word_1_702' title='bbox 2773 3733 2835 3795; x_wconf 89' lang='lat' dir='ltr'><strong>in</strong></span> <span class='ocrx_word' id='word_1_703' title='bbox 2855 3735 3010 3796; x_wconf 85' lang='lat' dir='ltr'><strong>hanc</strong></span> <span class='ocrx_word' id='word_1_704' title='bbox 3036 3739 3395 3797; x_wconf 87' lang='lat' dir='ltr'><strong>sententiam</strong></span> <span class='ocrx_word' id='word_1_705' title='bbox 3427 3757 3440 3794; x_wconf 86' lang='lat'><strong>:</strong></span> <span class='ocrx_word' id='word_1_706' title='bbox 3479 3737 3644 3810; x_wconf 89' lang='lat' dir='ltr'><strong>Quo-</strong></span> 
     </span>
    </p>
   </div>
   <div class='ocr_carea' id='block_1_100' title="bbox 1999 3822 3640 3907">
    <p class='ocr_par' dir='ltr' id='par_1_100' title="bbox 1999 3822 3640 3907">
     <span class='ocr_line' id='line_1_100' title="bbox 1999 3822 3640 3907; baseline 0.001 -19"><span class='ocrx_word' id='word_1_707' title='bbox 1999 3827 2160 3888; x_wconf 86' lang='lat' dir='ltr'><strong>niam</strong></span> <span class='ocrx_word' id='word_1_708' title='bbox 2184 3832 2496 3886; x_wconf 87' lang='lat' dir='ltr'><strong>accusatus</strong></span> <span class='ocrx_word' id='word_1_709' title='bbox 2517 3822 2804 3900; x_wconf 88' lang='lat' dir='ltr'><strong>Joannes,</strong></span> <span class='ocrx_word' id='word_1_710' title='bbox 2836 3832 2896 3887; x_wconf 91' lang='lat' dir='ltr'><strong>et</strong></span> <span class='ocrx_word' id='word_1_711' title='bbox 2921 3822 3036 3886; x_wconf 89' lang='lat' dir='ltr'><strong>sibi</strong></span> <span class='ocrx_word' id='word_1_712' title='bbox 3062 3843 3196 3886; x_wconf 88' lang='lat' dir='ltr'><strong>cum</strong></span> <span class='ocrx_word' id='word_1_713' title='bbox 3220 3825 3475 3888; x_wconf 91' lang='lat' dir='ltr'><strong>aliorum</strong></span> <span class='ocrx_word' id='word_1_714' title='bbox 3503 3829 3640 3907; x_wconf 87' lang='lat' dir='ltr'><strong>plu-</strong></span> 
     </span>
    </p>
   </div>
   <div class='ocr_carea' id='block_1_101' title="bbox 1998 3913 3643 3995">
    <p class='ocr_par' dir='ltr' id='par_1_101' title="bbox 1998 3913 3643 3995">
     <span class='ocr_line' id='line_1_101' title="bbox 1998 3913 3643 3995; baseline 0.002 -19"><span class='ocrx_word' id='word_1_715' title='bbox 1998 3916 2290 3977; x_wconf 87' lang='lat' dir='ltr'><strong>rimorum</strong></span> <span class='ocrx_word' id='word_1_716' title='bbox 2322 3913 2622 3986; x_wconf 90' lang='lat' dir='ltr'><strong>conscius,</strong></span> <span class='ocrx_word' id='word_1_717' title='bbox 2663 3921 2783 3974; x_wconf 91' lang='lat' dir='ltr'><strong>tum</strong></span> <span class='ocrx_word' id='word_1_718' title='bbox 2805 3913 3009 3989; x_wconf 89' lang='lat' dir='ltr'><strong>etiam,</strong></span> <span class='ocrx_word' id='word_1_719' title='bbox 3036 3915 3195 3995; x_wconf 89' lang='lat' dir='ltr'><strong>quod</strong></span> <span class='ocrx_word' id='word_1_720' title='bbox 3217 3915 3294 3976; x_wconf 91' lang='lat' dir='ltr'><strong>sit</strong></span> <span class='ocrx_word' id='word_1_721' title='bbox 3318 3934 3458 3978; x_wconf 90' lang='lat' dir='ltr'><strong>reus</strong></span> <span class='ocrx_word' id='word_1_722' title='bbox 3491 3917 3643 3980; x_wconf 60' lang='lat' dir='ltr'><strong>lasai</strong></span> 
     </span>
    </p>
   </div>
   <div class='ocr_carea' id='block_1_102' title="bbox 1998 4003 3638 4089">
    <p class='ocr_par' dir='ltr' id='par_1_102' title="bbox 1998 4003 3638 4089">
     <span class='ocr_line' id='line_1_102' title="bbox 1998 4003 3638 4089; baseline 0.002 -23"><span class='ocrx_word' id='word_1_723' title='bbox 1998 4003 2330 4084; x_wconf 83' lang='lat' dir='ltr'><strong>majestatis</strong></span> <span class='ocrx_word' id='word_1_724' title='bbox 2361 4003 2560 4065; x_wconf 66' lang='lat' dir='ltr'><strong>laesam</strong></span> <span class='ocrx_word' id='word_1_725' title='bbox 2615 4003 2789 4082; x_wconf 88' lang='lat' dir='ltr'><strong>plane</strong></span> <span class='ocrx_word' id='word_1_726' title='bbox 2823 4004 3196 4084; x_wconf 87' lang='lat' dir='ltr'><strong>majestatem</strong></span> <span class='ocrx_word' id='word_1_727' title='bbox 3231 4006 3638 4089; x_wconf 86' lang='lat' dir='ltr'><strong>nominantes,</strong></span> 
     </span>
    </p>
   </div>
   <div class='ocr_carea' id='block_1_103' title="bbox 1998 4092 3634 4175">
    <p class='ocr_par' dir='ltr' id='par_1_103' title="bbox 1998 4092 3634 4175">
     <span class='ocr_line' id='line_1_103' title="bbox 1998 4092 3634 4175; baseline 0.002 -20"><span class='ocrx_word' id='word_1_728' title='bbox 1998 4113 2128 4175; x_wconf 65' lang='lat' dir='ltr'><strong>qua;</strong></span> <span class='ocrx_word' id='word_1_729' title='bbox 2146 4095 2200 4155; x_wconf 89' lang='lat' dir='ltr'><strong>ei</strong></span> <span class='ocrx_word' id='word_1_730' title='bbox 2223 4112 2355 4155; x_wconf 91' lang='lat' dir='ltr'><strong>cum</strong></span> <span class='ocrx_word' id='word_1_731' title='bbox 2372 4092 2451 4154; x_wconf 90' lang='lat' dir='ltr'><strong>im</strong></span> <span class='ocrx_word' id='word_1_732' title='bbox 2462 4093 2758 4173; x_wconf 87' lang='lat' dir='ltr'><strong>peratrice</strong></span> <span class='ocrx_word' id='word_1_733' title='bbox 2780 4093 3634 4170; x_wconf 88' lang='lat' dir='ltr'><strong>fueratcontroversiam),non</strong></span> 
     </span>
    </p>
   </div>
   <div class='ocr_carea' id='block_1_104' title="bbox 1995 4182 3628 4265">
    <p class='ocr_par' dir='ltr' id='par_1_104' title="bbox 1995 4182 3628 4265">
     <span class='ocr_line' id='line_1_104' title="bbox 1995 4182 3628 4265; baseline 0.001 -19"><span class='ocrx_word' id='word_1_734' title='bbox 1995 4183 2190 4265; x_wconf 90' lang='lat' dir='ltr'><strong>potuit</strong></span> <span class='ocrx_word' id='word_1_735' title='bbox 2219 4182 2336 4246; x_wconf 90' lang='lat' dir='ltr'><strong>sibi</strong></span> <span class='ocrx_word' id='word_1_736' title='bbox 2393 4183 2776 4264; x_wconf 86' lang='lat' dir='ltr'><strong>persuadere,</strong></span> <span class='ocrx_word' id='word_1_737' title='bbox 2813 4193 2876 4246; x_wconf 91' lang='lat' dir='ltr'><strong>ut</strong></span> <span class='ocrx_word' id='word_1_738' title='bbox 2933 4184 3167 4246; x_wconf 88' lang='lat' dir='ltr'><strong>veniret</strong></span> <span class='ocrx_word' id='word_1_739' title='bbox 3198 4185 3269 4246; x_wconf 88' lang='lat' dir='ltr'><strong>ad</strong></span> <span class='ocrx_word' id='word_1_740' title='bbox 3301 4186 3628 4265; x_wconf 80' lang='lat' dir='ltr'><strong>synodum;</strong></span> 
     </span>
    </p>
   </div>
   <div class='ocr_carea' id='block_1_105' title="bbox 1995 4272 3634 4355">
    <p class='ocr_par' dir='ltr' id='par_1_105' title="bbox 1995 4272 3634 4355">
     <span class='ocr_line' id='line_1_105' title="bbox 1995 4272 3634 4355; baseline 0.002 -20"><span class='ocrx_word' id='word_1_741' title='bbox 1995 4284 2310 4355; x_wconf 89' lang='lat' dir='ltr'><strong>propterea</strong></span> <span class='ocrx_word' id='word_1_742' title='bbox 2331 4272 2381 4334; x_wconf 90' lang='lat' dir='ltr'><strong>si</strong></span> <span class='ocrx_word' id='word_1_743' title='bbox 2407 4284 2615 4336; x_wconf 74' lang='lat' dir='ltr'><strong>exacte</strong></span> <span class='ocrx_word' id='word_1_744' title='bbox 2635 4274 2840 4336; x_wconf 89' lang='lat' dir='ltr'><strong>consid</strong></span> <span class='ocrx_word' id='word_1_745' title='bbox 2851 4281 3100 4336; x_wconf 89' lang='lat' dir='ltr'><strong>erentur</strong></span> <span class='ocrx_word' id='word_1_746' title='bbox 3117 4293 3398 4345; x_wconf 85' lang='lat' dir='ltr'><strong>canones,</strong></span> <span class='ocrx_word' id='word_1_747' title='bbox 3401 4274 3527 4354; x_wconf 81' lang='lat' dir='ltr'><strong>jam</strong></span> <span class='ocrx_word' id='word_1_748' title='bbox 3545 4285 3634 4338; x_wconf 93' lang='lat' dir='ltr'><strong>est</strong></span> 
     </span>
    </p>
   </div>
   <div class='ocr_carea' id='block_1_106' title="bbox 1993 4363 3630 4446">
    <p class='ocr_par' dir='ltr' id='par_1_106' title="bbox 1993 4363 3630 4446">
     <span class='ocr_line' id='line_1_106' title="bbox 1993 4363 3630 4446; baseline 0.002 -22"><span class='ocrx_word' id='word_1_749' title='bbox 1993 4363 2480 4445; x_wconf 84' lang='lat' dir='ltr'><strong>depositus.nihil</strong></span> <span class='ocrx_word' id='word_1_750' title='bbox 2502 4370 2708 4438; x_wconf 86' lang='lat' dir='ltr'><strong>restat,</strong></span> <span class='ocrx_word' id='word_1_751' title='bbox 2744 4364 2860 4426; x_wconf 86' lang='lat' dir='ltr'><strong>nisi</strong></span> <span class='ocrx_word' id='word_1_752' title='bbox 2886 4374 2946 4425; x_wconf 94' lang='lat' dir='ltr'><strong>ut</strong></span> <span class='ocrx_word' id='word_1_753' title='bbox 2967 4372 3157 4426; x_wconf 90' lang='lat' dir='ltr'><strong>vestra</strong></span> <span class='ocrx_word' id='word_1_754' title='bbox 3174 4364 3388 4445; x_wconf 82' lang='lat' dir='ltr'><strong>jubeat</strong></span> <span class='ocrx_word' id='word_1_755' title='bbox 3412 4374 3630 4446; x_wconf 85' lang='lat' dir='ltr'><strong>poten-</strong></span> 
     </span>
    </p>
   </div>
   <div class='ocr_carea' id='block_1_107' title="bbox 1993 4452 3632 4518">
    <p class='ocr_par' dir='ltr' id='par_1_107' title="bbox 1993 4452 3632 4518">
     <span class='ocr_line' id='line_1_107' title="bbox 1993 4452 3632 4518; baseline 0.002 -4"><span class='ocrx_word' id='word_1_756' title='bbox 1993 4453 2072 4515; x_wconf 86' lang='lat' dir='ltr'><strong>tia</strong></span> <span class='ocrx_word' id='word_1_757' title='bbox 2113 4473 2248 4516; x_wconf 88' lang='lat' dir='ltr'><strong>eum</strong></span> <span class='ocrx_word' id='word_1_758' title='bbox 2296 4452 2665 4515; x_wconf 78' lang='lat' dir='ltr'><strong>velimitum</strong></span> <span class='ocrx_word' id='word_1_759' title='bbox 2692 4453 2842 4515; x_wconf 91' lang='lat' dir='ltr'><strong>mitti</strong></span> <span class='ocrx_word' id='word_1_760' title='bbox 2893 4453 2952 4514; x_wconf 91' lang='lat' dir='ltr'><strong>in</strong></span> <span class='ocrx_word' id='word_1_761' title='bbox 2986 4454 3290 4518; x_wconf 79' lang='lat' dir='ltr'><strong>exsilium.</strong></span> <span class='ocrx_word' id='word_1_762' title='bbox 3325 4453 3463 4517; x_wconf 64' lang='lat' dir='ltr'><strong>Haec</strong></span> <span class='ocrx_word' id='word_1_763' title='bbox 3493 4463 3632 4518; x_wconf 90' lang='lat' dir='ltr'><strong>sunt</strong></span> 
     </span>
    </p>
   </div>
   <div class='ocr_carea' id='block_1_108' title="bbox 1989 4542 3628 4626">
    <p class='ocr_par' dir='ltr' id='par_1_108' title="bbox 1989 4542 3628 4626">
     <span class='ocr_line' id='line_1_108' title="bbox 1989 4542 3628 4626; baseline 0.001 -20"><span class='ocrx_word' id='word_1_764' title='bbox 1989 4544 2364 4623; x_wconf 81' lang='lat' dir='ltr'><strong>egregiorum</strong></span> <span class='ocrx_word' id='word_1_765' title='bbox 2390 4542 2630 4604; x_wconf 90' lang='lat' dir='ltr'><strong>illorum</strong></span> <span class='ocrx_word' id='word_1_766' title='bbox 2654 4542 3167 4625; x_wconf 88' lang='lat' dir='ltr'><strong>sacerdotum,qui</strong></span> <span class='ocrx_word' id='word_1_767' title='bbox 3184 4544 3628 4626; x_wconf 80' lang='lat' dir='ltr'><strong>debebantqui-</strong></span> 
     </span>
    </p>
   </div>
   <div class='ocr_carea' id='block_1_109' title="bbox 1987 4631 3628 4713">
    <p class='ocr_par' dir='ltr' id='par_1_109' title="bbox 1987 4631 3628 4713">
     <span class='ocr_line' id='line_1_109' title="bbox 1987 4631 3628 4713; baseline 0 -17"><span class='ocrx_word' id='word_1_768' title='bbox 1987 4634 2124 4696; x_wconf 90' lang='lat' dir='ltr'><strong>dem</strong></span> <span class='ocrx_word' id='word_1_769' title='bbox 2152 4651 2286 4696; x_wconf 91' lang='lat' dir='ltr'><strong>esse</strong></span> <span class='ocrx_word' id='word_1_770' title='bbox 2312 4631 2464 4694; x_wconf 91' lang='lat' dir='ltr'><strong>tardi</strong></span> <span class='ocrx_word' id='word_1_771' title='bbox 2489 4631 2559 4693; x_wconf 84' lang='lat' dir='ltr'><strong>ad</strong></span> <span class='ocrx_word' id='word_1_772' title='bbox 2586 4631 2734 4694; x_wconf 89' lang='lat' dir='ltr'><strong>iram</strong></span> <span class='ocrx_word' id='word_1_773' title='bbox 2761 4633 3158 4710; x_wconf 82' lang='lat' dir='ltr'><strong>incitandam,</strong></span> <span class='ocrx_word' id='word_1_774' title='bbox 3185 4652 3400 4713; x_wconf 85' lang='lat' dir='ltr'><strong>urgere</strong></span> <span class='ocrx_word' id='word_1_775' title='bbox 3428 4644 3628 4697; x_wconf 90' lang='lat' dir='ltr'><strong>autem</strong></span> 
     </span>
    </p>
   </div>
   <div class='ocr_carea' id='block_1_110' title="bbox 1985 4723 3627 4804">
    <p class='ocr_par' dir='ltr' id='par_1_110' title="bbox 1985 4723 3627 4804">
     <span class='ocr_line' id='line_1_110' title="bbox 1985 4723 3627 4804; baseline 0.001 -18"><span class='ocrx_word' id='word_1_776' title='bbox 1985 4723 2058 4786; x_wconf 91' lang='lat' dir='ltr'><strong>ad</strong></span> <span class='ocrx_word' id='word_1_777' title='bbox 2091 4723 2565 4804; x_wconf 85' lang='lat' dir='ltr'><strong>benignitatem:</strong></span> <span class='ocrx_word' id='word_1_778' title='bbox 2621 4723 2837 4803; x_wconf 90' lang='lat' dir='ltr'><strong>quibus</strong></span> <span class='ocrx_word' id='word_1_779' title='bbox 2891 4723 2979 4785; x_wconf 89' lang='lat' dir='ltr'><strong>ira</strong></span> <span class='ocrx_word' id='word_1_780' title='bbox 3037 4723 3112 4784; x_wconf 89' lang='lat' dir='ltr'><strong>ad</strong></span> <span class='ocrx_word' id='word_1_781' title='bbox 3164 4724 3627 4787; x_wconf 83' lang='lat' dir='ltr'><strong>similitudinem</strong></span> 
     </span>
    </p>
   </div>
   <div class='ocr_carea' id='block_1_111' title="bbox 1984 4811 3628 4894">
    <p class='ocr_par' dir='ltr' id='par_1_111' title="bbox 1984 4811 3628 4894">
     <span class='ocr_line' id='line_1_111' title="bbox 1984 4811 3628 4894; baseline -0.001 -18"><span class='ocrx_word' id='word_1_782' title='bbox 1984 4814 2375 4894; x_wconf 85' lang='lat' dir='ltr'><strong>serpentis,et</strong></span> <span class='ocrx_word' id='word_1_783' title='bbox 2399 4813 2600 4893; x_wconf 84' lang='lat' dir='ltr'><strong>lingua</strong></span> <span class='ocrx_word' id='word_1_784' title='bbox 2623 4818 2852 4890; x_wconf 91' lang='lat' dir='ltr'><strong>(rursus</strong></span> <span class='ocrx_word' id='word_1_785' title='bbox 2883 4813 3044 4876; x_wconf 91' lang='lat' dir='ltr'><strong>enim</strong></span> <span class='ocrx_word' id='word_1_786' title='bbox 3065 4811 3382 4875; x_wconf 88' lang='lat' dir='ltr'><strong>nobiscum</strong></span> <span class='ocrx_word' id='word_1_787' title='bbox 3417 4815 3628 4894; x_wconf 81' lang='lat' dir='ltr'><strong>loqua-</strong></span> 
     </span>
    </p>
   </div>
   <div class='ocr_carea' id='block_1_112' title="bbox 1982 4901 3624 4982">
    <p class='ocr_par' dir='ltr' id='par_1_112' title="bbox 1982 4901 3624 4982">
     <span class='ocr_line' id='line_1_112' title="bbox 1982 4901 3624 4982; baseline 0 -17"><span class='ocrx_word' id='word_1_788' title='bbox 1982 4913 2077 4965; x_wconf 91' lang='lat' dir='ltr'><strong>tur</strong></span> <span class='ocrx_word' id='word_1_789' title='bbox 2106 4905 2340 4966; x_wconf 81' lang='lat' dir='ltr'><strong>divinus</strong></span> <span class='ocrx_word' id='word_1_790' title='bbox 2371 4904 2550 4964; x_wconf 85' lang='lat' dir='ltr'><strong>David</strong></span> <span class='ocrx_word' id='word_1_791' title='bbox 2582 4904 2665 4982; x_wconf 83' lang='lat'><strong>&#39;57)</strong></span> <span class='ocrx_word' id='word_1_792' title='bbox 2696 4903 2929 4982; x_wconf 83' lang='lat' dir='ltr'><strong>gladius</strong></span> <span class='ocrx_word' id='word_1_793' title='bbox 2959 4913 3192 4966; x_wconf 88' lang='lat' dir='ltr'><strong>acutus.</strong></span> <span class='ocrx_word' id='word_1_794' title='bbox 3227 4901 3459 4966; x_wconf 89' lang='lat' dir='ltr'><strong>Deinde</strong></span> <span class='ocrx_word' id='word_1_795' title='bbox 3488 4922 3624 4968; x_wconf 87' lang='lat' dir='ltr'><strong>cum</strong></span> 
     </span>
    </p>
   </div>
   <div class='ocr_carea' id='block_1_113' title="bbox 1972 4992 3627 5073">
    <p class='ocr_par' dir='ltr' id='par_1_113' title="bbox 1972 4992 3627 5073">
     <span class='ocr_line' id='line_1_113' title="bbox 1972 4992 3627 5073; baseline 0 -19"><span class='ocrx_word' id='word_1_796' title='bbox 1972 4993 2251 5073; x_wconf 85' lang='lat' dir='ltr'><strong>jussisset</strong></span> <span class='ocrx_word' id='word_1_797' title='bbox 2273 4992 2563 5064; x_wconf 88' lang='lat' dir='ltr'><strong>Arcadius</strong></span> <span class='ocrx_word' id='word_1_798' title='bbox 2588 4993 2705 5072; x_wconf 90' lang='lat' dir='ltr'><strong>(eis</strong></span> <span class='ocrx_word' id='word_1_799' title='bbox 2724 4993 2880 5055; x_wconf 82' lang='lat' dir='ltr'><strong>enin</strong></span> <span class='ocrx_word' id='word_1_800' title='bbox 2909 4992 3194 5054; x_wconf 88' lang='lat' dir='ltr'><strong>credebat</strong></span> <span class='ocrx_word' id='word_1_801' title='bbox 3214 5001 3494 5072; x_wconf 84' lang='lat' dir='ltr'><strong>tanquam</strong></span> <span class='ocrx_word' id='word_1_802' title='bbox 3527 5012 3627 5054; x_wconf 88' lang='lat' dir='ltr'><strong>sa-</strong></span> 
     </span>
    </p>
   </div>
   <div class='ocr_carea' id='block_1_114' title="bbox 1981 5082 3623 5155">
    <p class='ocr_par' dir='ltr' id='par_1_114' title="bbox 1981 5082 3623 5155">
     <span class='ocr_line' id='line_1_114' title="bbox 1981 5082 3623 5155; baseline 0.001 -11"><span class='ocrx_word' id='word_1_803' title='bbox 1981 5083 2348 5155; x_wconf 90' lang='lat' dir='ltr'><strong>cerdotibus,</strong></span> <span class='ocrx_word' id='word_1_804' title='bbox 2385 5083 2664 5144; x_wconf 89' lang='lat' dir='ltr'><strong>nesciens</strong></span> <span class='ocrx_word' id='word_1_805' title='bbox 2692 5102 2795 5144; x_wconf 91' lang='lat' dir='ltr'><strong>eos</strong></span> <span class='ocrx_word' id='word_1_806' title='bbox 2822 5083 2881 5144; x_wconf 90' lang='lat' dir='ltr'><strong>in</strong></span> <span class='ocrx_word' id='word_1_807' title='bbox 2908 5082 3188 5144; x_wconf 89' lang='lat' dir='ltr'><strong>interiori</strong></span> <span class='ocrx_word' id='word_1_808' title='bbox 3221 5083 3467 5146; x_wconf 87' lang='lat' dir='ltr'><strong>homine</strong></span> <span class='ocrx_word' id='word_1_809' title='bbox 3503 5103 3623 5145; x_wconf 91' lang='lat' dir='ltr'><strong>non</strong></span> 
     </span>
    </p>
   </div>
   <div class='ocr_carea' id='block_1_115' title="bbox 1983 5172 3620 5255">
    <p class='ocr_par' dir='ltr' id='par_1_115' title="bbox 1983 5172 3620 5255">
     <span class='ocr_line' id='line_1_115' title="bbox 1983 5172 3620 5255; baseline 0.001 -20"><span class='ocrx_word' id='word_1_810' title='bbox 1983 5191 2114 5235; x_wconf 90' lang='lat' dir='ltr'><strong>esse</strong></span> <span class='ocrx_word' id='word_1_811' title='bbox 2146 5172 2587 5253; x_wconf 85' lang='lat' dir='ltr'><strong>sacerdotibus,</strong></span> <span class='ocrx_word' id='word_1_812' title='bbox 2619 5173 2723 5235; x_wconf 91' lang='lat' dir='ltr'><strong>sed</strong></span> <span class='ocrx_word' id='word_1_813' title='bbox 2758 5173 2956 5252; x_wconf 89' lang='lat' dir='ltr'><strong>potius</strong></span> <span class='ocrx_word' id='word_1_814' title='bbox 2989 5172 3294 5253; x_wconf 82' lang='lat' dir='ltr'><strong>sacrilegis</strong></span> <span class='ocrx_word' id='word_1_815' title='bbox 3341 5173 3620 5255; x_wconf 85' lang='lat' dir='ltr'><strong>similes),</strong></span> 
     </span>
    </p>
   </div>
   <div class='ocr_carea' id='block_1_116' title="bbox 1981 5261 3624 5344">
    <p class='ocr_par' dir='ltr' id='par_1_116' title="bbox 1981 5261 3624 5344">
     <span class='ocr_line' id='line_1_116' title="bbox 1981 5261 3624 5344; baseline 0.001 -22"><span class='ocrx_word' id='word_1_816' title='bbox 1981 5261 2124 5342; x_wconf 89' lang='lat' dir='ltr'><strong>quid</strong></span> <span class='ocrx_word' id='word_1_817' title='bbox 2155 5261 2265 5324; x_wconf 82' lang='lat' dir='ltr'><strong>fit?</strong></span> <span class='ocrx_word' id='word_1_818' title='bbox 2312 5261 2580 5324; x_wconf 83' lang='lat' dir='ltr'><strong>Movetnr</strong></span> <span class='ocrx_word' id='word_1_819' title='bbox 2608 5261 2851 5343; x_wconf 88' lang='lat' dir='ltr'><strong>quidem</strong></span> <span class='ocrx_word' id='word_1_820' title='bbox 2884 5261 3206 5324; x_wconf 88' lang='lat' dir='ltr'><strong>universus</strong></span> <span class='ocrx_word' id='word_1_821' title='bbox 3237 5263 3518 5344; x_wconf 86' lang='lat' dir='ltr'><strong>populus,</strong></span> <span class='ocrx_word' id='word_1_822' title='bbox 3555 5272 3624 5324; x_wconf 89' lang='lat' dir='ltr'><strong>ut</strong></span> 
     </span>
    </p>
   </div>
   <div class='ocr_carea' id='block_1_117' title="bbox 1979 5351 3619 5434">
    <p class='ocr_par' dir='ltr' id='par_1_117' title="bbox 1979 5351 3619 5434">
     <span class='ocr_line' id='line_1_117' title="bbox 1979 5351 3619 5434; baseline 0 -20"><span class='ocrx_word' id='word_1_823' title='bbox 1979 5353 2077 5434; x_wconf 90' lang='lat' dir='ltr'><strong>qui</strong></span> <span class='ocrx_word' id='word_1_824' title='bbox 2102 5352 2392 5414; x_wconf 89' lang='lat' dir='ltr'><strong>sensisset</strong></span> <span class='ocrx_word' id='word_1_825' title='bbox 2422 5352 2506 5426; x_wconf 89' lang='lat' dir='ltr'><strong>id,</strong></span> <span class='ocrx_word' id='word_1_826' title='bbox 2538 5352 2698 5434; x_wconf 90' lang='lat' dir='ltr'><strong>quod</strong></span> <span class='ocrx_word' id='word_1_827' title='bbox 2741 5371 2860 5415; x_wconf 91' lang='lat' dir='ltr'><strong>non</strong></span> <span class='ocrx_word' id='word_1_828' title='bbox 2881 5361 3007 5414; x_wconf 84' lang='lat' dir='ltr'><strong>erat</strong></span> <span class='ocrx_word' id='word_1_829' title='bbox 3035 5351 3399 5434; x_wconf 85' lang='lat' dir='ltr'><strong>faciendum,</strong></span> <span class='ocrx_word' id='word_1_830' title='bbox 3429 5360 3488 5413; x_wconf 91' lang='lat' dir='ltr'><strong>et</strong></span> <span class='ocrx_word' id='word_1_831' title='bbox 3517 5371 3619 5414; x_wconf 88' lang='lat' dir='ltr'><strong>re-</strong></span> 
     </span>
    </p>
   </div>
   <div class='ocr_carea' id='block_1_118' title="bbox 1979 5441 3619 5535">
    <p class='ocr_par' dir='ltr' id='par_1_118' title="bbox 1979 5441 3619 5535">
     <span class='ocr_line' id='line_1_118' title="bbox 1979 5441 3619 5535; baseline 0 -30"><span class='ocrx_word' id='word_1_832' title='bbox 1979 5451 2156 5525; x_wconf 88' lang='lat' dir='ltr'><strong>pente</strong></span> <span class='ocrx_word' id='word_1_833' title='bbox 2189 5441 2252 5503; x_wconf 91' lang='lat' dir='ltr'><strong>in</strong></span> <span class='ocrx_word' id='word_1_834' title='bbox 2282 5459 2555 5524; x_wconf 82' lang='lat' dir='ltr'><strong>magnam</strong></span> <span class='ocrx_word' id='word_1_835' title='bbox 2575 5441 2928 5505; x_wconf 81' lang='lat' dir='ltr'><strong>accenditur</strong></span> <span class='ocrx_word' id='word_1_836' title='bbox 2951 5441 3308 5506; x_wconf 88' lang='lat' dir='ltr'><strong>seditionem</strong></span> <span class='ocrx_word' id='word_1_837' title='bbox 3344 5463 3358 5504; x_wconf 89' lang='lat'><strong>:</strong></span> <span class='ocrx_word' id='word_1_838' title='bbox 3393 5451 3453 5504; x_wconf 89' lang='lat' dir='ltr'><strong>et</strong></span> <span class='ocrx_word' id='word_1_839' title='bbox 3484 5460 3619 5535; x_wconf 85' lang='lat' dir='ltr'><strong>par-</strong></span> 
     </span>
    </p>
   </div>
  </div>
