3954 6146
333 251 480 327 1171

1625 255 1906 319 MENSIS
1943 255 2400 320 JANUAPJUS.

3591 255 3739 318 11ῗὲ

331 401 436 461 tim
471 398 716 475 quidem
775 395 1135 460 vociferatur
1177 392 1463 457 adversus
1513 391 1967 471 imperatorem,

2071 392 2326 456 ιύθεντίας
2382 393 2564 461 πάσης
2613 398 2712 461 τῆς
2754 417 2812 452 τε
2856 394 3073 459 πόλεως
3116 395 3205 452 καὶ
3251 399 3359 462 τῆς
3396 393 3750 461 Ἐκχὶησξις

337 489 553 570 partim
587 495 784 551 autem
815 487 1135 568 Theophili
1165 503 1402 566 quoque
1462 490 1517 543 et
1567 481 1756 541 multo
1791 481 1976 558 magis
2060 479 2273 545 ἐξέϐαλε
2309 500 2323 513 -

2373 486 2459 538 καὶ
2514 485 2648 560 πρὸς
2693 485 2923 557 ἑσπεραν
2972 485 3194 561 βαθεῖαν
3239 492 3339 540 τοῦ
3375 482 3576 556 δήμου
3611 507 3749 539 παν-

337 579 533 659 arguit
564 578 1035 659 improbitatem.
1064 576 1231 637 Multi
1265 575 1424 634 enim
1458 571 1635 634 etiam
1670 591 1738 632 ex
1770 570 1974 650 iis,qui

2071 574 2150 633 τος
2243 573 2649 651 ἐπισυρομένου,
2729 575 3020 647 ἑλκόμενος
3102 576 3203 631 ὑπὸ
3265 574 3367 629 τοῦ
3433 576 3750 651 Κύριόςσς.

337 679 509 731 erant
530 673 581 729 ei
607 667 991 745 infensi,jam
1015 665 1250 738 mutati,
1281 663 1555 726 dicebant
1581 661 1766 722 fuisse
1798 678 1976 721 sanc-

337 769 463 822 tum
497 771 720 820 temere
761 765 1130 829 accusatum,
1163 756 1578 832 incorruptum
1621 760 1832 813 testem
1867 751 1977 810 ba-

337 850 548 911 bentes
573 866 782 910 omnes
835 845 1292 919 conscientiam,
1342 853 1729 923 apertamque
1761 849 1820 902 et
1850 840 1982 900 evi—

336 940 578 1001 dentem
602 946 944 1000 reverentes
967 936 1273 998 veritatem
1301 955 1316 995 :
1342 933 1581 995 tandem
1615 943 1818 993 autem
1847 948 1981 991 cum

337 1030 467 1106 plus
515 1028 798 1089 valuisset
847 1025 1228 1106 improbitas,
1293 1025 1413 1085 imo
1449 1041 1589 1084 vero
1621 1041 1755 1083 cum
1783 1021 1984 1099 justus

333 1119 597 1181 Joannes
629 1119 742 1179 hoc
765 1117 1159 1191 voluisset,ne
1191 1113 1433 1194 aliquod
1456 1115 1720 1175 oriretur
1743 1111 1984 1191 pericu-

337 1209 552 1281 lum,ut
576 1207 728 1268 solet
748 1205 1026 1268 accidere
1047 1207 1108 1267 in
1135 1203 1351 1268 talibus
1375 1200 1800 1274 seditionibus,
1842 1217 1984 1280 pro-

337 1298 519 1359 fundo
541 1315 790 1376 vespere
823 1295 1328 1375 expellitur,sicut
1357 1293 1548 1372 ipsam
1582 1291 1846 1368 linguam
1875 1307 1983 1349 au-

336 1403 498 1446 ream
520 1384 662 1446 licet
679 1383 890 1445 audire
915 1383 974 1443 in
997 1381 1247 1462 epistola
1280 1381 1353 1442 ad
1380 1380 1813 1450 Innocentium,
1850 1395 1984 1457 quas

338 1474 424 1535 sic
447 1474 594 1535 dicit
621 1491 634 1535 :
660 1473 814 1545 Quid
845 1474 1005 1534 enim
1045 1471 1230 1534 multa
1262 1489 1415 1550 opus
1446 1478 1534 1530 est
1569 1469 1773 1529 dicere
1795 1471 1821 1525 ’ἲ
1852 1465 1981 1527 Non

340 1563 574 1625 destitit
627 1563 829 1624 omnia
882 1563 1082 1623 facere
1116 1571 1176 1622 et
1224 1559 1444 1634 moliri,
1483 1559 1675 1619 donec
1707 1576 1816 1618 nos
1847 1575 1978 1617 cum

342 1654 525 1713 multa
553 1660 842 1731 potestate
875 1660 933 1712 et
980 1649 1336 1712 auctoritate
1373 1669 1403 1710 e
1435 1648 1675 1709 civitate
1712 1647 1894 1725 ejecit
1925 1656 1984 1707 et

2065 661 2160 728 τῆς
2220 661 2429 727 πόλεως
2470 663 2526 718 ἐν
2569 664 2708 740 μέσῃ
2753 670 2822 739 τῇ
2867 663 3046 737 πόλει,
3089 665 3179 720 καὶ
3234 666 3375 740 πρὸς
3410 664 3549 738 βίαν
3589 667 3752 739 πῖνέ·-

2067 773 2224 824 μενος
2274 753 2620 829 κατηγόμην,
2668 754 2757 810 καὶ
2816 754 2888 816 είς
2947 753 3138 810 πλοῖον
3197 751 3592 827 ἐνεϐαλόμην,
3661 755 3750 807 καί

2066 838 2148 894 διὰ
2207 842 2390 906 νυκτὸς
2471 841 2685 916 ἔπλεον,
2762 841 2948 909 ἐπειδὴ
3021 841 3236 899 σύνοδον
3318 845 3463 920 πρὸς
3539 840 3752 898 διέταξαν

2068 930 2318 1004 ἀκρόασιν
2380 929 2781 1006 ἑπεκαλούμην,
2841 933 2928 996 Τίς
2988 940 3154 989 ταῦτα
3185 931 3470 1009 ἀδακρυτὶ,
3513 933 3629 987 κᾶν
3663 931 3751 986 λι-

2067 1019 2212 1084 θίνην
2261 1019 2366 1098 ἔχῃ
2399 1019 2651 1090 διένοιαν,
2710 1022 2984 1077 ἀκούσειεν
3019 1039 3034 1094 ;
3070 1020 3220 1078 Ἀλλ’
3255 1022 3403 1078 οὕτω
3435 1020 3552 1095 μὲν
3587 1023 3749 1083 αὐτὲις

2073 1106 2392 1174 Ἐκϐληθεῖς
2424 1114 2500 1182 τῷ
2555 1110 2648 1166 τοῦ
2678 1113 2879 1167 Πόντου
2911 1113 3162 1188 στόματι,
3193 1113 3222 1166 '6
3268 1113 3359 1167 καὶ
3410 1102 3598 1188 Ἱερὸν
3643 1134 3750 1166 κα-

2069 1196 2242 1266 λοῦσι,
2303 1199 2614 1277 προσίσχει,
2677 1200 2815 1256 Εἶτα
2867 1200 2954 1255 καὶ
3003 1201 3077 1260 είς
3113 1199 3402 1274 Πραίνετον
3437 1197 3742 1277 διαϐαίνει,

2066 1288 2101 1354 ἢ
2154 1290 2255 1343 ὑπὸ
2314 1293 2420 1342 τῶν
2479 1289 2717 1364 ἀγόντων
2778 1287 2983 1357 μᾶλλον
3039 1287 3480 1364 μεταϐιϐάζεται,
3566 1284 3628 1346 Ὀ
3689 1289 3742 1343 r31:

2065 1378 2305 1456 χρηστὸς
2367 1378 2646 1458 Θεόφιλος,
2703 1378 2818 1434 ἐπεὶ
2875 1378 3090 1456 γέγονεν
3166 1383 3309 1451 αὒτῷ
3373 1378 3614 1435 τελέσαι
3675 1381 3741 1433 τὰ

2063 1468 2198 1522 κατὰ
2240 1467 2487 1544 γνώμην,
2529 1489 2819 1544 γραμματα
2864 1470 2950 1524 καὶ
3004 1469 3134 1545 πρὸς
3179 1465 3536 1525 Ἰννοκὲντιον
3609 1477 3737 1523 τσῦ-

2063 1579 2152 1612 τον
2182 1557 2273 1612 τὸν
2309 1548 2517 1630 Ῥώμης
2550 1558 2840 1614 ἐπίσκοπον
2868 1557 3092 1632 πέμπει,
3146 1556 3317 1624 δήλην
3369 1560 3526 1630 αὗτῷ
3593 1562 3736 1613 καθ-

2066 1646 2209 1707 ιστὰς
2270 1652 2368 1712 την
2411 1645 2658 1705 Ἰωάννου
2687 1649 2983 1724 καθαίρεσιν
3017 1663 3032 1679 ⁸
3062 1649 3118 1712 ὃς
3147 1649 3236 1704 καὶ
3277 1660 3401 1711 τοῖς
3455 1649 3736 1725 γράμμα-

339 1760 412 1804 ex
443 1739 719 1822 ecclesia,
757 1750 815 1802 et
865 1741 1161 1822 profundo
1221 1757 1490 1819 vespere,
1538 1746 1787 1798 attracto
1819 1737 1974 1797 omni

2071 1757 2150 1789 σιν
2192 1735 2453 1812 ἐντυχὼν,
2501 1734 2618 1793 οὐδὲ
2677 1736 3011 1814 ἀντιγράφων
3067 1735 3204 1800 ὅλως
3258 1736 3467 1815 ἔκρινεν
3513 1736 3732 1814 ἄξιε-σῦν,

342 1833 586 1912 populo,
621 1839 843 1892 tractus
873 1849 908 1892 a
940 1831 1285 1905 magistratu
1311 1827 1708 1906 civitatis,per
1727 1825 1983 1886 mediam

341 1920 668 1993 civitatem,
706 1930 763 1980 et
823 1938 927 1998 per
985 1920 1098 1979 vim
1162 1918 1457 1979 deductus
1488 1935 1642 1989 sum,
1681 1915 1739 1975 in
1775 1932 1984 1974 navem

341 2009 668 2082 immissus,
705 2017 765 2071 et
787 2015 966 2070 noctu
994 2007 1284 2086 navigavi,
1318 2005 1599 2087 quoniam
1635 2004 1985 2064 invocabam

341 2099 628 2172 synodum
655 2102 724 2156 ad
748 2100 958 2171 justam
983 2099 1364 2158 auditionem.
1397 2097 1538 2164 Quis
1563 2099 1677 2152 haec
1701 2096 1987 2153 audiverit

340 2181 473 2244 sine
497 2181 1042 2262 lacrymis,etiamsi
1074 2198 1179 2242 cor
1203 2179 1483 2241 habuerit
1509 2179 1844 2258 lapideum?
1865 2175 1983 2237 Sed

339 2269 427 2332 sic
459 2270 700 2350 quidem
734 2271 1043 2352 expulsus,
1105 2269 1353 2350 appellit
1386 2269 1456 2330 ad
1489 2287 1555 2329 os
1589 2267 1785 2340 Ponti,
1822 2265 1978 2347 quod

340 2369 552 2423 vocant
582 2363 853 2425 Sacrum.
900 2359 1125 2422 Deinde
1158 2360 1337 2422 etiam
1374 2358 1584 2420 transit
1614 2356 1974 2427 Praenetnm,

339 2458 438 2510 aut
467 2451 540 2511 ab
574 2449 644 2511 iis
678 2450 902 2529 potius,
936 2450 1037 2530 qui
1067 2448 1346 2528 agebant,
1380 2448 1822 2509 transmittitur.
1860 2445 1981 2506 Bo-

339 2557 452 2600 nus
485 2547 682 2600 autem
708 2538 1422 2618 TheOphilus,postquam
1455 2537 1746 2611 evenit,ut
1767 2554 1834 2595 ex
1859 2536 1986 2596 ani-

341 2633 418 2688 mi
442 2630 743 2692 sententia
769 2630 986 2691 ﬁerent
1009 2646 1141 2708 qua:
1165 2625 1810 2701 volebat,mittitetiam
1834 2625 1988 2685 litte-

339 2734 440 2778 ras
462 2718 534 2778 ad
554 2717 973 2779 Innocentium
991 2719 1323 2778 Romanum
1350 2714 1985 2795 episcopum,eisigni-

340 2806 528 2867 ticaus
547 2806 796 2868 Joannis
822 2807 1286 2886 depositionem.
1321 2805 1434 2877 Qui
1457 2823 1593 2866 cum
1616 2804 1857 2882 legisset
1879 2804 1981 2864 lit-

343 2903 591 2967 teras,et
613 2895 671 2956 in
698 2898 786 2956 eis
805 2895 1055 2956 vidisset
1079 2895 1321 2955 multam
1344 2893 1608 2955 insidere
1631 2894 1983 2973 perversita-

340 2991 572 3055 tem,ne
593 2983 778 3045 voluit
800 2984 1041 3063 quidem
1065 2985 1533 3064 respondere,ut
1556 2984 1656 3062 qui
1680 3000 1818 3043 eum
1853 2999 1975 3042 mae

340 3089 469 3166 gnte
490 3073 843 3166 temeritatis
870 3072 1218 3166 damnasset
1243 3081 1300 3134 et
1321 3071 1886 3166 arrogantiam-quod
1921 3080 1980 3133 et
1998 3116 2038 3166 ο

340 3161 502 3222 solus
533 3161 899 3242 scripsisset,
938 3171 993 3223 et
1026 3162 1183 3244 quod
1214 3181 1332 3223 non
1364 3173 1570 3242 aperte
1604 3161 1971 3240 scripsisset,

339 3269 593 3330 quanam
618 3251 694 3313 de
717 3269 894 3314 causa
916 3261 1127 3314 etcum
1155 3251 1369 3332 quibus
1402 3270 1538 3312 eum
1573 3250 1973 3330 deposuisset.

342 3340 491 3402 Hinc
508 3360 746 3403 causam
763 3340 1309 3422 Heraclidis,quem
1333 3361 1579 3420 magnus
1603 3341 1978 3403 illeJoannes

337 3431 562 3510 Ephesi
595 3433 988 3494 constituerat
1018 3432 1636 3502 antistitem,tractans
1665 3430 1975 3508 Theophi-

339 3519 522 3598 lus,et
542 3540 613 3583 ex
635 3541 705 3584 eo
730 3523 815 3584 illi
841 3521 1016 3585 beato
1033 3531 1268 3584 tentaus
1294 3521 1488 3584 labem
1508 3519 1975 3598 inurere,ipsum

339 3611 824 3690 etiamjudicavit
847 3633 964 3674 non
989 3619 1370 3693 praesentem,
1403 3611 1632 3685 dicens,
1666 3609 1831 3688 quod
1863 3609 1976 3670 ali-

338 3718 488 3779 quos
508 3701 729 3779 injuste
741 3701 1328 3782 verberasset,etper
1353 3701 1611 3762 medium
1638 3699 1832 3759 forum
1853 3699 1980 3758 vin-

337 3799 463 3850 ctos
485 3798 693 3852 catena
719 3791 1242 3853 circumduxisset.
1279 3789 1519 3852 Civibus
1540 3797 1736 3850 autem
1771 3797 1980 3848 contra

335 3877 821 3954 dicentibus,non
854 3889 1134 3960 oportere
1161 3879 1442 3941 absentes
1467 3877 1975 3958 judicari,volen-

335 3965 495 4028 tibus
511 3985 650 4029 vero
669 3968 1095 4031 Alexandrinis
1123 3968 1440 4031 attendere
1462 3974 1841 4029 accusatores
1863 3965 1975 4026 He-

333 4056 683 4134 raclidis,ex
709 4077 783 4121 eo
808 4067 934 4120 orta
969 4067 1061 4120 est
1093 4059 1306 4120 seditio
1335 4079 1349 4118 :
1375 4076 1443 4118 ex
1465 4055 1760 4118 seditione
1778 4063 1972 4115 autem

333 4157 570 4209 ventum
605 4149 795 4211 estad
828 4167 1087 4211 manus:
1125 4166 1194 4210 ex
1254 4167 1324 4210 eo
1377 4165 1516 4208 vero
1575 4146 1648 4206 ad
1697 4143 1970 4218 vulnera,

2069 1824 2276 1890 πολλὴν
2341 1825 2499 1881 αὐτοῦ
2558 1825 2880 1903 προπέτειαν
2952 1828 3038 1883 καὶ
3092 1827 3253 1906 τῦφον
3324 1830 3732 1904 κατεγνωκὼς,

2070 1914 2150 1969 ὅτι
2200 1936 2257 1970 τε
2306 1915 2469 1988 μόνος
2495 1915 2716 1992 γράψοι,
2752 1917 2840 1971 καὶ
2884 1915 2966 1972 ὅτι
2998 1914 3135 1990 μηδὲ
3167 1916 3401 1983 δηλώσοι
3439 1923 3644 1994 σαφῶς
3676 1919 3739 1973 οὗ

2072 2005 2233 2083 χάριν
2270 2003 2514 2078 καθεῖλε,
2555 2005 2642 2060 καὶ
2693 2006 2829 2079 μετὰ
2873 2010 3053 2068 τίνων,
3118 2006 3390 2065 Ἐντεῦθεν
3451 2008 3519 2062 τὰ
3590 2009 3736 2063 κατὰ

2074 2086 2446 2172 Ἡρακλείδην,
2504 2095 2561 2148 ὃν
2619 2096 2646 2149 6
2678 2095 2847 2171 μέγας
2885 2094 3109 2174 Ἐφέσου
3143 2094 3395 2174 πρόεδρον
3432 2099 3733 2166 καταστή-

2069 2203 2165 2246 σας
2221 2182 2310 2256 ἦν,
2356 2180 2727 2259 ἀναψηλαφῶν
2772 2185 2798 2238 6
2832 2183 3113 2260 Θεόφιλος,
3147 2187 3234 2240 καὶ
3266 2187 3462 2260 μῶμον
3493 2187 3558 2243 ἐκ
3591 2189 3731 2244 τού-

2072 2294 2160 2328 του
2216 2272 2500 2346 περιάψειν
2558 2293 2634 2344 τῳ
2697 2275 2942 2351 μακαρίῳ
2997 2275 3348 2352 πειρώμενος,
3410 2277 3504 2331 καὶ
3558 2278 3727 2332 αὐτὸν

2067 2362 2236 2433 ἔκρινε
2294 2363 2371 2437 μὴ
2419 2361 2680 2438 παρόντα,
2735 2363 2806 2428 ὡς
2837 2363 2928 2430 εἴη
2959 2385 3106 2423 τινας
3151 2364 3344 2430 ἀδίκως
3402 2368 3719 2440 τυπτήσεις,

2069 2454 2160 2507 καὶ
2207 2449 2292 2506 διὰ
2350 2451 2521 2524 μέσης
2581 2457 2679 2516 τῆς
2735 2452 2932 2530 ἆγορᾶς
2990 2454 3346 2530 περιενεγκὼν
3406 2455 3599 2512 ἁλύσει
3635 2455 3721 2512 δε-

2068 2542 2276 2615 σμίους,
2346 2539 2763 2618 Ἀντιλεγόντων
2822 2545 2910 2598 οὗν
2963 2549 3069 2598 τῶν
3099 2547 3198 2612 τῆς
3241 2543 3454 2607 πόλεως
3487 2547 3564 2619 μή
3604 2547 3721 2602 δεῖν

2068 2631 2202 2686 κατὰ
2252 2629 2496 2686 ἀπόντων
2562 2629 2816 2706 δικάζειν,
2879 2631 3267 2710 Ἀλεξανδρέων
3323 2633 3378 2689 δὲ
3419 2634 3721 2700 ἀξιούντων

2067 2733 2182 2782 τοῖς
2229 2719 2571 2797 Ἡρακλείδου
2637 2721 2960 2798 κατηγόροις
3024 2723 3341 2803 προσέχειν,
3389 2725 3580 2787 στάσις
3660 2727 3720 2782 ἐκ

2065 2810 2252 2866 τούτου
2291 2809 2477 2888 φύεται
2519 2829 2530 2842 ·
2598 2808 2658 2865 έκ
2703 2807 2756 2865 δὲ
2801 2815 2926 2885 τῆς,
2986 2813 3286 2884 συμπλοκαὶ
3344 2821 3551 2893 χειρῶν
3587 2835 3608 2850 ·
3659 2816 3718 2871 ἐκ

2063 2900 2290 2977 τούτων,
2350 2899 2624 2976 τραύματα
2661 2916 2680 2934 ο
2739 2901 2943 2963 τούτοις
3016 2899 3072 2956 δὲ
3131 2903 3218 2958 καὶ
3285 2903 3510 2967 θάνατος
3567 2905 3714 2971 ἠκο-

2067 2987 2240 3043 λούθει
2276 3003 2289 3017 ⁶
2327 2989 2404 3044 ὧν
2430 2989 2646 3045 πάντων
2693 2988 2948 3068 Θεόφιλος
2979 2989 3157 3054 αἴτιος
3199 2990 3432 3068 ἐλέγετο,
3494 2997 3586 3050 καὶ
3620 2995 3712 3061 ἦν,

2065 3084 2240 3133 Ταῦτα
2316 3077 2628 3148 Κυζαντίους
2712 3078 2952 3154 ἠρέθισεν
3038 3077 3234 3158 ἄκρως,
3325 3084 3411 3138 καὶ
3469 3081 3712 3140 διολέσαι

2063 3168 2220 3222 αὐτὸν
2255 3165 2498 3239 ἐζήτουν,
2543 3169 2631 3222 καὶ
2673 3168 2855 3242 βυθοϊς
2911 3167 3148 3225 ἐκδοῦναι
3202 3183 3316 3235 τοῖς
3374 3171 3706 3238 θαλαττίοις,

2063 3247 2119 3312 Ὀ
2153 3254 2207 3311 δὲ
2252 3261 2356 3311 τῶν
2389 3254 2685 3312 διωκόντων
2717 3259 2790 3321 ὡς
2838 3256 3053 3333 ᾔσθετο,
3102 3261 3269 3338 φυγὰς
3321 3263 3467 3323 εὐθὺς
3497 3263 3708 3344 ᾦγετο,

2061 3347 2146 3400 καὶ
2203 3345 2325 3408 τοὺς
2399 3346 2710 3421 Αἰγυπτίους
2771 3345 2940 3403 εἰσέδυ
2992 3348 3218 3425 μυχούς.
3289 3349 3410 3408 ’Ὁτι
3473 3332 3705 3410 diuo-33%.

2061 3433 2314 3512 πρότερον
2374 3436 2400 3489 6
2461 3438 2828 3514 ταραχοποιος
2887 3437 3061 3492 οὑτοσὶ
3127 3439 3276 3512 θυμῷ
3349 3437 3536 3514 δικαίῳ
3587 3458 3705 3505 τοῖς

2067 3525 2180 3601 περὶ
2241 3523 2528 3601 Διόσκορον
2580 3523 2914 3603 χολούμενος
2986 3525 3074 3606 ἧν,
3162 3527 3280 3583 οὔτε
3333 3530 3431 3602 μὲν
3489 3530 3704 3588 εὖσεϐεϊ

2061 3612 2306 3690 λογισμῷ
2376 3627 2497 3673 ταῖς
2555 3613 2863 3691 Ὠριγένους
2925 3614 3203 3694 ἀπήχθετο
3275 3617 3502 3693 βίϐλοις,
3580 3620 3698 3677 ἀλλ’

2061 3702 2302 3781 ἀφορμὰς
2361 3702 2591 3758 ἐντεῦθεν
2679 3703 2848 3776 ἑαυτῷ
2931 3707 3161 3782 πορίζων
3249 3709 3379 3785 πρὸς
3435 3709 3534 3776 τήν
3607 3721 3696 3770 τοῦ

2060 3792 2212 3868 ἁγίου
2279 3791 2596 3872 καθαίρεσιν,
2657 3793 2717 3847 τὸ
2777 3794 2913 3866 μετά
2977 3797 3142 3851 ταῦτα
3185 3794 3366 3862 δηλοῖ.
3423 3789 3585 3873 Ὀμοῠ
3638 3822 3692 3856 τε

2060 3882 2159 3958 γὰρ
2221 3881 2280 3937 τὸ
2338 3879 2764 3955 σπουδαζόμενον
2840 3884 2982 3955 αὐτῷ
3054 3881 3322 3964 διήνυστο,
3381 3889 3467 3943 καὶ
3525 3911 3692 3964 παρα-

2061 3975 2251 4050 χρῆμα
2310 3984 2428 4034 τοῖς
2471 3983 2741 4049 μοναχοϊς
2788 3971 2886 4045 μὲν
2931 3971 3238 4045 ἐσπένδετο,
3271 3977 3364 4037 τὰς
3404 3975 3609 4052 βίϐλους
3639 3978 3688 4034 δὲ

2059 4056 2408 4136 παρεδέχετο,
2442 4057 2501 4123 ἃς
2531 4059 2665 4121 τέως
2697 4058 2982 4124 συνοδικῶς
3041 4062 3430 4140 ἀπεκήρυττεν,
3483 4065 3624 4124 Ἀλλ’
3665 4073 3693 4125 ὁ

2057 4148 2215 4224 λόγος
2247 4147 2449 4204 ἐπιέναι
2480 4149 2566 4204 καὶ
2597 4149 2662 4204 τὰ
2692 4148 2856 4205 λοιπὰ
2881 4149 3152 4226 βούλεται.

333 4256 402 4298 ea
447 4247 640 4300 autem
677 4257 837 4299 mors
887 4257 1128 4319 quoque
1163 4246 1254 4299 est
1299 4245 1641 4311 consecuta,
1675 4251 1928 4315 quorum
1974 4236 2238 4297 omnium
2290 4237 2656 4316 Theophilus
2704 4237 2899 4299 dictus
2945 4248 3036 4301 est
3066 4249 3123 4300 et
3174 4240 3283 4301 fuit
3313 4260 3513 4307 causa.
3569 4245 3690 4308 Haec

333 4344 568 4416 summe
617 4328 928 4389 irritarunt
957 4327 1334 4409 Byzantinos,
1373 4337 1430 4389 et
1489 4345 1622 4389 eum
1657 4322 2002 4416 quaerebant
2034 4325 2306 4405 perdere,
2326 4331 2401 4416 iet
2431 4325 2490 4386 in
2544 4326 2902 4416 profundum
2939 4330 3120 4390 maris
3153 4331 3393 4393 mittere
3423 4353 3557 4394 eum
3603 4337 3689 4416 qui

335 4424 462 4473 erat
509 4414 771 4491 dignus:
826 4417 926 4477 ille
964 4426 1163 4478 autem
1221 4435 1511 4497 posquam
1566 4413 1754 4476 sensit
1808 4428 2262 4496 persequentes,
2312 4415 2448 4493 fuga
2501 4415 2700 4476 statim
2745 4415 2860 4478 sibi
2909 4418 3231 4494 consuluit,
3267 4431 3325 4482 et
3379 4413 3686 4500 penetralia

332 4500 514 4562 subiit
542 4502 796 4582 Egypti.
840 4505 1007 4576 Quod
1041 4512 1236 4567 autem
1271 4523 1466 4585 neque
1519 4505 1682 4585 prius
1717 4510 2096 4585 perturbator
2116 4505 2255 4584 jure
2303 4503 2588 4565 Dioscoro
2621 4505 3010 4586 irascebatur,
3043 4525 3236 4588 neque
3267 4528 3466 4572 veram
3515 4524 3570 4574 et
3595 4534 3684 4576 ac-

331 4597 596 4682 curatam
631 4591 963 4655 defendens
1014 4598 1290 4674 pietatem
1328 4603 1456 4655 erat
1507 4595 1758 4657 infestus
1787 4598 1956 4659 libris
1987 4592 2288 4673 Origenis,
2321 4593 2426 4655 sed
2469 4593 2610 4655 hinc
2641 4594 2916 4674 captabat
2947 4598 3328 4659 occasionem
3360 4600 3684 4682 deponendi

328 4680 599 4760 Joannis,
629 4683 887 4743 ostendit
935 4682 1017 4754 id,
1053 4682 1210 4763 quod
1268 4693 1360 4744 est
1394 4692 1598 4763 postea
1640 4698 2055 4749 consecutum.

2090 4681 2236 4744 Nam
2297 4682 2476 4743 simul
2510 4691 2690 4762 atque
2735 4684 2986 4762 perfecit
3015 4686 3175 4765 quod
3225 4681 3533 4766 studebat,
3564 4712 3682 4754 cum

332 4769 642 4833 monachis
691 4771 885 4832 statim
920 4771 1114 4834 ftedus
1162 4771 1295 4833 iniit
1329 4793 1344 4844 ;
1379 4771 1565 4834 libros
1616 4783 1814 4836 autem
1845 4773 2084 4836 admisit
2141 4773 2284 4853 (35),
2318 4791 2467 4852 quos
2518 4773 2683 4852 prius
2708 4772 3016 4837 abdicaret
3063 4777 3370 4856 synodica.
3411 4781 3528 4844 Sed
3575 4784 3683 4844 vull

330 4861 505 4921 etiam
538 4858 770 4940 reliqua
801 4861 1078 4942 persequi
1109 4862 1319 4925 oratio.

405 4948 853 5011 XLVI.Interim
879 4951 1212 5028 enim,dum
1234 4952 1357 5014 haec
1383 4955 1618 5027 tierent,
1653 4952 1811 5015 Deus
1837 4962 1961 5015 ter-

2127 4941 2280 5026 Mg'.
2316 4949 2406 5008 Ἐν
2437 4951 2547 5024 ὅσῳ
2590 4952 2690 5029 γὰρ
2747 4951 3036 5018 ἐπράττετο
3099 4963 3284 5033 ταῦτα,
3331 4961 3533 5038 νύκτωρ
3592 4964 3677 5030 τὴν

325 5050 576 5100 raemotu
613 5039 916 5101 terrefecit
963 5043 1293 5116 civitatem,
1330 5062 1807 5122 communesque
1829 5062 1958 5110 eam

2071 5042 2199 5099 πόλιν
2233 5039 2433 5096 ἔσεισεν
2479 5043 2506 5096 6
2552 5043 2706 5121 Θεὸς,
2773 5044 2858 5098 καὶ
2907 5047 3120 5121 θραῦσις
3175 5049 3263 5104 καὶ
3295 5047 3516 5124 δείματά
3574 5075 3674 5108 τινα

324 5135 618 5203 agitabant
639 5137 1175 5206 conquassatiouos,
1199 5146 1251 5193 et
1278 5152 1480 5208 graves
1504 5149 1752 5195 terrores
1775 5140 1960 5208 impe«

2073 5138 2117 5205 ᾦ
2145 5128 2408 5209 βασιλικῷ
2438 5130 2797 5205 συμπέπτωκε
2828 5141 3068 5209 κοιτῶνι,
3099 5139 3173 5200 ὼς
3207 5141 3293 5195 καὶ
3349 5139 3567 5215 θορύϐου
3624 5145 3673 5199 τὸ

321 5218 542 5278 ratorio
561 5216 958 5279 imminebant
980 5218 1286 5282 cubiculo:
1313 5221 1462 5282 adeo
1482 5230 1544 5282 ut
1571 5221 1825 5300 populus
1858 5229 1953 5281 tu-

2071 5226 2240 5289 τλῆθος
2279 5218 2713 5292 ὑποπλησθῆναι,
2775 5223 2864 5278 καὶ
2909 5223 3050 5302 μέγα
3093 5227 3330 5300 βοῶντας
3391 5228 3670 5287 ἀνακαλεῖ-

392 5394 509 5463 (35)
537 5396 921 5476 Theophilum
978 5397 1248 5476 Origean
1292 5415 1522 5476 errores
1554 5411 1804 5476 tantum,
1840 5415 1957 5458 non

2071 5403 2343 5476 rroribus
2366 5414 2494 5476 esse
2524 5401 2847 5476 cavendum
2881 5404 3383 5474 admoueat,docet
3407 5410 3668 5470 Baronins

320 5476 522 5532 omnes
545 5466 724 5522 libros
749 5466 1174 5532 damnassefex
1197 5470 1478 5528 Ecclesia:
1502 5474 1796 5530 catholicae
1827 5489 1961 5529 sen-
2044 5483 2183 5532 tom.
2207 5474 2252 5531 V
2282 5471 2483 5530 Annal.
2518 5487 2615 5530 an.
2643 5474 2768 5530 403.

318 5530 515 5593 tentia,
541 5548 666 5608 quae
698 5536 822 5606 ejus
853 5530 1309 5597 Commentarios
1338 5541 1414 5599 ita
1452 5545 1615 5616 legit,
1649 5551 1708 5602 ut
1731 5545 1800 5601 ab
1833 5545 1959 5614 ejus
