3954 6146
332 230 483 337 1ί75

1626 228 1910 293 MENSIS
1944 227 2398 294 JANUARIUS.

3616 228 3775 293 “76

326 370 655 437 reputasset
673 376 801 420 esse
819 360 1019 434 templi
1043 361 1453 419 contumeliam
1471 361 1568 430 (ad
1585 376 1782 420 sacros
1801 362 1887 419 eui

2215 363 2384 442 ίεροῖς
2426 361 2612 436 ὕμνοις
2641 360 2919 440 ᾀδομένοις
2965 363 3232 428 ἀτάκτους
3266 384 3328 420 τε
3361 362 3458 419 καὶ
3515 360 3774 437 mmini

331 449 433 533 qui
463 447 832 512 canebantur
883 448 1156 527 hymnos,
1219 444 1483 508 confusa;
1533 454 1592 508 et
1624 446 1981 508 inordinatus

328 561 507 607 voces
538 551 746 605 contra
769 538 1351 619 resonabant),saape
1376 546 1572 600 autem
1592 538 1974 614 adhortatus,

334 652 454 696 non
478 631 767 716 potuisset
795 630 993 692 facere
1023 640 1086 690 ut
1110 629 1713 708 cessarent,linguam
1742 630 1896 691 laxat
1919 629 1979 689 in

330 721 567 804 eos,qui
597 722 722 784 haec
748 718 1044 800 jubebant
1067 719 1223 780 ﬁeri.
1250 719 1456 799 Itaque
1487 717 1750 780 Eudoxia
1774 736 1980 780 rursus

329 814 405 875 ad
428 831 493 874 se
528 811 772 873 trahens
819 826 889 870 ea
919 826 1050 890 quae
1111 806 1491 882 dicebantur,
1540 815 1600 869 et
1629 806 1982 871 existimans

330 903 531 965 omnia
552 904 625 963 ad
647 919 714 963 se
736 899 973 974 referri,
1002 897 1266 977 graviori
1292 899 1408 960 telo
1435 899 1539 960 irae
1560 898 1982 975 sauciata,erat

327 990 866 1065 intolerabilis,nec
882 987 1720 1070 poteratcohiberi,quantum
1740 988 1980 1051 efficere

328 1090 580 1162 poterat,
617 1080 963 1142 universum
988 1085 1263 1139 evertere
1312 1077 1691 1156 aggrediens,
1726 1086 1784 1139 et
1829 1078 1977 1140 nihil

326 1173 485 1234 aliud
506 1173 772 1233 effectum
795 1172 1042 1231 reddere
1067 1172 1432 1235 machinans,
1451 1186 1624 1241 quam
1651 1183 1979 1243 opportune

327 1275 462 1318 eum
483 1258 818 1330 ulcisci,qui
846 1259 1006 1315 visus
1022 1258 1208 1316 fuerat
1231 1270 1358 1313 eam
1382 1256 1972 1329 afﬁcereinjuria(36).

328 1351 559 1410 Rursus
579 1365 721 1426 ergo
744 1347 946 1408 statim
971 1344 1447 1425 congregabatur
1469 1344 1730 1426 synodus
1759 1345 1977 1426 (37),et

327 1441 543 1504 littera;
562 1438 957 1503 mittebantur
975 1438 1401 1517 imperatoriae,
1429 1455 1559 1518 quae
1579 1447 1637 1499 et
1667 1437 1818 1499 alios
1842 1437 1976 1519 epi-

328 1548 546 1611 scopos
576 1541 634 1591 et
659 1547 787 1607 eos,
815 1529 921 1606 qui
952 1545 1147 1608 nuper
1175 1531 1562 1591 accusatores
1588 1526 1980 1604 fuerant,evo-

328 1619 564 1683 cabant.
600 1620 747 1682 Cum
798 1624 996 1680 autem
1038 1634 1159 1679 non
1211 1624 1371 1678 esset
1402 1615 1490 1678 eis
1520 1616 1774 1679 honesta
1804 1635 1982 1679 causa

2063 452 2423 532 ἀντηχεῖσθαι
2487 453 2690 534 φωνὰς,
2734 453 2850 512 ἐπεὶ
2908 452 3088 512 πολλὰ
3145 452 3505 532 παραινέσας
3578 451 3775 508 παύειν

2063 543 2159 597 οὒκ.
2212 542 2367 623 εἶχε,
2428 555 2754 623 παραχωρεῖ
2791 544 2861 613 τῇ
2919 542 3139 623 γλώττῃ
3197 544 3347 600 κατᾶ
3409 547 3541 599 τῶν
3606 552 3771 601 ταῦτα

2064 631 2307 707 γενέσθαι
2365 630 2715 692 κελευύντων.
2781 624 2844 690 Ἠ
2914 634 3088 690 τοίνυν
3158 631 3393 699 Εὗδοξία
3441 629 3640 688 πάλιν
3698 635 3773 695 εἷς

2066 721 2259 789 ἑαυτὴν
2316 719 2547 779 ἕλκουσα
2590 722 2656 778 τὰ
2710 721 3000 803 λεγόμενα,
3043 724 3134 780 καὶ
3185 724 3326 801 πρὸς
3391 722 3588 789 αὐτὴν
3638 720 3772 776 ἂνξ-

2065 810 2311 891 φέρεσθαι
2370 812 2433 867 τὸ
2502 817 2609 869 πᾶν
2663 813 2883 888 οἰομένη
2915 861 2931 892 ,
2987 811 3263 892 βαρυτέρῳ
3334 824 3611 869 τυπεῖσα
3686 818 3771 868 vi:

2065 899 2231 976 θυμοῦ
2289 901 2487 979 κέντρῳ
2548 901 2816 982 ἀφόρητός
2879 924 2935 958 τε
2991 904 3080 960 καὶ
3137 902 3454 965 ἀκάθεκτος
3543 900 3654 980 ἧν,
3704 908 3769 977 τῇ

2063 989 2329 1047 θάλασσαν
2409 997 2663 1071 μιγνῦσα,
2746 991 2835 1048 καὶ
2903 993 2964 1048 τὸ
3033 997 3139 1048 πᾶν
3210 991 3533 1071 στρέφουα,
3625 988 3769 1050 ονῖιᾶν

2060 1077 2194 1137 ἄλλο
2264 1080 2531 1158 περαίνειν
2600 1078 2903 1157 βουλομένη
2975 1080 3258 1159 πρότερον,
3317 1081 3357 1149 ἢ
3434 1080 3768 1155 ἀμύνασθαι

2060 1168 2151 1223 τὸν
2203 1166 2422 1240 δόξαντα
2480 1167 2767 1247 ὁὸρικέναι.
2832 1171 2995 1235 Εὐθὺς
3039 1173 3127 1226 οὗν
3172 1168 3405 1234 σύνοδος
3454 1170 3769 1249 ἐκροτεῖτο

2060 1256 2245 1333 πάλιν,
2280 1259 2368 1315 καὶ
2424 1258 2679 1334 βασιλικὰ
2731 1259 2866 1336 πρὸς
2917 1260 3089 1333 τούτῳ
3131 1260 3448 1340 γράμματα
3514 1256 3768 1333 διεπέμ-

2060 1369 2245 1428 ποντο,
2298 1346 2493 1412 ἄλλους
2549 1371 2607 1407 τε
2657 1355 2763 1407 τῶν
2828 1350 3159 1427 ἐπισκόπων,
3210 1350 3304 1407 καὶ
3362 1350 3498 1411 τοὺς
3565 1349 3767 1427 12.34.13,:

2061 1437 2392 1516 κατηγόρους
2451 1437 2918 1515 μετακαλούμενα.
2958 1439 3111 1498 Ἐπεὶ
3168 1438 3224 1496 δὲ
3285 1439 3390 1496 οὐκ
3422 1438 3495 1506 ἦν
3571 1440 3765 1499 αὐτοῖς

2062 1528 2410 1606 εὖπρόσωπος
2483 1527 2702 1608 ἀφορμὴ
2773 1536 2867 1586 τοῦ
2946 1530 3011 1586 τὰ
3082 1527 3187 1597 ἤδη
3278 1529 3766 1606 κατηγορηθέντα

2064 1632 2258 1691 κινεῖν,
2310 1617 2459 1693 ὅμως
2533 1619 2628 1675 οὐκ
2684 1618 2917 1697 ἄσπορον
2977 1619 3211 1688 κατέστη
3255 1634 3384 1684 τοῖς
3436 1632 3763 1698 πονηροῖς,

329 1708 609 1773 movendi
641 1726 730 1784 ea,
765 1726 1019 1790 quorum
1062 1708 1192 1787 jam
1242 1706 1438 1768 fuerat
1496 1716 1835 1781 accusatus,
1883 1728 1890 1768 ε

2197 1719 2257 1764 ηῖν
2314 1708 2375 1762 ἐκ
2407 1706 2584 1784 ἐτέρου
2644 1707 3027 1786 σπουδάσασιν,
3059 1709 3089 1765 ὃ
3147 1710 3347 1790 γνῶναι
3413 1707 3558 1787 παρ’
3626 1709 3758 1764 ἑαυ-

329 1808 530 1863 tamen
560 1817 682 1861 non
714 1797 904 1861 defuit
932 1796 1196 1861 malitiae.
1249 1794 1345 1858 Ad
1393 1813 1527 1856 eum
1566 1794 1751 1870 enim,
1786 1795 1889 1876 qui
1920 1799 1978 1859 in

329 1889 514 1952 rebus
563 1886 859 1967 ejusmodi
916 1894 1047 1949 erat
1078 1883 1622 1965 ingeniosissimus,
1658 1893 1716 1946 et
1747 1886 1819 1947 ad
1852 1885 1979 1947 haec

326 1977 734 2042 construenda
755 1975 1437 2055 solerlissimus,nempe
1459 1974 1531 2036 ad
1545 1973 1974 2056 Theophilum,

330 2076 668 2132 statuerunt
689 2065 981 2142 scribere,
1018 2073 1079 2127 ut
1119 2066 1208 2127 vel
1243 2069 1472 2125 veniret
1503 2065 1973 2145 quamprimum,

327 2160 422 2218 vel
449 2161 682 2218 modum
716 2160 800 2216 eis
818 2172 1025 2216 rursus
1053 2163 1524 2229 suggereret,per
1546 2169 1717 2227 quem
1747 2168 1980 2227 possent

329 2246 617 2310 adversus
644 2244 896 2309 Joannis
923 2261 1218 2305 summam
1253 2242 1622 2305 contendere
1644 2243 1976 2307 veritatem.

330 2338 464 2419 Ipse
482 2344 776 2410 autem,ut
799 2334 901 2415 qui
926 2336 1232 2415 quomodo
1251 2332 1497 2412 fugisset
1528 2340 1688 2395 esset
1720 2351 1972 2408 memor,

331 2425 538 2489 venire
563 2424 805 2508 quidem
829 2423 902 2486 ad
927 2442 1033 2486 eos
1055 2422 1374 2497 recusavit,
1394 2437 1459 2483 ut
1484 2423 1639 2504 quod
1668 2441 1787 2484 non
1822 2432 1980 2484 esset

329 2521 440 2578 sibi
462 2518 831 2578 conducibile
864 2536 877 2571 :
931 2519 1105 2576 mittit
1148 2525 1340 2576 autem
1375 2529 1492 2573 tres
1519 2519 1640 2574 suis
1663 2517 1977 2589 episcopis,

329 2611 418 2669 eis
448 2605 586 2667 dato
616 2620 849 2666 canone
878 2601 949 2664 ad
983 2601 1430 2664 accusationem
1460 2600 1792 2681 (38),quem
1818 2602 1981 2682 prius

328 2702 774 2778 proposuerunt
829 2692 1035 2756 Ariani
1088 2691 1372 2753 adversus
1401 2690 1659 2753 validum
1696 2691 1980 2754 Ecclesiae

330 2782 1098 2867 propugnaculum,nempe
1128 2780 1653 2857 Athanasium,qui
1693 2780 1839 2842 dicit
1872 2805 1885 2840 :
1920 2780 1977 2844 Si

329 2879 462 2950 quis
482 2878 791 2949 episcopus
817 2885 917 2933 aut
949 2873 1248 2946 presbyter
1266 2873 1419 2945 juste
1449 2882 1544 2931 aut
1569 2873 1740 2931 etiam
1765 2874 1978 2947 injuste

333 2962 781 3044 depositus,per
801 2978 868 3022 se
895 2959 1142 3021 redierit
1167 2958 1397 3039 absque
1418 2958 1642 3038 synodo
1666 2957 1974 3036 Ecclesiae,

2065 1818 2169 1852 των
2223 1794 2419 1875 ἄπορον
2454 1800 2545 1865 ἧν,
2610 1797 2670 1872 Τί
2713 1797 2800 1855 οὗν
2861 1799 3206 1874 σκέπτονται,
3239 1801 3336 1856 καί
3370 1811 3484 1855 ποῖ
3546 1796 3759 1876 -ρέρον-

2062 1905 2205 1967 ut;
2252 1888 2390 1965 Πρὸς
2451 1888 2541 1944 τὸν
2587 1887 2749 1967 σοφὸν
2807 1888 2872 1944 τὰ
2931 1895 3147 1946 τοιαῦτα
3204 1891 3296 1945 καὶ
3342 1888 3757 1968 ποριμώτατοτ

2062 1987 2380 2055 κακουργεῖν
2432 1975 2653 2056 γράφειν
2714 1975 2975 2055 ἔγνωσαν,
3009 1978 3097 2034 καὶ
3153 1977 3285 2056 παρ’
3342 1982 3519 2037 αὐτοῦ
3591 1976 3754 2033 διδα-

2064 2066 2263 2146 χθῆναι
2332 2065 2431 2133 τὴν
2488 2072 2594 2121 τῶν
2678 2064 3055 2143 ἀπορουμένων
3121 2065 3347 2145 εὕρεσιν.
3428 2068 3753 2147 Γράφωσιν

2065 2154 2153 2212 οὖν
2187 2152 2425 2233 Θεοφίλῳ
2479 2154 2515 2224 ἢ
2561 2154 2865 2223 ἀπαντῆσαι
2896 2158 2958 2212 τὸ
3005 2158 3175 2238 τάχος
3221 2157 3409 2238 πάλις,
3448 2159 3491 2226 ἢ
3538 2159 3752 2237 τρόπον

2068 2244 2251 2308 αὐτοῖς
2307 2242 2616 2324 ὑποθέσθαι,
2680 2245 2747 2300 δι’
2806 2247 2868 2301 οὗ
2937 2247 3001 2303 ἃν
3069 2245 3348 2315 δυνηθεῖεν
3422 2250 3571 2328 πρὸς
3651 2249 3749 2314 τὴν

2065 2331 2273 2400 πολλὴν
2334 2329 2582 2390 Ἰωάννου
2644 2330 2955 2391 διαπαλαίεν
3026 2333 3306 2404 ἀλήθειαν.
3391 2338 3580 2400 Αὐτὸς
3658 2336 3747 2392 οὖν

2065 2421 2337 2496 συνειδὼς,
2372 2421 2517 2485 ὅπως
2566 2419 2767 2501 ἀπέδρα
2816 2425 3098 2501 πρότερον,
3143 2425 3203 2481 τὸ
3235 2425 3337 2501 μὲν
3385 2427 3743 2499 ἀπαντῆσαι,

2062 2512 2155 2568 ἅτε
2204 2511 2282 2587 μὴ
2313 2509 2620 2568 λυσιτελοῦν
2681 2513 2848 2592 αὐτῷ,
2885 2515 3254 2593 παρῃτήσατο*
3304 2529 3456 2593 τρεῖς
3518 2513 3577 2571 δὲ
3635 2522 3743 2571 τῶν

2064 2601 2150 2657 ὕπ’
2227 2602 2383 2659 αὐτὸν
2443 2599 2749 2658 ἐπισκόπων
2821 2601 3113 2679 ἐκπέμπει,
3176 2604 3373 2661 κανόνα
3455 2603 3588 2669 δοὺς
3666 2607 3738 2667 εἷς

2065 2691 2412 2769 κατηγορίαν,
2448 2692 2507 2746 ὂυ
2543 2687 2806 2769 Ἀρειανοὶ
2860 2692 3123 2771 πρότερον
3178 2694 3316 2750 κατᾶ
3354 2704 3454 2752 τοῦ
3512 2693 3739 2772 στερῤοῦ

2060 2785 2159 2846 τῆς
2218 2778 2538 2847 Ἐκκλησίας
2603 2780 2912 2859 ἐροίσματος
2990 2781 3307 2839 Ἀθανασίου
3382 2783 3731 2861 προέτειναν,

2185 2891 2267 2932 τις
2335 2868 2648 2943 ἐπίσκοπος,
2710 2869 2956 2952 λέγοντα,
3003 2870 3040 2939 ἢ
3099 2869 3450 2950 πρεσϐύτερος
3505 2871 3733 2935 δικαίως

2060 2958 2096 3027 ἢ
2152 2958 2240 3015 καὶ
2294 2956 2486 3020 ἀδίκως
2547 2960 2895 3037 καθαιρεθεὶς,
2942 2960 3114 3034 ἑαυτῷ
3171 2959 3451 3018 ἐπανέλθοι
3500 2961 3728 3018 συνόδου

327 3057 382 3117 ei
416 3070 536 3114 non
568 3050 746 3112 detur
774 3048 1031 3128 amplius
1061 3048 1230 3110 locus
1254 3047 1645 3110 defensionis.
1670 3047 1864 3129 Atque

2163 3070 2188 3104 α
2259 3053 2328 3125 τῇ
2400 3045 2719 3121 Ἐκκλησία,
2781 3055 2857 3123 τῷ
2928 3050 3155 3123 τοιούτῳ
3213 3051 3413 3127 μηκέτι
3488 3049 3724 3108 δίδοσθαι

326 3145 564 3220 quidem
583 3145 751 3210 is,cui
776 3142 978 3201 nullus
1008 3151 1129 3199 erat
1156 3156 1258 3211 per
1277 3140 1670 3212 improbitate,
1708 3140 1887 3198 cochll

2159 3161 2248 3215 ραν
2305 3135 2619 3215 ἀπολογίας,
2669 3136 2820 3195 Οὕτω
2874 3139 2971 3213 μὲν
3024 3140 3114 3196 οὖν
3146 3141 3173 3196 ὁ
3229 3138 3420 3215 μηδενί
3445 3142 3557 3209 τὴν
3616 3165 3720 3198 πο-

329 3230 637 3307 Εοοίθείεο,
672 3228 889 3311 Libyca
919 3228 1098 3311 plane
1126 3227 1274 3302 fera,
1310 3244 1382 3289 ex
1411 3227 1668 3307 [Egypto
1698 3225 1972 3297 Proteus,

2062 3227 2247 3306 νηρίαν
2303 3227 2604 3303 ἷσούμενος,
2640 3229 2667 3283 ὁ
2725 3229 2826 3294 τῆς
2887 3226 3212 3296 Ἐκκλησίας
3273 3227 3467 3304 δοίδυξ,
3500 3232 3566 3287 τὸ
3616 3237 3714 3287 Λι-

323 3323 501 3404 jussit
534 3339 636 3384 eos
686 3320 891 3383 dicere
923 3320 1024 3399 qui
1057 3317 1130 3380 ab
1163 3318 1291 3399 ipso
1327 3316 1494 3378 missi
1526 3316 1786 3392 fuerant,
1828 3316 1884 3378 ni

2154 3319 2219 3375 μὸν
2274 3319 2477 3397 θηρίον,
2512 3319 2539 3372 ὁ
2570 3316 2622 3382 ἐξ
2655 3317 2925 3395 Αἰγύπτου
2969 3320 3241 3400 Πρωτεὺς,
3277 3318 3445 3384 οὕτως
3505 3319 3715 3384 ἐκεῖνος

326 3412 485 3474 aliud
519 3411 725 3474 volens
750 3409 1015 3482 efficere,
1048 3425 1228 3489 quam
1261 3416 1327 3468 ut
1358 3408 1446 3468 sic
1478 3425 1586 3468 sua
1619 3416 1778 3468 esset
1807 3408 1887 3468 ﬁr:

2155 3431 2180 3472 ς
2236 3405 2323 3464 ὑπ’
2387 3407 2547 3463 αύτοῦ
2612 3410 2935 3488 πεμφθεισιν
2988 3409 3249 3489 ἐπέτρεψε
3301 3408 3503 3487 λέγειν,
3566 3408 3713 3469 ῦῦδὲν

327 3521 397 3564 ac
427 3511 556 3564 rata
586 3502 907 3569 sententia.
933 3504 992 3560 et
1020 3517 1096 3560 ne
1124 3499 1249 3560 viro
1281 3496 1519 3576 egregio
1543 3496 1784 3560 daretur
1806 3497 1888 3559 loc

2148 3518 2260 3574 ρον,
2294 3495 2330 3565 ἢ
2362 3496 2457 3563 τὴν
2517 3498 2681 3554 αὐτοῦ
2739 3496 3063 3574 βουλόμενος
3118 3505 3301 3579 ψῆφον
3344 3513 3592 3578 κρατεῖν,
3623 3509 3709 3563 καὶ

326 3590 593 3654 diluendi
625 3589 975 3663 calumnias,
1011 3607 1146 3670 quae
1176 3587 1231 3649 ei
1277 3585 1532 3667 objecta:
1563 3585 1817 3649 fuerant.
1854 3585 1971 3649 Sed

322 3681 427 3744 ille
456 3700 574 3743 nou
607 3679 1044 3760 vulpinam,sed
1069 3677 1371 3739 leoninam
1398 3677 1593 3758 potius
1621 3676 1841 3756 pellem
1870 3677 1969 3737 in-

322 3770 540 3843 duens,
573 3786 791 3848 nempe
819 3767 1158 3842 veritatem,
1210 3766 1356 3827 dicit
1402 3783 1511 3826 nec
1544 3782 1611 3827 se
1641 3765 1703 3826 in
1729 3765 1968 3845 judicio

2057 3584 2195 3658 μηδὲ
2258 3585 2443 3665 χώραν
2475 3583 2688 3654 δοθῆναι
2729 3591 2807 3660 τῷ
2837 3591 3085 3666 μακαρίῳ
3134 3591 3232 3653 τὰς
3284 3586 3535 3652 διαϐολὰς
3566 3589 3706 3646 ἁπο-

2054 3676 2325 3737 δύσασθαι.
2398 3676 2565 3739 Αὐτὸς
2639 3673 2692 3731 δὲ
2766 3678 2904 3751 μήτε
2981 3675 3291 3735 δικάσαοθαι
3365 3678 3493 3760 ἔφη,
3568 3681 3703 3754 μήτε

2055 3770 2267 3846 γραφῆς
2322 3764 2568 3840 ἀκοῦσαι,
2604 3765 2731 3839 μήθ’
2793 3764 2931 3833 ὅλως
2980 3774 3168 3844 καιροῦ
3223 3782 3416 3849 τυχεῖν
3445 3771 3518 3833 εἷς
3562 3767 3698 3826 ἄπο-

322 3862 716 3931 fuisse,neque
737 3860 1167 3917 accusationem
1191 3857 1704 3928 audivisse,neque
1730 3858 1883 3914 omni

2132 3856 2262 3931 τίαν·
2328 3855 2431 3911 ὑπὸ
2463 3852 2727 3930 βασιλέως
2778 3853 2833 3910 δὲ
2893 3855 3206 3933 ἐξωσθῆναι,
3241 3859 3328 3914 καὶ
3379 3858 3503 3936 παρ’
3560 3861 3693 3915 εκεί-

322 3945 608 4010 hahuisse
635 3952 869 4024 tempus
899 3943 973 4005 ad
1005 3941 1419 4005 defensionem
1457 3961 1469 4002 :
1500 3940 1573 4002 ab
1606 3941 1883 4022 imperati

2128 3968 2144 3999 )
2175 3941 2339 4000 πάλιν
2373 3944 2713 4024 εἰσαχθῆναι,
2746 3946 2839 4002 καὶ
2872 3945 2950 4021 μὴ
2980 3944 3329 4023 βουλόμενος’
3355 3945 3530 4011 ἄλλως
3560 3969 3611 4002 τε
3637 3945 3689 4002 δὲ

321 4047 517 4101 autem
548 4035 734 4098 fuisse
764 4033 1104 4116 expulsum,
1136 4040 1198 4095 et
1229 4030 1302 4093 ab
1335 4030 1437 4093 illo
1471 4046 1681 4092 rursus
1706 4031 1794 4093 vel
1826 4031 1882 4092 in

2125 4036 2140 4091 ὶ
2172 4035 2264 4090 τόν
2292 4034 2490 4090 κανόνα
2521 4040 2705 4091 τοῦτον
2738 4033 2827 4090 ὑπ’
2866 4035 3156 4114 Ἀρειανών
3205 4035 3332 4093 οἶδα
3374 4037 3683 4112 συντεθέντα,

322 4132 446 4188 tum
477 4124 886 4188 introductum
941 4144 956 4184 :
987 4121 1214 4199 alioqui
1266 4128 1462 4182 autem
1529 4138 1594 4180 se
1626 4120 1781 4181 scire
1809 4119 1883 4181 hu

2121 4123 2138 4175 ηδ
2199 4120 2280 4177 ὅτι
2314 4121 2392 4198 μὴ
2425 4121 2600 4184 καλῶς
2634 4123 2819 4203 εἶχεν,
2851 4125 2954 4180 ὑπὸ
3008 4127 3107 4192 τῆς
3137 4124 3192 4181 ἐν
3225 4123 3461 4204 Σαρδικῇ
3489 4124 3682 4182 συνόδου

322 4232 614 4278 canonem
645 4214 831 4276 fuisse
864 4212 1264 4293 compositum
1290 4208 1364 4271 ab
1399 4208 1642 4271 Arianis
1674 4227 1688 4271 :
1723 4219 1783 4271 et
1813 4229 1883 4291 qu

2117 4213 2461 4294 κστράφέντα’
2499 4214 2624 4270 εἶτα
2661 4227 2777 4278 τοῖς
2810 4216 2930 4295 περὶ
2989 4217 3238 4273 Ἀκάκιον
3269 4220 3367 4273 γαὶ
3397 4216 3678 4296 ⁹Λντίοχον,

326 4304 489 4367 niam
516 4323 638 4367 non
668 4310 835 4366 recte
867 4321 933 4364 se
965 4300 1246 4374 habebat,
1279 4319 1312 4362 a
1343 4297 1685 4361 Sardicensi
1744 4318 1887 4381 syno

2115 4302 2382 4382 εϐηριανὸν
2438 4324 2497 4359 τε
2528 4303 2623 4361 καί
2680 4314 2927 4386 Κυρῖνον,
2963 4309 3060 4363 καὶ
3092 4313 3186 4362 τοῦ
3234 4306 3427 4384 μέρους
3457 4306 3676 4365 Ἰωάννου

323 4393 508 4455 fuisse
528 4393 874 4472 abrogatum
899 4390 1022 4471 (39)
1038 4390 1288 4454 .Deinde
1311 4406 1443 4451 cum
1471 4389 1647 4451 simul
1672 4407 1806 4451 cum
1826 4393 1884 4452 Α‹

2117 4416 2181 4450 οια
2238 4391 2679 4451 συνεισεϐθόντων
2722 4396 2794 4460 εἷς
2843 4395 3091 4473 βασιλέα,
3125 4399 3220 4453 καὶ
3278 4404 3387 4453 τῶν
3424 4396 3521 4473 μὲν
3573 4395 3672 4452 δια-

324 4482 419 4544 οἰο
447 4489 507 4544 et
532 4462 827 4545 Antiocho
848 4462 919 4544 et‘
950 4462 1087 4542 aliis
1118 4477 1661 4541 calumniatoribus
1693 4497 1765 4541 ex
1802 4498 1885 4560 pa]

2109 4482 2374 4560 γινομένων
2425 4484 2516 4541 τὸν
2572 4482 2676 4551 ἤδη
2735 4485 2994 4564 λεχθέντα
3052 4491 3422 4566 συντηρεῖσθοι
3479 4489 3670 4558 κανόνα,

324 4571 823 4653 quoqueloannis
835 4570 1043 4633 decem
1069 4569 1321 4649 ingressi
1342 4567 1596 4630 fuissent
1618 4567 1689 4630 ad
1709 4567 1885 4648 impe1

2109 4598 2127 4638 ς
2186 4594 2248 4653 γε
2318 4573 2405 4628 καὶ
2461 4572 2562 4630 ὕπὸ
2633 4572 2922 4651 ὀρθσδόξων
2991 4576 3411 4650 συντεθειμένον,
3475 4583 3574 4632 τῶν
3630 4575 3670 4632 ἂ

322 4667 606 4738 torem,et
627 4659 712 4724 illi
730 4660 971 4741 quidem
999 4659 1392 4732 afﬁrmarent,
1420 4655 1648 4719 dictum
1673 4676 1883 4729 canont

2112 4668 2326 4742 ρετικῆς
2402 4661 2559 4718 αὐτὸν
2630 4665 2817 4742 φρενὸς
2877 4665 3021 4721 εἶναι
3093 4664 3382 4744 λεγόντων,
3446 4669 3530 4722 καὶ
3589 4668 3670 4723 ὑπὸ

325 4770 458 4815 esse
488 4752 728 4815 firmum
755 4759 813 4813 et
840 4749 1207 4826 validum,ut
1232 4748 1330 4829 qui
1361 4757 1568 4829 aperte
1602 4747 1788 4811 factus
1812 4767 1886 4810 es:

2107 4753 2252 4809 ιύτων
2322 4754 2627 4830 κακούρθως
2698 4752 3064 4830 ἐξευρημένον,
3125 4754 3238 4812 ἀνθ’
3295 4756 3369 4812 ὧν
3442 4754 3668 4817 πολλάκις

320 4843 395 4905 ab
427 4841 815 4905 orthodoxis:
870 4840 934 4903 hi
981 4849 1179 4902 autem
1221 4838 1515 4913 dicerent,
1579 4857 1716 4900 eum
1751 4856 1881 4900 csse

2109 4847 2151 4910 λς
2210 4840 2533 4908 Ἐκκλησίας
2591 4841 2783 4907 ἀδίκως
2841 4842 3121 4907 ἀπελαθεὶς
3179 4844 3515 4917 Ἀθανάσιος,
3568 4846 3670 4902 εἶτα

324 4931 543 4997 mentis
564 4943 626 4995 et
647 4933 867 5013 lingua;
900 4929 1223 5008 haereticae,
1261 4938 1319 4991 et
1343 4928 1600 5008 maligne
1623 4927 1695 4989 ab
1721 4929 1811 4991 eis
1835 4946 1885 4989 es

2106 4939 2236 5011 ιιροῦ
2294 4931 2577 5010 τυγχάνων
2608 4932 2780 5006 ἑαυτῷ
2832 4930 3096 5010 inata-ﬁer
3133 4938 3222 4991 γαὶ
3272 4934 3457 5007 ὅτιπερ
3505 4935 3667 4993 Ἰωάν-

324 5029 1046 5099 ἰηνεηιυω.ρυοωοοῐρω
1070 5043 1222 5104 εωρθ
1241 5028 1313 5086 ab
1338 5027 1588 5085 Ecclesia
1614 5026 1829 5099 injuste
1865 5046 1885 5086 ε

2103 5045 2147 5089 λς
2211 5019 2328 5078 οὒδὲ
2380 5022 2677 5101 καθήρηται
2735 5023 3013 5102 πρότερον,
3047 5021 3168 5078 ἀλλ’
3228 5024 3394 5089 οὕτως
3439 5025 3537 5081 ὑπὸ
3584 5025 3664 5081 κό-

395 5192 507 5260 (36)
542 5191 831 5263 Baronius
852 5191 1151 5263 iustiorem
1183 5188 1595 5263 commotionis
1614 5201 1846 5263 causam
1868 5189 1963 5263 lo-
2051 5189 2238 5246 virum
2271 5188 2395 5263 Dei.
2417 5188 2563 5263 _Vide
2594 5190 2834 5263 Niceph.
2872 5190 2970 5247 lib.
3003 5203 3129 5255 xm.
3162 5206 3215 5263 c.
3250 5191 3316 5247 l7
3348 5207 3366 5262 ;
3398 5192 3553 5249 Socr.
3582 5194 3660 5250 lib.

319 5259 490 5321 annis
518 5271 719 5335 contra
751 5259 1073 5335 Eudoxiam
1102 5262 1329 5335 astruit,
1360 5260 1515 5335 quod
1549 5260 1671 5332 ejus
1713 5259 1963 5316 simula-
2046 5272 2124 5325 χι,
2159 5261 2327 5335 c_.__16
2360 5276 2378 5330 ;
2409 5261 2634 5319 Sozom.
2678 5259 2783 5319 lib.
2831 5273 2960 5334 νιιι,
2994 5277 3119 5335 cap.
3153 5262 3244 5331 20,
3277 5259 3399 5334 21';
3458 5266 3574 5322 Bar.
3605 5266 3663 5322 ad

324 5348 487 5392 crum
516 5333 880 5400 scilicet,non
913 5333 1102 5391 solum
1133 5331 1962 5400 Constan'tinop.veneraretur
2046 5345 2139 5388 an.
2177 5331 2300 5387 404.

323 5404 424 5460 sed
445 5418 546 5474 per
584 5405 919 5474 provincias
950 5404 1123 5474 etiam
1185 5403 1571 5474 Ethnicorum
1616 5400 1800 5474 instar
1840 5403 1958 5458 cir-
2116 5401 2231 5473 (38)
2262 5402 2403 5474 Erat
2451 5403 2545 5459 hic
2577 5418 2766 5463 canon
2808 5404 3041 5462 concilii
3091 5405 3437 5464 Antiochcni
3469 5407 3526 5464 in
3564 5406 3659 5465 En-

321 5471 721 5547 cumlerrétur.
753 5473 899 5547 Vide
931 5473 1104 5547 praed.
1137 5474 1352 5547 Baron.
1388 5472 1459 5529 ad
1490 5485 1584 5529 an.
1615 5471 1743 5547 μοι.
2045 5471 2372 5547 caeniis,_ab
2402 5474 2965 5547 Arrianiscelehrati,
2995 5484 3058 5535 ut
3095 5486 3255 5535 notat
3287 5478 3419 5537 Bar.

387 5541 505 5615 (37)
536 5544 705 5601 Anno
762 5544 887 5603 θοι.
932 5541 1149 5602 Iterum
1182 5544 1411 5614 cogitur
1450 5543 1709 5615 synodus
1757 5550 1948 5602 contra

1332 5556 1411 5601 .ur
1450 5543 1709 5615 synodus
1757 5550 1959 5602 contra
2115 5544 2229 5617 (39)
2254 5541 2473 5605 εοηεὶι.
2505 5544 2728 5605 Sardic.
2765 5562 2813 5603 ο.
2837 5546 2893 5604 3.

3884 3021 3888 3115 ι

3884 3494 3888 3645 ί

3882 3645 3888 3787 ¹
