3954 6146
187 322 367 390 1177

1256 325 1446 391 VITA
1489 325 1551 388 S.
1595 325 1918 390 JOANNIS
1957 323 2512 390 CHRYSOSTOMI.

3425 329 3579 395 1178

182 485 381 538 μητος
439 458 792 532 ἐξελαυνεται,
849 462 934 518 καὶ
983 459 1100 520 οὐδὲ
1131 462 1302 538 ἑαυτῷ
1331 461 1666 543 ἐπεισῆλθεν,
1711 459 1823 519 ἄλλέ

1933 459 2139 532 pulsus
2157 457 2744 525 Athanasius.deinde
2767 459 3133 517 occasionem
3157 469 3491 534 nactus,per
3512 478 3580 521 se

183 558 286 627 τῷ
328 555 405 626 σῷ
447 550 650 631 κράτει,
713 551 897 631 φησὶν,
945 550 1119 628 εἴξας,
1181 553 1227 606 ὠ
1255 551 1496 630 βασιλεῦ,
1534 551 1739 628 μᾶλλον
1795 549 1847 606 δὲ

178 641 460 718 βιασθείς.
487 639 650 705 Τέλος
682 639 1172 721 ὑπογραψάτωσαν,
1219 643 1268 700 οἱ
1323 647 1422 708 τῆς
1471 640 1716 701 Ἰωάννου
1759 641 1848 698 καὶ

179 737 338 791 Θεοῦ
395 730 585 809 μοίρας
653 729 838 804 εἶπον,
885 730 1030 788 οὗτοι
1078 732 1214 803 (τοὺς
1267 732 1385 810 περὶ
1448 732 1538 788 τὸν
1595 729 1848 788 Ἀκσίκιὸν

173 821 289 878 καὶ
330 820 614 899 ’Λντίοχον
644 817 927 899 λέγοντες)
950 821 998 876 οἱ
1032 818 1320 899 ὀρθοδόξων
1351 823 1492 877 εἶναι
1523 821 1614 878 τὸν
1646 817 1845 876 κανόνα

175 907 588 986 διατεινόμενοι
638 914 736 976 τῆς
778 910 944 976 αύτῆς
998 909 1141 966 εῖναι
1172 909 1402 973 πίστεως
1446 923 1566 974 τοῖς
1611 909 1845 966 ἐκτεθει-

173 1001 344 1075 κόσι,
389 1001 478 1057 καὶ
534 997 800 1056 διαλύουσι
844 1001 906 1057 τὸ
936 997 1256 1079 ἀμφίϐολον,
1289 999 1583 1077 Ἐπῄνεσεν
1613 1002 1640 1056 6
1683 1001 1844 1077 βασι-

176 1086 320 1152 λεὺς
381 1090 442 1145 τὸ
515 1087 818 1167 εἰρημένον,
879 1091 952 1152 ὡς
1008 1087 1188 1155 καλῶς
1256 1087 1414 1168 ἕχον,
1469 1090 1557 1146 καὶ
1621 1089 1846 1167 γίνεσθαι

145 1177 370 1244 ὀὕτως
434 1177 724 1256 ἐπέτρεπεν
757 1195 773 1210 '
841 1181 888 1236 οἱ
955 1177 1010 1235 δὲ
1067 1178 1370 1258 ὑπέσχοντο
1423 1179 1520 1254 μὲν
1571 1179 1839 1252 ποιήσειν,

179 1267 509 1349 ἀπέσχοντο
564 1266 619 1324 δὲ
665 1268 738 1329 Δτὸ
799 1268 878 1344 μὴ
937 1269 1172 1348 ἀσφαλὲς
1232 1278 1324 1345 τοῦ
1375 1268 1686 1347 πράγματος
1747 1270 1845 1324 ὑπ-

179 1379 217 1413 ο
228 1359 578 1421 πτεύσαντες.

1929 545 2148 610 rediit:
2185 554 2242 608 et
2275 545 2431 627 quod
2463 543 2728 608 Joannes
2776 564 2854 608 ne
2906 546 3072 628 prius
3123 545 3365 627 quidem
3401 547 3580 610 fuerit

1930 640 2262 721 depositus,
2295 651 2355 702 et
2376 657 2571 721 neque
2592 658 2776 721 perse
2793 658 3004 702 rursus
3023 650 3183 704 esset
3216 641 3524 719 ingressus
3559 660 3572 705 :

1929 731 2036 793 sed
2068 738 2165 791 tuo
2197 729 3040 810 cedensimperio,aiebaut,o
3073 730 3427 811 imperator,
3454 730 3576 792 imo

1929 838 2068 882 vero
2104 837 2210 900 per
2242 819 2356 880 vim
2383 822 2969 881 coactus.Postrcmo
2989 818 3397 882 inscribantur
3421 821 3572 901 (40),

1929 909 2235 985 dicebant,
2268 908 2310 969 ii
2340 908 2443 988 qui
2475 916 2612 970 sunt
2639 908 2889 972 Joannis
2916 918 2972 971 et
2996 908 3098 970 Dei
3133 911 3340 990 partis,
3371 920 3428 972 et
3453 912 3572 988 isti,

1928 999 2209 1062 Acacium
2243 998 2516 1060 dicentes
2547 1006 2606 1060 et
2632 998 3018 1076 Antiochum,
3040 999 3143 1079 qui
3176 999 3574 1062 orthodoxam

1931 1088 2234 1150 afﬁrmant
2255 1105 2388 1149 esse
2414 1105 2704 1150 canonem
2736 1107 2751 1163 ;
2785 1095 2844 1148 et
2864 1087 3160 1148 fateantur
3178 1106 3241 1148 se
3261 1106 3392 1150 esse
3416 1089 3577 1168 ejus-

1929 1177 2065 1241 dem
2102 1177 2266 1251 ﬁdei,
2301 1179 2470 1256 cujus
2501 1177 2674 1257 ii,qui
2709 1177 3027 1239 ediderunt
3061 1195 3074 1240 :
3123 1185 3182 1240 et
3209 1178 3294 1240 sic
3323 1178 3576 1241 solvitur

1927 1266 2012 1345 id,
2047 1267 2122 1329 de
2153 1287 2269 1348 quo
2304 1266 2924 1329 dubitatur.Laudavit
2945 1267 3102 1348 quod
3129 1268 3352 1329 dictum
3378 1269 3573 1330 fuerat

1926 1357 2272 1438 imperator,
2310 1366 2375 1421 ut
2406 1359 2568 1437 quod
2600 1367 2764 1420 recte
2795 1376 2860 1419 se
2892 1357 3163 1433 haberet,
3199 1365 3256 1419 et
3286 1359 3373 1419 sic
3397 1359 3578 1438 jussit

187 1463 312 1508 eos
358 1445 580 1510 facere.
614 1446 706 1511 llli
737 1456 935 1509 autem
968 1465 1033 1509 se
1087 1447 1350 1509 facturos
1379 1446 1619 1526 quidem
1649 1455 1787 1509 sunt
1818 1446 2090 1529 polliciti,
2126 1466 2246 1529 prae
2276 1467 2341 1510 se
2389 1448 2674 1526 ferentes,
2712 1465 2778 1511 se
2809 1447 3113 1510 conﬁdere
3148 1469 3161 1506 :
3216 1448 3576 1511 destiterunt

185 1553 364 1611 vero,
400 1544 464 1598 ut
493 1537 594 1618 qui
625 1535 747 1600 sint
768 1536 1053 1619 suspicati
1081 1555 1210 1601 rem
1243 1536 1492 1599 minime
1523 1555 1656 1600 esse
1689 1545 1899 1601 tutam.

280 1643 422 1714 MH'.
467 1655 558 1712 Ἐν
589 1656 793 1716 τούτοις
837 1660 944 1711 τῶν
999 1655 1334 1733 πραγμάτων
1375 1654 1564 1728 ὄντων,
1618 1656 1705 1711 καὶ
1750 1662 1823 1712 τοί

2005 1654 2413 1720 XLVlI[.Cum
2437 1673 2534 1717 res
2567 1654 2649 1716 ita
2679 1673 2743 1717 se
2776 1655 3161 1728 haberent,et
3192 1653 3292 1715 ille
3326 1653 3569 1733 quidem

180 1743 299 1819 μὲν
332 1745 406 1806 ὡς
451 1743 640 1822 ἄριστα
684 1746 785 1812 τὴν
830 1743 1156 1812 Ἐκκλησίαν
1214 1743 1487 1808 διέποντος
1533 1743 1648 1810 ἔτος
1689 1743 1841 1802 ἐντε-

179 1831 288 1896 λὲς
334 1834 470 1906 μετὰ
515 1834 614 1902 τὴν
657 1833 979 1910 ἀνάκλησιν,
1022 1841 1130 1890 τῶν
1173 1832 1323 1890 δὲτὰ
1373 1835 1573 1891 ἑαυτῶν
1618 1835 1839 1892 ποιούν-

174 1943 324 2002 των,
385 1925 474 1980 καὶ
544 1925 592 1980 τί
651 1925 731 1999 μὴ
788 1923 1100 2004 κινούντων,
1175 1924 1312 1980 ὥστε
1371 1925 1464 1980 τὸν
1534 1924 1693 2003 ἅγιον
1750 1931 1841 1981 τοῦ

175 2014 375 2089 θρόνου
430 2026 790 2092 καταγαγεῖν,
835 2013 1052 2092 ἐπείπερ
1095 2015 1130 2081 ἡ
1175 2020 1268 2070 τοῦ
1319 2014 1513 2092 Πάσχα
1564 2011 1839 2092 παρέϐαλ-

180 2101 287 2158 λεν
315 2103 496 2181 ἶεορτὴ,
519 2103 626 2160 τῶν
657 2109 871 2183 συχνῶν
903 2102 1190 2182 ὀχλήσεων
1219 2105 1254 2170 ἡ
1284 2102 1534 2178 βασιλεὺς
1569 2105 1836 2178 ἡττηθεὶς,

183 2190 358 2262 δηλοῖ
412 2198 490 2266 τῷ
567 2193 879 2271 πατριάρχῃ
956 2198 1056 2259 τῆς
1115 2190 1447 2259 Ἐκκλησίας
1509 2193 1834 2267 ὕπεξελθεϊν,

186 2283 298 2337 ὑπὸ
331 2279 561 2338 συνόδων
609 2280 715 2348 ἤδη
773 2279 917 2338 δυεῖν
964 2281 1456 2361 καταψηφισθέντα,
1509 2285 1646 2360 Πρὸς
1677 2285 1841 2339 ταῦτα

190 2380 477 2448 τοιγαροῦν
537 2373 564 2426 6
624 2371 817 2449 μέγας,
865 2369 1069 2427 Εἴπατε
1113 2375 1191 2444 τῷ
1245 2368 1488 2449 βασιλτϊ,
1537 2369 1660 2450 ἔφη.
1698 2370 1844 2449 Ἐγὼ

192 2460 343 2537 παρὰ
373 2467 466 2516 τοῦ
523 2467 655 2516 Θεοῦ
711 2461 800 2516 καὶ
850 2465 1102 2536 Σωτῆρος
1135 2460 1232 2527 τὴν
1266 2458 1588 2526 Ἐκκλησίαν
1619 2460 1844 2540 ἐπιτρα-

191 2550 340 2624 πεὶς,
403 2551 760 2629 ὑποχωρῆσαι
818 2551 1016 2616 ταύτης
1061 2550 1199 2605 ἑκὼν
1260 2546 1494 2613 δέδοικα,
1544 2551 1600 2606 Εἰ
1656 2549 1710 2606 δέ
1759 2574 1842 2609 σοι

188 2647 354 2697 τοῦτα
400 2639 535 2695 κατὰ
577 2640 826 2716 γνώμην,
872 2640 916 2692 ὧ
959 2637 1202 2714 βασιλεῦ,
1252 2636 1390 2694 ἀλλὰ
1421 2639 1506 2715 βίᾳ
1537 2660 1602 2714 με
1646 2641 1843 2708 ταύτης

186 2725 411 2800 ἕξωσον,
457 2725 533 2782 ἵν’
583 2726 699 2806 ἔχω
756 2732 856 2794 τῆς
911 2729 1069 2784 οἱονεὶ
1125 2725 1464 2792 λειποταξίας
1519 2727 1841 2808 ἀπολογίαν,

187 2817 294 2885 τήν
353 2837 412 2872 σε
456 2816 557 2883 σὴν
615 2816 874 2897 ἐξουσίαν,
933 2818 1021 2874 καὶ
1085 2818 1182 2885 τὴν
1243 2817 1373 2890 ἐμοῦ
1433 2819 1575 2896 παρὰ
1618 2820 1840 2897 γνώμην

191 2907 356 2974 αὐτῆς
413 2903 752 2981 κατάλειψιν.
788 2909 1106 2980 Πέμψαντες
1158 2906 1353 2984 τοίνυν,
1415 2907 1512 2974 τῆς
1559 2908 1655 2982 μὲν
1718 2907 1838 2964 λει-

1925 1761 2080 1806 anno
2101 1745 2330 1824 integro
2363 1746 2591 1825 optime
2615 1744 3065 1805 administraret
3089 1743 3416 1805 Ecclesiam
3445 1751 3574 1823 post

1921 1833 2370 1896 revocationem
2403 1833 2536 1896 :isti
2561 1841 2929 1913 autem,quaa
2960 1832 3077 1894 sibi
3109 1842 3279 1894 erant
3309 1834 3570 1913 propria,

1923 1923 2211 1986 facerent:
2235 1943 2302 1985 ea
2325 1941 2463 1984 vero
2490 1931 2660 1984 erant
2682 1931 2842 1984 artes
2870 1931 2926 1984 et
2947 1922 3314 2002 imposturae:
3339 1931 3397 1984 et
3427 1923 3570 2003 quid

1925 2033 2043 2076 non
2077 2022 2414 2094 moverent,
2447 2021 2510 2074 ut
2561 2010 2846 2074 Sanctum
2901 2031 2935 2074 e
2991 2011 3136 2074 sede
3167 2011 3567 2092 deponerent,

1925 2103 2164 2164 etiamsi
2196 2122 2315 2164 non
2348 2103 2656 2184 potuerint
2676 2103 2806 2180 ejus
2833 2101 3083 2182 spiritus
3107 2100 3401 2181 dejicere?
3423 2100 3569 2163 Cum

1923 2193 2163 2254 adesset
2192 2192 2377 2254 festus
2435 2192 2566 2254 dies
2631 2192 2894 2266 Paschae,
2930 2210 2965 2252 a
3018 2191 3221 2251 multis
3255 2192 3568 2266 molestiis,

1926 2301 2074 2363 quas
2105 2283 2160 2343 ei
2195 2283 2599 2343 exhibuerunt
2629 2281 2751 2355 isti,
2786 2281 2974 2342 victus
3007 2283 3356 2360 imperator,
3389 2280 3570 2357 signi-

1927 2376 2062 2433 licat
2081 2372 2531 2452 patriarchaeuit
2554 2369 2804 2431 excedat
2833 2388 2900 2430 ex
2929 2369 3204 2442 ecclesia,
3227 2381 3290 2430 ut
3319 2369 3419 2448 qui
3443 2370 3569 2449 jam

1924 2481 1958 2522 a
1987 2461 2219 2522 duabus
2249 2460 2490 2541 synodis
2516 2460 2591 2522 sit
2612 2459 3304 2522 condernnatusAdhmc
3324 2477 3572 2536 magnus

1923 2550 2028 2612 ille
2055 2550 2317 2614 Joannes
2353 2570 2367 2610 :
2415 2549 2556 2628 Ego,
2613 2549 2829 2629 inquit,
2884 2548 2982 2610 cui
3011 2547 3172 2610 Deus
3201 2557 3261 2611 et
3291 2546 3572 2611 Servatur

1925 2639 2258 2701 Ecclesiam
2305 2638 2546 2700 tradidit
2599 2638 2948 2717 regendam,
2985 2637 3057 2698 ab
3090 2657 3160 2700 ea
3190 2656 3323 2700 mea
3355 2647 3568 2716 sponte

1930 2747 2135 2790 vereor
2164 2731 2480 2791 recedere.
2514 2727 2620 2790 Sin
2642 2736 2839 2788 autem
2860 2727 2972 2787 hoc
2998 2727 3078 2787 ita
3104 2727 3208 2789 tibi
3242 2726 3498 2800 videtur,
3529 2744 3562 2788 ο

1923 2825 2271 2897 imperator,
2307 2826 2365 2878 at
2399 2835 2492 2878 me
2525 2835 2594 2879 ex
2626 2835 2696 2878 ea
2725 2816 2778 2876 vi
2816 2816 3072 2896 expelle,
3109 2828 3173 2878 ut.
3207 2836 3300 2878 me
3337 2816 3562 2896 possim

1921 2906 2164 2969 omnino
2182 2906 2708 2983 defendere,quod
2727 2907 2938 2968 ordine
2967 2905 3056 2967 vel
3082 2907 3134 2965 vi
3166 2904 3564 2969 deseruerim.

188 2995 435 3072 τουργίας
490 2995 649 3051 αὐτὸν
707 2994 1005 3074 ἀπέχεσθαι
1078 2993 1536 3074 παραγγέλλουσι,
1580 3002 1657 3070 τῷ
1711 3001 1823 3054 ἐπι-

1928 2995 2012 3058 Ad
2038 3015 2173 3058 eum
2196 2997 2396 3076 itaque
2419 2995 2728 3057 mittentes
2762 2995 3084 3073 prohibent
3115 2995 3356 3076 quidem
3383 2996 3565 3058 sacri-

183 3084 422 3158 σιιοπείῳ
504 3080 559 3138 δὲ
646 3085 709 3140 τὸ
794 3086 962 3162 παρὸν
1022 3082 1364 3163 ἐνδιατρίϐειν
1425 3096 1832 3167 παραχωροῦσι,

184 3171 481 3250 δείσαντες,
538 3175 722 3248 οἶμαι,
801 3175 878 3247 μή
965 3196 1016 3230 τι
1087 3171 1250 3235 πάλιν
1305 3175 1394 3230 καὶ
1453 3176 1582 3238 Θεὸς
1642 3174 1838 3233 ἄνωθεν

185 3262 473 3339 ἓπιδικάσῃ
533 3268 601 3338 τῇ
640 3261 844 3338 τολμῃ,
906 3263 994 3318 καὶ
1043 3260 1119 3319 ’ἔν’
1163 3263 1321 3339 ἐγγὺς
1395 3265 1551 3320 αὺτὸν
1612 3265 1837 3344 ἔχοντες

187 3351 586 3430 διορθώσοιντο.
636 3352 815 3414 Οὕτως
887 3352 976 3407 οὖν
1049 3351 1262 3423 ἰδιάζων
1318 3352 1516 3427 μεταξὺ
1579 3343 1764 3432 διῆγεν
1808 3358 1836 3412 6

187 3440 362 3518 μέγας
430 3439 712 3506 διαλέξεων
768 3462 825 3496 τε
883 3442 971 3496 καὶ
1028 3448 1134 3498 τῶν
1195 3441 1375 3498 καλῶν
1431 3447 1528 3508 τῆς
1585 3441 1834 3521 γλώττης

187 3530 466 3608 ῥευμάτων
519 3530 848 3608 εἰργόμενος,
909 3528 1062 3587 Ἐπεὶ
1119 3528 1173 3585 δὲ
1231 3532 1315 3586 καὶ
1358 3529 1394 3596 ἦ
1449 3541 1541 3590 τοῦ
1600 3533 1836 3610 μεγάλου

190 3617 468 3677 Σαϐϐάτου
525 3619 702 3698 ἡμέρα
745 3619 836 3695 ἦν,
884 3622 911 3676 6
941 3620 1192 3696 βασιλεὺς
1250 3621 1372 3683 τοὺς
1419 3622 1536 3698 περὶ
1579 3619 1834 3679 Ἀκάκιόν

186 3729 250 3764 τε
299 3709 386 3765 καὶ
445 3707 728 3787 Ἀντίοχον
789 3706 1301 3783 μεταστειλάμενος,
1336 3708 1385 3764 τί
1433 3706 1540 3764 δέοι
1585 3710 1834 3788 πράττειν

185 3797 394 3876 ἠρώτα,
464 3804 732 3855 Σκοπεττε
776 3798 901 3876 γὰρ,
961 3797 1090 3878 ἔφη,
1149 3799 1236 3854 καὶ
1280 3804 1322 3853 εί
1365 3796 1542 3862 καλῶς
1596 3799 1714 3878 ἔχει
1771 3801 1838 3856 τὰ

184 3884 314 3964 παρ’
367 3888 515 3962 ὑμῶν
574 3887 959 3966 εἰσηγούμενα.
1017 3889 1076 3945 Οἱ
1119 3885 1200 3961 δὲ,
1262 3885 1382 3943 Ἐπὶ
1436 3887 1534 3954 τὴν
1594 3887 1834 3966 κεφαλὴν

181 3977 367 4051 ἡμῶν,
412 3975 595 4048 εἶπον,
655 3977 690 4046 ἡ
737 3973 986 4033 Ἰωάννου
1034 3975 1359 4053 καθαίρεσις,
1406 3976 1619 4034 ἐοικότα
1663 3980 1834 4058 τυχὸδ

179 4077 330 4139 τοῖς,
387 4067 458 4124 T6
516 4065 661 4140 α’ίμα
706 4065 867 4124 αὐτοῦ
910 4061 992 4144 ἐφ’
1037 4066 1201 4139 ἡμᾶςΙ
1237 4066 1464 4141 εἰποῦσι,
1497 4067 1586 4123 καὶ
1617 4069 1676 4124 οὐ
1698 4066 1833 4124 πολὺ

177 4153 361 4232 πὸῤῥω
419 4159 516 4217 τῆς
576 4154 801 4232 γνώμης
878 4155 1051 4210 αὐτῶν
1096 4152 1468 4233 φθεγξάμενοι.
1513 4159 1617 4214 Καὶ
1665 4155 1832 4218 οὕτως

179 4244 393 4323 ἐρήμην
448 4245 914 4322 καταψηφίζονται
995 4250 1087 4299 τοῦ
1171 4241 1394 4319 δικαίου,
1459 4247 1596 4319 μήτε
1669 4245 1833 4323 λόγου

1919 3085 2140 3148 ﬁcare:
2177 3085 2763 3160 ronceduntautem,
2789 3085 2933 3146 utin
2985 3091 3300 3166 praesentia
3321 3085 3569 3163 quidem

1918 3185 2193 3236 versetur
2222 3176 2284 3236 in
2339 3181 2730 3256 episcopatu;
2782 3174 3086 3248 timentes,
3120 3184 3182 3234 ut
3213 3174 3450 3253 opinor,
3492 3195 3567 3238 ne

1919 3267 2080 3326 Deus
2112 3283 2320 3326 rursus
2351 3265 2616 3345 desuper
2657 3264 2808 3325 ferat
2857 3263 3219 3325 sententiam
3266 3264 3326 3324 in
3359 3283 3564 3326 eorum

1919 3355 2407 3429 audaciam,etut
2431 3371 2619 3432 prope
2641 3371 2774 3413 eum
2804 3350 3120 3428 habentes,
3152 3351 3257 3413 Dei
3278 3352 3425 3413 iram
3462 3372 3569 3433 per

1921 3445 2114 3521 ipsum
2136 3443 2597 3523 reprimant.Sic
2623 3461 2763 3521 ergo
2786 3460 3056 3503 seorsum
3083 3443 3321 3502 interim
3345 3443 3568 3520 egitvir

1918 3531 2022 3593 ille
2052 3550 2572 3611 magnus,cessans
2605 3550 2637 3592 a
2671 3531 3053 3592 sermonibus
3086 3538 3143 3591 et
3167 3531 3434 3609 pulchris
3462 3533 3569 3593 lin-

1917 3639 2051 3700 guae
2083 3622 2340 3682 ﬂuentis.
2376 3621 2522 3683 Cum
2556 3629 2756 3681 autem
2794 3627 2955 3681 esset
2987 3618 3116 3680 dies
3170 3621 3367 3698 magni
3411 3618 3565 3683 Sab-

1920 3710 2043 3773 bati
2070 3711 2563 3792 (4i),imperator
2588 3710 2726 3771 fecit
2750 3709 2910 3790 quod
2939 3730 3056 3771 non
3087 3721 3253 3772 recte
3281 3730 3346 3772 se
3372 3711 3563 3773 habe-

1919 3800 2042 3876 bat,
2080 3820 2189 3862 nec
2219 3801 2406 3863 animi
2437 3808 2565 3862 erat
2597 3798 3322 3880 imperatorii.Accersitis
3351 3801 3564 3864 Acacio

1915 3898 1977 3952 et
1998 3890 2550 3969 Antiocho,rogavit
2574 3891 2859 3967 quidnam
2885 3896 3190 3970 oporteret
3215 3889 3563 3952 facere.Sed

1915 3979 2899 4060 oportet,inquit,considerare,an
2929 3977 3053 4040 Deo
3086 3987 3251 4058 grata
3281 3979 3564 4059 sint,quae

1915 4087 1948 4130 a
1979 4069 2146 4130 vobis
2176 4071 2349 4132 ﬁunt.
2379 4067 2473 4129 Illi
2506 4078 2704 4130 autem
2742 4067 2910 4148 (quid
2953 4067 3114 4128 enim
3141 4075 3268 4129 erat
3290 4069 3375 4130 eis
3404 4067 3564 4129 Deus

1916 4157 2220 4236 curae?),ln
2245 4159 2845 4238 nostrum,inquiunt,
2869 4159 3076 4219 redeat
3107 4168 3282 4236 caput
3313 4158 3557 4219 Joannis

1915 4248 2233 4328 depositio:
2260 4247 2481 4311 similia
2501 4248 2708 4328 iis,qui
2742 4246 3061 4308 dixerunt:
3100 4272 3125 4301 (ι
3150 4245 3401 4325 Sanguis
3423 4247 3554 4326 ejus

177 4330 522 4408 μεταδόντες,
581 4333 666 4412 ἐφ’
750 4333 842 4397 οἷς
925 4333 1282 4430 κατηγόρου),
1345 4333 1478 4408 μήτ’
1536 4333 1823 4414 ἀπολογίαν

1928 4357 2097 4418 super
2129 4357 2234 4398 nos
2265 4340 2387 4417 38,»
2418 4347 2474 4399 et
2499 4357 2616 4398 non
2642 4336 2849 4418 procul
2883 4336 2958 4398 ab
2994 4355 3204 4397 eorum
3238 4337 3558 4411 sententia,

176 4423 461 4490 ἡντιανοῦν
503 4421 634 4499 παρ’
681 4422 881 4478 ἐκείνου
924 4420 1223 4497 δεξάμενοι.
1287 4421 1446 4480 Ταῦτ’
1491 4426 1580 4478 οὖν
1624 4425 1823 4499 μαθόν-

1928 4427 2160 4490 elocuti.
2195 4428 2294 4490 Sic
2325 4427 2634 4490 absentem
2657 4427 3062 4488 condemnant
3088 4427 3276 4486 virum
3303 4426 3560 4504 justum,

179 4531 268 4573 τες
323 4513 370 4569 οἱ
446 4512 545 4579 τῆς
632 4509 879 4568 Ἰωάννου
964 4510 1202 4590 μερίδος,
1261 4513 1309 4568 οἱ
1368 4511 1467 4587 μὲν
1524 4511 1829 4588 ἐπίσκοποι,

186 4601 329 4678 λύπῃ
361 4601 450 4657 καὶ
507 4599 724 4679 δάκρυσι
769 4599 948 4663 δόντες
995 4601 1240 4676 ἑαυτοὺς,
1300 4615 1425 4666 ταῖς
1484 4617 1830 4682 καταγωγαῖς

180 4689 454 4769 ἡσύχαζον
485 4707 501 4724 ο
552 4692 717 4768 ἱερεῖς
775 4688 831 4745 δὲ
890 4692 980 4745 καὶ
1010 4688 1124 4746 ὅσοι
1155 4697 1248 4746 τοῦ
1277 4689 1474 4768 κλήρου
1505 4691 1560 4748 ἒν
1590 4714 1695 4747 τισι
1725 4695 1830 4748 τῶν

185 4781 472 4859 εὒκτηρίων
531 4779 700 4836 οἴκων
745 4780 864 4857 περὶ
931 4781 1024 4836 τὸν
1079 4779 1268 4852 τόπον,
1332 4781 1390 4844 ὃς
1452 4791 1828 4839 Κωνσταντια-

185 4869 276 4925 ναί
316 4867 558 4948 λέγεται,
603 4869 981 4946 συναγόμενοι,
1038 4870 1174 4944 μετᾶ
1243 4869 1446 4928 πολλοῦ
1502 4877 1596 4928 τοῦ
1652 4869 1829 4928 συνδε·

183 4956 517 5035 δραμηκότος
609 4955 844 5026 πλήθους
930 4964 1039 5012 τῶν
1113 4960 1268 5036 ἱερῶν
1345 4958 1526 5033 ὕμνων
1583 4961 1671 5016 καὶ
1729 4965 1828 5028 τῆς

181 5049 434 5118 συνήθους
489 5046 714 5127 εἴχοντο
763 5045 1095 5124 δοξολογίας,
1159 5048 1529 5124 βαπτίσματύς
1590 5071 1646 5105 τε
1689 5051 1828 5107 θείου

181 5138 302 5200 τοὺς
361 5140 677 5217 προσιόντας
736 5136 935 5203 ἠξίουν.
1006 5137 1288 5202 Δείσαντες
1363 5141 1410 5194 οἱ
1480 5149 1572 5198 τοῦ
1650 5163 1826 5206 πονη-

182 5246 268 5304 ρου
327 5223 614 5304 συνεδρίου,
663 5225 742 5299 μὴ
787 5227 863 5296 τῷ
915 5225 1042 5302 ἱερῷ
1101 5223 1440 5304 προσϐαλὼν,
1502 5227 1575 5289 ὡς
1627 5226 1768 5304 ἔθος,
1799 5228 1827 5282 6

257 5386 322 5436 58
349 5384 559 5448 Matth.
593 5400 775 5462 xxvii,
808 5383 909 5444 25.

251 5545 368 5616 (40)
397 5544 697 5617 Elpidium
713 5544 1012 5617 Laodicea;
1040 5544 1220 5617 Syria)
1247 5545 1587 5617 episcOpum
1618 5545 1821 5617 fuisse,

187 5615 466 5675 memorat
499 5631 572 5690 eg
601 5615 864 5690 Palladio
895 5615 1214 5690 Barou‘.qui
1250 5615 1424 5687 hujus
1449 5615 1645 5690 causa)
1665 5616 1826 5678 deci-

185 5689 406 5750 sionem
435 5687 774 5763 perfacilem
802 5687 1150 5761 imperatori
1179 5689 1575 5762 proposuerit.

1915 4536 2048 4578 cum
2087 4537 2198 4579 nec
2230 4518 2305 4578 de
2337 4518 2432 4592 iis,
2460 4535 2712 4596 quorum
2745 4515 3419 4588 accusabatur,dicendi
3455 4535 3564 4596 po-

1917 4615 2192 4668 testatem
2210 4606 2265 4667 ei
2284 4605 2761 4684 permisissent,q
2775 4604 2890 4665 uod
2918 4613 3007 4664 est
3025 4623 3156 4665 com
3169 4624 3345 4666 mune
3361 4624 3454 4666 om
3467 4606 3564 4665 uia

1914 4696 2152 4776 bus,qui
2177 4696 2454 4774 judicant
2501 4698 2632 4756 sine
2687 4694 2806 4754 ulla
2836 4693 3019 4754 animi
3054 4694 3506 4772 perturbatione
3543 4713 3556 4757 :

1915 4803 2110 4866 neque
2136 4785 2208 4846 ab
2242 4785 2344 4845 illo
2369 4784 2550 4844 ullam
2570 4783 2942 4861 accepissent
2965 4782 3555 4844 defensionemﬁum

1912 4881 2033 4938 haec
2051 4888 2240 4936 autem
2269 4878 2756 4948 audivissent,qui
2779 4887 2943 4933 erant
2965 4894 2991 4932 a
3019 4878 3283 4947 partibus
3299 4877 3558 4943 Joannis,

1912 4964 2180 5045 episcopi
2213 4963 2454 5042 quidem
2493 4982 2558 5023 se
2590 4961 2774 5023 animi
2811 4961 3150 5041 aegritudini
3183 4961 3476 5022 dedentes
3503 4973 3561 5023 et

1910 5054 2548 5134 lacrymis,inangulis
2579 5051 2847 5134 latebant
2878 5060 2936 5112 et
2972 5052 3276 5113 silentium
3302 5050 3563 5134 agebant

1911 5137 1971 5196 in
2006 5132 2364 5196 habitaculis
2401 5151 2414 5192 :
2469 5133 2815 5194 sacerdotes
2874 5140 3072 5193 autem
3119 5141 3178 5193 et
3215 5132 3560 5212 quicunque

1912 5232 2079 5285 erant
2109 5242 2176 5285 ex
2213 5222 2402 5299 clero,
2426 5221 2944 5301 congregabantur
2973 5221 3045 5282 ad
3080 5221 3365 5302 quasdam
3400 5220 3558 5283 aedes

1980 5546 2095 5616 (41)
2128 5542 2267 5601 Nota
2281 5556 2430 5612 ,cum
2463 5549 2614 5600 esset
2643 5542 2765 5600 dies
2797 5540 2990 5612 magni
3021 5537 3275 5611 Sabbati,
3302 5539 3410 5595 hoc
3441 5546 3551 5613 est,

1907 5615 2220 5676 Sabbatum
2251 5623 2542 5674 sanetum.
3471 5617 3482 5628 ·
