3954 6146
31 303 49 368 l
83 305 254 371 181
1181 301 1372 366 VITA
1417 297 1479 362 S.
1522 295 1846 362 JOANNIS
1892 294 2449 360 CHRYSOSTOMI.
3348 286 3501 355 1182

31 464 210 501 πων
268 441 431 501 αὐτὰ
486 439 1011 512 κατασκευαζόντων,
1077 438 1163 495 καὶ
1232 435 1515 516 πολλαχοῦ
1584 455 1769 513 στρατ-

1863 431 1980 492 tale
2002 432 2507 512 sustinebant,per
2518 449 2876 494 consensum
2893 429 3206 494 nobiscum
3231 429 3499 494 dolorem

31 534 437 610 νιγούντων,
513 534 567 589 οἳ
627 534 723 590 οὒκ
779 529 1080 609 ᾐσχύνοντο
1138 527 1614 604 καμπιθούκτωρας
1667 522 1769 578 ἀντ]

1861 520 2259 600 accipiebant:
2289 542 2410 583 non
2435 523 2628 584 solum
2653 523 2755 603 qui
2778 530 2947 583 erant
2967 523 3235 602 ejusdem
3262 518 3503 600 opinio-

31 609 389 680 διᾴχόνων
450 617 888 698 προηγουμένους
943 617 1191 697 ἔχοντες,
1241 610 1473 692 Ἡμέρας
1507 613 1560 669 δὲ
1618 634 1769 690 γενο-

1862 609 2092 684 nis,sed
2127 613 2303 673 etiam
2336 614 2692 693 haeretici,et
2719 613 3002 683 Judzei,et
3031 611 3289 691 gentiles
3321 627 3335 670 ;
3372 626 3507 686 per-

32 713 322 792 μένης,
392 717 543 768 πᾶσα
599 711 632 777 ἠ
687 707 842 774 πόλις
895 706 995 772 ἔξω
1042 729 1144 764 των
1198 713 1398 785 τειχῶν
1431 703 1769 777 μετῳκίζετο,

1862 699 2002 761 inde
2027 719 2094 762 ac
2119 702 2170 762 si
2196 705 2244 762 vi
2273 713 2443 782 capta
2478 711 2638 764 esset
2667 703 2897 777 civitas,
2919 702 3004 763 sic
3032 703 3088 762 in
3127 698 3497 777 tumultibus,

31 800 194 858 ὒπὸ
237 788 450 878 δένδρα
482 799 570 855 καὶ
599 798 793 870 νάπας,
855 797 1090 872 καθάπερ
1121 793 1362 869 πρόϐατα
1393 790 1769 867 διεσπαρμένα,

1863 790 2405 865 perturbationibus
2431 801 2490 854 et
2511 791 2830 871 gemitibus
2856 802 3028 852 erant
3049 788 3348 852 omnia.Et
3371 789 3499 850 haec

32 892 186 958 τὴν
258 890 472 968 ἑορτὴν
517 885 910 950 ἐπιτελοῦντες.
956 883 1106 942 Ἀλλ’
1181 884 1318 942 οὕτω
1375 883 1474 958 μὲν
1521 883 1552 948 ἡ
1598 885 1769 959 χρυσῆ

1861 881 2006 940 facta
2028 895 2170 942 sunt
2197 895 2397 955 praeter
2425 887 2770 943 sententiam
2806 887 2882 955 pii
2909 884 3289 956 imperatoris,
3325 893 3502 940 noctu

36 966 374 1057 γλῶσσα.
444 984 673 1036 Τοιαῦτα
730 974 784 1030 δὲ
844 975 978 1034 κατὰ
1020 975 1120 1042 τὴν
1166 975 1352 1048 ἑορτὴν
1387 981 1479 1030 τοῦ
1507 971 1700 1050 Πάσχα
1730 974 1769 1025 ol

1861 967 1989 1028 haec
2023 969 2509 1049 comparantibus
2541 970 2861 1050 episc0pis,
2915 979 2972 1030 et
3029 968 3230 1030 multis
3261 969 3320 1028 in
3355 966 3501 1028 locis

42 1069 279 1126 καλοὶ
346 1067 606 1142 ποιμένες
661 1065 748 1121 καὶ
793 1069 987 1142 ψυχῶν
1037 1063 1359 1142 προστασίαν
1413 1059 1769 1134 πεπιστευμέ-

1861 1057 2280 1121 exercentibus
2311 1078 2526 1121 munus
2548 1059 2720 1121 ducis
2745 1060 3173 1138 exercitus,qui
3210 1076 3328 1118 non
3353 1075 3494 1119 eru-

46 1181 172 1216 νοι
249 1161 343 1232 τῷ
396 1155 681 1213 ἀναστάντι
733 1153 1151 1232 ἐκαρποφόρουν.
1188 1151 1456 1210 Ἐντεῦθεν
1514 1152 1602 1207 καὶ
1656 1149 1769 1205 διας

1860 1145 2186 1209 bescebant
2203 1167 2306 1228 pro
2327 1149 2420 1210 dia
2431 1150 2598 1211 conis
2612 1149 2808 1227 campi
2824 1149 3101 1210 ductores
3115 1148 3338 1208 habere
3353 1165 3496 1227 pra}-

49 1249 382 1327 τάγματα
443 1251 726 1322 πανταχοῦ
787 1242 1086 1320 προτίθετο,
1147 1247 1244 1310 τῆς
1310 1240 1555 1298 Ἰωάννου
1611 1238 1769 1316 διείρ-

1859 1237 2169 1300 cedentes.
2201 1240 2347 1299 Cum
2382 1248 2576 1302 autem
2602 1241 2815 1301 fuisset
2843 1238 3124 1312 dies,tota
3155 1238 3358 1298 civitas
3391 1237 3496 1297 mi-

52 1325 284 1416 γοντα
346 1335 631 1399 κοινωνίας
668 1351 683 1368 ⁸
747 1334 779 1388 ἃ
828 1339 1083 1389 τοσοῦτον
1113 1331 1348 1411 ἐκράτει,
1381 1333 1454 1392 ὡς
1485 1331 1586 1397 τὴν
1617 1329 1769 1384 ἐναν-

1859 1327 2044 1404 gravit
2077 1337 2240 1388 extra
2295 1329 2530 1403 muenia,
2568 1329 2677 1389 sub
2709 1327 3024 1390 arboribus
3055 1335 3115 1387 ct
3147 1325 3496 1390 nemoribus

56 1415 220 1484 τίαν
291 1425 511 1503 μᾶλλον
558 1422 817 1502 εἰληφότα
875 1420 1263 1500 παραγγελίαν,
1298 1422 1387 1476 καὶ
1420 1419 1582 1496 ταύτῃ
1611 1416 1769 1475 πλέον

1861 1416 2018 1476 sicut
2049 1416 2336 1497 dispersae
2389 1437 2528 1479 oves
2580 1418 2794 1479 festum
2829 1417 3231 1479 celebrantes.
3263 1416 3379 1478 Sed
3415 1415 3501 1476 sic

60 1519 231 1582 τοὺς
299 1513 744 1590 πολεμουμένους
802 1512 1126 1589 ρωννύοντα,
1189 1510 1369 1588 ὥσπερ
1427 1508 1490 1576 δὴ
1520 1515 1612 1564 τοῦ
1644 1514 1769 1564 Θεοῦ

1865 1505 2102 1585 quidem
2128 1507 2326 1586 lingua
2349 1509 2448 1570 illa
2469 1527 2675 1570 aurea.
2715 1509 2850 1570 Haec
2877 1517 3072 1568 autem
3095 1507 3154 1566 in
3172 1506 3320 1567 festo
3354 1507 3500 1567 Pas-

65 1608 319 1685 τρόπος
401 1605 456 1661 ἐν
520 1614 730 1680 καιροῖς
810 1601 1064 1665 τοιούτοις
1140 1600 1610 1675 οἰκονομουμένος.
1673 1598 1769 1655 Kal

1859 1595 1989 1655 ch33
2009 1596 2232 1672 egregii
2251 1605 2519 1676 pastores
2543 1605 2600 1659 et
2622 1595 2840 1677 quibus
2858 1595 3194 1656 animarum
3219 1612 3358 1655 cura
3377 1603 3504 1655 erat

72 1683 209 1774 γ-ὰρ
277 1696 377 1752 καὶ
424 1695 475 1749 αἱ
538 1690 816 1758 ἐκκλησίαι
875 1692 972 1746 καὶ
1033 1693 1060 1746 ὁ
1119 1689 1334 1766 ἀριθμὸς
1408 1687 1591 1754 ηὔξανε
1659 1685 1769 1743 καθ“

1860 1683 2468 1763 credita,obtulerunt
2485 1686 2672 1766 ei,qui
2696 1685 3217 1748 surrexerat.Hinc
3237 1683 3416 1745 etiam
3438 1685 3500 1744 in

1423 1776 1514 1834 Ἐν
1570 1776 1776 1840 τούτοις
1801 1799 1840 1852 θ
1862 1791 2100 1834 omnem
2121 1783 2346 1853 partem
2375 1775 2552 1836 missa
2573 1783 2711 1836 sunt
2731 1775 3082 1854 edicta,quae
3103 1773 3503 1854 prohibebant

1861 1862 1932 1924 ab
1956 1862 2205 1925 Joannis
2229 1864 2654 1927 communione
2684 1885 2697 1926 :
2723 1884 2858 1946 qu‘e
2880 1874 3104 1927 tantam
3131 1870 3242 1924 vim
3280 1862 3504 1926 habue-

1861 1965 2025 2026 runt,
2061 1952 2310 2034 perinde
2341 1973 2407 2015 ac
2462 1957 2510 2015 si
2541 1955 2969 2035 praecepissent
2999 1954 3364 2015 contrarium
3395 1974 3408 2015 :
3445 1962 3506 2014 et

1865 2043 2096 2123 eos,qui
2131 2045 2652 2124 oppugnabantur,
2689 2045 2873 2123 magis
2895 2045 2981 2106 sic
3014 2045 3446 2106 conﬁrmarunt
3481 2064 3496 2103 :

1863 2151 2040 2211 quem
2066 2134 2305 2214 quidem
2334 2133 2573 2196 modum
2601 2137 2752 2196 solet
2783 2145 2989 2198 tenere
3020 2133 3177 2196 Deus
3198 2133 3257 2194 in
3293 2133 3498 2212 hujus-

1864 2222 2022 2282 modi
2049 2223 2419 2303 temporibus
2441 2225 2742 2300 Ecclesiae,
2765 2233 2926 2286 certe
2950 2232 3008 2287 et
3029 2242 3316 2285 numerus
3335 2242 3504 2285 cres-

1863 2311 2040 2372 cebat
2069 2313 2308 2374 assidue
2330 2331 2567 2389 eorum,
2600 2315 2701 2392 qui
2734 2315 2817 2374 illi
2849 2313 3309 2393 adjiciebantur.
3336 2311 3497 2373 Inte-

76 1787 363 1851 ἑκάστην
435 1781 542 1839 τῶν
624 1780 809 1854 ἐκείνῳ
886 1779 1332 1857 προστιθεμένων,

82 1875 202 1932 οὖν
237 1875 347 1942 τῆς
397 1873 776 1939 Πεντηκοστῆς
807 1867 912 1937 ἤδη
962 1866 1391 1941 καταλαϐούσης,
1445 1867 1558 1924 ἐπεὶ
1588 1870 1682 1925 οὒκ
1712 1866 1777 1934 ἦν

86 1964 256 2028 ὅλως
293 1967 380 2037 τῷ
423 1959 654 2034 διαϐόλῳ
697 1960 905 2040 φορητὰ
948 1959 1014 2016 τὰ
1057 1958 1342 2036 γενόμενα,
1399 1955 1776 2034 προσελθόντες

90 2055 202 2118 οἷς
253 2053 474 2116 ἐκεῖνος
532 2049 761 2123 ἐνέπνει,
809 2050 897 2106 καὶ
951 2048 1271 2124 θεραπευτὰς
1331 2051 1458 2126 εἶχε
1502 2045 1775 2123 γνησίους,

98 2145 214 2202 Σοὶ
278 2143 413 2222 μὲν,
462 2147 536 2214 τῷ
589 2138 807 2217 βασιλεῖ
857 2137 1086 2215 ἔφησαν,
1147 2135 1352 2201 ἐξουσία
1412 2142 1515 2192 τῶν
1572 2135 1778 2212 ἀνθρω-

97 2237 292 2292 πίνων
355 2231 501 2311 παρά
585 2236 717 2287 Θεοῦ
806 2227 946 2284 ἀλλὰ
1001 2228 1068 2283 τὰ
1118 2234 1225 2284 τῶν
1283 2226 1586 2293 ἐκκλησιῶν
1643 2227 1780 2296 ἡμῖν

102 2321 538 2400 ἐπιτέτραπται.
610 2329 894 2396 Τοιγαρτοι
995 2317 1135 2390 μήτε
1206 2315 1388 2393 ἱερέων
1476 2315 1776 2392 ἱερώτερος,

105 2415 273 2488 μήτε
324 2409 564 2468 κανόνων
597 2405 968 2484 ἀκριϐέστερος
989 2406 1149 2488 -εἶναι
1207 2403 1554 2480 βουλόμενος,
1599 2424 1778 2480 παρα-

105 2481 297 2582 ίχώρει
331 2504 440 2556 τῶν
495 2481 750 2555 τοιούτων
793 2481 955 2569 ἡμῖν.
989 2481 1233 2573 ’Ἐφημεν
1269 2514 1350 2549 σοι
1370 2493 1466 2582 ,καὶ
1498 2492 1777 2582 πρότερον,

107 2580 372 2668 βασιλεῦ,
406 2587 492 2644 ἐπὶ
522 2587 620 2654 τὴν
655 2583 898 2664 κεφαλὴν
930 2583 1024 2649 εἴη
1056 2583 1157 2650 τὴν
1210 2581 1474 2661 ἡμετέραν
1521 2583 1555 2648 ἡ
1590 2580 1780 2638 Ἰωάνο

115 2701 218 2736 νου
279 2677 604 2755 καθαίρεσις,
696 2674 784 2739 Μὴ
849 2675 1021 2728 τοίνυν
1107 2670 1415 2750 φειδόμενος
1490 2677 1581 2727 τοῦ
1636 2671 1777 2743 ἑνὸς,

118 2768 252 2832 τοὺς
306 2766 512 2828 πάντας
566 2761 686 2820 θέλε
746 2761 960 2820 λυπεῖν.
1039 2761 1167 2818 Τότε
1240 2758 1505 2837 παῤῥησίᾳ
1563 2758 1778 2834 πέμψας

124 2859 158 2913 ὁ
211 2855 489 2935 βασιλεὺς,
547 2855 608 2912 Oi
661 2851 952 2930 κατήγοροί
981 2872 1099 2924 σου,
1134 2851 1370 2928 γνωρίζει
1407 2855 1484 2922 τῷ
1514 2849 1777 2928 πατριάρ-

127 2971 237 3026 χῃ,
297 2946 361 3001 τὸ
409 2956 575 3020 κρῖμα
609 2944 672 3000 τὸ
715 2943 830 3013 σὸν,
867 2939 1011 3005 ὅπως
1041 2939 1103 2995 ἂν
1157 2939 1302 3020 ἔχοι,
1338 2940 1426 2995 καὶ
1485 2938 1550 3006 ἢν
1601 2937 1776 2994 ἔθεντο

129 3025 314 3113 ᾧῆςρον
373 3038 470 3096 τῆς
541 3029 922 3109 καθαιρέσεως,
966 3030 1103 3086 κατὰ
1145 3031 1242 3096 τῆς
1302 3030 1506 3084 ἑαυτῶν
1565 3025 1773 3086 ἕλκουσι

1863 2401 1976 2461 rim
1998 2411 2194 2462 autem
2222 2401 2358 2462 dum
2381 2405 2498 2480 jam
2526 2405 2783 2465 venisset
2806 2406 3184 2478 Pentecoste,
3215 2401 3500 2482 quoniam

1863 2489 1994 2573 ﬁeri
2032 2509 2150 2552 non
2201 2499 2452 2570 poterat,
2507 2501 2570 2554 ut
2601 2495 2836 2556 occulto
2868 2493 3111 2554 inimico
3145 2493 3269 2553 haec
3299 2514 3311 2548 ι
3337 2499 3503 2553 ssent

1863 2578 2217 2656 tolerabilia,
2255 2582 2615 2644 accedentes
2645 2584 2708 2655 ii,
2743 2601 2892 2664 quos
2920 2583 3020 2644 ille
3052 2579 3407 2662 inspirabat,
3440 2593 3504 2642 et

1861 2688 1894 2729 a
1914 2669 2132 2749 quibus
2153 2671 2284 2750 ipse
2298 2673 2469 2734 valde
2492 2673 2937 2735 observabatur:
2959 2671 3092 2733 Tibi
3119 2671 3493 2752 quidem,di-

1862 2769 2076 2820 xerunt
2098 2760 2474 2841 imperatori,
2500 2781 2701 2825 rerum
2755 2764 3151 2824 humanarum
3176 2761 3312 2823 data
3343 2768 3433 2822 est
3465 2778 3499 2820 a

1862 2849 1986 2910 Deo
2013 2851 2409 2928 potestas,sed
2435 2851 2840 2914 Ecclesiarum
2865 2871 2963 2914 res
2985 2861 3120 2914 sunt
3140 2850 3314 2913 nobis
3335 2870 3498 2912 com-

1861 2936 2292 3019 misszeJtaque
2318 2959 2433 3001 nec
2456 2941 2872 3003 sacerdotibus
2890 2941 3295 3016 sanctior,nec
3321 2957 3496 3000 canos

1861 3026 2036 3088 nibus
2059 3029 2263 3090 volens
2293 3030 2580 3110 majorem
2629 3031 2849 3093 habere
2893 3032 3330 3104 auctoritatem,
3367 3031 3492 3091 haec

130 3122 396 3204 κεφαλῆς.
429 3125 517 3196 Τῷ
569 3127 685 3193 Θεῷ
745 3121 916 3176 τοίνυν
972 3118 1038 3174 τὰ
1068 3119 1203 3174 κατὰ
1233 3118 1423 3174 σαυτὸν
1454 3117 1768 3194 ἐπιτρέψας,

1859 3117 2626 3210 relinqueepiscopis.Tibi
2659 3121 2899 3202 quidem
2935 3122 3101 3202 prius
3134 3139 3372 3210 quoque
3395 3120 3490 3180 di-

131 3220 232 3280 τῆς
291 3211 617 3279 Ἐκκλησίας
647 3209 933 3276 ἆπόστηθι,
977 3210 1036 3266 Τί
1084 3215 1265 3287 τοῦτο,
1298 3207 1496 3285 ἀνδρῶν
1541 3211 1773 3282 εὐμετα-

133 3303 436 3377 ϐαλώτατε,
459 3303 547 3360 καὶ
576 3299 840 3379 βασιλέων
870 3304 946 3372 τῷ
979 3311 1196 3374 κρατεῖν
1225 3297 1572 3375 ἀγεννέστατε
1615 3316 1630 3370 ;
1659 3304 1774 3362 πῶς

137 3399 183 3470 ᾧ
213 3394 467 3460 τοσαύτην
489 3392 805 3468 εἰσήνεγκας
831 3389 929 3456 τὴν
955 3385 1190 3454 σπουδὴν
1222 3386 1282 3442 ἐκ
1310 3388 1409 3452 τῆς
1446 3383 1774 3464 Ἀντιοχέων

139 3481 623 3559 μετακαλούμενος,
682 3481 771 3534 καὶ
830 3484 1060 3556 Χριστοῦ
1127 3477 1226 3544 τὴν
1285 3473 1612 3542 Ἐκκλησίαν
1675 3497 1773 3531 πι-

147 3574 358 3647 στεύων,
403 3573 493 3629 καὶ
536 3570 598 3626 οὗ
650 3581 841 3647 πεῖραν
900 3565 1033 3633 ὅσην
1069 3564 1229 3645 ἔσχες
1269 3571 1366 3632 τῆς
1395 3565 1614 3642 ἀρετῆς,
1648 3570 1770 3621 τοῦ·

147 3685 234 3720 τον
292 3665 350 3720 οὗ
399 3667 494 3730 τῆς
547 3656 876 3724 Ἐκκλησίας
908 3654 1093 3720 ἅπλῶς
1138 3652 1490 3728 ἐκϐέϐληκας,
1521 3653 1657 3710 ἀλλὰ
1686 3655 1774 3710 καὶ

148 3753 411 3830 ὑπερορίαν
462 3753 622 3809 αὐτοῦ
709 3745 1080 3819 κατεδίκασας,
1169 3742 1331 3821 ἄνδρα
1386 3744 1486 3812 τὴν
1545 3751 1773 3822 Χριστοῦ

147 3842 408 3918 ζημιώσας
467 3838 724 3914 ποίμνην,
787 3838 882 3908 Οὗ,
947 3835 1084 3891 κατὰ
1113 3835 1204 3890 τὸν
1237 3834 1406 3911 μέγαν
1439 3832 1644 3889 Παῦλον
1689 3834 1770 3888 εἰ-

152 3944 292 4002 πεῖν,
325 3927 433 3987 οὐδὲ
464 3931 492 3985 ὁ
523 3933 627 3989 πᾶς
661 3925 862 4000 κόσμος
893 3923 1035 3989 ἄξιος
1067 3943 1084 4000 ;
1119 3922 1286 3980 ’Λλλὰ
1315 3924 1404 3979 καὶ
1454 3923 1511 3980 σὲ
1559 3923 1770 3988 πάντως

152 4020 408 4090 ἠπάτησεν
465 4015 596 4096 Εὕα,
652 4016 687 4083 ἡ
761 4011 1086 4087 δολιωτάτη,
1147 4014 1309 4092 φημὶ,
1388 4014 1675 4090 γυναικῶν,
1736 4014 1770 4080 ἡ

157 4109 365 4189 γνώμην
418 4108 507 4164 καὶ
563 4104 810 4183 γλῶτταν
858 4100 1093 4182 ὀφιώδης
1134 4104 1230 4158 καί
1285 4102 1558 4180 μοχθηρὰ,
1591 4101 1770 4179 ὥσπερ

1857 3209 2116 3282 ximus,o
2141 3208 2556 3288 imperator,in
2577 3220 2843 3272 nostrum
2868 3211 3076 3273 redeat
3112 3218 3286 3289 caput
3307 3209 3495 3271 Joan-

1861 3297 1954 3358 nis
1971 3297 2453 3376 dcpositio.Vide
2474 3316 2726 3376 ergo,ne
2748 3319 2930 3360 unum
2956 3301 3044 3363 sic
3059 3300 3494 3376 complectens,

1859 3404 2068 3446 omnes
2102 3405 2311 3466 pergas
2333 3387 2575 3449 afﬁcere
2609 3389 2868 3453 tristitia.
2901 3388 3029 3452 Non
3079 3388 3337 3469 amplius
3371 3388 3498 3448 haac

1859 3475 2154 3536 sustinere
2184 3485 2415 3556 poterat
2464 3477 2815 3556 imperator,
2851 3479 2954 3539 sed
2991 3478 3262 3558 protinus
3291 3488 3497 3557 aperte

1861 3564 2424 3644 mittens,signiﬁcat
2449 3568 2798 3644 patriarchae
2819 3567 2877 3628 in
2904 3568 3059 3628 hunc
3088 3566 3350 3627 modum:
3386 3566 3496 3626 Ac-

1858 3661 2164 3715 cusatores
2189 3654 2583 3735 tuijudicium
2629 3665 2818 3731 tuum,
2854 3656 3399 3738 quomodocunque
3431 3675 3495 3717 se

1857 3742 2091 3815 habeat,
2120 3752 2176 3804 et
2198 3762 2374 3823 quam
2400 3745 2796 3825 depositionis
2821 3749 3082 3808 tulerunt
3104 3747 3489 3822 sententiam,

1857 3833 2104 3894 trahunt
2124 3833 2185 3894 in
2206 3853 2378 3895 suum
2404 3838 2761 3915 caput.Rem
2787 3837 2987 3918 itaque
3011 3847 3170 3898 tuam
3186 3838 3309 3899 Deo
3332 3855 3493 3898 com-

1858 3922 2123 4003 mittens,
2157 3924 2377 3985 recede
2407 3925 2481 3986 ab
2518 3925 2968 3999 EcclesiaQuid
2998 3927 3132 4007 hoc,
3161 3945 3192 3987 ο
3226 3927 3489 3988 virorum

1856 4011 2030 4090 longe
2063 4013 2546 4087 mutabilisdme,
2595 4026 2653 4076 et
2682 4016 3113 4096 imperatorum
3148 4017 3206 4077 in
3234 4016 3493 4077 admini-

1854 4102 2095 4163 strando
2126 4105 2378 4182 imperio
2403 4105 3122 4188 ignavissime,qu0modo
3145 4107 3238 4168 cui
3263 4114 3490 4167 tantum

159 4199 220 4256 δι’
273 4198 470 4263 ἐκείνης
520 4197 547 4250 ὁ
607 4195 750 4274 ὄφις,
807 4191 975 4256 οὕτως
1036 4191 1170 4258 αὕτη
1220 4189 1304 4249 διὰ
1357 4198 1463 4247 τῶν
1497 4193 1557 4247 o3
1588 4189 1769 4248 καλῶν

1859 4191 2175 4254 adhibuisti
2207 4194 2494 4268 studium,
2530 4215 2664 4256 eum
2697 4215 3018 4259 accersens
3050 4195 3394 4270 Antiochia,
3431 4205 3494 4257 et

159 4287 405 4364 ποιμένων
435 4287 509 4348 εἷς
540 4303 650 4340 ωτα
695 4283 761 4339 τὰ
806 4283 873 4338 σᾶ
915 4279 1226 4351 λαλήσασα.
1286 4282 1495 4338 Τούτων
1541 4283 1567 4336 ὁ
1599 4280 1768 4358 μέγας

1859 4281 2070 4342 Christi
2085 4283 2139 4343 ei
2154 4283 2409 4345 credens
2423 4283 2880 4366 Ecclesiam,cuj
2892 4306 2956 4348 us
2975 4286 3206 4348 virtutis
3225 4305 3340 4346 non
3363 4303 3492 4366 par-

161 4377 387 4450 ἀκούσας,
418 4371 584 4449 μηδὲν
615 4372 924 4450 σκυθρωπὸν
977 4373 1013 4438 ἢ
1064 4369 1296 4444 κατηφὲς
1346 4368 1476 4443 μήτ’
1535 4369 1588 4424 ἐν
1631 4391 1766 4446 καρ-

1859 4387 1982 4430 vum
2003 4371 2572 4454 fecistipericulum,
2611 4394 2745 4436 eum
2793 4396 2909 4436 non
2931 4377 3122 4438 solum
3149 4376 3381 4455 ejecisti
3418 4391 3492 4436 ex

161 4467 236 4540 δίᾳ
279 4464 566 4539 δεξάμενος,
615 4462 744 4537 μήτ’
807 4463 862 4516 ἐν
921 4457 1040 4535 ὄψει
1103 4461 1522 4538 παρασημήνας,
1581 4468 1764 4532 Δεῦτε,

1859 4459 2117 4521 Ecclesia
2157 4480 2170 4523 :
2205 4461 2309 4523 sed
2331 4481 2464 4523 eum
2493 4465 2672 4526 etiam
2700 4465 2885 4526 virum
2915 4466 3167 4546 turpiter
3199 4464 3491 4526 damnasti

163 4569 265 4620 τοῖς
315 4554 422 4632 περὶ
477 4550 636 4608 αὐτόν
693 4549 1007 4612 ἐπισκόποις
1063 4547 1188 4627 ἔφη,
1248 4552 1324 4620 τῷ
1384 4547 1595 4625 ἀγγέλῳ
1669 4549 1766 4614 τῆς

1859 4548 2297 4616 exsili0.Christi
2317 4570 2558 4632 gregem
2575 4554 2791 4615 damno
2807 4555 3223 4634 afﬁcienszquo
3245 4555 3488 4636 quidem

163 4642 454 4712 Ἐκκλησίας
513 4639 616 4708 ἤδη
677 4640 763 4696 καὶ
823 4637 1218 4712 συνταξώμεθα.
1290 4641 1426 4695 Εἶτα
1475 4638 1610 4712 μετὰ
1665 4638 1763 4705 τὴν

1859 4639 2002 4717 viro,
2029 4648 2090 4700 ut
2118 4659 2251 4700 cum
2291 4660 2500 4719 magno
2529 4641 2722 4704 dicam
2764 4644 2962 4714 Paulo,
3001 4663 3077 4706 ne
3107 4645 3320 4723 dignus
3352 4646 3488 4724 qui-

164 4737 460 4806 καθήκουσαν
516 4729 851 4808 προσευχὴν,
907 4725 1081 4784 πολλὰ
1155 4729 1272 4804 περὶ
1337 4725 1432 4796 τῆς
1491 4725 1765 4805 ὁρθοδόξου

1859 4727 1984 4789 dem
2019 4739 2144 4790 erat
2205 4730 2518 4792 universus
2571 4735 2828 4794 mundus
2856 4734 2966 4795 39‘!
3004 4733 3120 4796 Sed
3166 4745 3219 4795 te
3251 4753 3490 4814 quoque

165 4824 532 4902 διαμαρτύρεται
616 4820 870 4892 πίστεως,
956 4819 1046 4873 καὶ
1142 4818 1339 4884 ταύτης
1423 4815 1761 4891 ἀμεταθέτως

1859 4819 2094 4880 omnino
2129 4820 2286 4899 cepit
2321 4821 2551 4882 mulier.
2590 4823 2706 4883 Eva
2733 4841 2942 4885 rursus
2967 4833 3091 4885 tuas
3121 4842 3322 4894 aures,
3357 4842 3489 4902 qum

167 4915 352 4994 ἔχεσθαι
401 4922 678 4991 παραινεῖ,
740 4907 926 4964 ἔπειτα
979 4907 1065 4962 καὶ
1121 4905 1290 4970 πάσας
1321 4907 1502 4968 αὐτοῖς
1534 4905 1760 4983 αἱρέσεις

1859 4918 1983 4970 sunt
2003 4908 2478 4990 faciles,decepil
2503 4913 3253 4994 miserabiliterzquomodo
3279 4932 3388 4994 per
3413 4914 3487 4974 il-

166 5003 464 5082 ἀπαγορεύει,
511 4999 692 5063 Οὕτως
763 4995 978 5073 ὁμιλίας
1035 4995 1216 5075 ἔχοντι
1273 4996 1633 5075 προσέρχεταί
1679 5018 1760 5058 τις

1859 5002 1960 5058 iam
1987 4999 2346 5077 serpens,ita
2372 5001 2498 5080 ipsa
2523 5021 2628 5080 per
2650 5022 2766 5064 non
2789 5003 2979 5064 bonos
2999 5013 3267 5081 pastores
3291 5003 3490 5066 cordis

168 5091 400 5170 ἀγγέλλων
444 5091 535 5146 τὸν
592 5091 820 5162 θεομισῆ
866 5086 1089 5142 Λούκιον
1135 5085 1272 5160 μετὰ
1311 5092 1403 5141 τοῦ
1464 5084 1553 5140 ὑπ’
1605 5086 1761 5143 αὐτὸν

167 5181 507 5260 στρατεύματος
594 5177 882 5256 προσάγειν
983 5173 1122 5231 οὕτω
1207 5174 1708 5252 παρεσκευασμένον
1741 5220 1757 5248 ,

1849 5088 2006 5148 virus
2038 5106 2343 5150 evomens.
2379 5089 2514 5151 llaec
2549 5111 2682 5152 cum
2733 5112 2980 5171 magnus
3011 5094 3110 5154 ille
3141 5093 3485 5168 audivisset,

1846 5177 2008 5238 nullo
2042 5195 2301 5239 maerore
2331 5189 2430 5240 aut
2463 5182 2721 5254 tristitia,
2757 5200 2867 5243 nec
2899 5183 2959 5242 in
3007 5183 3188 5245 corde
3213 5184 3486 5258 affectus,

170 5276 250 5350 ὼς,
279 5270 408 5348 εἴπερ
438 5266 679 5343 ἀναϐάλῃ
729 5267 829 5332 τὴν
883 5262 1080 5337 ἔξοδον,
1118 5267 1206 5321 καὶ
1248 5264 1366 5340 βίαν
1421 5263 1756 5341 ἐπενεγκεῖν,

1859 5284 1955 5327 iec
1989 5265 2152 5328 Vlllln
2184 5285 2302 5346 pra
2333 5286 2395 5329 se
2429 5269 2647 5344 ferens,
2683 5271 2788 5332 sed
2842 5271 3030 5332 virum
3067 5273 3392 5334 ostendens
3425 5273 3486 5334 in

175 5365 247 5418 καὶ
293 5359 387 5435 μεθ’
442 5357 641 5433 ὕϐρεως
702 5354 893 5420 ἐξῶσαι
938 5359 1038 5420 τῆς
1090 5351 1438 5420 Ἐκκλησίας.
1478 5352 1760 5412 Κλονεϊται

1859 5355 2465 5431 .entationibus,sicut
2498 5357 2556 5418 in
2593 5367 2940 5438 tempestate
2966 5361 3430 5438 gubernatorem
3467 5384 3482 5423 :

174 5449 220 5507 δὲ
261 5451 330 5506 καί
376 5450 431 5504 τὸ
469 5445 672 5512 πλῆθος
709 5444 808 5511 τὴν
868 5443 968 5510 σὴν
1002 5444 1104 5520 οὐχ
1135 5443 1255 5499 οἷόν
1299 5464 1354 5498 τε
1385 5443 1444 5498 ὃν
1473 5445 1757 5516 ὑπομεῖναι

1859 5445 2291 5525 Nesteﬁnquit
2315 5447 2439 5508 suis
2462 5449 3134 5529 episcopis,jam-valere
3161 5449 3484 5529 jubeamus

235 5624 287 5677 59
305 5622 464 5689 Hebr.
497 5639 582 5704 χι,
615 5621 719 5685 28.
