3954 6146
55 304 274 376 1185

1171 309 1356 378 VITA
1402 311 1463 378 S.
1507 311 1831 378 IOANNIS
1873 306 2441 374 CHRYSOSTOMI.

3349 309 3500 375 1186

53 449 180 504 καὶ
273 446 479 511 πίσεως
559 445 898 526 γαθυφεῖναι,
974 449 1072 505 Καὶ
1128 450 1206 525 Ῐός
1280 448 1366 505 ἐπὶ
1435 451 1526 505 τὸν
1593 448 1771 526 θρόνον

1861 453 2055 516 gerant
2073 446 2496 503 convenienter
2521 443 2711 501 divino
2735 441 2945 501 Christi
2968 442 3163 508 verbo,
3191 459 3324 501 cum
3348 445 3500 515 ipsas

59 544 308 596 τοῦτον
360 535 448 616 (τὸ
481 536 581 614 γὰρ
633 537 776 593 εἶναι
806 537 906 604 τὴν
954 537 1282 604 Ἐκκλησίαν
1328 537 1526 616 ἔρημον
1558 538 1780 595 ἐπισκό-

59 648 204 684 που
268 627 493 689 πάντως
525 627 620 682 οὐκ
665 624 860 705 ἔσται),
897 627 954 692 ὃς
999 628 1061 683 ἃν
1119 627 1207 684 οὖν
1264 629 1399 684 κατὰ
1427 629 1524 695 τὴν
1569 629 1782 689 πάντων

64 717 421 773 συναίνεσιν
482 713 570 772 ἐπ’
623 716 778 774 αὐτὸν
839 716 1072 796 ἆναχθῇ,
1107 717 1277 791 τούτῳ
1318 721 1554 795 καθάπερ
1581 716 1644 786 δὴ
1688 717 1782 773 καῖ

71 805 234 880 ἐμοὶ
285 805 389 872 την
449 803 688 884 κεφαλὴν
759 806 918 880 ὑμεῖς
977 805 1317 882 ὑποκλίνατε,
1366 809 1456 863 καί
1527 830 1628 883 μου
1685 806 1781 874 τῆς

69 894 346 973 ἀγάπης
407 894 463 950 ἐν
511 909 634 955 ταῖς
687 916 1016 974 προσευχαις
1062 895 1358 971 μέμνησθε.
1394 894 1514 954 Ἐπὶ
1573 897 1782 961 τούτοις

69 983 226 1042 ἐπεὶ
279 987 522 1064 ἰσχυρῶς
566 987 739 1043 αὐτῶν
799 983 834 1051 ἦ
877 982 1022 1051 λυπη
1079 987 1346 1066 καθίκετο,
1392 987 1479 1042 καὶ
1521 999 1639 1050 τοῖς
1683 983 1780 1041 δά-

73 1096 268 1153 κρυσι
353 1073 722 1152 συνεχύθησαν
752 1120 767 1144 ,
846 1072 1030 1152 ἔλεγόν
1102 1095 1160 1130 τε
1229 1074 1329 1142 τὴν
1401 1075 1652 1154 στέρησιν
1723 1079 1782 1134 οῦ

78 1163 369 1243 φορητὴν
433 1165 624 1227 αὐταῖς
698 1165 867 1242 εἶναι,
910 1167 998 1219 καὶ
1067 1176 1183 1228 τοῖς
1254 1165 1383 1222 ποσί
1438 1165 1780 1243 προσέκειντο

78 1254 238 1318 τοῖς
305 1257 469 1312 αὐτου
527 1252 712 1330 γοερὸν
751 1251 1126 1328 ὗλολύζουσαι,
1188 1253 1394 1320 ἐκεῖνος
1438 1253 1531 1312 ita
1576 1256 1654 1330 μὴ
1707 1260 1783 1327 τῷ

80 1341 276 1422 ὄχλῳ
329 1343 463 1419 πρὸς
510 1341 762 1408 αἴσθησιν
824 1342 884 1398 τὸ
927 1348 1150 1421 πρᾶγμα
1199 1344 1364 1399 πεσὸν
1408 1343 1622 1416 θόρυϐον
1678 1344 1780 1421 ἐμ-

81 1429 288 1509 ϐάλῃ,
342 1432 480 1488 νεύει
537 1436 643 1488 τῶν
686 1428 1053 1510 πρεσϐυτέρων
1113 1434 1215 1492 τινὶ
1277 1435 1606 1507 μεταστῆσαι
1651 1435 1782 1491 ταύ-

83 1543 240 1596 θεας,⁹
290 1522 384 1578 καὶ
427 1543 488 1578 το
533 1520 632 1596 μὲν
692 1521 1002 1602 ὑποζύγιον,
1035 1524 1095 1578 οὗ
1141 1523 1230 1579 καὶ
1273 1521 1560 1580 ἐπιϐαίνειν
1614 1525 1782 1580 εἰώθει

91 1610 343 1690 (λαϐεῖν
403 1612 505 1689 γὰρ
562 1607 848 1690 ἠϐούλετο)
927 1613 1060 1689 πρὸς
1111 1625 1232 1677 ταῖς
1295 1611 1532 1676 δυτικαῖς
1592 1612 1781 1678 πύλαις

85 1701 316 1770 στῆναι
389 1698 597 1758 κελεύσι
639 1715 654 1730 ⁸
731 1700 886 1766 αὖτὸς
971 1699 1026 1757 δὲ
1096 1700 1181 1758 διὰ
1262 1707 1369 1760 τῶν
1450 1702 1781 1760 ἀνατολικῶν

1866 547 2104 609 quoque
2130 536 2268 591 tunc
2295 547 2543 605 magnus
2567 528 2667 589 ille
2691 535 3093 590 convocasset:
3117 527 3335 590 Adeste
3358 527 3496 604 huc,

1865 623 2079 704 inquit,
2114 625 2270 698 ﬁliaz,
2303 625 2572 685 animum
2636 622 2780 683 mihi
2831 621 3132 686 adhibete.
3168 627 3290 685 Res
3336 622 3497 684 enim

1867 715 2442 794 nostrmutiquejam
2469 712 2721 774 tendunt
2743 711 2813 772 ad
2859 712 3064 787 ﬁnem,
3099 731 3210 774 nec
3242 731 3335 773 me
3366 730 3498 772 am-

1867 801 2022 882 plius
2040 802 2314 864 videbitis
2340 815 2396 863 in
2422 804 2534 864 hoc
2569 803 2810 864 mundo.
2848 799 3012 862 Hanc
3048 810 3240 862 autem
3274 820 3307 862 a
3335 800 3501 862 vobis

1865 897 2193 954 extremam
2226 911 2369 971 rogo
2403 893 2771 974 petitionem,
2828 901 2890 952 ut
2936 890 3012 952 de
3045 902 3235 954 vestra
3280 891 3343 952 in
3390 890 3499 953 Dei

1866 982 2151 1062 templum
2176 983 2526 1045 assiduitate
2551 990 2608 1044 et
2628 982 2745 1043 ﬁde
2770 981 2914 1043 nihil
2939 981 3352 1054 remittatis,et
3373 983 3499 1062 qui-

1865 1091 2100 1152 cunque
2123 1073 2274 1134 hanc
2300 1074 2504 1135 sedem
2529 1072 2868 1134 ascenderit
2889 1071 3045 1151 (ﬁeri
3065 1071 3223 1132 enim
3249 1090 3366 1132 non
3388 1091 3498 1151 po-

1867 1161 2026 1236 terit,
2065 1170 2130 1222 ut
2164 1162 2426 1224 Ecclesia
2453 1163 2697 1224 omnino
2723 1171 2918 1223 careat
2951 1159 3284 1241 episcopo),
3315 1160 3371 1222 ei
3399 1179 3500 1222 vos

1865 1249 2021 1313 sicut
2055 1252 2198 1312 mihi
2233 1253 2427 1332 capita
2459 1252 2781 1332 inclinetis,
2818 1260 2875 1312 et
2919 1251 3034 1312 mei
3074 1249 3410 1312 dilectionis
3439 1251 3499 1311 in

1868 1341 2145 1420 precibus
2179 1342 2591 1404 memineritis.
2649 1343 2790 1404 Post
2849 1342 2976 1402 haec
3009 1359 3141 1402 cum
3176 1359 3275 1402 eas
3330 1340 3502 1402 dolor

1863 1431 2251 1494 vehementer
2276 1433 2609 1507 invasisset,
2646 1441 2702 1493 et
2748 1431 3018 1511 protinus
3071 1431 3320 1493 fuissent
3353 1450 3502 1493 con—

1864 1519 2012 1581 fusa:
2045 1521 2343 1601 lacrymis,
2379 1531 2436 1582 et
2466 1521 2741 1582 dicerent
2776 1521 2905 1599 ejus
2937 1519 3330 1599 privationem
3383 1539 3504 1581 non

1867 1610 2122 1671 futuram
2151 1612 2236 1672 eis
2257 1610 2654 1684 tolerabilem,
2689 1618 2747 1672 et
2777 1611 2908 1689 ejus
2941 1607 3125 1688 pedes
3157 1621 3498 1687 pensarent,

1865 1699 2156 1780 ejulantes
2180 1701 2839 1781 miserabiliter,ille,ne
2862 1700 2910 1760 si
2926 1700 3180 1780 populus
3203 1700 3260 1761 id
3285 1699 3505 1762 sensis-

88 1788 308 1862 ἔξεισι,
366 1793 454 1846 καὶ
515 1790 651 1864 μετὰ
693 1789 887 1868 ὀλίγων
941 1797 1100 1848 τινῶν
1175 1793 1306 1870 πρὸς
1377 1793 1469 1848 τὸν
1540 1792 1771 1871 αἰγιαλὸν

1864 1797 1976 1864 set,
2009 1790 2607 1865 aﬂ‘errettumultum,
2636 1789 2847 1852 annuit
2875 1788 2979 1851 uni
3002 1807 3070 1850 ex
3105 1788 3501 1871 presbyteris,

89 1880 440 1959 καταχθεὶς,
477 1877 688 1939 ἔπλεεν.
725 1877 878 1936 Ἀλλ’
936 1884 1052 1938 οἷον
1086 1880 1183 1959 ἄρα
1242 1885 1338 1938 γαλῐ
1385 1882 1608 1957 μνήμης
1638 1881 1778 1948 ἄξιον

96 1973 186 2036 εἷς
242 1969 481 2050 ἔλεγχον
515 1975 614 2036 τῆς
649 1974 754 2026 τῶν
787 1973 1084 2049 μοχθηρῶν
1127 1974 1316 2036 κακίας
1348 1974 1374 2028 6
1419 1970 1578 2051 λόγος
1613 1974 1777 2029 σπεύ-

101 2057 223 2118 δων
257 2061 456 2137 μικροῦ
507 2063 602 2116 καὶ
636 2058 986 2141 παρέδραμες
1049 2063 1120 2119 Τὸ
1165 2063 1264 2140 γὰρ
1309 2064 1541 2139 πονηρὸν
1599 2062 1777 2120 έκεῖνο

99 2146 412 2226 συνέδριον,
467 2148 588 2205 ἐπεὶ
664 2146 768 2205 ἔδει
827 2149 965 2224 μεσὰ
1021 2157 1126 2206 τῶν
1192 2149 1369 2206 ἄλλων
1440 2153 1515 2205 ὧν
1574 2149 1776 2229 ἐπῆγον

99 2244 189 2312 τῷ
234 2238 377 2316 ἁγίῳ
419 2238 621 2312 κακῶν,
671 2237 808 2314 μηδέ
837 2238 1008 2318 φόνου.
1029 2241 1215 2303 αὐτοὺς
1247 2238 1608 2320 ἀποσχέσθαι,
1641 2239 1778 2296 ἀλλὰ

100 2329 205 2385 καὶ
267 2329 364 2384 τὸν
437 2327 521 2384 διὰ
580 2325 755 2408 ξίφους
813 2327 1072 2396 ὠδινῆσαι
1133 2328 1255 2386 κατ’
1314 2331 1474 2386 αὐτοῦ
1530 2331 1772 2404 θάνατον,

103 2415 336 2485 οἰκέτης
393 2423 499 2475 τῶν
572 2439 713 2481 τινος
775 2416 1165 2496 πρεσϐυτέρων,
1243 2417 1512 2480 Ἐλπίδιος
1583 2419 1776 2495 ὄνομα,

106 2509 460 2578 πεντήκοντα
504 2507 849 2582 νομισμάτων
903 2507 994 2563 ὑπ’
1051 2506 1290 2584 ἐκείνων,
1347 2507 1490 2587 φεῦί
1548 2509 1644 2576 τὴν
1688 2507 1776 2564 δε-

108 2597 233 2662 ξιὸν
306 2598 617 2677 μισθωθεὶς,
690 2595 1087 2656 ἐπιϐουλεύσειν
1159 2596 1353 2671 ἔμελλε
1423 2605 1499 2671 τῷ
1567 2597 1772 2672 δικαίῳ,

107 2688 205 2744 καὶ
257 2687 517 2767 φωραθείς
581 2685 724 2766 (οὐδὲ
767 2687 869 2765 γὰρ
912 2687 1118 2766 ἀφῆκεν
1191 2687 1279 2752 οἷς
1336 2686 1456 2745 οἵδε
1502 2687 1684 2766 λόγοις
1739 2689 1774 2756 ἡ

107 2776 331 2833 πάντων
391 2775 808 2855 ἐπιτροπεύουσα
881 2777 1133 2856 Πρόνοια)
1192 2777 1361 2842 ἐνίους
1435 2783 1541 2834 τῶν
1599 2799 1770 2834 κατα-

109 2866 368 2945 σχόντων
411 2865 500 2929 oi:
556 2865 686 2945 εἶχε
744 2864 932 2945 ξίφεσι,
980 2867 1103 2932 τοὺς
1143 2867 1240 2942 μὲν
1298 2866 1504 2941 ἀνεῖλε,
1539 2867 1660 2931 τοὺς
1719 2865 1775 2922 δὲ

111 2960 203 3013 καὶ
239 2955 498 3035 χαλεπῶς
529 2954 784 3022 ἔπληξεν.
831 2954 986 3014 Ἀλλ’
1017 2956 1156 3013 οὕτω
1187 2959 1287 3033 μὲν
1333 2959 1360 3013 6
1393 2957 1562 3034 μέγας
1596 2955 1772 3034 ἔπλει,

112 3046 207 3102 καὶ
287 3047 410 3125 πρὸς
482 3046 582 3113 τὴν
644 3046 924 3123 ὑπερορίαν
995 3045 1266 3125 ἀπήγετο,
1335 3037 1526 3114 Ἠδονὴ
1589 3046 1642 3102 δὲ
1713 3048 1775 3103 τὸ

1864 1888 2044 1941 uteas
2061 1879 2384 1942 abduceret
2419 1889 2516 1940 :et
2538 1881 2879 1959 jumentum
2917 1879 3180 1960 quidem,
3213 1879 3370 1960 quod
3398 1899 3501 1940 so-

1862 1969 2020 2031 lebat
2045 1969 2373 2031 ascendere
2411 1969 2669 2049 (volebat
2693 1969 2852 2031 enim
2883 1972 3112 2045 latere),
3127 1971 3306 2049 jussit
3326 1972 3501 2032 statui

1862 2059 1932 2120 ad
1969 2069 2164 2139 portas
2223 2058 2642 2122 Occidentales
2681 2078 2694 2122 :
2750 2061 2877 2140 ipse
2906 2067 3103 2121 autem
3140 2077 3244 2139 per
3277 2067 3502 2138 portam

1861 2150 2223 2211 Orientalem
2250 2150 2426 2212 simul
2449 2158 2921 2228 estegressus,et
2945 2169 3076 2211 cum
3106 2151 3307 2230 paucis
3321 2149 3501 2213 adlit-

1863 2247 1955 2300 tus
1974 2239 2593 2319 deductusuavigavit.
2629 2239 2744 2302 Sed
2770 2239 3001 2320 qualem
3045 2257 3197 2314 rem,
3235 2247 3292 2300 et
3321 2257 3500 2316 quam

1862 2328 2266 2409 dignam,quae
2293 2338 2796 2391 commemoretur
2820 2329 2893 2390 ad
2931 2329 3105 2409 plane
3137 2328 3498 2408 arguendam

1862 2421 2261 2491 improborum
2280 2421 2858 2489 malitiam,testinans
2874 2422 3058 2478 oratio
3083 2420 3500 2490 propemodum

1864 2507 2277 2585 praetermisit?
2299 2507 2638 2588 Improbum
2659 2505 2818 2568 enim
2841 2506 2987 2567 illud
3010 2504 3500 2580 concilium,cum

1860 2604 2163 2677 oporteret
2184 2617 2317 2659 cum
2343 2598 2476 2659 aliis
2501 2596 2692 2671 malis,
2712 2615 2846 2672 quae
2869 2604 3075 2656 sancto
3101 2593 3497 2670 intentabant,

1859 2703 1936 2748 ne
1955 2688 2116 2766 ipsos
2139 2688 2378 2767 quidem
2401 2707 2436 2748 a
2453 2688 2613 2750 caede
2636 2685 3077 2759 abstinere,sed
3098 2685 3277 2748 etiam
3295 2684 3500 2765 inique

1857 2775 2053 2854 gladio
2079 2777 2304 2839 caedem
2328 2778 2387 2837 in
2413 2795 2547 2838 eum
2582 2775 3165 2858 parturire,famulus
3187 2775 3496 2854 cujusdam

1859 2883 1926 2926 ex
1945 2865 2574 2946 presbyterismomine
2590 2864 3314 2946 Elpidius,quinquaginta
3332 2881 3500 2925 num-

1860 2955 1994 3030 mis,
2027 2957 2176 3035 proh
2209 2955 2398 3029 dolor,
2466 2955 2539 3018 ab
2597 2955 2718 3018 illis
2776 2955 3136 3032 conductus,
3197 2963 3328 3016 erat
3378 2953 3500 3015 viro

1851 3045 2014 3124 justo
2050 3052 2357 3121 paraturus
2393 3045 2667 3108 insidias.
2706 3045 2817 3118 Qui
2863 3045 3108 3126 quidem
3149 3044 3497 3127 deprehen-

114 3134 325 3204 πλῆθος
377 3136 467 3191 καὶ
522 3133 668 3202 λύπη
712 3131 1086 3214 διεμερίζοντο·
1141 3134 1283 3205 λύπη
1342 3135 1464 3211 μὲν,
1513 3136 1636 3200 τοὺς
1682 3137 1771 3193 £6-

1861 3152 1963 3195 sus
1989 3134 2216 3214 (neque
2249 3136 2408 3197 enim
2469 3135 2898 3224 quibus‘novit
2947 3135 3302 3210 rationibus,
3365 3136 3504 3198 sivit

115 3224 294 3288 σεέετς
351 3246 410 3281 τε
464 3225 553 3281 καὶ
611 3222 917 3303 ὀρθοδόξους
973 3247 1062 3282 και
1127 3227 1250 3286 τοὺς
1296 3233 1530 3306 χρυσοῦς
1573 3225 1774 3282 ἐκείνου

117 3313 314 3394 λόγους
374 3315 742 3389 ζημιωθέντας
782 3316 920 3390 μετὰ
964 3320 1066 3383 τῆς
1117 3321 1321 3393 σεμνῆς
1353 3315 1547 3392 ὄψεωςο
1609 3314 1774 3384 ἦδονῆ

119 3402 177 3459 δὲ
243 3402 520 3468 Ἰουδαίους
565 3405 654 3461 καὶ
697 3403 996 3484 Ἕλληνας,
1061 3406 1148 3472 οἷς
1201 3408 1287 3462 καὶ
1347 3407 1420 3470 εἷς
1471 3405 1660 3484 ἑορτὴν
1717 3407 1776 3463 τὸ

121 3499 343 3572 πρᾶγμα
399 3494 662 3568 κατέστη,
701 3496 824 3560 τοὺς
885 3495 1145 3574 ἐλέγχους
1205 3496 1403 3560 πάντος
1437 3500 1536 3562 τῆς
1574 3493 1777 3552 ἐκείνου

126 3582 372 3661 γλώττης
417 3583 779 3665 διαφυγοῦσιν,
827 3585 954 3642 ὡσεὶ
1011 3583 1147 3660 βελη
1208 3585 1260 3640 ἐν
1333 3584 1482 3664 χειρί
1555 3583 1774 3641 δυνατοῦ

125 3670 252 3736 ταϐς
311 3672 548 3745 καρδίαις
606 3673 942 3755 ἀφιεμένους·
982 3673 1036 3730 οἵ
1093 3675 1186 3732 καί
1246 3680 1643 3751 κατεμωκῶντο
1685 3675 1773 3732 καὶ

127 3762 467 3837 κατέπαιζον,
513 3765 604 3821 καὶ
660 3763 827 3822 πολὺν
883 3763 1093 3843 γέλωτα
1131 3769 1229 3832 τῆς
1274 3770 1379 3822 τῶν
1435 3765 1770 3844 κρατούντων

126 3853 383 3934 κατέχεον
439 3856 712 3930 εὐηθείας,
747 3856 821 3918 ὡς
879 3860 1068 3933 μικροῦ
1119 3855 1207 3911 καὶ
1267 3851 1332 3910 δι’
1390 3853 1578 3911 οἴκτου
1631 3855 1772 3911 τὶθε-

125 3947 242 4001 σθαι
271 3946 366 4011 τὴν
400 3951 504 4001 τῶν
538 3949 866 4023 Χριστιανῶν
898 3943 1195 4023 συμφοράν,

1859 3242 1994 3285 eum
2024 3223 2210 3286 latere
2239 3223 2348 3285 Dei
2384 3217 2782 3304 providentia)
2814 3225 3132 3286 nonnullos
3162 3242 3232 3286 ex
3265 3225 3358 3302 iis,
3393 3226 3496 3306 qui

1859 3332 1996 3376 eum
2049 3314 2652 3393 comprehenderant,
2711 3316 2784 3375 iis
2833 3334 2984 3395 quos
3016 3314 3221 3376 habuit
3254 3315 3497 3376 ensibus

1860 3401 2158 3465 interfecit
2192 3421 2205 3464 :
2268 3404 2418 3464 alios
2467 3412 2661 3466 autem
2693 3406 2954 3482 graviter
2985 3403 3342 3464 vulneravit.
3378 3406 3498 3466 Sed

1860 3491 1960 3553 ille
1991 3490 2230 3574 quidem
2267 3511 2516 3570 magnus
2559 3493 2647 3554 sic
2698 3491 3008 3570 navigabat
3067 3501 3126 3552 et
3183 3491 3384 3554 abibat
3438 3495 3500 3556 in

1860 3581 2159 3663 exsilium,
2214 3581 2474 3662 populus
2530 3591 2726 3644 autem
2777 3583 2995 3661 partim
3030 3581 3255 3658 laetitia,
3291 3583 3499 3662 partim

1857 3671 2066 3734 dolore
2116 3671 2484 3733 afﬁciebatur
2520 3693 2533 3734 :
2579 3671 2785 3734 dolore
2819 3670 3060 3752 quidem
3099 3671 3203 3751 pii,
3240 3673 3342 3751 qui
3378 3672 3502 3753 pri-

1856 3762 1971 3824 vati
2012 3771 2181 3823 erant
2229 3760 2509 3822 suavibus
2540 3761 2699 3822 illius
2735 3758 3109 3822 orationibus
3142 3779 3275 3822 cum
3312 3780 3496 3823 vene-

1857 3853 2046 3915 rando
2067 3861 2350 3932 aspectu:
2388 3851 2589 3914 laetitia
2617 3871 2757 3914 vero
2781 3851 2970 3914 Judaei
3003 3859 3061 3912 et
3086 3852 3499 3935 gentiles,qui-

1859 3941 1970 4004 bus
2001 3943 2128 4003 hmo
2156 3961 2252 4004 res
2280 3941 2412 4003 dies
2443 3949 2570 4003 erat
2612 3942 2819 4015 festus,
2855 3949 2919 4002 ut
2970 3941 3069 4022 qui
3104 3941 3260 4004 illius
3295 3944 3497 4023 lingua

122 4031 905 4127 reprehensionesomnino
942 4031 1331 4127 effugissent:
1392 4033 1922 4113 reprehensiones,
1960 4033 2226 4127 inquam,
2263 4031 2858 4127 quaepnquamtela
2890 4031 2950 4091 in
2987 4050 3161 4127 manu
3214 4037 3496 4127 potentis,

128 4131 193 4184 ut
222 4141 353 4185 cum
384 4121 589 4186 divino
619 4122 814 4194 dicam
843 4121 1066 4185 Davide
1094 4124 1176 4199 ιο,
1211 4123 1272 4186 in
1305 4123 1489 4185 corda
1523 4141 1730 4186 eorum
1758 4121 2233 4184 immittebantur
2269 4143 2282 4184 :
2316 4121 2418 4201 qui
2451 4130 2509 4184 et
2537 4120 2892 4195 irridebant,
2929 4129 2985 4182 et
3013 4120 3495 4202 ludiﬁcabantur,

136 4222 192 4276 et
218 4214 277 4274 in
318 4212 650 4294 principum
679 4211 984 4275 stultitiam
1015 4211 1202 4275 risum
1234 4212 1620 4276 effundebant
1671 4213 2016 4287 maximum,
2057 4219 2118 4273 ut
2149 4209 2619 4274 Christianorum
2654 4210 3010 4276 calamitatis
3062 4215 3497 4295 propemodum

135 4308 304 4366 etiam
335 4303 718 4366 miserentur.

211 4393 301 4453 ΙΨ.
346 4392 626 4473 Ἐξαίφνης
687 4391 742 4450 δὲ
803 4394 1003 4472 γίνεταί
1032 4417 1079 4451 τι
1139 4400 1359 4474 πρᾶγμα
1403 4393 1623 4474 φοϐερὸν
1681 4397 1766 4452 καὶ

1933 4391 1999 4455 L.
2021 4390 2112 4455 Fit
2132 4400 2328 4454 autem
2354 4393 2550 4453 statim
2577 4410 2672 4454 res
2693 4391 2964 4472 quaedam
2990 4391 3299 4470 terribilis,
3332 4393 3383 4455 si
3405 4395 3496 4458 vel

137 4483 292 4563 μέχρι
322 4487 418 4552 τῆς
462 4482 631 4551 ἀκοῆς
679 4483 995 4564 ἐρχόμενον,
1031 4491 1122 4542 τοῦ
1179 4491 1311 4542 Θεοῦ
1337 4485 1551 4547 πάντως
1608 4483 1774 4548 οὕτως

139 4576 554 4653 οἷκονομοῦντος,
625 4573 808 4650 ὥσπερ
878 4575 969 4631 τόν
1039 4575 1259 4650 σεισμὸν
1344 4575 1623 4654 πρότερον,
1699 4575 1774 4636 εἷς

143 4661 282 4729 δόξαν
341 4663 440 4738 μὲν
493 4663 604 4721 τῶν
678 4665 839 4722 αὖτοῠ
907 4664 1268 4744 θεραπόντων,
1332 4662 1495 4744 φόϐον
1565 4662 1618 4719 δὲ
1688 4664 1775 4720 καὶ

144 4754 466 4822 συναίσθησιν
539 4759 648 4813 τῶν
725 4752 926 4835 σφόδρα
1011 4753 1299 4832 τολμηρῶν
1371 4756 1458 4812 καὶ
1513 4754 1771 4834 θρασέων,

147 4845 417 4926 μονονουχῖ
488 4843 625 4920 μετὰ
695 4841 790 4901 τοῦ
862 4841 1026 4902 Δαϐὶδ
1087 4845 1374 4924 κηρύττον⁶
1465 4846 1523 4903 Οἱ
1596 4867 1772 4924 παρα-

147 4934 492 5012 πικραίνοντες
552 4934 630 5010 μὴ
686 4935 1034 5010 ὕψούσθωσαν
1079 4933 1133 4990 ἐν
1177 4935 1414 5000 ἑαυτοῖς.
1465 4934 1642 5002 Αὐτῆς
1675 4935 1775 5012 γὰρ

146 5022 356 5101 ἡμέρας,
400 5022 528 5081 καθ’
566 5023 635 5092 ἢν
691 5026 720 5081 6
752 5023 921 5103 μέγας
950 5028 1053 5094 τῆς
1103 5021 1427 5092 ’Βκκλησίας
1458 5023 1647 5102 ἀστὴρ,
1680 5024 1776 5081 οἷα

149 5112 265 5191 πρός
304 5133 448 5180 τινας
505 5111 708 5190 δυσμὰς
751 5114 850 5180 τὴν
879 5109 1158 5194 ὑπερορίαν
1210 5114 1431 5195 ἐχώρει,
1466 5119 1567 5192 πῦρ
1622 5117 1767 5170 θετον

151 5203 205 5260 ἐκ
247 5203 399 5280 μέσου
427 5209 520 5261 τοῦ
547 5203 754 5280 θρόνου,
785 5205 831 5276 ᾧ
871 5202 1231 5283 προσεδρεύων
1285 5203 1381 5267 τὰς
1427 5203 1572 5280 ἱερὰς
1631 5203 1768 5274 ἐπή-

151 5300 264 5373 γαζε
315 5291 561 5374 διδαχὰς,
594 5289 684 5349 ὑπ’
729 5290 975 5368 οὐδεμιᾶς
1005 5293 1192 5372 χειρὸς
1245 5291 1490 5374 ὰναφθέν,
1525 5289 1610 5348 διὰ
1665 5299 1771 5349 τῶν

152 5385 289 5464 ἱερῶν
335 5381 575 5440 ἁλύσεων
629 5381 882 5461 ἆνετρπεν
931 5383 1004 5446 εἷς
1047 5380 1206 5458 ὕψος.
1242 5382 1377 5439 Εἶτα
1430 5382 1531 5450 τὴν
1576 5381 1771 5461 στέγην

152 5473 406 5555 διαφαγδν,
466 5473 606 5530 κατὰ
649 5477 756 5530 τῶν
820 5471 1004 5529 νώτων
1057 5477 1166 5528 τῶν
1244 5475 1454 5529 σεπτῶν
1510 5469 1770 5548 δωμάτων

157 5562 353 5647 ὶχῶρει,
414 5562 688 5621 Ἐντεῦθεν
763 5560 963 5639 ἄνεμος
1024 5561 1124 5629 τὴν
1197 5559 1365 5640 γλόγα
1423 5559 1766 5638 παραλαϐὼν,

224 5697 276 5752 ιο
304 5696 460 5763 Paul.
493 5711 691 5775 uxvr,
724 5696 786 5763 4.
867 5695 923 5748 41
954 5693 1112 5762 Psal.
1143 5710 1284 5776 ειν,
1309 5695 1373 5758 7.

1860 4484 2053 4546 solum
2084 4482 2156 4543 ad
2188 4501 2364 4544 aures
2398 4481 2853 4562 perveniat,Deo
2876 4482 3003 4544 haec
3039 4483 3496 4566 providente,si-

1857 4579 1960 4636 cut
1989 4573 2167 4636 etiam
2201 4576 2370 4652 prius
2402 4582 2574 4634 terra:
2607 4572 2938 4648 motum,ad
2970 4573 3218 4652 gloriam
3251 4575 3498 4656 quidem

1857 4682 2103 4727 suorum
2135 4663 2755 4737 famulorum,metum
2791 4670 2992 4724 autem
3027 4671 3085 4724 et
3111 4665 3496 4728 conscientiae

1857 4762 2145 4816 terrorem
2171 4753 2513 4833 eorum,qui
2535 4761 2673 4815 sunt
2695 4752 2952 4814 audaces
2974 4761 3032 4814 et
3059 4754 3496 4836 temerarii,qui

1857 4843 2032 4904 etiam
2068 4844 2498 4922 propemodum
2555 4841 2863 4906 emittebat
2911 4861 3114 4904 vocem
3148 4843 3386 4906 Davidis
3413 4844 3494 4921 4‘,

1864 4958 1886 4990 ε
1925 4933 2040 5006 Qui
2069 4933 2452 5006 exacerbant,
2490 4952 2565 4994 ne
2597 4933 2962 4996 extollantur
2989 4932 3050 4994 in
3080 4934 3320 5014 seipsis.
3349 4960 3376 4990 n
3412 4933 3496 4996 Eo

1859 5023 2019 5084 enim
2053 5022 2300 5102 die,quo
2331 5041 2545 5100 magna
2577 5022 2676 5083 illa
2698 5023 2870 5084 stella
2900 5022 3394 5098 Ecclesiameluti
3420 5027 3493 5088 ad

1852 5113 2170 5194 quemdam
2197 5131 2472 5174 occasum
2500 5113 2620 5173 ibat
2650 5113 2709 5173 in
2740 5114 3038 5189 exsilium,
3074 5115 3230 5194 ignis
3261 5115 3495 5178 divinus

1853 5221 1928 5264 ex
1960 5201 2063 5263 illa
2092 5203 2258 5282 sede,
2291 5201 2350 5262 in
2411 5221 2524 5283 qua
2573 5202 2844 5263 assidens
2887 5221 3117 5264 sacram
3149 5205 3491 5268 eﬂ‘undebat

1853 5291 2252 5366 doctrinam,a
2276 5291 2436 5352 nulla
2467 5309 2644 5352 manu
2678 5310 3104 5372 accensus,per
3125 5313 3324 5357 sacras
3347 5304 3503 5359 cate-

1853 5398 1965 5444 nas
1984 5381 2176 5461 serpit
2200 5380 2262 5441 in
2284 5380 2488 5443 altum.
2520 5380 2751 5442 Deinde
2773 5400 2906 5443 cum
2934 5388 3152 5444 tectum
3178 5385 3496 5462 exedisset,

1853 5469 2147 5552 processit
2167 5488 2275 5548 per
2293 5489 2590 5532 summam
2620 5470 2998 5551 superﬁciem
3023 5473 3498 5538 venerandarum

1853 5559 2066 5622 aedium
2082 5559 2255 5621 .Hinc
2278 5578 2412 5621 cum
2438 5559 2767 5621 vehemens
2786 5570 2995 5623 ventus
3018 5563 3319 5625 ﬂammam
3339 5563 3502 5625 inva-
