3954 6146
184 222 353 289 1189

1238 220 1428 287 VITA
1479 221 1539 285 S.
1582 213 1909 285 JOANNIS
1952 213 2507 282 CHRYSOSTOMI.

3402 214 3562 279 1190

185 384 290 419 του
347 359 444 418 οὐκ
496 359 778 435 ὀδωδότος,
840 357 959 417 οὐδὲ
1036 359 1467 428 κατεσκληκότος
1524 356 1883 435 μετέλαϐον,ἑ

1954 357 2270 434 ragmeotis
2299 350 2620 423 doliorum,
2672 348 2777 410 sed
2808 347 3008 412 inveni
3037 346 3315 412 balneum
3348 353 3559 433 quale-

189 449 279 507 ὅτι
327 450 502 507 οὐκέτι
561 450 616 506 ἐν
674 464 791 513 τοῖς
849 448 1121 525 κλάσμασι
1174 455 1281 507 τῶν
1324 449 1490 507 πίθων
1546 448 1832 523 ἐλουόμην,

1920 463 2180 525 cunque,
2211 441 2368 523 quod
2406 448 2546 501 tunc
2569 437 2713 499 mihi
2736 457 3093 501 concessum
3123 439 3234 500 fuit
3260 440 3413 503 lecto
3437 444 3563 505 afﬁ-

192 538 322 596 ἆλλ’
369 539 518 617 εὗρον
561 538 847 616 βαλανεῖον
878 539 996 596 οἷον
1028 537 1253 613 δήποτε,
1287 537 1369 595 ὅτι
1413 539 1838 619 συγκεχώρημαι

1958 540 1997 597 ἰ.
2033 533 2306 595 Poteram
2333 529 2428 593 his
2450 529 2619 610 plura
2641 528 2844 591 dicere
2876 550 2889 592 :
2918 529 3024 591 sed
3057 547 3132 590 ne
3170 530 3419 593 nimium
3447 533 3563 597 sim

192 629 334 690 τέως
393 634 461 705 τῇ
503 627 658 705 κλίνῃ
696 628 1100 707 προσηλῶσθαι.
1143 626 1305 695 Ἐνῆν
1347 629 1435 684 καὶ
1464 627 1683 689 πλείονα
1712 629 1839 686 τού-

197 741 312 776 των
355 719 554 798 εἰπεῖν,
591 717 711 775 ἀλλ’
740 717 836 775 ’ίνα
861 718 940 794 μὴ
971 716 1169 797 σφόδρα
1208 717 1456 794 λυπήσω,
1509 717 1674 798 μέχρι
1713 719 1838 775 τού-

198 831 313 867 των
367 808 564 884 ’ίστημι
633 807 811 865 ἐκεῖνο
871 809 1167 887 προστιθείς
1201 823 1215 838 ⁸
1306 807 1389 864 ὅτι
1459 810 1537 882 μὴ
1602 808 1843 875 παύσητε

202 895 549 969 ὀνειδίζοντες
618 898 739 964 τοὺς
796 896 1115 976 ἀγαπῶντας
1185 899 1353 973 ἡμᾶς.
1410 899 1700 962 Τοσούτους
1744 898 1845 974 γὰρ

202 987 430 1068 ἔχοντες
488 987 736 1067 ἐραστὰς,
796 988 885 1045 καὶ
918 987 1182 1054 τοσαύτην
1240 985 1459 1064 δύναμιν
1515 985 1845 1066 περιϐεϐλη-

206 1080 430 1159 μένους,
494 1078 611 1135 οόδὲ
655 1082 830 1137 αὐτῶν
872 1078 1237 1159 τυγχάνομεν,
1296 1081 1368 1136 ὧν
1412 1079 1771 1158 τυγχάνουσιν
1802 1077 1851 1133 οἱ

207 1166 510 1242 κατάδικοι,
557 1166 694 1226 ὥστε
740 1169 815 1233 εἷς
871 1167 1211 1248 ἡμερώτερον
1260 1170 1348 1224 καὶ
1411 1167 1692 1248 ἐγγύτερόν
1749 1189 1853 1224 που

207 1256 663 1326 καταδικασθῆναι
718 1256 885 1315 τόπον
919 1273 934 1288 ”
982 1256 1120 1315 ἀλλᾶ
1172 1258 1261 1315 καὶ
1308 1265 1400 1316 τοῦ
1431 1256 1684 1334 σώματος
1711 1259 1853 1333 ἡμῖν

208 1347 677 1427 ἀπαγορεύσαντος
710 1394 728 1421 ,
813 1349 907 1407 καί
992 1370 1087 1405 του
1168 1345 1333 1428 φόϐου
1413 1354 1520 1405 τῶν
1604 1345 1855 1427 ’[σαύρων

211 1437 390 1495 πάντα
439 1437 876 1518 πολιορκοὸντος,
933 1438 1032 1507 τῆς
1092 1443 1283 1518 μικρᾶς
1365 1438 1565 1506 ταύτης
1622 1438 1713 1494 καὶ
1761 1439 1851 1494 εὖ·

211 1526 402 1592 τελοῦς
445 1528 540 1585 οὐκ
596 1526 931 1608 ἐπετύχομεν
975 1527 1227 1607 χάριτος.
1286 1527 1423 1593 Δόξα
1474 1534 1552 1602 τῷ
1610 1534 1726 1602 Θεῷ
1769 1528 1853 1584 καὶ

215 1616 306 1673 διὰ
348 1622 502 1675 τοῦτο
534 1632 548 1649 ⁸
583 1619 644 1675 οὐ
702 1618 976 1694 παυόμεθα
1033 1618 1133 1697 γὰρ
1178 1618 1336 1674 αὑτὸν
1377 1616 1463 1674 ἐπὶ
1505 1623 1637 1674 πᾶσι
1696 1615 1857 1682 δοξά-

1923 621 2234 695 molestus,
2267 621 2579 699 hucusque
2611 618 2782 693 sisto,
2815 618 2961 681 illud
2995 618 3413 701 addens,quod
3445 642 3566 685 non

1924 712 2172 775 cessetis
2203 708 2566 789 exprobrare
2595 708 2802 789 iis;qui
2828 726 2936 769 nos
2966 707 3398 786 diligunt.Nam
3427 731 3566 776 cum

1928 810 2044 865 tam
2076 800 2294 862 multos
2324 797 2678 873 habeamus,
2711 797 2817 875 qui
2850 817 2957 860 nos
2987 808 3281 876 amant,et
3312 821 3566 883 quorum

1930 904 2021 955 est
2044 900 2203 953 tanta
2236 888 2521 969 potentia,
2561 907 2636 950 ne
2666 906 2736 950 ea
2762 886 3002 968 quidem
3030 892 3408 968 assequimur
3437 913 3571 974 quae

1931 978 2408 1055 condemnati,ut
2434 979 2492 1039 in
2522 978 2822 1039 mitiorem
2853 990 2909 1038 et
2936 981 3423 1060 propinquiorem
3456 984 3568 1044 ali-

1934 1090 2111 1153 quem
2146 1070 2342 1135 locum
2373 1069 2734 1147 relegemur:
2771 1066 2876 1129 sed
2908 1086 3041 1129 cum
3067 1078 3128 1131 et
3159 1089 3376 1150 corpus
3400 1074 3574 1136 nobis

1935 1164 2014 1225 sit
2036 1162 2429 1236 defessum,et
2450 1167 2645 1221 metus
2668 1157 3011 1220 Isaurorum
3045 1159 3247 1221 omnia
3277 1162 3569 1242 obsideat,

1937 1254 2090 1316 hanc
2114 1269 2350 1334 partam
2372 1251 2620 1313 etvilem
2647 1248 2893 1329 gratiam
2920 1268 3039 1310 non
3062 1268 3269 1312 sumus
3286 1256 3572 1318 assecuti.

1938 1346 2063 1407 Deo
2090 1341 2471 1423 propterghoc
2497 1359 2734 1423 quoque
2756 1339 2834 1400 sit
2862 1338 3069 1417 gloria.
3104 1340 3235 1401 Non
3266 1361 3574 1408 cessamus

1940 1434 2099 1497 enim
2135 1451 2269 1495 eum
2303 1432 2636 1510 gloriﬁcare
2662 1435 2723 1491 in
2754 1428 3056 1490 omnibus.
3078 1432 3165 1490 Sit
3200 1450 3419 1494 nomen
3449 1435 3578 1514 ejus

1941 1524 2326 1587 benedictum
2361 1523 2424 1583 in
2472 1520 2693 1583 saecula
2732 1518 3112 1581 saeculorum.
3159 1521 3388 1602 Aperte
3418 1526 3578 1586 enim

1940 1612 2339 1689 scitis,o'mnia
2364 1629 2497 1674 esse
2521 1610 2697 1692 plena
2717 1608 3072 1670 tumultibus
3093 1618 3148 1671 et
3182 1611 3585 1691 perturbatio-

216 1713 425 1778 ζοντες.
474 1706 578 1775 Εἰή
638 1708 700 1763 τὸ
759 1706 928 1783 ὄνομα
976 1706 1136 1766 αύτοῦ
1195 1705 1557 1785 εὖλογημένον
1619 1709 1692 1772 εἰς
1736 1707 1858 1768 τοὺς

1954 1709 2118 1765 nibus
2144 1707 2257 1765 Nec
2282 1713 2502 1777 oportet
2526 1704 2715 1761 solum
2736 1716 2944 1773 rogare
2964 1717 3070 1774 pro
3092 1702 3576 1781 Constantinopo-

217 1798 441 1860 αἰῶνας.
503 1796 647 1854 Ἴστε
704 1796 803 1874 γὰρ
864 1797 1047 1876 σαφῶς
1118 1798 1191 1862 ὡς
1262 1796 1439 1854 πάντα
1479 1795 1713 1876 θορύϐων
1762 1794 1859 1852 καὶ

217 1886 311 1943 καὶ
339 1890 585 1966 ταραχῆς
642 1884 1016 1965 πεπλήρωται,
1049 1888 1138 1944 καὶ
1167 1885 1272 1966 οὔχ
1331 1886 1462 1965 ὑπὲρ
1523 1886 1860 1945 Κωνσταντί-

219 1998 316 2034 νου
353 1973 565 2040 πόλεως
621 1976 733 2054 χρή
792 1975 954 2049 μόνον
1011 1974 1373 2053 παρακαλεῖν,
1418 1974 1540 2032 ἀλλ’
1590 1976 1721 2055 ὑπὲρ
1763 1980 1862 2043 τῆς

221 2064 543 2141 οἰκουμένης
626 2065 863 2132 ἁπάσης.
941 2055 1263 2144 Ἐπειδήπερ
1336 2064 1571 2122 ἐντεῦθεν
1627 2064 1863 2144 ἀρξάμε-

226 2176 322 2211 νον
377 2156 438 2210 τὸ
499 2154 692 2231 κακὸν,
764 2153 998 2234 καθάπερ
1075 2154 1314 2233 εἴρηται,
1376 2154 1470 2220 τὰς
1542 2154 1865 2220 Ἔκκλησίας

223 2244 513 2324 πανταχοῦ
595 2248 699 2322 γῆς
783 2242 1110 2319 λυμαίνεται.
1213 2236 1614 2320 Ἕϐδομήκοντα
1698 2243 1870 2301 τοίνυν

226 2335 435 2411 ἡμέρας
479 2332 847 2399 ἀναλώσαντες
887 2333 1025 2390 κατὰ
1068 2333 1168 2401 τὴν
1219 2332 1362 2414 ὁδὸν,
1394 2332 1495 2406 ὀψὲ
1524 2354 1654 2391 ποτε
1689 2333 1870 2400 ἀπην-

228 2425 476 2499 τήκαμεν
518 2422 593 2485 εἰς
625 2422 722 2488 τὴν
770 2424 1089 2490 Κουκουσὸν,
1140 2423 1201 2479 τὸ
1257 2423 1433 2489 πάσης
1466 2422 1564 2491 τῆς
1616 2422 1872 2493 οἰκουμέ-

232 2534 331 2581 νης
371 2512 706 2592 ἐρημότατον
740 2511 937 2592 χωρίον
973 2528 988 2544 ⁸
1042 2512 1157 2569 ὅθεν
1208 2511 1505 2591 λογίζεσθαι
1555 2517 1623 2589 τῇ
1664 2517 1874 2586 θαυμα-

233 2604 449 2670 σιότητι
494 2603 642 2679 ὑμῶν
728 2599 951 2678 ἔξεστιν,
1026 2601 1126 2659 ὅσα
1179 2601 1269 2660 καὶ
1321 2600 1483 2670 ἡλίκα
1541 2602 1878 2677 πεπόνθαμεν

235 2693 401 2768 κακὰ,
477 2703 728 2769 πυρετοῖς
785 2691 1075 2771 ἀφορήτοις
1157 2689 1495 2763 παλαίοντες,
1564 2691 1655 2749 καὶ
1734 2689 1881 2771 φόϐῳ

236 2783 517 2859 Ἰσαυρικῷ
616 2778 1084 2860 πολιορκούμενοι.
1175 2783 1273 2839 Καὶ
1358 2782 1524 2837 ταῦτα
1583 2779 1727 2855 λέγω
1787 2785 1883 2839 οὐκ

241 2870 404 2937 ἀξιῶν
447 2868 744 2950 ἐνοχλῆσαί
786 2892 926 2949 τινα,
972 2870 1111 2928 ὥστε
1156 2872 1298 2945 ἡμᾶς
1331 2875 1667 2946 μεταστῆσαι
1698 2870 1882 2930 ἐντεῦ-

241 2964 333 3019 θεν
371 2958 458 3039 (τὸ
501 2960 602 3037 γὰρ
646 2956 1039 3038 χαλεπώτατον
1081 2957 1425 3039 διηνύσαμεν,
1470 2964 1569 3026 τῆς
1626 2957 1748 3018 ί)δοῦ
1785 2960 1882 3027 τὴν

240 3046 657 3128 ταλαιπωρίαν),
719 3046 837 3105 ἄλλ’
895 3050 1032 3124 ὑμᾶς
1087 3049 1247 3128 χάριν
1306 3050 1458 3124 αἰτῶ,
1520 3050 1582 3106 τὸ
1646 3051 1884 3130 συνεχῶς

244 3141 385 3214 ἡμῖν
442 3137 687 3216 γράφειν,
730 3139 820 3194 καὶ
860 3138 991 3216 ὑπὲρ
1042 3144 1148 3196 τῶν
1192 3136 1529 3206 Ἐκκλήσιῶν
1569 3141 1881 3220 φροντίζειν.

323 3228 337 3248 \
456 3228 469 3248 Ι
638 3227 654 3247 κ
754 3227 781 3247 θ’
1112 3244 1127 3260 .
1178 3227 1193 3252 ι
1312 3229 1325 3247 \
1447 3229 1461 3248 ι
1608 3234 1635 3245 ἰ
1781 3230 1793 3251 Ι

237 3238 341 3287 Και
399 3225 562 3284 παλιν
606 3225 661 3283 δε
722 3249 863 3284 ουτω
918 3229 1078 3308 φησίν
1202 3236 1329 3285 Επει
1379 3249 1464 3285 και
1524 3230 1667 3304 ἡμας
1711 3250 1885 3305 τριτον

232 3316 359 3384 ἔτος
403 3316 457 3372 ἐν
518 3315 697 3396 ἂξορίᾳ
741 3315 1102 3396 διατρίϐοντας
1146 3317 1313 3393 λιμῷ,
1350 3316 1548 3397 λοιμῷ,
1600 3316 1882 3393 πολέμοις,

235 3407 580 3486 πολιορκίαις
664 3408 990 3487 συνεχέσιν,
1082 3406 1278 3486 ἐρημίᾳ
1364 3406 1590 3488 ἀφάτῳ,
1678 3408 1889 3482 θανάτῳ

238 3500 608 3576 καθημερινῷ,
670 3498 968 3577 μαχαίραις
1021 3494 1371 3574 Ἱσαυρικαῖς,
1447 3500 1550 3577 οὐχ
1609 3496 1682 3560 ὠς
1727 3497 1887 3577 ἔτυχε

243 3584 550 3664 παρακαλεῖ
606 3584 702 3643 καί
736 3589 1135 3663 παραμυθεῖται
1165 3587 1228 3642 τὸ
1286 3584 1497 3664 διαρκὲς
1542 3588 1630 3643 καὶ
1660 3589 1889 3662 μόνιμον

240 3676 391 3752 ὑμῶν
446 3675 545 3744 τῆς
617 3673 925 3752 διαθέσεως,
998 3676 1096 3743 τῆς
1168 3674 1459 3753 παρῥησίας
1517 3677 1579 3732 τὸ
1622 3676 1834 3741 ἀκλινὲς
1869 3694 1884 3709 ⁸

241 3764 363 3822 ὅθεν
416 3766 462 3822 εί
504 3766 594 3823 καὶ
635 3767 731 3822 τοῦ
778 3763 1003 3843 ἐδάφους
1060 3764 1151 3825 καὶ
1180 3769 1287 3822 τῶν
1318 3764 1521 3846 τειχῶν
1550 3765 1648 3835 τῆς
1679 3766 1888 3833 πόλεως

243 3851 639 3931 ἐκϐεϐλήμεθα,
670 3859 768 3922 τῆς
826 3852 881 3911 δὲ
939 3852 1130 3932 κυρίως
1188 3852 1398 3918 πόλεως
1459 3854 1520 3913 οὗ
1550 3857 1891 3930 μετῳκίσθη-

247 3964 373 4020 μεν.
406 3946 465 4002 Εἰ
496 3944 596 4023 γὰρ
627 3946 786 4020 ὑμεῖς
815 3945 850 4012 ἦ
881 3944 1060 4018 πόλις,
1098 3943 1214 4019 μεθ’
1243 3944 1393 4020 ὑμῶν
1425 3941 1481 4001 δὲ
1512 3947 1677 4022 ἡμεῖς
1694 3947 1775 4005 ἀεὶ
1804 3950 1893 4005 καὶ

246 4034 306 4091 ἐν
333 4035 490 4109 ὑμῖν,
523 4031 741 4101 εὔδηλον
773 4033 855 4090 ὃτι
903 4033 1001 4091 καῖ
1051 4033 1269 4093 ἐνταῦθα
1301 4032 1577 4113 διάγοντες
1607 4037 1707 4105 τὴν
1736 4035 1891 4095 πόλιν

250 4124 499 4199 οἰκοῦμεν
554 4122 787 4189 ἐκείνην.
836 4124 934 4181 Καὶ
995 4123 1095 4202 γὰρ
1152 4119 1533 4199 ἐνδιαιτώμεθα
1561 4127 1712 4202 ὑμῶν
1769 4140 1893 4190 ταῖς

1944 1794 2120 1870 li,sed
2147 1810 2253 1874 pro
2277 1793 2554 1854 universo
2577 1788 2726 1852 orbe
2757 1798 3073 1851 terrarum:
3094 1792 3581 1874 quandoquidem

1946 1880 2354 1963 malum,quod
2387 1881 2527 1943 hinc
2556 1879 2759 1959 ccepit,
2785 1879 2937 1939 sicut
2964 1878 3190 1941 dictum
3215 1889 3327 1959 est,
3364 1884 3586 1966 ubique

1946 1983 2239 2037 terrarum
2268 1970 2464 2053 perdit
2484 1966 2962 2031 Ecclesias.Cum
2988 1974 3363 2052 septuaginta
3384 1973 3587 2053 itaque

1950 2063 2077 2125 dies
2099 2061 2681 2141 consumpsissemus
2701 2059 2763 2120 in
2786 2058 3125 2135 itinere,vix
3148 2063 3384 2125 tandem
3419 2066 3589 2128 veni-

1955 2169 2085 2213 mus
2105 2150 2619 2225 Cucusum,totius
2640 2147 2803 2210 orbis
2824 2158 2999 2210 terra:
3028 2149 3224 2212 locum
3257 2152 3592 2218 desertissi-

1958 2259 2143 2303 mum.
2179 2239 2574 2312 Quamobrem
2611 2238 2754 2301 licet
2801 2238 2943 2300 hinc
2969 2248 3179 2301 vestrae
3209 2245 3593 2322 amplitudini

1957 2329 2324 2405 ratiocinari,
2347 2346 2521 2408 quam
2547 2327 2730 2388 multa
2754 2327 2906 2388 mala
2940 2331 3093 2406 passi
3125 2336 3334 2407 simus,
3365 2340 3425 2395 et
3453 2353 3591 2396 cum

1959 2418 2226 2483 tebribus
2251 2418 2548 2480 luctantes
2570 2416 3141 2492 intolerabilibus,et
3169 2419 3401 2483 obsessi
3428 2433 3590 2487 metu

1956 2507 2400 2574 Isaurorum.Et
2414 2508 2539 2569 haec
2553 2507 2837 2584 dico,non
2856 2508 3060 2570 volens
3076 2527 3287 2587 rogare
3308 2512 3588 2593 aliquem,

1960 2608 2027 2663 ut
2054 2618 2163 2661 nos
2195 2599 2336 2660 hinc
2364 2604 2790 2660 transmoveat.
2849 2596 3215 2662 Pet-fecimus
3243 2603 3401 2665 enim
3436 2605 3596 2685 quod

1962 2697 2089 2753 erat
2109 2688 2775 2769 gravissimum,nempe
2798 2688 2903 2750 viae
2933 2688 3412 2754 molestiam.Sed
3443 2694 3598 2757 hanc

1963 2797 1998 2840 a
2023 2779 2189 2841 vobis
2213 2787 2347 2860 peto
2369 2778 2641 2857 gratiam,
2669 2787 2733 2838 ut
2754 2778 2993 2840 assidue
3013 2780 3086 2842 ad
3106 2799 3214 2841 nos
3234 2781 3602 2864 scribatis,et

1965 2886 2162 2929 curam
2188 2871 2401 2941 geratis
2423 2869 2814 2928 Ecclesiarum
2846 2870 2908 2928 Et
2930 2884 3140 2930 rursus
3162 2874 3248 2929 sic
3269 2875 3429 2936 dicit:
3454 2876 3599 2935 Nam

1966 2976 2077 3019 nos
2099 2974 2358 3037 quoque,
2394 2955 2495 3036 qui
2517 2956 2755 3017 tertium
2778 2974 2999 3017 annum
3029 2975 3333 3021 versamur
3351 2961 3412 3022 in
3435 2962 3599 3025 exsi-

1902 3091 1946 3143 u
1968 3045 3605 3143 lio,f_ame,peste,bel_lis,frequenti_turobsidionibus,so—

1968 3137 2237 3211 litudine,
2275 3154 2408 3216 quae
2448 3135 2644 3196 verbis
2684 3135 2969 3215 explicari
3011 3156 3128 3199 non
3161 3147 3377 3219 potest,
3415 3153 3605 3206 morte

1969 3224 2556 3309 quotidiana,gladiis
2576 3224 3006 3300 Isauricis,non
3040 3226 3256 3290 leviter
3277 3232 3614 3295 consolatur

1972 3325 2261 3396 perpetua
2284 3322 2481 3375 vestra
2503 3324 2561 3376 et
2580 3312 2810 3375 stabilis
2833 3314 3390 3399 ati'ectio,tirmaque
3414 3330 3471 3382 et
3491 3321 3612 3384 im-

1973 3414 2130 3467 mota
2154 3402 2798 3475 ﬁducia.Quamobre:n
2834 3405 3062 3465 etiamsi
3095 3424 3128 3466 a
3156 3407 3283 3469 solo
3303 3416 3361 3470 et
3389 3413 3610 3473 mami-

1972 3495 2083 3556 bus
2104 3493 2360 3555 civitatis
2391 3492 2623 3574 expulsi
2654 3511 2882 3568 sumus,
2908 3493 2981 3554 ab
3014 3512 3084 3555 ea
3116 3502 3337 3575 tamen,
3363 3518 3494 3582 quae
3524 3511 3616 3564 est

1973 3583 2211 3665 proprie
2242 3583 2601 3657 civitas,uon
2632 3582 3104 3661 migravimus.Si
3133 3588 3292 3649 enim
3342 3607 3443 3650 vos
3472 3591 3616 3653 estis

1972 3674 2198 3747 civitas,
2231 3691 2343 3734 nos
2372 3684 2569 3734 autem
2601 3689 2839 3752 semper
2861 3672 3168 3735 vobiscum
3201 3684 3259 3737 et
3288 3675 3352 3737 in
3387 3678 3560 3741 vobis
3597 3698 3611 3743 :

1973 3764 2199 3825 clarum
2226 3760 2503 3843 est,quod
2520 3762 2617 3823 hic
2638 3781 2884 3843 quoque
2901 3763 3211 3843 degentes,
3246 3765 3409 3828 illam
3435 3769 3617 3831 habi-

1977 3863 2177 3918 tamus
2200 3853 2523 3917 civitatem.
2553 3851 2619 3914 In
2641 3854 2855 3915 vestris
2880 3854 3041 3916 enim
3077 3854 3349 3934 degimus
3371 3860 3612 3937 animis,

1978 3954 2039 4008 et
2056 3944 2401 4023 ubicunque
2418 3943 2952 4017 fuerimus,omnes
2971 3946 3207 4026 vos,qui
3228 3949 3622 4012 vehementes

1980 4036 2120 4098 estis
2143 4033 2330 4096 nostri
2355 4033 2741 4110 amatores,in
2762 4032 3103 4113 cognitione
3125 4033 3623 4101 circumferentes

1977 4125 2240 4190 abimus.

251 4217 494 4293 ψυχαῖς,
526 4213 613 4270 καὶ
643 4211 879 4292 ὅπουπερ
922 4211 983 4273 ἂν
1014 4214 1184 4289 ὦμεν,
1216 4211 1418 4276 πάντας
1445 4215 1580 4290 ὑμᾶς
1611 4219 1732 4283 τοὺς
1764 4217 2015 4298 σφοδροὺς
2044 4219 2201 4291 ἡμῶν
2233 4214 2454 4293 ἐραστὰς
2485 4214 2571 4270 ἐπὶ
2600 4212 2803 4270 διανοίκ
2836 4215 3204 4295 περιφέροντες
3238 4216 3456 4294 ἄπιμεν.

340 4326 519 4397 Δηλοῖ
542 4326 597 4385 δὲ
625 4329 713 4386 καὶ
741 4330 775 4397 ἡ
804 4329 936 4409 πρὸς
973 4329 1343 4388 Κωνστάντιον
1375 4332 1519 4405 αὒτῷ
1549 4334 1640 4389 τὸν
1670 4333 1883 4406 πρεσϐύ-

1954 4350 1961 4387 ι
2034 4334 2165 4397 Alia
2188 4350 2365 4412 porro
2389 4330 2463 4391 ad
2489 4329 2904 4410 presbyterum
2919 4328 3374 4395 Constantinum
3400 4335 3475 4396 ab
3496 4335 3623 4418 ipso

254 4441 407 4500 τερον
434 4431 702 4498 γραφεῖσα
734 4418 1115 4499 ἐπιστολὴ,τὸν
1140 4418 1271 4498 ὑπὲρ
1302 4424 1409 4477 τῶν
1433 4419 1773 4491 Ἐκκλησιών
1796 4426 1900 4495 ζῆ-

253 4508 373 4588 λον,
421 4507 589 4572 οὕτως
621 4507 845 4588 ἔχουσα⁸
879 4514 957 4586 Τῇ
985 4511 1216 4586 τετάρτῄ
1270 4516 1364 4567 τοῦ
1407 4511 1657 4588 Πανέμου
1702 4516 1901 4589 μηνὸς,

260 4597 478 4675 μέλλων
520 4596 629 4654 ἀπὸ
658 4598 760 4664 τῆς
788 4599 1012 4662 Νικαίας
1044 4596 1293 4679 ἐξορμᾷν,
1327 4604 1494 4655 ταῦτα
1523 4598 1904 4678 διαπέμπομαι

260 4689 326 4745 τὰ
371 4689 662 4767 γράμματα
720 4689 852 4762 πρὸς
912 4688 1012 4756 τὴν
1067 4688 1168 4756 σὴν
1195 4686 1520 4771 θεοσέϐειαν,
1556 4692 1903 4775 παρακαλῶν,

262 4777 391 4857 ὅπερ
424 4777 505 4835 ἀεὶ
534 4776 858 4857 παρακαλῶν
891 4777 987 4835 οὐκ
1015 4777 1359 4853 ἐπαυσάμην,
1395 4776 1491 4835 κᾶν
1522 4779 1903 4861 χαλεπώτερος

263 4875 357 4926 τοῦ
411 4874 500 4926 νῦν
558 4867 882 4948 κατέχοντος
942 4867 1165 4949 γένηται
1210 4871 1238 4927 ὁ
1294 4874 1530 4949 χειμὼν,
1562 4876 1661 4927 κᾶν
1690 4873 1905 4949 μείζονα

263 4957 329 5014 τὰ
371 4958 607 5039 κύματα,
639 4957 716 5035 μὴ
766 4956 1054 5015 διαλείπειν
1111 4959 1178 5015 τὰ
1206 4961 1400 5018 σαυτοῦ
1428 4958 1690 5038 πληροῦν,
1722 4964 1788 5020 τὰ
1832 4964 1904 5027 εἷς

266 5047 365 5117 τήν
393 5048 700 5124 οἰκονομίάν
729 5048 795 5116 ἧς
827 5045 880 5113 ἐξ
912 5048 1093 5128 ἀρχῆς
1123 5050 1275 5123 ἥψω·
1311 5048 1453 5126 λέγω
1483 5046 1548 5118 δὴ
1578 5057 1670 5108 τοῦ
1700 5050 1908 5120 Ἐλλη-

268 5145 458 5214 νισμοῦ
508 5137 609 5204 τὴν
667 5135 995 5214 καθαίρεσιν,
1029 5141 1137 5194 τῶν
1199 5136 1503 5206 ἐκκλησιῶν
1555 5137 1652 5205 τάς
1698 5139 1910 5198 οἰκοδο-

269 5227 400 5303 μάς,
457 5232 564 5283 τῶν
607 5231 802 5306 ψυχῶν
835 5226 934 5295 τὴν
979 5225 1314 5303 ἐπιμέλειαν.
1367 5228 1457 5296 Μὴ
1502 5226 1567 5299 δή
1604 5228 1719 5309 [γρ,
1755 5230 1910 5310 μηδὲ]

270 5336 331 5374 σε
381 5317 566 5374 ὕπτιον
648 5316 866 5373 ποιείτω
944 5321 1050 5372 τῶν
1122 5316 1453 5394 πραγμάτων
1538 5318 1574 5385 ἡ
1634 5317 1909 5386 δυσκολία,

172 5467 187 5481 _
274 5403 404 5466 Οὐδὲ
461 5403 563 5486 γάρ
621 5402 949 5483 κυϐερνήτης
992 5407 1054 5462 τὸ
1114 5403 1350 5484 πέλαγος
1397 5408 1534 5483 ὁρῶν
1590 5410 1914 5486 μαινόμενον

274 5493 370 5554 καί
416 5492 820 5572 διανιστάμενον
889 5495 1252 5567 ἀποστήσεται
1317 5497 1423 5552 τῶν
1483 5496 1676 5555 οἰάκων
1713 5516 1727 5530 ·
1791 5499 1912 5560 αλλ’

1985 4423 2206 4504 scripta
2265 4420 2540 4500 epistola,
2594 4420 2972 4482 manifestum
3036 4422 3166 4499 ejus
3198 4442 3306 4503 pro
3338 4423 3627 4489 Ecclesiis

1984 4514 2123 4576 facit
2156 4509 2420 4573 studium
2449 4530 2464 4589 ;
2497 4528 2636 4586 quae
2663 4509 2749 4570 sic
2778 4528 2843 4571 se
2873 4508 3052 4572 habet
3084 4530 3099 4570 :
3136 4511 3358 4582 Quarto
3405 4518 3628 4578 mensis

1988 4598 2471 4665 PanaemiNiczea
2501 4598 2827 4673 soluturus,
2863 4600 2969 4660 has
3019 4598 3217 4663 εονὼο
3273 4603 3499 4666 litteras
3556 4605 3632 4667 ad

1990 4700 2144 4754 tuam
2178 4689 2491 4771 pietatem,
2526 4687 2850 4750 adhortans
2906 4689 2981 4749 ad
3014 4690 3100 4766 id,
3135 4692 3293 4772 quod
3328 4712 3631 4775 nunquam

1990 4781 2217 4845 cessavi
2252 4788 2307 4842 te
2341 4779 2666 4851 adhortari,
2703 4777 2937 4841 etiamsi
2971 4780 3121 4854 haec,
3157 4800 3287 4861 quae
3318 4802 3479 4846 nunc
3514 4793 3635 4859 est,

1992 4880 2123 4934 orta
2173 4869 2350 4932 fuerit
2405 4878 2737 4948 tempestas
2789 4868 3047 4948 gravior,
3084 4880 3147 4932 et
3182 4873 3438 4951 majores
3468 4874 3634 4936 exci-

1993 4969 2195 5024 tentur
2224 4959 2465 5032 ﬂuctus,
2495 4967 2558 5020 ut
2620 4976 2746 5019 non
2802 4976 3004 5021 cesses
3048 4978 3144 5040 ea,
3177 4980 3309 5041 quae
3343 4972 3440 5025 tua
3469 4974 3636 5039 sunt,

1992 5049 2270 5131 implere,
2303 5047 2378 5110 ad
2438 5065 2509 5109 ea
2565 5046 3066 5125 administranda,
3104 5069 3237 5130 qua;
3265 5050 3340 5112 ab
3371 5052 3543 5116 initio
3575 5074 3640 5118 es

1992 5156 2305 5220 aggressus
2329 5138 2403 5200 ad
2423 5137 3423 5221 destruendam,inquam,gentium
3439 5163 3644 5226 super-

1994 5230 2323 5301 stitionem,
2355 5226 2760 5289 Ecclesiarum
2786 5226 3273 5308 mdiﬁcationem,
3306 5233 3643 5296 animarum

1994 5338 2197 5381 curam
2231 5317 2583 5398 gerendam.
2633 5314 2720 5377 Ne
2776 5325 2834 5378 te
2885 5317 3166 5397 supinum
3198 5320 3412 5386 reddat
3439 5341 3642 5385 rerum

1997 5407 2314 5472 difﬁcultas
2352 5429 2365 5471 :
2401 5424 2599 5484 neque
2629 5405 2794 5467 enim
2824 5405 3191 5485 gubernator
3230 5409 3439 5473 videns
3471 5429 3637 5474 mare

1998 5499 2248 5561 saeviens
2275 5505 2336 5559 et
2365 5496 2927 5577 agitatum,recedet
2947 5515 2982 5559 α
3007 5496 3196 5559 clavo.
3221 5500 3337 5562 Sed
3373 5519 3485 5565 nec
3510 5519 3644 5564 me-
