3954 6146
164 313 359 380 1197
1251 316 1437 385 VITA
1483 321 1544 385 S.
1612 313 1936 388 JOANNIS
1977 310 2537 388 CHRYSOSTOMI.

272 450 395 510 NE'
413 497 426 510 .
479 452 623 508 Μετὰ
671 449 726 508 δὲ
769 459 956 510 τοῦτον
999 452 1130 530 ἀνὴρ
1178 455 1238 509 εκ
1302 452 1663 533 πρεσϐυτερων
1717 458 1912 515 ἀνα-Α

3431 307 3584 386 1198

2017 457 2288 522 LV.Post
2313 476 2447 520 eum
2471 469 2672 519 autem
2701 456 2985 537 (58),viro
3009 453 3244 516 cuidam
3277 455 3492 518 educto
3517 474 3588 518 ex

170 544 373 622 χθεὶς,
439 538 682 607 Ἀττικὸς
727 540 916 618 ὄνομα,
965 543 1084 607 τοὺς
1130 543 1226 610 τῆς
1279 543 1601 612 Ἐκκλησίας
1662 545 1853 608 οἴακας

1998 547 2327 628 resbyteris,
2357 548 2600 609 nomine
2619 547 2841 619 Attico,
2864 544 3116 607 traditur
3143 544 3345 606 clavus
3379 544 3582 606 Eccle-

170 631 587 711 ἒγχειρίζεται,
639 631 754 688 καθ’
817 633 874 688 ὃν
941 632 1137 712 χρόνον
1208 631 1384 696 ἀδείας
1445 637 1492 690 οἱ
1548 637 1602 692 ἓν
1648 633 1858 717 Ἐφέσῳ

1998 652 2054 692 ae.
2090 637 2214 706 Quo
2237 637 2472 709 quidem
2496 648 2751 709 tempore
2769 636 3064 706 Ephesini,
3088 649 3219 717 cum
3241 633 3402 690 nullo
3426 649 3592 691 coer-

177 718 524 801 λαϐόμενοι,
587 723 760 778 πάντα
823 736 996 779 κινεῖν
1050 725 1138 779 καὶ
1195 721 1551 798 μεταϐάλλειν
1608 715 1742 784 κατᾶ
1799 728 1860 782 τὸ

1998 727 2108 776 ante
2134 727 2286 776 metu
2317 719 2612 776 licentiam
2643 715 3246 789 arripuissent.omnia
3275 730 3506 773 movere
3534 725 3589 772 et

183 824 427 888 ξαυτοϊς
485 809 670 868 δοκοῦν
730 810 1008 892 ἔσπευδον,
1066 813 1189 875 τοὺς
1231 811 1412 877 καλῶς
1471 813 1592 890 μὲν,
1652 817 1738 872 καὶ
1789 817 1862 878 ὡς

1998 819 2357 876 'ansmutare,
2381 811 2529 867 sicut
2551 809 2634 866 eis
2658 808 2977 873 videbatur,
3008 805 3440 864 studebantzeos
3461 806 3588 878 quir

187 908 325 975 Θεῷ
387 899 566 978 φίλον,
614 907 721 958 τῶν
764 901 963 980 θρόνων
1022 901 1448 977 ἐπειλημμένους
1497 903 1864 981 ἐξωθούμενοι,

187 990 432 1069 μιαροὺς
520 989 574 1046 δέ
646 1013 791 1054 τινας
878 994 966 1048 καὶ
1032 990 1292 1068 βεϐήλους
1367 993 1453 1050 ἐπὶ
1525 1002 1867 1076 καταστροφῇ

187 1080 405 1159 ψυχῶν
463 1079 878 1160 καταλέγοντες,
942 1079 1190 1156 οὐδεμιᾶς
1242 1081 1483 1160 ἐρεύνης,
1546 1084 1579 1153 ἢ
1638 1086 1867 1162 βασάνου

189 1170 305 1238 τὶν
379 1171 716 1250 χειροτονίαν
788 1169 1298 1248 προλαμϐανοόσης·
1367 1173 1487 1230 ἀλλ’
1540 1176 1728 1251 οὓτως,
1787 1177 1861 1240 ὡς

190 1259 419 1316 εἰκαῖον
475 1265 697 1338 πρᾶγμα
753 1259 842 1316 καὶ
886 1261 946 1315 τὸ
1006 1262 1198 1339 τυχὸν,
1256 1271 1348 1320 τοῦ
1402 1261 1779 1343 βουληθέντος,
1825 1263 1861 1332 ἢ

190 1345 530 1423 δεδωκότος,
582 1349 688 1405 τῶν
739 1349 960 1428 θρόνων,
1023 1349 1168 1429 φεῦέ
1244 1352 1557 1428 γινομένων·
1623 1352 1708 1409 ὅτε
1766 1356 1862 1410 καί

193 1438 250 1494 οἱ
329 1435 547 1502 δικαίως
591 1439 692 1495 ὑπὸ
763 1437 858 1506 τῆς
918 1439 1182 1516 μακαρίας
1261 1440 1469 1509 ἐκείνης
1517 1447 1705 1523 ψυχῆς
1777 1447 1862 1500 καὶ

195 1524 462 1604 γλώττης
505 1529 611 1584 τῶν
668 1525 1004 1596 Ἐκκλησιῶν
1051 1527 1424 1606 ἐκϐληθέντες,
1485 1533 1862 1612 προσελθόντες

196 1629 330 1680 τοϊς
398 1630 854 1699 καταφρονητατς
896 1618 1102 1682 τούτοις
1176 1622 1477 1699 χρημάτων
1551 1623 1708 1689 αὐτὰς
1780 1623 1863 1688 ἐξ·-

199 1711 465 1763 ωνοῦντο⁶
524 1705 646 1784 οἵγε
699 1708 785 1763 καὶ
845 1698 1214 1786 Ἡρακλείδην
1251 1712 1342 1766 τὸν
1393 1711 1478 1767 ὕπ’
1532 1714 1732 1769 ἐκείνου
1781 1721 1868 1775 καὶ

1951 902 2102 965 dem,
2133 899 2232 972 qui
2257 909 2410 958 recte
2439 908 2496 957 et
2516 908 2578 955 ut
2608 899 2723 955 Deo
2754 898 3036 968 placebat.
3073 897 3130 953 in
3163 896 3398 954 sedibus
3427 905 3594 954 erant

1953 989 2242 1058 collocati,
2265 989 2622 1060 expellentes
2651 1007 2663 1043 :
2687 987 2965 1061 quosdam
2989 997 3176 1044 autem
3202 987 3509 1044 sceleratos
3540 994 3595 1042 et

1951 1079 2228 1160 profanos
2243 1079 2315 1140 ad
2335 1078 2666 1142 animarum
2689 1077 2936 1140 exitium
2953 1076 3481 1152 collocantes,cum
3500 1095 3596 1138 or-

1949 1169 2316 1231 dinationem
2368 1169 2534 1231 nulla
2587 1167 2981 1249 perscrutatio
3037 1166 3447 1246 praecessisset
3497 1173 3597 1228 aut

1945 1259 2440 1324 examinatiozsed
2469 1258 2718 1339 perinde
2733 1276 2801 1319 ac
2824 1258 2874 1318 si
2903 1264 3058 1318 esset
3087 1273 3184 1317 res
3210 1255 3357 1318 levis
3373 1264 3430 1318 et
3455 1257 3596 1318 laci-

1945 1349 2207 1432 cilis,qui
2231 1350 2500 1411 voluerat
2520 1356 2621 1410 aut
2643 1348 2842 1429 potius
2863 1347 2964 1427 qui
2987 1345 3258 1420 dederat,
3292 1347 3365 1408 ad
3387 1346 3593 1408 sedem

1947 1438 2490 1520 perveniebatQuo
2519 1446 2790 1518 tempore
2808 1435 2914 1517 qui
2935 1435 3008 1496 ab
3033 1435 3133 1497 illa
3161 1455 3400 1516 quoque
3421 1435 3597 1499 beata

1948 1529 2142 1590 anima
2160 1529 2324 1609 juste
2355 1529 2531 1609 ejecti
2554 1527 2792 1590 fuerant
2819 1524 2893 1587 ab
2925 1524 3220 1601 ecclesiis,
3247 1539 3454 1586 rursus
3478 1543 3597 1587 non

1949 1617 2274 1680 difficiliter
2287 1618 2530 1680 fuerunt
2554 1615 3012 1678 introductizsed
3032 1615 3141 1677 hos
3155 1621 3600 1695 contemptores

1950 1721 2080 1783 apte
2103 1713 2627 1784 aggredientes,eas
2649 1717 2917 1766 emerunt
2940 1707 3345 1778 pecuniis.Qui
3362 1707 3595 1780 quidem

201 1790 581 1870 ἐϐδομήκοντα
667 1796 978 1853 ἐπισκόπων
1061 1796 1216 1863 ἀξίως
1301 1802 1393 1856 τὸν
1460 1806 1558 1867 τῆς
1640 1801 1868 1882 Ἐφέσου

1998 1797 2329 1858 ζεηιεΙίᾱεῐη
2347 1814 2606 1876 quoque,
2635 1800 2729 1856 cui
2753 1792 2827 1855 ab
2852 1792 3031 1884 illoet
3053 1793 3599 1884 septuaginta_scili-

206 1884 561 1941 πιστευθέντα
619 1887 823 1959 θρόνον,
898 1887 1164 1965 τεττάρων
1237 1888 1369 1944 ἐτῶν
1433 1889 1859 1970 ἐγκλεισάμενοι,

201 1984 299 2028 καί
356 1973 452 2040 τῆς
513 1973 836 2041 Ἐκκλησίας
908 1974 1227 2057 ἐξώσαντες,
1285 1985 1375 2034 τὸν
1434 1982 1525 2034 τοῦ
1593 1977 1864 2058 τριϐούνου

208 2064 466 2141 Βίκτορος
530 2066 783 2144 εὐνοῦχον
843 2071 918 2138 τῷ
976 2067 1144 2143 θρόνῳ
1218 2071 1310 2123 τοῦ
1367 2068 1624 2146 παρθένου
1682 2071 1860 2131 κακῶς

210 2151 284 2231 (ὢ
315 2151 461 2227 δίκη,
494 2155 580 2210 καὶ
612 2153 790 2234 ἆνοχὴ
821 2155 953 2211 Θεοῦ
980 2155 1030 2234 l)
1072 2157 1252 2221 κακῶς
1282 2158 1372 2214 καὶ
1415 2157 1634 2224 ἀναξίως
1667 2159 1862 2236 ἐγκαθ-

211 2248 459 2316 ιστώσιν,
495 2245 600 2324 οὐχ
661 2245 1045 2324 ἡμιμόχθηρον
1077 2245 1225 2306 ὄντα.
1262 2246 1370 2304 οὐδ’
1413 2248 1648 2314 ἀνεκτῶς
1676 2247 1868 2325 βδελυο

212 2333 334 2410 ρὸν,
371 2332 510 2389 ἀλλὰ
570 2340 849 2412 προφανῶς
901 2334 1132 2391 κίναιδον
1176 2337 1264 2392 καὶ
1320 2337 1707 2394 κατέπνυστον.
1761 2339 1866 2405 Τὴν

215 2420 274 2476 δὲ
322 2424 614 2502 Πορφυρίου
675 2422 902 2499 τόλμαν,
952 2425 1036 2481 καὶ
1097 2426 1193 2492 τὴν
1239 2423 1445 2493 πολλὴν
1514 2426 1722 2494 ἐκείνην
1778 2434 1870 2484 τοῦ

216 2512 538 2587 πράγματος
597 2515 896 2586 ἰταμότητα
957 2515 1034 2576 τίς
1109 2513 1170 2568 ἂν
1235 2515 1369 2570 ἑκών
1435 2537 1496 2593 γε
1578 2515 1870 2594 ἀνάσχοιτο

218 2608 428 2672 σιωπᾷν
465 2621 479 2680 ;
517 2604 734 2676 Γεραιὸς
779 2602 877 2676 μὲν
909 2603 1086 2678 οὗτος,
1118 2608 1214 2659 καὶ
1260 2605 1358 2670 τὴν
1387 2607 1692 2684 μοχθηρίαν
1739 2607 1868 2672 ηλι-

219 2692 409 2745 κιῶτιν
450 2688 678 2768 ἀκριϐῶς
713 2690 882 2770 ἒχων,
932 2691 1080 2748 οὖδὲν
1112 2691 1166 2748 δὲ
1225 2695 1327 2748 ὑπὸ
1356 2702 1448 2750 τοῦ
1480 2701 1684 2771 μακροῦ
1727 2694 1868 2775 χρό-

222 2801 316 2834 νου
360 2781 492 2856 πρὸς
544 2781 642 2846 τὴν
686 2779 974 2837 ἀκολασίαν
1021 2781 1337 2862 ὠφεληθεὶς,
1371 2782 1508 2838 ἀλλὰ
1555 2782 1868 2862 φιλονεική-

222 2891 320 2935 σας
354 2873 439 2927 καὶ
497 2873 697 2948 φύσεως
731 2873 971 2952 ὠφθῆναι
1018 2875 1267 2949 κρείττων
1303 2879 1356 2930 ὲν
1403 2888 1520 2940 τοῖς
1554 2876 1871 2955 αἰσχίστοις

225 2959 372 3016 Ἐπεὶ
405 2961 495 3016 οὖν
522 2962 613 3016 τὸν
646 2961 812 3039 μέγαν
857 2960 961 3028 ἤδη
995 2961 1298 3020 Φλαϐιανὸν
1336 2967 1363 3019 ὁ
1409 2971 1514 3020 τῶν
1543 2964 1599 3021 ἐν
1629 2965 1873 3041 οὐρανοῖς

224 3048 582 3126 ἑορταζόντων
615 3051 743 3130 εἶχε
789 3054 978 3130 χορὸς,
1016 3052 1186 3130 ἔρωτα
1238 3054 1390 3132 σχὼν
1420 3059 1516 3120 τῆς
1549 3055 1877 3134 Ἀντιοχέων

227 3140 581 3216 πυραννησειν
611 3139 955 3216 Ἐκκλησίας,
992 3141 1290 3209 ἐπιτηδείου
1340 3153 1524 3222 καιροῦ
1558 3142 1875 3224 λαϐόπενος,

228 3227 285 3283 ὲν
315 3232 358 3302 ᾧ
402 3235 546 3284 πᾶσα
574 3231 608 3296 ἡ
655 3229 815 3291 πόλις
870 3232 943 3295 εἷς
976 3232 1040 3286 τὰ
1095 3233 1233 3288 κατὰ
1270 3233 1485 3312 Δάφνην
1536 3232 1875 3300 ἐξεληλύθασι

228 3317 416 3398 θέατρα
481 3319 616 3374 κατά
647 3341 696 3374 τι
731 3319 958 3376 παλαιὸν
1012 3319 1124 3386 ἔθος
1157 3321 1315 3378 εἰσέτι
1348 3323 1623 3399 γινόμενα,
1664 3323 1876 3380 Ἀντίο-

233 3407 334 3486 χόν
390 3428 448 3464 τε
479 3409 567 3464 καὶ
613 3406 939 3488 Σεϐηριανὸν
999 3407 1168 3489 ἔχων,
1203 3413 1332 3488 πρὸς
1389 3409 1560 3468 δὲκαὶ
1621 3412 1878 3469 Ἀκάκιον

228 3497 348 3559 τοὺς
411 3496 508 3565 τῆς
552 3496 802 3564 ἀληθείας
854 3501 1079 3578 ἐχθροὺς
1143 3500 1546 3577 σαναιρομένους
1588 3503 1729 3576 αὒτῷ
1777 3507 1875 3569 τῆς

231 3585 526 3666 ἐπιθυμίας,
604 3586 840 3660 ἐπιπηδᾷ
907 3596 983 3664 τῷ
1053 3591 1242 3663 θρόνῳ,
1317 3590 1552 3667 καθάπερ
1631 3590 1869 3658 κλέπτης

236 3677 321 3731 καί
379 3679 437 3734 οὐ
493 3677 698 3752 ποιμὴν
755 3675 853 3757 ὢν,
918 3681 1002 3734 καὶ
1067 3681 1170 3735 ὑπὸ
1238 3680 1346 3736 τῶν
1408 3679 1615 3756 μιαρῶ)
1673 3682 1872 3736 τούτων

234 3779 618 3844 χειροτονεῖται
663 3768 930 3835 τοσαύτην
1002 3769 1412 3846 εἰσενεγκόντων
1460 3776 1534 3844 τῷ
1601 3771 1875 3848 πράγματι

237 3855 328 3922 τὴν
377 3854 634 3932 σπουδὴν,
668 3859 740 3918 ὡς
775 3857 913 3932 μηδὲ
970 3859 1036 3914 τὰ
1067 3863 1418 3934 νενομισμένα
1472 3859 1876 3927 συντελεσθῆναι

240 3941 319 4000 διὰ
347 3947 406 4001 τὸ
437 3947 631 4026 τάχος.
697 3944 850 4003 Ἀλλ’
882 3947 1025 4005 οὗτοι
1071 3949 1167 4022 μὲν
1199 3951 1246 4006 οἱ
1288 3947 1645 4027 τελεσιουργοὶ
1674 3952 1779 4006 τῶν
1824 3949 1876 4007 ἐν

240 4034 409 4090 σκότει
456 4035 872 4116 πεπραγμένων,
919 4041 955 4115 ᾗ
1000 4035 1176 4095 ποδῶν
1218 4042 1402 4118 εἶχον,
1437 4040 1580 4102 εὐθὺς
1634 4037 1876 4120 ἔφευγον,

237 4122 442 4204 ἄστροις
503 4125 988 4202 ἐπισημαινόμενοι
1047 4131 1147 4195 τὴν
1205 4125 1348 4198 ὁδὸν,
1396 4131 1482 4186 καὶ
1513 4127 1686 4205 ὄρεσιν
1740 4128 1880 4186 ἀϐέ-

238 4235 350 4275 τοις
397 4214 614 4278 ἑαυτοὺς
659 4215 1062 4295 ἐπιτρέψαντες.
1099 4219 1165 4274 Ἦ
1210 4217 1264 4275 δὲ
1324 4218 1479 4283 πόλις
1539 4222 1611 4282 ὡς
1658 4218 1762 4288 ἤδη
1791 4229 1885 4280 τοῦ

241 4302 594 4379 τολμηθέντος
653 4303 868 4384 ᾔσθετο,
933 4306 1198 4385 πανδημεὶ
1258 4308 1452 4372 πάντες
1522 4309 1881 4386 συνελθόντες,

244 4394 472 4474 φρύγανά
551 4417 601 4451 τε
665 4398 762 4452 καὶ
833 4405 932 4467 πῦρ
1002 4400 1139 4473 μετὰ
1193 4411 1386 4478 χεῖρας
1432 4399 1678 4480 ἔχοντες,
1739 4398 1884 4457 οὐδὲν

243 4485 396 4549 ἦττον
452 4485 538 4541 καὶ
598 4486 745 4543 αὐτοὶ
812 4486 960 4562 ζήλῳ
1040 4489 1137 4556 τὴν
1205 4491 1392 4568 ψυχὴν
1466 4489 1723 4565 ἡμμένοι,
1793 4497 1886 4548 τοῦ

248 4575 526 4653 Πορφυρίου
602 4575 925 4656 κατέτρεχον
983 4579 1094 4651 (καὶ
1153 4579 1252 4656 γὰρ
1311 4575 1554 4654 ᾔδεισαν,
1601 4579 1722 4643 οἶος
1797 4581 1886 4637 τὸν

247 4663 350 4740 βίον
381 4662 589 4727 ἐκεῖνος
635 4665 913 4745 ἀνάγωγος
945 4665 1062 4746 ἧν),
1103 4667 1245 4742 αὐτῷ
1289 4666 1492 4743 δώματι
1523 4673 1622 4736 τῆς
1667 4669 1889 4728 ἐπισκοο

251 4758 350 4821 πῆς
392 4753 676 4832 ἐκπρήσειν
713 4756 867 4812 αὺτὸν
911 4755 1252 4833 βουλόμενοι,
1291 4748 1349 4816 Ὀ
1383 4756 1436 4815 δὲ
1469 4759 1529 4815 τὸ
1572 4760 1704 4839 πρὸς
1737 4763 1890 4820 αὐτὸν

259 4843 556 4918 αἰσθόμενος
641 4858 827 4922 μῖσος,
915 4849 1160 4927 χρήμασι
1245 4849 1336 4906 τὸν
1420 4849 1892 4931 στρατοπεδάρχην

261 4931 569 5012 διαφθείρας,
627 4935 896 4992 ἀναπείθει
968 4939 1044 5012 τῷ
1113 4938 1244 5018 ὑπὲρ
1308 4937 1575 5001 εὐσεϐείας
1637 4941 1740 4998 τῶν
1794 4963 1893 4998 πι-

261 5029 388 5081 στῶν
446 5026 594 5100 ζήλῳ
650 5023 922 5102 δαιμόνιον
969 5026 1278 5086 ἆνθοπλίσαι
1329 5029 1491 5105 θυμόν
1562 5031 1658 5088 Καὶ
1713 5053 1892 5108 παρα-

259 5118 437 5193 χρῆμα
496 5113 797 5192 στράτευμα
841 5117 1209 5194 συνηθροίζετο
1260 5117 1380 5175 κατ’
1426 5120 1598 5177 αὐτῶν
1661 5119 1893 5197 πονηρὸν

262 5204 336 5260 καὶ
377 5203 679 5263 ἆτίθασσον.
745 5203 886 5261 Εἶτᾶ
944 5209 1036 5262 καὶ
1099 5205 1335 5286 διωγμος
1389 5229 1471 5273 τις
1528 5207 1697 5287 μέγας
1757 5208 1894 5266 κατᾶ

260 5298 354 5349 τῶν
406 5291 744 5360 Ἐκγλησιῶν
793 5293 1082 5376 ἠρεθίζετο,
1138 5297 1225 5353 καὶ
1266 5295 1518 5374 βασιλικὰ
1563 5295 1896 5377 διατάγματα

262 5384 338 5439 καὶ
397 5383 730 5458 θεσπίσματα
787 5381 1081 5450 ὑποϐολαῖς
1135 5385 1385 5444 Ἀττικοῦ
1449 5387 1561 5466 (καὶ
1611 5389 1712 5468 γὰρ
1783 5386 1899 5446 οὐδὲ

329 5515 438 5589 (50)
496 5515 628 5574 Vide
656 5512 896 5589 Njceph.
935 5517 991 5589 l.4
1035 5527 1155 5584 xm,
1190 5533 1242 5574 c.
1272 5519 1344 5576 29
1385 5539 1400 5586 ;
1438 5519 1597 5578 Socr.
1630 5520 1670 5577 l.
1730 5532 1810 5589 γι,
1849 5536 1903 5578 c.

1951 1893 2041 1942 cet
2061 1885 2552 1956 episcopisﬂigne
2573 1883 2922 1941 commissus
2944 1882 3126 1939 fuerat
3148 1881 3602 1952 thronusEphe-

1947 1975 2158 2040 si,cum
2187 1973 2710 2031 inclusissentetab
2735 1971 2975 2030 ecclesia
2995 1972 3598 2042 expulissent,trlbuni

1945 2065 2192 2122 Victoris
2218 2066 2551 2121 eunuchum
2579 2065 2636 2118 in
2665 2062 2800 2118 sede
2829 2062 3097 2133 virginis.
3137 2061 3284 2118 male
3307 2062 3600 2134 (ojustitia

1947 2164 2000 2212 et
2027 2155 2124 2212 Dei
2150 2155 2464 2224 patientia!)
2490 2152 2638 2209 male
2660 2161 2712 2208 et
2735 2150 2975 2220 indigne
3006 2149 3460 2215 collocaut,cum
3485 2165 3603 2209 non

1953 2253 2113 2308 esset
2161 2243 2512 2304 semimalus
2549 2259 2658 2302 nec
2692 2239 3084 2302 tolerabiliter
3132 2238 3465 2318 improbus,
3500 2241 3604 2303 sed

1953 2342 2156 2415 aperte
2178 2333 2442 2394 cinaedus
2470 2340 2528 2392 et
2549 2329 2975 2392 exsecrandus.
3002 2328 3313 2409 Porphyrii
3342 2332 3468 2409 (54)
3493 2347 3603 2390 au-

1955 2432 2072 2485 tem
2103 2422 2408 2484 audaciam
2428 2420 2800 2498 etinsignem
2829 2419 2992 2480 illam
3026 2421 3113 2480 rei
3145 2419 3601 2499 impudentiam.

1953 2515 2090 2595 quis
2109 2512 2304 2573 libens
2323 2509 2563 2572 silentio
2586 2507 2969 2590 praeterierit?
2998 2507 3055 2570 Is
3075 2526 3281 2589 senex,
3317 2517 3375 2569 et
3406 2509 3465 2570 in
3495 2509 3608 2570 im-

1956 2602 2350 2684 probitate,ut
2371 2600 2473 2681 qui
2496 2600 2557 2660 in
2579 2618 2648 2661 ea
2672 2598 2917 2660 ineunte
2945 2606 3118 2660 aetate
3137 2606 3294 2659 esset
3327 2599 3603 2676 ed'uctus,

1953 2701 2234 2754 accurate
2259 2699 2546 2753 versatus:
2574 2700 2788 2771 praeter
2811 2688 3097 2770 temporis
3120 2695 3317 2750 autem
3343 2688 3604 2768 longitu-

1954 2782 2156 2844 dinem
2187 2780 2334 2842 nihil
2357 2779 2782 2841 remisissetde
2808 2777 3294 2856 intemperantia,
3319 2778 3427 2840 sed
3461 2798 3607 2841 con-

1962 2872 2247 2933 tendisset
2262 2870 2347 2932 vel
2373 2877 2585 2930 natura
2607 2868 2790 2930 videri
2808 2867 3085 2948 superior
3102 2871 3160 2928 in
3185 2865 3367 2930 rebus
3391 2867 3607 2948 turpis-

1960 2960 2153 3034 simis,
2189 2969 2498 3041 postquam
2533 2976 2810 3036 magnum
2826 2958 2949 3037 jam
2984 2957 3334 3019 Flavianum
3369 2976 3602 3034 eorum,

1961 3052 2062 3131 qui
2085 3051 2146 3112 in
2167 3050 2332 3112 cmlis
2363 3050 2576 3112 festum
2609 3059 2813 3126 agunt,
2838 3045 3086 3110 tenebat
3119 3047 3362 3123 chorus,
3399 3059 3607 3129 captus

1962 3140 2261 3202 desiderio
2285 3141 2346 3203 in
2371 3140 2628 3202 ecclesia
2649 3137 3022 3200 Antiochena
3048 3139 3368 3200 exercendi
3396 3147 3442 3217 ι)
3459 3158 3604 3200 ran-

1961 3229 2190 3302 nidem,
2225 3247 2358 3290 cum
2391 3228 2766 3289 observasset
2797 3235 3051 3307 tempus,
3087 3227 3146 3288 in
3189 3247 3305 3308 quo
3335 3227 3607 3289 universa

1961 3317 2172 3380 civitas
2195 3319 2440 3391 exierat,
2472 3327 2533 3380 ut
2563 3327 2652 3377 est
2677 3335 2806 3377 mos
2827 3316 2882 3377 ei
2912 3317 3213 3397 antiquus,
3250 3316 3320 3379 ad
3354 3325 3606 3398 specta-

1961 3407 2117 3480 cula,
2152 3426 2281 3488 quae
2304 3408 2455 3468 ﬁunt
2495 3407 2556 3467 in
2583 3405 2854 3485 Daphne,
2886 3405 3251 3468 Antiochum
3287 3406 3515 3468 habens
3547 3419 3608 3468 et.

1963 3496 2352 3560 Severianum
2387 3506 2444 3558 et
2476 3495 2786 3570 Acacium,
2819 3496 2920 3576 qui
2953 3504 3121 3556 erant
3150 3506 3357 3575 aperte
3378 3496 3608 3558 inimici

1955 3587 2248 3662 veritatis,
2281 3604 2456 3667 opem
2512 3586 2772 3647 ferentes
2803 3585 2934 3666 ejus
2966 3585 3280 3664 cupiditati
3302 3590 3408 3664 (est
3441 3586 3602 3647 enim

1957 3677 2153 3738 sitnile
2168 3677 2350 3739 simili
2373 3675 2680 3756 amicum),
2717 3675 2940 3738 invadit
2970 3674 3201 3749 sedem,
3228 3683 3292 3737 ut
3312 3675 3414 3756 qui
3440 3685 3601 3738 esset

1960 3779 2050 3834 tur
2073 3786 2126 3833 et
2147 3791 2264 3834 non
2289 3784 2560 3848 pastor,et
2579 3776 2649 3832 ab
2672 3775 2760 3832 his
2783 3775 3602 3848 exsecrandisordinaturzqui

1963 3870 2012 3925 el
2037 3870 2117 3926 rei
2142 3876 2358 3925 tantam
2382 3865 2771 3923 adhibuerunt
2790 3867 3232 3930 celeritatem,ut
3256 3879 3362 3922 nec
3387 3881 3515 3937 quae
3538 3865 3609 3922 de

1964 3973 2125 4016 more
2145 3957 2376 4029 quidem
2402 3956 2587 4014 solent
2611 3956 2758 4023 ﬁeri,
2783 3956 2974 4014 locum
3001 3957 3342 4028 repererint.
3374 3955 3485 4013 Sed
3517 3957 3610 4014 isti

1963 4047 2196 4121 quidem
2221 4057 2814 4111 consecratores,cum
2839 4047 2961 4104 haec
2985 4047 3126 4103 facta
3162 4057 3358 4103 essent
3386 4047 3441 4102 in
3468 4057 3620 4104 tene-

1964 4141 2174 4205 bris,se
2201 4139 2389 4197 statim
2416 4139 2469 4194 in
2499 4139 2670 4209 pedrs
2693 4137 3091 4209 coniicicntes,
3115 4137 3242 4208 fuga
3268 4137 3379 4194 sibi
3403 4151 3616 4194 consu-

1966 4232 2224 4296 luerunt.
2251 4230 2422 4287 astris
2444 4229 2592 4286 viam
2629 4236 2915 4295 notantes,
2951 4238 3005 4284 et
3031 4227 3326 4284 montibus
3359 4227 3533 4284 inviis
3557 4241 3620 4286 se

1967 4323 2420 4380 committentes.
2456 4319 2664 4376 Civitas
2696 4328 2888 4375 autem
2915 4331 3046 4374 cum
3084 4317 3376 4389 quodjam
3409 4318 3617 4377 factum

1967 4413 2156 4470 fuerat
2185 4410 2483 4478 sensisset,
2517 4409 2746 4480 publice
2790 4423 2991 4466 omnes
3023 4409 3459 4475 convenienZes,
3493 4424 3624 4467 sar-

1972 4504 2296 4572 mentaque
2322 4503 2381 4556 et
2403 4495 2600 4572 ignem
2629 4501 2902 4556 tenentes
2923 4493 2981 4554 in
3011 4492 3440 4572 manibus,ipsi
3463 4513 3578 4575 quo
3595 4530 3615 4541 -

1976 4606 2092 4667 que
2115 4585 2242 4647 zelo
2268 4602 2388 4646 non
2415 4583 2612 4644 minus
2641 4583 3367 4663 inﬂammati,irruperunt
3391 4583 3463 4644 ad
3485 4587 3626 4646 Por-

1979 4676 2252 4757 phyrium
2273 4672 2522 4753 (sciebat
2546 4671 2706 4735 enim
2741 4672 2932 4752 qualis
2959 4681 3115 4734 esset
3137 4672 3267 4752 ejus
3290 4671 3425 4747 vita,
3445 4691 3619 4753 quam

1975 4766 2244 4828 insolens
2267 4773 2323 4826 et
2343 4783 2519 4846 quam
2545 4763 3092 4837 exsecranda),cum
3117 4764 3246 4843 ipsa
3269 4763 3445 4823 domo
3469 4763 3625 4842 epis-

1979 4866 2229 4937 copatus
2260 4873 2395 4917 eum
2447 4853 2713 4915 volentes
2742 4852 3123 4915 comburere.
3162 4855 3216 4915 ls
3257 4862 3453 4914 autem
3487 4871 3624 4914 cum

1978 4947 2252 5004 sensisset
2272 4951 2612 5014 conceptum
2638 4944 2695 4999 in
2721 4958 2782 4999 se
2805 4943 3162 5009 odium,duci
3185 4944 3472 4999 exercitus
3492 4955 3624 5000 coro

1977 5037 2153 5110 rupto
2179 5028 2739 5111 pecuniis,persuad
2751 5036 2809 5089 et
2829 5027 3118 5089 adversus
3145 5026 3335 5089 zelum
3357 5025 3623 5088 ﬁdelium

1981 5139 2090 5203 pro
2113 5121 2335 5202 pietate
2365 5119 2517 5181 iram
2543 5136 2779 5181 armare
2799 5118 3228 5180 daamoniacam
3258 5137 3271 5180 :
3305 5117 3627 5199 statimque

1977 5211 2089 5274 fuit
2109 5217 2503 5290 congregatus
2521 5209 2582 5270 in
2597 5227 2702 5270 eos
2724 5207 3023 5270 exercitus
3041 5225 3235 5270 saevus
3251 5216 3308 5269 et
3320 5207 3626 5283 immanis,

1981 5311 2040 5365 et
2070 5302 2232 5383 quim
2263 5319 2341 5362 ne
2385 5298 2560 5362 facile
2592 5297 2831 5381 quidem
2864 5298 3204 5378 potuissent
3231 5297 3498 5376 aggredi,
3529 5297 3632 5377 qui

1982 5394 2176 5458 aciem
2209 5393 2654 5456 instruxissent.
2709 5390 2944 5454 Deinde
2992 5390 3246 5454 excitata
3278 5398 3368 5452 est
3423 5408 3635 5469 magna

2059 5533 2172 5606 (51)
2205 5531 2252 5601 Q

2257 5532 2346 5589 uis
2377 5542 2588 5596 autem,
2623 5538 2678 5589 et
2705 5529 2894 5600 qualis
2922 5526 3115 5592 fuerit,
3155 5536 3214 5586 et
3241 5545 3270 5585 δ
3303 5527 3508 5600 quibus
3537 5542 3630 5585 or-

269 5587 343 5675 18,
379 5587 415 5644 l.
460 5599 568 5675 vtig
595 5604 645 5645 c.
685 5587 770 5675 ;
803 5587 1017 5675 ’Sohl.
1053 5601 1176 5648 vui.
1241 5604 1292 5649 ο.
1323 5591 1394 5648 27
1426 5610 1442 5658 ;
1481 5591 1522 5650 l.
1572 5603 1677 5658 νη,
1711 5607 1762 5649 e.
1796 5587 1888 5664 '2,

1998 5587 2823 5675 uitiatus:'vide’BaronIttim.
2858 5601 2914 5665 V,
2948 5600 3020 5658 ad
3045 5587 3268 5658 annum
3308 5587 3435 5657 ὶοι.

269 5661 465 5721 Baron.
500 5660 572 5718 ad
603 5674 824 5718 annum
854 5659 980 5718 606.
1075 5716 1077 5718 .
