3954 6146
277 311 433 378 1197

276 541 446 620 χθεὶς,
509 535 753 604 Ἀττικὸς
797 536 986 614 ὄνομα,
1036 539 1155 602 τοὺς
1200 539 1297 606 τῆς
1349 538 1671 607 Ἐκκλησίας
1732 541 1923 603 οἲάκας

1322 312 1507 382 VITA
1553 317 1614 381 S.
1682 308 2006 384 JOANNIS
2047 307 2608 382 CHRYSOSTOMI.

358 448 497 507 NE'.
548 449 693 505 Μετὰ
742 446 797 505 δὲ
839 454 1026 506 τοῦτον
1069 448 1200 526 ἀνὴρ
1249 451 1309 504 ἐκ
1373 447 1732 529 πρεσϐυτερων
1787 453 1981 510 ἀνα-Α

3501 301 3654 379 1198

2087 451 2357 516 LV.Post
2383 429 2517 514 eum
2540 463 2742 513 autem
2769 449 3055 531 (58),viro
3079 447 3314 510 cuidam
3348 448 3562 511 educto
3586 468 3658 511 ex

2013 542 2396 623 presbyteris,
2427 542 2669 604 nomine
2688 540 2910 612 Attico,
2935 538 3187 601 traditur
3215 537 3416 599 clavus
3450 537 3652 600 Eccle-

274 629 658 708 ἐγχειρίζεται,
710 627 824 685 καθ’
889 629 945 684 ὃν
1011 628 1208 707 χρόνον
1279 626 1454 691 ἀδείας
1516 633 1562 686 οἱ
1619 633 1672 687 ἐν
1719 629 1928 712 Ἐφέσῳ

2064 647 2124 687 ae.
2161 633 2284 700 Quo
2307 631 2542 703 quidem
2567 643 2823 712 tempore
2839 630 3136 712 Ephesini,
3159 643 3290 712 cum
3312 627 3474 684 nullo
3497 643 3663 685 coer-

278 716 595 798 λαϐόμενοι,
659 719 831 774 πάντα
894 731 1067 775 κινεῖν
1121 721 1209 774 καὶ
1266 716 1622 794 μεταϐάλλειν
1679 723 1814 779 κατὰ
1870 723 1930 778 τὸ

281 821 499 886 saturet:
556 806 742 865 δοκοῦν
801 806 1080 889 ἔσπευδον,
1137 809 1259 871 τοὺς
1303 807 1483 872 καλῶς
1542 809 1662 885 μὲν,
1723 813 1810 868 καὶ
1860 813 1932 873 ὡς

283 905 401 972 Θεῷ
460 897 637 976 φίλον,
685 903 792 954 τῶν
835 897 1034 977 θρόνων
1094 897 1518 973 ἐπειλημμένους
1568 899 1934 977 ἐξωθούμενοι,

281 987 504 1065 μιαροὺς
591 986 646 1044 δέ
717 1010 863 1050 τινας
949 991 1037 1044 καὶ
1104 987 1363 1064 βεϐήλους
1439 989 1524 1046 ἐπὶ
1597 997 1938 1072 καταστροφῇ

280 1077 477 1156 ψυχῶν
535 1075 949 1156 καταλέγοντες,
1014 1075 1261 1152 οὐδεμιᾶς
1313 1077 1554 1155 ἐρεύνης,
1617 1080 1650 1148 ἢ
1709 1081 1938 1156 βασάνου

281 1167 383 1235 τῆν
451 1168 788 1248 χειροτονίαν
859 1165 1369 1244 προλαμϐανούσης·
1439 1168 1558 1226 ἀλλ’
1611 1172 1800 1246 οὓτως,
1859 1173 1932 1234 ὡς

281 1256 490 1312 εἰκαῖον
546 1261 769 1334 πρᾶγμα
825 1256 914 1312 καὶ
958 1257 1018 1312 τὸ
1077 1258 1270 1336 τυχὸν,
1327 1267 1420 1316 τοῦ
1474 1257 1850 1338 βουληθέθτος,
1897 1259 1932 1326 ἢ

279 1342 602 1420 δεδωκότος,
654 1345 760 1402 τῶν
811 1345 1032 1424 θρόνων,
1095 1345 1239 1425 φεῦέ
1316 1348 1628 1424 γινομένων·
1693 1347 1780 1404 ὅτε
1837 1351 1934 1405 καί

282 1436 330 1491 οἱ
403 1433 619 1499 δικαίως
663 1436 765 1492 ὑπὸ
835 1434 930 1502 τῆς
990 1435 1254 1512 μακαρίας
1333 1436 1540 1505 ἐκείνης
1587 1442 1777 1519 ψυχῆς
1848 1442 1933 1496 καὶ

282 1522 534 1602 γλώττης
577 1525 683 1581 τῶν
739 1523 1077 1592 Ἐκκλησιῶν
1123 1523 1495 1601 ἐκϐληθέντες,
1557 1527 1934 1608 προσελθόντες

283 1627 403 1678 τοῖς
470 1627 926 1695 καταφρονητατςν
968 1615 1174 1678 τούτοις
1248 1617 1549 1695 χρημάτων
1623 1619 1781 1684 αὐτὰς
1852 1618 1935 1684 ἐξ-

2014 721 2178 770 cente
2205 721 2358 770 metu
2387 713 2681 770 licentiam
2713 709 3317 782 erripuissent,omnia
3347 723 3577 766 movere
3605 717 3660 765 et

2021 813 2427 870 transmutare,
2451 805 2599 861 sicut
2621 803 2704 860 eis
2728 801 3047 866 videbatur,
3079 799 3511 857 studebantzeos
3532 799 3660 872 qui--

2021 897 2172 960 dem,
2204 893 2302 966 qui
2327 903 2480 952 recte
2509 901 2649 952 etut
2678 892 2793 949 Deo
2825 891 3106 962 placebat,
3143 891 3200 946 in
3233 889 3469 947 sedibus
3499 899 3664 947 erant

2023 983 2312 1052 collocati,
2335 983 2692 1055 expelli-mes
2721 1001 2734 1037 :
2758 981 3035 1055 quosdam
3059 991 3247 1038 autem
3272 980 3581 1037 sceleratos
3611 988 3666 1035 et

2022 1074 2298 1155 profanos
2314 1073 2386 1134 ad
2406 1073 2737 1136 animarum
2761 1070 3006 1133 exitium
3023 1069 3552 1144 collocantes,cum
3570 1088 3666 1131 or-

2020 1164 2387 1226 dinationem
2439 1163 2604 1226 nulla
2658 1160 3052 1243 perscrutatio
3107 1159 3518 1240 praecessisset.
3567 1165 3667 1221 aut

2016 1253 2511 1317 examinatiozsed
2539 1253 2788 1333 perinde
2804 1269 2872 1312 ac
2895 1251 2944 1312 si
2974 1257 3129 1311 esset
3158 1267 3256 1310 res
3281 1249 3428 1310 levis
3445 1257 3500 1310 et
3526 1249 3666 1311 faci-

2017 1344 2278 1426 cilis,qui
2302 1343 2571 1405 voluerat
2592 1350 2692 1404 aut
2715 1341 2914 1423 potius
2934 1340 3035 1421 qui
3057 1339 3328 1413 dederat,
3363 1339 3435 1400 ad
3458 1339 3664 1400 sedem

2019 1432 2560 1515 perveniebatQuo
2591 1440 2862 1512 tempore
2880 1429 2984 1511 qui
3007 1429 3080 1489 ab
3104 1429 3204 1491 illa
3232 1448 3472 1510 quoque
3491 1429 3668 1492 beata

2019 1524 2214 1584 anima
2231 1524 2396 1604 juste
2426 1523 2603 1604 ejecti
2625 1521 2864 1583 fuerant
2891 1517 2965 1580 ab
2997 1518 3293 1594 ecclesiis,
3319 1533 3526 1580 rursus
3549 1537 3668 1580 non

2021 1612 2346 1675 difﬁciliter
2359 1612 2602 1675 fuerunt
2626 1608 3084 1672 introductizsed
3105 1609 3213 1670 hos
3227 1615 3672 1689 contemptores

285 1709 537 1760 ωνοῦντο⁶
596 1701 718 1781 οἵγε
771 1705 858 1760 καὶ
917 1694 1287 1782 Ἡρακλείδην
1323 1707 1414 1762 τὸν
1466 1706 1550 1764 ὕπ’
1605 1709 1804 1764 ἐκείνου
1853 1715 1940 1771 καὶ

2064 1717 2153 1778 pte
2176 1707 2699 1778 aggredientes,eas
2721 1712 2988 1761 emerunt
3013 1701 3417 1772 pecuniis.Qui
3434 1701 3667 1774 quidem

285 1788 653 1868 ἐϐδομήκοντα
739 1793 1050 1850 ἐπισκόπων
1134 1792 1289 1859 ἀξίως
1373 1797 1465 1852 τὸν
1532 1801 1630 1863 τῆς
1712 1797 1981 1879 Ἐφέσουι

2064 1790 2402 1853 leraclidem
2419 1808 2678 1871 quoque,
2707 1795 2801 1850 cui
2825 1787 2898 1879 ab
2924 1787 3103 1879 illoet
3125 1786 3671 1879 septuaginta_sc_ili-

288 1881 634 1938 πιστευθέντα
691 1883 895 1955 θρόνον,
970 1884 1236 1961 τεττάρων
1309 1884 1442 1940 ἐτῶν
1507 1875 1932 1965 ἐγκλεισάμενοι,
1964 1875 1981 1879 -

2064 1888 2114 1938 et
2135 1880 2625 1951 episcOpis,digne
2645 1878 2994 1935 commissus
3016 1876 3198 1933 fuerat
3221 1875 3675 1946 thronuspre-

283 1981 373 2026 καί
429 1971 525 2038 τῆς
586 1969 908 2037 Ἐκκλησίας
981 1970 1300 2052 ἐξώσαντες,
1357 1981 1448 2030 τὸν
1506 1977 1598 2030 τοῦ
1666 1972 1936 2053 τριϐούνου

2064 1972 2231 2036 i,cum
2260 1968 2782 2026 inclusissentetab
2808 1966 3048 2024 ecclesia
3068 1966 3671 2036 expulissent,tribuni

289 2061 539 2138 Βίκτορος
603 2062 856 2140 εὐνοῦχον
915 2068 991 2134 τῷ
1049 2063 1216 2139 θρόνῳ
1291 2066 1383 2119 τοῦ
1439 2064 1696 2142 παρθένου
1755 2065 1934 2126 κακῶς

2069 2060 2265 2116 ictoris
2291 2060 2624 2116 eunuchum
2651 2059 2708 2113 in
2737 2057 2872 2112 sede
2901 2057 3170 2127 virginis,
3210 2056 3357 2113 male
3380 2056 3672 2128 (ejustitia

289 2148 359 2228 (ὢ
388 2148 534 2224 δίκη,
566 2151 654 2206 καὶ
685 2150 862 2230 ἆνοχὴ
894 2151 1026 2208 Θεοῦ
1053 2151 1102 2230 Ῑ)
1145 2153 1325 2217 κακῶς
1355 2155 1446 2210 καὶ
1488 2152 1707 2219 ἀναξίως
1739 2155 1935 2232 ἐγκαθ-

2064 2160 2072 2206 l
2099 2150 2197 2206 Dei
2223 2149 2537 2219 patientia!)
2563 2146 2711 2202 male
2733 2155 2785 2202 et
2808 2144 3048 2215 indigne
3079 2144 3532 2209 collocaut.cum
3558 2159 3676 2203 non

290 2245 532 2314 ιστῶσιν,
569 2241 672 2321 οὐχ
733 2241 1118 2320 ἡμιμόχθηρον
1149 2241 1298 2302 ὄντα.
1335 2242 1442 2300 οὐδ’
1486 2244 1720 2309 ἀνεκτῶς
1749 2243 1941 2320 βδελυσ-

290 2331 408 2408 ρὸν,
445 2329 584 2386 ἀλλὰ
642 2336 921 2409 προφανῶς
973 2331 1205 2388 κίναιδον
1249 2333 1336 2388 καὶ
1379 2333 1779 2391 κατάπνυστον.
1833 2334 1938 2400 Τὴν

293 2417 348 2474 δὲ
395 2421 687 2499 Πορφυρίου
747 2419 975 2496 τόλμαν,
1024 2422 1109 2478 καὶ
1170 2422 1266 2488 τὴν
1312 2421 1516 2490 πολλὴν
1587 2423 1794 2489 ἐκείνην
1851 2430 1943 2479 τοῦ

293 2510 612 2585 πράγματος
671 2512 968 2582 ἰταμότητα
1029 2511 1107 2574 τίς
1182 2509 1242 2565 ἂν
1307 2511 1441 2567 ἑκών
1507 2533 1568 2590 γε
1650 2511 1943 2590 ἀνάσχοιτο

294 2605 500 2670 σιωπᾷν
537 2619 552 2677 ς
591 2601 807 2673 Γεραιὸς
852 2600 949 2674 μὲν
981 2600 1158 2675 οὗτος,
1190 2605 1287 2656 καὶ
1332 2601 1430 2667 τὴν
1460 2603 1764 2680 μοχθηρίαν
1812 2603 1940 2668 ἡλι-

294 2690 482 2744 κιῶτιν
522 2686 749 2766 ἀκριϐῶς
785 2688 954 2768 ἒχων,
1004 2688 1152 2745 ούδὲν
1184 2688 1238 2745 δὲ
1297 2692 1400 2744 ὑπὸ
1428 2699 1520 2746 τοῦ
1553 2698 1756 2768 μαιεροῦ
1801 2691 1941 2771 χρό-

296 2800 387 2833 νου
432 2779 563 2855 πρὸς
615 2779 714 2844 τὴν
758 2778 1046 2836 ἀκολασίαν
1093 2779 1410 2859 ὠφεληθεὶς,
1444 2779 1581 2836 ἀλλὰ
1628 2779 1941 2860 φιλονεική-

297 2889 394 2932 σας
429 2871 510 2925 καὶ
568 2871 770 2947 φύσεως
803 2872 1044 2950 ὠφθῆναι
1091 2872 1340 2946 κρείττων
1376 2877 1429 2928 ἐν
1476 2885 1593 2937 τοῖς
1627 2873 1944 2952 αἰσχίστοις·

2025 2248 2186 2302 esset
2234 2237 2585 2300 semimalus
2620 2254 2730 2298 nec
2765 2233 3156 2296 tolerabiliter
3204 2233 3537 2312 improbus,
3572 2235 3676 2296 sed

2025 2337 2228 2411 aperte
2251 2327 2514 2390 cinaedus
2543 2335 2600 2386 et
2621 2324 3046 2387 exsecrandus.
3075 2322 3384 2403 Porphyrii
3414 2326 3541 2403 (54)
3565 2342 3675 2385 au-

2027 2428 2144 2481 tem
2175 2417 2480 2479 audaciam
2500 2416 2871 2492 etinsignem
2901 2413 3063 2474 illam
3098 2415 3184 2474 rei
3216 2413 3673 2493 impudentiam.

2026 2511 2163 2591 quis
2181 2507 2375 2569 libens
2395 2504 2635 2567 silentio
2657 2501 3040 2584 praeterierit?
3070 2501 3126 2564 Is
3147 2520 3352 2583 senex,
3389 2511 3447 2563 et
3477 2503 3536 2564 in
3568 2502 3681 2564 im-

2028 2598 2422 2680 probitate,ut
2443 2595 2545 2676 qui
2569 2595 2629 2655 in
2651 2612 2720 2656 ea
2744 2593 2988 2654 ineunte
3016 2600 3190 2654 aetate
3208 2601 3366 2652 esset
3399 2592 3675 2669 eductus,

2026 2697 2306 2750 accurate
2331 2693 2618 2747 versatus:
2647 2694 2860 2765 praeter
2883 2682 3168 2763 temporis
3192 2689 3390 2744 autem
3416 2682 3676 2761 longitu—

2028 2779 2228 2840 dinem
2261 2775 2407 2838 nihil
2429 2773 2855 2836 remisissetde
2880 2770 3366 2850 intemperantia,
3393 2771 3499 2833 sed
3534 2792 3680 2834 con-

2035 2865 2421 2930 tendissetvel
2446 2872 2657 2926 natura
2681 2863 2864 2924 videri
2882 2861 3158 2942 superior
3175 2865 3233 2922 in
3257 2859 3441 2923 rebus
3465 2861 3680 2942 turpis-

301 2957 448 3015 Ἐπεὶ
479 2959 567 3015 οὖν
594 2962 686 3015 τὸν
719 2961 884 3037 μέγαν
930 2958 1034 3027 ἤδη
1069 2959 1372 3018 Φλαϐιανὸν
1409 2964 1436 3017 ὁ
1483 2968 1589 3018 τῶν
1617 2961 1672 3018 ἐν
1703 2951 1947 3038 ούρανοϊς

2066 2957 2226 3030 imis,
2263 2965 2572 3036 postquam
2607 2953 3023 3032 magnumjam
3057 2951 3408 3014 Flavianum
3443 2970 3676 3028 eorum,

300 3046 656 3125 ἑορταζόντων
689 3050 817 3129 εἶχε
863 3051 1053 3129 χορὸς,
1090 3050 1260 3128 ἔρωτα
1312 3052 1464 3130 σχὼν
1495 3056 1590 3117 τῆς
1623 3051 1952 3132 Ἀντιοχέων

2064 3049 2136 3127 [υἱ
2159 3047 2220 3108 in
2242 3045 2407 3108 caelis
2437 3047 2650 3107 festum
2683 3054 2887 3122 agunt,
2914 3039 3162 3104 tenebat
3193 3041 3437 3117 chorus,
3473 3052 3680 3122 captus

301 3140 656 3216 πυραννήσειν
685 3138 1030 3214 Ἐκκλησίας,
1067 3138 1364 3207 ἐπιτηδείου
1415 3151 1599 3219 καιροῦ
1633 3139 1981 3242 λαϐόπενος,⁴

301 3226 823 3246 ιν-..κ
971 3230 1100 3246 ι,
1614 3229 1855 3246 ηις...

2064 3136 2336 3198 lesiderio
2359 3136 2420 3199 in
2447 3136 2701 3196 ecclesia
2723 3133 3097 3195 Antiochena
3123 3132 3442 3195 exercendi
3471 3141 3678 3211 tiran-

2081 3225 2167 3246 'j-
2218 3245 2229 3246 γ
2310 3243 2426 3246 κρῖ--
2476 3223 2835 3246 -L--______-n
2871 3230 3102 3246 1-..._-__
3161 3221 3216 3246 2..
3269 3241 3373 3246 ----
3409 3221 3676 3246 ___1_.__.--

299 3226 357 3283 ὲν
388 3231 433 3301 ᾧ
478 3234 622 3284 πᾶσα
649 3229 683 3296 ἡ
731 3227 890 3290 πόλις
944 3231 1018 3293 εἰς
1051 3230 1116 3285 τὰ
1170 3231 1308 3286 κατὰ
1345 3231 1560 3310 Δάφνην
1611 3221 1981 3297 ἐξεληλύθασι1

2064 3225 2264 3298 iidem,
2300 3243 2432 3286 cum
2466 3223 2840 3284 observasset
2871 3230 3125 3302 tempus,
3161 3221 3220 3282 in
3263 3241 3380 3302 quo
3409 3221 3682 3282 universa

298 3316 494 3396 θέατρα
557 3317 692 3372 κατά
721 3340 772 3373 τι
805 3317 1034 3375 παλαιὸν
1087 3317 1198 3384 ἔθος
1232 3319 1390 3376 εἰσέτι
1423 3320 1697 3397 γινόμενα,
1738 3320 1950 3376 Ἀντίο-

2064 3314 2246 3376 ivitas
2269 3314 2514 3386 exierat,
2545 3322 2607 3374 ut
2637 3322 2725 3372 est
2751 3330 2879 3372 mos
2901 3311 2957 3372 ei
2987 3311 3286 3391 antiquus,
3324 3310 3395 3373 ad
3428 3318 3680 3391 specta-

301 3407 409 3485 χόν
466 3427 524 3462 τε
555 3407 643 3463 καὶ
688 3405 1014 3486 Σεϐηριανον
1075 3406 1242 3487 ἔχων,
1277 3411 1406 3486 πρὸς
1464 3407 1634 3465 δὲκαὶ
1695 3409 1952 3466 Ἀκάκιον

2064 3403 2191 3476 .uia,
2225 3422 2356 3484 qua;
2378 3404 2528 3464 fiunt
2569 3402 2630 3462 in
2657 3401 2928 3480 Daphne,
2960 3399 3324 3462 Antiochum
3362 3400 3588 3461 habens
3621 3412 3682 3462 et

296 3497 421 3558 τοὺς
487 3495 584 3563 τῆς
627 3495 877 3563 ἀληθείας
929 3500 1154 3576 ἐχθροὺς
1217 3497 1620 3575 συναιρομένους
1662 3500 1803 3573 αὒτῷ
1851 3504 1949 3566 τῆς

2064 3493 2427 3556 ieverianum
2461 3501 2517 3554 et
2550 3491 2860 3565 Acacium,
2892 3491 2994 3571 qui
3027 3499 3195 3550 erant
3224 3500 3430 3570 aperte
3452 3489 3682 3551 inimici

295 3585 602 3665 ἐπιθυμίας,
679 3585 916 3659 ἐπιπηδᾷ
983 3595 1058 3662 τῷ
1127 3589 1316 3662 θρόνῳ,
1391 3587 1626 3666 καθάπερ
1706 3587 1943 3655 κλέπτης

2064 3584 2322 3658 ‘eritatis,
2355 3600 2530 3662 opem
2585 3582 2845 3642 ferentes
2877 3581 3008 3660 ejus
3039 3579 3354 3659 cupiditati
3376 3584 3482 3658 (est
3515 3580 3675 3640 enim

300 3677 391 3731 καί
453 3679 512 3734 οὗ
568 3676 773 3751 ποιμὴν
830 3674 929 3756 ὢν,
992 3679 1076 3733 καὶ
1141 3678 1244 3733 ὑπὸ
1312 3678 1420 3734 τῶν
1483 3677 1690 3754 μιαρῶν
1747 3679 1947 3733 τούτων

2064 3673 2227 3734 imile
2243 3673 2424 3734 simili
2446 3671 2754 3751 amicum),
2791 3669 3015 3732 invadit
3044 3668 3276 3744 sedem,
3303 3676 3366 3731 ut
3387 3669 3488 3750 qui
3513 3678 3675 3730 esset

299 3779 692 3844 χειροτονεῖται
738 3767 1004 3833 τοσαύτην
1077 3768 1486 3845 εἰσενεγκόντων
1535 3774 1609 3842 τῷ
1675 3768 1950 3845 πράγματι

302 3855 400 3922 τὴν
451 3853 710 3930 σπουδὴν,
745 3858 814 3916 ὡς
851 3855 988 3930 μηδὲ
1045 3857 1111 3912 τὰ
1142 3860 1492 3932 νενομισμένα
1547 3855 1952 3925 συντελεσθῆναι

306 3942 390 4000 διὰ
419 3947 482 4001 τὸ
512 3945 707 4026 τάχος.
773 3943 927 4002 Ἀλλ’
958 3945 1101 4003 οὗτοι
1147 3947 1242 4020 μὲν
1274 3949 1321 4005 οἱ
1363 3945 1721 4025 τελεσιουργοὶ
1750 3950 1854 4003 τῶν
1900 3947 1952 4004 ἐν

306 4033 484 4090 σκότει
531 4033 948 4114 πεπραγμένων,
995 4039 1031 4113 ᾔ
1076 4033 1252 4092 ποδῶν
1293 4040 1478 4117 εἶχον,
1513 4037 1656 4100 εὐθὺς
1709 4035 1952 4117 ἔφευγον,

303 4121 517 4203 ἄστροις
579 4124 1064 4202 ἐπισημαινόμενοι
1123 4129 1223 4194 τὴν
1281 4124 1424 4195 ἔιδον,
1472 4129 1559 4183 καὶ
1589 4125 1761 4202 ὄρεσιν
1817 4125 1955 4182 ἀϐά-

2035 3777 2125 3832 iur
2148 3783 2200 3830 et
2221 3786 2340 3831 non
2363 3780 2635 3843 pastor,et
2653 3771 2722 3826 ab
2747 3769 2834 3826 bis
2858 3769 3676 3841 exsecrandisordinaturzqui

2038 3866 2087 3922 el
2111 3866 2192 3922 rei
2217 3872 2433 3921 tantam
2457 3861 2846 3919 adhibuerunt
2865 3861 3308 3924 celeritatem,ut
3332 3873 3438 3916 nec
3463 3874 3590 3931 quae
3613 3857 3684 3916 de

2039 3970 2200 4012 more
2220 3953 2451 4026 quidem
2477 3951 2663 4010 solent
2687 3951 2833 4018 ﬂeri,
2859 3951 3050 4009 locum
3076 3951 3417 4022 repererint.
3450 3949 3560 4007 Sed
3593 3951 3684 4008 isti

2039 4043 2270 4117 quidem
2296 4052 2889 4108 consecratores,cum
2914 4041 3036 4098 haec
3060 4041 3202 4098 facta
3239 4051 3434 4098 essent
3461 4041 3516 4096 in
3543 4050 3696 4098 tene-

2040 4137 2250 4202 bris,se
2276 4135 2466 4193 statim
2491 4133 2544 4191 in
2575 4134 2746 4204 pedes
2768 4132 3166 4204 coniicit-Mes,
3191 4131 3318 4202 fuga
3344 4130 3454 4187 sibi
3479 4145 3692 4187 consu-

304 4234 424 4274 τοις
472 4213 689 4277 ἑαυτοὺς
735 4215 1138 4294 ἐπιτρέψαντες.
1175 4217 1241 4272 Ἦ
1287 4214 1341 4272 δὲ
1400 4215 1555 4281 πόλις
1615 4219 1687 4280 ὡς
1734 4215 1838 4285 ἤδη
1867 4226 1960 4276 τοῦ

2068 4236 2300 4292 uerunt,
2327 4226 2498 4283 astris
2519 4225 2668 4280 viam
2705 4231 2990 4290 notantes,
3026 4233 3082 4278 et
3108 4221 3402 4278 montibus
3435 4221 3608 4277 inviis
3633 4235 3696 4278 se

306 4301 670 4378 τολμηθέντος
729 4302 944 4381 ᾔσθετο,
1009 4304 1275 4382 πανδημεὶ
1334 4305 1528 4370 πάντες
1598 4305 1957 4382 συνελθόντες,

2064 4319 2496 4376 :ommittentes.
2531 4314 2740 4372 Civitas
2772 4323 2964 4371 autem
2990 4327 3122 4369 cum
3159 4311 3451 4384 quodjam
3484 4311 3693 4370 factum

309 4393 548 4472 φρύγανά
626 4416 677 4450 τε
741 4395 838 4451 καὶ
908 4403 1008 4465 πῦρ
1079 4398 1216 4471 μετὰ
1271 4409 1462 4476 χεῖρας
1509 4396 1755 4477 ἔχοντες,
1815 4395 1960 4454 οὐδὲν

2065 4417 2232 4467 uerat
2261 4406 2559 4474 sensisset,
2593 4404 2822 4476 publice
2865 4417 3067 4461 omnes
3099 4403 3534 4468 convenienzes,
3569 4418 3700 4460 sar-

308 4484 472 4549 ἧττον
528 4485 613 4540 καὶ
673 4485 821 4541 αὒτοὶ
887 4484 1036 4560 ζήλῳ
1116 4487 1213 4554 τὴν
1281 4488 1469 4566 ψυχὴν
1542 4486 1799 4562 ἡμμένοι,
1871 4494 1962 4545 τοῦ

2064 4500 2371 4568 nentaque
2399 4499 2457 4552 et
2479 4491 2677 4569 ignem
2705 4497 2978 4551 tenentes
2999 4487 3057 4548 in
3087 4486 3518 4566 manibus,ipsi
3539 4506 3692 4568 quo-

313 4574 602 4664 flopqappiou
678 4557 1019 4654 κατέτρεχον-
1059 4576 1170 4664 (καὶ
1229 4557 1328 4654 γὰρ
1360 4557 1637 4652 ’ῖξὶδεισαξθ-
1677 4557 1798 4641 οἷος
1874 4579 1962 4633 τὸν

2064 4603 2168 4664 que
2192 4557 2318 4643 zelo
2345 4598 2464 4642 non
2492 4557 2688 4640 minus
2717 4557 3444 4657 inflammatijrruperunt
3469 4576 3541 4638 ad
3558 4557 3703 4640 Por-

311 4663 424 4740 βίον
457 4661 666 4753 ἐκεῖνος
710 4663 990 4744 ἀνάγωγος
1022 4663 1139 4744 ἦν),
1179 4665 1322 4740 αὐτῷ
1365 4663 1568 4753 δώματι
1599 4671 1699 4734 τῆς
1743 4667 1966 4724 ἐπισκο-

2064 4661 2329 4753 phyrium
2350 4669 2599 4749 (sciebat
2622 4667 2782 4730 enim
2818 4667 3009 4748 qualis
3035 4676 3193 4729 esset
3215 4667 3345 4748 ejus
3367 4665 3503 4741 vita,
3522 4684 3697 4747 quam

315 4757 424 4820 πῆς
469 4751 752 4832 ἐκπρήσειιο
789 4755 944 4811 αὺτὸν
987 4753 1329 4832 βουλόμενοι,
1369 4746 1426 4814 Ὀ
1461 4753 1514 4812 δὲ
1547 4757 1606 4812 τὸ
1649 4757 1780 4836 πρὸς
1814 4759 1968 4816 αὐτὸν

322 4843 632 4918 αἰσθόμενος
718 4857 903 4921 μῖσος,
991 4847 1238 4925 χρήμασι
1322 4847 1414 4903 τὸν
1497 4845 1969 4928 στρατοπεδάρχην

325 4931 646 5012 διαφθείρας,
703 4933 973 4992 ἀναπείθει
1044 4938 1122 5010 τῷ
1190 4936 1320 5016 ὑπὲρ
1385 4935 1651 4998 εὐσεϐείας
1713 4937 1816 4994 τῶν
1872 4959 1970 4994 πι-

324 5029 464 5080 στῶν
523 5024 672 5099 ζήλῳ
727 5022 1000 5101 δαιμόνιον
1046 5025 1356 5083 ἆνθοπλίσαι
1407 5027 1569 5102 θυμόν
1639 5027 1735 5085 Καὶ
1790 5049 1970 5106 παρα-

321 5117 513 5192 χρῆμα
574 5112 874 5190 στράτευμα
919 5115 1287 5192 συνηθροίζετο
1338 5114 1458 5173 κατ’
1504 5117 1676 5174 αὐτῶν
1737 5115 1970 5193 πονηρὸν

325 5204 410 5258 καὶ
453 5203 756 5261 ἆτίθασσον.
824 5203 963 5260 Εῖτᾶ
1021 5207 1113 5261 καί
1175 5203 1412 5284 διωγμος
1467 5227 1548 5270 τις
1605 5204 1774 5284 μέγας
1835 5204 1972 5262 κατᾶ

322 5297 429 5348 τῶν
483 5289 821 5359 Ἐκγλησιῶν
870 5293 1160 5376 ἠρεθίζετο,
1216 5295 1302 5351 καὶ
1344 5293 1596 5372 βασιλικὰ
1640 5292 1974 5374 διατάγματα

2053 4763 2320 4824 insolens
2344 4770 2400 4823 et
2421 4778 2596 4842 quam
2622 4758 3170 4832 exsecranda),cum
3194 4759 3324 4838 ipsa
3347 4757 3522 4817 domo
3545 4757 3702 4836 epis-

2056 4862 2306 4934 copatus
2337 4869 2473 4913 eum
2523 4849 2791 4911 volentes
2819 4847 3200 4910 comburere.
3239 4849 3293 4909 Is
3334 4855 3531 4907 autem
3565 4866 3701 4907 cum

2055 4943 2330 5000 sensisset
2349 4947 2690 5010 conceptum
2715 4939 2773 4994 in
2798 4954 2858 4994 se
2881 4937 3239 5003 odium,duci
3263 4937 3548 4992 exercitus
3569 4949 3702 4993 coro

2055 5033 2230 5107 rupto
2255 5023 2885 5106 pecuniis,persuadet
2905 5021 3194 5083 adversus
3222 5019 3412 5081 zelum
3435 5018 3700 5081 fidelium

2059 5135 2166 5198 pro
2190 5117 2412 5197 pietate
2442 5113 2594 5176 iram
2621 5130 2856 5175 armare
2876 5111 3306 5174 daamoniacam
3335 5130 3348 5173 :
3382 5109 3705 5190 statimque

2055 5207 2167 5269 fuit
2187 5213 2581 5285 congregatus
2598 5203 2658 5264 in
2674 5221 2779 5264 eos
2801 5199 3100 5263 exercitus
3117 5218 3312 5262 saevus
3328 5209 3384 5261 et
3397 5199 3703 5274 immanis,

2058 5306 2119 5361 et
2148 5297 2310 5379 quim
2341 5313 2418 5356 ne
2462 5292 2636 5356 facile
2669 5291 2907 5375 quidem
2941 5290 3281 5371 potuissent
3309 5289 3576 5369 aggredi,
3607 5289 3710 5370 qui

325 5383 412 5439 καὶ
473 5382 808 5459 θεσπίσματα
864 5381 1158 5450 ὑποϐολαῖς
1213 5384 1462 5442 Ἀττικοῦ
1526 5385 1639 5464 (καὶ
1688 5385 1789 5465 γὰρ
1860 5383 1977 5442 οὐδὲ

2064 5390 2254 5454 aciem
2287 5387 2732 5451 instruxissent.
2787 5383 3020 5447 Deinde
3069 5381 3324 5446 excitata
3355 5390 3446 5444 est
3500 5401 3713 5463 magna

401 5515 515 5587 (50)

573 5515 706 5575 Vide
733 5513 972 5588 Nicepb.
1011 5516 1068 5588 l.,
1113 5527 1232 5583 xm.
1267 5532 1320 5574 c.
1350 5517 1422 5575 29
1463 5538 1478 5584 ;
1515 5517 1674 5576 Socr.
1708 5517 1748 5575 l.
1808 5529 1888 5586 γι,
1928 5533 1982 5575 c.

2137 5529 2251 5601 (51)
2283 5526 2424 5601 Quis
2443 5536 2667 5601 autem,
2701 5533 2757 5582 et
2783 5521 2971 5601 qualis
2999 5518 3192 5601 fuerit.
3233 5530 3292 5580 et
3320 5539 3348 5579 δ
3381 5521 3587 5601 quibus
3617 5536 3708 5580 or-

332 5587 417 5670 18,
455 5587 492 5644 l.
537 5600 645 5670 vn,
672 5605 722 5645 c.
762 5587 847 5657 2;
898 5587 1095 5670 895:1.
1130 5600 1254 5648 vm.
1318 5603 1370 5648 c.
1401 5589 1471 5647 27
1504 5608 1520 5657 ;
1560 5588 1600 5648 Ι.
1649 5601 1754 5657 vu,
1789 5605 1840 5648 e.
1901 5589 1981 5661 2;

2068 5587 2329 5670 dinat'us',
2367 5596 2494 5654 vide
2518 5587 2732 5656 Baron.
2764 5587 2901 5651 tem.
2936 5593 2991 5659 V,
3025 5592 3098 5649 ad
3124 5605 3346 5651 annum
3387 5587 3514 5653 404.

331 5661 542 5720 Baron.
577 5661 649 5718 ad
680 5673 902 5719 annum
931 5659 1059 5717 606.
