3954 6146
419 256 574 343 1199

1702 268 1865 347 ΜΕΝ
1871 282 1985 346 SIS
2036 280 2494 349 JANUARIUS.

3608 271 3739 343 l200

420 412 757 493 persecutio
771 411 1057 475 adversus
1068 412 1852 492 Ecclesias,etimperatoria
1865 415 1981 476 edit

2179 420 2281 492 ὒτῷ
2339 431 2619 476 κοινωνεῖν
2649 439 2728 483 τις
2774 423 2879 473 τῶν
2936 414 3284 472 εὖσεϐοόντων
3314 411 3481 491 ἠξίου)
3525 412 3614 468 ἀνὰ
3660 416 3740 475 τὰς

418 502 761 583 etdecreta,
793 505 1177 583 suggestione
1198 501 1378 563 Attici
1402 500 1626 574 (nullus
1657 501 1816 563 enim
1848 506 1979 584 pius
2012 502 2067 565 ei

414 589 655 652 volebat
671 588 1635 671 communicare)proponebantur
1649 608 1755 666 per
1774 591 2061 664 civitates,

414 698 547 761 qua;
569 680 851 742 dicebant
884 701 898 743 :
936 679 998 742 Si
1024 680 1162 759 quis
1189 679 1509 760 episcopus
1539 677 1877 760 Theophilo
1920 683 2065 743 nolit

411 770 886 844 communicare,
908 769 1231 850 Atticoque
1250 778 1311 831 et
1338 768 1972 849 Porphyrio,ejiciatur
1994 789 2062 833 ex

413 858 760 935 ecclesia,et
782 860 1050 939 privetur
1072 859 1349 934 bonis;ex
1377 858 1546 921 laicis
1570 867 1902 938 autem,qui
1934 879 2062 921 ma-

408 950 689 1028 gistratus
711 949 952 1029 quidem
982 947 1297 1027 gerunt,ab
1318 949 1550 1010 honore
1572 949 1873 1024 excidant;
1895 951 2058 1011 mili—

409 1039 575 1101 tibus.
597 1056 737 1100 vero
777 1038 1128 1100 auferantur
1160 1036 1404 1117 cingula
1438 1057 1453 1113 ;
1487 1037 1825 1099 communis
1859 1049 2056 1101 autem

405 1128 727 1190 multitudo
778 1136 836 1189 et
865 1146 996 1208 quin
1041 1136 1131 1189 est
1182 1135 1471 1208 occupata
1522 1127 1582 1187 in
1629 1127 1879 1198 artibus,
1915 1147 2058 1191 auro

404 1221 1013 1291 mulctata,damnetur
1028 1219 1237 1276 exsilio
1260 1218 1520 1288 (52).Haec
1538 1219 1825 1277 faciebant
1850 1222 2059 1278 multos

402 1307 497 1368 vel
520 1306 740 1368 invitos
758 1305 1264 1372 communicare,a
1288 1304 1503 1384 quibus
1513 1303 1899 1383 judicabatnr
1917 1307 2054 1386 quid

402 1413 681 1475 magnum
707 1404 766 1457 et
786 1393 1737 1468 minimetolerabile,excederea
1760 1395 2052 1474 pecuniis,

401 1493 461 1546 et
493 1485 713 1566 privari
765 1485 976 1565 gloria.
1033 1484 1205 1547 Multi
1235 1493 1433 1545 autem
1482 1502 1613 1547 cum
1653 1484 2052 1546 voluntarium

400 1575 730 1655 elegissent
759 1574 1061 1648 exsilium,
1097 1575 1406 1651 elegerunt
1437 1575 1634 1654 potius
1672 1575 2053 1636 solitudinem

2153 506 2334 571 πόλεις
2397 509 2645 587 ἐτίθεντο,
2713 506 2777 564 lii’
2839 527 2920 566 τις
2980 511 3084 560 τῶν
3149 502 3479 572 ἐπισκόπων,
3536 500 3742 577 λεγοντα,

2151 597 2388 678 Θεοφίλῳ
2432 599 2509 665 μὴ
2544 599 2777 653 πείθοιτο
2827 610 3104 653 κοινωνεῖν
3152 591 3381 666 Ἀττικῷ
3419 612 3476 647 τε
3518 594 3597 647 καὶ
3641 598 3746 669 Πορ-

2147 698 2332 765 φυριῳ,
2387 685 2729 755 ἐκϐεϐλήσθω
2784 690 2882 752 τῆς
2940 682 3287 759 Ἐκκλησίας,
3335 682 3568 737 καὶτῶν
3617 681 3744 736 ὄντων

2146 776 2557 855 ἆποστερείσθω.
2611 781 2726 834 Τῶν
2787 774 2993 831 λα’ίκὼν
3037 772 3092 829 δὲ
3149 776 3195 827 οἱ
3247 773 3344 846 μὶν
3389 770 3447 826 ἐν
3500 769 3647 842 τέλει,
3674 774 3748 838 τῆς

2145 871 2308 938 τιμῆς
2376 865 2807 922 ἐκπιπτέτωσαν·
2869 866 2915 920 οἱ
2960 861 3371 940 στρατευόμενοι
3428 859 3619 930 δὲ,τᾶις
3670 862 3741 916 αὖα

2144 955 2250 1011 τῶν
2306 956 2726 1033 ἀφαιρείσθωσον
2769 954 2965 1023 ζώνὰς⁸
3011 953 3072 1007 τὸ
3131 949 3184 1005 δὲ
3230 950 3409 1005 κοινὸν
3454 946 3642 1014 πλῆθος
3682 949 3747 1004 καὶ

2143 1046 2261 1121 περὶ
2320 1045 2416 1109 τὰς
2459 1044 2659 1122 τέχνας
2716 1040 3122 1121 ἠσχολημένον,
3157 1042 3323 1110 ἱκανῴ
3374 1040 3576 1116 χρυσίῳ
3617 1060 3744 1112 προσ-

2139 1134 2473 1208 τιμηθέντες,
2550 1134 2649 1200 τὴν
2718 1133 2997 1208 ὑπερορίαν
3037 1127 3555 1203 κατακρινέσθωσαν,
3616 1134 3745 1183 Ταῦτα

2144 1221 2371 1285 πολλοὺς
2403 1222 2569 1279 ἐποίει
2614 1221 2709 1278 καί
2745 1222 2834 1276 καὶ
2866 1219 3091 1283 ἄκοντας
3123 1230 3432 1287 κοινωνεῖν,
3466 1216 3604 1272 ὅσοις
3643 1215 3749 1291 μέγι

2137 1332 2188 1366 τι
2245 1313 2331 1368 καὶ
2388 1311 2582 1377 ἥκιστα
2637 1311 2871 1389 φορητὸν
2928 1310 2988 1363 τὸ
3026 1307 3331 1386 χρημάτων
3404 1304 3645 1360 ἐκπεσεῖν
3685 1305 3753 1359 καὶ

2137 1398 2293 1465 δόξης
2351 1397 2851 1478 ἐκρίνετο.’Πολλοὶ
2913 1395 2968 1453 δὲ
3028 1399 3116 1453 καὶ
3170 1397 3271 1462 τὴν
3314 1394 3562 1452 ἑκούσιον
3609 1394 3749 1473 φυγὴν

2138 1488 2408 1567 ἑλόμενοι,
2440 1492 2540 1554 τὴν
2601 1488 2824 1564 ἐρημίαν
2866 1488 3076 1548 καὶτὰς
3124 1491 3230 1541 τῶν
3273 1484 3527 1549 ἆσκῆτῶν
3555 1481 3751 1545 καλύὸις

2137 1578 2349 1635 εἵλοντο
2402 1577 2630 1655 μᾶλλον,
2662 1576 2696 1645 ἢ
2756 1576 2855 1642 τὴν
2893 1574 3043 1632 πόλιν
3101 1577 3293 1637 οἰκεῖν,
3340 1572 3460 1630 Εἱσί
3492 1572 3547 1628 δὲ
3587 1574 3635 1627 οἳ
3684 1576 3755 1629 καὶ

400 1673 461 1726 et
493 1665 924 1728 monachorum
951 1664 1189 1744 tuguria
1210 1663 1501 1739 habitare,
1523 1682 1698 1743 quam
1726 1665 1961 1726 civitate

2195 1669 2346 1746 ιγέθει
2393 1668 2578 1747 ψυχῆς
2623 1670 2684 1722 τὸ
2716 1667 2889 1722 πάντα
2949 1663 3186 1722 κίνδυνον
3213 1663 3508 1730 ὑποστῆναι
3555 1660 3756 1735 pupae-

396 1751 554 1817 Sunt
590 1754 769 1816 etiam
803 1754 903 1835 qui
937 1773 1008 1816 ex
1035 1753 1222 1815 animi
1248 1753 1662 1832 magnitudine
1684 1772 1866 1815 omne
1888 1772 1957 1832 pe

2198 1779 2285 1834 ρον
2332 1757 2657 1835 ἑλογίσαντο,
2786 1753 2985 1827 ἀπᾷδόν
3039 1777 3088 1810 τι
3147 1756 3235 1809 καὶ
3284 1751 3504 1817 ἀνάξιαν
3545 1747 3756 1813 εὐσεϐῶς

397 1843 601 1906 culum
650 1845 859 1907 subire
889 1845 1078 1906 satius
1108 1861 1244 1904 esse
1277 1844 1598 1917 duxerunt,
1625 1861 1806 1919 quam
1849 1844 1958 1905 fact

1277 1844 1598 1917 duxerunt,
1625 1861 1806 1919 quam
1849 1844 2048 1906 facere
2136 1845 2485 1912 ἐπιδείξασθαι
2514 1844 2808 1909 πολιτείας.

395 1932 649 2014 aliquid,
684 1934 842 2014 quod
904 1933 1280 2013 discreparet
1311 1943 1369 1995 et
1398 1942 1559 1994 esset
1590 1932 1895 2010 indignum
1952 1934 2047 2013 pio

395 2040 464 2084 ac
495 2022 780 2102 religioso
809 2023 947 2084 vitae
970 2041 1219 2101 genere.

453 2111 600 2175 LVI.
637 2111 775 2175 Haec
797 2131 932 2177 cum
957 2114 1038 2174 ita
1059 2130 1124 2174 se
1155 2113 1752 2185 haberent,nonnulli
1775 2114 2014 2193 episcop

2209 2115 2356 2189 Ng'.
2404 2116 2612 2173 Τούτων
2656 2114 2822 2179 οὕτως
2852 2114 3116 2195 ἐχόντων,
3153 2120 3256 2170 τῶν
3286 2111 3597 2169 ἐπισκόπων
3641 2112 3753 2168 ἔνιοι

392 2209 453 2263 et
471 2202 814 2284 clerici,qui
843 2202 1079 2264 stabant
1097 2221 1131 2263 a
1158 2201 1423 2283 partibus
1451 2200 1837 2282 Joannis,pro
1858 2205 1953 2262 Joa

2197 2206 2213 2259 ἰ
2268 2208 2361 2261 τοῦ
2400 2206 2597 2282 κλήρου
2650 2206 2744 2274 νῆς
2819 2204 3067 2262 Ἰωάννου
3140 2202 3350 2278 μερίδος
3411 2203 3752 2280 ὑπάρχοντες,

393 2310 469 2353 ne
502 2301 562 2355 et
592 2311 725 2372 qua)
754 2292 912 2354 male
934 2310 999 2353 se
1022 2291 1280 2353 habebat
1310 2291 1746 2368 Ecclesia,zelo
1778 2293 1954 2354 instin

2200 2294 2253 2371 ὲρ
2287 2296 2532 2350 Ἰωάννου
2564 2315 2620 2349 τε
2666 2296 2752 2350 καὶ
2784 2299 2882 2360 τῆς
2933 2293 3126 2356 ἀθλίως
3158 2292 3398 2372 ἐχοοσης
3450 2290 3753 2372 Ἐκκλησίας

395 2371 720 2463 (quomodo
745 2382 903 2444 enim
932 2401 1050 2443 non
1077 2380 1395 2462 oportebat
1426 2381 1664 2461 eos,qui
1692 2383 1778 2444 vel
1806 2381 1956 2444 medi

2195 2382 2488 2461 λώσαντες,
2550 2385 2645 2451 τὴν
2702 2382 3053 2461 πρεσὸυτέρον
3110 2380 3582 2456 καυαλαμϐάνουσι
3639 2371 3756 2437 Ῥώ-

392 2472 574 2534 criter
587 2472 691 2534 Dei
717 2481 940 2534 metum
965 2472 1027 2533 in
1048 2481 1217 2534 utero
1240 2471 1661 2551 concipiebant
1680 2481 1736 2532 et
1756 2480 1953 2550 partur

2193 2496 2256 2544 ιν,
2320 2474 2459 2544 αὖτῷ
2509 2495 2567 2528 τε
2612 2472 2828 2548 βασιλεῖ
2883 2473 3118 2549 Ὃνωρίῳ
3174 2474 3261 2528 καὶ
3320 2470 3644 2541 ἰννοκεντίῳ
3690 2474 3754 2541 τῷ

388 2561 578 2633 bant?)
600 2565 672 2623 ad
700 2570 960 2624 veterem
985 2562 1235 2625 Romam
1262 2563 1595 2623 veniuntzet
1614 2579 1747 2621 cum
1785 2561 1898 2640 ipsi
1921 2567 1949 2622 il

2187 2564 2274 2633 ἱπᾳ
2304 2562 2698 2641 προσελθόντες,
2734 2565 2823 2618 καὶ
2877 2563 2976 2630 τὴν
3020 2560 3273 2640 χαλεπὴν
3322 2560 3534 2627 ἐκείνην
3580 2558 3748 2615 δεασαο

388 2652 649 2732 peratori
692 2652 961 2713 Honorio
992 2659 1051 2712 et
1082 2651 1434 2712 Innocentio
1466 2669 1633 2731 papae
1656 2652 1716 2710 in
1748 2667 1949 2729 conspt

2189 2653 2389 2721 λσαντες
2461 2652 2779 2730 τραγῳδίαν,
2840 2658 2971 2730 πρὸς
3032 2652 3085 2707 δὲ
3141 2653 3232 2707 καὶ
3286 2663 3437 2729 τρεῖς
3499 2647 3750 2712 ἀναδόντες

389 2751 511 2803 tum
539 2740 940 2815 senissent,et
961 2740 1122 2801 illam
1145 2757 1384 2817 gravem
1412 2740 1811 2818 explicassent
1835 2748 1950 2816 trag

2195 2740 2429 2813 ιστολὰς,
2476 2744 2552 2796 ὧν
2593 2745 2626 2809 ἡ
2687 2742 2785 2816 μὲν
2828 2744 2915 2798 καὶ
2963 2744 3151 2819 ψυχῆς
3197 2742 3286 2796 καὶ
3318 2738 3576 2816 γλώττης
3618 2738 3752 2815 ἐτύγ-

384 2829 898 2906 diam,quinetiam
917 2839 1037 2890 tres
1055 2829 1463 2890 reddidissent
1481 2829 1945 2908 epistolas,quari

2187 2851 2255 2886 ινε
2285 2830 2381 2897 τῆς
2412 2829 2586 2895 καλῆς
2620 2836 2803 2909 σαφῶς
2843 2830 3014 2885 πάντα
3055 2830 3194 2886 κατὰ
3238 2829 3403 2905 μέρος
3452 2826 3748 2899 διεξιούσης,

385 2938 505 2981 una
534 2918 776 3000 quidem
812 2925 940 2979 erat
968 2918 1222 2996 egregiae
1254 2918 1416 2979 illius
1459 2919 1672 2979 animai
1703 2929 1762 2981 et
1794 2919 1946 2999 lingu

2213 2918 2267 2974 δὲ
2315 2920 2468 2987 κοινὴ
2527 2927 2620 2977 τοὺ
2666 2920 2802 2975 κατὰ
2850 2920 2948 2987 τὴν
3002 2919 3389 2976 Κονσταντίνου
3419 2917 3580 2974 πόλιν
3630 2915 3750 2984 κλή-

382 3019 590 3090 aperte
612 3008 812 3069 omnia
835 3007 1178 3087 singulatim
1203 3025 1596 3088 persequens,
1623 3008 1813 3069 altera
1836 3017 1943 3070 auti

2185 3031 2231 3089 υ,
2264 3011 2298 3076 ἡ
2365 3007 2418 3064 δὲ
2476 3010 2642 3075 λοιπή
2700 3010 2805 3066 τῶν
2863 3009 3255 3080 τεσσαράκοντα
3306 3006 3620 3065 ἐπισκόπων
3675 3006 3746 3083 ἧν,

386 3084 727 3159 communis
771 3084 1645 3176 cleri'Constantinopolitani,
1683 3096 1851 3158 tertia
1899 3116 1947 3158 Vt

2188 3121 2225 3152 »ν
2296 3098 2544 3157 Ἰωάννου
2614 3100 2973 3160 κοινωνικῶν.
3038 3084 3132 3162 ’.Ας
3186 3098 3276 3155 καὶ
3331 3105 3530 3159 κοινῶς
3585 3096 3749 3175 ἔγχει·

2462 3188 2487 3203 ρ,
2834 3192 2854 3203 -
2876 3194 2897 3203 _
3027 3185 3045 3203 ι.
3082 3187 3120 3203 ρ..
3438 3188 3451 3203 .
3651 3193 3673 3202 ..

381 3200 503 3249 erat
524 3192 903 3263 quadraginta
929 3190 1472 3261 episcoporum,qui
1494 3203 1626 3246 cum
1647 3189 1868 3248 Joanne
1885 3205 1942 3248 cc

2187 3209 2359 3253 παντες
2432 3188 2570 3246 οὕτω
2630 3192 2935 3267 περιπαθῶς
3018 3185 3287 3262 διέθηκαν,
3366 3188 3457 3244 καὶ
3530 3193 3748 3244 τοσοῦτον

381 3276 789 3339 municabant:
824 3294 971 3358 quas
992 3275 1236 3357 quidem
1264 3294 1398 3337 cum
1425 3275 1828 3337 communiter
1853 3286 1937 3337 tra

2188 3276 2279 3335 λου
2348 3292 2472 3344 ταῖς
2515 3280 2686 3336 αὐτῶν
2758 3278 2952 3346 ἐνῆκαν
3009 3282 3238 3357 ψυχαῖς,
3303 3278 3381 3342 ὡς
3439 3276 3746 3357 ἀμφοτέρους

378 3367 1069 3439 dissent,eﬂ‘ecerunt,ut
1091 3366 1191 3445 qui
1218 3383 1317 3427 eas
1338 3373 1939 3447 acceperantJantoPt

2186 3370 2262 3434 iii;
2319 3367 2581 3447 Ἀρκαδίῳ
2637 3370 2713 3444 τῷ
2769 3368 2986 3445 βασιλεῖ
3028 3367 3336 3435 πληκτικῶς
3394 3371 3627 3445 γράψαι,
3658 3387 3747 3422 πο-

382 3455 966 3536 perturbarentur,et
986 3474 1190 3517 eorum
1228 3455 1450 3517 animis
1467 3464 1692 3517 tantum
1710 3456 1905 3517 zelum
1928 3455 2037 3517 im-

380 3550 714 3620 miserunt;
748 3554 811 3606 ut
835 3544 1013 3606 ambo
1037 3546 1231 3605 statim
1257 3543 1579 3606 scriberint
1607 3544 1679 3606 ad
1706 3548 2030 3625 imperato-

377 3652 504 3698 rem
528 3635 881 3708 Arcadium,
909 3633 1194 3715 profundi
1226 3637 1420 3696 somni
1449 3653 1588 3696 eum
1620 3642 1938 3714 arguentes
1968 3632 2030 3694 in

377 3727 473 3801 iis,
508 3733 643 3808 qlia)
666 3727 741 3788 ab
769 3726 897 3805 ipso
924 3724 1314 3804 gerebantur,
1350 3732 1408 3786 et
1438 3725 1596 3804 quod
1622 3743 1742 3787 non
1776 3725 2029 3787 honeste

379 3833 490 3876 nec
505 3817 693 3895 justo,
720 3815 823 3877 sed
852 3816 1026 3895 plane
1051 3814 1281 3875 nefarie
1314 3815 1423 3875 fuit
1445 3814 1756 3876 decretum
1781 3815 2029 3877 Joannis

376 3905 706 3968 secundum
729 3905 1102 3974 exsilium,et
1120 3905 1282 3982 quod
1309 3913 1545 3983 oportet
1565 3904 1836 3980 omnino,
1860 3904 1908 3965 si
1944 3913 2035 3967 est

375 3994 432 4056 ei
452 3995 651 4074 aliqua
666 3994 902 4056 honesti
926 3993 1077 4055 ratio
1097 4003 1156 4053 et
1176 3994 1338 4072 pacis
1352 3993 2035 4075 Ecclesiarnm,patriar-

375 4085 547 4146 cham
563 4084 806 4165 quidem
834 4101 1042 4146 rursus
1067 4082 1303 4143 restitui
1326 4082 1705 4157 Ecclesiae,et
1724 4085 2033 4163 episcopo-

374 4192 505 4236 rum
531 4174 820 4254 synodum
844 4173 973 4237 tieri
998 4171 1463 4240 Thessalonicae.
1492 4173 1828 4252 utqnaesita
1860 4174 1937 4234 sit
1968 4173 2026 4235 in

373 4264 574 4325 medio
604 4280 839 4343 eorum,
872 4265 974 4342 qui
1013 4260 1087 4323 ab
1119 4259 1365 4324 Oriente
1414 4262 1661 4324 veniunt
1693 4272 1751 4324 et
1778 4263 1852 4325 ab
1880 4263 2030 4327 urbe

2119 3457 2212 3517 λὺν
2271 3462 2429 3518 αὐτοῦ
2486 3458 2649 3516 ὕπνον
2706 3457 3207 3536 καναγινώσκοντας
3252 3458 3305 3513 ἐν
3363 3470 3493 3520 τοῖς
3534 3475 3745 3527 πραττο-

2115 3548 2319 3623 μένοις.
2372 3550 2468 3606 Καὶ
2521 3547 2601 3605 ὅτι
2664 3549 2741 3623 μὴ
2795 3547 2994 3619 καλῶς,
3040 3546 3175 3621 μηδὲ
3234 3543 3475 3621 δικαίως,
3509 3545 3641 3602 ἀλλὰ
3678 3544 3750 3599 καὶ

2113 3636 2230 3693 λίαν
2286 3639 2470 3700 κακῶς
2523 3638 2610 3694 καὶ
2641 3637 2886 3712 ὰθέσμως
2946 3640 2980 3706 ἡ
3012 3636 3227 3715 δευτέρα
3270 3635 3603 3711 τετόλμηται
3630 3634 3746 3690 κατὰ

2113 3726 2349 3784 ἰωάννοι
2410 3728 2680 3806 ὑπερορία·
2746 3730 2832 3783 καὶ
2890 3727 3004 3784 δεῖν
3055 3728 3292 3799 πάντως,
3326 3725 3487 3803 εἴπερ
3518 3722 3615 3803 ἄρα
3659 3722 3744 3779 λό-

2115 3839 2209 3893 γος
2239 3838 2320 3877 τις
2351 3816 2494 3891 αὐτῷ
2535 3824 2628 3873 τοῦ
2657 3815 2820 3875 καλοῦ
2845 3819 2935 3873 καὶ
2981 3822 3081 3883 τῆς
3113 3823 3219 3873 τῶν
3250 3814 3589 3882 Ἐκκλησιών
3618 3813 3740 3891 εἶργε-

2116 3928 2235 3984 νης,
2269 3907 2360 3962 τὸν
2389 3908 2730 3986 πατριάρχῆν
2762 3906 2859 3981 μὲν
2892 3908 3035 3968 αὖθις
3065 3903 3390 3971 ἀποδοθῆναι
3421 3911 3493 3981 τῇ
3526 3901 3743 3966 Ἐκκλη-

2116 3996 2223 4070 σίᾳ,
2260 3992 2471 4052 σύνοδον
2532 3996 2583 4052 δὲ
2627 3999 2732 4051 τῶν
2779 3998 3088 4053 ἐπισκόπων
3139 3999 3193 4051 ἓν
3252 3993 3635 4070 Θεσσαλονίκῃ,
3661 3992 3740 4047 ἅτε

2116 4087 2279 4160 μέσον
2319 4086 2569 4164 κειμένῃ,
2614 4091 2720 4143 τῶν
2792 4084 2844 4151 ἐξ
2917 4085 3217 4143 Ἀνατολων
3278 4107 3334 4142 τε
3404 4086 3495 4142 καὶ
3554 4075 3739 4155 Ῥώμης

2115 4176 2480 4252 ἐλευσομένων
2549 4176 2813 4254 γενέσθαι·
2890 4190 3142 4254 παρεῖναι
3213 4173 3267 4231 δὲ
3326 4174 3423 4231 καί
3484 4170 3734 4251 Θεοφιλον,

2114 4267 2426 4322 αἰτιώτατον
2484 4266 2743 4344 γεγονότα
2793 4272 2899 4323 τῶν
2959 4268 3015 4321 ἒν
3050 4267 3117 4341 τῇ
3170 4266 3419 4341 ὑπερορίᾳ
3451 4266 3608 4339 ταύτῃ
3660 4280 3736 4315 πε-

374 4353 803 4416 Romamdesse
820 4362 1016 4413 autem
1050 4351 1224 4411 etiam
1252 4349 1756 4431 Theophilum,ut
1788 4354 1935 4433 (μιίῆ

2167 4356 2547 4433 υνηρευμένων,
2605 4358 2692 4414 καὶ
2751 4356 2917 4421 οὕτως
2976 4358 3179 4412 απαθετ
3228 4357 3317 4412 καὶ
3375 4353 3548 4425 δικαίᾳ
3591 4352 3728 4428 κρίσει

371 4443 449 4504 rit
472 4442 769 4521 praecipua
785 4458 963 4503 causa
984 4459 1216 4509 eorum.
1245 4459 1377 4520 quae
1403 4440 1678 4519 improbe
1704 4442 1856 4505 facta
1887 4461 1932 4504 su

2165 4468 2180 4500 ι
2235 4447 2370 4502 κατὰ
2434 4448 2526 4502 τὸν
2598 4446 2854 4512 Ἰωάννην
2927 4446 3377 4521 ὀρθοτομηθῆναι,
3443 4445 3541 4500 Διὰ
3593 4442 3726 4496 ταῦτα

373 4533 436 4595 in
454 4518 567 4594 hac
589 4518 978 4611 relegatione:
1016 4540 1076 4593 et
1099 4532 1186 4593 sic
1208 4518 1444 4593 causam
1471 4532 1719 4595 Joannis
1742 4534 1819 4595 ab
1841 4535 1934 4599 ani

2164 4546 2234 4609 ιρ,
2285 4534 2513 4616 ἔφησαν,
2548 4537 2645 4592 καί
2699 4542 2806 4591 τῶν
2864 4534 2917 4601 ἐξ
2970 4534 3201 4598 Ἰταλίας
3245 4534 3566 4596 ἐπισκόπους
3608 4528 3725 4589 τινὰς

372 4620 822 4704 perturbatione
845 4621 1044 4683 alieno
1069 4632 1126 4682 et
1143 4622 1308 4700 justo
1333 4621 1930 4701 iudiciodecidere.P

2159 4628 2249 4682 θεῖ
2304 4623 2558 4681 συνειδότι
2613 4635 2989 4705 στοιχοῦντας,
3064 4627 3151 4681 καὶ
3221 4623 3573 4690 δικαιοσύνης
3638 4621 3720 4694 οὐχ

370 4723 574 4796 pterea
596 4711 780 4784 enim.
808 4710 1072 4785 aiebant,
1103 4711 1333 4791 aliquot
1353 4709 1536 4774 Italiae
1559 4714 1896 4794 episcopos,
1923 4715 2025 4796 qui

368 4812 536 4864 recta
566 4801 856 4863 incedunt
885 4801 1278 4876 conscientia,
1312 4810 1370 4861 et
1395 4809 1533 4862 sunt
1579 4820 1747 4865 acres
1773 4804 2026 4883 justitiae

367 4891 998 4971 defensores,propter
1019 4889 1133 4951 hoc
1157 4891 1351 4970 ipsum
1382 4891 1658 4954 emittere
1678 4894 2015 4957 statuimus.

366 4985 515 5047 Cum
535 4983 642 5044 has
672 4981 872 5063 itaque
886 4980 1118 5042 litteras
1130 4998 1265 5041 cum
1283 4979 1594 5063 actis,quae
1616 4992 1860 5063 propter
1872 4984 2024 5047 hanc

361 5088 601 5134 causam
618 5072 773 5133 facta
786 5078 929 5132 sunt
949 5089 985 5131 a
1008 5070 1239 5150 synodo
1262 5071 1683 5151 episcoporum
1713 5074 2022 5152 Italorum,

367 5176 609 5228 sanctus
636 5165 973 5245 accepisset
1002 5163 1281 5226 Emilius
1315 5164 1468 5246 (erat
1494 5174 1692 5228 autem
1716 5168 1767 5230 is
1791 5170 2021 5250 episco-

360 5278 471 5340 pus
522 5259 870 5335 Beneventi)
898 5258 1340 5340 Cythegiusque
1381 5268 1441 5322 et
1470 5259 1839 5326 Gaudentius
1883 5284 2021 5328 cum

2105 4712 2301 4779 ἥκιστα
2361 4714 2870 4790 μεταποιουμένους,
2932 4712 3018 4771 ἐπ’
3098 4715 3227 4771 αὐτὸ
3286 4721 3444 4770 τοῦτο
3488 4711 3718 4785 ἐκπέμψαι

2107 4804 2422 4883 διέγνωμεν,
2498 4806 2573 4861 Τὰ
2646 4811 2775 4881 γοῦν
2833 4809 3055 4860 τοιαῦτα
3124 4804 3415 4884 γράμματα
3487 4802 3609 4878 μετὰ
3653 4794 3721 4851 καὶ

2106 4893 2536 4969 ὑπομνημάτων,
2571 4892 2604 4948 ἂ
2661 4891 2746 4948 διὰ
2794 4892 3023 4960 ταυτηνῖ
3080 4894 3179 4961 τὴν
3236 4894 3405 4949 αἰτίαν
3466 4891 3599 4970 παρὰ
3643 4890 3719 4951 τῆς

2107 4980 2322 5040 συνόδου
2377 4988 2484 5040 τῶν
2546 4980 2766 5039 Ἰταλῶν
2827 4984 3109 5061 γεγόνασιν
3165 4981 3498 5056 ἐπισκόπων,
3543 4981 3587 5038 oi
3626 4975 3719 5051 περὶ

2105 5075 2197 5130 τὸν
2255 5070 2407 5152 ἅγιον
2469 5071 2710 5148 Αἰμίλιον
2766 5071 3059 5131 ἐπίσκοπον
3116 5071 3243 5130 ὄντα
3283 5068 3585 5129 Βενεϐενδοῦ
3630 5075 3716 5125 Κυ-

2104 5165 2296 5242 θήγιόν
2354 5184 2412 5220 τε
2461 5166 2550 5219 καὶ
2603 5161 2910 5220 Γαυδέντιου
2959 5163 3053 5218 σὺν
3113 5160 3411 5236 Οὗαλεντίῳ
3469 5163 3550 5218 καὶ
3589 5166 3716 5242 Bovi—

2105 5241 2275 5333 φατίῳ
2344 5264 2463 5316 τοῖς
2541 5252 2918 5330 πρεσκυτέροις
2987 5250 3411 5330 παραλαϐόντες,
3485 5251 3593 5309 ὁδοῦ
3646 5241 3714 5301 εἴ·

368 5335 666 5410 Valentino
696 5359 753 5409 et
782 5335 1116 5409 Bonifacio'
1140 5335 1516 5426 presbyteris,
1548 5353 1725 5413 Roma
1766 5357 1929 5429 injeri

2153 5365 2273 5401 οντο
2330 5347 2431 5410 τῆς
2458 5343 2568 5400 ἀπὸ
2625 5335 2836 5418 Ῥώμης
2866 5343 2996 5421 πρὸς
3025 5344 3088 5399 τὸ
3140 5342 3445 5413 Βυζάντιον,
3481 5340 3586 5416 ἅμα
3634 5343 3710 5392 Κυ-

352 5442 438 5492 ter
471 5449 678 5493 versus
706 5435 1092 5507 Bysantium.
1120 5446 1398 5510 sequente
1427 5436 1700 5506 Quiriaco
1731 5449 1787 5499 et
1818 5443 1913 5501 Dei

2149 5437 2280 5506 ιακῷ
2334 5432 2424 5491 καὶ
2456 5432 2771 5513 Δημητρίῳ,
2804 5430 3083 5508 Παλλαδίῳ
3136 5452 3193 5489 τε
3225 5434 3313 5490 καὶ
3341 5429 3570 5506 Εὗλυσίῳ
3619 5433 3710 5487 τοῖς

447 5592 578 5672 (52)
602 5593 673 5655 L.
707 5609 790 5668 γι,
831 5593 920 5656 De
952 5595 1047 5658 his
1079 5599 1185 5676 qui
1210 5615 1326 5678 pro
1356 5599 1533 5679 rclt'g.
1569 5602 1855 5668 contend.
1892 5590 2039 5673 Cod.
2074 5598 2312 5671 Theod.
2408 5690 2415 5697 ι
