  <div class='ocr_page' id='page_1' title='image "/cluster/home/n/w/nwhite01/storage/ocr_20150623/114/mdp.39015028574344/619.png"; bbox 0 0 3954 6146; ppageno 0'>
   <div class='ocr_carea' id='block_1_1' title="bbox 392 276 542 344">
    <p class='ocr_par' dir='ltr' id='par_1_1' title="bbox 392 276 542 344">
     <span class='ocr_line' id='line_1_1' title="bbox 392 276 542 344; baseline -0.013 0"><span class='ocrx_word' id='word_1_1' title='bbox 392 281 412 344; x_wconf 91' lang='grc'><strong>1</strong></span> <span class='ocrx_word' id='word_1_2' title='bbox 425 276 542 344; x_wconf 83' lang='lat'><strong>203</strong></span> 
     </span>
    </p>
   </div>
   <div class='ocr_carea' id='block_1_2' title="bbox 1671 276 2450 345">
    <p class='ocr_par' dir='ltr' id='par_1_2' title="bbox 1671 276 2450 345">
     <span class='ocr_line' id='line_1_2' title="bbox 1671 276 2450 345; baseline 0.008 -5"><span class='ocrx_word' id='word_1_3' title='bbox 1671 277 1950 342; x_wconf 86' lang='lat' dir='ltr'><strong>MENSIS</strong></span> <span class='ocrx_word' id='word_1_4' title='bbox 1995 276 2450 345; x_wconf 81' lang='lat' dir='ltr'><strong>JANUARIUS.</strong></span> 
     </span>
    </p>
   </div>
   <div class='ocr_carea' id='block_1_3' title="bbox 3602 289 3727 354">
    <p class='ocr_par' dir='ltr' id='par_1_3' title="bbox 3602 289 3727 354">
     <span class='ocr_line' id='line_1_3' title="bbox 3602 289 3727 354; baseline 0.016 -2"><span class='ocrx_word' id='word_1_5' title='bbox 3602 289 3727 354; x_wconf 74' lang='grc'><strong>1204</strong></span> 
     </span>
    </p>
   </div>
   <div class='ocr_carea' id='block_1_4' title="bbox 388 413 2018 499">
    <p class='ocr_par' dir='ltr' id='par_1_4' title="bbox 388 413 2018 497">
     <span class='ocr_line' id='line_1_4' title="bbox 388 413 2018 497; baseline -0.003 -19"><span class='ocrx_word' id='word_1_6' title='bbox 388 416 770 491; x_wconf 87' lang='lat' dir='ltr'><strong>maleﬁcium,</strong></span> <span class='ocrx_word' id='word_1_7' title='bbox 805 424 868 479; x_wconf 92' lang='lat' dir='ltr'><strong>ut</strong></span> <span class='ocrx_word' id='word_1_8' title='bbox 920 435 1020 480; x_wconf 89' lang='lat' dir='ltr'><strong>res</strong></span> <span class='ocrx_word' id='word_1_9' title='bbox 1064 418 1192 497; x_wconf 89' lang='lat' dir='ltr'><strong>ipsa</strong></span> <span class='ocrx_word' id='word_1_10' title='bbox 1224 414 1536 491; x_wconf 79' lang='lat' dir='ltr'><strong>indicabit,</strong></span> <span class='ocrx_word' id='word_1_11' title='bbox 1571 413 2018 487; x_wconf 86' lang='lat' dir='ltr'><strong>callidissimus,</strong></span> 
     </span>
    </p>
   </div>
   <div class='ocr_carea' id='block_1_5' title="bbox 2119 413 3730 499">
    <p class='ocr_par' dir='ltr' id='par_1_5' title="bbox 2119 417 3730 499">
     <span class='ocr_line' id='line_1_5' title="bbox 2119 417 3730 499; baseline 0.004 -25"><span class='ocrx_word' id='word_1_12' title='bbox 2119 419 2297 483; x_wconf 65' lang='grc' dir='ltr'>πιῦτοῦς</span> <span class='ocrx_word' id='word_1_13' title='bbox 2354 418 2575 498; x_wconf 75' lang='grc' dir='ltr'>προνοίᾳ</span> <span class='ocrx_word' id='word_1_14' title='bbox 2623 425 2716 475; x_wconf 79' lang='grc' dir='ltr'>τοῦ</span> <span class='ocrx_word' id='word_1_15' title='bbox 2773 417 3056 499; x_wconf 84' lang='grc' dir='ltr'>ἀπολέσαι,</span> <span class='ocrx_word' id='word_1_16' title='bbox 3131 418 3421 497; x_wconf 86' lang='grc' dir='ltr'>ἀνάγεσθαι</span> <span class='ocrx_word' id='word_1_17' title='bbox 3509 420 3656 478; x_wconf 83' lang='grc' dir='ltr'>πάλιν</span> <span class='ocrx_word' id='word_1_18' title='bbox 3707 427 3730 482; x_wconf 77' lang='grc' dir='ltr'>ὁ</span> 
     </span>
    </p>
   </div>
   <div class='ocr_carea' id='block_1_6' title="bbox 387 504 2031 588">
    <p class='ocr_par' dir='ltr' id='par_1_6' title="bbox 387 504 2031 588">
     <span class='ocr_line' id='line_1_6' title="bbox 387 504 2031 588; baseline -0.004 -19"><span class='ocrx_word' id='word_1_19' title='bbox 387 508 517 570; x_wconf 90' lang='lat' dir='ltr'><strong>navi</strong></span> <span class='ocrx_word' id='word_1_20' title='bbox 565 509 688 588; x_wconf 91' lang='lat' dir='ltr'><strong>jam</strong></span> <span class='ocrx_word' id='word_1_21' title='bbox 747 516 1042 569; x_wconf 90' lang='lat' dir='ltr'><strong>vetustate</strong></span> <span class='ocrx_word' id='word_1_22' title='bbox 1092 505 1390 568; x_wconf 88' lang='lat' dir='ltr'><strong>fatiscenti</strong></span> <span class='ocrx_word' id='word_1_23' title='bbox 1423 513 1482 567; x_wconf 90' lang='lat' dir='ltr'><strong>et</strong></span> <span class='ocrx_word' id='word_1_24' title='bbox 1516 504 1792 584; x_wconf 69' lang='lat' dir='ltr'><strong>putridm,</strong></span> <span class='ocrx_word' id='word_1_25' title='bbox 1829 511 1895 564; x_wconf 90' lang='lat' dir='ltr'><strong>ut</strong></span> <span class='ocrx_word' id='word_1_26' title='bbox 1926 519 2031 564; x_wconf 89' lang='lat' dir='ltr'><strong>eos</strong></span> 
     </span>
    </p>
   </div>
   <div class='ocr_carea' id='block_1_7' title="bbox 386 593 2033 678">
    <p class='ocr_par' dir='ltr' id='par_1_7' title="bbox 386 593 2033 678">
     <span class='ocr_line' id='line_1_7' title="bbox 386 593 2033 678; baseline -0.004 -18"><span class='ocrx_word' id='word_1_27' title='bbox 386 606 592 678; x_wconf 88' lang='lat' dir='ltr'><strong>aperte</strong></span> <span class='ocrx_word' id='word_1_28' title='bbox 624 599 925 677; x_wconf 83' lang='lat' dir='ltr'><strong>perderet,</strong></span> <span class='ocrx_word' id='word_1_29' title='bbox 944 595 1687 664; x_wconf 88' lang='lat' dir='ltr'><strong>committens.sceleratus</strong></span> <span class='ocrx_word' id='word_1_30' title='bbox 1712 593 1896 672; x_wconf 82' lang='lat' dir='ltr'><strong>jussit</strong></span> <span class='ocrx_word' id='word_1_31' title='bbox 1927 608 2033 653; x_wconf 82' lang='lat' dir='ltr'><strong>eos</strong></span> 
     </span>
    </p>
   </div>
   <div class='ocr_carea' id='block_1_8' title="bbox 387 681 2034 766">
    <p class='ocr_par' dir='ltr' id='par_1_8' title="bbox 387 681 2034 766">
     <span class='ocr_line' id='line_1_8' title="bbox 387 681 2034 766; baseline -0.006 -16"><span class='ocrx_word' id='word_1_32' title='bbox 387 687 732 750; x_wconf 90' lang='lat' dir='ltr'><strong>abire.Cum</strong></span> <span class='ocrx_word' id='word_1_33' title='bbox 765 704 906 764; x_wconf 85' lang='lat' dir='ltr'><strong>ergo</strong></span> <span class='ocrx_word' id='word_1_34' title='bbox 939 704 1145 766; x_wconf 89' lang='lat' dir='ltr'><strong>parum</strong></span> <span class='ocrx_word' id='word_1_35' title='bbox 1178 683 1490 764; x_wconf 81' lang='lat' dir='ltr'><strong>abfuisset,</strong></span> <span class='ocrx_word' id='word_1_36' title='bbox 1519 683 1664 764; x_wconf 89' lang='lat' dir='ltr'><strong>quin</strong></span> <span class='ocrx_word' id='word_1_37' title='bbox 1697 681 2034 744; x_wconf 86' lang='lat' dir='ltr'><strong>inciderent</strong></span> 
     </span>
    </p>
   </div>
   <div class='ocr_carea' id='block_1_9' title="bbox 386 771 2034 858">
    <p class='ocr_par' dir='ltr' id='par_1_9' title="bbox 386 771 2034 858">
     <span class='ocr_line' id='line_1_9' title="bbox 386 771 2034 858; baseline -0.005 -20"><span class='ocrx_word' id='word_1_38' title='bbox 386 778 448 838; x_wconf 91' lang='lat' dir='ltr'><strong>in</strong></span> <span class='ocrx_word' id='word_1_39' title='bbox 475 775 833 858; x_wconf 89' lang='lat' dir='ltr'><strong>periculum,</strong></span> <span class='ocrx_word' id='word_1_40' title='bbox 893 775 985 836; x_wconf 86' lang='lat' dir='ltr'><strong>vix</strong></span> <span class='ocrx_word' id='word_1_41' title='bbox 1031 775 1270 836; x_wconf 86' lang='lat' dir='ltr'><strong>tandem</strong></span> <span class='ocrx_word' id='word_1_42' title='bbox 1306 773 1527 846; x_wconf 87' lang='lat' dir='ltr'><strong>evenit,</strong></span> <span class='ocrx_word' id='word_1_43' title='bbox 1562 781 1626 834; x_wconf 90' lang='lat' dir='ltr'><strong>ut</strong></span> <span class='ocrx_word' id='word_1_44' title='bbox 1654 771 2034 852; x_wconf 90' lang='lat' dir='ltr'><strong>appellerent</strong></span> 
     </span>
    </p>
   </div>
   <div class='ocr_carea' id='block_1_10' title="bbox 389 860 2028 946">
    <p class='ocr_par' dir='ltr' id='par_1_10' title="bbox 389 860 2028 946">
     <span class='ocr_line' id='line_1_10' title="bbox 389 860 2028 946; baseline -0.005 -18"><span class='ocrx_word' id='word_1_45' title='bbox 389 868 778 946; x_wconf 84' lang='lat' dir='ltr'><strong>Lampascum</strong></span> <span class='ocrx_word' id='word_1_46' title='bbox 813 884 827 926; x_wconf 89' lang='lat'><strong>:</strong></span> <span class='ocrx_word' id='word_1_47' title='bbox 865 873 922 926; x_wconf 94' lang='lat' dir='ltr'><strong>et</strong></span> <span class='ocrx_word' id='word_1_48' title='bbox 982 883 1115 926; x_wconf 88' lang='lat' dir='ltr'><strong>cum</strong></span> <span class='ocrx_word' id='word_1_49' title='bbox 1175 863 1298 926; x_wconf 88' lang='lat' dir='ltr'><strong>illic</strong></span> <span class='ocrx_word' id='word_1_50' title='bbox 1344 870 1678 926; x_wconf 84' lang='lat' dir='ltr'><strong>mutassent</strong></span> <span class='ocrx_word' id='word_1_51' title='bbox 1707 860 2028 940; x_wconf 82' lang='lat' dir='ltr'><strong>navigium,</strong></span> 
     </span>
    </p>
   </div>
   <div class='ocr_carea' id='block_1_11' title="bbox 390 950 2032 1037">
    <p class='ocr_par' dir='ltr' id='par_1_11' title="bbox 390 950 2032 1037">
     <span class='ocr_line' id='line_1_11' title="bbox 390 950 2032 1037; baseline -0.005 -18"><span class='ocrx_word' id='word_1_52' title='bbox 390 966 520 1037; x_wconf 93' lang='lat' dir='ltr'><strong>post</strong></span> <span class='ocrx_word' id='word_1_53' title='bbox 549 963 800 1036; x_wconf 86' lang='lat' dir='ltr'><strong>quatuor</strong></span> <span class='ocrx_word' id='word_1_54' title='bbox 830 972 1070 1016; x_wconf 88' lang='lat' dir='ltr'><strong>menses</strong></span> <span class='ocrx_word' id='word_1_55' title='bbox 1104 971 1325 1017; x_wconf 87' lang='lat' dir='ltr'><strong>venere</strong></span> <span class='ocrx_word' id='word_1_56' title='bbox 1354 953 1636 1016; x_wconf 84' lang='lat' dir='ltr'><strong>Romam.</strong></span> <span class='ocrx_word' id='word_1_57' title='bbox 1681 950 2032 1013; x_wconf 87' lang='lat' dir='ltr'><strong>Innocentio</strong></span> 
     </span>
    </p>
   </div>
   <div class='ocr_carea' id='block_1_12' title="bbox 388 1039 2030 1126">
    <p class='ocr_par' dir='ltr' id='par_1_12' title="bbox 388 1039 2030 1126">
     <span class='ocr_line' id='line_1_12' title="bbox 388 1039 2030 1126; baseline -0.004 -19"><span class='ocrx_word' id='word_1_58' title='bbox 388 1045 586 1126; x_wconf 90' lang='lat' dir='ltr'><strong>itaque</strong></span> <span class='ocrx_word' id='word_1_59' title='bbox 615 1053 1028 1125; x_wconf 65' lang='lat' dir='ltr'><strong>narrant,quaa</strong></span> <span class='ocrx_word' id='word_1_60' title='bbox 1057 1043 1404 1108; x_wconf 90' lang='lat' dir='ltr'><strong>acciderant</strong></span> <span class='ocrx_word' id='word_1_61' title='bbox 1435 1042 1714 1116; x_wconf 85' lang='lat' dir='ltr'><strong>Quiriaco</strong></span> <span class='ocrx_word' id='word_1_62' title='bbox 1747 1047 1805 1101; x_wconf 92' lang='lat' dir='ltr'><strong>et</strong></span> <span class='ocrx_word' id='word_1_63' title='bbox 1835 1039 2030 1101; x_wconf 89' lang='lat' dir='ltr'><strong>Palla-</strong></span> 
     </span>
    </p>
   </div>
   <div class='ocr_carea' id='block_1_13' title="bbox 389 1129 2029 1217">
    <p class='ocr_par' dir='ltr' id='par_1_13' title="bbox 389 1129 2029 1217">
     <span class='ocr_line' id='line_1_13' title="bbox 389 1129 2029 1217; baseline -0.004 -21"><span class='ocrx_word' id='word_1_64' title='bbox 389 1135 509 1212; x_wconf 92' lang='lat' dir='ltr'><strong>dio,</strong></span> <span class='ocrx_word' id='word_1_65' title='bbox 544 1155 620 1197; x_wconf 90' lang='lat' dir='ltr'><strong>an</strong></span> <span class='ocrx_word' id='word_1_66' title='bbox 646 1135 874 1217; x_wconf 87' lang='lat' dir='ltr'><strong>aliquid</strong></span> <span class='ocrx_word' id='word_1_67' title='bbox 907 1135 994 1197; x_wconf 90' lang='lat' dir='ltr'><strong>eis</strong></span> <span class='ocrx_word' id='word_1_68' title='bbox 1027 1135 1247 1196; x_wconf 84' lang='lat' dir='ltr'><strong>factum</strong></span> <span class='ocrx_word' id='word_1_69' title='bbox 1284 1141 1444 1195; x_wconf 89' lang='lat' dir='ltr'><strong>esset</strong></span> <span class='ocrx_word' id='word_1_70' title='bbox 1492 1132 1838 1210; x_wconf 82' lang='lat' dir='ltr'><strong>ignorantes</strong></span> <span class='ocrx_word' id='word_1_71' title='bbox 1873 1149 1888 1190; x_wconf 89' lang='lat'><strong>:</strong></span> <span class='ocrx_word' id='word_1_72' title='bbox 1923 1129 2029 1191; x_wconf 87' lang='lat' dir='ltr'><strong>sed</strong></span> 
     </span>
    </p>
   </div>
   <div class='ocr_carea' id='block_1_14' title="bbox 387 1217 2032 1304">
    <p class='ocr_par' dir='ltr' id='par_1_14' title="bbox 387 1217 2032 1304">
     <span class='ocr_line' id='line_1_14' title="bbox 387 1217 2032 1304; baseline -0.004 -17"><span class='ocrx_word' id='word_1_73' title='bbox 387 1244 500 1288; x_wconf 92' lang='lat' dir='ltr'><strong>nec</strong></span> <span class='ocrx_word' id='word_1_74' title='bbox 530 1227 604 1287; x_wconf 93' lang='lat' dir='ltr'><strong>de</strong></span> <span class='ocrx_word' id='word_1_75' title='bbox 633 1224 862 1288; x_wconf 84' lang='lat' dir='ltr'><strong>Joanne</strong></span> <span class='ocrx_word' id='word_1_76' title='bbox 890 1224 1152 1287; x_wconf 88' lang='lat' dir='ltr'><strong>valentes</strong></span> <span class='ocrx_word' id='word_1_77' title='bbox 1185 1223 1517 1304; x_wconf 90' lang='lat' dir='ltr'><strong>scire,quid</strong></span> <span class='ocrx_word' id='word_1_78' title='bbox 1541 1217 2032 1290; x_wconf 75' lang='lat' dir='ltr'><strong>accidisset.Quaa</strong></span> 
     </span>
    </p>
   </div>
   <div class='ocr_carea' id='block_1_15' title="bbox 389 1310 2032 1396">
    <p class='ocr_par' dir='ltr' id='par_1_15' title="bbox 389 1310 2032 1396">
     <span class='ocr_line' id='line_1_15' title="bbox 389 1310 2032 1396; baseline -0.004 -19"><span class='ocrx_word' id='word_1_79' title='bbox 389 1315 631 1396; x_wconf 87' lang='lat' dir='ltr'><strong>quidem</strong></span> <span class='ocrx_word' id='word_1_80' title='bbox 690 1315 891 1375; x_wconf 89' lang='lat' dir='ltr'><strong>omnia</strong></span> <span class='ocrx_word' id='word_1_81' title='bbox 944 1314 1222 1376; x_wconf 83' lang='lat' dir='ltr'><strong>obtusum</strong></span> <span class='ocrx_word' id='word_1_82' title='bbox 1275 1312 1543 1375; x_wconf 88' lang='lat' dir='ltr'><strong>latebant</strong></span> <span class='ocrx_word' id='word_1_83' title='bbox 1588 1310 1933 1384; x_wconf 83' lang='lat' dir='ltr'><strong>Arcadium,</strong></span> <span class='ocrx_word' id='word_1_84' title='bbox 1967 1316 2032 1371; x_wconf 93' lang='lat' dir='ltr'><strong>ut</strong></span> 
     </span>
    </p>
   </div>
   <div class='ocr_carea' id='block_1_16' title="bbox 394 1401 2028 1484">
    <p class='ocr_par' dir='ltr' id='par_1_16' title="bbox 394 1401 2028 1484">
     <span class='ocr_line' id='line_1_16' title="bbox 394 1401 2028 1484; baseline -0.005 -16"><span class='ocrx_word' id='word_1_85' title='bbox 394 1414 598 1484; x_wconf 89' lang='lat' dir='ltr'><strong>postea</strong></span> <span class='ocrx_word' id='word_1_86' title='bbox 627 1404 782 1468; x_wconf 88' lang='lat' dir='ltr'><strong>scire</strong></span> <span class='ocrx_word' id='word_1_87' title='bbox 814 1403 1131 1467; x_wconf 90' lang='lat' dir='ltr'><strong>licuit.Sed</strong></span> <span class='ocrx_word' id='word_1_88' title='bbox 1164 1405 1322 1466; x_wconf 90' lang='lat' dir='ltr'><strong>enim</strong></span> <span class='ocrx_word' id='word_1_89' title='bbox 1345 1421 1558 1465; x_wconf 83' lang='lat' dir='ltr'><strong>rursus</strong></span> <span class='ocrx_word' id='word_1_90' title='bbox 1586 1402 1792 1463; x_wconf 86' lang='lat' dir='ltr'><strong>redeat</strong></span> <span class='ocrx_word' id='word_1_91' title='bbox 1811 1401 2028 1480; x_wconf 84' lang='lat' dir='ltr'><strong>oratio,</strong></span> 
     </span>
    </p>
   </div>
   <div class='ocr_carea' id='block_1_17' title="bbox 393 1489 2034 1574">
    <p class='ocr_par' dir='ltr' id='par_1_17' title="bbox 393 1489 2034 1574">
     <span class='ocr_line' id='line_1_17' title="bbox 393 1489 2034 1574; baseline -0.005 -15"><span class='ocrx_word' id='word_1_92' title='bbox 393 1496 554 1558; x_wconf 90' lang='lat' dir='ltr'><strong>unde</strong></span> <span class='ocrx_word' id='word_1_93' title='bbox 583 1504 674 1558; x_wconf 92' lang='lat' dir='ltr'><strong>est</strong></span> <span class='ocrx_word' id='word_1_94' title='bbox 703 1494 992 1574; x_wconf 72' lang='lat' dir='ltr'><strong>digressa,</strong></span> <span class='ocrx_word' id='word_1_95' title='bbox 1025 1504 1084 1556; x_wconf 92' lang='lat' dir='ltr'><strong>et</strong></span> <span class='ocrx_word' id='word_1_96' title='bbox 1143 1502 1345 1557; x_wconf 88' lang='lat' dir='ltr'><strong>narret</strong></span> <span class='ocrx_word' id='word_1_97' title='bbox 1397 1511 1488 1567; x_wconf 88' lang='lat' dir='ltr'><strong>ea,</strong></span> <span class='ocrx_word' id='word_1_98' title='bbox 1537 1511 1670 1572; x_wconf 68' lang='lat' dir='ltr'><strong>quae</strong></span> <span class='ocrx_word' id='word_1_99' title='bbox 1699 1498 1926 1552; x_wconf 86' lang='lat' dir='ltr'><strong>restant</strong></span> <span class='ocrx_word' id='word_1_100' title='bbox 1956 1489 2034 1550; x_wconf 92' lang='lat' dir='ltr'><strong>de</strong></span> 
     </span>
    </p>
   </div>
   <div class='ocr_carea' id='block_1_18' title="bbox 392 1585 1023 1664">
    <p class='ocr_par' dir='ltr' id='par_1_18' title="bbox 392 1585 1023 1664">
     <span class='ocr_line' id='line_1_18' title="bbox 392 1585 1023 1664; baseline 0.003 -17"><span class='ocrx_word' id='word_1_101' title='bbox 392 1586 496 1648; x_wconf 91' lang='lat' dir='ltr'><strong>illo</strong></span> <span class='ocrx_word' id='word_1_102' title='bbox 531 1604 740 1664; x_wconf 76' lang='lat' dir='ltr'><strong>magno</strong></span> <span class='ocrx_word' id='word_1_103' title='bbox 767 1585 1023 1649; x_wconf 85' lang='lat' dir='ltr'><strong>Joanne.</strong></span> 
     </span>
    </p>
   </div>
   <div class='ocr_carea' id='block_1_19' title="bbox 476 1673 2029 1754">
    <p class='ocr_par' dir='ltr' id='par_1_19' title="bbox 476 1673 2029 1754">
     <span class='ocr_line' id='line_1_19' title="bbox 476 1673 2029 1754; baseline -0.005 -15"><span class='ocrx_word' id='word_1_104' title='bbox 476 1673 1072 1739; x_wconf 85' lang='lat' dir='ltr'><strong>LVIII.Admirabilis</strong></span> <span class='ocrx_word' id='word_1_105' title='bbox 1091 1693 1233 1754; x_wconf 82' lang='lat' dir='ltr'><strong>ergo</strong></span> <span class='ocrx_word' id='word_1_106' title='bbox 1257 1673 1361 1736; x_wconf 90' lang='lat' dir='ltr'><strong>ille</strong></span> <span class='ocrx_word' id='word_1_107' title='bbox 1377 1675 1636 1736; x_wconf 85' lang='lat' dir='ltr'><strong>Joannes</strong></span> <span class='ocrx_word' id='word_1_108' title='bbox 1664 1689 1798 1733; x_wconf 93' lang='lat' dir='ltr'><strong>cum</strong></span> <span class='ocrx_word' id='word_1_109' title='bbox 1826 1673 2029 1732; x_wconf 87' lang='lat' dir='ltr'><strong>Cucu-</strong></span> 
     </span>
    </p>
   </div>
   <div class='ocr_carea' id='block_1_20' title="bbox 2113 506 3734 588">
    <p class='ocr_par' dir='ltr' id='par_1_20' title="bbox 2113 506 3734 588">
     <span class='ocr_line' id='line_1_20' title="bbox 2113 506 3734 588; baseline 0.002 -24"><span class='ocrx_word' id='word_1_110' title='bbox 2113 510 2304 588; x_wconf 66' lang='grc' dir='ltr'>μιαρδς</span> <span class='ocrx_word' id='word_1_111' title='bbox 2360 506 2593 565; x_wconf 75' lang='grc' dir='ltr'>ἐκέλευε.</span> <span class='ocrx_word' id='word_1_112' title='bbox 2657 507 2788 586; x_wconf 84' lang='grc' dir='ltr'>Παρ⁹</span> <span class='ocrx_word' id='word_1_113' title='bbox 2847 508 3034 587; x_wconf 79' lang='grc' dir='ltr'><strong>ὀλίγον</strong></span> <span class='ocrx_word' id='word_1_114' title='bbox 3094 509 3184 566; x_wconf 81' lang='grc' dir='ltr'>οὖν</span> <span class='ocrx_word' id='word_1_115' title='bbox 3245 509 3455 568; x_wconf 64' lang='grc' dir='ltr'>ἐλθοῦσι</span> <span class='ocrx_word' id='word_1_116' title='bbox 3541 511 3734 586; x_wconf 77' lang='grc' dir='ltr'>κινδύνῳ</span> 
     </span>
    </p>
   </div>
   <div class='ocr_carea' id='block_1_21' title="bbox 2113 596 3736 679">
    <p class='ocr_par' dir='ltr' id='par_1_21' title="bbox 2113 596 3736 679">
     <span class='ocr_line' id='line_1_21' title="bbox 2113 596 3736 679; baseline 0.002 -24"><span class='ocrx_word' id='word_1_117' title='bbox 2113 600 2452 676; x_wconf 75' lang='grc' dir='ltr'><strong>περιπεσεῖν,</strong></span> <span class='ocrx_word' id='word_1_118' title='bbox 2513 597 2671 674; x_wconf 78' lang='grc' dir='ltr'>μόλις</span> <span class='ocrx_word' id='word_1_119' title='bbox 2754 600 2945 663; x_wconf 70' lang='grc' dir='ltr'>αὐτοῖς</span> <span class='ocrx_word' id='word_1_120' title='bbox 3019 596 3291 679; x_wconf 78' lang='grc' dir='ltr'>ἐξεγένετο</span> <span class='ocrx_word' id='word_1_121' title='bbox 3343 608 3418 677; x_wconf 79' lang='grc' dir='ltr'><strong>τῇ</strong></span> <span class='ocrx_word' id='word_1_122' title='bbox 3483 604 3736 678; x_wconf 77' lang='grc' dir='ltr'>Λαμψάκῳ</span> 
     </span>
    </p>
   </div>
   <div class='ocr_carea' id='block_1_22' title="bbox 2113 688 3736 769">
    <p class='ocr_par' dir='ltr' id='par_1_22' title="bbox 2113 688 3736 769">
     <span class='ocr_line' id='line_1_22' title="bbox 2113 688 3736 769; baseline 0.001 -23"><span class='ocrx_word' id='word_1_123' title='bbox 2113 702 2382 769; x_wconf 75' lang='grc' dir='ltr'>προσχεῖν</span> <span class='ocrx_word' id='word_1_124' title='bbox 2416 709 2429 724; x_wconf 79' lang='grc' dir='ltr'><strong>ο</strong></span> <span class='ocrx_word' id='word_1_125' title='bbox 2492 689 2742 746; x_wconf 86' lang='grc' dir='ltr'>κάκεῖθεν</span> <span class='ocrx_word' id='word_1_126' title='bbox 2797 688 3124 766; x_wconf 81' lang='grc' dir='ltr'><strong>ἀμείψαντες</strong></span> <span class='ocrx_word' id='word_1_127' title='bbox 3173 691 3233 746; x_wconf 84' lang='grc' dir='ltr'>τὸ</span> <span class='ocrx_word' id='word_1_128' title='bbox 3293 690 3520 765; x_wconf 86' lang='grc' dir='ltr'>πλοῖον,</span> <span class='ocrx_word' id='word_1_129' title='bbox 3577 700 3736 768; x_wconf 80' lang='grc' dir='ltr'>μηνῶν</span> 
     </span>
    </p>
   </div>
   <div class='ocr_carea' id='block_1_23' title="bbox 2114 769 3735 858">
    <p class='ocr_par' dir='ltr' id='par_1_23' title="bbox 2114 769 3735 858">
     <span class='ocr_line' id='line_1_23' title="bbox 2114 769 3735 858; baseline 0.001 -23"><span class='ocrx_word' id='word_1_130' title='bbox 2114 780 2386 858; x_wconf 83' lang='grc' dir='ltr'><strong>τεσσάρων</strong></span> <span class='ocrx_word' id='word_1_131' title='bbox 2444 779 2542 848; x_wconf 78' lang='grc' dir='ltr'>τὴν</span> <span class='ocrx_word' id='word_1_132' title='bbox 2603 769 2818 854; x_wconf 76' lang='grc' dir='ltr'>Ῥώμην</span> <span class='ocrx_word' id='word_1_133' title='bbox 2871 779 3374 853; x_wconf 75' lang='grc' dir='ltr'>καταλαμϐάνουσι-ι</span> <span class='ocrx_word' id='word_1_134' title='bbox 3410 798 3427 812; x_wconf 86' lang='grc'>⁶</span> <span class='ocrx_word' id='word_1_135' title='bbox 3502 781 3735 839; x_wconf 80' lang='grc' dir='ltr'>’[ννοκεν-</span> 
     </span>
    </p>
   </div>
   <div class='ocr_carea' id='block_1_24' title="bbox 2114 867 3737 950">
    <p class='ocr_par' dir='ltr' id='par_1_24' title="bbox 2114 867 3737 950">
     <span class='ocr_line' id='line_1_24' title="bbox 2114 867 3737 950; baseline 0.002 -26"><span class='ocrx_word' id='word_1_136' title='bbox 2114 871 2210 942; x_wconf 90' lang='grc' dir='ltr'><strong>τίῳ</strong></span> <span class='ocrx_word' id='word_1_137' title='bbox 2265 890 2322 924; x_wconf 87' lang='grc' dir='ltr'><strong>τε</strong></span> <span class='ocrx_word' id='word_1_138' title='bbox 2378 867 2683 946; x_wconf 74' lang='grc' dir='ltr'><strong>διηγοῦνται</strong></span> <span class='ocrx_word' id='word_1_139' title='bbox 2746 869 2812 924; x_wconf 79' lang='grc' dir='ltr'><strong>τὰ</strong></span> <span class='ocrx_word' id='word_1_140' title='bbox 2891 871 3260 945; x_wconf 76' lang='grc' dir='ltr'><strong>συμπεσόντα,</strong></span> <span class='ocrx_word' id='word_1_141' title='bbox 3317 884 3443 936; x_wconf 84' lang='grc' dir='ltr'>τοῖς</span> <span class='ocrx_word' id='word_1_142' title='bbox 3506 874 3620 950; x_wconf 85' lang='grc' dir='ltr'>περὶ</span> <span class='ocrx_word' id='word_1_143' title='bbox 3665 874 3737 929; x_wconf 76' lang='grc' dir='ltr'><strong>τὸν</strong></span> 
     </span>
    </p>
   </div>
   <div class='ocr_carea' id='block_1_25' title="bbox 2118 956 3736 1042">
    <p class='ocr_par' dir='ltr' id='par_1_25' title="bbox 2118 956 3736 1042">
     <span class='ocr_line' id='line_1_25' title="bbox 2118 956 3736 1042; baseline -0.001 -25"><span class='ocrx_word' id='word_1_144' title='bbox 2118 959 2382 1037; x_wconf 67' lang='grc' dir='ltr'>κυριακὸν</span> <span class='ocrx_word' id='word_1_145' title='bbox 2441 960 2528 1015; x_wconf 83' lang='grc' dir='ltr'><strong>καὶ</strong></span> <span class='ocrx_word' id='word_1_146' title='bbox 2573 956 2873 1014; x_wconf 71' lang='grc' dir='ltr'>Παλλάδιον</span> <span class='ocrx_word' id='word_1_147' title='bbox 2904 957 2958 1015; x_wconf 70' lang='grc' dir='ltr'><strong>εἷ’</strong></span> <span class='ocrx_word' id='word_1_148' title='bbox 2987 981 3039 1016; x_wconf 89' lang='grc' dir='ltr'><strong>τι</strong></span> <span class='ocrx_word' id='word_1_149' title='bbox 3081 960 3170 1016; x_wconf 87' lang='grc' dir='ltr'><strong>καὶ</strong></span> <span class='ocrx_word' id='word_1_150' title='bbox 3213 959 3456 1042; x_wconf 86' lang='grc' dir='ltr'>γένοιτο,</span> <span class='ocrx_word' id='word_1_151' title='bbox 3504 962 3736 1040; x_wconf 61' lang='grc' dir='ltr'>ἀγνοοῦν-</span> 
     </span>
    </p>
   </div>
   <div class='ocr_carea' id='block_1_26' title="bbox 2115 1045 3734 1125">
    <p class='ocr_par' dir='ltr' id='par_1_26' title="bbox 2115 1045 3734 1125">
     <span class='ocr_line' id='line_1_26' title="bbox 2115 1045 3734 1125; baseline 0.003 -20"><span class='ocrx_word' id='word_1_152' title='bbox 2115 1069 2201 1110; x_wconf 82' lang='grc' dir='ltr'><strong>τες</strong></span> <span class='ocrx_word' id='word_1_153' title='bbox 2238 1066 2254 1084; x_wconf 84' lang='grc'>⁶</span> <span class='ocrx_word' id='word_1_154' title='bbox 2316 1046 2454 1104; x_wconf 75' lang='grc' dir='ltr'>ἀλλᾶ</span> <span class='ocrx_word' id='word_1_155' title='bbox 2497 1045 2634 1123; x_wconf 79' lang='grc' dir='ltr'>μηδὲ</span> <span class='ocrx_word' id='word_1_156' title='bbox 2666 1049 2792 1125; x_wconf 76' lang='lat' dir='ltr'><strong>coepi</strong></span> <span class='ocrx_word' id='word_1_157' title='bbox 2833 1048 3082 1105; x_wconf 76' lang='grc' dir='ltr'>Ἰωάννου</span> <span class='ocrx_word' id='word_1_158' title='bbox 3125 1071 3175 1105; x_wconf 90' lang='grc' dir='ltr'><strong>τι</strong></span> <span class='ocrx_word' id='word_1_159' title='bbox 3224 1054 3368 1124; x_wconf 80' lang='grc' dir='ltr'><strong>αὒτῷ</strong></span> <span class='ocrx_word' id='word_1_160' title='bbox 3404 1049 3638 1125; x_wconf 81' lang='grc' dir='ltr'>συμϐαίη</span> <span class='ocrx_word' id='word_1_161' title='bbox 3664 1050 3734 1111; x_wconf 64' lang='grc' dir='ltr'>δυ-</span> 
     </span>
    </p>
   </div>
   <div class='ocr_carea' id='block_1_27' title="bbox 2115 1136 3738 1212">
    <p class='ocr_par' dir='ltr' id='par_1_27' title="bbox 2115 1136 3738 1212">
     <span class='ocr_line' id='line_1_27' title="bbox 2115 1136 3738 1212; baseline 0.005 -22"><span class='ocrx_word' id='word_1_162' title='bbox 2115 1137 2357 1204; x_wconf 73' lang='grc' dir='ltr'>νηθέντες</span> <span class='ocrx_word' id='word_1_163' title='bbox 2417 1141 2628 1212; x_wconf 87' lang='grc' dir='ltr'>μαθεῖν.</span> <span class='ocrx_word' id='word_1_164' title='bbox 2695 1146 2863 1196; x_wconf 81' lang='grc' dir='ltr'>Ταῦτα</span> <span class='ocrx_word' id='word_1_165' title='bbox 2910 1136 2966 1193; x_wconf 79' lang='grc' dir='ltr'>δὲ</span> <span class='ocrx_word' id='word_1_166' title='bbox 3024 1140 3193 1196; x_wconf 85' lang='grc' dir='ltr'>πάντα</span> <span class='ocrx_word' id='word_1_167' title='bbox 3246 1142 3338 1197; x_wconf 78' lang='grc' dir='ltr'><strong>τὸν</strong></span> <span class='ocrx_word' id='word_1_168' title='bbox 3373 1141 3524 1210; x_wconf 82' lang='grc' dir='ltr'>νωθῆ</span> <span class='ocrx_word' id='word_1_169' title='bbox 3554 1139 3738 1198; x_wconf 80' lang='grc' dir='ltr'>διελάν-</span> 
     </span>
    </p>
   </div>
   <div class='ocr_carea' id='block_1_28' title="bbox 2113 1225 3739 1306">
    <p class='ocr_par' dir='ltr' id='par_1_28' title="bbox 2113 1225 3739 1306">
     <span class='ocr_line' id='line_1_28' title="bbox 2113 1225 3739 1306; baseline 0.003 -24"><span class='ocrx_word' id='word_1_170' title='bbox 2113 1230 2263 1283; x_wconf 86' lang='grc' dir='ltr'>θανεν</span> <span class='ocrx_word' id='word_1_171' title='bbox 2323 1225 2624 1306; x_wconf 82' lang='grc' dir='ltr'>Ἀρκάδιον,</span> <span class='ocrx_word' id='word_1_172' title='bbox 2690 1226 2764 1291; x_wconf 81' lang='grc' dir='ltr'>ὥς</span> <span class='ocrx_word' id='word_1_173' title='bbox 2843 1249 2905 1305; x_wconf 88' lang='grc' dir='ltr'><strong>γε</strong></span> <span class='ocrx_word' id='word_1_174' title='bbox 2979 1226 3196 1304; x_wconf 73' lang='grc' dir='ltr'>ὕστερον</span> <span class='ocrx_word' id='word_1_175' title='bbox 3278 1228 3487 1305; x_wconf 73' lang='grc' dir='ltr'>ὑπῆρξε</span> <span class='ocrx_word' id='word_1_176' title='bbox 3549 1235 3739 1306; x_wconf 77' lang='grc' dir='ltr'>μαθεῖν,</span> 
     </span>
    </p>
   </div>
   <div class='ocr_carea' id='block_1_29' title="bbox 2113 1314 3741 1396">
    <p class='ocr_par' dir='ltr' id='par_1_29' title="bbox 2113 1314 3741 1396">
     <span class='ocr_line' id='line_1_29' title="bbox 2113 1314 3741 1396; baseline 0.003 -23"><span class='ocrx_word' id='word_1_177' title='bbox 2113 1314 2282 1373; x_wconf 84' lang='grc' dir='ltr'><strong>Ἀλλὰ</strong></span> <span class='ocrx_word' id='word_1_178' title='bbox 2316 1321 2415 1394; x_wconf 77' lang='grc' dir='ltr'>γὰρ</span> <span class='ocrx_word' id='word_1_179' title='bbox 2459 1318 2486 1372; x_wconf 83' lang='grc' dir='ltr'>ὂ</span> <span class='ocrx_word' id='word_1_180' title='bbox 2530 1315 2689 1396; x_wconf 87' lang='grc' dir='ltr'>λόγος</span> <span class='ocrx_word' id='word_1_181' title='bbox 2736 1316 2966 1374; x_wconf 76' lang='grc' dir='ltr'>ἐπανίτω</span> <span class='ocrx_word' id='word_1_182' title='bbox 3012 1317 3174 1375; x_wconf 87' lang='grc' dir='ltr'>πάλιν</span> <span class='ocrx_word' id='word_1_183' title='bbox 3220 1318 3337 1376; x_wconf 79' lang='grc' dir='ltr'>ὅθεν</span> <span class='ocrx_word' id='word_1_184' title='bbox 3364 1320 3557 1396; x_wconf 73' lang='grc' dir='ltr'>ἐξέϐη,</span> <span class='ocrx_word' id='word_1_185' title='bbox 3589 1323 3667 1378; x_wconf 83' lang='grc' dir='ltr'><strong>καὶ</strong></span> <span class='ocrx_word' id='word_1_186' title='bbox 3691 1323 3741 1378; x_wconf 72' lang='grc' dir='ltr'>τὲ</span> 
     </span>
    </p>
   </div>
   <div class='ocr_carea' id='block_1_30' title="bbox 2115 1405 3209 1485">
    <p class='ocr_par' dir='ltr' id='par_1_30' title="bbox 2115 1405 3209 1485">
     <span class='ocr_line' id='line_1_30' title="bbox 2115 1405 3209 1485; baseline 0.004 -23"><span class='ocrx_word' id='word_1_187' title='bbox 2115 1407 2249 1464; x_wconf 79' lang='grc' dir='ltr'>κατὰ</span> <span class='ocrx_word' id='word_1_188' title='bbox 2279 1408 2369 1462; x_wconf 84' lang='grc' dir='ltr'>τὸν</span> <span class='ocrx_word' id='word_1_189' title='bbox 2400 1405 2571 1485; x_wconf 83' lang='grc' dir='ltr'>μέγαν</span> <span class='ocrx_word' id='word_1_190' title='bbox 2599 1405 2868 1464; x_wconf 82' lang='grc' dir='ltr'>ὑπόλοιπα</span> <span class='ocrx_word' id='word_1_191' title='bbox 2901 1406 3209 1485; x_wconf 84' lang='grc' dir='ltr'>διηγείσθω,</span> 
     </span>
    </p>
   </div>
   <div class='ocr_carea' id='block_1_31' title="bbox 2196 1673 3749 1754">
    <p class='ocr_par' dir='ltr' id='par_1_31' title="bbox 2196 1673 3749 1754">
     <span class='ocr_line' id='line_1_31' title="bbox 2196 1673 3749 1754; baseline 0.001 -22"><span class='ocrx_word' id='word_1_192' title='bbox 2196 1673 2328 1732; x_wconf 84' lang='lat' dir='ltr'><strong>NH&#39;.</strong></span> <span class='ocrx_word' id='word_1_193' title='bbox 2390 1676 2451 1733; x_wconf 76' lang='grc' dir='ltr'>Ὀ</span> <span class='ocrx_word' id='word_1_194' title='bbox 2518 1675 2689 1732; x_wconf 85' lang='grc' dir='ltr'>τοίνυν</span> <span class='ocrx_word' id='word_1_195' title='bbox 2773 1679 3075 1752; x_wconf 76' lang='grc' dir='ltr'>θαυμαστος</span> <span class='ocrx_word' id='word_1_196' title='bbox 3151 1676 3438 1750; x_wconf 76' lang='grc' dir='ltr'>Ἰωάννης,</span> <span class='ocrx_word' id='word_1_197' title='bbox 3502 1684 3571 1754; x_wconf 80' lang='grc' dir='ltr'><strong>τῇ</strong></span> <span class='ocrx_word' id='word_1_198' title='bbox 3628 1687 3749 1736; x_wconf 76' lang='grc' dir='ltr'>Κου-</span> 
     </span>
    </p>
   </div>
   <div class='ocr_carea' id='block_1_32' title="bbox 393 1758 2018 1854">
    <p class='ocr_par' dir='ltr' id='par_1_32' title="bbox 393 1758 2018 1854">
     <span class='ocr_line' id='line_1_32' title="bbox 393 1758 2018 1854; baseline -0.006 -26"><span class='ocrx_word' id='word_1_199' title='bbox 393 1785 525 1829; x_wconf 92' lang='lat' dir='ltr'><strong>sum</strong></span> <span class='ocrx_word' id='word_1_200' title='bbox 554 1765 899 1838; x_wconf 89' lang='lat' dir='ltr'><strong>venisset,et</strong></span> <span class='ocrx_word' id='word_1_201' title='bbox 920 1765 978 1826; x_wconf 93' lang='lat' dir='ltr'><strong>in</strong></span> <span class='ocrx_word' id='word_1_202' title='bbox 1003 1766 1229 1827; x_wconf 55' lang='lat' dir='ltr'><strong>aedibus</strong></span> <span class='ocrx_word' id='word_1_203' title='bbox 1247 1762 1528 1854; x_wconf 77' lang='lat' dir='ltr'><strong>Adelphii</strong></span> <span class='ocrx_word' id='word_1_204' title='bbox 1550 1762 1776 1854; x_wconf 68' lang='lat' dir='ltr'><strong>(54),ut</strong></span> <span class='ocrx_word' id='word_1_205' title='bbox 1798 1758 2018 1854; x_wconf 25' lang='lat' dir='ltr'><strong>jam‘di.</strong></span> 
     </span>
    </p>
   </div>
   <div class='ocr_carea' id='block_1_33' title="bbox 2119 1758 3747 1854">
    <p class='ocr_par' dir='ltr' id='par_1_33' title="bbox 2119 1762 3747 1846">
     <span class='ocr_line' id='line_1_33' title="bbox 2119 1762 3747 1846; baseline 0.002 -27"><span class='ocrx_word' id='word_1_206' title='bbox 2119 1769 2292 1838; x_wconf 86' lang='grc' dir='ltr'>κουσῷ</span> <span class='ocrx_word' id='word_1_207' title='bbox 2347 1762 2686 1844; x_wconf 80' lang='grc' dir='ltr'>προσϐαλὼν,</span> <span class='ocrx_word' id='word_1_208' title='bbox 2760 1767 2848 1822; x_wconf 89' lang='grc' dir='ltr'>καὶ</span> <span class='ocrx_word' id='word_1_209' title='bbox 2908 1766 2961 1821; x_wconf 81' lang='grc' dir='ltr'>ἐν</span> <span class='ocrx_word' id='word_1_210' title='bbox 3018 1771 3094 1839; x_wconf 86' lang='grc' dir='ltr'>τῷ</span> <span class='ocrx_word' id='word_1_211' title='bbox 3153 1764 3469 1846; x_wconf 70' lang='grc' dir='ltr'>Ἀδελφειοῦ</span> <span class='ocrx_word' id='word_1_212' title='bbox 3501 1768 3636 1840; x_wconf 76' lang='grc' dir='ltr'>οἴκῳ</span> <span class='ocrx_word' id='word_1_213' title='bbox 3676 1767 3747 1823; x_wconf 81' lang='grc' dir='ltr'>δι-</span> 
     </span>
    </p>
   </div>
   <div class='ocr_carea' id='block_1_34' title="bbox 392 1849 2018 1934">
    <p class='ocr_par' dir='ltr' id='par_1_34' title="bbox 392 1849 2018 1934">
     <span class='ocr_line' id='line_1_34' title="bbox 392 1849 2018 1934; baseline -0.007 -15"><span class='ocrx_word' id='word_1_214' title='bbox 392 1855 860 1934; x_wconf 77' lang='lat' dir='ltr'><strong>ximus,degeret</strong></span> <span class='ocrx_word' id='word_1_215' title='bbox 882 1855 1034 1934; x_wconf 91' lang='lat' dir='ltr'><strong>(illic</strong></span> <span class='ocrx_word' id='word_1_216' title='bbox 1056 1855 1216 1916; x_wconf 89' lang='lat' dir='ltr'><strong>enim</strong></span> <span class='ocrx_word' id='word_1_217' title='bbox 1235 1873 1371 1917; x_wconf 89' lang='lat' dir='ltr'><strong>eum</strong></span> <span class='ocrx_word' id='word_1_218' title='bbox 1400 1849 2018 1933; x_wconf 76' lang='lat' dir='ltr'><strong>reliquimus),rnulto:</strong></span> 
     </span>
    </p>
   </div>
   <div class='ocr_carea' id='block_1_35' title="bbox 2119 1849 3752 1934">
    <p class='ocr_par' dir='ltr' id='par_1_35' title="bbox 2119 1853 3752 1934">
     <span class='ocr_line' id='line_1_35' title="bbox 2119 1853 3752 1934; baseline 0 -26"><span class='ocrx_word' id='word_1_219' title='bbox 2119 1853 2258 1930; x_wconf 90' lang='grc' dir='ltr'>άγων</span> <span class='ocrx_word' id='word_1_220' title='bbox 2315 1853 2576 1930; x_wconf 79' lang='grc' dir='ltr'>(καθάπερ</span> <span class='ocrx_word' id='word_1_221' title='bbox 2618 1853 2846 1934; x_wconf 72' lang='grc' dir='ltr'>ἔφημεν.</span> <span class='ocrx_word' id='word_1_222' title='bbox 2909 1854 3059 1911; x_wconf 76' lang='grc' dir='ltr'>Ἐκεῖ</span> <span class='ocrx_word' id='word_1_223' title='bbox 3119 1855 3218 1932; x_wconf 72' lang='grc' dir='ltr'><strong>γὰρ</strong></span> <span class='ocrx_word' id='word_1_224' title='bbox 3274 1858 3434 1914; x_wconf 67' lang='grc' dir='ltr'>αὐτὸν</span> <span class='ocrx_word' id='word_1_225' title='bbox 3483 1859 3752 1934; x_wconf 85' lang='grc' dir='ltr'>γενόμενον</span> 
     </span>
    </p>
   </div>
   <div class='ocr_carea' id='block_1_36' title="bbox 392 1946 2031 2021">
    <p class='ocr_par' dir='ltr' id='par_1_36' title="bbox 392 1946 2031 2021">
     <span class='ocr_line' id='line_1_36' title="bbox 392 1946 2031 2021; baseline -0.004 -15"><span class='ocrx_word' id='word_1_226' title='bbox 392 1951 624 2021; x_wconf 87' lang='lat' dir='ltr'><strong>quidem</strong></span> <span class='ocrx_word' id='word_1_227' title='bbox 648 1963 931 2019; x_wconf 88' lang='lat' dir='ltr'><strong>pauperes</strong></span> <span class='ocrx_word' id='word_1_228' title='bbox 954 1949 1091 2006; x_wconf 84' lang='lat' dir='ltr'><strong>aluit</strong></span> <span class='ocrx_word' id='word_1_229' title='bbox 1107 1963 1252 2018; x_wconf 85' lang='lat' dir='ltr'><strong>pane</strong></span> <span class='ocrx_word' id='word_1_230' title='bbox 1275 1949 1531 2004; x_wconf 84' lang='lat' dir='ltr'><strong>terrestri</strong></span> <span class='ocrx_word' id='word_1_231' title='bbox 1556 1949 1712 2014; x_wconf 89' lang='lat' dir='ltr'><strong>(tunc</strong></span> <span class='ocrx_word' id='word_1_232' title='bbox 1736 1946 1882 2002; x_wconf 83' lang='lat' dir='ltr'><strong>enim</strong></span> <span class='ocrx_word' id='word_1_233' title='bbox 1900 1959 2031 2016; x_wconf 77' lang='lat' dir='ltr'><strong>gra-</strong></span> 
     </span>
    </p>
   </div>
   <div class='ocr_carea' id='block_1_37' title="bbox 394 2030 2032 2109">
    <p class='ocr_par' dir='ltr' id='par_1_37' title="bbox 394 2030 2032 2109">
     <span class='ocr_line' id='line_1_37' title="bbox 394 2030 2032 2109; baseline -0.002 -16"><span class='ocrx_word' id='word_1_234' title='bbox 394 2033 632 2095; x_wconf 84' lang='lat' dir='ltr'><strong>vissima</strong></span> <span class='ocrx_word' id='word_1_235' title='bbox 663 2032 850 2094; x_wconf 82' lang='lat' dir='ltr'><strong>fames</strong></span> <span class='ocrx_word' id='word_1_236' title='bbox 882 2050 1020 2094; x_wconf 91' lang='lat' dir='ltr'><strong>eum</strong></span> <span class='ocrx_word' id='word_1_237' title='bbox 1052 2033 1247 2094; x_wconf 90' lang='lat' dir='ltr'><strong>locum</strong></span> <span class='ocrx_word' id='word_1_238' title='bbox 1281 2030 1805 2109; x_wconf 86' lang='lat' dir='ltr'><strong>invaserat),longc</strong></span> <span class='ocrx_word' id='word_1_239' title='bbox 1829 2040 2032 2092; x_wconf 88' lang='lat' dir='ltr'><strong>autem</strong></span> 
     </span>
    </p>
   </div>
   <div class='ocr_carea' id='block_1_38' title="bbox 393 2119 2028 2204">
    <p class='ocr_par' dir='ltr' id='par_1_38' title="bbox 393 2119 2028 2204">
     <span class='ocr_line' id='line_1_38' title="bbox 393 2119 2028 2204; baseline -0.002 -21"><span class='ocrx_word' id='word_1_240' title='bbox 393 2125 594 2204; x_wconf 86' lang='lat' dir='ltr'><strong>plures</strong></span> <span class='ocrx_word' id='word_1_241' title='bbox 626 2121 1181 2202; x_wconf 89' lang='lat' dir='ltr'><strong>nutrimento,quod</strong></span> <span class='ocrx_word' id='word_1_242' title='bbox 1218 2140 1248 2181; x_wconf 90' lang='lat' dir='ltr'><strong>a</strong></span> <span class='ocrx_word' id='word_1_243' title='bbox 1281 2121 1482 2199; x_wconf 84' lang='lat' dir='ltr'><strong>lingua</strong></span> <span class='ocrx_word' id='word_1_244' title='bbox 1512 2119 2028 2200; x_wconf 83' lang='lat' dir='ltr'><strong>suppeditabatur,</strong></span> 
     </span>
    </p>
   </div>
   <div class='ocr_carea' id='block_1_39' title="bbox 392 2209 2032 2294">
    <p class='ocr_par' dir='ltr' id='par_1_39' title="bbox 392 2209 2032 2294">
     <span class='ocr_line' id='line_1_39' title="bbox 392 2209 2032 2294; baseline -0.002 -22"><span class='ocrx_word' id='word_1_245' title='bbox 392 2212 550 2294; x_wconf 90' lang='lat' dir='ltr'><strong>quod</strong></span> <span class='ocrx_word' id='word_1_246' title='bbox 582 2222 645 2272; x_wconf 88' lang='lat' dir='ltr'><strong>et</strong></span> <span class='ocrx_word' id='word_1_247' title='bbox 670 2230 773 2273; x_wconf 89' lang='lat' dir='ltr'><strong>cor</strong></span> <span class='ocrx_word' id='word_1_248' title='bbox 791 2213 1109 2273; x_wconf 87' lang='lat' dir='ltr'><strong>confirmat</strong></span> <span class='ocrx_word' id='word_1_249' title='bbox 1139 2221 1199 2274; x_wconf 91' lang='lat' dir='ltr'><strong>et</strong></span> <span class='ocrx_word' id='word_1_250' title='bbox 1223 2219 1483 2272; x_wconf 89' lang='lat' dir='ltr'><strong>mentem</strong></span> <span class='ocrx_word' id='word_1_251' title='bbox 1509 2209 2032 2284; x_wconf 88' lang='lat' dir='ltr'><strong>illuminat.Quam</strong></span> 
     </span>
    </p>
   </div>
   <div class='ocr_carea' id='block_1_40' title="bbox 392 2303 2032 2364">
    <p class='ocr_par' dir='ltr' id='par_1_40' title="bbox 392 2303 2032 2364">
     <span class='ocr_line' id='line_1_40' title="bbox 392 2303 2032 2364; baseline -0.004 0"><span class='ocrx_word' id='word_1_252' title='bbox 392 2306 604 2364; x_wconf 91' lang='lat' dir='ltr'><strong>multas</strong></span> <span class='ocrx_word' id='word_1_253' title='bbox 625 2316 814 2362; x_wconf 88' lang='lat' dir='ltr'><strong>autem</strong></span> <span class='ocrx_word' id='word_1_254' title='bbox 830 2304 898 2362; x_wconf 85' lang='lat' dir='ltr'><strong>de</strong></span> <span class='ocrx_word' id='word_1_255' title='bbox 915 2305 1112 2362; x_wconf 89' lang='lat' dir='ltr'><strong>multis</strong></span> <span class='ocrx_word' id='word_1_256' title='bbox 1131 2306 1474 2362; x_wconf 85' lang='lat' dir='ltr'><strong>necessariis</strong></span> <span class='ocrx_word' id='word_1_257' title='bbox 1494 2304 1694 2360; x_wconf 85' lang='lat' dir='ltr'><strong>habuit</strong></span> <span class='ocrx_word' id='word_1_258' title='bbox 1717 2303 2032 2360; x_wconf 82' lang='lat' dir='ltr'><strong>orationes!</strong></span> 
     </span>
    </p>
   </div>
   <div class='ocr_carea' id='block_1_41' title="bbox 391 2389 2038 2472">
    <p class='ocr_par' dir='ltr' id='par_1_41' title="bbox 391 2389 2038 2472">
     <span class='ocr_line' id='line_1_41' title="bbox 391 2389 2038 2472; baseline -0.002 -20"><span class='ocrx_word' id='word_1_259' title='bbox 391 2391 537 2468; x_wconf 90' lang='lat' dir='ltr'><strong>quid</strong></span> <span class='ocrx_word' id='word_1_260' title='bbox 569 2390 730 2451; x_wconf 91' lang='lat' dir='ltr'><strong>enim</strong></span> <span class='ocrx_word' id='word_1_261' title='bbox 766 2410 836 2452; x_wconf 83' lang='lat' dir='ltr'><strong>ex</strong></span> <span class='ocrx_word' id='word_1_262' title='bbox 867 2390 1105 2472; x_wconf 69' lang='lat' dir='ltr'><strong>iis,quae</strong></span> <span class='ocrx_word' id='word_1_263' title='bbox 1127 2390 1484 2469; x_wconf 87' lang='lat' dir='ltr'><strong>contingunt</strong></span> <span class='ocrx_word' id='word_1_264' title='bbox 1505 2407 1718 2468; x_wconf 90' lang='lat' dir='ltr'><strong>aspera</strong></span> <span class='ocrx_word' id='word_1_265' title='bbox 1742 2398 1797 2448; x_wconf 91' lang='lat' dir='ltr'><strong>et</strong></span> <span class='ocrx_word' id='word_1_266' title='bbox 1823 2389 2038 2448; x_wconf 85' lang='lat' dir='ltr'><strong>moles-</strong></span> 
     </span>
    </p>
   </div>
   <div class='ocr_carea' id='block_1_42' title="bbox 393 2478 2034 2561">
    <p class='ocr_par' dir='ltr' id='par_1_42' title="bbox 393 2478 2034 2561">
     <span class='ocr_line' id='line_1_42' title="bbox 393 2478 2034 2561; baseline -0.002 -19"><span class='ocrx_word' id='word_1_267' title='bbox 393 2491 469 2554; x_wconf 88' lang='lat' dir='ltr'><strong>ta,</strong></span> <span class='ocrx_word' id='word_1_268' title='bbox 509 2480 699 2561; x_wconf 86' lang='lat' dir='ltr'><strong>potuit</strong></span> <span class='ocrx_word' id='word_1_269' title='bbox 729 2480 991 2558; x_wconf 76' lang='lat' dir='ltr'><strong>linguam</strong></span> <span class='ocrx_word' id='word_1_270' title='bbox 1025 2481 1238 2542; x_wconf 90' lang='lat' dir='ltr'><strong>sistere</strong></span> <span class='ocrx_word' id='word_1_271' title='bbox 1285 2497 1417 2560; x_wconf 63' lang='lat' dir='ltr'><strong>qua:</strong></span> <span class='ocrx_word' id='word_1_272' title='bbox 1448 2478 1668 2540; x_wconf 88' lang='lat' dir='ltr'><strong>ﬂuebat</strong></span> <span class='ocrx_word' id='word_1_273' title='bbox 1702 2479 1888 2539; x_wconf 86' lang='lat' dir='ltr'><strong>instar</strong></span> <span class='ocrx_word' id='word_1_274' title='bbox 1919 2479 1995 2539; x_wconf 85' lang='lat' dir='ltr'><strong>flu</strong></span> <span class='ocrx_word' id='word_1_275' title='bbox 2016 2512 2034 2522; x_wconf 88' lang='lat'><strong>-</strong></span> 
     </span>
    </p>
   </div>
   <div class='ocr_carea' id='block_1_43' title="bbox 392 2568 2036 2650">
    <p class='ocr_par' dir='ltr' id='par_1_43' title="bbox 392 2568 2036 2650">
     <span class='ocr_line' id='line_1_43' title="bbox 392 2568 2036 2650; baseline -0.001 -20"><span class='ocrx_word' id='word_1_276' title='bbox 392 2569 620 2631; x_wconf 90' lang='lat' dir='ltr'><strong>minum</strong></span> <span class='ocrx_word' id='word_1_277' title='bbox 646 2568 671 2632; x_wconf 70' lang='grc' dir='ltr'><em>ἲ</em></span> <span class='ocrx_word' id='word_1_278' title='bbox 693 2569 910 2631; x_wconf 89' lang='lat' dir='ltr'><strong>Habuit</strong></span> <span class='ocrx_word' id='word_1_279' title='bbox 930 2570 1106 2632; x_wconf 90' lang='lat' dir='ltr'><strong>etiam</strong></span> <span class='ocrx_word' id='word_1_280' title='bbox 1135 2589 1251 2631; x_wconf 92' lang='lat' dir='ltr'><strong>non</strong></span> <span class='ocrx_word' id='word_1_281' title='bbox 1279 2587 1496 2650; x_wconf 89' lang='lat' dir='ltr'><strong>paucas</strong></span> <span class='ocrx_word' id='word_1_282' title='bbox 1527 2569 1602 2629; x_wconf 91' lang='lat' dir='ltr'><strong>de</strong></span> <span class='ocrx_word' id='word_1_283' title='bbox 1634 2568 1946 2648; x_wconf 85' lang='lat' dir='ltr'><strong>patientia,</strong></span> <span class='ocrx_word' id='word_1_284' title='bbox 1977 2576 2036 2628; x_wconf 93' lang='lat' dir='ltr'><strong>et</strong></span> 
     </span>
    </p>
   </div>
   <div class='ocr_carea' id='block_1_44' title="bbox 391 2656 2033 2741">
    <p class='ocr_par' dir='ltr' id='par_1_44' title="bbox 391 2656 2033 2741">
     <span class='ocr_line' id='line_1_44' title="bbox 391 2656 2033 2741; baseline -0.003 -20"><span class='ocrx_word' id='word_1_285' title='bbox 391 2659 547 2741; x_wconf 92' lang='lat' dir='ltr'><strong>quod</strong></span> <span class='ocrx_word' id='word_1_286' title='bbox 584 2678 702 2720; x_wconf 91' lang='lat' dir='ltr'><strong>non</strong></span> <span class='ocrx_word' id='word_1_287' title='bbox 734 2659 928 2720; x_wconf 88' lang='lat' dir='ltr'><strong>solum</strong></span> <span class='ocrx_word' id='word_1_288' title='bbox 961 2667 1234 2739; x_wconf 87' lang='lat' dir='ltr'><strong>oporteat</strong></span> <span class='ocrx_word' id='word_1_289' title='bbox 1263 2677 1380 2719; x_wconf 91' lang='lat' dir='ltr'><strong>non</strong></span> <span class='ocrx_word' id='word_1_290' title='bbox 1415 2677 1548 2720; x_wconf 90' lang='lat' dir='ltr'><strong>esse</strong></span> <span class='ocrx_word' id='word_1_291' title='bbox 1580 2658 1894 2728; x_wconf 78' lang='lat' dir='ltr'><strong>socordes,</strong></span> <span class='ocrx_word' id='word_1_292' title='bbox 1928 2656 2033 2717; x_wconf 90' lang='lat' dir='ltr'><strong>sed</strong></span> 
     </span>
    </p>
   </div>
   <div class='ocr_carea' id='block_1_45' title="bbox 393 2745 2032 2830">
    <p class='ocr_par' dir='ltr' id='par_1_45' title="bbox 393 2745 2032 2830">
     <span class='ocr_line' id='line_1_45' title="bbox 393 2745 2032 2830; baseline -0.004 -19"><span class='ocrx_word' id='word_1_293' title='bbox 393 2769 502 2811; x_wconf 92' lang='lat' dir='ltr'><strong>nec</strong></span> <span class='ocrx_word' id='word_1_294' title='bbox 523 2748 746 2810; x_wconf 76' lang='lat' dir='ltr'><strong>oﬂ‘endi</strong></span> <span class='ocrx_word' id='word_1_295' title='bbox 781 2749 1251 2830; x_wconf 80' lang='lat' dir='ltr'><strong>molestiis,quas</strong></span> <span class='ocrx_word' id='word_1_296' title='bbox 1278 2749 1569 2825; x_wconf 82' lang='lat' dir='ltr'><strong>contingit</strong></span> <span class='ocrx_word' id='word_1_297' title='bbox 1601 2747 1855 2826; x_wconf 91' lang='lat' dir='ltr'><strong>perpeti.</strong></span> <span class='ocrx_word' id='word_1_298' title='bbox 1881 2745 2032 2806; x_wconf 85' lang='lat' dir='ltr'><strong>Mul-</strong></span> 
     </span>
    </p>
   </div>
   <div class='ocr_carea' id='block_1_46' title="bbox 395 2835 2036 2918">
    <p class='ocr_par' dir='ltr' id='par_1_46' title="bbox 395 2835 2036 2918">
     <span class='ocr_line' id='line_1_46' title="bbox 395 2835 2036 2918; baseline -0.004 -17"><span class='ocrx_word' id='word_1_299' title='bbox 395 2848 466 2901; x_wconf 67' lang='grc' dir='ltr'><strong>ιω</strong></span> <span class='ocrx_word' id='word_1_300' title='bbox 485 2855 723 2918; x_wconf 87' lang='lat' dir='ltr'><strong>quoque</strong></span> <span class='ocrx_word' id='word_1_301' title='bbox 745 2836 818 2900; x_wconf 89' lang='lat' dir='ltr'><strong>ab</strong></span> <span class='ocrx_word' id='word_1_302' title='bbox 839 2857 908 2899; x_wconf 88' lang='lat' dir='ltr'><strong>eo</strong></span> <span class='ocrx_word' id='word_1_303' title='bbox 935 2837 1152 2898; x_wconf 73' lang='lat' dir='ltr'><strong>divinae</strong></span> <span class='ocrx_word' id='word_1_304' title='bbox 1169 2836 1514 2898; x_wconf 89' lang='lat' dir='ltr'><strong>scribuntur</strong></span> <span class='ocrx_word' id='word_1_305' title='bbox 1533 2836 1800 2916; x_wconf 61' lang='lat' dir='ltr'><strong>epistolae</strong></span> <span class='ocrx_word' id='word_1_306' title='bbox 1815 2835 1887 2896; x_wconf 91' lang='lat' dir='ltr'><strong>ad</strong></span> <span class='ocrx_word' id='word_1_307' title='bbox 1904 2853 2036 2895; x_wconf 89' lang='lat' dir='ltr'><strong>san-</strong></span> 
     </span>
    </p>
   </div>
   <div class='ocr_carea' id='block_1_47' title="bbox 392 2924 2034 3006">
    <p class='ocr_par' dir='ltr' id='par_1_47' title="bbox 392 2924 2034 3006">
     <span class='ocr_line' id='line_1_47' title="bbox 392 2924 2034 3006; baseline -0.004 -15"><span class='ocrx_word' id='word_1_308' title='bbox 392 2936 546 2991; x_wconf 88' lang='lat' dir='ltr'><strong>ctam</strong></span> <span class='ocrx_word' id='word_1_309' title='bbox 561 2925 1064 3006; x_wconf 81' lang='lat' dir='ltr'><strong>Olympiadem,in</strong></span> <span class='ocrx_word' id='word_1_310' title='bbox 1081 2926 1298 3005; x_wconf 86' lang='lat' dir='ltr'><strong>quibus</strong></span> <span class='ocrx_word' id='word_1_311' title='bbox 1319 2943 1733 3004; x_wconf 66' lang='lat' dir='ltr'><strong>saepenumero</strong></span> <span class='ocrx_word' id='word_1_312' title='bbox 1753 2942 1932 2986; x_wconf 93' lang='lat' dir='ltr'><strong>unum</strong></span> <span class='ocrx_word' id='word_1_313' title='bbox 1951 2924 2034 2986; x_wconf 86' lang='lat' dir='ltr'><strong>di-</strong></span> 
     </span>
    </p>
   </div>
   <div class='ocr_carea' id='block_1_48' title="bbox 391 3014 2037 3096">
    <p class='ocr_par' dir='ltr' id='par_1_48' title="bbox 391 3014 2037 3096">
     <span class='ocr_line' id='line_1_48' title="bbox 391 3014 2037 3096; baseline -0.002 -17"><span class='ocrx_word' id='word_1_314' title='bbox 391 3017 472 3080; x_wconf 91' lang='lat' dir='ltr'><strong>cit</strong></span> <span class='ocrx_word' id='word_1_315' title='bbox 503 3034 636 3077; x_wconf 89' lang='lat' dir='ltr'><strong>esse</strong></span> <span class='ocrx_word' id='word_1_316' title='bbox 669 3015 1190 3096; x_wconf 87' lang='lat' dir='ltr'><strong>terribile,nempe</strong></span> <span class='ocrx_word' id='word_1_317' title='bbox 1216 3025 1523 3095; x_wconf 87' lang='lat' dir='ltr'><strong>peccatum</strong></span> <span class='ocrx_word' id='word_1_318' title='bbox 1551 3034 1565 3074; x_wconf 88' lang='lat'>:</span> <span class='ocrx_word' id='word_1_319' title='bbox 1597 3022 1653 3074; x_wconf 90' lang='lat' dir='ltr'><strong>et</strong></span> <span class='ocrx_word' id='word_1_320' title='bbox 1677 3014 1734 3076; x_wconf 91' lang='lat' dir='ltr'><strong>ei</strong></span> <span class='ocrx_word' id='word_1_321' title='bbox 1758 3023 2037 3076; x_wconf 88' lang='lat' dir='ltr'><strong>recenset</strong></span> 
     </span>
    </p>
   </div>
   <div class='ocr_carea' id='block_1_49' title="bbox 395 3103 2037 3185">
    <p class='ocr_par' dir='ltr' id='par_1_49' title="bbox 395 3103 2037 3185">
     <span class='ocr_line' id='line_1_49' title="bbox 395 3103 2037 3185; baseline -0.001 -19"><span class='ocrx_word' id='word_1_322' title='bbox 395 3104 860 3185; x_wconf 55' lang='lat' dir='ltr'><strong>molestiasque:</strong></span> <span class='ocrx_word' id='word_1_323' title='bbox 879 3105 1286 3166; x_wconf 88' lang='lat' dir='ltr'><strong>eveneruntin</strong></span> <span class='ocrx_word' id='word_1_324' title='bbox 1313 3103 1759 3177; x_wconf 87' lang='lat' dir='ltr'><strong>itinere,eteam</strong></span> <span class='ocrx_word' id='word_1_325' title='bbox 1783 3121 2037 3164; x_wconf 72' lang='lat' dir='ltr'><strong>mceren-</strong></span> 
     </span>
    </p>
   </div>
   <div class='ocr_carea' id='block_1_50' title="bbox 392 3171 2094 3276">
    <p class='ocr_par' dir='ltr' id='par_1_50' title="bbox 392 3171 2094 3276">
     <span class='ocr_line' id='line_1_50' title="bbox 392 3171 2094 3276; baseline -0.001 -20"><span class='ocrx_word' id='word_1_326' title='bbox 392 3203 509 3256; x_wconf 89' lang='lat' dir='ltr'><strong>tem</strong></span> <span class='ocrx_word' id='word_1_327' title='bbox 535 3171 776 3275; x_wconf 72' lang='lat' dir='ltr'><strong>propter</strong></span> <span class='ocrx_word' id='word_1_328' title='bbox 796 3195 926 3276; x_wconf 87' lang='lat' dir='ltr'><strong>ejus</strong></span> <span class='ocrx_word' id='word_1_329' title='bbox 951 3194 1341 3275; x_wconf 80' lang='lat' dir='ltr'><strong>privationem</strong></span> <span class='ocrx_word' id='word_1_330' title='bbox 1367 3171 1615 3254; x_wconf 84' lang='lat' dir='ltr'><strong>studens</strong></span> <span class='ocrx_word' id='word_1_331' title='bbox 1640 3171 2094 3272; x_wconf 70' lang='lat' dir='ltr'><strong>recreare,et‘-C</strong></span> 
     </span>
    </p>
   </div>
   <div class='ocr_carea' id='block_1_51' title="bbox 389 3283 2033 3364">
    <p class='ocr_par' dir='ltr' id='par_1_51' title="bbox 389 3283 2033 3364">
     <span class='ocr_line' id='line_1_51' title="bbox 389 3283 2033 3364; baseline -0.001 -19"><span class='ocrx_word' id='word_1_332' title='bbox 389 3285 510 3345; x_wconf 85' lang='lat' dir='ltr'><strong>ﬁcit</strong></span> <span class='ocrx_word' id='word_1_333' title='bbox 550 3292 612 3345; x_wconf 91' lang='lat' dir='ltr'><strong>ut</strong></span> <span class='ocrx_word' id='word_1_334' title='bbox 641 3304 758 3346; x_wconf 91' lang='lat' dir='ltr'><strong>non</strong></span> <span class='ocrx_word' id='word_1_335' title='bbox 791 3290 867 3346; x_wconf 88' lang='lat' dir='ltr'><strong>sit</strong></span> <span class='ocrx_word' id='word_1_336' title='bbox 897 3283 1368 3364; x_wconf 82' lang='lat' dir='ltr'><strong>desperandum,</strong></span> <span class='ocrx_word' id='word_1_337' title='bbox 1397 3283 1523 3344; x_wconf 90' lang='lat' dir='ltr'><strong>fore</strong></span> <span class='ocrx_word' id='word_1_338' title='bbox 1557 3291 1622 3342; x_wconf 94' lang='lat' dir='ltr'><strong>ut</strong></span> <span class='ocrx_word' id='word_1_339' title='bbox 1654 3300 1790 3345; x_wconf 83' lang='lat' dir='ltr'><strong>eum</strong></span> <span class='ocrx_word' id='word_1_340' title='bbox 1825 3299 2033 3344; x_wconf 85' lang='lat' dir='ltr'><strong>rursus</strong></span> 
     </span>
    </p>
   </div>
   <div class='ocr_carea' id='block_1_52' title="bbox 388 3372 2029 3454">
    <p class='ocr_par' dir='ltr' id='par_1_52' title="bbox 388 3372 2029 3454">
     <span class='ocr_line' id='line_1_52' title="bbox 388 3372 2029 3454; baseline -0.002 -18"><span class='ocrx_word' id='word_1_341' title='bbox 388 3373 1074 3446; x_wconf 83' lang='lat' dir='ltr'><strong>conveniat.Quinetiam</strong></span> <span class='ocrx_word' id='word_1_342' title='bbox 1102 3372 1606 3454; x_wconf 87' lang='lat' dir='ltr'><strong>quemadmodum</strong></span> <span class='ocrx_word' id='word_1_343' title='bbox 1631 3389 1766 3432; x_wconf 91' lang='lat' dir='ltr'><strong>cum</strong></span> <span class='ocrx_word' id='word_1_344' title='bbox 1793 3373 1880 3433; x_wconf 89' lang='lat' dir='ltr'><strong>via</strong></span> <span class='ocrx_word' id='word_1_345' title='bbox 1906 3391 2029 3432; x_wconf 88' lang='lat' dir='ltr'><strong>mo-</strong></span> 
     </span>
    </p>
   </div>
   <div class='ocr_carea' id='block_1_53' title="bbox 388 3461 2036 3542">
    <p class='ocr_par' dir='ltr' id='par_1_53' title="bbox 388 3461 2036 3542">
     <span class='ocr_line' id='line_1_53' title="bbox 388 3461 2036 3542; baseline -0.001 -18"><span class='ocrx_word' id='word_1_346' title='bbox 388 3463 538 3526; x_wconf 91' lang='lat' dir='ltr'><strong>leste</strong></span> <span class='ocrx_word' id='word_1_347' title='bbox 557 3463 619 3525; x_wconf 91' lang='lat' dir='ltr'><strong>in</strong></span> <span class='ocrx_word' id='word_1_348' title='bbox 641 3483 874 3526; x_wconf 89' lang='lat' dir='ltr'><strong>summo</strong></span> <span class='ocrx_word' id='word_1_349' title='bbox 898 3465 1114 3525; x_wconf 65' lang='lat' dir='ltr'><strong>aestatis</strong></span> <span class='ocrx_word' id='word_1_350' title='bbox 1136 3463 1336 3542; x_wconf 80' lang='lat' dir='ltr'><strong>vigore</strong></span> <span class='ocrx_word' id='word_1_351' title='bbox 1359 3469 1840 3542; x_wconf 78' lang='lat' dir='ltr'><strong>perageretur,et</strong></span> <span class='ocrx_word' id='word_1_352' title='bbox 1860 3461 2036 3522; x_wconf 88' lang='lat' dir='ltr'><strong>vehe-</strong></span> 
     </span>
    </p>
   </div>
   <div class='ocr_carea' id='block_1_54' title="bbox 392 3551 2035 3630">
    <p class='ocr_par' dir='ltr' id='par_1_54' title="bbox 392 3551 2035 3630">
     <span class='ocr_line' id='line_1_54' title="bbox 392 3551 2035 3630; baseline -0.002 -16"><span class='ocrx_word' id='word_1_353' title='bbox 392 3572 562 3616; x_wconf 90' lang='lat' dir='ltr'><strong>mens</strong></span> <span class='ocrx_word' id='word_1_354' title='bbox 594 3573 726 3615; x_wconf 91' lang='lat' dir='ltr'><strong>eum</strong></span> <span class='ocrx_word' id='word_1_355' title='bbox 761 3554 948 3616; x_wconf 81' lang='lat' dir='ltr'><strong>febris</strong></span> <span class='ocrx_word' id='word_1_356' title='bbox 977 3553 1191 3616; x_wconf 83' lang='lat' dir='ltr'><strong>invasit</strong></span> <span class='ocrx_word' id='word_1_357' title='bbox 1222 3563 1278 3614; x_wconf 85' lang='lat' dir='ltr'><strong>et</strong></span> <span class='ocrx_word' id='word_1_358' title='bbox 1313 3553 1466 3613; x_wconf 87' lang='lat' dir='ltr'><strong>mala</strong></span> <span class='ocrx_word' id='word_1_359' title='bbox 1498 3551 1816 3626; x_wconf 87' lang='lat' dir='ltr'><strong>stomachi,</strong></span> <span class='ocrx_word' id='word_1_360' title='bbox 1847 3559 1906 3611; x_wconf 89' lang='lat' dir='ltr'><strong>et</strong></span> <span class='ocrx_word' id='word_1_361' title='bbox 1936 3557 2035 3630; x_wconf 90' lang='lat' dir='ltr'><strong>qui</strong></span> 
     </span>
    </p>
   </div>
   <div class='ocr_carea' id='block_1_55' title="bbox 385 3639 2038 3721">
    <p class='ocr_par' dir='ltr' id='par_1_55' title="bbox 385 3639 2038 3721">
     <span class='ocr_line' id='line_1_55' title="bbox 385 3639 2038 3721; baseline -0.002 -18"><span class='ocrx_word' id='word_1_362' title='bbox 385 3644 448 3704; x_wconf 90' lang='lat' dir='ltr'><strong>in</strong></span> <span class='ocrx_word' id='word_1_363' title='bbox 474 3642 566 3705; x_wconf 93' lang='lat' dir='ltr'><strong>his</strong></span> <span class='ocrx_word' id='word_1_364' title='bbox 587 3643 764 3720; x_wconf 80' lang='lat' dir='ltr'><strong>longe</strong></span> <span class='ocrx_word' id='word_1_365' title='bbox 785 3651 914 3705; x_wconf 88' lang='lat' dir='ltr'><strong>erat</strong></span> <span class='ocrx_word' id='word_1_366' title='bbox 937 3644 1178 3721; x_wconf 77' lang='lat' dir='ltr'><strong>gravior</strong></span> <span class='ocrx_word' id='word_1_367' title='bbox 1207 3642 1538 3704; x_wconf 85' lang='lat' dir='ltr'><strong>sceleratus</strong></span> <span class='ocrx_word' id='word_1_368' title='bbox 1569 3639 1898 3714; x_wconf 87' lang='lat' dir='ltr'><strong>Gallus,cui</strong></span> <span class='ocrx_word' id='word_1_369' title='bbox 1933 3640 2038 3700; x_wconf 90' lang='lat' dir='ltr'><strong>fuit</strong></span> 
     </span>
    </p>
   </div>
   <div class='ocr_carea' id='block_1_56' title="bbox 388 3729 2034 3812">
    <p class='ocr_par' dir='ltr' id='par_1_56' title="bbox 388 3729 2034 3812">
     <span class='ocr_line' id='line_1_56' title="bbox 388 3729 2034 3812; baseline -0.002 -18"><span class='ocrx_word' id='word_1_370' title='bbox 388 3733 461 3794; x_wconf 88' lang='lat' dir='ltr'><strong>ad</strong></span> <span class='ocrx_word' id='word_1_371' title='bbox 491 3732 832 3793; x_wconf 88' lang='lat' dir='ltr'><strong>ducendum</strong></span> <span class='ocrx_word' id='word_1_372' title='bbox 857 3731 945 3792; x_wconf 88' lang='lat' dir='ltr'><strong>vir</strong></span> <span class='ocrx_word' id='word_1_373' title='bbox 968 3733 1071 3793; x_wconf 91' lang='lat' dir='ltr'><strong>ille</strong></span> <span class='ocrx_word' id='word_1_374' title='bbox 1093 3732 1295 3812; x_wconf 88' lang='lat' dir='ltr'><strong>justus</strong></span> <span class='ocrx_word' id='word_1_375' title='bbox 1319 3730 1703 3793; x_wconf 90' lang='lat' dir='ltr'><strong>commissus.</strong></span> <span class='ocrx_word' id='word_1_376' title='bbox 1743 3729 2034 3791; x_wconf 67' lang='lat' dir='ltr'><strong>Praeterea</strong></span> 
     </span>
    </p>
   </div>
   <div class='ocr_carea' id='block_1_57' title="bbox 389 3819 2036 3902">
    <p class='ocr_par' dir='ltr' id='par_1_57' title="bbox 389 3819 2036 3902">
     <span class='ocr_line' id='line_1_57' title="bbox 389 3819 2036 3902; baseline -0.002 -18"><span class='ocrx_word' id='word_1_377' title='bbox 389 3821 1297 3902; x_wconf 86' lang='lat' dir='ltr'><strong>autem,quemadmodum,cum</strong></span> <span class='ocrx_word' id='word_1_378' title='bbox 1317 3822 1386 3882; x_wconf 86' lang='lat' dir='ltr'><strong>ad</strong></span> <span class='ocrx_word' id='word_1_379' title='bbox 1409 3819 1708 3901; x_wconf 86' lang='lat' dir='ltr'><strong>quoddam</strong></span> <span class='ocrx_word' id='word_1_380' title='bbox 1733 3822 2036 3881; x_wconf 90' lang='lat' dir='ltr'><strong>venissent</strong></span> 
     </span>
    </p>
   </div>
   <div class='ocr_carea' id='block_1_58' title="bbox 386 3909 2030 3990">
    <p class='ocr_par' dir='ltr' id='par_1_58' title="bbox 386 3909 2030 3990">
     <span class='ocr_line' id='line_1_58' title="bbox 386 3909 2030 3990; baseline -0.003 -16"><span class='ocrx_word' id='word_1_381' title='bbox 386 3911 777 3974; x_wconf 83' lang='lat' dir='ltr'><strong>diversorium</strong></span> <span class='ocrx_word' id='word_1_382' title='bbox 790 3911 1013 3990; x_wconf 89' lang='lat' dir='ltr'><strong>,omnia</strong></span> <span class='ocrx_word' id='word_1_383' title='bbox 1031 3911 1149 3973; x_wconf 91' lang='lat' dir='ltr'><strong>illis</strong></span> <span class='ocrx_word' id='word_1_384' title='bbox 1165 3909 1412 3972; x_wconf 89' lang='lat' dir='ltr'><strong>molesta</strong></span> <span class='ocrx_word' id='word_1_385' title='bbox 1426 3910 2030 3989; x_wconf 81' lang='lat' dir='ltr'><strong>acciderunt,eorum,</strong></span> 
     </span>
    </p>
   </div>
   <div class='ocr_carea' id='block_1_59' title="bbox 388 4003 2032 4078">
    <p class='ocr_par' dir='ltr' id='par_1_59' title="bbox 388 4003 2032 4078">
     <span class='ocr_line' id='line_1_59' title="bbox 388 4003 2032 4078; baseline -0.003 -14"><span class='ocrx_word' id='word_1_386' title='bbox 388 4009 484 4078; x_wconf 88' lang='lat' dir='ltr'><strong>qui</strong></span> <span class='ocrx_word' id='word_1_387' title='bbox 509 4007 771 4076; x_wconf 87' lang='lat' dir='ltr'><strong>ipsorum</strong></span> <span class='ocrx_word' id='word_1_388' title='bbox 795 4020 998 4062; x_wconf 89' lang='lat' dir='ltr'><strong>curam</strong></span> <span class='ocrx_word' id='word_1_389' title='bbox 1023 4012 1312 4076; x_wconf 73' lang='lat' dir='ltr'><strong>gererent,</strong></span> <span class='ocrx_word' id='word_1_390' title='bbox 1339 4003 1811 4074; x_wconf 78' lang='lat' dir='ltr'><strong>solitudo,inopia</strong></span> <span class='ocrx_word' id='word_1_391' title='bbox 1842 4017 2032 4060; x_wconf 90' lang='lat' dir='ltr'><strong>rerum</strong></span> 
     </span>
    </p>
   </div>
   <div class='ocr_carea' id='block_1_60' title="bbox 386 4086 2028 4159">
    <p class='ocr_par' dir='ltr' id='par_1_60' title="bbox 386 4086 2028 4159">
     <span class='ocr_line' id='line_1_60' title="bbox 386 4086 2028 4159; baseline -0.002 -14"><span class='ocrx_word' id='word_1_392' title='bbox 386 4089 1014 4159; x_wconf 81' lang='lat' dir='ltr'><strong>necessariarum(utor</strong></span> <span class='ocrx_word' id='word_1_393' title='bbox 1039 4089 1186 4144; x_wconf 81' lang='lat' dir='ltr'><strong>enim</strong></span> <span class='ocrx_word' id='word_1_394' title='bbox 1203 4087 1315 4143; x_wconf 87' lang='lat' dir='ltr'><strong>illis</strong></span> <span class='ocrx_word' id='word_1_395' title='bbox 1337 4086 1553 4144; x_wconf 81' lang='lat' dir='ltr'><strong>eisdem</strong></span> <span class='ocrx_word' id='word_1_396' title='bbox 1580 4087 1770 4143; x_wconf 86' lang='lat' dir='ltr'><strong>verbis</strong></span> <span class='ocrx_word' id='word_1_397' title='bbox 1793 4087 2028 4154; x_wconf 87' lang='lat' dir='ltr'><strong>aureis);</strong></span> 
     </span>
    </p>
   </div>
   <div class='ocr_carea' id='block_1_61' title="bbox 386 4169 2031 4253">
    <p class='ocr_par' dir='ltr' id='par_1_61' title="bbox 386 4169 2031 4253">
     <span class='ocr_line' id='line_1_61' title="bbox 386 4169 2031 4253; baseline -0.002 -20"><span class='ocrx_word' id='word_1_398' title='bbox 386 4173 613 4236; x_wconf 91' lang='lat' dir='ltr'><strong>nullum</strong></span> <span class='ocrx_word' id='word_1_399' title='bbox 640 4172 852 4235; x_wconf 89' lang='lat' dir='ltr'><strong>adesse</strong></span> <span class='ocrx_word' id='word_1_400' title='bbox 874 4171 1409 4246; x_wconf 89' lang='lat' dir='ltr'><strong>medicum,metus</strong></span> <span class='ocrx_word' id='word_1_401' title='bbox 1433 4170 1782 4253; x_wconf 90' lang='lat' dir='ltr'><strong>irruptionis</strong></span> <span class='ocrx_word' id='word_1_402' title='bbox 1805 4169 2031 4232; x_wconf 84' lang='lat' dir='ltr'><strong>Isauro-</strong></span> 
     </span>
    </p>
   </div>
   <div class='ocr_carea' id='block_1_62' title="bbox 381 4265 2030 4349">
    <p class='ocr_par' dir='ltr' id='par_1_62' title="bbox 381 4265 2030 4349">
     <span class='ocr_line' id='line_1_62' title="bbox 381 4265 2030 4349; baseline -0.001 -21"><span class='ocrx_word' id='word_1_403' title='bbox 381 4285 540 4342; x_wconf 90' lang='lat' dir='ltr'><strong>rum,</strong></span> <span class='ocrx_word' id='word_1_404' title='bbox 577 4277 632 4329; x_wconf 92' lang='lat' dir='ltr'><strong>et</strong></span> <span class='ocrx_word' id='word_1_405' title='bbox 663 4285 826 4349; x_wconf 88' lang='lat' dir='ltr'><strong>spes,</strong></span> <span class='ocrx_word' id='word_1_406' title='bbox 863 4268 992 4328; x_wconf 85' lang='lat' dir='ltr'><strong>fore</strong></span> <span class='ocrx_word' id='word_1_407' title='bbox 1025 4275 1089 4327; x_wconf 94' lang='lat' dir='ltr'><strong>ut</strong></span> <span class='ocrx_word' id='word_1_408' title='bbox 1121 4285 1255 4328; x_wconf 81' lang='lat' dir='ltr'><strong>mox</strong></span> <span class='ocrx_word' id='word_1_409' title='bbox 1289 4267 1350 4327; x_wconf 92' lang='lat' dir='ltr'><strong>in</strong></span> <span class='ocrx_word' id='word_1_410' title='bbox 1377 4284 1584 4327; x_wconf 92' lang='lat' dir='ltr'><strong>eorum</strong></span> <span class='ocrx_word' id='word_1_411' title='bbox 1616 4282 1824 4325; x_wconf 90' lang='lat' dir='ltr'><strong>manus</strong></span> <span class='ocrx_word' id='word_1_412' title='bbox 1849 4265 2030 4326; x_wconf 80' lang='lat' dir='ltr'><strong>deve-</strong></span> 
     </span>
    </p>
   </div>
   <div class='ocr_carea' id='block_1_63' title="bbox 384 4355 2030 4436">
    <p class='ocr_par' dir='ltr' id='par_1_63' title="bbox 384 4355 2030 4436">
     <span class='ocr_line' id='line_1_63' title="bbox 384 4355 2030 4436; baseline -0.001 -19"><span class='ocrx_word' id='word_1_413' title='bbox 384 4357 604 4419; x_wconf 89' lang='lat' dir='ltr'><strong>nirent.</strong></span> <span class='ocrx_word' id='word_1_414' title='bbox 641 4356 790 4428; x_wconf 88' lang='lat' dir='ltr'><strong>Quid</strong></span> <span class='ocrx_word' id='word_1_415' title='bbox 826 4375 990 4432; x_wconf 89' lang='lat' dir='ltr'><strong>vero,</strong></span> <span class='ocrx_word' id='word_1_416' title='bbox 1024 4357 1124 4436; x_wconf 90' lang='lat' dir='ltr'><strong>qui</strong></span> <span class='ocrx_word' id='word_1_417' title='bbox 1182 4367 1398 4436; x_wconf 58' lang='lat' dir='ltr'><strong>praeter</strong></span> <span class='ocrx_word' id='word_1_418' title='bbox 1429 4373 1669 4416; x_wconf 88' lang='lat' dir='ltr'><strong>omnem</strong></span> <span class='ocrx_word' id='word_1_419' title='bbox 1707 4355 2030 4416; x_wconf 89' lang='lat' dir='ltr'><strong>bestiarum</strong></span> 
     </span>
    </p>
   </div>
   <div class='ocr_carea' id='block_1_64' title="bbox 384 4444 2036 4518">
    <p class='ocr_par' dir='ltr' id='par_1_64' title="bbox 384 4444 2036 4518">
     <span class='ocr_line' id='line_1_64' title="bbox 384 4444 2036 4518; baseline -0.001 -12"><span class='ocrx_word' id='word_1_420' title='bbox 384 4445 680 4508; x_wconf 80' lang='lat' dir='ltr'><strong>feritatem</strong></span> <span class='ocrx_word' id='word_1_421' title='bbox 717 4447 779 4507; x_wconf 93' lang='lat' dir='ltr'><strong>in</strong></span> <span class='ocrx_word' id='word_1_422' title='bbox 823 4463 960 4509; x_wconf 86' lang='lat' dir='ltr'><strong>eum</strong></span> <span class='ocrx_word' id='word_1_423' title='bbox 997 4445 1275 4507; x_wconf 86' lang='lat' dir='ltr'><strong>furebant</strong></span> <span class='ocrx_word' id='word_1_424' title='bbox 1311 4445 1612 4518; x_wconf 64' lang='lat' dir='ltr'><strong>monachi,</strong></span> <span class='ocrx_word' id='word_1_425' title='bbox 1643 4444 1941 4507; x_wconf 90' lang='lat' dir='ltr'><strong>minantes</strong></span> <span class='ocrx_word' id='word_1_426' title='bbox 1970 4463 2036 4505; x_wconf 89' lang='lat' dir='ltr'><strong>se</strong></span> 
     </span>
    </p>
   </div>
   <div class='ocr_carea' id='block_1_65' title="bbox 2114 1941 3751 2024">
    <p class='ocr_par' dir='ltr' id='par_1_65' title="bbox 2114 1941 3751 2024">
     <span class='ocr_line' id='line_1_65' title="bbox 2114 1941 3751 2024; baseline 0.002 -27"><span class='ocrx_word' id='word_1_427' title='bbox 2114 1941 2517 2017; x_wconf 80' lang='grc' dir='ltr'>κατελίπομεν),</span> <span class='ocrx_word' id='word_1_428' title='bbox 2551 1942 2781 2006; x_wconf 80' lang='grc' dir='ltr'>πολλοὺς</span> <span class='ocrx_word' id='word_1_429' title='bbox 2813 1945 2910 2020; x_wconf 76' lang='grc' dir='ltr'>μὶν</span> <span class='ocrx_word' id='word_1_430' title='bbox 2943 1945 3176 2010; x_wconf 69' lang='grc' dir='ltr'>πένητα)</span> <span class='ocrx_word' id='word_1_431' title='bbox 3207 1951 3282 2018; x_wconf 79' lang='grc' dir='ltr'>τῷ</span> <span class='ocrx_word' id='word_1_432' title='bbox 3328 1945 3439 2002; x_wconf 82' lang='grc' dir='ltr'>ἀπὸ</span> <span class='ocrx_word' id='word_1_433' title='bbox 3485 1952 3587 2024; x_wconf 76' lang='grc' dir='ltr'>γῆς</span> <span class='ocrx_word' id='word_1_434' title='bbox 3619 1946 3751 2023; x_wconf 82' lang='grc' dir='ltr'>ἔθρε-</span> 
     </span>
    </p>
   </div>
   <div class='ocr_carea' id='block_1_66' title="bbox 2115 2031 3752 2115">
    <p class='ocr_par' dir='ltr' id='par_1_66' title="bbox 2115 2031 3752 2115">
     <span class='ocr_line' id='line_1_66' title="bbox 2115 2031 3752 2115; baseline 0.002 -27"><span class='ocrx_word' id='word_1_435' title='bbox 2115 2038 2213 2108; x_wconf 81' lang='grc' dir='ltr'><strong>ψεν</strong></span> <span class='ocrx_word' id='word_1_436' title='bbox 2263 2031 2405 2109; x_wconf 74' lang='grc' dir='ltr'>ἄρτῳ</span> <span class='ocrx_word' id='word_1_437' title='bbox 2438 2034 2561 2113; x_wconf 72' lang='grc' dir='ltr'>(καί</span> <span class='ocrx_word' id='word_1_438' title='bbox 2607 2037 2705 2113; x_wconf 80' lang='grc' dir='ltr'>γὰρ</span> <span class='ocrx_word' id='word_1_439' title='bbox 2762 2035 2922 2115; x_wconf 72' lang='grc' dir='ltr'>ἔτυχε</span> <span class='ocrx_word' id='word_1_440' title='bbox 2974 2035 3093 2090; x_wconf 79' lang='grc' dir='ltr'>τότε</span> <span class='ocrx_word' id='word_1_441' title='bbox 3148 2033 3306 2108; x_wconf 81' lang='grc' dir='ltr'>λιμὸν</span> <span class='ocrx_word' id='word_1_442' title='bbox 3359 2041 3658 2112; x_wconf 76' lang='grc' dir='ltr'>ἐπισκῆψαι</span> <span class='ocrx_word' id='word_1_443' title='bbox 3689 2044 3752 2110; x_wconf 81' lang='grc' dir='ltr'>τῷ</span> 
     </span>
    </p>
   </div>
   <div class='ocr_carea' id='block_1_67' title="bbox 2115 2121 3750 2204">
    <p class='ocr_par' dir='ltr' id='par_1_67' title="bbox 2115 2121 3750 2204">
     <span class='ocr_line' id='line_1_67' title="bbox 2115 2121 3750 2204; baseline 0.002 -27"><span class='ocrx_word' id='word_1_444' title='bbox 2115 2121 2264 2195; x_wconf 86' lang='grc' dir='ltr'>τόπῳ</span> <span class='ocrx_word' id='word_1_445' title='bbox 2306 2125 2642 2200; x_wconf 76' lang='grc' dir='ltr'>βαρύτατον),</span> <span class='ocrx_word' id='word_1_446' title='bbox 2679 2124 2861 2198; x_wconf 90' lang='grc' dir='ltr'>πολλῷ</span> <span class='ocrx_word' id='word_1_447' title='bbox 2891 2123 2945 2181; x_wconf 78' lang='grc' dir='ltr'>δὲ</span> <span class='ocrx_word' id='word_1_448' title='bbox 2974 2123 3187 2188; x_wconf 87' lang='grc' dir='ltr'>πλείους</span> <span class='ocrx_word' id='word_1_449' title='bbox 3223 2127 3308 2181; x_wconf 82' lang='grc' dir='ltr'><strong>καὶ</strong></span> <span class='ocrx_word' id='word_1_450' title='bbox 3341 2133 3410 2194; x_wconf 78' lang='grc' dir='ltr'>τῆ</span> <span class='ocrx_word' id='word_1_451' title='bbox 3445 2127 3555 2184; x_wconf 82' lang='grc' dir='ltr'><strong>ἀπο</strong></span> <span class='ocrx_word' id='word_1_452' title='bbox 3585 2127 3750 2204; x_wconf 79' lang='grc' dir='ltr'>γλώσ-</span> 
     </span>
    </p>
   </div>
   <div class='ocr_carea' id='block_1_68' title="bbox 2118 2212 3751 2294">
    <p class='ocr_par' dir='ltr' id='par_1_68' title="bbox 2118 2212 3751 2294">
     <span class='ocr_line' id='line_1_68' title="bbox 2118 2212 3751 2294; baseline 0.001 -26"><span class='ocrx_word' id='word_1_453' title='bbox 2118 2234 2217 2279; x_wconf 90' lang='grc' dir='ltr'><strong>σης</strong></span> <span class='ocrx_word' id='word_1_454' title='bbox 2247 2215 2598 2290; x_wconf 76' lang='grc' dir='ltr'>πηγαζομένῃ</span> <span class='ocrx_word' id='word_1_455' title='bbox 2632 2220 2823 2293; x_wconf 72' lang='grc' dir='ltr'>τροφῇ,</span> <span class='ocrx_word' id='word_1_456' title='bbox 2855 2215 2890 2282; x_wconf 77' lang='grc' dir='ltr'><strong>ἢ</strong></span> <span class='ocrx_word' id='word_1_457' title='bbox 2921 2216 3008 2270; x_wconf 78' lang='grc' dir='ltr'>καὶ</span> <span class='ocrx_word' id='word_1_458' title='bbox 3039 2212 3254 2292; x_wconf 80' lang='grc' dir='ltr'>καρδίαν</span> <span class='ocrx_word' id='word_1_459' title='bbox 3313 2216 3432 2272; x_wconf 81' lang='grc' dir='ltr'>οἶδε</span> <span class='ocrx_word' id='word_1_460' title='bbox 3483 2220 3751 2294; x_wconf 76' lang='grc' dir='ltr'>στηρίζειν,</span> 
     </span>
    </p>
   </div>
   <div class='ocr_carea' id='block_1_69' title="bbox 2120 2302 3755 2383">
    <p class='ocr_par' dir='ltr' id='par_1_69' title="bbox 2120 2302 3755 2383">
     <span class='ocr_line' id='line_1_69' title="bbox 2120 2302 3755 2383; baseline 0.001 -27"><span class='ocrx_word' id='word_1_461' title='bbox 2120 2302 2213 2357; x_wconf 75' lang='grc' dir='ltr'>καῖ</span> <span class='ocrx_word' id='word_1_462' title='bbox 2258 2303 2500 2381; x_wconf 78' lang='grc' dir='ltr'>φωτίζειν</span> <span class='ocrx_word' id='word_1_463' title='bbox 2542 2303 2775 2360; x_wconf 85' lang='grc' dir='ltr'>διάνοιαν</span> <span class='ocrx_word' id='word_1_464' title='bbox 2810 2322 2824 2335; x_wconf 80' lang='grc'><strong><em>⁸</em></strong></span> <span class='ocrx_word' id='word_1_465' title='bbox 2875 2303 3107 2367; x_wconf 79' lang='grc' dir='ltr'>πολλοὺς</span> <span class='ocrx_word' id='word_1_466' title='bbox 3156 2303 3210 2360; x_wconf 72' lang='grc' dir='ltr'>δὲ</span> <span class='ocrx_word' id='word_1_467' title='bbox 3254 2307 3343 2361; x_wconf 87' lang='grc' dir='ltr'>καὶ</span> <span class='ocrx_word' id='word_1_468' title='bbox 3388 2309 3510 2383; x_wconf 84' lang='grc' dir='ltr'>περὶ</span> <span class='ocrx_word' id='word_1_469' title='bbox 3559 2306 3755 2362; x_wconf 79' lang='grc' dir='ltr'>πολλῶν</span> 
     </span>
    </p>
   </div>
   <div class='ocr_carea' id='block_1_70' title="bbox 2118 2392 3749 2472">
    <p class='ocr_par' dir='ltr' id='par_1_70' title="bbox 2118 2392 3749 2472">
     <span class='ocr_line' id='line_1_70' title="bbox 2118 2392 3749 2472; baseline 0.002 -25"><span class='ocrx_word' id='word_1_470' title='bbox 2118 2398 2224 2447; x_wconf 85' lang='grc' dir='ltr'><strong>τῶν</strong></span> <span class='ocrx_word' id='word_1_471' title='bbox 2282 2393 2581 2469; x_wconf 82' lang='grc' dir='ltr'>ἀναγκαίων</span> <span class='ocrx_word' id='word_1_472' title='bbox 2615 2393 2962 2472; x_wconf 75' lang='grc' dir='ltr'>ἐκπεφώνηκε</span> <span class='ocrx_word' id='word_1_473' title='bbox 2993 2392 3182 2470; x_wconf 80' lang='grc' dir='ltr'>λόγους</span> <span class='ocrx_word' id='word_1_474' title='bbox 3219 2392 3290 2471; x_wconf 87' lang='grc' dir='ltr'><strong>(τί</strong></span> <span class='ocrx_word' id='word_1_475' title='bbox 3337 2396 3442 2472; x_wconf 75' lang='grc' dir='ltr'><strong>γὰρ</strong></span> <span class='ocrx_word' id='word_1_476' title='bbox 3489 2403 3595 2452; x_wconf 88' lang='grc' dir='ltr'><strong>τῶν</strong></span> <span class='ocrx_word' id='word_1_477' title='bbox 3623 2417 3749 2468; x_wconf 80' lang='grc' dir='ltr'>συμ-</span> 
     </span>
    </p>
   </div>
   <div class='ocr_carea' id='block_1_71' title="bbox 2119 2479 3750 2562">
    <p class='ocr_par' dir='ltr' id='par_1_71' title="bbox 2119 2479 3750 2562">
     <span class='ocr_line' id='line_1_71' title="bbox 2119 2479 3750 2562; baseline 0.002 -26"><span class='ocrx_word' id='word_1_478' title='bbox 2119 2479 2406 2537; x_wconf 81' lang='grc' dir='ltr'>ϐαινόντων</span> <span class='ocrx_word' id='word_1_479' title='bbox 2450 2482 2680 2559; x_wconf 56' lang='lat' dir='ltr'><strong>insupch</strong></span> <span class='ocrx_word' id='word_1_480' title='bbox 2711 2481 2961 2562; x_wconf 83' lang='grc' dir='ltr'>ἐπισχεῖν</span> <span class='ocrx_word' id='word_1_481' title='bbox 2990 2481 3215 2550; x_wconf 77' lang='grc' dir='ltr'>ἠδύνατο</span> <span class='ocrx_word' id='word_1_482' title='bbox 3247 2483 3526 2560; x_wconf 85' lang='grc' dir='ltr'>γλῶσσαν,</span> <span class='ocrx_word' id='word_1_483' title='bbox 3559 2485 3651 2540; x_wconf 72' lang='grc' dir='ltr'><strong>ἴσα</strong></span> <span class='ocrx_word' id='word_1_484' title='bbox 3680 2486 3750 2540; x_wconf 72' lang='grc' dir='ltr'>καὶ</span> 
     </span>
    </p>
   </div>
   <div class='ocr_carea' id='block_1_72' title="bbox 2123 2569 3752 2650">
    <p class='ocr_par' dir='ltr' id='par_1_72' title="bbox 2123 2569 3752 2650">
     <span class='ocr_line' id='line_1_72' title="bbox 2123 2569 3752 2650; baseline 0 -24"><span class='ocrx_word' id='word_1_485' title='bbox 2123 2583 2387 2645; x_wconf 74' lang='grc' dir='ltr'>ποταμοῖς</span> <span class='ocrx_word' id='word_1_486' title='bbox 2445 2569 2661 2648; x_wconf 78' lang='grc' dir='ltr'>ῥέουσαν</span> <span class='ocrx_word' id='word_1_487' title='bbox 2697 2572 2743 2648; x_wconf 70' lang='grc' dir='ltr'><strong>ς)</strong></span> <span class='ocrx_word' id='word_1_488' title='bbox 2788 2573 2999 2635; x_wconf 90' lang='grc' dir='ltr'>πλείους</span> <span class='ocrx_word' id='word_1_489' title='bbox 3045 2570 3099 2627; x_wconf 70' lang='grc' dir='ltr'>δὲ</span> <span class='ocrx_word' id='word_1_490' title='bbox 3143 2573 3265 2634; x_wconf 78' lang='grc' dir='ltr'>τοὺς</span> <span class='ocrx_word' id='word_1_491' title='bbox 3329 2580 3455 2650; x_wconf 71' lang='grc' dir='ltr'>περῖ</span> <span class='ocrx_word' id='word_1_492' title='bbox 3494 2575 3752 2648; x_wconf 76' lang='grc' dir='ltr'>ὑπομονῆς</span> 
     </span>
    </p>
   </div>
   <div class='ocr_carea' id='block_1_73' title="bbox 2117 2660 3752 2744">
    <p class='ocr_par' dir='ltr' id='par_1_73' title="bbox 2117 2660 3752 2744">
     <span class='ocr_line' id='line_1_73' title="bbox 2117 2660 3752 2744; baseline 0 -28"><span class='ocrx_word' id='word_1_493' title='bbox 2117 2661 2239 2736; x_wconf 73' lang='grc' dir='ltr'>ᾖσε,</span> <span class='ocrx_word' id='word_1_494' title='bbox 2271 2663 2358 2717; x_wconf 84' lang='grc' dir='ltr'><strong>καὶ</strong></span> <span class='ocrx_word' id='word_1_495' title='bbox 2389 2667 2480 2717; x_wconf 78' lang='grc' dir='ltr'>τοῦ</span> <span class='ocrx_word' id='word_1_496' title='bbox 2510 2663 2586 2735; x_wconf 75' lang='grc' dir='ltr'>μὴ</span> <span class='ocrx_word' id='word_1_497' title='bbox 2620 2660 2732 2718; x_wconf 86' lang='grc' dir='ltr'>δεῖν</span> <span class='ocrx_word' id='word_1_498' title='bbox 2766 2663 2842 2735; x_wconf 70' lang='grc' dir='ltr'>μὴ</span> <span class='ocrx_word' id='word_1_499' title='bbox 2870 2661 2951 2718; x_wconf 84' lang='grc' dir='ltr'><strong>ὅτι</strong></span> <span class='ocrx_word' id='word_1_500' title='bbox 2996 2662 3072 2735; x_wconf 72' lang='grc' dir='ltr'>μὴ</span> <span class='ocrx_word' id='word_1_501' title='bbox 3120 2662 3378 2739; x_wconf 76' lang='grc' dir='ltr'>ῥᾳθυμεῖν</span> <span class='ocrx_word' id='word_1_502' title='bbox 3411 2666 3604 2744; x_wconf 80' lang='grc' dir='ltr'>μόνον,</span> <span class='ocrx_word' id='word_1_503' title='bbox 3634 2662 3752 2718; x_wconf 80' lang='grc' dir='ltr'>ἀλλὰ</span> 
     </span>
    </p>
   </div>
   <div class='ocr_carea' id='block_1_74' title="bbox 2119 2750 3751 2831">
    <p class='ocr_par' dir='ltr' id='par_1_74' title="bbox 2119 2750 3751 2831">
     <span class='ocr_line' id='line_1_74' title="bbox 2119 2750 3751 2831; baseline 0 -25"><span class='ocrx_word' id='word_1_504' title='bbox 2119 2750 2254 2825; x_wconf 76' lang='grc' dir='ltr'>μηδὲ</span> <span class='ocrx_word' id='word_1_505' title='bbox 2299 2750 2591 2808; x_wconf 81' lang='grc' dir='ltr'>σκάνδαλον</span> <span class='ocrx_word' id='word_1_506' title='bbox 2647 2751 2955 2831; x_wconf 79' lang='grc' dir='ltr'>ὑπομένειν,</span> <span class='ocrx_word' id='word_1_507' title='bbox 2987 2751 3072 2830; x_wconf 75' lang='grc' dir='ltr'><strong>ἐφ’</strong></span> <span class='ocrx_word' id='word_1_508' title='bbox 3131 2753 3218 2816; x_wconf 79' lang='grc' dir='ltr'>οἷς</span> <span class='ocrx_word' id='word_1_509' title='bbox 3273 2759 3517 2831; x_wconf 79' lang='grc' dir='ltr'>χρῆσθαι</span> <span class='ocrx_word' id='word_1_510' title='bbox 3564 2753 3751 2809; x_wconf 82' lang='grc' dir='ltr'>πολλά-</span> 
     </span>
    </p>
   </div>
   <div class='ocr_carea' id='block_1_75' title="bbox 2116 2839 3748 2917">
    <p class='ocr_par' dir='ltr' id='par_1_75' title="bbox 2116 2839 3748 2917">
     <span class='ocr_line' id='line_1_75' title="bbox 2116 2839 3748 2917; baseline -0.002 -21"><span class='ocrx_word' id='word_1_511' title='bbox 2116 2864 2200 2905; x_wconf 88' lang='grc' dir='ltr'><strong>κις</strong></span> <span class='ocrx_word' id='word_1_512' title='bbox 2245 2840 2506 2917; x_wconf 79' lang='grc' dir='ltr'>λυπηροῖς</span> <span class='ocrx_word' id='word_1_513' title='bbox 2573 2839 2848 2915; x_wconf 78' lang='grc' dir='ltr'>συμϐαίνει</span> <span class='ocrx_word' id='word_1_514' title='bbox 2879 2859 2894 2876; x_wconf 82' lang='grc'><strong><em>⁸</em></strong></span> <span class='ocrx_word' id='word_1_515' title='bbox 2954 2839 3156 2905; x_wconf 80' lang='grc' dir='ltr'>πολλὰς</span> <span class='ocrx_word' id='word_1_516' title='bbox 3215 2841 3269 2897; x_wconf 65' lang='grc' dir='ltr'>δὲ</span> <span class='ocrx_word' id='word_1_517' title='bbox 3312 2864 3404 2898; x_wconf 81' lang='grc' dir='ltr'><strong>και</strong></span> <span class='ocrx_word' id='word_1_518' title='bbox 3467 2851 3573 2900; x_wconf 82' lang='grc' dir='ltr'><strong>τῶν</strong></span> <span class='ocrx_word' id='word_1_519' title='bbox 3614 2844 3748 2899; x_wconf 82' lang='grc' dir='ltr'>θείων</span> 
     </span>
    </p>
   </div>
   <div class='ocr_carea' id='block_1_76' title="bbox 2119 2928 3750 3010">
    <p class='ocr_par' dir='ltr' id='par_1_76' title="bbox 2119 2928 3750 3010">
     <span class='ocr_line' id='line_1_76' title="bbox 2119 2928 3750 3010; baseline -0.001 -24"><span class='ocrx_word' id='word_1_520' title='bbox 2119 2928 2415 2987; x_wconf 81' lang='grc' dir='ltr'>ἐπιστολῶν</span> <span class='ocrx_word' id='word_1_521' title='bbox 2472 2932 2602 3008; x_wconf 80' lang='grc' dir='ltr'>πρὸς</span> <span class='ocrx_word' id='word_1_522' title='bbox 2645 2928 2982 3004; x_wconf 78' lang='grc' dir='ltr'>Ὀλυμπιάδα</span> <span class='ocrx_word' id='word_1_523' title='bbox 3040 2929 3284 2996; x_wconf 75' lang='grc' dir='ltr'>συνέταξε</span> <span class='ocrx_word' id='word_1_524' title='bbox 3327 2933 3429 2999; x_wconf 77' lang='grc' dir='ltr'>τὴν</span> <span class='ocrx_word' id='word_1_525' title='bbox 3487 2934 3654 3010; x_wconf 73' lang='grc' dir='ltr'>ὁσίαν,</span> <span class='ocrx_word' id='word_1_526' title='bbox 3707 2931 3750 2985; x_wconf 80' lang='grc' dir='ltr'>ἒν</span> 
     </span>
    </p>
   </div>
   <div class='ocr_carea' id='block_1_77' title="bbox 2120 3019 3746 3101">
    <p class='ocr_par' dir='ltr' id='par_1_77' title="bbox 2120 3019 3746 3101">
     <span class='ocr_line' id='line_1_77' title="bbox 2120 3019 3746 3101; baseline -0.003 -23"><span class='ocrx_word' id='word_1_527' title='bbox 2120 3025 2210 3086; x_wconf 86' lang='grc' dir='ltr'>αἷς</span> <span class='ocrx_word' id='word_1_528' title='bbox 2270 3020 2550 3091; x_wconf 78' lang='grc' dir='ltr'>πλεονάζει</span> <span class='ocrx_word' id='word_1_529' title='bbox 2605 3043 2661 3077; x_wconf 87' lang='grc' dir='ltr'><strong>τε</strong></span> <span class='ocrx_word' id='word_1_530' title='bbox 2733 3020 2928 3100; x_wconf 77' lang='grc' dir='ltr'>λέγων,</span> <span class='ocrx_word' id='word_1_531' title='bbox 2991 3019 3072 3077; x_wconf 80' lang='grc' dir='ltr'><strong>ὅτι</strong></span> <span class='ocrx_word' id='word_1_532' title='bbox 3131 3023 3186 3078; x_wconf 87' lang='grc' dir='ltr'>ἓν</span> <span class='ocrx_word' id='word_1_533' title='bbox 3240 3019 3467 3101; x_wconf 76' lang='grc' dir='ltr'>φοϐερὸν</span> <span class='ocrx_word' id='word_1_534' title='bbox 3529 3024 3681 3096; x_wconf 83' lang='grc' dir='ltr'>μόνον</span> <span class='ocrx_word' id='word_1_535' title='bbox 3718 3025 3746 3088; x_wconf 73' lang='grc' dir='ltr'><strong>ἡ</strong></span> 
     </span>
    </p>
   </div>
   <div class='ocr_carea' id='block_1_78' title="bbox 2118 3111 3746 3188">
    <p class='ocr_par' dir='ltr' id='par_1_78' title="bbox 2118 3111 3746 3188">
     <span class='ocr_line' id='line_1_78' title="bbox 2118 3111 3746 3188; baseline -0.001 -22"><span class='ocrx_word' id='word_1_536' title='bbox 2118 3112 2369 3188; x_wconf 84' lang='grc' dir='ltr'>ἁμαρτία,</span> <span class='ocrx_word' id='word_1_537' title='bbox 2431 3111 2526 3166; x_wconf 82' lang='grc' dir='ltr'><strong>καῖ</strong></span> <span class='ocrx_word' id='word_1_538' title='bbox 2591 3113 2709 3185; x_wconf 80' lang='grc' dir='ltr'>περὶ</span> <span class='ocrx_word' id='word_1_539' title='bbox 2779 3116 2884 3166; x_wconf 84' lang='grc' dir='ltr'><strong>τῶν</strong></span> <span class='ocrx_word' id='word_1_540' title='bbox 2971 3111 3359 3183; x_wconf 83' lang='grc' dir='ltr'>συμπεσόντων</span> <span class='ocrx_word' id='word_1_541' title='bbox 3439 3115 3583 3182; x_wconf 73' lang='grc' dir='ltr'>αὖτῷ</span> <span class='ocrx_word' id='word_1_542' title='bbox 3647 3113 3746 3187; x_wconf 84' lang='grc' dir='ltr'>περὶ</span> 
     </span>
    </p>
   </div>
   <div class='ocr_carea' id='block_1_79' title="bbox 2117 3197 3744 3278">
    <p class='ocr_par' dir='ltr' id='par_1_79' title="bbox 2117 3197 3744 3278">
     <span class='ocr_line' id='line_1_79' title="bbox 2117 3197 3744 3278; baseline -0.003 -21"><span class='ocrx_word' id='word_1_543' title='bbox 2117 3203 2215 3267; x_wconf 78' lang='grc' dir='ltr'>τὴν</span> <span class='ocrx_word' id='word_1_544' title='bbox 2273 3199 2391 3256; x_wconf 78' lang='grc' dir='ltr'>ὁδὸν</span> <span class='ocrx_word' id='word_1_545' title='bbox 2445 3201 2673 3278; x_wconf 78' lang='grc' dir='ltr'>ἀνιαρῶν</span> <span class='ocrx_word' id='word_1_546' title='bbox 2762 3197 2998 3264; x_wconf 77' lang='grc' dir='ltr'>διέξεισιν</span> <span class='ocrx_word' id='word_1_547' title='bbox 3039 3220 3053 3234; x_wconf 86' lang='grc'><strong>·</strong></span> <span class='ocrx_word' id='word_1_548' title='bbox 3139 3201 3285 3264; x_wconf 81' lang='grc' dir='ltr'>ὅπως</span> <span class='ocrx_word' id='word_1_549' title='bbox 3347 3223 3406 3257; x_wconf 88' lang='grc' dir='ltr'><strong>τε</strong></span> <span class='ocrx_word' id='word_1_550' title='bbox 3469 3202 3744 3274; x_wconf 65' lang='grc' dir='ltr'>ἀθδμοῦσαν</span> 
     </span>
    </p>
   </div>
   <div class='ocr_carea' id='block_1_80' title="bbox 2115 3288 3744 3368">
    <p class='ocr_par' dir='ltr' id='par_1_80' title="bbox 2115 3288 3744 3368">
     <span class='ocr_line' id='line_1_80' title="bbox 2115 3288 3744 3368; baseline 0.002 -24"><span class='ocrx_word' id='word_1_551' title='bbox 2115 3288 2198 3345; x_wconf 81' lang='grc' dir='ltr'>διᾶ</span> <span class='ocrx_word' id='word_1_552' title='bbox 2229 3292 2328 3356; x_wconf 79' lang='grc' dir='ltr'><strong>την</strong></span> <span class='ocrx_word' id='word_1_553' title='bbox 2373 3293 2620 3368; x_wconf 74' lang='grc' dir='ltr'>στέρησιν</span> <span class='ocrx_word' id='word_1_554' title='bbox 2679 3289 3002 3346; x_wconf 79' lang='grc' dir='ltr'>ἀνακτᾶσθαι</span> <span class='ocrx_word' id='word_1_555' title='bbox 3033 3289 3378 3365; x_wconf 79' lang='grc' dir='ltr'>βουλόμενος,</span> <span class='ocrx_word' id='word_1_556' title='bbox 3415 3292 3579 3351; x_wconf 82' lang='grc' dir='ltr'>Ἴσως</span> <span class='ocrx_word' id='word_1_557' title='bbox 3620 3295 3744 3364; x_wconf 74' lang='grc' dir='ltr'>ἡμᾶς</span> 
     </span>
    </p>
   </div>
   <div class='ocr_carea' id='block_1_81' title="bbox 2116 3378 3742 3458">
    <p class='ocr_par' dir='ltr' id='par_1_81' title="bbox 2116 3378 3742 3458">
     <span class='ocr_line' id='line_1_81' title="bbox 2116 3378 3742 3458; baseline -0.002 -23"><span class='ocrx_word' id='word_1_558' title='bbox 2116 3378 2301 3458; x_wconf 86' lang='grc' dir='ltr'>πάλιν,</span> <span class='ocrx_word' id='word_1_559' title='bbox 2361 3379 2573 3458; x_wconf 68' lang='grc' dir='ltr'>γράφει,</span> <span class='ocrx_word' id='word_1_560' title='bbox 2635 3387 2726 3435; x_wconf 79' lang='grc' dir='ltr'>τοῦ</span> <span class='ocrx_word' id='word_1_561' title='bbox 2789 3385 2920 3435; x_wconf 75' lang='grc' dir='ltr'>Θεοῦ</span> <span class='ocrx_word' id='word_1_562' title='bbox 2991 3378 3368 3455; x_wconf 76' lang='grc' dir='ltr'>ἐπιτρέποντος</span> <span class='ocrx_word' id='word_1_563' title='bbox 3428 3381 3549 3456; x_wconf 76' lang='grc' dir='ltr'>ὄψει</span> <span class='ocrx_word' id='word_1_564' title='bbox 3589 3399 3602 3414; x_wconf 79' lang='grc'><strong>⁸</strong></span> <span class='ocrx_word' id='word_1_565' title='bbox 3670 3379 3742 3433; x_wconf 82' lang='grc' dir='ltr'><strong>καὶ</strong></span> 
     </span>
    </p>
   </div>
   <div class='ocr_carea' id='block_1_82' title="bbox 2118 3466 3742 3547">
    <p class='ocr_par' dir='ltr' id='par_1_82' title="bbox 2118 3466 3742 3547">
     <span class='ocr_line' id='line_1_82' title="bbox 2118 3466 3742 3547; baseline -0.001 -23"><span class='ocrx_word' id='word_1_566' title='bbox 2118 3467 2262 3534; x_wconf 79' lang='grc' dir='ltr'>ὅπως</span> <span class='ocrx_word' id='word_1_567' title='bbox 2319 3474 2386 3544; x_wconf 82' lang='grc' dir='ltr'><strong>τῇ</strong></span> <span class='ocrx_word' id='word_1_568' title='bbox 2461 3492 2558 3534; x_wconf 89' lang='grc' dir='ltr'><strong>της</strong></span> <span class='ocrx_word' id='word_1_569' title='bbox 2639 3466 2756 3524; x_wconf 78' lang='grc' dir='ltr'>ὁδοῦ</span> <span class='ocrx_word' id='word_1_570' title='bbox 2819 3468 3172 3546; x_wconf 75' lang='grc' dir='ltr'>ταλαιπωρίᾳ,</span> <span class='ocrx_word' id='word_1_571' title='bbox 3232 3469 3411 3547; x_wconf 80' lang='grc' dir='ltr'>θέρους</span> <span class='ocrx_word' id='word_1_572' title='bbox 3472 3472 3614 3546; x_wconf 81' lang='grc' dir='ltr'>ἀκμῇ</span> <span class='ocrx_word' id='word_1_573' title='bbox 3671 3467 3742 3523; x_wconf 84' lang='grc' dir='ltr'>δι-</span> 
     </span>
    </p>
   </div>
   <div class='ocr_carea' id='block_1_83' title="bbox 2125 3557 3742 3636">
    <p class='ocr_par' dir='ltr' id='par_1_83' title="bbox 2125 3557 3742 3636">
     <span class='ocr_line' id='line_1_83' title="bbox 2125 3557 3742 3636; baseline -0.001 -23"><span class='ocrx_word' id='word_1_574' title='bbox 2125 3557 2442 3636; x_wconf 80' lang='grc' dir='ltr'>ανυομένης,</span> <span class='ocrx_word' id='word_1_575' title='bbox 2505 3559 2598 3614; x_wconf 88' lang='grc' dir='ltr'><strong>καί</strong></span> <span class='ocrx_word' id='word_1_576' title='bbox 2660 3559 2886 3634; x_wconf 78' lang='grc' dir='ltr'>πυρετὸς</span> <span class='ocrx_word' id='word_1_577' title='bbox 2947 3557 3251 3624; x_wconf 75' lang='grc' dir='ltr'>ἐπέσκηπτε</span> <span class='ocrx_word' id='word_1_578' title='bbox 3305 3557 3524 3636; x_wconf 80' lang='grc' dir='ltr'>λάϐρος,</span> <span class='ocrx_word' id='word_1_579' title='bbox 3573 3558 3742 3614; x_wconf 76' lang='grc' dir='ltr'>καὶτὰ</span> 
     </span>
    </p>
   </div>
   <div class='ocr_carea' id='block_1_84' title="bbox 2119 3646 3738 3726">
    <p class='ocr_par' dir='ltr' id='par_1_84' title="bbox 2119 3646 3738 3726">
     <span class='ocr_line' id='line_1_84' title="bbox 2119 3646 3738 3726; baseline 0 -24"><span class='ocrx_word' id='word_1_580' title='bbox 2119 3646 2178 3702; x_wconf 78' lang='grc' dir='ltr'>ἐκ</span> <span class='ocrx_word' id='word_1_581' title='bbox 2222 3653 2310 3704; x_wconf 82' lang='grc' dir='ltr'>τοῦ</span> <span class='ocrx_word' id='word_1_582' title='bbox 2354 3648 2632 3726; x_wconf 68' lang='grc' dir='ltr'>στομάχου</span> <span class='ocrx_word' id='word_1_583' title='bbox 2674 3648 2836 3719; x_wconf 70' lang='grc' dir='ltr'>κακὰ,</span> <span class='ocrx_word' id='word_1_584' title='bbox 2885 3646 2979 3702; x_wconf 80' lang='grc' dir='ltr'>καῖ</span> <span class='ocrx_word' id='word_1_585' title='bbox 3011 3649 3038 3703; x_wconf 82' lang='grc' dir='ltr'>ὁ</span> <span class='ocrx_word' id='word_1_586' title='bbox 3070 3647 3258 3722; x_wconf 82' lang='grc' dir='ltr'>πολλῷ</span> <span class='ocrx_word' id='word_1_587' title='bbox 3289 3650 3495 3705; x_wconf 77' lang='grc' dir='ltr'>τούτων</span> <span class='ocrx_word' id='word_1_588' title='bbox 3537 3651 3738 3726; x_wconf 79' lang='grc' dir='ltr'>βαρύτε-</span> 
     </span>
    </p>
   </div>
   <div class='ocr_carea' id='block_1_85' title="bbox 2118 3736 3740 3816">
    <p class='ocr_par' dir='ltr' id='par_1_85' title="bbox 2118 3736 3740 3816">
     <span class='ocr_line' id='line_1_85' title="bbox 2118 3736 3740 3816; baseline -0.001 -24"><span class='ocrx_word' id='word_1_589' title='bbox 2118 3759 2230 3815; x_wconf 70' lang='grc' dir='ltr'>ρος,</span> <span class='ocrx_word' id='word_1_590' title='bbox 2266 3737 2293 3792; x_wconf 81' lang='grc' dir='ltr'>ὁ</span> <span class='ocrx_word' id='word_1_591' title='bbox 2325 3737 2581 3813; x_wconf 79' lang='grc' dir='ltr'>πονηρὸς,</span> <span class='ocrx_word' id='word_1_592' title='bbox 2617 3737 2778 3816; x_wconf 73' lang='grc' dir='ltr'>φημὶ,</span> <span class='ocrx_word' id='word_1_593' title='bbox 2814 3736 3082 3808; x_wconf 85' lang='grc' dir='ltr'>Γαλάτης,</span> <span class='ocrx_word' id='word_1_594' title='bbox 3116 3736 3264 3814; x_wconf 81' lang='grc' dir='ltr'>ἇίγειν</span> <span class='ocrx_word' id='word_1_595' title='bbox 3296 3740 3456 3795; x_wconf 74' lang='grc' dir='ltr'>αὐτὸν</span> <span class='ocrx_word' id='word_1_596' title='bbox 3487 3758 3740 3795; x_wconf 84' lang='grc' dir='ltr'>πεπιστευ-</span> 
     </span>
    </p>
   </div>
   <div class='ocr_carea' id='block_1_86' title="bbox 2120 3825 3738 3905">
    <p class='ocr_par' dir='ltr' id='par_1_86' title="bbox 2120 3825 3738 3905">
     <span class='ocr_line' id='line_1_86' title="bbox 2120 3825 3738 3905; baseline 0.001 -25"><span class='ocrx_word' id='word_1_597' title='bbox 2120 3825 2277 3892; x_wconf 87' lang='grc' dir='ltr'>μένος</span> <span class='ocrx_word' id='word_1_598' title='bbox 2313 3841 2325 3854; x_wconf 87' lang='grc'><em>’</em></span> <span class='ocrx_word' id='word_1_599' title='bbox 2390 3827 2477 3880; x_wconf 89' lang='grc' dir='ltr'><strong>καὶ</strong></span> <span class='ocrx_word' id='word_1_600' title='bbox 2532 3826 2606 3884; x_wconf 81' lang='grc' dir='ltr'><strong>ὡς</strong></span> <span class='ocrx_word' id='word_1_601' title='bbox 2663 3831 2957 3902; x_wconf 77' lang='grc' dir='ltr'>καταγωγῇ</span> <span class='ocrx_word' id='word_1_602' title='bbox 3019 3848 3130 3881; x_wconf 85' lang='grc' dir='ltr'>τινι</span> <span class='ocrx_word' id='word_1_603' title='bbox 3191 3825 3550 3905; x_wconf 79' lang='grc' dir='ltr'>προσλαόοὗσι</span> <span class='ocrx_word' id='word_1_604' title='bbox 3590 3828 3738 3884; x_wconf 75' lang='grc' dir='ltr'>πάντα</span> 
     </span>
    </p>
   </div>
   <div class='ocr_carea' id='block_1_87' title="bbox 2119 3913 3735 3996">
    <p class='ocr_par' dir='ltr' id='par_1_87' title="bbox 2119 3913 3735 3996">
     <span class='ocr_line' id='line_1_87' title="bbox 2119 3913 3735 3996; baseline 0.001 -26"><span class='ocrx_word' id='word_1_605' title='bbox 2119 3914 2277 3970; x_wconf 84' lang='grc' dir='ltr'>πάλιν</span> <span class='ocrx_word' id='word_1_606' title='bbox 2335 3915 2567 3984; x_wconf 72' lang='grc' dir='ltr'>συνήντα</span> <span class='ocrx_word' id='word_1_607' title='bbox 2625 3915 2689 3969; x_wconf 81' lang='grc' dir='ltr'><strong>τὰ</strong></span> <span class='ocrx_word' id='word_1_608' title='bbox 2735 3913 2946 3992; x_wconf 75' lang='grc' dir='ltr'>λυπηρὰ</span> <span class='ocrx_word' id='word_1_609' title='bbox 2996 3921 3102 3971; x_wconf 87' lang='grc' dir='ltr'><strong>τῶν</strong></span> <span class='ocrx_word' id='word_1_610' title='bbox 3131 3918 3531 3996; x_wconf 81' lang='grc' dir='ltr'>θεραπευόντων</span> <span class='ocrx_word' id='word_1_611' title='bbox 3561 3920 3592 3984; x_wconf 76' lang='grc' dir='ltr'>ἡ</span> <span class='ocrx_word' id='word_1_612' title='bbox 3622 3917 3735 3994; x_wconf 78' lang='grc' dir='ltr'>ἐρηο</span> 
     </span>
    </p>
   </div>
   <div class='ocr_carea' id='block_1_88' title="bbox 2119 4001 3734 4085">
    <p class='ocr_par' dir='ltr' id='par_1_88' title="bbox 2119 4001 3734 4085">
     <span class='ocr_line' id='line_1_88' title="bbox 2119 4001 3734 4085; baseline 0.003 -26"><span class='ocrx_word' id='word_1_613' title='bbox 2119 4004 2235 4078; x_wconf 87' lang='grc' dir='ltr'>μία,</span> <span class='ocrx_word' id='word_1_614' title='bbox 2309 4010 2403 4060; x_wconf 83' lang='grc' dir='ltr'><strong>τῶν</strong></span> <span class='ocrx_word' id='word_1_615' title='bbox 2465 4001 2780 4069; x_wconf 80' lang='grc' dir='ltr'>ἐπιτηδείων</span> <span class='ocrx_word' id='word_1_616' title='bbox 2823 4006 2856 4072; x_wconf 78' lang='grc' dir='ltr'>ἡ</span> <span class='ocrx_word' id='word_1_617' title='bbox 2907 4005 3102 4084; x_wconf 81' lang='grc' dir='ltr'>ἀπορία</span> <span class='ocrx_word' id='word_1_618' title='bbox 3165 4008 3367 4078; x_wconf 66' lang='grc' dir='ltr'>(αὐτοῖς</span> <span class='ocrx_word' id='word_1_619' title='bbox 3415 4009 3516 4085; x_wconf 79' lang='grc' dir='ltr'>γὰρ</span> <span class='ocrx_word' id='word_1_620' title='bbox 3545 4007 3734 4064; x_wconf 79' lang='grc' dir='ltr'>ἐκείνοις</span> 
     </span>
    </p>
   </div>
   <div class='ocr_carea' id='block_1_89' title="bbox 2115 4093 3732 4173">
    <p class='ocr_par' dir='ltr' id='par_1_89' title="bbox 2115 4093 3732 4173">
     <span class='ocr_line' id='line_1_89' title="bbox 2115 4093 3732 4173; baseline -0.001 -23"><span class='ocrx_word' id='word_1_621' title='bbox 2115 4107 2234 4157; x_wconf 86' lang='grc' dir='ltr'>τοῖς</span> <span class='ocrx_word' id='word_1_622' title='bbox 2291 4106 2516 4173; x_wconf 80' lang='grc' dir='ltr'>χρυσοῖς</span> <span class='ocrx_word' id='word_1_623' title='bbox 2571 4093 2848 4173; x_wconf 79' lang='grc' dir='ltr'>κέχρημαι</span> <span class='ocrx_word' id='word_1_624' title='bbox 2911 4094 3146 4171; x_wconf 82' lang='grc' dir='ltr'>λόγοις),</span> <span class='ocrx_word' id='word_1_625' title='bbox 3206 4099 3268 4152; x_wconf 83' lang='grc' dir='ltr'>τὸ</span> <span class='ocrx_word' id='word_1_626' title='bbox 3336 4096 3540 4172; x_wconf 83' lang='grc' dir='ltr'>μηδένα</span> <span class='ocrx_word' id='word_1_627' title='bbox 3580 4095 3732 4171; x_wconf 76' lang='grc' dir='ltr'>ἰατρὸν</span> 
     </span>
    </p>
   </div>
   <div class='ocr_carea' id='block_1_90' title="bbox 2118 4181 3726 4265">
    <p class='ocr_par' dir='ltr' id='par_1_90' title="bbox 2118 4181 3726 4265">
     <span class='ocr_line' id='line_1_90' title="bbox 2118 4181 3726 4265; baseline -0.001 -26"><span class='ocrx_word' id='word_1_628' title='bbox 2118 4197 2390 4259; x_wconf 85' lang='grc' dir='ltr'>παρεῖναι,</span> <span class='ocrx_word' id='word_1_629' title='bbox 2451 4185 2479 4240; x_wconf 74' lang='grc' dir='ltr'><strong>ὁ</strong></span> <span class='ocrx_word' id='word_1_630' title='bbox 2522 4188 2620 4250; x_wconf 75' lang='grc' dir='ltr'>τῆς</span> <span class='ocrx_word' id='word_1_631' title='bbox 2664 4181 2852 4262; x_wconf 67' lang='grc' dir='ltr'>ἓφόδο)</span> <span class='ocrx_word' id='word_1_632' title='bbox 2883 4189 2989 4240; x_wconf 89' lang='grc' dir='ltr'><strong>τῶν</strong></span> <span class='ocrx_word' id='word_1_633' title='bbox 3049 4184 3297 4262; x_wconf 80' lang='grc' dir='ltr'>Ἰσαύρων</span> <span class='ocrx_word' id='word_1_634' title='bbox 3342 4185 3528 4265; x_wconf 78' lang='grc' dir='ltr'>φόϐος,</span> <span class='ocrx_word' id='word_1_635' title='bbox 3581 4187 3656 4241; x_wconf 83' lang='grc' dir='ltr'>καὶ</span> <span class='ocrx_word' id='word_1_636' title='bbox 3699 4184 3726 4246; x_wconf 79' lang='grc' dir='ltr'><strong>ἡ</strong></span> 
     </span>
    </p>
   </div>
   <div class='ocr_carea' id='block_1_91' title="bbox 2119 4270 3724 4353">
    <p class='ocr_par' dir='ltr' id='par_1_91' title="bbox 2119 4270 3724 4353">
     <span class='ocr_line' id='line_1_91' title="bbox 2119 4270 3724 4353; baseline -0.002 -26"><span class='ocrx_word' id='word_1_637' title='bbox 2119 4270 2243 4328; x_wconf 79' lang='grc' dir='ltr'>ὅσον</span> <span class='ocrx_word' id='word_1_638' title='bbox 2301 4273 2448 4329; x_wconf 73' lang='grc' dir='ltr'>οῧπω</span> <span class='ocrx_word' id='word_1_639' title='bbox 2505 4277 2577 4333; x_wconf 80' lang='grc' dir='ltr'><strong>είς</strong></span> <span class='ocrx_word' id='word_1_640' title='bbox 2638 4287 2832 4353; x_wconf 86' lang='grc' dir='ltr'>χεῖρας</span> <span class='ocrx_word' id='word_1_641' title='bbox 2898 4276 3068 4331; x_wconf 68' lang='grc' dir='ltr'>αὐτῶν</span> <span class='ocrx_word' id='word_1_642' title='bbox 3133 4276 3486 4349; x_wconf 80' lang='grc' dir='ltr'>ἐμπεσεῖσθαι</span> <span class='ocrx_word' id='word_1_643' title='bbox 3542 4274 3724 4351; x_wconf 77' lang='grc' dir='ltr'>μέλλειν</span> 
     </span>
    </p>
   </div>
   <div class='ocr_carea' id='block_1_92' title="bbox 2117 4361 3720 4445">
    <p class='ocr_par' dir='ltr' id='par_1_92' title="bbox 2117 4361 3720 4445">
     <span class='ocr_line' id='line_1_92' title="bbox 2117 4361 3720 4445; baseline -0.001 -29"><span class='ocrx_word' id='word_1_644' title='bbox 2117 4361 2292 4433; x_wconf 76' lang='grc' dir='ltr'>ἐλπὶς,</span> <span class='ocrx_word' id='word_1_645' title='bbox 2349 4364 2396 4417; x_wconf 77' lang='grc' dir='ltr'>οἱ</span> <span class='ocrx_word' id='word_1_646' title='bbox 2483 4361 2828 4435; x_wconf 77' lang='grc' dir='ltr'>ἒπιμανέντες</span> <span class='ocrx_word' id='word_1_647' title='bbox 2906 4367 3048 4437; x_wconf 72' lang='grc' dir='ltr'><strong>αὖτῷ</strong></span> <span class='ocrx_word' id='word_1_648' title='bbox 3136 4369 3392 4445; x_wconf 77' lang='grc' dir='ltr'>μοναχοὶ,</span> <span class='ocrx_word' id='word_1_649' title='bbox 3458 4366 3547 4423; x_wconf 72' lang='grc' dir='ltr'><strong>καί</strong></span> <span class='ocrx_word' id='word_1_650' title='bbox 3609 4363 3720 4436; x_wconf 67' lang='grc' dir='ltr'>παρὰ</span> 
     </span>
    </p>
   </div>
   <div class='ocr_carea' id='block_1_93' title="bbox 2119 4451 3719 4530">
    <p class='ocr_par' dir='ltr' id='par_1_93' title="bbox 2119 4451 3719 4530">
     <span class='ocr_line' id='line_1_93' title="bbox 2119 4451 3719 4530; baseline -0.001 -22"><span class='ocrx_word' id='word_1_651' title='bbox 2119 4457 2293 4508; x_wconf 83' lang='grc' dir='ltr'>πᾶσαν</span> <span class='ocrx_word' id='word_1_652' title='bbox 2347 4451 2642 4530; x_wconf 80' lang='grc' dir='ltr'>ἀγριότητα</span> <span class='ocrx_word' id='word_1_653' title='bbox 2701 4454 2897 4528; x_wconf 82' lang='grc' dir='ltr'>θηρίων</span> <span class='ocrx_word' id='word_1_654' title='bbox 2983 4454 3118 4530; x_wconf 72' lang='grc' dir='ltr'><strong>αὖτῇ</strong></span> <span class='ocrx_word' id='word_1_655' title='bbox 3192 4456 3331 4526; x_wconf 80' lang='grc' dir='ltr'>οἰκίᾳ</span> <span class='ocrx_word' id='word_1_656' title='bbox 3408 4456 3719 4512; x_wconf 76' lang='grc' dir='ltr'>κατακαύσειν</span> 
     </span>
    </p>
   </div>
   <div class='ocr_carea' id='block_1_94' title="bbox 383 4535 2018 4620">
    <p class='ocr_par' dir='ltr' id='par_1_94' title="bbox 383 4535 2018 4614">
     <span class='ocr_line' id='line_1_94' title="bbox 383 4535 2018 4614; baseline -0.002 -18"><span class='ocrx_word' id='word_1_657' title='bbox 383 4553 519 4596; x_wconf 90' lang='lat' dir='ltr'><strong>eum</strong></span> <span class='ocrx_word' id='word_1_658' title='bbox 553 4535 974 4598; x_wconf 86' lang='lat' dir='ltr'><strong>combusturos</strong></span> <span class='ocrx_word' id='word_1_659' title='bbox 999 4555 1133 4598; x_wconf 91' lang='lat' dir='ltr'><strong>esse</strong></span> <span class='ocrx_word' id='word_1_660' title='bbox 1166 4555 1300 4596; x_wconf 92' lang='lat' dir='ltr'><strong>cum</strong></span> <span class='ocrx_word' id='word_1_661' title='bbox 1337 4535 1468 4614; x_wconf 77' lang='lat' dir='ltr'><strong>ipsa</strong></span> <span class='ocrx_word' id='word_1_662' title='bbox 1497 4535 1697 4609; x_wconf 84' lang='lat' dir='ltr'><strong>domo,</strong></span> <span class='ocrx_word' id='word_1_663' title='bbox 1724 4543 1785 4595; x_wconf 90' lang='lat' dir='ltr'><strong>et</strong></span> <span class='ocrx_word' id='word_1_664' title='bbox 1816 4553 2018 4614; x_wconf 83' lang='lat' dir='ltr'><strong>quem-</strong></span> 
     </span>
    </p>
   </div>
   <div class='ocr_carea' id='block_1_95' title="bbox 2119 4535 3713 4620">
    <p class='ocr_par' dir='ltr' id='par_1_95' title="bbox 2119 4539 3713 4620">
     <span class='ocr_line' id='line_1_95' title="bbox 2119 4539 3713 4620; baseline 0 -25"><span class='ocrx_word' id='word_1_665' title='bbox 2119 4539 2274 4595; x_wconf 68' lang='grc' dir='ltr'>αὐτὸν</span> <span class='ocrx_word' id='word_1_666' title='bbox 2333 4540 2676 4604; x_wconf 79' lang='grc' dir='ltr'>ἀπειλοῦντες</span> <span class='ocrx_word' id='word_1_667' title='bbox 2713 4559 2724 4571; x_wconf 85' lang='grc'><em>’</em></span> <span class='ocrx_word' id='word_1_668' title='bbox 2775 4541 2920 4605; x_wconf 81' lang='grc' dir='ltr'>ὅπως</span> <span class='ocrx_word' id='word_1_669' title='bbox 2980 4564 3035 4596; x_wconf 87' lang='grc' dir='ltr'><strong>τε</strong></span> <span class='ocrx_word' id='word_1_670' title='bbox 3091 4545 3339 4620; x_wconf 60' lang='grc' dir='ltr'>πονήρως</span> <span class='ocrx_word' id='word_1_671' title='bbox 3399 4547 3500 4601; x_wconf 69' lang='grc' dir='ltr'><strong>ὑπὸ</strong></span> <span class='ocrx_word' id='word_1_672' title='bbox 3530 4552 3610 4599; x_wconf 74' lang='grc' dir='ltr'><strong>του</strong></span> <span class='ocrx_word' id='word_1_673' title='bbox 3634 4563 3713 4596; x_wconf 58' lang='grc' dir='ltr'><strong>πθ·</strong></span> 
     </span>
    </p>
   </div>
   <div class='ocr_carea' id='block_1_96' title="bbox 384 4623 2030 4697">
    <p class='ocr_par' dir='ltr' id='par_1_96' title="bbox 384 4623 2030 4697">
     <span class='ocr_line' id='line_1_96' title="bbox 384 4623 2030 4697; baseline -0.001 -11"><span class='ocrx_word' id='word_1_674' title='bbox 384 4624 706 4686; x_wconf 86' lang='lat' dir='ltr'><strong>admodum</strong></span> <span class='ocrx_word' id='word_1_675' title='bbox 740 4645 772 4687; x_wconf 93' lang='lat' dir='ltr'><strong>a</strong></span> <span class='ocrx_word' id='word_1_676' title='bbox 804 4623 968 4686; x_wconf 81' lang='lat' dir='ltr'><strong>febre</strong></span> <span class='ocrx_word' id='word_1_677' title='bbox 1003 4625 1156 4687; x_wconf 89' lang='lat' dir='ltr'><strong>male</strong></span> <span class='ocrx_word' id='word_1_678' title='bbox 1190 4625 1558 4697; x_wconf 79' lang='lat' dir='ltr'><strong>affectum,el</strong></span> <span class='ocrx_word' id='word_1_679' title='bbox 1583 4623 1895 4687; x_wconf 83' lang='lat' dir='ltr'><strong>deitinere</strong></span> <span class='ocrx_word' id='word_1_680' title='bbox 1917 4624 2030 4685; x_wconf 89' lang='lat' dir='ltr'><strong>val-</strong></span> 
     </span>
    </p>
   </div>
   <div class='ocr_carea' id='block_1_97' title="bbox 381 4713 2028 4796">
    <p class='ocr_par' dir='ltr' id='par_1_97' title="bbox 381 4713 2028 4796">
     <span class='ocr_line' id='line_1_97' title="bbox 381 4713 2028 4796; baseline -0.002 -19"><span class='ocrx_word' id='word_1_681' title='bbox 381 4713 733 4790; x_wconf 88' lang='lat' dir='ltr'><strong>defessum,</strong></span> <span class='ocrx_word' id='word_1_682' title='bbox 770 4715 871 4796; x_wconf 89' lang='lat' dir='ltr'><strong>qui</strong></span> <span class='ocrx_word' id='word_1_683' title='bbox 898 4734 1031 4776; x_wconf 83' lang='lat' dir='ltr'><strong>eum</strong></span> <span class='ocrx_word' id='word_1_684' title='bbox 1063 4715 1470 4786; x_wconf 88' lang='lat' dir='ltr'><strong>abducebant,</strong></span> <span class='ocrx_word' id='word_1_685' title='bbox 1509 4732 1626 4774; x_wconf 92' lang='lat' dir='ltr'><strong>non</strong></span> <span class='ocrx_word' id='word_1_686' title='bbox 1683 4713 1861 4774; x_wconf 80' lang='lat' dir='ltr'><strong>modo</strong></span> <span class='ocrx_word' id='word_1_687' title='bbox 1891 4733 2028 4775; x_wconf 88' lang='lat' dir='ltr'><strong>eum</strong></span> 
     </span>
    </p>
   </div>
   <div class='ocr_carea' id='block_1_98' title="bbox 383 4803 2029 4884">
    <p class='ocr_par' dir='ltr' id='par_1_98' title="bbox 383 4803 2029 4884">
     <span class='ocr_line' id='line_1_98' title="bbox 383 4803 2029 4884; baseline -0.001 -19"><span class='ocrx_word' id='word_1_688' title='bbox 383 4804 546 4865; x_wconf 91' lang='lat' dir='ltr'><strong>nulla</strong></span> <span class='ocrx_word' id='word_1_689' title='bbox 578 4804 802 4884; x_wconf 83' lang='lat' dir='ltr'><strong>dignati</strong></span> <span class='ocrx_word' id='word_1_690' title='bbox 835 4813 975 4864; x_wconf 91' lang='lat' dir='ltr'><strong>sunt</strong></span> <span class='ocrx_word' id='word_1_691' title='bbox 1005 4803 1551 4878; x_wconf 89' lang='lat' dir='ltr'><strong>misericordia,sed</strong></span> <span class='ocrx_word' id='word_1_692' title='bbox 1579 4820 1683 4864; x_wconf 89' lang='lat' dir='ltr'><strong>eos</strong></span> <span class='ocrx_word' id='word_1_693' title='bbox 1715 4803 2029 4883; x_wconf 88' lang='lat' dir='ltr'><strong>etiam,qui</strong></span> 
     </span>
    </p>
   </div>
   <div class='ocr_carea' id='block_1_99' title="bbox 382 4893 2033 4975">
    <p class='ocr_par' dir='ltr' id='par_1_99' title="bbox 382 4893 2033 4975">
     <span class='ocr_line' id='line_1_99' title="bbox 382 4893 2033 4975; baseline -0.001 -22"><span class='ocrx_word' id='word_1_694' title='bbox 382 4893 684 4969; x_wconf 85' lang='lat' dir='ltr'><strong>volebant,</strong></span> <span class='ocrx_word' id='word_1_695' title='bbox 719 4894 1142 4975; x_wconf 88' lang='lat' dir='ltr'><strong>prohibebant,</strong></span> <span class='ocrx_word' id='word_1_696' title='bbox 1205 4895 1503 4954; x_wconf 91' lang='lat' dir='ltr'><strong>minantes</strong></span> <span class='ocrx_word' id='word_1_697' title='bbox 1553 4893 1643 4953; x_wconf 89' lang='lat' dir='ltr'><strong>eis</strong></span> <span class='ocrx_word' id='word_1_698' title='bbox 1675 4900 1942 4953; x_wconf 83' lang='lat' dir='ltr'><strong>extrema</strong></span> <span class='ocrx_word' id='word_1_699' title='bbox 1974 4906 2033 4954; x_wconf 87' lang='lat' dir='ltr'><strong>et</strong></span> 
     </span>
    </p>
   </div>
   <div class='ocr_carea' id='block_1_100' title="bbox 379 4982 2028 5064">
    <p class='ocr_par' dir='ltr' id='par_1_100' title="bbox 379 4982 2028 5064">
     <span class='ocr_line' id='line_1_100' title="bbox 379 4982 2028 5064; baseline -0.002 -18"><span class='ocrx_word' id='word_1_700' title='bbox 379 4983 647 5046; x_wconf 90' lang='lat' dir='ltr'><strong>omnium</strong></span> <span class='ocrx_word' id='word_1_701' title='bbox 673 4983 928 5046; x_wconf 80' lang='lat' dir='ltr'><strong>maxime</strong></span> <span class='ocrx_word' id='word_1_702' title='bbox 954 4983 1641 5064; x_wconf 73' lang='lat' dir='ltr'><strong>terribilia(55)?l’rmter</strong></span> <span class='ocrx_word' id='word_1_703' title='bbox 1667 4982 1788 5043; x_wconf 73' lang='lat' dir='ltr'><strong>htec</strong></span> <span class='ocrx_word' id='word_1_704' title='bbox 1805 4989 2028 5058; x_wconf 79' lang='lat' dir='ltr'><strong>autem,</strong></span> 
     </span>
    </p>
   </div>
   <div class='ocr_carea' id='block_1_101' title="bbox 379 5071 2029 5154">
    <p class='ocr_par' dir='ltr' id='par_1_101' title="bbox 379 5071 2029 5154">
     <span class='ocr_line' id='line_1_101' title="bbox 379 5071 2029 5154; baseline -0.001 -21"><span class='ocrx_word' id='word_1_705' title='bbox 379 5074 617 5154; x_wconf 86' lang='lat' dir='ltr'><strong>qualem</strong></span> <span class='ocrx_word' id='word_1_706' title='bbox 647 5075 802 5134; x_wconf 87' lang='lat' dir='ltr'><strong>viam</strong></span> <span class='ocrx_word' id='word_1_707' title='bbox 828 5073 1311 5154; x_wconf 76' lang='lat' dir='ltr'><strong>peregit,nempe</strong></span> <span class='ocrx_word' id='word_1_708' title='bbox 1336 5071 1944 5151; x_wconf 87' lang='lat' dir='ltr'><strong>arduam,lapidosam</strong></span> <span class='ocrx_word' id='word_1_709' title='bbox 1971 5082 2029 5133; x_wconf 90' lang='lat' dir='ltr'><strong>et</strong></span> 
     </span>
    </p>
   </div>
   <div class='ocr_carea' id='block_1_102' title="bbox 383 5161 2030 5243">
    <p class='ocr_par' dir='ltr' id='par_1_102' title="bbox 383 5161 2030 5243">
     <span class='ocr_line' id='line_1_102' title="bbox 383 5161 2030 5243; baseline -0.001 -19"><span class='ocrx_word' id='word_1_710' title='bbox 383 5163 909 5243; x_wconf 71' lang='lat' dir='ltr'><strong>difﬁcilem,ithue</strong></span> <span class='ocrx_word' id='word_1_711' title='bbox 943 5181 1078 5224; x_wconf 90' lang='lat' dir='ltr'><strong>cum</strong></span> <span class='ocrx_word' id='word_1_712' title='bbox 1112 5182 1268 5243; x_wconf 64' lang='grc' dir='ltr'>είλετο</span> <span class='ocrx_word' id='word_1_713' title='bbox 1301 5172 1502 5243; x_wconf 90' lang='lat' dir='ltr'><strong>posset</strong></span> <span class='ocrx_word' id='word_1_714' title='bbox 1538 5161 1794 5239; x_wconf 82' lang='lat' dir='ltr'><strong>ingredi,</strong></span> <span class='ocrx_word' id='word_1_715' title='bbox 1827 5169 2030 5242; x_wconf 90' lang='lat' dir='ltr'><strong>utpote</strong></span> 
     </span>
    </p>
   </div>
   <div class='ocr_carea' id='block_1_103' title="bbox 379 5251 2034 5334">
    <p class='ocr_par' dir='ltr' id='par_1_103' title="bbox 379 5251 2034 5334">
     <span class='ocr_line' id='line_1_103' title="bbox 379 5251 2034 5334; baseline -0.001 -20"><span class='ocrx_word' id='word_1_716' title='bbox 379 5251 536 5334; x_wconf 92' lang='lat' dir='ltr'><strong>quod</strong></span> <span class='ocrx_word' id='word_1_717' title='bbox 559 5252 616 5314; x_wconf 89' lang='lat' dir='ltr'><strong>ei</strong></span> <span class='ocrx_word' id='word_1_718' title='bbox 637 5261 794 5314; x_wconf 90' lang='lat' dir='ltr'><strong>esset</strong></span> <span class='ocrx_word' id='word_1_719' title='bbox 821 5252 972 5314; x_wconf 90' lang='lat' dir='ltr'><strong>male</strong></span> <span class='ocrx_word' id='word_1_720' title='bbox 997 5252 1276 5314; x_wconf 79' lang='lat' dir='ltr'><strong>affectum</strong></span> <span class='ocrx_word' id='word_1_721' title='bbox 1304 5258 1841 5333; x_wconf 84' lang='lat' dir='ltr'><strong>corpus,quantum</strong></span> <span class='ocrx_word' id='word_1_722' title='bbox 1871 5271 1940 5313; x_wconf 83' lang='lat' dir='ltr'><strong>ex</strong></span> <span class='ocrx_word' id='word_1_723' title='bbox 1962 5269 2034 5312; x_wconf 92' lang='lat' dir='ltr'><strong>eo</strong></span> 
     </span>
    </p>
   </div>
   <div class='ocr_carea' id='block_1_104' title="bbox 435 5443 2035 5516">
    <p class='ocr_par' dir='ltr' id='par_1_104' title="bbox 435 5443 2035 5516">
     <span class='ocr_line' id='line_1_104' title="bbox 435 5443 2035 5516; baseline 0 -16"><span class='ocrx_word' id='word_1_724' title='bbox 435 5445 554 5516; x_wconf 70' lang='grc'><strong>(54)</strong></span> <span class='ocrx_word' id='word_1_725' title='bbox 583 5443 1075 5516; x_wconf 85' lang='lat' dir='ltr'><strong>Chrysostomum</strong></span> <span class='ocrx_word' id='word_1_726' title='bbox 1106 5461 1222 5503; x_wconf 92' lang='lat' dir='ltr'><strong>non</strong></span> <span class='ocrx_word' id='word_1_727' title='bbox 1269 5461 1501 5516; x_wconf 62' lang='lat' dir='ltr'><strong>semprr</strong></span> <span class='ocrx_word' id='word_1_728' title='bbox 1531 5447 1588 5502; x_wconf 88' lang='lat' dir='ltr'><strong>in</strong></span> <span class='ocrx_word' id='word_1_729' title='bbox 1615 5445 1841 5502; x_wconf 85' lang='lat' dir='ltr'><strong>aedibus</strong></span> <span class='ocrx_word' id='word_1_730' title='bbox 1867 5445 2035 5501; x_wconf 78' lang='lat' dir='ltr'><strong>Adel-</strong></span> 
     </span>
    </p>
   </div>
   <div class='ocr_carea' id='block_1_105' title="bbox 369 5515 2034 5588">
    <p class='ocr_par' dir='ltr' id='par_1_105' title="bbox 369 5515 2034 5588">
     <span class='ocr_line' id='line_1_105' title="bbox 369 5515 2034 5588; baseline 0.003 -20"><span class='ocrx_word' id='word_1_731' title='bbox 369 5516 481 5588; x_wconf 81' lang='lat' dir='ltr'><strong>phii</strong></span> <span class='ocrx_word' id='word_1_732' title='bbox 509 5515 715 5588; x_wconf 72' lang='lat' dir='ltr'><strong>Cucusi</strong></span> <span class='ocrx_word' id='word_1_733' title='bbox 741 5518 1294 5588; x_wconf 68' lang='lat' dir='ltr'><strong>commoratum.sed</strong></span> <span class='ocrx_word' id='word_1_734' title='bbox 1325 5521 1496 5574; x_wconf 61' lang='lat' dir='ltr'><strong>etiam</strong></span> <span class='ocrx_word' id='word_1_735' title='bbox 1524 5517 1670 5588; x_wconf 86' lang='lat' dir='ltr'><strong>apud</strong></span> <span class='ocrx_word' id='word_1_736' title='bbox 1696 5517 2034 5573; x_wconf 78' lang='lat' dir='ltr'><strong>Dioscorum</strong></span> 
     </span>
    </p>
   </div>
   <div class='ocr_carea' id='block_1_106' title="bbox 365 5585 1889 5657">
    <p class='ocr_par' dir='ltr' id='par_1_106' title="bbox 365 5585 1889 5657">
     <span class='ocr_line' id='line_1_106' title="bbox 365 5585 1889 5657; baseline 0.002 -19"><span class='ocrx_word' id='word_1_737' title='bbox 365 5585 488 5654; x_wconf 83' lang='lat' dir='ltr'><strong>ejus</strong></span> <span class='ocrx_word' id='word_1_738' title='bbox 514 5585 726 5640; x_wconf 75' lang='lat' dir='ltr'><strong>docent</strong></span> <span class='ocrx_word' id='word_1_739' title='bbox 763 5587 1056 5657; x_wconf 58' lang='lat' dir='ltr'><strong>Epistolas.</strong></span> <span class='ocrx_word' id='word_1_740' title='bbox 1099 5590 1232 5646; x_wconf 77' lang='lat' dir='ltr'><strong>Vide</strong></span> <span class='ocrx_word' id='word_1_741' title='bbox 1271 5589 1484 5646; x_wconf 85' lang='lat' dir='ltr'><strong>Baron.</strong></span> <span class='ocrx_word' id='word_1_742' title='bbox 1520 5585 1589 5644; x_wconf 81' lang='lat' dir='ltr'><strong>ad</strong></span> <span class='ocrx_word' id='word_1_743' title='bbox 1622 5603 1718 5644; x_wconf 82' lang='lat' dir='ltr'><strong>an.</strong></span> <span class='ocrx_word' id='word_1_744' title='bbox 1764 5589 1889 5643; x_wconf 68' lang='grc'><strong>404.</strong></span> 
     </span>
    </p>
   </div>
   <div class='ocr_carea' id='block_1_107' title="bbox 2115 4627 3713 4708">
    <p class='ocr_par' dir='ltr' id='par_1_107' title="bbox 2115 4627 3713 4708">
     <span class='ocr_line' id='line_1_107' title="bbox 2115 4627 3713 4708; baseline 0.006 -24"><span class='ocrx_word' id='word_1_745' title='bbox 2115 4635 2266 4704; x_wconf 81' lang='grc' dir='ltr'>ρετοῦ</span> <span class='ocrx_word' id='word_1_746' title='bbox 2323 4627 2676 4704; x_wconf 82' lang='grc' dir='ltr'>διακείμενον,</span> <span class='ocrx_word' id='word_1_747' title='bbox 2756 4633 2842 4687; x_wconf 83' lang='grc' dir='ltr'>καὶ</span> <span class='ocrx_word' id='word_1_748' title='bbox 2919 4631 3036 4686; x_wconf 87' lang='grc' dir='ltr'>λίαν</span> <span class='ocrx_word' id='word_1_749' title='bbox 3117 4635 3382 4708; x_wconf 73' lang='grc' dir='ltr'>κάμνοντα</span> <span class='ocrx_word' id='word_1_750' title='bbox 3454 4635 3578 4690; x_wconf 74' lang='grc' dir='ltr'>κατὰ</span> <span class='ocrx_word' id='word_1_751' title='bbox 3639 4629 3713 4693; x_wconf 63' lang='grc' dir='ltr'><strong>τὴν</strong></span> 
     </span>
    </p>
   </div>
   <div class='ocr_carea' id='block_1_108' title="bbox 2114 4717 3708 4798">
    <p class='ocr_par' dir='ltr' id='par_1_108' title="bbox 2114 4717 3708 4798">
     <span class='ocr_line' id='line_1_108' title="bbox 2114 4717 3708 4798; baseline -0.003 -20"><span class='ocrx_word' id='word_1_752' title='bbox 2114 4717 2254 4791; x_wconf 78' lang='grc' dir='ltr'>ὁδὸν,</span> <span class='ocrx_word' id='word_1_753' title='bbox 2317 4720 2365 4775; x_wconf 80' lang='grc' dir='ltr'>οἱ</span> <span class='ocrx_word' id='word_1_754' title='bbox 2396 4719 2692 4796; x_wconf 78' lang='grc' dir='ltr'>ἀπάγοντες</span> <span class='ocrx_word' id='word_1_755' title='bbox 2725 4724 2785 4778; x_wconf 66' lang='grc' dir='ltr'>οὔ</span> <span class='ocrx_word' id='word_1_756' title='bbox 2815 4721 2978 4792; x_wconf 86' lang='grc' dir='ltr'>μόνον</span> <span class='ocrx_word' id='word_1_757' title='bbox 3009 4724 3154 4780; x_wconf 66' lang='grc' dir='ltr'>αὐτοὶ</span> <span class='ocrx_word' id='word_1_758' title='bbox 3204 4723 3379 4780; x_wconf 78' lang='grc' dir='ltr'>ἒλεεῖν</span> <span class='ocrx_word' id='word_1_759' title='bbox 3427 4725 3517 4782; x_wconf 67' lang='grc' dir='ltr'><strong>οὒκ</strong></span> <span class='ocrx_word' id='word_1_760' title='bbox 3567 4726 3708 4798; x_wconf 72' lang='grc' dir='ltr'>εἶχον,</span> 
     </span>
    </p>
   </div>
   <div class='ocr_carea' id='block_1_109' title="bbox 2115 4807 3711 4888">
    <p class='ocr_par' dir='ltr' id='par_1_109' title="bbox 2115 4807 3711 4888">
     <span class='ocr_line' id='line_1_109' title="bbox 2115 4807 3711 4888; baseline -0.001 -25"><span class='ocrx_word' id='word_1_761' title='bbox 2115 4807 2250 4864; x_wconf 74' lang='grc' dir='ltr'>ἀλλὰ</span> <span class='ocrx_word' id='word_1_762' title='bbox 2282 4809 2364 4864; x_wconf 85' lang='grc' dir='ltr'><strong>κοὶ</strong></span> <span class='ocrx_word' id='word_1_763' title='bbox 2409 4809 2616 4884; x_wconf 76' lang='grc' dir='ltr'>ἑτέρους</span> <span class='ocrx_word' id='word_1_764' title='bbox 2668 4811 2928 4888; x_wconf 74' lang='grc' dir='ltr'>ἀπεῖργον</span> <span class='ocrx_word' id='word_1_765' title='bbox 2990 4814 3324 4887; x_wconf 82' lang='grc' dir='ltr'>παραμυθίας</span> <span class='ocrx_word' id='word_1_766' title='bbox 3387 4817 3536 4873; x_wconf 69' lang='grc' dir='ltr'>αὖτὸν</span> <span class='ocrx_word' id='word_1_767' title='bbox 3575 4811 3711 4875; x_wconf 71' lang='grc' dir='ltr'>ἀξιοῦν</span> 
     </span>
    </p>
   </div>
   <div class='ocr_carea' id='block_1_110' title="bbox 2114 4897 3707 4980">
    <p class='ocr_par' dir='ltr' id='par_1_110' title="bbox 2114 4897 3707 4980">
     <span class='ocr_line' id='line_1_110' title="bbox 2114 4897 3707 4980; baseline -0.003 -27"><span class='ocrx_word' id='word_1_768' title='bbox 2114 4897 2412 4971; x_wconf 79' lang='grc' dir='ltr'>ἐθέλοντας,</span> <span class='ocrx_word' id='word_1_769' title='bbox 2474 4901 2539 4954; x_wconf 72' lang='grc' dir='ltr'><strong>τά</strong></span> <span class='ocrx_word' id='word_1_770' title='bbox 2598 4897 2804 4977; x_wconf 69' lang='grc' dir='ltr'>ἔσχατα</span> <span class='ocrx_word' id='word_1_771' title='bbox 2855 4903 3036 4964; x_wconf 68' lang='grc' dir='ltr'>αὐτοῖς</span> <span class='ocrx_word' id='word_1_772' title='bbox 3070 4903 3156 4955; x_wconf 77' lang='grc' dir='ltr'><strong>καὶ</strong></span> <span class='ocrx_word' id='word_1_773' title='bbox 3201 4900 3536 4980; x_wconf 65' lang='grc' dir='ltr'>φοϐερώτατα</span> <span class='ocrx_word' id='word_1_774' title='bbox 3586 4901 3707 4953; x_wconf 74' lang='grc' dir='ltr'>ἀπει-</span> 
     </span>
    </p>
   </div>
   <div class='ocr_carea' id='block_1_111' title="bbox 2115 4987 3707 5064">
    <p class='ocr_par' dir='ltr' id='par_1_111' title="bbox 2115 4987 3707 5064">
     <span class='ocr_line' id='line_1_111' title="bbox 2115 4987 3707 5064; baseline 0.002 -22"><span class='ocrx_word' id='word_1_775' title='bbox 2115 4987 2352 5048; x_wconf 81' lang='grc' dir='ltr'>λοῦντες.</span> <span class='ocrx_word' id='word_1_776' title='bbox 2419 4991 2516 5045; x_wconf 81' lang='grc' dir='ltr'><strong>Καὶ</strong></span> <span class='ocrx_word' id='word_1_777' title='bbox 2588 4991 2716 5064; x_wconf 72' lang='grc' dir='ltr'>πρὸς</span> <span class='ocrx_word' id='word_1_778' title='bbox 2768 4991 2996 5059; x_wconf 72' lang='grc' dir='ltr'>τούτοις,</span> <span class='ocrx_word' id='word_1_779' title='bbox 3060 4989 3183 5045; x_wconf 75' lang='grc' dir='ltr'>θ’ἷαν</span> <span class='ocrx_word' id='word_1_780' title='bbox 3239 4992 3334 5058; x_wconf 70' lang='grc' dir='ltr'>τὴν</span> <span class='ocrx_word' id='word_1_781' title='bbox 3395 4991 3509 5048; x_wconf 74' lang='grc' dir='ltr'>ὁδὸν</span> <span class='ocrx_word' id='word_1_782' title='bbox 3571 4988 3707 5054; x_wconf 68' lang='grc' dir='ltr'>ἤνυεν,</span> 
     </span>
    </p>
   </div>
   <div class='ocr_carea' id='block_1_112' title="bbox 2113 5075 3707 5157">
    <p class='ocr_par' dir='ltr' id='par_1_112' title="bbox 2113 5075 3707 5157">
     <span class='ocr_line' id='line_1_112' title="bbox 2113 5075 3707 5157; baseline 0 -25"><span class='ocrx_word' id='word_1_783' title='bbox 2113 5076 2310 5142; x_wconf 65' lang='grc' dir='ltr'>ἀνάντη</span> <span class='ocrx_word' id='word_1_784' title='bbox 2366 5079 2451 5132; x_wconf 81' lang='grc' dir='ltr'><strong>καὶ</strong></span> <span class='ocrx_word' id='word_1_785' title='bbox 2510 5075 2708 5143; x_wconf 86' lang='grc' dir='ltr'>λιθώδη</span> <span class='ocrx_word' id='word_1_786' title='bbox 2772 5079 2858 5133; x_wconf 86' lang='grc' dir='ltr'><strong>καὶ</strong></span> <span class='ocrx_word' id='word_1_787' title='bbox 2919 5078 3197 5157; x_wconf 56' lang='grc' dir='ltr'>χαλεπὴν,</span> <span class='ocrx_word' id='word_1_788' title='bbox 3279 5083 3363 5137; x_wconf 75' lang='grc' dir='ltr'><strong>καὶ</strong></span> <span class='ocrx_word' id='word_1_789' title='bbox 3434 5081 3581 5138; x_wconf 76' lang='grc' dir='ltr'><strong>ταῦτα</strong></span> <span class='ocrx_word' id='word_1_790' title='bbox 3643 5076 3707 5128; x_wconf 66' lang='grc' dir='ltr'>καὶ</span> 
     </span>
    </p>
   </div>
   <div class='ocr_carea' id='block_1_113' title="bbox 2110 5164 3705 5250">
    <p class='ocr_par' dir='ltr' id='par_1_113' title="bbox 2110 5164 3705 5250">
     <span class='ocr_line' id='line_1_113' title="bbox 2110 5164 3705 5250; baseline -0.002 -28"><span class='ocrx_word' id='word_1_791' title='bbox 2110 5164 2384 5245; x_wconf 78' lang='grc' dir='ltr'>δυσχερῶς</span> <span class='ocrx_word' id='word_1_792' title='bbox 2444 5166 2577 5244; x_wconf 73' lang='grc' dir='ltr'>ἄγαν</span> <span class='ocrx_word' id='word_1_793' title='bbox 2637 5169 2754 5242; x_wconf 85' lang='grc' dir='ltr'>περὶ</span> <span class='ocrx_word' id='word_1_794' title='bbox 2797 5170 2857 5223; x_wconf 83' lang='grc' dir='ltr'>τὸ</span> <span class='ocrx_word' id='word_1_795' title='bbox 2915 5167 3218 5245; x_wconf 75' lang='grc' dir='ltr'>ὁδοιπορεῖν</span> <span class='ocrx_word' id='word_1_796' title='bbox 3263 5171 3431 5250; x_wconf 71' lang='grc' dir='ltr'>ἔχων,</span> <span class='ocrx_word' id='word_1_797' title='bbox 3481 5171 3560 5225; x_wconf 68' lang='grc' dir='ltr'><strong>ἅτε</strong></span> <span class='ocrx_word' id='word_1_798' title='bbox 3620 5165 3705 5219; x_wconf 72' lang='grc' dir='ltr'>λίαν</span> 
     </span>
    </p>
   </div>
   <div class='ocr_carea' id='block_1_114' title="bbox 2117 5246 3703 5337">
    <p class='ocr_par' dir='ltr' id='par_1_114' title="bbox 2117 5246 3703 5337">
     <span class='ocr_line' id='line_1_114' title="bbox 2117 5246 3703 5337; baseline -0.001 -25"><span class='ocrx_word' id='word_1_799' title='bbox 2117 5256 2260 5329; x_wconf 75' lang='grc' dir='ltr'>αὒτῷ</span> <span class='ocrx_word' id='word_1_800' title='bbox 2290 5257 2662 5322; x_wconf 76' lang='grc' dir='ltr'>πεπονηκότος</span> <span class='ocrx_word' id='word_1_801' title='bbox 2693 5264 2784 5314; x_wconf 77' lang='grc' dir='ltr'><strong>τοῦ</strong></span> <span class='ocrx_word' id='word_1_802' title='bbox 2813 5259 3061 5332; x_wconf 82' lang='grc' dir='ltr'>σώματος</span> <span class='ocrx_word' id='word_1_803' title='bbox 3101 5276 3113 5288; x_wconf 95' lang='grc'><strong>·</strong></span> <span class='ocrx_word' id='word_1_804' title='bbox 3149 5258 3246 5314; x_wconf 80' lang='grc' dir='ltr'><strong>ὅσα</strong></span> <span class='ocrx_word' id='word_1_805' title='bbox 3295 5283 3352 5337; x_wconf 89' lang='grc' dir='ltr'><strong>γε</strong></span> <span class='ocrx_word' id='word_1_806' title='bbox 3402 5259 3574 5317; x_wconf 77' lang='grc' dir='ltr'>εἰδέναι</span> <span class='ocrx_word' id='word_1_807' title='bbox 3611 5246 3703 5327; x_wconf 61' lang='grc' dir='ltr'>παρ’</span> 
     </span>
    </p>
   </div>
   <div class='ocr_carea' id='block_1_115' title="bbox 2190 5447 3696 5518">
    <p class='ocr_par' dir='ltr' id='par_1_115' title="bbox 2190 5447 3696 5518">
     <span class='ocr_line' id='line_1_115' title="bbox 2190 5447 3696 5518; baseline 0.003 -16"><span class='ocrx_word' id='word_1_808' title='bbox 2190 5447 2301 5518; x_wconf 88' lang='grc'><strong>(55)</strong></span> <span class='ocrx_word' id='word_1_809' title='bbox 2333 5447 2410 5503; x_wconf 62' lang='lat' dir='ltr'><strong>De</strong></span> <span class='ocrx_word' id='word_1_810' title='bbox 2435 5448 2642 5506; x_wconf 86' lang='lat' dir='ltr'><strong>horum</strong></span> <span class='ocrx_word' id='word_1_811' title='bbox 2670 5448 3085 5507; x_wconf 76' lang='lat' dir='ltr'><strong>monachorum</strong></span> <span class='ocrx_word' id='word_1_812' title='bbox 3109 5453 3299 5509; x_wconf 67' lang='lat' dir='ltr'><strong>furore</strong></span> <span class='ocrx_word' id='word_1_813' title='bbox 3325 5456 3491 5511; x_wconf 78' lang='lat' dir='ltr'><strong>refert</strong></span> <span class='ocrx_word' id='word_1_814' title='bbox 3518 5455 3623 5509; x_wconf 73' lang='lat' dir='ltr'><strong>nar.</strong></span> <span class='ocrx_word' id='word_1_815' title='bbox 3650 5458 3696 5501; x_wconf 70' lang='lat' dir='ltr'><strong>ex</strong></span> 
     </span>
    </p>
   </div>
   <div class='ocr_carea' id='block_1_116' title="bbox 2119 5519 2746 5594">
    <p class='ocr_par' dir='ltr' id='par_1_116' title="bbox 2119 5519 2746 5594">
     <span class='ocr_line' id='line_1_116' title="bbox 2119 5519 2746 5594; baseline 0 -20"><span class='ocrx_word' id='word_1_816' title='bbox 2119 5523 2284 5588; x_wconf 83' lang='lat' dir='ltr'><strong>epist.</strong></span> <span class='ocrx_word' id='word_1_817' title='bbox 2326 5519 2428 5573; x_wconf 77' lang='grc'><strong>143</strong></span> <span class='ocrx_word' id='word_1_818' title='bbox 2457 5521 2746 5594; x_wconf 79' lang='lat' dir='ltr'><strong>Chrysost.</strong></span> 
     </span>
    </p>
   </div>
  </div>
