3954 6146
403 303 555 372 1207

1695 306 1980 372 MENSIS
2018 303 2471 373 JANUARIUS.

3614 313 3743 381 1208

397 444 529 508 Duo
560 442 720 506 enim
757 441 1088 524 presbyteri
1133 449 1193 504 et
1241 441 1481 522 quidam
1513 458 1584 504 ex
1614 439 1903 515 diaconis,
1939 441 2041 523 qui

2129 442 2505 520 ἐπιστάμενος.
2569 444 2827 522 ’Έτοιμος
2906 447 2934 505 6
3018 446 3181 527 λόγος
3240 449 3440 513 εἰπεῖν,
3503 456 3613 509 Τῶν
3661 451 3744 528 γᾶρ

401 552 619 614 magno
648 534 806 613 capti
830 535 960 612 ejus
977 531 1611 612 desiderio,elegerant
1642 549 1895 613 peregre
1908 548 2044 593 cum

406 644 477 688 eo
512 623 837 705 proficisci,
897 622 1294 703 laborumque
1345 630 1403 683 et
1438 621 1713 683 dolorum
1749 622 1880 700 ejus
1913 638 2048 683 esse

405 723 699 797 perpetuo
732 710 1409 794 participes,oculisque
1432 719 1490 773 et
1515 709 1762 773 auribus
1796 712 1920 773 haec
1950 710 2047 771 di-

403 806 541 866 vina
569 809 951 883 acceperant,
983 808 1043 862 et
1097 801 1224 862 haec
1278 800 1412 861 aliis
1463 800 1744 862 similiter
1774 801 2044 862 tradide-

403 906 571 958 runt.
611 893 756 957 Cum
804 900 1003 954 autem
1066 899 1363 970 quatenus
1404 892 1529 971 jam
1564 890 1698 951 finis
1726 891 2049 971 appropin-

402 984 647 1065 quabat,
681 990 991 1065 oporteret
1016 989 1208 1063 coepta
1238 981 1426 1059 magis
1456 979 1647 1042 attolli
1676 983 2046 1042 convenien-

403 1085 498 1137 ter
551 1075 735 1136 animi
796 1071 1090 1135 alacritati
1149 1071 1412 1144 athletae,
1468 1087 1606 1131 cum
1640 1069 2047 1132 ducereturin

402 1164 703 1240 exsilium,
730 1162 774 1224 ii
830 1161 1046 1242 quibus
1099 1160 1459 1222 commissus
1502 1159 1717 1232 fuerat,
1756 1176 1892 1221 eum
1925 1166 2044 1220 tam

401 1254 595 1334 longis
626 1260 687 1318 et
709 1261 826 1315 tam
858 1250 1316 1315 vehementibus
1347 1248 1639 1311 vexabant
1682 1248 2043 1310 ambulatio-

400 1343 605 1424 nibus,
641 1350 703 1406 ut
738 1343 960 1406 vellent
991 1359 1126 1403 eum
1161 1340 1339 1402 morti
1362 1337 1814 1414 tradere,nimia
1836 1336 2046 1400 celeri-

402 1442 523 1496 tate
556 1434 776 1495 victum
835 1440 893 1493 et
945 1429 1294 1493 afﬂictione.
1332 1427 1536 1509 Itaque
1565 1446 1697 1492 cum
1733 1437 1794 1492 et
1822 1427 2046 1489 imbres

401 1522 757 1587 deciderent
786 1521 1195 1595 vehementes,
1229 1528 1288 1579 et
1316 1518 1405 1580 sol
1447 1526 1654 1579 ureret
1682 1517 2044 1580 ardentissi-

403 1631 526 1689 me,
565 1620 706 1674 tunc
736 1619 798 1674 et
831 1609 1120 1692 prolixior
1144 1615 1269 1671 erat
1295 1606 1423 1688 ejus
1452 1606 1759 1680 deductio,
1781 1611 1842 1670 et
1873 1606 1946 1668 ab
1974 1625 2044 1668 eo

404 1701 815 1783 postulabatur
843 1708 907 1762 ut
958 1699 1195 1761 intense
1222 1696 1668 1777 ingrederetur.
1699 1695 1814 1760 Ubi
1843 1705 2042 1760 autem

403 1793 613 1855 civitas
633 1801 733 1853 aut
757 1791 922 1852 locus
954 1788 1194 1870 aliquis,
1227 1794 1329 1848 aut
1372 1787 1643 1866 corporis
1691 1786 1915 1849 delessi
1943 1804 2043 1847 re-

2131 532 2497 613 πρεσϐυτέρων
2549 534 2660 611 δύο,
2708 536 2799 593 καί
2856 560 2939 603 τις
2975 544 3078 596 τῶν
3108 535 3387 613 διακόνων,
3426 541 3485 595 οἳ
3515 540 3597 596 καὶ

2130 625 2516 701 προστακέντες
2568 627 2712 701 αὒτῷ
2760 628 2850 684 καὶ
2892 627 3252 703 συνεκδημετν
3295 629 3539 703 ε’ίλοντο,
3593 632 3743 704 καμί-

2129 736 2235 771 των
2264 735 2321 771 τε
2367 716 2456 773 καὶ
2512 718 2692 773 πόνων
2739 718 2824 774 καὶ
2867 718 2974 775 τῶν
3028 718 3210 776 ἄλλων
3238 718 3478 796 θλίψεων
3508 722 3581 783 εἰς
3620 719 3750 784 τέλος

2131 806 2274 879 αὖτῷ
2342 819 2649 884 κοινωνεῖν,
2730 810 2876 865 οὗτοι
2960 811 3050 865 καὶ
3134 812 3396 888 παρόντες
3453 811 3543 866 καὶ
3596 808 3750 885 ὄψεσιν

2133 892 2285 960 ἰδίαις
2335 896 2421 952 καὶ
2477 895 2668 960 ἀκοαῖς
2717 899 2877 955 ταυτῖ
2943 900 3010 954 τὰ
3052 903 3174 955 θεῖα
3218 897 3645 977 παραλαϐόντες,
3682 903 3752 955 καὶ

2133 997 2252 1050 τοϊς
2310 983 2494 1049 ἄλλοις
2551 988 2748 1062 ὁμοίως
2824 986 3285 1066 παραδεδώκασιν.
3346 988 3506 1047 Ἐπεὶ
3549 987 3603 1045 δὲ
3655 989 3749 1046 ὅσον

2131 1072 2235 1142 ἤδη
2294 1082 2387 1133 τοῦ
2445 1075 2631 1140 τέλους
2689 1077 2919 1156 ἥπτετο,
2965 1085 3150 1154 μεῖζον
3197 1078 3313 1160 [γρ.
3349 1079 3592 1156 μείζονα]
3626 1080 3739 1154 sip:-

2131 1167 2249 1237 σθαι
2294 1166 2381 1221 καὶ
2418 1166 2484 1222 τὰ
2527 1167 2816 1241 σκάμματα
2861 1166 2988 1243 ἔδει,
3040 1170 3141 1236 τὴν
3193 1169 3288 1236 τῆς
3321 1169 3609 1247 ὑπερορίας
3638 1169 3743 1247 ἀγό-

2129 1273 2314 1327 μενον.
2363 1253 2545 1318 Οὕτως
2602 1254 2762 1312 αὑτὸν
2834 1258 2881 1314 οἱ
2934 1256 3295 1323 πιστευθέντες
3355 1270 3486 1322 ταῖς
3548 1270 3750 1336 μακραῖς

2129 1339 2262 1419 ἄγαν
2307 1348 2394 1399 καὶ
2442 1343 2998 1421 κατεσπουδασμένης
3057 1344 3388 1425 ὁδοιπορίαις
3451 1346 3753 1416 κατέτεινον,

2127 1433 2201 1491 ὡς
2254 1433 2463 1507 θανάτῳ
2512 1434 2797 1510 βούλεσθαι
2862 1433 3209 1515 παραδοῦναι,
3238 1442 3316 1510 τῷ
3380 1435 3596 1512 σφοδρῷ
3621 1435 3756 1514 τάχει

2128 1522 2214 1577 καὶ
2270 1527 2337 1597 τῇ
2384 1524 2712 1597 κακοπαθείᾳ
2770 1524 3145 1599 νεκικημένον,
3221 1526 3401 1603 Ταύτῃ
3487 1527 3576 1581 καὶ
3630 1525 3759 1581 ὑετοῦ

2127 1608 2332 1689 λάϐρως
2389 1611 2820 1692 ἐπιγκλύζοντος,
2881 1615 2969 1671 καὶ
3006 1613 3158 1683 ἡλίου
3216 1616 3378 1672 πάλιν
3414 1615 3759 1691 ἀκμαιότερον

2128 1697 2482 1781 διακαίοντος,
2536 1701 2656 1758 τότε
2715 1702 2920 1777 μᾶλλον
2966 1706 3052 1761 καὶ
3109 1707 3143 1773 ἡ
3202 1705 3501 1769 κατάλυσις
3533 1704 3759 1777 παρετεί-

2128 1810 2270 1863 νετο,
2330 1792 2420 1848 καὶ
2462 1793 2496 1860 ἡ
2562 1792 2746 1864 πορεία
2804 1792 2912 1870 Γίσ,
2941 1798 3041 1861 τῆς
3074 1794 3320 1876 πορείας]
3352 1796 3539 1875 φέρειν
3568 1796 3627 1850 τὸ
3653 1795 3761 1850 σύν·

404 1881 654 1955 creatio,
686 1878 1023 1942 autlavacri
1047 1864 1458 1948 solatium,aut
1482 1864 1684 1956 aliqua
1706 1875 1820 1937 alia
1848 1875 2041 1938 brevis

2129 1900 2283 1937 τονον
2338 1880 2632 1947 ἆπητεϊτο.
2677 1864 2854 1940 Ὀπου
2897 1880 2953 1939 δὲ
2984 1864 3205 1952 πόλιςῆ
3236 1864 3444 1964 χωρίον
3474 1884 3567 1960 ἦν,
3604 1884 3765 1958 σώμαι

402 1970 676 2035 laborum
695 1968 1083 2049 remissio,ne
1103 1983 1312 2047 parum
1333 1965 1577 2042 quidem
1604 1984 1739 2026 eum
1765 1964 2047 2029 volebant

402 2060 531 2123 illic
562 2075 979 2133 manere,cnm
1010 2056 1099 2119 sic
1125 2058 1213 2119 eis
1240 2055 1452 2117 fuisset
1479 2055 1866 2137 imperatum;
1895 2074 2047 2117 mer-

403 2167 506 2213 ces
536 2149 696 2212 enim
747 2146 1123 2211 crudelitatis
1153 2144 1241 2207 eis
1275 2145 1575 2225 promissa
1601 2143 1820 2219 fuerat,
1854 2145 2045 2225 majo-

404 2256 541 2302 rum
574 2239 872 2300 honorum
899 2234 1399 2298 consecutio.Sed
1424 2253 1558 2296 cum
1582 2235 1684 2295 ille
1715 2235 1872 2297 hanc
1892 2236 2045 2297 viam

404 2327 712 2391 difficilem
747 2334 1060 2407 perageret
1077 2326 1348 2406 jejunus,
1381 2324 1601 2386 vultum
1635 2323 1843 2387 habuit
1871 2324 2047 2405 longe

403 2417 692 2481 laetiorem
728 2417 824 2492 iis,
861 2416 963 2497 qui
990 2415 1234 2478 assidue
1261 2422 1472 2476 vacant
1516 2412 1754 2476 deliciis
1787 2423 1845 2477 et
1874 2432 2041 2476 com-

406 2505 835 2589 potationibus.

459 2596 1139 2677 LX.AtqnePityuntem
1163 2594 1407 2677 quidem
1433 2594 1744 2657 definitum
1768 2595 1824 2656 ei
1844 2594 2042 2656 locum

402 2686 694 2760 exsilii,ut
715 2686 771 2748 ei
793 2683 1163 2766 Epiphanius
1184 2686 1559 2765 praedixerat,
1598 2703 1716 2746 non
1750 2684 2039 2764 pervenit.

402 2775 521 2840 Sed
544 2794 676 2838 cum
702 2783 860 2837 esset
883 2792 1066 2857 prope
1087 2775 1404 2849 Comanos,
1440 2782 1500 2835 et
1530 2774 1812 2836 diversati
1843 2783 2045 2836 essent

403 2867 465 2928 in
500 2864 784 2945 martyrio
842 2865 1138 2939 Basilisci,
1177 2881 1355 2944 quem
1387 2863 1553 2925 aiunt
1583 2863 1827 2944 quidem
1861 2863 2044 2925 fuisse

403 2955 753 3036 episcopum
789 2971 803 3016 :
832 2962 1102 3033 tempore
1119 2960 1317 3015 autem
1341 2952 1679 3015 Maximiani
1718 2953 1777 3014 in
1812 2954 2047 3015 civitate

401 3042 772 3108 Nicomedia;
788 3041 1043 3105 subiisse
1059 3051 1364 3104 certamen
1384 3042 1646 3121 martyrii
1664 3052 1722 3105 et
1742 3043 2048 3116 vicisse,et

403 3150 626 3196 corona
654 3132 843 3194 fuisse
871 3131 1245 3209 redimitum,
1299 3135 1351 3194 ei
1402 3149 1699 3211 apparens
1727 3131 1790 3193 in
1821 3133 2048 3195 somnis

2129 1992 2218 2033 τος
2274 1990 2333 2026 τε
2391 1970 2730 2050 παράκλησις
2786 1974 3151 2055 κεκμηκότος,
3205 1975 3241 2043 ἢ
3274 1979 3501 2052 λουτροῦ
3534 1977 3764 2052 παραμύ-

2126 2062 2260 2132 θιον,
2322 2059 2358 2127 ἢ
2412 2061 2650 2140 βραχεῖα
2707 2085 2788 2126 τις
2848 2059 2988 2130 ἄλλη
3053 2066 3158 2121 τῶν
3213 2063 3394 2121 πόνων
3429 2063 3635 2142 ἄνεσις,
3668 2060 3767 2119 ουδὲ

2130 2149 2315 2223 μικρὸν
2374 2152 2691 2229 προσμένειν
2748 2152 2950 2226 ἠξίουν,
3013 2151 3153 2210 οὕτω
3209 2152 3715 2227 διακεκελευσμένοι
3749 2171 3760 2183 ·

2129 2240 2243 2295 ἐπεὶ
2300 2238 2395 2294 καί
2438 2243 2625 2315 μισθὸς
2668 2241 2855 2306 αὐτοῖς
2911 2247 3007 2309 τῆς
3042 2241 3325 2319 ὠμότητος
3356 2243 3761 2319 διωμολογήθη,

2127 2334 2298 2402 τιμῶν
2352 2330 2610 2400 μειζόνων
2659 2331 2984 2410 ἂπαγγελία,
3020 2335 3129 2400 Τὴν
3161 2336 3249 2390 οὖν
3279 2331 3540 2413 χαλεπὴν
3585 2332 3764 2397 ταύτην

2127 2416 2305 2479 ἄσιτος
2338 2417 2587 2499 διανύων,
2634 2419 2770 2477 πολὺ
2801 2423 2900 2490 τὴν
2930 2422 3054 2499 ὄψιν
3086 2423 3218 2503 εἶχε
3249 2422 3646 2504 χαλεπωτέραν
3674 2428 3764 2477 τῶν

2127 2512 2297 2591 τρυῳῇ
2325 2510 2413 2565 καὶ
2437 2511 2622 2572 πότοις
2655 2510 2905 2568 ἑκάστοτε
2937 2513 3368 2591 προσκειμένων.

2209 2590 2283 2655 Ξ¹
2326 2605 2615 2657 Πιτυοῦντα
2676 2600 2775 2675 μὲν
2831 2604 2921 2657 οὖν
2985 2605 3076 2658 τὸν
3137 2602 3438 2681 ὡρισμένον
3485 2606 3629 2676 αὐτῷ
3685 2600 3763 2667 τῆς

2128 2690 2405 2768 ὕπερορίας
2491 2688 2681 2763 τόπον,
2755 2694 2827 2754 ὡς
2888 2689 3232 2773 ηἘπιφανίου
3310 2692 3632 2772 πρόῤῥησις,
3713 2687 3762 2744 οὗ

2129 2776 2441 2838 κατέλαϐεν.
2502 2778 2654 2836 Ἀλλ’
2714 2780 2828 2837 ἐπεὶ
2886 2782 3146 2857 Κομάνων
3205 2781 3389 2863 ἐγγὺς,
3439 2783 3497 2840 ἐν
3528 2787 3605 2853 τῷ
3633 2800 3759 2856 μαρ-

2126 2870 2299 2946 τυρίου
2345 2869 2660 2926 Βασιλίσκου
2706 2872 3059 2951 κατήχθησαν
3121 2870 3441 2952 (ἐπίσκοπον
3497 2870 3554 2928 δὲ
3616 2870 3759 2925 αὒτόν

2127 2981 2254 3036 φασι
2312 2960 2408 3033 μὲν
2466 2959 2733 3038 γενέσθαι,
2789 2962 2927 3019 κατᾶ
2973 2959 3023 3018 δὲ
3070 2965 3191 3027 τοὺς
3241 2961 3580 3037 Μαξιμιανοό
3637 2958 3759 3039 χρό-

2130 3068 2249 3112 νους
2309 3047 2364 3104 ἐν
2414 3054 2483 3125 τῇ
2538 3047 2873 3124 Νικομήδους
2926 3051 3019 3107 τὸν
3091 3056 3190 3117 τῆς
3260 3050 3557 3128 μαρτυρίας
3621 3049 3758 3104 ἆθλον

2130 3135 2380 3194 ὑπελθεῖν
2404 3141 2491 3195 καὶ
2522 3143 2737 3206 νικῆσαι
2789 3141 2879 3196 καὶ
2930 3140 3020 3197 τὸν
3052 3142 3310 3219 στέφανον
3356 3138 3757 3215 ἀναδήσασθαι),

402 3222 723 3285 Basiliscus
750 3244 762 3281 :
796 3222 964 3285 Bono
992 3222 1193 3285 animo
1224 3230 1374 3297 esto,
1419 3221 1636 3304 inquit,
1685 3243 1719 3284 ο
1748 3223 1958 3303 frater,
1989 3233 2041 3286 et

2129 3224 2255 3306 ὄναρ
2307 3228 2450 3301 αὒτῷ
2505 3229 2788 3311 φανέντα,
2846 3229 3062 3310 Θάρσει,
3152 3227 3368 3310 ἁδελφὶ,
3436 3233 3619 3310 φέναι,
3687 3227 3757 3282 καὶ

403 3311 843 3386 lzetare,ambos
866 3311 1024 3374 enim
1049 3311 1376 3393 conjunget
1400 3311 1531 3374 dies
1552 3313 2048 3376 crastinus.Dici-

400 3417 495 3465 tur
517 3414 705 3463 autem
744 3403 953 3462 aedituo
996 3419 1229 3477 quoque
1261 3408 1521 3477 martyrii
1574 3405 1670 3463 die
1695 3407 2046 3477 praecedenti

2133 3328 2296 3396 χαῖρε
2331 3335 2347 3351 ⁸
2391 3318 2614 3393 συνάψει
2656 3320 2756 3397 γὰρ
2788 3318 3117 3398 ἀμφοτέρους
3168 3322 3203 3388 ἡ
3265 3318 3516 3376 ἐπιοῦσα.
3557 3317 3756 3393 Λέγεται

2131 3404 2185 3461 δὲ
2229 3407 2316 3462 καὶ
2352 3407 2429 3480 τῷ
2491 3409 2738 3487 νεωκόρῳ
2799 3415 2888 3464 τοῦ
2946 3409 3233 3487 μαρτυρίου
3289 3414 3358 3484 τῇ
3430 3409 3535 3487 πρὸ
3610 3405 3751 3468 mimi:

400 3506 545 3563 appa
557 3492 823 3554 ruisse,et
845 3489 1086 3546 dixisse:
1103 3490 1239 3548 Pars
1261 3490 1453 3548 locum
1479 3491 2041 3556 tratriloanni,venil

2131 3493 2444 3570 ἐπιστάντα,
2507 3486 2821 3572 Ἑτοίμασον
2874 3486 3041 3554 τόπον
3118 3494 3369 3578 Ἰωάννῃ,
3446 3486 3628 3577 φάναι,
3693 3499 3757 3563 τῷ

402 3575 742 3641 enim.Cum
766 3586 966 3639 autem
992 3576 1173 3638 simul
1193 3584 1373 3657 atque
1396 3576 1879 3649 illusisset,viam
1903 3594 2044 3638 rur-

401 3684 505 3729 sus
533 3675 740 3729 essent
758 3665 1279 3746 ingressuri,diem
1303 3665 1502 3727 sciens
1525 3667 2045 3744 magnusJoannes

401 3771 683 3842 tanquam
741 3779 812 3822 ex
861 3777 1175 3841 responso,
1229 3759 1479 3836 rogabat
1509 3778 1614 3821 eos
1644 3760 1747 3837 qui
1778 3758 2044 3823 abduce-

400 3852 564 3925 bant,
590 3858 655 3913 ut
677 3850 943 3913 sinerent
995 3866 1134 3912 eum
1194 3867 1440 3912 manere
1488 3849 1550 3911 in
1581 3850 1739 3914 loco.
1777 3850 1925 3913 Cum
1954 3848 2042 3911 illi

397 3948 594 4004 autem
625 3958 747 4003 non
795 3939 1257 4020 concessissent,
1293 3939 1400 4002 sed
1429 3939 1622 4001 instar
1650 3939 1915 4002 volucris
1936 3941 2045 4001 tri-

397 4032 564 4112 ginta
592 4029 785 4093 stadia
841 4029 1268 4104 confecissent,
1300 4029 1456 4109 ipse,
1514 4029 1692 4110 cujus
1741 4029 2047 4092 voluntate

401 4120 603 4183 omnia
631 4119 1148 4194 administrantur,
1171 4119 1303 4199 ipse
1323 4120 1382 4196 (ο
1416 4119 1819 4194 miraculum!)
1850 4118 2047 4182 effecit

399 4219 463 4272 ut
484 4227 749 4273 errorem
764 4207 1390 4284 subeuntes,redirent
1411 4209 1473 4270 in
1494 4209 1666 4271 illum
1691 4208 2047 4285 locum,eos-

401 4318 519 4381 que
549 4317 759 4363 rursus
780 4297 1039 4361 habebat
1068 4297 1230 4360 zedes
1252 4299 1532 4380 martyris
1561 4298 1857 4363 Basilisci.
1893 4300 2042 4362 Cum

399 4398 600 4452 autem
627 4396 686 4451 et
701 4396 938 4468 tempus
961 4395 1291 4462 vocaret,et
1316 4389 1441 4469 jam
1469 4390 1704 4450 adesset
1735 4388 1883 4451 hora
1914 4389 2046 4469 ejus

398 4478 473 4539 ad
495 4477 685 4540 Deum
713 4477 1108 4557 migrationis,
1164 4484 1225 4539 et
1255 4477 1494 4557 egregia
1524 4477 1627 4540 illa
1656 4478 1857 4558 lingua
1887 4487 2045 4542 esset

399 4566 675 4641 tacitura,
710 4572 771 4628 et
787 4547 1102 4629 claudendi
1125 4547 1331 4629 essent
1350 4547 1507 4629 oculi
1539 4547 1932 4649 nuntiivpurae
1963 4569 2042 4630 il-
2064 4547 2110 4601 θ

400 4656 518 4719 lius
546 4656 781 4730 animas,
807 4664 866 4717 et
914 4654 1172 4735 insignis
1203 4657 1613 4737 temperantiae
1643 4675 1878 4719 summa
1908 4658 2045 4739 pul-

398 4744 763 4818 chritudine,
792 4762 1035 4806 omnem
1070 4744 1311 4826 quidem
1336 4762 1514 4826 quam
1534 4763 1739 4810 secum
1764 4747 2047 4810 attulerat

395 4833 1200 4918 suppellectilem,divisitiis
1221 4834 1326 4913 qui
1349 4835 1850 4899 aderant.Deinde
1864 4837 2041 4899 etiam

396 4945 531 4988 cum
564 4925 829 4989 exuisset
860 4943 955 5001 ea,
987 4923 1206 5007 quibus
1236 4933 1364 4987 erat
1394 4925 1669 5007 indutus,
1705 4943 1773 4988 ea
1802 4945 2045 5008 quoque

395 5015 581 5078 donat
611 5036 625 5076 :
681 5022 741 5077 et
759 5033 897 5077 cum
919 5031 986 5077 se
1007 5014 1081 5077 ad
1105 5014 1341 5076 calceos
1382 5032 1575 5096 usque
1604 5015 1800 5078 laetius
1827 5024 1890 5078 et
1915 5017 2041 5079 ala-

392 5110 551 5168 crius
580 5105 1042 5186 composuisset,
1080 5113 1147 5166 ut
1175 5109 1353 5167 etiam
1383 5103 1623 5186 iis,qua2
1646 5107 2038 5188 apparebant,

392 5195 609 5259 liceret
634 5211 772 5257 cum
803 5193 901 5269 iis,
954 5211 1090 5276 qua
1121 5202 1293 5257 erant
1322 5194 1507 5271 intus,
1540 5193 1852 5257 celebrare
1882 5196 2041 5259 diem

392 5285 608 5348 festum
624 5285 756 5366 ejus
778 5300 1061 5347 excessus
1084 5291 1145 5345 et
1161 5283 1556 5363 migratioms,
1588 5292 1648 5346 et
1666 5304 1799 5347 cum
1820 5286 1908 5348 sic
1939 5306 2040 5348 or-

395 5388 571 5439 natus
596 5373 799 5435 divina
818 5372 1177 5455 sumpsisset
1197 5380 1672 5451 sacramenta,et
1693 5383 2043 5440 consuetam

391 5467 594 5526 eﬂatus
614 5473 767 5525 esset
785 5466 1195 5538 precationem:
1229 5467 1420 5525 Gloria
1451 5468 2043 5541 tibi,Domine,prop—

388 5559 479 5614 ter
507 5554 747 5628 omnia;
782 5553 922 5631 quin
956 5551 1132 5614 etiam
1166 5569 1233 5614 se
1265 5552 1566 5631 signasset
1613 5554 1783 5634 signo
1816 5556 2040 5639 crucis,

390 5658 525 5703 cum
554 5657 675 5721 qua
696 5639 943 5719 vixerat,
979 5648 1039 5702 et
1087 5639 1272 5723 pedes
1300 5639 1641 5719 extulisset,
1695 5642 1905 5726 pedes,
1937 5645 2038 5709 in-

2131 3582 2342 3664 ἆδελφῷ
2397 3583 2615 3665 ἔρχεται
2661 3586 2760 3664 γάρ
2788 3606 2802 3621 ⁶
2862 3586 2976 3659 ἅμα
3013 3585 3068 3643 δέ
3126 3589 3261 3667 φωτὶ
3308 3586 3616 3661 μελλόντωο
3656 3580 3754 3639 ὁδοῦ

2130 3672 2290 3729 πάλιν
2346 3673 2624 3754 ἅπτεσθαι,
2685 3675 2786 3743 τὴν
2835 3676 3042 3755 ἡμέραν
3098 3679 3171 3738 ὡς
3243 3676 3303 3733 ἐκ
3362 3682 3619 3756 χρησμοῦ
3677 3695 3752 3749 γι·

2128 3763 2347 3819 νώσκων
2390 3766 2418 3820 6
2460 3763 2650 3842 μέγας,
2713 3763 2889 3823 ἐδεῖτο
2932 3766 3039 3823 τῶν
3094 3766 3420 3842 ἀπαγόντων
3451 3768 3602 3822 ἐᾶσαι
3645 3768 3752 3841 γοῦν

2126 3867 2450 3931 προσμεῖναι
2504 3860 2581 3929 τῷ
2631 3854 2803 3930 τόπῳ.
2864 3861 2982 3914 Τῶν
3024 3855 3081 3912 δὲ
3138 3859 3216 3933 μὴ
3251 3855 3596 3927 πεισθέντων,
3628 3852 3749 3916 ἀλλῆ

2126 3950 2332 4010 πτηνοῦ
2361 3942 2520 4025 τάχει
2570 3944 2856 4024 τριάκοντα
2898 3944 3138 4008 σταδίους
3188 3945 3542 4018 διηνυκότων,
3588 3943 3743 4013 αὐτὸς.

2126 4031 2185 4089 οὗ
2239 4032 2413 4089 πάντα
2474 4035 2808 4110 μετατίθεται
2870 4037 2947 4110 τῷ
3004 4035 3332 4113 βουλήματι,
3382 4036 3562 4109 αὒτὸς,
3604 4033 3645 4091 ὢ
3670 4024 3745 4086 τοῦ

2124 4120 2432 4197 θαύματοςξ
2496 4124 2568 4188 εἷς
2624 4122 2836 4182 ἐκεῖνον
2890 4125 3035 4190 αὖθις
3088 4123 3365 4196 ἀναζεῦξαι
3429 4127 3523 4182 τὸν
3582 4122 3742 4189 τόπον,

2125 4210 2336 4279 πλάνην
2392 4213 2727 4278 ὑποστάντας
2771 4214 3189 4294 παρασκευάζει,
3244 4212 3341 4269 καὶ
3396 4212 3556 4270 πάλιν
3583 4208 3742 4269 αὖτοὺς

2126 4304 2153 4358 6
2198 4308 2292 4358 τοῦ
2351 4302 2613 4382 μάρτυρος
2676 4302 2994 4360 Βασιλίσκου
3058 4304 3189 4384 εἶχε
3254 4303 3448 4369 σηκός.
3513 4301 3647 4360 Ἐπεὶ
3695 4294 3739 4350 δὲ

2125 4391 2225 4448 καί
2256 4393 2284 4448 6
2316 4392 2502 4469 καιρὸς
2551 4391 2755 4467 ἐκάλει,
2799 4394 2889 4450 καὶ
2918 4396 2953 4461 ἡ
2984 4393 3097 4472 ὥρα
3126 4391 3231 4460 ἤδη
3261 4398 3441 4471 παρῆν
3497 4398 3587 4458 τῆς
3628 4388 3733 4464 πρὸς

2127 4483 2259 4538 Θεὸν
2315 4478 2591 4557 ἐκδημίας,
2638 4481 2858 4561 γλῶσσά
2915 4503 2972 4541 τε
3030 4488 3185 4561 σιγᾷν
3247 4481 3468 4557 ἔμελλεν
3510 4484 3542 4551 ἡ
3600 4476 3728 4546 καλή,

2127 4572 2215 4628 καὶ
2272 4570 2531 4651 ὀφθαλμοὶ
2574 4573 2748 4648 μύειν,
2794 4574 2842 4628 οἱ
2895 4577 2995 4639 τῆς
3053 4576 3287 4651 καθαρᾶς
3336 4572 3542 4638 ἐκείνης
3582 4570 3729 4645 ψυχῆς

2129 4659 2351 4739 ἄγγελοι
2409 4663 2629 4739 καθαροὶ
2679 4663 2769 4719 καὶ
2834 4661 3020 4735 πολλῷ
3061 4670 3139 4737 τῷ
3180 4661 3368 4720 κάλλει
3414 4667 3517 4730 τῆς
3550 4675 3724 4737 σωφρο-

2128 4752 2293 4818 σύνης
2348 4749 2688 4832 διαπρεπεῖς,
2769 4753 2942 4809 πάντα
3016 4752 3117 4827 μὲν
3177 4750 3274 4808 ὅσα
3357 4755 3465 4809 τῶν
3532 4746 3725 4806 ἐπίπλων

2128 4840 2386 4920 ἐπήγετο,
2434 4841 2663 4918 διένειμε
2720 4856 2839 4907 τοῖς
2896 4842 3174 4920 παροῦσιν.
3238 4842 3380 4899 Εἶτα
3430 4845 3516 4900 καὶ
3546 4841 3658 4914 ἅπερ
3677 4833 3726 4900 ἦν

2125 4928 2467 5006 ἐκδεδομένος
2524 4929 2950 5013 ἀποδυσάμενος,
2995 4933 3082 4989 καὶ
3145 4931 3276 4988 αὖτὰ
3332 4930 3536 4995 δίδωσι,
3584 4935 3721 5013 Maus

2126 5022 2411 5095 κοσμήσας
2469 5019 2525 5078 δὲ
2556 5023 2745 5078 ἑαυτὸν
2778 5021 2863 5078 ἐπὶ
2899 5010 2961 5080 τί)
2993 5019 3334 5101 φαιδρότερον
3392 5020 3523 5102 ἄχρι
3574 5018 3628 5083 δὴ
3661 5010 3726 5102 κεῖ

2125 5108 2513 5187 ὑποδημάτων,
2571 5111 2667 5168 ἵνα
2726 5100 3085 5189 συνεορτάζειν
3221 5123 3341 5174 τοῖς
3386 5100 3531 5169 ἔνδον
3575 5106 3646 5163 καὶ
3676 5100 3722 5156 τὰ

2127 5201 2445 5279 φαινόμενα,
2480 5204 2581 5269 τὴν
2630 5201 2867 5258 ἐντεῦθεν
2912 5199 3231 5278 ἀπαλλαγὴν
3281 5202 3441 5258 αὐτοῦ
3469 5201 3554 5258 καὶ
3589 5191 3723 5279 μετέ·

2128 5313 2314 5347 στασιν
2358 5293 2487 5370 πρὸς
2531 5293 2630 5360 τὴν
2675 5290 2879 5349 ἐκεῖθεν
2925 5292 3295 5367 μακαριότητα
3333 5306 3348 5323 ·
3384 5292 3475 5347 καὶ
3527 5287 3642 5347 οὕτω
3674 5278 3718 5342 δὴ

2127 5381 2439 5461 κοσμηθεὶς,
2500 5382 2589 5438 καὶ
2629 5383 2735 5437 τῶν
2791 5381 2943 5438 θείων
3002 5381 3335 5451 κοινωνήσας
3398 5376 3720 5460 ἁγιασμάτωνν

2128 5472 2298 5551 εὐχήν
2353 5491 2410 5526 τε
2464 5472 2568 5537 τὴν
2654 5471 2855 5539 συνήθη
2926 5468 3399 5550 ἐπιφθεγξάμενος,
3466 5467 3588 5533 Δόξα
3635 5481 3714 5527 σοιν

2131 5561 2305 5639 Κύριε,
2368 5560 2581 5616 πάντων
2639 5560 2819 5616 ἓνεκεν
2859 5579 2874 5594 ·
2905 5566 2982 5635 τῷ
3011 5563 3160 5631 τύπῳ
3212 5581 3268 5615 τε
3309 5554 3717 5639 ἐπισφραγισάμε·

2127 5670 2215 5715 νος
2272 5653 2318 5726 ᾧ
2404 5649 2592 5725 συνέζη
2680 5658 2929 5733 σταυροῦ,
3008 5651 3095 5709 καὶ
3152 5651 3273 5719 τοὺς
3332 5649 3497 5716 πόδας
3549 5644 3709 5722 ὲξάραςι
