  <div class='ocr_page' id='page_1' title='image "/cluster/home/n/w/nwhite01/storage/ocr_20150623/114/mdp.39015028574344/622.png"; bbox 0 0 3954 6146; ppageno 0'>
   <div class='ocr_carea' id='block_1_1' title="bbox 261 319 431 386">
    <p class='ocr_par' dir='ltr' id='par_1_1' title="bbox 261 319 431 386">
     <span class='ocr_line' id='line_1_1' title="bbox 261 319 431 386; baseline 0 0"><span class='ocrx_word' id='word_1_1' title='bbox 261 320 292 386; x_wconf 84' lang='grc'><strong>1</strong></span> <span class='ocrx_word' id='word_1_2' title='bbox 308 319 431 386; x_wconf 75' lang='lat'><strong>209</strong></span> 
     </span>
    </p>
   </div>
   <div class='ocr_carea' id='block_1_2' title="bbox 1321 321 2595 389">
    <p class='ocr_par' dir='ltr' id='par_1_2' title="bbox 1321 321 2595 389">
     <span class='ocr_line' id='line_1_2' title="bbox 1321 321 2595 389; baseline -0.002 -4"><span class='ocrx_word' id='word_1_3' title='bbox 1321 321 1508 386; x_wconf 85' lang='lat' dir='ltr'><strong>VITA</strong></span> <span class='ocrx_word' id='word_1_4' title='bbox 1552 323 1610 385; x_wconf 79' lang='lat' dir='ltr'><strong>S.</strong></span> <span class='ocrx_word' id='word_1_5' title='bbox 1662 323 1986 389; x_wconf 85' lang='lat' dir='ltr'><strong>JOANNIS</strong></span> <span class='ocrx_word' id='word_1_6' title='bbox 2037 322 2595 387; x_wconf 85' lang='lat' dir='ltr'><strong>CHRYSOSTOMI.</strong></span> 
     </span>
    </p>
   </div>
   <div class='ocr_carea' id='block_1_3' title="bbox 3500 327 3652 396">
    <p class='ocr_par' dir='ltr' id='par_1_3' title="bbox 3500 327 3652 396">
     <span class='ocr_line' id='line_1_3' title="bbox 3500 327 3652 396; baseline 0.02 -3"><span class='ocrx_word' id='word_1_7' title='bbox 3500 327 3652 396; x_wconf 76' lang='lat'><strong>1210</strong></span> 
     </span>
    </p>
   </div>
   <div class='ocr_carea' id='block_1_4' title="bbox 251 455 1914 544">
    <p class='ocr_par' dir='ltr' id='par_1_4' title="bbox 251 455 1914 535">
     <span class='ocr_line' id='line_1_4' title="bbox 251 455 1914 535; baseline 0 -19"><span class='ocrx_word' id='word_1_8' title='bbox 251 457 431 522; x_wconf 80' lang='grc' dir='ltr'>πόδας</span> <span class='ocrx_word' id='word_1_9' title='bbox 484 455 727 520; x_wconf 74' lang='grc' dir='ltr'>ἐκείνους</span> <span class='ocrx_word' id='word_1_10' title='bbox 755 455 876 522; x_wconf 74' lang='grc' dir='ltr'>τοὺς</span> <span class='ocrx_word' id='word_1_11' title='bbox 935 455 1160 535; x_wconf 75' lang='grc' dir='ltr'>ὡραίους</span> <span class='ocrx_word' id='word_1_12' title='bbox 1207 455 1370 522; x_wconf 73' lang='grc' dir='ltr'>ὅντως</span> <span class='ocrx_word' id='word_1_13' title='bbox 1404 461 1490 517; x_wconf 84' lang='grc' dir='ltr'><strong>καὶ</strong></span> <span class='ocrx_word' id='word_1_14' title='bbox 1544 459 1914 519; x_wconf 74' lang='grc' dir='ltr'>ἀποστολικοὺι</span> 
     </span>
    </p>
   </div>
   <div class='ocr_carea' id='block_1_5' title="bbox 2011 455 3647 544">
    <p class='ocr_par' dir='ltr' id='par_1_5' title="bbox 2014 459 3647 544">
     <span class='ocr_line' id='line_1_5' title="bbox 2014 459 3647 544; baseline 0.004 -22"><span class='ocrx_word' id='word_1_15' title='bbox 2014 478 2216 542; x_wconf 88' lang='lat' dir='ltr'><strong>quam,</strong></span> <span class='ocrx_word' id='word_1_16' title='bbox 2249 459 2385 523; x_wconf 93' lang='lat' dir='ltr'><strong>illos</strong></span> <span class='ocrx_word' id='word_1_17' title='bbox 2416 461 2724 540; x_wconf 90' lang='lat' dir='ltr'><strong>speciosos</strong></span> <span class='ocrx_word' id='word_1_18' title='bbox 2754 469 2813 523; x_wconf 89' lang='lat' dir='ltr'><strong>et</strong></span> <span class='ocrx_word' id='word_1_19' title='bbox 2841 477 2978 524; x_wconf 83' lang='lat' dir='ltr'><strong>vere</strong></span> <span class='ocrx_word' id='word_1_20' title='bbox 3006 461 3647 544; x_wconf 80' lang='lat' dir='ltr'><strong>apostolicos,beatum</strong></span> 
     </span>
    </p>
   </div>
   <div class='ocr_carea' id='block_1_6' title="bbox 246 546 1918 628">
    <p class='ocr_par' dir='ltr' id='par_1_6' title="bbox 246 546 1918 628">
     <span class='ocr_line' id='line_1_6' title="bbox 246 546 1918 628; baseline -0.001 -22"><span class='ocrx_word' id='word_1_21' title='bbox 246 549 365 619; x_wconf 67' lang='grc' dir='ltr'>τήν</span> <span class='ocrx_word' id='word_1_22' title='bbox 438 547 703 626; x_wconf 88' lang='grc' dir='ltr'>μακαρίαν</span> <span class='ocrx_word' id='word_1_23' title='bbox 774 546 987 625; x_wconf 79' lang='grc' dir='ltr'>ἆπῆλγε</span> <span class='ocrx_word' id='word_1_24' title='bbox 1043 549 1300 628; x_wconf 75' lang='grc' dir='ltr'><strong>πορείαν,</strong></span> <span class='ocrx_word' id='word_1_25' title='bbox 1371 552 1598 626; x_wconf 79' lang='grc' dir='ltr'>Χριστὸν</span> <span class='ocrx_word' id='word_1_26' title='bbox 1673 550 1918 625; x_wconf 78' lang='grc' dir='ltr'><strong>βλέπειν,</strong></span> 
     </span>
    </p>
   </div>
   <div class='ocr_carea' id='block_1_7' title="bbox 248 637 1920 718">
    <p class='ocr_par' dir='ltr' id='par_1_7' title="bbox 248 637 1920 718">
     <span class='ocr_line' id='line_1_7' title="bbox 248 637 1920 718; baseline 0.001 -22"><span class='ocrx_word' id='word_1_27' title='bbox 248 639 478 718; x_wconf 76' lang='grc' dir='ltr'>Χριστῷ</span> <span class='ocrx_word' id='word_1_28' title='bbox 566 650 827 716; x_wconf 76' lang='grc' dir='ltr'>συνεῖναι,</span> <span class='ocrx_word' id='word_1_29' title='bbox 902 644 1129 714; x_wconf 78' lang='grc' dir='ltr'>Χριστοῦ</span> <span class='ocrx_word' id='word_1_30' title='bbox 1210 644 1286 713; x_wconf 81' lang='grc' dir='ltr'>τῷ</span> <span class='ocrx_word' id='word_1_31' title='bbox 1355 637 1546 696; x_wconf 84' lang='grc' dir='ltr'>κάλλει</span> <span class='ocrx_word' id='word_1_32' title='bbox 1637 638 1920 706; x_wconf 78' lang='grc' dir='ltr'>διαπαντὸς</span> 
     </span>
    </p>
   </div>
   <div class='ocr_carea' id='block_1_8' title="bbox 248 727 1920 808">
    <p class='ocr_par' dir='ltr' id='par_1_8' title="bbox 248 727 1920 808">
     <span class='ocr_line' id='line_1_8' title="bbox 248 727 1920 808; baseline 0.002 -24"><span class='ocrx_word' id='word_1_33' title='bbox 248 727 674 808; x_wconf 76' lang='grc' dir='ltr'>ἐναγάλλεσθαι·</span> <span class='ocrx_word' id='word_1_34' title='bbox 722 727 982 804; x_wconf 84' lang='grc' dir='ltr'>μακάριος</span> <span class='ocrx_word' id='word_1_35' title='bbox 1034 727 1132 802; x_wconf 80' lang='grc' dir='ltr'><strong>μὲν</strong></span> <span class='ocrx_word' id='word_1_36' title='bbox 1185 729 1355 801; x_wconf 80' lang='grc' dir='ltr'>ἑαυτῷ</span> <span class='ocrx_word' id='word_1_37' title='bbox 1403 733 1500 795; x_wconf 77' lang='grc' dir='ltr'>τῆς</span> <span class='ocrx_word' id='word_1_38' title='bbox 1532 727 1790 804; x_wconf 77' lang='grc' dir='ltr'><strong>ἐκδημίας</strong></span> <span class='ocrx_word' id='word_1_39' title='bbox 1835 737 1920 788; x_wconf 89' lang='grc' dir='ltr'><strong>καί</strong></span> 
     </span>
    </p>
   </div>
   <div class='ocr_carea' id='block_1_9' title="bbox 246 815 1918 902">
    <p class='ocr_par' dir='ltr' id='par_1_9' title="bbox 246 815 1918 902">
     <span class='ocr_line' id='line_1_9' title="bbox 246 815 1918 902; baseline 0.001 -27"><span class='ocrx_word' id='word_1_40' title='bbox 246 817 626 892; x_wconf 77' lang='grc' dir='ltr'><strong>μεταθέσεως,</strong></span> <span class='ocrx_word' id='word_1_41' title='bbox 701 815 950 896; x_wconf 81' lang='grc' dir='ltr'><strong>ὀδυνηρὸς</strong></span> <span class='ocrx_word' id='word_1_42' title='bbox 1039 816 1094 872; x_wconf 80' lang='grc' dir='ltr'><strong>δὲ</strong></span> <span class='ocrx_word' id='word_1_43' title='bbox 1164 817 1362 898; x_wconf 77' lang='grc' dir='ltr'>σφόδρα</span> <span class='ocrx_word' id='word_1_44' title='bbox 1444 832 1561 881; x_wconf 69' lang='grc' dir='ltr'>τοῖς</span> <span class='ocrx_word' id='word_1_45' title='bbox 1635 821 1918 902; x_wconf 71' lang='grc' dir='ltr'>ἓγνωκόσι,</span> 
     </span>
    </p>
   </div>
   <div class='ocr_carea' id='block_1_10' title="bbox 243 907 1920 988">
    <p class='ocr_par' dir='ltr' id='par_1_10' title="bbox 243 907 1920 988">
     <span class='ocr_line' id='line_1_10' title="bbox 243 907 1920 988; baseline 0.001 -24"><span class='ocrx_word' id='word_1_46' title='bbox 243 911 346 966; x_wconf 77' lang='grc' dir='ltr'><strong>καὶ</strong></span> <span class='ocrx_word' id='word_1_47' title='bbox 406 910 493 970; x_wconf 80' lang='grc' dir='ltr'><strong>οὓς</strong></span> <span class='ocrx_word' id='word_1_48' title='bbox 539 907 604 976; x_wconf 79' lang='grc' dir='ltr'>δὴ</span> <span class='ocrx_word' id='word_1_49' title='bbox 656 909 745 964; x_wconf 86' lang='grc' dir='ltr'><strong>καὶ</strong></span> <span class='ocrx_word' id='word_1_50' title='bbox 801 907 1028 985; x_wconf 84' lang='grc' dir='ltr'>μετρίως</span> <span class='ocrx_word' id='word_1_51' title='bbox 1079 915 1172 964; x_wconf 81' lang='grc' dir='ltr'><strong>τοῦ</strong></span> <span class='ocrx_word' id='word_1_52' title='bbox 1221 909 1414 965; x_wconf 80' lang='grc' dir='ltr'>οἰκείου</span> <span class='ocrx_word' id='word_1_53' title='bbox 1469 907 1684 985; x_wconf 80' lang='grc' dir='ltr'>μέλιτος</span> <span class='ocrx_word' id='word_1_54' title='bbox 1740 909 1920 988; x_wconf 76' lang='grc' dir='ltr'>ἔγευσε</span> 
     </span>
    </p>
   </div>
   <div class='ocr_carea' id='block_1_11' title="bbox 243 995 1919 1075">
    <p class='ocr_par' dir='ltr' id='par_1_11' title="bbox 243 995 1919 1075">
     <span class='ocr_line' id='line_1_11' title="bbox 243 995 1919 1075; baseline 0.001 -21"><span class='ocrx_word' id='word_1_55' title='bbox 243 999 352 1054; x_wconf 77' lang='grc' dir='ltr'>καὶ</span> <span class='ocrx_word' id='word_1_56' title='bbox 410 1003 510 1065; x_wconf 81' lang='grc' dir='ltr'>τῆς</span> <span class='ocrx_word' id='word_1_57' title='bbox 562 995 782 1066; x_wconf 75' lang='grc' dir='ltr'><strong>ἡδονῆς.</strong></span> <span class='ocrx_word' id='word_1_58' title='bbox 842 995 1026 1073; x_wconf 84' lang='grc' dir='ltr'>Ημέρα</span> <span class='ocrx_word' id='word_1_59' title='bbox 1086 997 1268 1072; x_wconf 87' lang='grc' dir='ltr'>μέντοι</span> <span class='ocrx_word' id='word_1_60' title='bbox 1319 1004 1418 1066; x_wconf 79' lang='grc' dir='ltr'>τῆς</span> <span class='ocrx_word' id='word_1_61' title='bbox 1463 1000 1621 1056; x_wconf 74' lang='grc' dir='ltr'>αὐτοῦ</span> <span class='ocrx_word' id='word_1_62' title='bbox 1691 998 1919 1075; x_wconf 85' lang='grc' dir='ltr'>μεταθέ-</span> 
     </span>
    </p>
   </div>
   <div class='ocr_carea' id='block_1_12' title="bbox 246 1085 1922 1168">
    <p class='ocr_par' dir='ltr' id='par_1_12' title="bbox 246 1085 1922 1168">
     <span class='ocr_line' id='line_1_12' title="bbox 246 1085 1922 1168; baseline 0.002 -26"><span class='ocrx_word' id='word_1_63' title='bbox 246 1109 418 1164; x_wconf 83' lang='grc' dir='ltr'>σεως,</span> <span class='ocrx_word' id='word_1_64' title='bbox 459 1086 577 1156; x_wconf 73' lang='grc' dir='ltr'>ἥτις</span> <span class='ocrx_word' id='word_1_65' title='bbox 635 1085 808 1157; x_wconf 73' lang='grc' dir='ltr'>δήπου</span> <span class='ocrx_word' id='word_1_66' title='bbox 840 1086 934 1143; x_wconf 78' lang='grc' dir='ltr'><strong>καΐ</strong></span> <span class='ocrx_word' id='word_1_67' title='bbox 980 1093 1073 1144; x_wconf 89' lang='grc' dir='ltr'><strong>τοῦ</strong></span> <span class='ocrx_word' id='word_1_68' title='bbox 1115 1089 1394 1168; x_wconf 74' lang='grc' dir='ltr'>ζωηιρόρου</span> <span class='ocrx_word' id='word_1_69' title='bbox 1440 1095 1685 1167; x_wconf 84' lang='grc' dir='ltr'>σταυροῦ,</span> <span class='ocrx_word' id='word_1_70' title='bbox 1720 1088 1786 1158; x_wconf 72' lang='grc' dir='ltr'>ἢν</span> <span class='ocrx_word' id='word_1_71' title='bbox 1835 1085 1922 1145; x_wconf 79' lang='grc' dir='ltr'><strong>καὶ</strong></span> 
     </span>
    </p>
   </div>
   <div class='ocr_carea' id='block_1_13' title="bbox 239 1174 1919 1257">
    <p class='ocr_par' dir='ltr' id='par_1_13' title="bbox 239 1174 1919 1257">
     <span class='ocr_line' id='line_1_13' title="bbox 239 1174 1919 1257; baseline -0.001 -24"><span class='ocrx_word' id='word_1_72' title='bbox 239 1177 464 1253; x_wconf 73' lang='grc' dir='ltr'>ὕψωσιν</span> <span class='ocrx_word' id='word_1_73' title='bbox 527 1175 786 1252; x_wconf 74' lang='grc' dir='ltr'>εἰώθαμεν</span> <span class='ocrx_word' id='word_1_74' title='bbox 841 1174 1043 1257; x_wconf 79' lang='grc' dir='ltr'>λέγειν,</span> <span class='ocrx_word' id='word_1_75' title='bbox 1076 1176 1182 1232; x_wconf 77' lang='grc' dir='ltr'>ἀπὸ</span> <span class='ocrx_word' id='word_1_76' title='bbox 1237 1186 1330 1235; x_wconf 90' lang='grc' dir='ltr'><strong>τοῦ</strong></span> <span class='ocrx_word' id='word_1_77' title='bbox 1380 1178 1691 1256; x_wconf 78' lang='grc' dir='ltr'>πράγματος</span> <span class='ocrx_word' id='word_1_78' title='bbox 1756 1178 1919 1236; x_wconf 75' lang='grc' dir='ltr'>αὐτὴν</span> 
     </span>
    </p>
   </div>
   <div class='ocr_carea' id='block_1_14' title="bbox 2005 549 3649 627">
    <p class='ocr_par' dir='ltr' id='par_1_14' title="bbox 2005 549 3649 627">
     <span class='ocr_line' id='line_1_14' title="bbox 2005 549 3649 627; baseline 0.004 -15"><span class='ocrx_word' id='word_1_79' title='bbox 2005 550 2151 612; x_wconf 90' lang='lat' dir='ltr'><strong>illud</strong></span> <span class='ocrx_word' id='word_1_80' title='bbox 2183 550 2297 612; x_wconf 89' lang='lat' dir='ltr'><strong>iter</strong></span> <span class='ocrx_word' id='word_1_81' title='bbox 2327 549 2479 624; x_wconf 89' lang='lat' dir='ltr'><strong>iniit,</strong></span> <span class='ocrx_word' id='word_1_82' title='bbox 2515 559 2579 610; x_wconf 92' lang='lat' dir='ltr'><strong>ut</strong></span> <span class='ocrx_word' id='word_1_83' title='bbox 2610 549 2908 614; x_wconf 81' lang='lat' dir='ltr'><strong>Christum</strong></span> <span class='ocrx_word' id='word_1_84' title='bbox 2960 552 3211 627; x_wconf 77' lang='lat' dir='ltr'><strong>videret,</strong></span> <span class='ocrx_word' id='word_1_85' title='bbox 3247 574 3380 617; x_wconf 92' lang='lat' dir='ltr'><strong>cum</strong></span> <span class='ocrx_word' id='word_1_86' title='bbox 3413 554 3649 618; x_wconf 91' lang='lat' dir='ltr'><strong>Christo</strong></span> 
     </span>
    </p>
   </div>
   <div class='ocr_carea' id='block_1_15' title="bbox 2004 637 3650 726">
    <p class='ocr_par' dir='ltr' id='par_1_15' title="bbox 2004 637 3650 726">
     <span class='ocr_line' id='line_1_15' title="bbox 2004 637 3650 726; baseline 0.004 -26"><span class='ocrx_word' id='word_1_87' title='bbox 2004 649 2363 714; x_wconf 85' lang='lat' dir='ltr'><strong>versaretur,</strong></span> <span class='ocrx_word' id='word_1_88' title='bbox 2395 637 2611 701; x_wconf 84' lang='lat' dir='ltr'><strong>Christi</strong></span> <span class='ocrx_word' id='word_1_89' title='bbox 2645 649 2928 722; x_wconf 90' lang='lat' dir='ltr'><strong>perpetuo</strong></span> <span class='ocrx_word' id='word_1_90' title='bbox 2961 643 3282 706; x_wconf 82' lang='lat' dir='ltr'><strong>exsultaret</strong></span> <span class='ocrx_word' id='word_1_91' title='bbox 3312 644 3650 726; x_wconf 88' lang='lat' dir='ltr'><strong>pulchritu-</strong></span> 
     </span>
    </p>
   </div>
   <div class='ocr_carea' id='block_1_16' title="bbox 2005 728 3654 814">
    <p class='ocr_par' dir='ltr' id='par_1_16' title="bbox 2005 728 3654 814">
     <span class='ocr_line' id='line_1_16' title="bbox 2005 728 3654 814; baseline 0.004 -24"><span class='ocrx_word' id='word_1_92' title='bbox 2005 729 2146 790; x_wconf 89' lang='lat' dir='ltr'><strong>dine</strong></span> <span class='ocrx_word' id='word_1_93' title='bbox 2178 750 2193 790; x_wconf 90' lang='lat'><strong>:</strong></span> <span class='ocrx_word' id='word_1_94' title='bbox 2230 728 2343 790; x_wconf 90' lang='lat' dir='ltr'><strong>sibi</strong></span> <span class='ocrx_word' id='word_1_95' title='bbox 2368 728 2610 809; x_wconf 87' lang='lat' dir='ltr'><strong>quidem</strong></span> <span class='ocrx_word' id='word_1_96' title='bbox 2642 729 2782 791; x_wconf 82' lang='lat' dir='ltr'><strong>felix</strong></span> <span class='ocrx_word' id='word_1_97' title='bbox 2816 731 2891 792; x_wconf 90' lang='lat' dir='ltr'><strong>ob</strong></span> <span class='ocrx_word' id='word_1_98' title='bbox 2925 731 3236 794; x_wconf 88' lang='lat' dir='ltr'><strong>decessum</strong></span> <span class='ocrx_word' id='word_1_99' title='bbox 3262 740 3321 794; x_wconf 85' lang='lat' dir='ltr'><strong>et</strong></span> <span class='ocrx_word' id='word_1_100' title='bbox 3347 735 3654 814; x_wconf 79' lang='lat' dir='ltr'><strong>migratio-</strong></span> 
     </span>
    </p>
   </div>
   <div class='ocr_carea' id='block_1_17' title="bbox 2007 822 3652 905">
    <p class='ocr_par' dir='ltr' id='par_1_17' title="bbox 2007 822 3652 905">
     <span class='ocr_line' id='line_1_17' title="bbox 2007 822 3652 905; baseline 0.002 -25"><span class='ocrx_word' id='word_1_101' title='bbox 2007 838 2189 882; x_wconf 88' lang='lat' dir='ltr'><strong>nem:</strong></span> <span class='ocrx_word' id='word_1_102' title='bbox 2242 837 2510 896; x_wconf 78' lang='lat' dir='ltr'><strong>magnam</strong></span> <span class='ocrx_word' id='word_1_103' title='bbox 2544 829 2738 881; x_wconf 86' lang='lat' dir='ltr'><strong>autem</strong></span> <span class='ocrx_word' id='word_1_104' title='bbox 2796 822 3056 883; x_wconf 73' lang='lat' dir='ltr'><strong>aﬁerens</strong></span> <span class='ocrx_word' id='word_1_105' title='bbox 3105 823 3399 886; x_wconf 84' lang='lat' dir='ltr'><strong>tristitiam</strong></span> <span class='ocrx_word' id='word_1_106' title='bbox 3450 826 3518 886; x_wconf 92' lang='lat' dir='ltr'><strong>iis</strong></span> <span class='ocrx_word' id='word_1_107' title='bbox 3547 825 3652 905; x_wconf 90' lang='lat' dir='ltr'><strong>qui</strong></span> 
     </span>
    </p>
   </div>
   <div class='ocr_carea' id='block_1_18' title="bbox 2005 907 3648 993">
    <p class='ocr_par' dir='ltr' id='par_1_18' title="bbox 2005 907 3648 993">
     <span class='ocr_line' id='line_1_18' title="bbox 2005 907 3648 993; baseline 0.003 -23"><span class='ocrx_word' id='word_1_108' title='bbox 2005 927 2103 970; x_wconf 90' lang='lat' dir='ltr'><strong>res</strong></span> <span class='ocrx_word' id='word_1_109' title='bbox 2157 908 2313 970; x_wconf 89' lang='lat' dir='ltr'><strong>illius</strong></span> <span class='ocrx_word' id='word_1_110' title='bbox 2345 907 2597 989; x_wconf 82' lang='lat' dir='ltr'><strong>pulchre</strong></span> <span class='ocrx_word' id='word_1_111' title='bbox 2628 921 2933 986; x_wconf 86' lang='lat' dir='ltr'><strong>noverant,</strong></span> <span class='ocrx_word' id='word_1_112' title='bbox 2973 921 3032 973; x_wconf 90' lang='lat' dir='ltr'><strong>et</strong></span> <span class='ocrx_word' id='word_1_113' title='bbox 3090 914 3304 993; x_wconf 90' lang='lat' dir='ltr'><strong>quibus</strong></span> <span class='ocrx_word' id='word_1_114' title='bbox 3333 915 3422 976; x_wconf 89' lang='lat' dir='ltr'><strong>vel</strong></span> <span class='ocrx_word' id='word_1_115' title='bbox 3452 915 3648 975; x_wconf 90' lang='lat' dir='ltr'><strong>modi-</strong></span> 
     </span>
    </p>
   </div>
   <div class='ocr_carea' id='block_1_19' title="bbox 2007 998 3645 1081">
    <p class='ocr_par' dir='ltr' id='par_1_19' title="bbox 2007 998 3645 1081">
     <span class='ocr_line' id='line_1_19' title="bbox 2007 998 3645 1081; baseline 0.004 -22"><span class='ocrx_word' id='word_1_116' title='bbox 2007 1017 2139 1060; x_wconf 89' lang='lat' dir='ltr'><strong>cum</strong></span> <span class='ocrx_word' id='word_1_117' title='bbox 2208 999 2297 1060; x_wconf 90' lang='lat' dir='ltr'><strong>sui</strong></span> <span class='ocrx_word' id='word_1_118' title='bbox 2351 998 2546 1060; x_wconf 87' lang='lat' dir='ltr'><strong>mellis</strong></span> <span class='ocrx_word' id='word_1_119' title='bbox 2593 1008 2824 1079; x_wconf 84' lang='lat' dir='ltr'><strong>gustum</strong></span> <span class='ocrx_word' id='word_1_120' title='bbox 2878 1001 3229 1081; x_wconf 78' lang='lat' dir='ltr'><strong>praebuerat.</strong></span> <span class='ocrx_word' id='word_1_121' title='bbox 3268 1005 3394 1066; x_wconf 83' lang='lat' dir='ltr'><strong>Fuit</strong></span> <span class='ocrx_word' id='word_1_122' title='bbox 3449 1014 3645 1067; x_wconf 91' lang='lat' dir='ltr'><strong>autem</strong></span> 
     </span>
    </p>
   </div>
   <div class='ocr_carea' id='block_1_20' title="bbox 2006 1087 3645 1175">
    <p class='ocr_par' dir='ltr' id='par_1_20' title="bbox 2006 1087 3645 1175">
     <span class='ocr_line' id='line_1_20' title="bbox 2006 1087 3645 1175; baseline 0.003 -26"><span class='ocrx_word' id='word_1_123' title='bbox 2006 1088 2134 1149; x_wconf 89' lang='lat' dir='ltr'><strong>dies</strong></span> <span class='ocrx_word' id='word_1_124' title='bbox 2167 1089 2298 1168; x_wconf 85' lang='lat' dir='ltr'><strong>ejus</strong></span> <span class='ocrx_word' id='word_1_125' title='bbox 2327 1087 2632 1164; x_wconf 89' lang='lat' dir='ltr'><strong>decessus,</strong></span> <span class='ocrx_word' id='word_1_126' title='bbox 2667 1090 2767 1171; x_wconf 92' lang='lat' dir='ltr'><strong>qui</strong></span> <span class='ocrx_word' id='word_1_127' title='bbox 2800 1090 2907 1151; x_wconf 86' lang='lat' dir='ltr'><strong>fuit</strong></span> <span class='ocrx_word' id='word_1_128' title='bbox 2935 1091 3185 1154; x_wconf 64' lang='lat' dir='ltr'><strong>vivificae</strong></span> <span class='ocrx_word' id='word_1_129' title='bbox 3215 1092 3441 1167; x_wconf 88' lang='lat' dir='ltr'><strong>Crucis,</strong></span> <span class='ocrx_word' id='word_1_130' title='bbox 3469 1113 3645 1175; x_wconf 91' lang='lat' dir='ltr'><strong>quam</strong></span> 
     </span>
    </p>
   </div>
   <div class='ocr_carea' id='block_1_21' title="bbox 2007 1179 3642 1265">
    <p class='ocr_par' dir='ltr' id='par_1_21' title="bbox 2007 1179 3642 1265">
     <span class='ocr_line' id='line_1_21' title="bbox 2007 1179 3642 1265; baseline 0.004 -26"><span class='ocrx_word' id='word_1_131' title='bbox 2007 1196 2076 1239; x_wconf 89' lang='lat' dir='ltr'><strong>ex</strong></span> <span class='ocrx_word' id='word_1_132' title='bbox 2125 1196 2192 1240; x_wconf 89' lang='lat' dir='ltr'><strong>re</strong></span> <span class='ocrx_word' id='word_1_133' title='bbox 2250 1179 2378 1258; x_wconf 85' lang='lat' dir='ltr'><strong>ipsa</strong></span> <span class='ocrx_word' id='word_1_134' title='bbox 2435 1179 2699 1240; x_wconf 90' lang='lat' dir='ltr'><strong>solemus</strong></span> <span class='ocrx_word' id='word_1_135' title='bbox 2747 1197 2955 1242; x_wconf 83' lang='lat' dir='ltr'><strong>vocare</strong></span> <span class='ocrx_word' id='word_1_136' title='bbox 3005 1181 3452 1259; x_wconf 87' lang='lat' dir='ltr'><strong>Exaltationem,</strong></span> <span class='ocrx_word' id='word_1_137' title='bbox 3491 1203 3642 1265; x_wconf 64' lang='lat' dir='ltr'><strong>quae,</strong></span> 
     </span>
    </p>
   </div>
   <div class='ocr_carea' id='block_1_22' title="bbox 246 1266 1914 1354">
    <p class='ocr_par' dir='ltr' id='par_1_22' title="bbox 246 1266 1914 1347">
     <span class='ocr_line' id='line_1_22' title="bbox 246 1266 1914 1347; baseline 0 -25"><span class='ocrx_word' id='word_1_138' title='bbox 246 1266 612 1344; x_wconf 69' lang='grc' dir='ltr'>ὀνομάζοντες</span> <span class='ocrx_word' id='word_1_139' title='bbox 671 1267 808 1324; x_wconf 84' lang='grc' dir='ltr'>κατὰ</span> <span class='ocrx_word' id='word_1_140' title='bbox 850 1267 948 1334; x_wconf 80' lang='grc' dir='ltr'><strong>τὴν</strong></span> <span class='ocrx_word' id='word_1_141' title='bbox 1000 1267 1581 1344; x_wconf 77' lang='grc' dir='ltr'>τεσσαρεσκαιδεκάτην</span> <span class='ocrx_word' id='word_1_142' title='bbox 1631 1268 1725 1347; x_wconf 84' lang='grc' dir='ltr'><strong>(ὡς</strong></span> <span class='ocrx_word' id='word_1_143' title='bbox 1775 1268 1914 1324; x_wconf 83' lang='grc' dir='ltr'>πάν-</span> 
     </span>
    </p>
   </div>
   <div class='ocr_carea' id='block_1_23' title="bbox 2011 1266 3642 1354">
    <p class='ocr_par' dir='ltr' id='par_1_23' title="bbox 2011 1267 3642 1354">
     <span class='ocr_line' id='line_1_23' title="bbox 2011 1267 3642 1354; baseline 0.001 -26"><span class='ocrx_word' id='word_1_144' title='bbox 2011 1274 2066 1328; x_wconf 83' lang='lat' dir='ltr'><strong>ut</strong></span> <span class='ocrx_word' id='word_1_145' title='bbox 2095 1285 2303 1330; x_wconf 88' lang='lat' dir='ltr'><strong>omnes</strong></span> <span class='ocrx_word' id='word_1_146' title='bbox 2331 1267 2549 1340; x_wconf 86' lang='lat' dir='ltr'><strong>sciunt,</strong></span> <span class='ocrx_word' id='word_1_147' title='bbox 2584 1268 2924 1332; x_wconf 88' lang='lat' dir='ltr'><strong>celebratur</strong></span> <span class='ocrx_word' id='word_1_148' title='bbox 2971 1280 3176 1352; x_wconf 89' lang='lat' dir='ltr'><strong>quarto</strong></span> <span class='ocrx_word' id='word_1_149' title='bbox 3209 1273 3444 1335; x_wconf 92' lang='lat' dir='ltr'><strong>decimo</strong></span> <span class='ocrx_word' id='word_1_150' title='bbox 3492 1277 3642 1354; x_wconf 63' lang='lat' dir='ltr'><strong>Sep-</strong></span> 
     </span>
    </p>
   </div>
   <div class='ocr_carea' id='block_1_24' title="bbox 246 1354 1914 1443">
    <p class='ocr_par' dir='ltr' id='par_1_24' title="bbox 246 1354 1914 1436">
     <span class='ocr_line' id='line_1_24' title="bbox 246 1354 1914 1436; baseline -0.001 -22"><span class='ocrx_word' id='word_1_151' title='bbox 246 1378 349 1422; x_wconf 79' lang='grc' dir='ltr'><strong>τες</strong></span> <span class='ocrx_word' id='word_1_152' title='bbox 411 1354 588 1435; x_wconf 74' lang='grc' dir='ltr'>ἴσασι)</span> <span class='ocrx_word' id='word_1_153' title='bbox 647 1355 976 1432; x_wconf 80' lang='grc' dir='ltr'>τελουμένην</span> <span class='ocrx_word' id='word_1_154' title='bbox 1034 1363 1127 1414; x_wconf 90' lang='grc' dir='ltr'><strong>τοῦ</strong></span> <span class='ocrx_word' id='word_1_155' title='bbox 1185 1355 1568 1436; x_wconf 74' lang='grc' dir='ltr'>Σεπτεμϐρίου.</span> <span class='ocrx_word' id='word_1_156' title='bbox 1628 1357 1775 1415; x_wconf 80' lang='grc' dir='ltr'>’Ἔδει</span> <span class='ocrx_word' id='word_1_157' title='bbox 1817 1357 1914 1435; x_wconf 74' lang='grc' dir='ltr'><strong>γὰρ</strong></span> 
     </span>
    </p>
   </div>
   <div class='ocr_carea' id='block_1_25' title="bbox 2011 1354 3647 1443">
    <p class='ocr_par' dir='ltr' id='par_1_25' title="bbox 2011 1356 3647 1443">
     <span class='ocr_line' id='line_1_25' title="bbox 2011 1356 3647 1443; baseline 0.004 -25"><span class='ocrx_word' id='word_1_158' title='bbox 2011 1357 2251 1419; x_wconf 83' lang='lat' dir='ltr'><strong>tembris</strong></span> <span class='ocrx_word' id='word_1_159' title='bbox 2284 1358 2423 1434; x_wconf 86' lang='lat'>(56).</span> <span class='ocrx_word' id='word_1_160' title='bbox 2468 1356 2798 1435; x_wconf 81' lang='lat' dir='ltr'><strong>Oportebat</strong></span> <span class='ocrx_word' id='word_1_161' title='bbox 2848 1361 3009 1421; x_wconf 91' lang='lat' dir='ltr'><strong>enim</strong></span> <span class='ocrx_word' id='word_1_162' title='bbox 3056 1380 3219 1438; x_wconf 90' lang='lat' dir='ltr'><strong>eum,</strong></span> <span class='ocrx_word' id='word_1_163' title='bbox 3257 1364 3354 1443; x_wconf 92' lang='lat' dir='ltr'><strong>qui</strong></span> <span class='ocrx_word' id='word_1_164' title='bbox 3404 1382 3470 1425; x_wconf 85' lang='lat' dir='ltr'><strong>se</strong></span> <span class='ocrx_word' id='word_1_165' title='bbox 3498 1365 3647 1425; x_wconf 88' lang='lat' dir='ltr'><strong>nulli</strong></span> 
     </span>
    </p>
   </div>
   <div class='ocr_carea' id='block_1_26' title="bbox 245 1444 1914 1528">
    <p class='ocr_par' dir='ltr' id='par_1_26' title="bbox 245 1444 1914 1527">
     <span class='ocr_line' id='line_1_26' title="bbox 245 1444 1914 1527; baseline -0.001 -25"><span class='ocrx_word' id='word_1_166' title='bbox 245 1447 352 1503; x_wconf 78' lang='grc' dir='ltr'>τὸν</span> <span class='ocrx_word' id='word_1_167' title='bbox 383 1444 572 1522; x_wconf 79' lang='grc' dir='ltr'>μηδενὶ</span> <span class='ocrx_word' id='word_1_168' title='bbox 616 1447 976 1525; x_wconf 84' lang='grc' dir='ltr'>προσθέμενον</span> <span class='ocrx_word' id='word_1_169' title='bbox 1020 1447 1128 1504; x_wconf 81' lang='grc' dir='ltr'>τῶν</span> <span class='ocrx_word' id='word_1_170' title='bbox 1187 1450 1489 1527; x_wconf 83' lang='grc' dir='ltr'>παρόντων,</span> <span class='ocrx_word' id='word_1_171' title='bbox 1553 1445 1674 1504; x_wconf 82' lang='grc' dir='ltr'>ἀλλ’</span> <span class='ocrx_word' id='word_1_172' title='bbox 1733 1448 1914 1504; x_wconf 77' lang='grc' dir='ltr'>ἑαυτὸν</span> 
     </span>
    </p>
   </div>
   <div class='ocr_carea' id='block_1_27' title="bbox 2011 1444 3648 1528">
    <p class='ocr_par' dir='ltr' id='par_1_27' title="bbox 2011 1449 3648 1528">
     <span class='ocr_line' id='line_1_27' title="bbox 2011 1449 3648 1528; baseline 0.004 -20"><span class='ocrx_word' id='word_1_173' title='bbox 2011 1465 2203 1510; x_wconf 89' lang='lat' dir='ltr'><strong>rerum</strong></span> <span class='ocrx_word' id='word_1_174' title='bbox 2239 1449 2626 1528; x_wconf 60' lang='lat' dir='ltr'><strong>praesentium</strong></span> <span class='ocrx_word' id='word_1_175' title='bbox 2663 1449 2997 1526; x_wconf 86' lang='lat' dir='ltr'><strong>dediderat,</strong></span> <span class='ocrx_word' id='word_1_176' title='bbox 3031 1451 3133 1514; x_wconf 89' lang='lat' dir='ltr'><strong>sed</strong></span> <span class='ocrx_word' id='word_1_177' title='bbox 3167 1470 3232 1513; x_wconf 82' lang='lat' dir='ltr'><strong>se</strong></span> <span class='ocrx_word' id='word_1_178' title='bbox 3263 1461 3445 1514; x_wconf 93' lang='lat' dir='ltr'><strong>totum</strong></span> <span class='ocrx_word' id='word_1_179' title='bbox 3481 1473 3648 1515; x_wconf 89' lang='lat' dir='ltr'><strong>mun-</strong></span> 
     </span>
    </p>
   </div>
   <div class='ocr_carea' id='block_1_28' title="bbox 249 1535 1914 1622">
    <p class='ocr_par' dir='ltr' id='par_1_28' title="bbox 249 1535 1914 1617">
     <span class='ocr_line' id='line_1_28' title="bbox 249 1535 1914 1617; baseline 0 -25"><span class='ocrx_word' id='word_1_180' title='bbox 249 1535 401 1602; x_wconf 70' lang='grc' dir='ltr'>ὅλως</span> <span class='ocrx_word' id='word_1_181' title='bbox 455 1542 533 1611; x_wconf 84' lang='grc' dir='ltr'>τῷ</span> <span class='ocrx_word' id='word_1_182' title='bbox 565 1538 754 1612; x_wconf 84' lang='grc' dir='ltr'>κὸσμῳ</span> <span class='ocrx_word' id='word_1_183' title='bbox 807 1537 1206 1617; x_wconf 86' lang='grc' dir='ltr'>στουρώσαντα,</span> <span class='ocrx_word' id='word_1_184' title='bbox 1253 1538 1306 1593; x_wconf 82' lang='grc' dir='ltr'>ἐν</span> <span class='ocrx_word' id='word_1_185' title='bbox 1339 1536 1486 1610; x_wconf 75' lang='grc' dir='ltr'>ἄλλῳ</span> <span class='ocrx_word' id='word_1_186' title='bbox 1543 1559 1598 1594; x_wconf 86' lang='grc' dir='ltr'><strong>τε</strong></span> <span class='ocrx_word' id='word_1_187' title='bbox 1642 1535 1807 1596; x_wconf 70' lang='grc' dir='ltr'>οὐδενὶ</span> <span class='ocrx_word' id='word_1_188' title='bbox 1859 1537 1914 1592; x_wconf 66' lang='grc' dir='ltr'><strong>τὸ</strong></span> 
     </span>
    </p>
   </div>
   <div class='ocr_carea' id='block_1_29' title="bbox 2011 1535 3647 1622">
    <p class='ocr_par' dir='ltr' id='par_1_29' title="bbox 2011 1537 3647 1622">
     <span class='ocr_line' id='line_1_29' title="bbox 2011 1537 3647 1622; baseline 0.003 -23"><span class='ocrx_word' id='word_1_189' title='bbox 2011 1538 2080 1600; x_wconf 85' lang='lat' dir='ltr'><strong>do</strong></span> <span class='ocrx_word' id='word_1_190' title='bbox 2112 1537 2358 1600; x_wconf 85' lang='lat' dir='ltr'><strong>omnino</strong></span> <span class='ocrx_word' id='word_1_191' title='bbox 2391 1539 2790 1619; x_wconf 82' lang='lat' dir='ltr'><strong>crucifixerat,</strong></span> <span class='ocrx_word' id='word_1_192' title='bbox 2827 1552 2883 1600; x_wconf 92' lang='lat' dir='ltr'><strong>et</strong></span> <span class='ocrx_word' id='word_1_193' title='bbox 2914 1541 3076 1602; x_wconf 87' lang='lat' dir='ltr'><strong>nulla</strong></span> <span class='ocrx_word' id='word_1_194' title='bbox 3115 1560 3182 1603; x_wconf 89' lang='lat' dir='ltr'><strong>re</strong></span> <span class='ocrx_word' id='word_1_195' title='bbox 3223 1541 3336 1604; x_wconf 88' lang='lat' dir='ltr'><strong>alia</strong></span> <span class='ocrx_word' id='word_1_196' title='bbox 3365 1545 3647 1622; x_wconf 84' lang='lat' dir='ltr'><strong>gloriatus</strong></span> 
     </span>
    </p>
   </div>
   <div class='ocr_carea' id='block_1_30' title="bbox 249 1623 1914 1712">
    <p class='ocr_par' dir='ltr' id='par_1_30' title="bbox 249 1623 1914 1712">
     <span class='ocr_line' id='line_1_30' title="bbox 249 1623 1914 1712; baseline 0 -30"><span class='ocrx_word' id='word_1_197' title='bbox 249 1625 526 1706; x_wconf 79' lang='grc' dir='ltr'>καῦχημα</span> <span class='ocrx_word' id='word_1_198' title='bbox 570 1625 818 1702; x_wconf 79' lang='grc' dir='ltr'>θέμενον,</span> <span class='ocrx_word' id='word_1_199' title='bbox 854 1623 975 1682; x_wconf 71' lang='grc' dir='ltr'>ἀλλ’</span> <span class='ocrx_word' id='word_1_200' title='bbox 1029 1626 1058 1693; x_wconf 75' lang='grc' dir='ltr'>ἢ</span> <span class='ocrx_word' id='word_1_201' title='bbox 1090 1630 1145 1683; x_wconf 61' lang='grc' dir='ltr'>ἓν</span> <span class='ocrx_word' id='word_1_202' title='bbox 1189 1632 1266 1701; x_wconf 84' lang='grc' dir='ltr'>τῷ</span> <span class='ocrx_word' id='word_1_203' title='bbox 1296 1634 1503 1706; x_wconf 86' lang='grc' dir='ltr'>σταυρῷ</span> <span class='ocrx_word' id='word_1_204' title='bbox 1535 1634 1626 1684; x_wconf 87' lang='grc' dir='ltr'><strong>τοῦ</strong></span> <span class='ocrx_word' id='word_1_205' title='bbox 1670 1632 1914 1712; x_wconf 75' lang='grc' dir='ltr'>Χριστοῦ,</span> 
     </span>
    </p>
   </div>
   <div class='ocr_carea' id='block_1_31' title="bbox 2011 1623 3646 1712">
    <p class='ocr_par' dir='ltr' id='par_1_31' title="bbox 2011 1627 3646 1712">
     <span class='ocr_line' id='line_1_31' title="bbox 2011 1627 3646 1712; baseline 0.003 -24"><span class='ocrx_word' id='word_1_206' title='bbox 2011 1627 2220 1701; x_wconf 89' lang='lat' dir='ltr'><strong>fuerat,</strong></span> <span class='ocrx_word' id='word_1_207' title='bbox 2255 1645 2429 1708; x_wconf 80' lang='lat' dir='ltr'><strong>quam</strong></span> <span class='ocrx_word' id='word_1_208' title='bbox 2464 1628 2522 1688; x_wconf 92' lang='lat' dir='ltr'><strong>in</strong></span> <span class='ocrx_word' id='word_1_209' title='bbox 2571 1647 2750 1690; x_wconf 85' lang='lat' dir='ltr'><strong>cruce</strong></span> <span class='ocrx_word' id='word_1_210' title='bbox 2782 1629 3027 1703; x_wconf 84' lang='lat' dir='ltr'><strong>Christi,</strong></span> <span class='ocrx_word' id='word_1_211' title='bbox 3066 1649 3138 1693; x_wconf 91' lang='lat' dir='ltr'><strong>eo</strong></span> <span class='ocrx_word' id='word_1_212' title='bbox 3188 1631 3315 1712; x_wconf 85' lang='lat' dir='ltr'><strong>ipso</strong></span> <span class='ocrx_word' id='word_1_213' title='bbox 3347 1632 3445 1693; x_wconf 89' lang='lat' dir='ltr'><strong>die</strong></span> <span class='ocrx_word' id='word_1_214' title='bbox 3496 1633 3646 1694; x_wconf 89' lang='lat' dir='ltr'><strong>festo</strong></span> 
     </span>
    </p>
   </div>
   <div class='ocr_carea' id='block_1_32' title="bbox 246 1710 1914 1800">
    <p class='ocr_par' dir='ltr' id='par_1_32' title="bbox 246 1710 1914 1795">
     <span class='ocr_line' id='line_1_32' title="bbox 246 1710 1914 1795; baseline 0.002 -24"><span class='ocrx_word' id='word_1_215' title='bbox 246 1714 379 1772; x_wconf 84' lang='grc' dir='ltr'>κατ’</span> <span class='ocrx_word' id='word_1_216' title='bbox 440 1716 604 1785; x_wconf 78' lang='grc' dir='ltr'>αὐτήν</span> <span class='ocrx_word' id='word_1_217' title='bbox 633 1737 694 1793; x_wconf 88' lang='grc' dir='ltr'>γε</span> <span class='ocrx_word' id='word_1_218' title='bbox 747 1715 953 1795; x_wconf 80' lang='grc' dir='ltr'>ἡμέραν</span> <span class='ocrx_word' id='word_1_219' title='bbox 1009 1721 1109 1783; x_wconf 82' lang='grc' dir='ltr'>τῆς</span> <span class='ocrx_word' id='word_1_220' title='bbox 1169 1716 1356 1795; x_wconf 79' lang='grc' dir='ltr'>ἑορτῇς</span> <span class='ocrx_word' id='word_1_221' title='bbox 1415 1724 1506 1774; x_wconf 92' lang='grc' dir='ltr'><strong>τοῦ</strong></span> <span class='ocrx_word' id='word_1_222' title='bbox 1557 1722 1778 1794; x_wconf 85' lang='grc' dir='ltr'>σταυροῦ</span> <span class='ocrx_word' id='word_1_223' title='bbox 1833 1710 1914 1776; x_wconf 65' lang='grc' dir='ltr'><strong>καῖ</strong></span> 
     </span>
    </p>
   </div>
   <div class='ocr_carea' id='block_1_33' title="bbox 2011 1710 3644 1800">
    <p class='ocr_par' dir='ltr' id='par_1_33' title="bbox 2011 1710 3644 1800">
     <span class='ocr_line' id='line_1_33' title="bbox 2011 1710 3644 1800; baseline 0.002 -22"><span class='ocrx_word' id='word_1_224' title='bbox 2011 1715 2233 1787; x_wconf 80' lang='lat' dir='ltr'><strong>Crucis,</strong></span> <span class='ocrx_word' id='word_1_225' title='bbox 2263 1735 2397 1777; x_wconf 93' lang='lat' dir='ltr'><strong>cum</strong></span> <span class='ocrx_word' id='word_1_226' title='bbox 2445 1717 2636 1797; x_wconf 87' lang='lat' dir='ltr'><strong>ipsum</strong></span> <span class='ocrx_word' id='word_1_227' title='bbox 2683 1736 2921 1799; x_wconf 89' lang='lat' dir='ltr'><strong>quoque</strong></span> <span class='ocrx_word' id='word_1_228' title='bbox 2963 1710 3265 1799; x_wconf 83' lang='lat' dir='ltr'><strong>deponere</strong></span> <span class='ocrx_word' id='word_1_229' title='bbox 3314 1722 3644 1800; x_wconf 85' lang='lat' dir='ltr'><strong>pulverem,</strong></span> 
     </span>
    </p>
   </div>
   <div class='ocr_carea' id='block_1_34' title="bbox 250 1803 1914 1892">
    <p class='ocr_par' dir='ltr' id='par_1_34' title="bbox 250 1803 1914 1886">
     <span class='ocr_line' id='line_1_34' title="bbox 250 1803 1914 1886; baseline -0.002 -24"><span class='ocrx_word' id='word_1_230' title='bbox 250 1805 444 1881; x_wconf 73' lang='grc' dir='ltr'>αὐτὸν,</span> <span class='ocrx_word' id='word_1_231' title='bbox 476 1807 536 1862; x_wconf 78' lang='grc' dir='ltr'><strong>’ὃν</strong></span> <span class='ocrx_word' id='word_1_232' title='bbox 590 1804 751 1885; x_wconf 72' lang='grc' dir='ltr'>εἶχεν</span> <span class='ocrx_word' id='word_1_233' title='bbox 807 1805 867 1862; x_wconf 81' lang='grc' dir='ltr'>ὲκ</span> <span class='ocrx_word' id='word_1_234' title='bbox 923 1804 1014 1861; x_wconf 76' lang='grc' dir='ltr'><strong>τοῦ</strong></span> <span class='ocrx_word' id='word_1_235' title='bbox 1070 1806 1216 1862; x_wconf 85' lang='grc' dir='ltr'>κάτω</span> <span class='ocrx_word' id='word_1_236' title='bbox 1258 1807 1462 1882; x_wconf 68' lang='grc' dir='ltr'>κόσμοο</span> <span class='ocrx_word' id='word_1_237' title='bbox 1515 1808 1673 1886; x_wconf 80' lang='grc' dir='ltr'>χοῦν,</span> <span class='ocrx_word' id='word_1_238' title='bbox 1721 1803 1914 1861; x_wconf 84' lang='grc' dir='ltr'>ἀποθέ-</span> 
     </span>
    </p>
   </div>
   <div class='ocr_carea' id='block_1_35' title="bbox 2011 1803 3646 1892">
    <p class='ocr_par' dir='ltr' id='par_1_35' title="bbox 2011 1805 3646 1892">
     <span class='ocr_line' id='line_1_35' title="bbox 2011 1805 3646 1892; baseline 0.002 -24"><span class='ocrx_word' id='word_1_239' title='bbox 2011 1825 2178 1888; x_wconf 89' lang='lat' dir='ltr'><strong>quem</strong></span> <span class='ocrx_word' id='word_1_240' title='bbox 2238 1805 2496 1868; x_wconf 87' lang='lat' dir='ltr'><strong>habebat</strong></span> <span class='ocrx_word' id='word_1_241' title='bbox 2526 1825 2594 1868; x_wconf 86' lang='lat' dir='ltr'><strong>ex</strong></span> <span class='ocrx_word' id='word_1_242' title='bbox 2625 1808 2735 1868; x_wconf 90' lang='lat' dir='ltr'><strong>hac</strong></span> <span class='ocrx_word' id='word_1_243' title='bbox 2767 1815 3036 1883; x_wconf 83' lang='lat' dir='ltr'><strong>materia,</strong></span> <span class='ocrx_word' id='word_1_244' title='bbox 3073 1817 3129 1870; x_wconf 91' lang='lat' dir='ltr'><strong>et</strong></span> <span class='ocrx_word' id='word_1_245' title='bbox 3163 1811 3447 1872; x_wconf 87' lang='lat' dir='ltr'><strong>mundum</strong></span> <span class='ocrx_word' id='word_1_246' title='bbox 3505 1830 3646 1892; x_wconf 91' lang='lat' dir='ltr'><strong>per-</strong></span> 
     </span>
    </p>
   </div>
   <div class='ocr_carea' id='block_1_36' title="bbox 248 1893 1914 1976">
    <p class='ocr_par' dir='ltr' id='par_1_36' title="bbox 248 1893 1914 1974">
     <span class='ocr_line' id='line_1_36' title="bbox 248 1893 1914 1974; baseline -0.002 -22"><span class='ocrx_word' id='word_1_247' title='bbox 248 1900 402 1970; x_wconf 79' lang='grc' dir='ltr'>σθαι,</span> <span class='ocrx_word' id='word_1_248' title='bbox 474 1897 564 1953; x_wconf 79' lang='grc' dir='ltr'><strong>καὶ</strong></span> <span class='ocrx_word' id='word_1_249' title='bbox 623 1893 792 1972; x_wconf 75' lang='grc' dir='ltr'>μηδὲν</span> <span class='ocrx_word' id='word_1_250' title='bbox 867 1896 928 1952; x_wconf 81' lang='grc' dir='ltr'>ἐκ</span> <span class='ocrx_word' id='word_1_251' title='bbox 997 1896 1184 1954; x_wconf 86' lang='grc' dir='ltr'>τούτου</span> <span class='ocrx_word' id='word_1_252' title='bbox 1255 1896 1575 1974; x_wconf 73' lang='grc' dir='ltr'>παράσημον</span> <span class='ocrx_word' id='word_1_253' title='bbox 1637 1895 1914 1972; x_wconf 76' lang='grc' dir='ltr'>ἐπαγόμε-</span> 
     </span>
    </p>
   </div>
   <div class='ocr_carea' id='block_1_37' title="bbox 2011 1893 3643 1976">
    <p class='ocr_par' dir='ltr' id='par_1_37' title="bbox 2011 1895 3643 1976">
     <span class='ocr_line' id='line_1_37' title="bbox 2011 1895 3643 1976; baseline 0.004 -19"><span class='ocrx_word' id='word_1_254' title='bbox 2011 1898 2202 1960; x_wconf 77' lang='lat' dir='ltr'><strong>venire</strong></span> <span class='ocrx_word' id='word_1_255' title='bbox 2225 1895 2297 1958; x_wconf 87' lang='lat' dir='ltr'><strong>ad</strong></span> <span class='ocrx_word' id='word_1_256' title='bbox 2324 1914 2478 1972; x_wconf 88' lang='lat' dir='ltr'><strong>eam,</strong></span> <span class='ocrx_word' id='word_1_257' title='bbox 2513 1915 2644 1976; x_wconf 56' lang='lat' dir='ltr'><strong>qua</strong></span> <span class='ocrx_word' id='word_1_258' title='bbox 2674 1906 2764 1960; x_wconf 85' lang='lat' dir='ltr'><strong>est</strong></span> <span class='ocrx_word' id='word_1_259' title='bbox 2790 1897 2850 1959; x_wconf 91' lang='lat' dir='ltr'><strong>in</strong></span> <span class='ocrx_word' id='word_1_260' title='bbox 2883 1900 3070 1974; x_wconf 82' lang='lat' dir='ltr'><strong>coelis,</strong></span> <span class='ocrx_word' id='word_1_261' title='bbox 3107 1901 3643 1964; x_wconf 88' lang='lat' dir='ltr'><strong>conversationem.</strong></span> 
     </span>
    </p>
   </div>
   <div class='ocr_carea' id='block_1_38' title="bbox 250 1982 1916 2064">
    <p class='ocr_par' dir='ltr' id='par_1_38' title="bbox 250 1982 1916 2064">
     <span class='ocr_line' id='line_1_38' title="bbox 250 1982 1916 2064; baseline -0.002 -21"><span class='ocrx_word' id='word_1_262' title='bbox 250 2007 347 2043; x_wconf 91' lang='grc' dir='ltr'><strong>νον</strong></span> <span class='ocrx_word' id='word_1_263' title='bbox 401 1990 643 2064; x_wconf 82' lang='grc' dir='ltr'>καθαρῶς</span> <span class='ocrx_word' id='word_1_264' title='bbox 722 1984 965 2064; x_wconf 85' lang='grc' dir='ltr'>γενέσθαι</span> <span class='ocrx_word' id='word_1_265' title='bbox 1056 1993 1150 2043; x_wconf 90' lang='grc' dir='ltr'><strong>τοῦ</strong></span> <span class='ocrx_word' id='word_1_266' title='bbox 1221 1985 1274 2041; x_wconf 82' lang='grc' dir='ltr'>ἐν</span> <span class='ocrx_word' id='word_1_267' title='bbox 1346 1987 1590 2064; x_wconf 73' lang='grc' dir='ltr'>οὐρανοῖς</span> <span class='ocrx_word' id='word_1_268' title='bbox 1660 1982 1916 2040; x_wconf 84' lang='grc' dir='ltr'>πολιτεύ-</span> 
     </span>
    </p>
   </div>
   <div class='ocr_carea' id='block_1_39' title="bbox 250 2097 449 2152">
    <p class='ocr_par' dir='ltr' id='par_1_39' title="bbox 250 2097 449 2152">
     <span class='ocr_line' id='line_1_39' title="bbox 250 2097 449 2152; baseline 0.01 -20"><span class='ocrx_word' id='word_1_269' title='bbox 250 2097 449 2152; x_wconf 80' lang='grc' dir='ltr'>ματος.</span> 
     </span>
    </p>
   </div>
   <div class='ocr_carea' id='block_1_40' title="bbox 341 2154 1914 2244">
    <p class='ocr_par' dir='ltr' id='par_1_40' title="bbox 341 2154 1914 2244">
     <span class='ocr_line' id='line_1_40' title="bbox 341 2154 1914 2244; baseline -0.001 -22"><span class='ocrx_word' id='word_1_270' title='bbox 341 2154 482 2226; x_wconf 74' lang='grc' dir='ltr'><strong>ΞΔ’.</strong></span> <span class='ocrx_word' id='word_1_271' title='bbox 544 2165 674 2225; x_wconf 85' lang='grc' dir='ltr'>Τότε</span> <span class='ocrx_word' id='word_1_272' title='bbox 719 2164 785 2233; x_wconf 81' lang='grc' dir='ltr'><strong>δὴ</strong></span> <span class='ocrx_word' id='word_1_273' title='bbox 839 2167 1037 2244; x_wconf 87' lang='grc' dir='ltr'>γίνεται</span> <span class='ocrx_word' id='word_1_274' title='bbox 1099 2171 1190 2223; x_wconf 89' lang='grc' dir='ltr'><strong>τοῦ</strong></span> <span class='ocrx_word' id='word_1_275' title='bbox 1218 2167 1346 2244; x_wconf 82' lang='grc' dir='ltr'>πρὸς</span> <span class='ocrx_word' id='word_1_276' title='bbox 1403 2167 1496 2222; x_wconf 80' lang='grc' dir='ltr'><strong>τὸν</strong></span> <span class='ocrx_word' id='word_1_277' title='bbox 1540 2165 1690 2244; x_wconf 73' lang='grc' dir='ltr'>ἅγιον</span> <span class='ocrx_word' id='word_1_278' title='bbox 1750 2161 1914 2220; x_wconf 83' lang='grc' dir='ltr'>πόθου</span> 
     </span>
    </p>
   </div>
   <div class='ocr_carea' id='block_1_41' title="bbox 250 2247 1916 2336">
    <p class='ocr_par' dir='ltr' id='par_1_41' title="bbox 250 2247 1916 2336">
     <span class='ocr_line' id='line_1_41' title="bbox 250 2247 1916 2336; baseline -0.001 -25"><span class='ocrx_word' id='word_1_279' title='bbox 250 2254 459 2334; x_wconf 78' lang='grc' dir='ltr'>δεῖγμα</span> <span class='ocrx_word' id='word_1_280' title='bbox 515 2256 607 2312; x_wconf 80' lang='grc' dir='ltr'><strong>καὶ</strong></span> <span class='ocrx_word' id='word_1_281' title='bbox 669 2255 828 2313; x_wconf 78' lang='grc' dir='ltr'>τοῦτο</span> <span class='ocrx_word' id='word_1_282' title='bbox 883 2254 1240 2336; x_wconf 76' lang='grc' dir='ltr'>σαφέστατον.</span> <span class='ocrx_word' id='word_1_283' title='bbox 1307 2247 1398 2317; x_wconf 63' lang='grc' dir='ltr'><strong>ιΩς</strong></span> <span class='ocrx_word' id='word_1_284' title='bbox 1455 2255 1556 2333; x_wconf 77' lang='grc' dir='ltr'><strong>γὰρ</strong></span> <span class='ocrx_word' id='word_1_285' title='bbox 1614 2259 1649 2326; x_wconf 72' lang='grc' dir='ltr'><strong>ἦ</strong></span> <span class='ocrx_word' id='word_1_286' title='bbox 1692 2252 1916 2320; x_wconf 84' lang='grc' dir='ltr'>τελευτή</span> 
     </span>
    </p>
   </div>
   <div class='ocr_carea' id='block_1_42' title="bbox 251 2343 1917 2424">
    <p class='ocr_par' dir='ltr' id='par_1_42' title="bbox 251 2343 1917 2424">
     <span class='ocr_line' id='line_1_42' title="bbox 251 2343 1917 2424; baseline -0.001 -23"><span class='ocrx_word' id='word_1_287' title='bbox 251 2343 364 2412; x_wconf 69' lang='grc' dir='ltr'><strong>ἤδη</strong></span> <span class='ocrx_word' id='word_1_288' title='bbox 405 2345 538 2424; x_wconf 80' lang='grc' dir='ltr'>πρὸς</span> <span class='ocrx_word' id='word_1_289' title='bbox 568 2346 734 2410; x_wconf 83' lang='grc' dir='ltr'>ἀκοὰς</span> <span class='ocrx_word' id='word_1_290' title='bbox 795 2346 1008 2420; x_wconf 78' lang='grc' dir='ltr'>ἔπιπτε,</span> <span class='ocrx_word' id='word_1_291' title='bbox 1041 2347 1129 2401; x_wconf 87' lang='grc' dir='ltr'><strong>καὶ</strong></span> <span class='ocrx_word' id='word_1_292' title='bbox 1172 2348 1205 2414; x_wconf 82' lang='grc' dir='ltr'><strong>ἡ</strong></span> <span class='ocrx_word' id='word_1_293' title='bbox 1238 2346 1390 2413; x_wconf 75' lang='grc' dir='ltr'>κοινὴ</span> <span class='ocrx_word' id='word_1_294' title='bbox 1441 2345 1606 2420; x_wconf 85' lang='grc' dir='ltr'>ζημία</span> <span class='ocrx_word' id='word_1_295' title='bbox 1638 2349 1917 2422; x_wconf 79' lang='grc' dir='ltr'>πανταχοῦ</span> 
     </span>
    </p>
   </div>
   <div class='ocr_carea' id='block_1_43' title="bbox 257 2431 1916 2514">
    <p class='ocr_par' dir='ltr' id='par_1_43' title="bbox 257 2431 1916 2514">
     <span class='ocr_line' id='line_1_43' title="bbox 257 2431 1916 2514; baseline -0.001 -26"><span class='ocrx_word' id='word_1_296' title='bbox 257 2431 538 2514; x_wconf 78' lang='grc' dir='ltr'>διεδίδοτο,</span> <span class='ocrx_word' id='word_1_297' title='bbox 589 2433 794 2502; x_wconf 75' lang='grc' dir='ltr'>πλῆθος</span> <span class='ocrx_word' id='word_1_298' title='bbox 853 2434 1076 2513; x_wconf 80' lang='grc' dir='ltr'>ἀριθμοῦ</span> <span class='ocrx_word' id='word_1_299' title='bbox 1132 2446 1397 2514; x_wconf 80' lang='grc' dir='ltr'>κρεῖττον,</span> <span class='ocrx_word' id='word_1_300' title='bbox 1445 2433 1649 2500; x_wconf 77' lang='grc' dir='ltr'>πλῆθος</span> <span class='ocrx_word' id='word_1_301' title='bbox 1694 2431 1916 2488; x_wconf 77' lang='grc' dir='ltr'>ἄπιστον</span> 
     </span>
    </p>
   </div>
   <div class='ocr_carea' id='block_1_44' title="bbox 254 2521 1912 2602">
    <p class='ocr_par' dir='ltr' id='par_1_44' title="bbox 254 2521 1912 2602">
     <span class='ocr_line' id='line_1_44' title="bbox 254 2521 1912 2602; baseline -0.001 -25"><span class='ocrx_word' id='word_1_302' title='bbox 254 2521 461 2600; x_wconf 79' lang='grc' dir='ltr'>ἀνδρῶν</span> <span class='ocrx_word' id='word_1_303' title='bbox 522 2525 658 2600; x_wconf 82' lang='grc' dir='ltr'>ὁμοῦ</span> <span class='ocrx_word' id='word_1_304' title='bbox 700 2527 788 2581; x_wconf 76' lang='grc' dir='ltr'><strong>καὶ</strong></span> <span class='ocrx_word' id='word_1_305' title='bbox 832 2524 1060 2602; x_wconf 87' lang='grc' dir='ltr'>γυναίων</span> <span class='ocrx_word' id='word_1_306' title='bbox 1111 2530 1216 2582; x_wconf 85' lang='grc' dir='ltr'>τῶν</span> <span class='ocrx_word' id='word_1_307' title='bbox 1263 2522 1489 2590; x_wconf 79' lang='grc' dir='ltr'>εὒσεόὠς</span> <span class='ocrx_word' id='word_1_308' title='bbox 1549 2522 1912 2598; x_wconf 77' lang='grc' dir='ltr'>ἀσκουμένων,</span> 
     </span>
    </p>
   </div>
   <div class='ocr_carea' id='block_1_45' title="bbox 255 2611 1915 2691">
    <p class='ocr_par' dir='ltr' id='par_1_45' title="bbox 255 2611 1915 2691">
     <span class='ocr_line' id='line_1_45' title="bbox 255 2611 1915 2691; baseline -0.001 -24"><span class='ocrx_word' id='word_1_309' title='bbox 255 2611 312 2678; x_wconf 80' lang='grc' dir='ltr'><strong>ἐξ</strong></span> <span class='ocrx_word' id='word_1_310' title='bbox 366 2613 528 2680; x_wconf 77' lang='grc' dir='ltr'>αὐτῆς</span> <span class='ocrx_word' id='word_1_311' title='bbox 588 2615 778 2691; x_wconf 85' lang='grc' dir='ltr'>Συρίας</span> <span class='ocrx_word' id='word_1_312' title='bbox 836 2615 923 2670; x_wconf 64' lang='grc' dir='ltr'>καθ</span> <span class='ocrx_word' id='word_1_313' title='bbox 989 2613 1256 2686; x_wconf 82' lang='grc' dir='ltr'>Κιλικίας,</span> <span class='ocrx_word' id='word_1_314' title='bbox 1303 2613 1364 2670; x_wconf 81' lang='grc' dir='ltr'>ἐκ</span> <span class='ocrx_word' id='word_1_315' title='bbox 1416 2614 1618 2670; x_wconf 81' lang='grc' dir='ltr'>Πόντου</span> <span class='ocrx_word' id='word_1_316' title='bbox 1661 2612 1718 2668; x_wconf 84' lang='grc' dir='ltr'><em>τέ</em></span> <span class='ocrx_word' id='word_1_317' title='bbox 1776 2634 1915 2691; x_wconf 78' lang='grc' dir='ltr'>φημι</span> 
     </span>
    </p>
   </div>
   <div class='ocr_carea' id='block_1_46' title="bbox 256 2702 1916 2784">
    <p class='ocr_par' dir='ltr' id='par_1_46' title="bbox 256 2702 1916 2784">
     <span class='ocr_line' id='line_1_46' title="bbox 256 2702 1916 2784; baseline -0.001 -26"><span class='ocrx_word' id='word_1_318' title='bbox 256 2703 348 2759; x_wconf 82' lang='grc' dir='ltr'><strong>καὶ</strong></span> <span class='ocrx_word' id='word_1_319' title='bbox 415 2702 512 2770; x_wconf 74' lang='grc' dir='ltr'>τῆς</span> <span class='ocrx_word' id='word_1_320' title='bbox 572 2702 880 2784; x_wconf 80' lang='grc' dir='ltr'>Ἀρμενίας,</span> <span class='ocrx_word' id='word_1_321' title='bbox 939 2705 1012 2767; x_wconf 83' lang='grc' dir='ltr'>εἶς</span> <span class='ocrx_word' id='word_1_322' title='bbox 1085 2705 1441 2783; x_wconf 83' lang='grc' dir='ltr'>προσκύνησιν</span> <span class='ocrx_word' id='word_1_323' title='bbox 1498 2712 1590 2762; x_wconf 91' lang='grc' dir='ltr'><strong>τοῦ</strong></span> <span class='ocrx_word' id='word_1_324' title='bbox 1659 2704 1916 2778; x_wconf 86' lang='grc' dir='ltr'>μακαρίου</span> 
     </span>
    </p>
   </div>
   <div class='ocr_carea' id='block_1_47' title="bbox 257 2790 1915 2870">
    <p class='ocr_par' dir='ltr' id='par_1_47' title="bbox 257 2790 1915 2870">
     <span class='ocr_line' id='line_1_47' title="bbox 257 2790 1915 2870; baseline -0.001 -23"><span class='ocrx_word' id='word_1_325' title='bbox 257 2790 532 2870; x_wconf 79' lang='grc' dir='ltr'>συνέῤῥεον</span> <span class='ocrx_word' id='word_1_326' title='bbox 596 2793 869 2868; x_wconf 83' lang='grc' dir='ltr'>σώματος.</span> <span class='ocrx_word' id='word_1_327' title='bbox 935 2792 1005 2852; x_wconf 81' lang='grc' dir='ltr'><strong>’Ὀ</strong></span> <span class='ocrx_word' id='word_1_328' title='bbox 1067 2795 1154 2850; x_wconf 82' lang='grc' dir='ltr'><strong>καὶ</strong></span> <span class='ocrx_word' id='word_1_329' title='bbox 1196 2799 1303 2850; x_wconf 81' lang='grc' dir='ltr'><strong>τῶν</strong></span> <span class='ocrx_word' id='word_1_330' title='bbox 1346 2796 1498 2869; x_wconf 73' lang='grc' dir='ltr'>ἱερῶν</span> <span class='ocrx_word' id='word_1_331' title='bbox 1569 2793 1774 2866; x_wconf 71' lang='grc' dir='ltr'>ὕμνων,</span> <span class='ocrx_word' id='word_1_332' title='bbox 1828 2791 1915 2846; x_wconf 84' lang='grc' dir='ltr'><strong>καὶ</strong></span> 
     </span>
    </p>
   </div>
   <div class='ocr_carea' id='block_1_48' title="bbox 261 2879 1911 2963">
    <p class='ocr_par' dir='ltr' id='par_1_48' title="bbox 261 2879 1911 2963">
     <span class='ocr_line' id='line_1_48' title="bbox 261 2879 1911 2963; baseline -0.002 -25"><span class='ocrx_word' id='word_1_333' title='bbox 261 2887 360 2948; x_wconf 77' lang='grc' dir='ltr'>τῆς</span> <span class='ocrx_word' id='word_1_334' title='bbox 411 2881 800 2958; x_wconf 80' lang='grc' dir='ltr'>νενομισμένης</span> <span class='ocrx_word' id='word_1_335' title='bbox 853 2885 1021 2963; x_wconf 85' lang='grc' dir='ltr'>τυχὸν</span> <span class='ocrx_word' id='word_1_336' title='bbox 1079 2881 1414 2960; x_wconf 80' lang='grc' dir='ltr'>ψαλμῳδίας,</span> <span class='ocrx_word' id='word_1_337' title='bbox 1447 2883 1642 2962; x_wconf 78' lang='grc' dir='ltr'>χεῖράς</span> <span class='ocrx_word' id='word_1_338' title='bbox 1685 2885 1742 2936; x_wconf 78' lang='grc' dir='ltr'><strong>τε</strong></span> <span class='ocrx_word' id='word_1_339' title='bbox 1794 2879 1911 2935; x_wconf 81' lang='grc' dir='ltr'>δια-</span> 
     </span>
    </p>
   </div>
   <div class='ocr_carea' id='block_1_49' title="bbox 261 2968 1916 3051">
    <p class='ocr_par' dir='ltr' id='par_1_49' title="bbox 261 2968 1916 3051">
     <span class='ocr_line' id='line_1_49' title="bbox 261 2968 1916 3051; baseline -0.002 -24"><span class='ocrx_word' id='word_1_340' title='bbox 261 2971 426 3050; x_wconf 75' lang='grc' dir='ltr'>φυγὸν</span> <span class='ocrx_word' id='word_1_341' title='bbox 480 2977 588 3028; x_wconf 82' lang='grc' dir='ltr'>τῶν</span> <span class='ocrx_word' id='word_1_342' title='bbox 649 2971 833 3051; x_wconf 77' lang='grc' dir='ltr'>ὥσπερ</span> <span class='ocrx_word' id='word_1_343' title='bbox 888 2972 964 3029; x_wconf 70' lang='grc' dir='ltr'>ἔτι</span> <span class='ocrx_word' id='word_1_344' title='bbox 1034 2979 1229 3043; x_wconf 84' lang='grc' dir='ltr'>ζῶντος</span> <span class='ocrx_word' id='word_1_345' title='bbox 1286 2971 1704 3049; x_wconf 81' lang='grc' dir='ltr'>λαμϐανομένων</span> <span class='ocrx_word' id='word_1_346' title='bbox 1761 2968 1916 3028; x_wconf 72' lang='grc' dir='ltr'>αὐτοῦ</span> 
     </span>
    </p>
   </div>
   <div class='ocr_carea' id='block_1_50' title="bbox 261 3059 1915 3139">
    <p class='ocr_par' dir='ltr' id='par_1_50' title="bbox 261 3059 1915 3139">
     <span class='ocr_line' id='line_1_50' title="bbox 261 3059 1915 3139; baseline 0.001 -25"><span class='ocrx_word' id='word_1_347' title='bbox 261 3060 351 3116; x_wconf 85' lang='grc' dir='ltr'><strong>καὶ</strong></span> <span class='ocrx_word' id='word_1_348' title='bbox 380 3059 814 3138; x_wconf 58' lang='grc' dir='ltr'>βισπαζομένων,</span> <span class='ocrx_word' id='word_1_349' title='bbox 869 3059 994 3118; x_wconf 78' lang='grc' dir='ltr'>ὅλον</span> <span class='ocrx_word' id='word_1_350' title='bbox 1050 3083 1108 3118; x_wconf 84' lang='grc' dir='ltr'><strong>τε</strong></span> <span class='ocrx_word' id='word_1_351' title='bbox 1153 3062 1245 3117; x_wconf 88' lang='grc' dir='ltr'><strong>σὺν</strong></span> <span class='ocrx_word' id='word_1_352' title='bbox 1295 3059 1460 3138; x_wconf 76' lang='grc' dir='ltr'>ἣδονῇ</span> <span class='ocrx_word' id='word_1_353' title='bbox 1515 3059 1915 3139; x_wconf 88' lang='grc' dir='ltr'>περιπλεκομέ-</span> 
     </span>
    </p>
   </div>
   <div class='ocr_carea' id='block_1_51' title="bbox 259 3150 1918 3232">
    <p class='ocr_par' dir='ltr' id='par_1_51' title="bbox 259 3150 1918 3232">
     <span class='ocr_line' id='line_1_51' title="bbox 259 3150 1918 3232; baseline -0.001 -25"><span class='ocrx_word' id='word_1_354' title='bbox 259 3170 386 3224; x_wconf 83' lang='grc' dir='ltr'>νων,</span> <span class='ocrx_word' id='word_1_355' title='bbox 450 3152 540 3208; x_wconf 84' lang='grc' dir='ltr'><strong>καὶ</strong></span> <span class='ocrx_word' id='word_1_356' title='bbox 587 3155 665 3226; x_wconf 80' lang='grc' dir='ltr'>μὴ</span> <span class='ocrx_word' id='word_1_357' title='bbox 725 3155 970 3228; x_wconf 78' lang='grc' dir='ltr'>μεθεῖναι</span> <span class='ocrx_word' id='word_1_358' title='bbox 1017 3150 1475 3232; x_wconf 79' lang='grc' dir='ltr'>φιλονεικούντων,</span> <span class='ocrx_word' id='word_1_359' title='bbox 1518 3151 1760 3230; x_wconf 74' lang='grc' dir='ltr'>ἔχομενᾶ</span> <span class='ocrx_word' id='word_1_360' title='bbox 1814 3171 1918 3206; x_wconf 90' lang='grc' dir='ltr'><strong>που</strong></span> 
     </span>
    </p>
   </div>
   <div class='ocr_carea' id='block_1_52' title="bbox 259 3238 1910 3320">
    <p class='ocr_par' dir='ltr' id='par_1_52' title="bbox 259 3238 1910 3320">
     <span class='ocr_line' id='line_1_52' title="bbox 259 3238 1910 3320; baseline 0 -26"><span class='ocrx_word' id='word_1_361' title='bbox 259 3238 583 3297; x_wconf 82' lang='grc' dir='ltr'>Βασιλίσκοῦ</span> <span class='ocrx_word' id='word_1_362' title='bbox 639 3249 730 3299; x_wconf 86' lang='grc' dir='ltr'><strong>τοῦ</strong></span> <span class='ocrx_word' id='word_1_363' title='bbox 791 3244 1051 3320; x_wconf 80' lang='grc' dir='ltr'>μάρτυρος</span> <span class='ocrx_word' id='word_1_364' title='bbox 1113 3242 1368 3308; x_wconf 82' lang='grc' dir='ltr'>κατετέθη</span> <span class='ocrx_word' id='word_1_365' title='bbox 1425 3243 1496 3306; x_wconf 79' lang='grc' dir='ltr'>εἰς</span> <span class='ocrx_word' id='word_1_366' title='bbox 1548 3239 1700 3306; x_wconf 79' lang='grc' dir='ltr'>δόξαν</span> <span class='ocrx_word' id='word_1_367' title='bbox 1759 3247 1910 3313; x_wconf 83' lang='grc' dir='ltr'>Θεοῦ,</span> 
     </span>
    </p>
   </div>
   <div class='ocr_carea' id='block_1_53' title="bbox 260 3327 1353 3398">
    <p class='ocr_par' dir='ltr' id='par_1_53' title="bbox 260 3327 1353 3398">
     <span class='ocr_line' id='line_1_53' title="bbox 260 3327 1353 3398; baseline 0.003 -15"><span class='ocrx_word' id='word_1_368' title='bbox 260 3330 326 3384; x_wconf 79' lang='grc' dir='ltr'>οὗ</span> <span class='ocrx_word' id='word_1_369' title='bbox 350 3327 525 3385; x_wconf 77' lang='grc' dir='ltr'>πάντα</span> <span class='ocrx_word' id='word_1_370' title='bbox 554 3329 625 3396; x_wconf 82' lang='grc' dir='ltr'><strong>είς</strong></span> <span class='ocrx_word' id='word_1_371' title='bbox 667 3330 820 3398; x_wconf 78' lang='grc' dir='ltr'>δόξαν</span> <span class='ocrx_word' id='word_1_372' title='bbox 863 3335 1020 3394; x_wconf 70' lang='grc' dir='ltr'>αὐτὸς</span> <span class='ocrx_word' id='word_1_373' title='bbox 1052 3331 1220 3388; x_wconf 77' lang='grc' dir='ltr'>ἐποίει</span> <span class='ocrx_word' id='word_1_374' title='bbox 1252 3331 1353 3394; x_wconf 82' lang='grc' dir='ltr'>ἀεί,</span> 
     </span>
    </p>
   </div>
   <div class='ocr_carea' id='block_1_54' title="bbox 2066 2163 3644 2247">
    <p class='ocr_par' dir='ltr' id='par_1_54' title="bbox 2066 2163 3644 2247">
     <span class='ocr_line' id='line_1_54' title="bbox 2066 2163 3644 2247; baseline 0.002 -19"><span class='ocrx_word' id='word_1_375' title='bbox 2066 2163 2384 2228; x_wconf 86' lang='lat' dir='ltr'><strong>LX[.Tunc</strong></span> <span class='ocrx_word' id='word_1_376' title='bbox 2413 2173 2612 2227; x_wconf 89' lang='lat' dir='ltr'><strong>autem</strong></span> <span class='ocrx_word' id='word_1_377' title='bbox 2640 2166 2869 2229; x_wconf 85' lang='lat' dir='ltr'><strong>exsistit</strong></span> <span class='ocrx_word' id='word_1_378' title='bbox 2897 2168 3192 2247; x_wconf 87' lang='lat' dir='ltr'><strong>quoddam</strong></span> <span class='ocrx_word' id='word_1_379' title='bbox 3227 2169 3644 2232; x_wconf 85' lang='lat' dir='ltr'><strong>manifestissi-</strong></span> 
     </span>
    </p>
   </div>
   <div class='ocr_carea' id='block_1_55' title="bbox 2001 2254 3640 2321">
    <p class='ocr_par' dir='ltr' id='par_1_55' title="bbox 2001 2254 3640 2321">
     <span class='ocr_line' id='line_1_55' title="bbox 2001 2254 3640 2321; baseline 0.003 -5"><span class='ocrx_word' id='word_1_380' title='bbox 2001 2273 2160 2316; x_wconf 92' lang='lat' dir='ltr'><strong>mum</strong></span> <span class='ocrx_word' id='word_1_381' title='bbox 2193 2254 2482 2318; x_wconf 88' lang='lat' dir='ltr'><strong>iudicium</strong></span> <span class='ocrx_word' id='word_1_382' title='bbox 2519 2257 2783 2317; x_wconf 88' lang='lat' dir='ltr'><strong>omnium</strong></span> <span class='ocrx_word' id='word_1_383' title='bbox 2816 2259 3037 2318; x_wconf 90' lang='lat' dir='ltr'><strong>amoris</strong></span> <span class='ocrx_word' id='word_1_384' title='bbox 3061 2263 3119 2318; x_wconf 86' lang='lat' dir='ltr'><strong>in</strong></span> <span class='ocrx_word' id='word_1_385' title='bbox 3153 2258 3462 2321; x_wconf 88' lang='lat' dir='ltr'><strong>Sanctum.</strong></span> <span class='ocrx_word' id='word_1_386' title='bbox 3496 2259 3640 2321; x_wconf 92' lang='lat' dir='ltr'><strong>Nam</strong></span> 
     </span>
    </p>
   </div>
   <div class='ocr_carea' id='block_1_56' title="bbox 1999 2345 3644 2426">
    <p class='ocr_par' dir='ltr' id='par_1_56' title="bbox 1999 2345 3644 2426">
     <span class='ocr_line' id='line_1_56' title="bbox 1999 2345 3644 2426; baseline 0.002 -19"><span class='ocrx_word' id='word_1_387' title='bbox 1999 2363 2134 2407; x_wconf 92' lang='lat' dir='ltr'><strong>cum</strong></span> <span class='ocrx_word' id='word_1_388' title='bbox 2159 2353 2284 2422; x_wconf 87' lang='lat' dir='ltr'><strong>jam</strong></span> <span class='ocrx_word' id='word_1_389' title='bbox 2308 2345 2378 2405; x_wconf 86' lang='lat' dir='ltr'><strong>ad</strong></span> <span class='ocrx_word' id='word_1_390' title='bbox 2416 2345 2732 2406; x_wconf 91' lang='lat' dir='ltr'><strong>multorum</strong></span> <span class='ocrx_word' id='word_1_391' title='bbox 2767 2365 2941 2407; x_wconf 90' lang='lat' dir='ltr'><strong>aures</strong></span> <span class='ocrx_word' id='word_1_392' title='bbox 2975 2349 3346 2426; x_wconf 66' lang='lat' dir='ltr'><strong>pervenisset</strong></span> <span class='ocrx_word' id='word_1_393' title='bbox 3375 2368 3509 2410; x_wconf 93' lang='lat' dir='ltr'><strong>eum</strong></span> <span class='ocrx_word' id='word_1_394' title='bbox 3536 2350 3644 2410; x_wconf 90' lang='lat' dir='ltr'><strong>de-</strong></span> 
     </span>
    </p>
   </div>
   <div class='ocr_carea' id='block_1_57' title="bbox 2000 2435 3639 2519">
    <p class='ocr_par' dir='ltr' id='par_1_57' title="bbox 2000 2435 3639 2519">
     <span class='ocr_line' id='line_1_57' title="bbox 2000 2435 3639 2519; baseline 0.001 -22"><span class='ocrx_word' id='word_1_395' title='bbox 2000 2435 2280 2514; x_wconf 90' lang='lat' dir='ltr'><strong>cessisse,</strong></span> <span class='ocrx_word' id='word_1_396' title='bbox 2313 2442 2372 2495; x_wconf 89' lang='lat' dir='ltr'><strong>et</strong></span> <span class='ocrx_word' id='word_1_397' title='bbox 2417 2436 2752 2496; x_wconf 90' lang='lat' dir='ltr'><strong>communis</strong></span> <span class='ocrx_word' id='word_1_398' title='bbox 2776 2437 3008 2515; x_wconf 86' lang='lat' dir='ltr'><strong>jactura</strong></span> <span class='ocrx_word' id='word_1_399' title='bbox 3038 2439 3096 2498; x_wconf 91' lang='lat' dir='ltr'><strong>in</strong></span> <span class='ocrx_word' id='word_1_400' title='bbox 3127 2457 3364 2499; x_wconf 88' lang='lat' dir='ltr'><strong>omnem</strong></span> <span class='ocrx_word' id='word_1_401' title='bbox 3416 2448 3639 2519; x_wconf 88' lang='lat' dir='ltr'><strong>partem</strong></span> 
     </span>
    </p>
   </div>
   <div class='ocr_carea' id='block_1_58' title="bbox 2002 2525 3642 2608">
    <p class='ocr_par' dir='ltr' id='par_1_58' title="bbox 2002 2525 3642 2608">
     <span class='ocr_line' id='line_1_58' title="bbox 2002 2525 3642 2608; baseline 0.003 -23"><span class='ocrx_word' id='word_1_402' title='bbox 2002 2525 2410 2604; x_wconf 87' lang='lat' dir='ltr'><strong>persuaderet,</strong></span> <span class='ocrx_word' id='word_1_403' title='bbox 2450 2525 2768 2586; x_wconf 88' lang='lat' dir='ltr'><strong>multitudo</strong></span> <span class='ocrx_word' id='word_1_404' title='bbox 2820 2525 3295 2608; x_wconf 89' lang='lat' dir='ltr'><strong>innumerabilis,</strong></span> <span class='ocrx_word' id='word_1_405' title='bbox 3331 2529 3642 2591; x_wconf 89' lang='lat' dir='ltr'><strong>multitudo</strong></span> 
     </span>
    </p>
   </div>
   <div class='ocr_carea' id='block_1_59' title="bbox 1998 2613 3645 2700">
    <p class='ocr_par' dir='ltr' id='par_1_59' title="bbox 1998 2613 3645 2700">
     <span class='ocr_line' id='line_1_59' title="bbox 1998 2613 3645 2700; baseline 0.004 -26"><span class='ocrx_word' id='word_1_406' title='bbox 1998 2613 2373 2676; x_wconf 88' lang='lat' dir='ltr'><strong>incredibilis</strong></span> <span class='ocrx_word' id='word_1_407' title='bbox 2411 2613 2669 2675; x_wconf 90' lang='lat' dir='ltr'><strong>virorum</strong></span> <span class='ocrx_word' id='word_1_408' title='bbox 2722 2616 2898 2677; x_wconf 91' lang='lat' dir='ltr'><strong>simul</strong></span> <span class='ocrx_word' id='word_1_409' title='bbox 2934 2627 2990 2678; x_wconf 91' lang='lat' dir='ltr'><strong>et</strong></span> <span class='ocrx_word' id='word_1_410' title='bbox 3020 2617 3361 2694; x_wconf 87' lang='lat' dir='ltr'><strong>mulierum,</strong></span> <span class='ocrx_word' id='word_1_411' title='bbox 3389 2638 3520 2700; x_wconf 74' lang='lat' dir='ltr'><strong>qum</strong></span> <span class='ocrx_word' id='word_1_412' title='bbox 3549 2625 3645 2700; x_wconf 88' lang='lat' dir='ltr'><strong>pie</strong></span> 
     </span>
    </p>
   </div>
   <div class='ocr_carea' id='block_1_60' title="bbox 1999 2703 3648 2786">
    <p class='ocr_par' dir='ltr' id='par_1_60' title="bbox 1999 2703 3648 2786">
     <span class='ocr_line' id='line_1_60' title="bbox 1999 2703 3648 2786; baseline 0.004 -22"><span class='ocrx_word' id='word_1_413' title='bbox 1999 2703 2459 2776; x_wconf 86' lang='lat' dir='ltr'><strong>exercebantur,</strong></span> <span class='ocrx_word' id='word_1_414' title='bbox 2487 2722 2558 2765; x_wconf 87' lang='lat' dir='ltr'><strong>ex</strong></span> <span class='ocrx_word' id='word_1_415' title='bbox 2591 2705 2718 2785; x_wconf 88' lang='lat' dir='ltr'><strong>ipsa</strong></span> <span class='ocrx_word' id='word_1_416' title='bbox 2743 2707 2908 2786; x_wconf 58' lang='lat' dir='ltr'><strong>Syria</strong></span> <span class='ocrx_word' id='word_1_417' title='bbox 2934 2715 2992 2767; x_wconf 90' lang='lat' dir='ltr'><strong>et</strong></span> <span class='ocrx_word' id='word_1_418' title='bbox 3021 2706 3248 2781; x_wconf 88' lang='lat' dir='ltr'><strong>Cilicia,</strong></span> <span class='ocrx_word' id='word_1_419' title='bbox 3276 2728 3345 2769; x_wconf 84' lang='lat' dir='ltr'><strong>ex</strong></span> <span class='ocrx_word' id='word_1_420' title='bbox 3371 2711 3557 2772; x_wconf 87' lang='lat' dir='ltr'><strong>Ponto</strong></span> <span class='ocrx_word' id='word_1_421' title='bbox 3588 2717 3648 2770; x_wconf 88' lang='lat' dir='ltr'><strong>et</strong></span> 
     </span>
    </p>
   </div>
   <div class='ocr_carea' id='block_1_61' title="bbox 1998 2793 3640 2860">
    <p class='ocr_par' dir='ltr' id='par_1_61' title="bbox 1998 2793 3640 2860">
     <span class='ocr_line' id='line_1_61' title="bbox 1998 2793 3640 2860; baseline 0.003 -5"><span class='ocrx_word' id='word_1_422' title='bbox 1998 2793 2278 2855; x_wconf 85' lang='lat' dir='ltr'><strong>Armenia</strong></span> <span class='ocrx_word' id='word_1_423' title='bbox 2305 2793 2646 2854; x_wconf 84' lang='lat' dir='ltr'><strong>conﬂuebat</strong></span> <span class='ocrx_word' id='word_1_424' title='bbox 2667 2795 2738 2857; x_wconf 88' lang='lat' dir='ltr'><strong>ad</strong></span> <span class='ocrx_word' id='word_1_425' title='bbox 2763 2795 3134 2858; x_wconf 91' lang='lat' dir='ltr'><strong>adorandum</strong></span> <span class='ocrx_word' id='word_1_426' title='bbox 3173 2797 3412 2860; x_wconf 88' lang='lat' dir='ltr'><strong>beatum</strong></span> <span class='ocrx_word' id='word_1_427' title='bbox 3438 2799 3640 2860; x_wconf 81' lang='lat' dir='ltr'><strong>taber-</strong></span> 
     </span>
    </p>
   </div>
   <div class='ocr_carea' id='block_1_62' title="bbox 2000 2882 3643 2965">
    <p class='ocr_par' dir='ltr' id='par_1_62' title="bbox 2000 2882 3643 2965">
     <span class='ocr_line' id='line_1_62' title="bbox 2000 2882 3643 2965; baseline 0.004 -22"><span class='ocrx_word' id='word_1_428' title='bbox 2000 2882 2482 2954; x_wconf 88' lang='lat' dir='ltr'><strong>naculum.Quod</strong></span> <span class='ocrx_word' id='word_1_429' title='bbox 2507 2884 2916 2965; x_wconf 87' lang='lat' dir='ltr'><strong>quidem,cum</strong></span> <span class='ocrx_word' id='word_1_430' title='bbox 2951 2887 3006 2947; x_wconf 91' lang='lat' dir='ltr'><strong>ei</strong></span> <span class='ocrx_word' id='word_1_431' title='bbox 3031 2885 3105 2947; x_wconf 90' lang='lat' dir='ltr'><strong>de</strong></span> <span class='ocrx_word' id='word_1_432' title='bbox 3133 2905 3300 2948; x_wconf 91' lang='lat' dir='ltr'><strong>more</strong></span> <span class='ocrx_word' id='word_1_433' title='bbox 3323 2888 3479 2951; x_wconf 89' lang='lat' dir='ltr'><strong>sacri</strong></span> <span class='ocrx_word' id='word_1_434' title='bbox 3503 2888 3643 2950; x_wconf 91' lang='lat' dir='ltr'><strong>dicti</strong></span> 
     </span>
    </p>
   </div>
   <div class='ocr_carea' id='block_1_63' title="bbox 1997 2970 3646 3054">
    <p class='ocr_par' dir='ltr' id='par_1_63' title="bbox 1997 2970 3646 3054">
     <span class='ocr_line' id='line_1_63' title="bbox 1997 2970 3646 3054; baseline 0.004 -23"><span class='ocrx_word' id='word_1_435' title='bbox 1997 2970 2248 3033; x_wconf 84' lang='lat' dir='ltr'><strong>fuissent</strong></span> <span class='ocrx_word' id='word_1_436' title='bbox 2274 2971 2476 3053; x_wconf 80' lang='lat' dir='ltr'><strong>hymni</strong></span> <span class='ocrx_word' id='word_1_437' title='bbox 2511 2981 2568 3033; x_wconf 90' lang='lat' dir='ltr'><strong>et</strong></span> <span class='ocrx_word' id='word_1_438' title='bbox 2599 2973 2954 3054; x_wconf 85' lang='lat' dir='ltr'><strong>psalmodia,</strong></span> <span class='ocrx_word' id='word_1_439' title='bbox 2987 2982 3046 3035; x_wconf 89' lang='lat' dir='ltr'><strong>et</strong></span> <span class='ocrx_word' id='word_1_440' title='bbox 3075 2974 3166 3036; x_wconf 85' lang='lat' dir='ltr'><strong>vix</strong></span> <span class='ocrx_word' id='word_1_441' title='bbox 3199 2976 3508 3054; x_wconf 77' lang='lat' dir='ltr'><strong>effugisset</strong></span> <span class='ocrx_word' id='word_1_442' title='bbox 3537 2995 3646 3038; x_wconf 88' lang='lat' dir='ltr'><strong>eo-</strong></span> 
     </span>
    </p>
   </div>
   <div class='ocr_carea' id='block_1_64' title="bbox 1997 3067 3649 3140">
    <p class='ocr_par' dir='ltr' id='par_1_64' title="bbox 1997 3067 3649 3140">
     <span class='ocr_line' id='line_1_64' title="bbox 1997 3067 3649 3140; baseline 0.005 -18"><span class='ocrx_word' id='word_1_443' title='bbox 1997 3080 2127 3123; x_wconf 88' lang='lat' dir='ltr'><strong>rum</strong></span> <span class='ocrx_word' id='word_1_444' title='bbox 2151 3080 2378 3128; x_wconf 87' lang='lat' dir='ltr'><strong>manus,</strong></span> <span class='ocrx_word' id='word_1_445' title='bbox 2406 3067 2503 3138; x_wconf 89' lang='lat' dir='ltr'><strong>qui</strong></span> <span class='ocrx_word' id='word_1_446' title='bbox 2535 3067 2720 3138; x_wconf 90' lang='lat' dir='ltr'><strong>ipsum</strong></span> <span class='ocrx_word' id='word_1_447' title='bbox 2744 3077 3018 3140; x_wconf 86' lang='lat' dir='ltr'><strong>tanquam</strong></span> <span class='ocrx_word' id='word_1_448' title='bbox 3060 3071 3252 3127; x_wconf 89' lang='lat' dir='ltr'><strong>vivum</strong></span> <span class='ocrx_word' id='word_1_449' title='bbox 3285 3071 3649 3140; x_wconf 88' lang='lat' dir='ltr'><strong>accipiebant</strong></span> 
     </span>
    </p>
   </div>
   <div class='ocr_carea' id='block_1_65' title="bbox 2000 3151 3643 3234">
    <p class='ocr_par' dir='ltr' id='par_1_65' title="bbox 2000 3151 3643 3234">
     <span class='ocr_line' id='line_1_65' title="bbox 2000 3151 3643 3234; baseline 0.004 -21"><span class='ocrx_word' id='word_1_450' title='bbox 2000 3159 2059 3213; x_wconf 89' lang='lat' dir='ltr'><strong>et</strong></span> <span class='ocrx_word' id='word_1_451' title='bbox 2083 3170 2216 3214; x_wconf 91' lang='lat' dir='ltr'><strong>cum</strong></span> <span class='ocrx_word' id='word_1_452' title='bbox 2247 3151 2458 3227; x_wconf 76' lang='lat' dir='ltr'><strong>gaudio</strong></span> <span class='ocrx_word' id='word_1_453' title='bbox 2489 3155 3068 3234; x_wconf 86' lang='lat' dir='ltr'><strong>complectebantur,</strong></span> <span class='ocrx_word' id='word_1_454' title='bbox 3105 3164 3165 3217; x_wconf 91' lang='lat' dir='ltr'><strong>et</strong></span> <span class='ocrx_word' id='word_1_455' title='bbox 3195 3156 3251 3216; x_wconf 91' lang='lat' dir='ltr'><strong>id</strong></span> <span class='ocrx_word' id='word_1_456' title='bbox 3306 3157 3643 3219; x_wconf 85' lang='lat' dir='ltr'><strong>contende-</strong></span> 
     </span>
    </p>
   </div>
   <div class='ocr_carea' id='block_1_66' title="bbox 1999 3240 3646 3326">
    <p class='ocr_par' dir='ltr' id='par_1_66' title="bbox 1999 3240 3646 3326">
     <span class='ocr_line' id='line_1_66' title="bbox 1999 3240 3646 3326; baseline 0.004 -26"><span class='ocrx_word' id='word_1_457' title='bbox 1999 3240 2457 3320; x_wconf 85' lang='lat' dir='ltr'><strong>bant,quidquid</strong></span> <span class='ocrx_word' id='word_1_458' title='bbox 2485 3242 2804 3318; x_wconf 85' lang='lat' dir='ltr'><strong>ﬁeret,non</strong></span> <span class='ocrx_word' id='word_1_459' title='bbox 2829 3244 3484 3325; x_wconf 86' lang='lat' dir='ltr'><strong>dimittere,deponitur</strong></span> <span class='ocrx_word' id='word_1_460' title='bbox 3514 3265 3646 3326; x_wconf 90' lang='lat' dir='ltr'><strong>pro-</strong></span> 
     </span>
    </p>
   </div>
   <div class='ocr_carea' id='block_1_67' title="bbox 2001 3329 3639 3412">
    <p class='ocr_par' dir='ltr' id='par_1_67' title="bbox 2001 3329 3639 3412">
     <span class='ocr_line' id='line_1_67' title="bbox 2001 3329 3639 3412; baseline 0.001 -20"><span class='ocrx_word' id='word_1_461' title='bbox 2001 3348 2074 3409; x_wconf 89' lang='lat' dir='ltr'><strong>pe</strong></span> <span class='ocrx_word' id='word_1_462' title='bbox 2107 3329 2458 3391; x_wconf 87' lang='lat' dir='ltr'><strong>Basiliscum</strong></span> <span class='ocrx_word' id='word_1_463' title='bbox 2506 3341 2852 3412; x_wconf 80' lang='lat' dir='ltr'><strong>martyrem,</strong></span> <span class='ocrx_word' id='word_1_464' title='bbox 2885 3351 3099 3394; x_wconf 83' lang='lat' dir='ltr'><strong>revera</strong></span> <span class='ocrx_word' id='word_1_465' title='bbox 3145 3333 3385 3412; x_wconf 90' lang='lat' dir='ltr'><strong>dignum</strong></span> <span class='ocrx_word' id='word_1_466' title='bbox 3438 3335 3639 3395; x_wconf 86' lang='lat' dir='ltr'><strong>omni-</strong></span> 
     </span>
    </p>
   </div>
   <div class='ocr_carea' id='block_1_68' title="bbox 257 3415 3635 3502">
    <p class='ocr_par' dir='ltr' id='par_1_68' title="bbox 257 3415 3635 3502">
     <span class='ocr_line' id='line_1_68' title="bbox 257 3415 3635 3502; baseline 0.001 -24"><span class='ocrx_word' id='word_1_467' title='bbox 257 3415 373 3478; x_wconf 87' lang='lat' dir='ltr'><strong>bus</strong></span> <span class='ocrx_word' id='word_1_468' title='bbox 419 3416 723 3494; x_wconf 89' lang='lat' dir='ltr'><strong>laudibus,</strong></span> <span class='ocrx_word' id='word_1_469' title='bbox 753 3429 818 3483; x_wconf 89' lang='lat' dir='ltr'><strong>ut</strong></span> <span class='ocrx_word' id='word_1_470' title='bbox 846 3419 1007 3502; x_wconf 88' lang='lat' dir='ltr'><strong>quod</strong></span> <span class='ocrx_word' id='word_1_471' title='bbox 1041 3420 1141 3483; x_wconf 87' lang='lat' dir='ltr'><strong>tali</strong></span> <span class='ocrx_word' id='word_1_472' title='bbox 1173 3419 1354 3482; x_wconf 89' lang='lat' dir='ltr'><strong>fuerit</strong></span> <span class='ocrx_word' id='word_1_473' title='bbox 1381 3420 1598 3482; x_wconf 65' lang='lat' dir='ltr'><strong>animai</strong></span> <span class='ocrx_word' id='word_1_474' title='bbox 1642 3420 2056 3500; x_wconf 87' lang='lat' dir='ltr'><strong>conjunctum,</strong></span> <span class='ocrx_word' id='word_1_475' title='bbox 2093 3427 2153 3480; x_wconf 92' lang='lat' dir='ltr'><strong>et</strong></span> <span class='ocrx_word' id='word_1_476' title='bbox 2184 3418 2387 3479; x_wconf 86' lang='lat' dir='ltr'><strong>talium</strong></span> <span class='ocrx_word' id='word_1_477' title='bbox 2423 3417 2691 3480; x_wconf 91' lang='lat' dir='ltr'><strong>laborum</strong></span> <span class='ocrx_word' id='word_1_478' title='bbox 2743 3422 2917 3481; x_wconf 90' lang='lat' dir='ltr'><strong>fuerit</strong></span> <span class='ocrx_word' id='word_1_479' title='bbox 2950 3422 3001 3481; x_wconf 91' lang='lat' dir='ltr'><strong>ei</strong></span> <span class='ocrx_word' id='word_1_480' title='bbox 3036 3422 3288 3492; x_wconf 88' lang='lat' dir='ltr'><strong>socium,</strong></span> <span class='ocrx_word' id='word_1_481' title='bbox 3327 3432 3385 3484; x_wconf 90' lang='lat' dir='ltr'><strong>et</strong></span> <span class='ocrx_word' id='word_1_482' title='bbox 3419 3423 3635 3483; x_wconf 88' lang='lat' dir='ltr'><strong>minis-</strong></span> 
     </span>
    </p>
   </div>
   <div class='ocr_carea' id='block_1_69' title="bbox 260 3505 3640 3591">
    <p class='ocr_par' dir='ltr' id='par_1_69' title="bbox 260 3505 3640 3591">
     <span class='ocr_line' id='line_1_69' title="bbox 260 3505 3640 3591; baseline 0.002 -25"><span class='ocrx_word' id='word_1_483' title='bbox 260 3505 397 3567; x_wconf 86' lang='lat' dir='ltr'><strong>terii</strong></span> <span class='ocrx_word' id='word_1_484' title='bbox 431 3507 581 3586; x_wconf 88' lang='lat' dir='ltr'><strong>grati</strong></span> <span class='ocrx_word' id='word_1_485' title='bbox 629 3508 708 3588; x_wconf 89' lang='lat' dir='ltr'><strong>ei,</strong></span> <span class='ocrx_word' id='word_1_486' title='bbox 740 3510 841 3590; x_wconf 85' lang='lat' dir='ltr'><strong>qui</strong></span> <span class='ocrx_word' id='word_1_487' title='bbox 872 3511 1065 3591; x_wconf 92' lang='lat' dir='ltr'><strong>ipsum</strong></span> <span class='ocrx_word' id='word_1_488' title='bbox 1099 3510 1324 3572; x_wconf 87' lang='lat' dir='ltr'><strong>creavit</strong></span> <span class='ocrx_word' id='word_1_489' title='bbox 1357 3527 1370 3572; x_wconf 92' lang='lat'>:</span> <span class='ocrx_word' id='word_1_490' title='bbox 1433 3509 1525 3572; x_wconf 87' lang='lat' dir='ltr'><strong>Ad</strong></span> <span class='ocrx_word' id='word_1_491' title='bbox 1559 3509 1794 3572; x_wconf 85' lang='lat' dir='ltr'><strong>laudem</strong></span> <span class='ocrx_word' id='word_1_492' title='bbox 1854 3509 2044 3590; x_wconf 89' lang='lat' dir='ltr'><strong>ipsius</strong></span> <span class='ocrx_word' id='word_1_493' title='bbox 2081 3508 2218 3569; x_wconf 89' lang='lat' dir='ltr'><strong>boni</strong></span> <span class='ocrx_word' id='word_1_494' title='bbox 2275 3507 2380 3569; x_wconf 90' lang='lat' dir='ltr'><strong>Dei</strong></span> <span class='ocrx_word' id='word_1_495' title='bbox 2414 3510 2602 3571; x_wconf 91' lang='lat' dir='ltr'><strong>nostri</strong></span> <span class='ocrx_word' id='word_1_496' title='bbox 2655 3511 2725 3570; x_wconf 91' lang='lat' dir='ltr'><strong>ad</strong></span> <span class='ocrx_word' id='word_1_497' title='bbox 2760 3511 2929 3589; x_wconf 84' lang='lat' dir='ltr'><strong>cujus</strong></span> <span class='ocrx_word' id='word_1_498' title='bbox 2977 3509 3225 3587; x_wconf 86' lang='lat' dir='ltr'><strong>gloriam</strong></span> <span class='ocrx_word' id='word_1_499' title='bbox 3261 3510 3390 3590; x_wconf 92' lang='lat' dir='ltr'><strong>ipse</strong></span> <span class='ocrx_word' id='word_1_500' title='bbox 3441 3514 3640 3574; x_wconf 90' lang='lat' dir='ltr'><strong>omnia</strong></span> 
     </span>
    </p>
   </div>
   <div class='ocr_carea' id='block_1_70' title="bbox 251 3592 3636 3682">
    <p class='ocr_par' dir='ltr' id='par_1_70' title="bbox 251 3592 3636 3682">
     <span class='ocr_line' id='line_1_70' title="bbox 251 3592 3636 3682; baseline 0.002 -28"><span class='ocrx_word' id='word_1_501' title='bbox 251 3592 534 3671; x_wconf 83' lang='lat' dir='ltr'><strong>faciebat,</strong></span> <span class='ocrx_word' id='word_1_502' title='bbox 571 3603 630 3657; x_wconf 86' lang='lat' dir='ltr'><strong>et</strong></span> <span class='ocrx_word' id='word_1_503' title='bbox 680 3595 984 3678; x_wconf 88' lang='lat' dir='ltr'><strong>Unigeniti</strong></span> <span class='ocrx_word' id='word_1_504' title='bbox 1015 3599 1148 3679; x_wconf 84' lang='lat' dir='ltr'><strong>ejus</strong></span> <span class='ocrx_word' id='word_1_505' title='bbox 1205 3597 1367 3673; x_wconf 89' lang='lat' dir='ltr'><strong>Filii,</strong></span> <span class='ocrx_word' id='word_1_506' title='bbox 1402 3606 1462 3660; x_wconf 84' lang='lat' dir='ltr'><strong>et</strong></span> <span class='ocrx_word' id='word_1_507' title='bbox 1523 3598 1727 3660; x_wconf 83' lang='lat' dir='ltr'><strong>vivifici</strong></span> <span class='ocrx_word' id='word_1_508' title='bbox 1757 3597 2021 3679; x_wconf 89' lang='lat' dir='ltr'><strong>Spiritus</strong></span> <span class='ocrx_word' id='word_1_509' title='bbox 2058 3619 2071 3661; x_wconf 93' lang='lat'>:</span> <span class='ocrx_word' id='word_1_510' title='bbox 2109 3615 2240 3679; x_wconf 63' lang='lat' dir='ltr'><strong>quae</strong></span> <span class='ocrx_word' id='word_1_511' title='bbox 2297 3606 2387 3658; x_wconf 88' lang='lat' dir='ltr'><strong>est</strong></span> <span class='ocrx_word' id='word_1_512' title='bbox 2420 3597 2590 3660; x_wconf 88' lang='lat' dir='ltr'><strong>beata</strong></span> <span class='ocrx_word' id='word_1_513' title='bbox 2642 3610 2700 3661; x_wconf 89' lang='lat' dir='ltr'><strong>et</strong></span> <span class='ocrx_word' id='word_1_514' title='bbox 2732 3599 3079 3680; x_wconf 76' lang='lat' dir='ltr'><strong>principalis</strong></span> <span class='ocrx_word' id='word_1_515' title='bbox 3139 3600 3426 3676; x_wconf 86' lang='lat' dir='ltr'><strong>Trinitas,</strong></span> <span class='ocrx_word' id='word_1_516' title='bbox 3462 3621 3636 3682; x_wconf 89' lang='lat' dir='ltr'><strong>quam</strong></span> 
     </span>
    </p>
   </div>
   <div class='ocr_carea' id='block_1_71' title="bbox 257 3682 2994 3770">
    <p class='ocr_par' dir='ltr' id='par_1_71' title="bbox 257 3682 2994 3770">
     <span class='ocr_line' id='line_1_71' title="bbox 257 3682 2994 3770; baseline 0.002 -26"><span class='ocrx_word' id='word_1_517' title='bbox 257 3682 432 3746; x_wconf 81' lang='lat' dir='ltr'><strong>decet</strong></span> <span class='ocrx_word' id='word_1_518' title='bbox 457 3685 669 3763; x_wconf 78' lang='lat' dir='ltr'><strong>gloria,</strong></span> <span class='ocrx_word' id='word_1_519' title='bbox 705 3687 903 3751; x_wconf 89' lang='lat' dir='ltr'><strong>honor</strong></span> <span class='ocrx_word' id='word_1_520' title='bbox 932 3697 989 3751; x_wconf 90' lang='lat' dir='ltr'><strong>et</strong></span> <span class='ocrx_word' id='word_1_521' title='bbox 1018 3687 1306 3763; x_wconf 87' lang='lat' dir='ltr'><strong>adoratio,</strong></span> <span class='ocrx_word' id='word_1_522' title='bbox 1343 3705 1503 3750; x_wconf 87' lang='lat' dir='ltr'><strong>nunc</strong></span> <span class='ocrx_word' id='word_1_523' title='bbox 1537 3695 1597 3750; x_wconf 91' lang='lat' dir='ltr'><strong>et</strong></span> <span class='ocrx_word' id='word_1_524' title='bbox 1623 3705 1892 3770; x_wconf 86' lang='lat' dir='ltr'><strong>semper,</strong></span> <span class='ocrx_word' id='word_1_525' title='bbox 1928 3697 1988 3751; x_wconf 89' lang='lat' dir='ltr'><strong>et</strong></span> <span class='ocrx_word' id='word_1_526' title='bbox 2019 3688 2081 3751; x_wconf 88' lang='lat' dir='ltr'><strong>in</strong></span> <span class='ocrx_word' id='word_1_527' title='bbox 2113 3687 2330 3750; x_wconf 84' lang='lat' dir='ltr'><strong>saecula</strong></span> <span class='ocrx_word' id='word_1_528' title='bbox 2361 3687 2742 3754; x_wconf 73' lang='lat' dir='ltr'><strong>saeculorum.</strong></span> <span class='ocrx_word' id='word_1_529' title='bbox 2779 3693 2994 3752; x_wconf 88' lang='lat' dir='ltr'><strong>Amen.</strong></span> 
     </span>
    </p>
   </div>
   <div class='ocr_carea' id='block_1_72' title="bbox 341 3861 844 3944">
    <p class='ocr_par' dir='ltr' id='par_1_72' title="bbox 341 3861 844 3944">
     <span class='ocr_line' id='line_1_72' title="bbox 341 3861 844 3944; baseline 0 -19"><span class='ocrx_word' id='word_1_530' title='bbox 341 3861 466 3944; x_wconf 86' lang='lat'><strong>(56)</strong></span> <span class='ocrx_word' id='word_1_531' title='bbox 497 3861 670 3926; x_wconf 86' lang='lat' dir='ltr'><strong>Anno</strong></span> <span class='ocrx_word' id='word_1_532' title='bbox 699 3863 844 3930; x_wconf 73' lang='grc'><strong>407.</strong></span> 
     </span>
    </p>
   </div>
  </div>
