3954 6146
388 283 531 347 1211
1663 283 1944 347 MENSIS
1983 281 2439 346 JANUARIUS.
3610 280 3745 346 i‘2l‘2.

1351 598 1531 706 DE
1623 595 2166 707 SANCTO
2251 595 2786 707 JACOBO

1587 821 1924 887 EREMITA
1967 820 2044 882 IN
2073 819 2540 885 PALIESTINA.

1147 1000 1396 1073 (Januarii
1425 1001 1504 1058 die
1532 1001 1620 1059 28.
1655 1034 1718 1044 --
1751 1004 1893 1059 Acta
1921 1003 2245 1059 Sanctorum
2284 1000 2536 1058 Bolland.
2563 1001 2625 1057 ad
2655 1001 2784 1059 hanc
2821 1000 3000 1070 diem.)

467 1309 527 1368 1.
558 1308 768 1370 Plures
799 1307 858 1368 in
915 1309 1080 1390 Syria
1110 1310 1307 1372 vixere
1345 1309 1746 1371 sanctimonia
1778 1308 2042 1370 illustres
2096 1309 2386 1383 eremitae,
2421 1307 2628 1371 Jacobi
2669 1307 2974 1389 appellati.
3006 1307 3233 1371 Horum
3281 1327 3460 1372 unus
3495 1309 3548 1370 is
3579 1308 3674 1370 fuit
3703 1309 3760 1371 de

383 1419 500 1480 quo
530 1398 944 1460 Theodoretus
974 1418 1104 1479 cap.
1138 1401 1214 1462 25
1251 1400 1586 1474 Philothei,
1620 1419 1724 1461 seu
1759 1397 1864 1461 lib.
1903 1416 1963 1460 IX
1993 1399 2078 1461 De
2117 1399 2265 1462 Vitis
2325 1401 2612 1475 Patrum,
2647 1398 2877 1475 scribit,
2913 1400 3016 1480 qui
3050 1401 3334 1478 tugurino
3373 1399 3652 1461 inclusus
3675 1398 3764 1459 de-

383 1489 563 1568 gebat
608 1511 630 1547 α
660 1490 830 1568 juxta
858 1489 1052 1551 vicum
1087 1492 1288 1552 Duzan
1319 1493 1379 1551 in
1409 1490 1596 1570 Syria,
1638 1515 1660 1548 υ
1705 1507 1929 1570 perque
1986 1488 2281 1551 modicam
2315 1490 2537 1552 fossam
2570 1507 2860 1570 responsa
2889 1489 3207 1566 reddebat,
3237 1509 3457 1570 neque
3489 1491 3622 1564 igne
3649 1508 3765 1550 usus

385 1598 673 1658 unquam,
710 1598 909 1656 neque
942 1580 1172 1643 lumine
1204 1581 1482 1642 lucernae.
1522 1579 1936 1658 Nonagenario
1983 1579 2174 1660 major
2202 1579 2398 1641 adhuc
2429 1579 2489 1640 in
2520 1579 2665 1643 vivis
2697 1587 2848 1655 erat,
2873 1598 3009 1640 cum
3043 1578 3261 1642 librum
3295 1580 3490 1643 illum
3523 1578 3770 1645 Theodo-

382 1680 546 1730 retus
581 1669 795 1730 saeculo
826 1671 1032 1750 quinto
1065 1670 1495 1732 conscriberet.

464 1758 524 1819 2.
545 1758 714 1820 Alius
733 1758 806 1821 ab
836 1779 1046 1840 copem
1076 1760 1458 1823 Theodoreto
1485 1780 1615 1840 cap.
1652 1758 1717 1821 21
1755 1765 2123 1820 memoratur
2150 1758 2435 1840 Jacobus,
2459 1759 2556 1822 cui
2586 1760 2715 1839 ipse
2742 1759 2972 1839 Magni,
2999 1758 3369 1821 Theodorus
3397 1762 3624 1821 Lector
3644 1757 3773 1822 lib.t

393 1847 726 1911 Collectan.
761 1852 933 1930 Syri,
960 1849 1246 1927 Evagrius
1279 1851 1385 1911 lib.
1437 1869 1499 1924 ιι,
1527 1869 1658 1929 cap.
1691 1849 1750 1922 9,
1786 1851 1990 1928 Syrii,
2015 1847 2377 1930 Rosweydus
2409 1850 2780 1931 Hypteihrii,
2814 1848 2973 1929 quod
3005 1848 3119 1910 sub
3142 1849 3238 1911 dio
3269 1850 3544 1926 viveret,
3571 1868 3772 1928 cogno-

386 1956 523 1998 men
558 1937 844 2001 tribuere.
866 1941 1060 2019 Hujus
1087 1939 1357 2000 meminit
1379 1939 1670 2000 Baronius
1704 1947 1845 1998 tom.
1881 1936 1954 1999 V.
1982 1957 2078 2001 an.
2111 1941 2252 2002 Chr.
2282 1939 2426 2019 404,
2454 1959 2620 2014 num,
2657 1939 2796 2012 408,
2823 1948 2882 1999 et
2913 1957 3012 2000 an.
3033 1940 3175 2014 4M,
3205 1960 3384 2005 num.
3422 1943 3524 2016 15,
3555 1950 3614 2002 et
3643 1953 3775 2001 tom.

385 2028 484 2103 Vl,
519 2049 618 2091 an.
656 2031 799 2102 458,
838 2049 1004 2092 num.
1041 2031 1140 2103 15,
1173 2031 1272 2090 ubi
1303 2033 1441 2110 jure
1471 2032 1879 2111 Nicephorum
1916 2030 2182 2108 corrigit,
2216 2030 2319 2110 qui
2367 2048 2500 2091 eum
2534 2046 2668 2090 cum
2699 2027 2925 2090 Jacobo
2956 2027 3246 2092 Nisibeno
3281 2033 3600 2094 confudit.
3634 2029 3775 2094 Coli-

385 2127 480 2180 tur
511 2118 836 2180 Nisibenus
864 2137 942 2180 xv
965 2120 1137 2196 Julii,
1167 2121 1237 2180 ad
1271 2120 1523 2183 Jacobas
1548 2123 1818 2198 Magnus,
1847 2120 1972 2180 sive
2004 2118 2207 2198 Syrus,
2233 2136 2365 2180 xxv:
2399 2116 2718 2192 Novemb.,
2749 2117 2889 2179 licet
2915 2119 3044 2180 loca
3067 2137 3139 2182 ex
3168 2121 3527 2184 Annalibus
3561 2120 3776 2181 Baronii

378 2209 502 2287 jam
537 2210 716 2271 citata
747 2230 780 2271 a
816 2210 1012 2289 nobis,
1042 2210 1302 2289 ascripta
1357 2211 1609 2289 margini
1642 2215 1761 2270 sint
1792 2209 1850 2269 in
1886 2218 2188 2286 postrema
2219 2207 2620 2288 Martyrologii
2673 2207 2925 2268 Romani
2957 2209 3220 2272 editione
3251 2213 3326 2272 ad
3361 2212 3703 2273 notationes
3729 2226 3775 2270 vt

385 2299 668 2380 Augusti,
703 2320 821 2381 quo
857 2299 954 2362 die
975 2300 1192 2362 colitur
1217 2301 1368 2361 alius
1409 2299 1668 2363 Jacobus
1699 2300 1963 2360 Eremita
2001 2323 2023 2354 ‹
2057 2299 2290 2360 Amidae
2337 2299 2397 2359 in
2430 2298 2856 2377 Mesopotamia
2883 2299 2956 2361 ad
2991 2298 3214 2380 Tigrim
3248 2303 3509 2364 ﬂuvium
3551 2327 3573 2357 ο
3606 2301 3770 2362 mira-

388 2388 539 2450 culis
570 2390 797 2466 clarus,
833 2389 1066 2452 duobus
1100 2391 1218 2452 illis
1259 2392 1445 2452 multo
1486 2392 1693 2470 junior
1728 2408 1743 2464 ;
1790 2391 2012 2468 quippe
2052 2389 2149 2470 qui
2186 2397 2315 2464 post
2368 2387 2648 2450 Amidam
2683 2407 2715 2448 a
2748 2407 2890 2467 rege
2943 2391 3264 2454 Persarum
3299 2401 3546 2472 captam
3598 2391 3772 2451 adhuc

388 2479 646 2544 Vivebat.
677 2481 857 2561 Capta
889 2498 1034 2541 vero
1066 2488 1156 2542 est
1183 2480 1418 2554 Amida,
1450 2487 1598 2542 teste
1630 2479 1980 2541 Marcellino
2010 2478 2073 2540 in
2107 2476 2428 2556 Chronico,
2469 2502 2492 2532 α
2521 2475 2882 2540 Consulibus
2914 2479 3144 2541 Avieno
3165 2482 3426 2544 Juniore
3459 2494 3520 2543 et
3543 2479 3766 2541 Probo»

385 2580 517 2657 (pro
554 2593 672 2654 quo
705 2571 804 2632 alii
840 2571 1110 2650 erﬂum,
1145 2571 1432 2643 scribunt)
1463 2590 1560 2631 an.
1595 2570 1732 2632 Chr.
1768 2568 1910 2644 502,
1947 2579 2063 2649 quo
2094 2567 2389 2629 Baronius
2419 2584 2585 2630 num.
2620 2567 2697 2628 40
2727 2567 2802 2628 de
2863 2567 2975 2629 hoc
3003 2571 3070 2630 S.
3104 2570 3324 2632 Jacobo
3358 2575 3490 2650 agit
3522 2589 3591 2631 ex
3637 2571 3770 2630 Pro-

387 2667 542 2746 cupii
575 2664 679 2726 lib.
714 2679 733 2723 ι
771 2662 856 2722 De
893 2661 1041 2723 bello
1075 2662 1342 2724 Persico.

466 2745 524 2816 Ξ.
559 2753 873 2832 Philippus
904 2751 1210 2812 Ferrarius
1244 2753 1300 2810 in
1335 2749 1763 2829 Topographia
1791 2746 2195 2826 Martyrologii
2243 2747 2527 2822 Romani,
2563 2746 2743 2806 verbo
2775 2746 3144 2825 Palaestina,
3179 2750 3391 2811 scribit
3428 2751 3594 2811 hunc
3631 2745 3768 2808 (Ja-

389 2847 602 2908 cobum
663 2842 1018 2913 Eremitam,
1057 2840 1157 2921 qui
1212 2840 1439 2902 Amidae
1470 2842 1712 2917 ponitur
1769 2837 1880 2897 sub
1914 2838 2012 2898 die
2064 2853 2117 2897 v1
2146 2835 2422 2914 Augusti,
2459 2837 2741 2896 eumdem
2798 2837 2988 2899 videri
3019 2858 3151 2900 cum
3184 2859 3255 2901 eo
3286 2845 3392 2919 qui
3425 2841 3545 2900 hoc
3601 2852 3762 2900 xxvm

389 2933 655 2998 Januarii
706 2931 949 2992 colitur.
987 2955 1013 2985 »
1053 2929 1116 2990 In
1169 2949 1284 3009 quo
1317 2927 1589 3000 indubie,
1625 2926 1873 3002 fallitur,
1909 2936 1967 2986 et
1994 2925 2238 3004 quidem
2291 2926 2700 2988 vehementer.
2733 2925 2841 2987 ille
2867 2927 3052 3003 enim,
3087 2936 3233 2990 teste
3287 2926 3617 3008 Procopio,
3653 2951 3680 2980 α
3709 2924 3757 2984 in

391 3025 521 3085 vico
579 3021 652 3082 ab
684 3020 899 3083 Amida
933 3021 1107 3079 unius
1161 3019 1280 3079 diei
1316 3019 1533 3078 itinere
1593 3016 1876 3090 distante,
1913 3016 1968 3075 in
2026 3015 2191 3077 brevi
2225 3016 2418 3096 spatio
2481 3016 2766 3078 cancellis
2799 3015 3172 3080 interseratis
3223 3018 3502 3080 inclusus
3525 3040 3556 3075 ι
3589 3015 3753 3089 vixit;

389 3116 486 3177 hic
525 3134 552 3172 α
588 3129 774 3193 prope
807 3107 1089 3189 oppidum
1123 3108 1632 3188 Porphyreonem,
1671 3128 1697 3164 ›
1737 3105 1810 3166 ab
1842 3124 1998 3166 anno
2033 3106 2218 3168 aetatis
2251 3106 2491 3167 circiter
2522 3105 2808 3167 vicesimo
2846 3131 2870 3162 ‹‹
2907 3107 2967 3167 in
2991 3108 3276 3188 spelunca
3300 3110 3562 3189 quadam
3596 3104 3755 3185 quin-

391 3204 587 3266 decim
622 3217 812 3262 annos
848 3199 1153 3259 habitavit.
1191 3224 1218 3253 »

467 3294 528 3355 4.
565 3291 664 3352 Est
695 3297 891 3350 autem
925 3288 1231 3368 Stephano
1285 3285 1390 3348 lib.
1426 3287 1508 3347 De
1541 3285 1799 3348 urbibus
1831 3294 2028 3366 Πορφυς

2195 3285 2327 3350 πόλις
2359 3290 2643 3365 Φοινίκης,
2675 3285 2825 3347 urbs
2857 3285 3214 3360 Phoenicim,
3249 3286 3580 3349 admodum
3627 3283 3756 3343 auli-

390 3402 506 3462 qua
535 3401 550 3457 ;
585 3382 756 3460 cujus
785 3379 1059 3439 meminit
1084 3377 1362 3456 Polybius
1387 3376 1489 3438 lib.
1524 3394 1585 3455 v,
1621 3377 1697 3436 de
1729 3375 1890 3437 bello
1922 3393 2106 3453 agens
2138 3374 2417 3437 Antiochi
2450 3375 2666 3453 Magni.
2700 3375 3073 3454 Episcopalis
3103 3377 3213 3437 fuit
3242 3377 3354 3438 sub
3399 3372 3755 3455 metropolita

391 3475 682 3536 Caesareae
743 3469 1078 3542 Palestinae,
1115 3476 1172 3527 ul
1207 3467 1460 3528 habetur
1501 3465 1606 3528 lib.
1642 3483 1682 3527 ll
1716 3465 1949 3527 Notitiae
2002 3465 2455 3544 episcopatuum
2487 3464 2694 3538 Μίνωϊ,
2731 3464 2832 3525 ubi
2875 3476 3072 3526 tamen
3107 3466 3479 3546 Porphyron
3529 3465 3750 3542 scripta,

392 3561 718 3624 Wilhelmo
778 3558 952 3638 Tyrio
1008 3558 1114 3621 lib.
1175 3576 1228 3618 Ix
1279 3556 1436 3617 Belli
1465 3561 1651 3628 sacri,
1690 3574 1822 3635 cap.
1881 3554 1979 3628 i4,
2014 3565 2072 3615 et
2126 3554 2229 3616 lib.
2264 3575 2320 3629 x,
2357 3575 2485 3636 cap.
2545 3556 2582 3618 6
2611 3564 2670 3616 et
2701 3555 2799 3631 10,
2835 3564 2893 3616 et
2940 3555 3083 3618 alibi
3118 3557 3386 3638 Caiphas
3413 3555 3751 3638 appellatur,

389 3655 625 3734 Tyrium
662 3655 993 3728 sequuntur
1023 3646 1450 3708 Adrichomius
1480 3640 1538 3706 in
1576 3644 1734 3706 tribu
1769 3645 2024 3721 isachar,
2059 3662 2192 3723 cap.
2241 3647 2340 3724 l7,
2375 3645 2782 3726 Quaresmius,
2821 3654 2878 3707 et
2924 3645 3027 3707 alii
3062 3669 3076 3718 ;
3111 3650 3214 3729 qui
3261 3659 3460 3710 tamen
3493 3645 3752 3734 falluntur

393 3729 532 3804 dum
566 3761 599 3801 a
651 3739 874 3816 Caipha
907 3737 1191 3818 pontifice
1225 3745 1586 3798 exstructam
1623 3741 1933 3796 scribunt:
1971 3741 2299 3796 restaurata
2329 3734 2401 3795 ab
2436 3753 2506 3797 eo
2536 3743 2622 3796 est
2649 3735 2940 3796 fortassis.
2972 3737 3142 3799 Juxta
3174 3755 3362 3811 mare,
3395 3737 3470 3799 ad
3519 3729 3747 3796 Carmeli

391 3830 610 3892 montis
636 3828 892 3896 radices,
928 3836 1092 3907 parte
1119 3826 1455 3906 aquilonari
1479 3826 1653 3886 sitam
1693 3825 1961 3886 tradunt.

471 3923 530 3983 5.
569 3918 1004 3997 Porphyreonis
1038 3915 1205 3978 urbis
1236 3916 1453 3978 incolis
1485 3941 1512 3971 σι
1545 3935 1680 3976 cum
1713 3933 1778 3977 se
1811 3913 2096 3976 honorari
2131 3913 2380 3990 videret,
2411 3939 2438 3970 »
2463 3921 2526 3974 ut
2558 3933 2724 3978 num.
2759 3917 2836 3978 10
2866 3915 3109 3990 dicitur,
3143 3942 3162 3973 ι
3198 3917 3432 3997 fugiens
3453 3914 3591 3979 abiit
3615 3928 3742 3992 qua-

391 4009 664 4089 draginta
698 4006 1055 4068 milliaribus
1087 4015 1144 4067 et
1174 4006 1246 4067 ad
1275 4007 1464 4085 ripam
1500 4005 1661 4065 ﬂuvii
1697 4005 1942 4083 triginta
1974 4021 2168 4064 annos
2206 4004 2557 4066 habitavit.»
2596 4005 2766 4066 Hunc
2796 4005 3040 4066 ﬂuvium
3081 4006 3356 4070 Gisonem
3390 4006 3739 4072 arbitramur,

389 4100 492 4181 qui
523 4120 591 4162 ex
627 4100 772 4160 mari
825 4097 1101 4170 Galilaeze,
1139 4116 1244 4158 seu
1299 4095 1664 4170 Tiberiadis,
1701 4095 1760 4155 in
1823 4112 1988 4156 mare
2019 4093 2526 4158 Mediterraneum
2583 4093 2815 4168 deﬂuit,
2850 4096 2943 4156 cui
2991 4096 3062 4157 ad
3097 4097 3300 4159 leucas
3327 4097 3549 4178 aliquot
3593 4105 3738 4181 mons

386 4179 673 4260 Hermon,
706 4187 833 4248 sive
863 4185 1278 4258 Hermonium,
1315 4185 1551 4263 adjacet
1586 4202 1601 4258 ;
1636 4182 1792 4261 apud
1827 4183 2003 4260 cujus
2063 4191 2258 4262 petras
2290 4184 2352 4244 in
2385 4184 2674 4262 spelunca
2707 4183 2941 4247 videtur
2971 4185 3207 4262 vixisse,
3242 4205 3312 4247 ex
3344 4206 3462 4268 qua
3492 4201 3613 4247 cum
3643 4179 3733 4241 fm-

390 4277 528 4338 dum
565 4276 711 4338 illud
747 4277 1027 4354 ﬂagitium
1065 4283 1489 4354 perpetrasset,
1525 4272 1822 4345 discessit,
1859 4280 2035 4352 atque
2066 4291 2254 4334 annos
2283 4274 2488 4336 decem
2522 4274 2585 4333 in
2617 4273 2732 4335 alia
2759 4276 3068 4354 spelunca,
3103 4295 3207 4338 seu
3239 4284 3444 4338 vetere
3474 4271 3725 4354 sepulcro,

389 4368 450 4428 in
483 4367 689 4428 eadem
742 4366 986 4443 regione
1046 4365 1258 4442 exegit.
1305 4366 1385 4425 At
1437 4366 1483 4422 si
1544 4365 1769 4423 ﬂumen
1815 4363 1929 4423 hoc
1971 4362 2264 4442 quispiam
2309 4362 2636 4426 Jordanem
2687 4382 2820 4426 esse
2877 4366 3222 4438 contendat,
3282 4365 3437 4428 haud
3491 4358 3724 4443 equidem

389 4455 742 4536 pugnaciter
789 4454 1171 4528 obsistcmus,
1207 4454 1257 4515 si
1313 4451 1470 4533 quod
1505 4451 1770 4512 attulerit
1819 4451 2129 4532 probabile
2173 4460 2612 4530 argumentum,
2654 4460 2836 4532 atque
2868 4456 3096 4534 uspiam
3147 4455 3443 4535 repererit
3473 4469 3577 4516 non
3624 4445 3726 4527 plus

390 4545 466 4607 40
501 4543 766 4604 millibus
793 4546 1070 4622 passuum
1104 4544 1292 4603 ﬂuere
1324 4560 1357 4601 a
1391 4541 1816 4620 l’orphyreone
1847 4540 2195 4604 Iordanem.

471 4634 528 4694 6.
563 4630 786 4694 Jacobo
823 4651 952 4691 mox
986 4632 1057 4693 ab
1089 4629 1362 4704 obitu,ob
1390 4631 1810 4691 miraculorum
1847 4629 2450 4710 frequentiam,sacra
2483 4638 2788 4694 exstructa
2823 4638 2914 4693 est
2939 4631 3120 4711 aedes,
3152 4632 3210 4694 in
3237 4652 3412 4714 quam
3448 4634 3570 4712 ejus
3589 4635 3716 4688 tran-

394 4723 558 4784 slataa
602 4734 736 4782 sunt
771 4721 1063 4800 reliquiae,
1096 4729 1154 4782 et
1186 4719 1474 4782 memoria
1507 4728 1650 4794 quot
1679 4720 1852 4780 annis
1883 4737 2016 4780 cum
2050 4720 2304 4781 solemni
2337 4720 2649 4781 festivitate
2698 4720 3026 4784 celebrata.
3066 4720 3201 4783 Vita
3231 4721 3291 4784 S.
3327 4722 3526 4785 Jacobi
3546 4715 3719 4793 scripta

392 4812 624 4873 videtur
657 4830 688 4873 a
715 4820 944 4872 vetusto
969 4820 1233 4883 auctore,
1267 4809 1428 4870 haud
1462 4809 1561 4869 diu
1592 4817 1728 4885 post
1757 4809 1887 4887 ejus
1924 4815 2196 4883 mortem,
2237 4817 2301 4868 ut
2331 4809 2457 4869 hmc
2489 4809 2669 4871 verba
2700 4811 2958 4872 innuunt
2997 4831 3018 4864 α
3060 4831 3073 4872 :
3110 4809 3254 4872 Cum
3287 4806 3718 4892 religiosissimus

392 4902 709 4983 episcopus
741 4901 968 4963 obitum
1002 4899 1395 4979 cognovisset,
1430 4899 1501 4960 ad
1535 4917 1670 4959 eum
1719 4899 1914 4959 locum
1951 4916 2084 4958 cum
2120 4906 2241 4960 toto
2276 4899 2439 4960 clero
2475 4907 2529 4959 et
2585 4899 2791 4979 probis
2821 4900 2990 4961 laicis
3024 4901 3298 4976 aecessit,
3334 4902 3437 4982 qui
3464 4917 3584 4964 cum
3611 4907 3715 4983 att?-

394 4977 650 5052 matibiis
683 4990 961 5071 pretiosis
995 4977 1130 5051 eum
1177 4989 1568 5059 condiissent,
1604 4987 1792 5048 Deum
1829 4987 2021 5068 ipsum
2078 4996 2137 5048 et
2169 4989 2300 5068 ejus
2352 4977 2599 5066 gloriam
2634 4989 3031 5063 celebrantes,
3064 4977 3434 5052 venerandas
3465 4991 3581 5070 ejus
3606 4977 3717 5044 reli'

393 5081 560 5159 quias
595 5082 652 5140 in
685 5081 785 5140 illo
815 5081 944 5160 ipso
979 5089 1370 5140 monumento
1405 5079 1836 5157 deposuerunt.
1872 5076 2084 5139 Postea
2115 5085 2353 5142 sanctus
2379 5078 2484 5140 Dei
2519 5079 2800 5140 sacerdos
2833 5097 3061 5140 sacram
3095 5080 3283 5139 aedem
3318 5080 3389 5141 ad
3423 5079 3711 5160 speluncam

395 5170 724 5245 :edificavit,
760 5172 1008 5250 ejusque
1037 5169 1327 5246 reliquias
1363 5167 1500 5228 illuc
1534 5166 1854 5228 transtulit.
1888 5164 2012 5238 Quo
2046 5166 2104 5227 in
2140 5165 2270 5226 loco
2301 5183 2492 5241 usque
2515 5171 2572 5226 in
2609 5167 2968 5228 hodiernum
2998 5165 3156 5227 diem
3194 5167 3362 5228 multi
3394 5171 3649 5250 curantur
3665 5170 3713 5215 δε

395 5268 514 5320 tota
545 5259 772 5335 civitas,
813 5268 868 5319 et
899 5249 1150 5322 finitima
1177 5259 1368 5337 regio,
1405 5260 1534 5335 ejus
1568 5257 1918 5318 memoriam
1971 5255 2227 5334 singulis
2255 5257 2428 5317 annis
2457 5255 2776 5318 celebrans
2824 5257 2982 5318 diem
3019 5275 3298 5334 magnum
3330 5258 3538 5320 festum
3573 5249 3704 5345 agit“!

394 5357 509 5410 etc.
561 5348 705 5421 Qum
737 5357 1035 5427 postrema
1068 5349 1141 5409 de
1175 5356 1345 5409 aetate
1395 5347 1808 5426 Meiaphrastae
1839 5345 1958 5426 (qui
1991 5346 2144 5406 hanc
2186 5347 2378 5405 Vitam
2414 5363 2519 5405 suo
2555 5345 2630 5407 de
2685 5348 2866 5426 gestis
2898 5354 3244 5408 sanctorum
3275 5347 3444 5427 operi
3494 5341 3706 5408 inseruit.

395 5438 758 5513 recognitam
813 5456 842 5494 a
880 5454 944 5495 se
997 5437 1288 5506 fortassis,
1327 5455 1394 5495 ac
1427 5436 1500 5495 de
1539 5453 1704 5495 more
1755 5434 2202 5514 interpolatam)
2257 5435 2453 5495 minus
2485 5436 2800 5496 commode
2853 5435 3042 5513 accipi
3076 5435 3349 5497 videntur
3400 5451 3582 5518 posse,
3611 5437 3704 5488 cum

398 5525 592 5582 omnia
620 5525 734 5583 late
755 5526 1034 5584 Saraceni
1069 5526 1483 5604 Metaphrastze
1513 5543 1632 5584 aevo
1671 5534 1965 5585 tenerent.
1997 5523 2139 5584 Eam
2171 5542 2349 5602 porro
2381 5527 2576 5586 Vitam
2610 5528 2813 5588 Latine
2843 5546 2873 5586 a
2907 5524 3199 5588 Gentiauo
3229 5526 3481 5589 Herveto
3509 5531 3704 5604 versati].

397 5609 717 5673 ediderunt
744 5613 1108 5690 Lipomanus
1133 5623 1191 5674 et
1215 5600 1822 5676 Suriuszcontractam
1845 5610 2133 5692 Georgius
2156 5600 2558 5677 Carnefeltius
2582 5615 2684 5678 lib.
2711 5633 2754 5679 ιι
2781 5618 2868 5679 De
2892 5617 3038 5678 vitis
3060 5617 3491 5695 eremitarum,
3515 5627 3644 5678 num.
3663 5600 3699 5661 7-
