3954 6146
253 277 410 345 1213

1441 285 1629 348 VITA
1658 283 1718 347 S.
1763 281 2019 346 JACOBI
2068 283 2433 348 MONACHI.

3471 287 3622 353 1214

1020 589 1430 719 ΒΙΟΣ
1544 585 1849 716 ΚΑΙ
1965 588 2841 719 ΠΟΛΙΤΕΙΑ

838 859 1064 946 ΤΟΥ
1139 860 1481 948 ΑΓΙΟΥ
1555 860 2058 947 ΙΑΚΩΒΟΥ
2131 860 2358 948 ΤΟΥ
2432 863 3014 951 ΜΟΝΑΧΟΥ.

586 1211 844 1296 ἮΤΑ

946 1211 1082 1295 ET
1185 1208 1968 1298 CONVERSATIO
2081 1213 2169 1307 S.
2269 1212 2659 1298 JACOBI
2765 1213 3273 1299 MONACHI

676 1415 872 1486 (Graece
901 1431 1034 1474 nunc
1061 1415 1275 1488 primum
1305 1413 1555 1487 prodeunt
1583 1431 1644 1471 ex
1675 1414 1789 1471 cod.
1823 1430 1923 1472 ms.
1964 1414 2093 1487 Reg.
2134 1415 2299 1473 Paris.
2333 1433 2384 1471 n.
2421 1416 2558 1473 1708
2588 1423 2780 1475 notato.
2816 1417 2970 1474 Em'r.
2999 1417 3193 1487 Pun.)

1713 1741 2141 1808 PRIEFATIO.

323 1925 416 1990 A’.
474 1925 693 1983 Πολλῶν
756 1927 970 2003 ἀγαθῶν
1030 1925 1116 1981 καὶ
1174 1921 1516 2002 ψυχωφελῶν
1573 1927 1926 2002 εὖεργεσιῶνί

2051 1922 2098 1986 l.
2133 1922 2312 1984 Multa
2341 1923 2500 1986 bona
2531 1935 2591 1986 et
2623 1925 2836 1986 animae
2882 1926 3164 1988 salutaria
3220 1927 3514 1988 beneﬁcia
3544 1926 3617 1988 iis

237 2030 362 2080 τοῖς
406 2017 669 2094 φιλοθέοις
727 2017 815 2074 καὶ
859 2017 991 2072 κατὰ
1056 2015 1120 2071 τὰ
1179 2015 1569 2092 προστάγματα
1624 2021 1715 2070 τοῦ
1775 2025 1886 2073 Κυ-

233 2109 349 2182 ρίου
393 2109 550 2181 ἡμῶν
610 2105 791 2172 Ἰησοῦ
848 2104 1078 2183 Χριστοῦ
1120 2109 1278 2175 ζῆσαι
1322 2102 1562 2160 θέλουσιν
1615 2107 1648 2172 ἡ
1707 2103 1886 2160 καλλί-

235 2219 343 2262 στη
402 2201 499 2262 τῆς
559 2194 1048 2274 ταπεινοφροσύνης
1109 2199 1299 2260 κτῆσις
1357 2191 1608 2270 πρόξενος
1657 2195 1880 2270 γίνεται,

234 2287 306 2354 ἢν
363 2287 391 2340 ὁ
430 2284 708 2362 δράξασθαι
767 2282 1068 2349 σπουδάσας
1113 2286 1199 2340 καὶ
1251 2283 1453 2350 ταύτην
1515 2284 1881 2365 κατορθώσας,

236 2377 299 2433 οὗ
354 2376 556 2433 πτῶσίν
600 2397 741 2454 τινα,
779 2378 839 2432 οὒ
887 2373 1083 2437 πάθους
1143 2371 1546 2452 αἰχμαλωσίαν,
1603 2372 1723 2429 οὕτε
1775 2375 1883 2447 μὴν

237 2467 405 2546 τῦφον
432 2470 533 2531 τῆς
563 2464 644 2542 ἐφ’
679 2465 848 2536 ἑαυτῷ
880 2465 1250 2532 πεποιθήσεως
1309 2464 1598 2537 ὑπομεῖναι
1655 2462 1879 2532 δυνήσε-

241 2579 358 2616 ται.
421 2553 545 2612 ’Ότι
603 2554 702 2632 γὰρ
759 2554 957 2619 ταύτην
1008 2552 1216 2620 πολλὴν
1246 2554 1440 2626 ζημίαν
1481 2553 1561 2609 ιιαὶ
1590 2552 1884 2622 ἀνήκεστον

240 2643 450 2721 βλάϐην
504 2644 590 2700 καὶ
649 2642 903 2721 μέγιστον
963 2641 1195 2702 κίνδυνον
1225 2643 1414 2720 ἐπάγει
1447 2655 1563 2708 τοῖς
1597 2643 1676 2716 μὴ
1710 2665 1882 2722 προσ-

239 2735 484 2814 ἔχουσιν,
521 2733 663 2790 ἔστιν
717 2732 816 2806 μὲν
879 2735 940 2787 ὲκ
996 2732 1216 2789 πολλῶν
1248 2731 1443 2809 ἑτέρων
1494 2730 1728 2789 κατιδεῖν
1786 2755 1879 2788 τε-

241 2826 506 2901 κμηρίων,
568 2827 798 2898 μερικῶς
853 2821 908 2877 δὲ
966 2825 1054 2878 καὶ
1125 2824 1185 2878 ὲκ
1233 2828 1326 2878 τοῦ
1391 2819 1680 2897 μέλλοντος
1755 2821 1883 2900 παρ’

238 2912 395 2988 ἡμῶν
453 2913 786 2991 προτίθεσθαι
849 2911 1188 2988 διηγήματος
1248 2911 1376 2988 πρὸς
1449 2909 1735 2985 οἰκοδομὴν
1779 2913 1876 2967 καὶ

239 3001 533 3080 ἀσφάλειαν
592 2998 742 3080 [τῶν]
800 3001 892 3056 τὸν
965 2999 1250 3078 ἀγγελικὸν
1293 3007 1480 3056 τοῦτον
1549 3001 1663 3076 βίον
1721 3003 1880 3056 επαν-

235 3090 545 3170 ῃρημὲνων.
610 3092 700 3146 Ἐν
761 3087 935 3162 τούτῳ
976 3089 1076 3165 γὰρ
1107 3089 1400 3166 εὑρήσομεν
1457 3087 1552 3144 καί
1604 3086 1879 3144 πολιτείαν

233 3181 514 3256 εὐάρεστον
565 3178 794 3248 ἀσκήσει
839 3177 1253 3255 κατορθωμένην
1305 3178 1394 3233 καὶ
1438 3181 1640 3234 πτῶσιν
1699 3177 1876 3257 ἓσχά-

1969 2012 2112 2074 viris
2142 2014 2245 2094 qui
2281 2013 2388 2076 Dei
2446 2025 2719 2076 amantes
2750 2025 2914 2089 sunt,
2951 2025 3008 2078 et
3035 2016 3362 2077 Salvatoris
3392 2017 3614 2078 Christi

1972 2103 2287 2182 praeceptis
2319 2113 2749 2182 congruentem
2785 2106 2960 2166 vitam
2996 2106 3442 2184 ingrediuntur,
3480 2106 3614 2186 pul-

1969 2191 2268 2254 cherrima
2321 2193 2674 2255 humilitatis
2735 2189 3035 2274 possessio
3069 2196 3350 2257 conciliat
3384 2215 3398 2253 :
3435 2215 3615 2272 quam

1967 2283 2062 2362 qui
2096 2283 2374 2362 amplecti
2407 2285 2788 2359 studuerit,et
2813 2285 3074 2362 perfecte
3097 2284 3340 2363 obierit,
3375 2288 3420 2346 is
3453 2305 3611 2347 nun-

1967 2390 2142 2451 quam
2175 2370 2319 2433 illud
2361 2373 2573 2436 timere
2607 2376 2845 2453 poterit,
2879 2395 2953 2436 ne
2975 2376 3173 2455 aliquo
3211 2376 3386 2436 modo
3417 2375 3610 2450 cadat,

1965 2470 2070 2521 aut
2097 2461 2217 2522 ullo
2249 2463 2463 2524 affectu
2495 2464 2786 2542 capiatur,
2813 2465 2904 2525 vel
2930 2484 3051 2526 sum
3072 2463 3307 2526 ﬁducia:
3328 2464 3614 2546 superbia

1967 2551 2268 2611 eﬂ'eratur.
2305 2551 2476 2624 Quod
2509 2553 2669 2613 enim
2700 2554 2948 2614 multum
2973 2553 3267 2624 damni,et
3297 2555 3610 2615 insanabi-

1966 2641 2083 2700 lem
2102 2643 2886 2724 jacturam,maximumque
2913 2644 3247 2723 periculum
3273 2645 3396 2705 haec
3422 2643 3494 2705 iis
3513 2643 3605 2705 af—

1965 2729 2247 2810 ferat,qui
2273 2749 2390 2791 non
2415 2731 2716 2792 cautiores
2741 2731 2985 2808 fuerint,
3021 2732 3162 2793 licet
3185 2751 3216 2793 e
3245 2733 3446 2794 multis
3475 2734 3609 2795 aliis

1963 2820 2334 2898 argumentis
2368 2820 2481 2881 hoc
2509 2819 2870 2897 intelligere,
2901 2823 3199 2901 praecipue
3223 2841 3360 2884 vero
3397 2841 3465 2884 ex
3497 2825 3610 2886 hac

1962 2907 2373 2989 historia,qoze
2398 2909 2567 2970 nobis
2591 2910 2913 2971 scribenda
2935 2919 3046 2974 est:
3087 2920 3148 2971 ut
3167 2918 3270 2986 qui
3295 2913 3604 2975 caelestem

1963 2998 2140 3059 vitam
2165 2999 2278 3059 sibi
2308 2999 2748 3078 pr0posuerint,
2785 3019 2854 3061 ex
2899 3001 3024 3078 ipsa
3047 3003 3388 3062 narratione
3423 3004 3610 3082 proﬁ-

1961 3089 2145 3161 ciant,
2181 3107 2296 3167 quo
2333 3089 2582 3150 tutiores
2613 3089 2757 3149 sint.
2823 3091 2886 3149 In
2938 3090 3048 3150 hac
3080 3091 3237 3151 enim
3273 3101 3330 3152 et
3365 3092 3602 3154 institu-

1964 3177 2183 3238 tionem
2215 3179 2497 3257 optimam
2559 3179 2953 3252 inveniemus,
3009 3187 3069 3240 et
3119 3180 3611 3244 exercitationem

231 3292 334 3336 την
391 3268 453 3324 ἐκ
507 3269 756 3344 ῥᾳθυμίας
817 3265 1117 3342 συμϐᾶσαν,
1174 3268 1259 3323 καὶ
1309 3269 1408 3334 τὴν
1448 3272 1547 3334 τῆς
1592 3267 1926 3342 μετανοίαςρ

1966 3268 2309 3346 perfectam,
2345 3278 2678 3330 extremum
2713 3267 2974 3348 denique
3004 3287 3243 3330 cursum
3276 3289 3344 3331 ex
3379 3271 3614 3350 pigritia

229 3358 454 3432 δύναμιν
511 3367 762 3415 τοσοῦτον
818 3356 1110 3436 ἰσχύουσαν
1169 3355 1313 3432 παρὰ
1385 3359 1462 3412 τῶ
1522 3353 1879 3432 φιλανθρώπῳ

229 3446 374 3526 Θεῷ,
426 3449 499 3510 ὡς
556 3447 633 3522 μὴ
681 3445 841 3520 μόνον
876 3444 929 3510 ἐξ
960 3447 1133 3503 αὐτῶν
1164 3454 1256 3503 τοῦ
1286 3442 1412 3516 ᾅδου
1443 3442 1624 3499 πυλῶν
1657 3458 1742 3499 καὶ
1772 3450 1879 3499 τῶν

228 3541 329 3604 τῆς
391 3535 610 3614 γεέννῆς
648 3533 838 3591 δεινῶν
896 3533 1186 3612 ἐξαρπάσαι
1240 3535 1332 3590 τὸν
1390 3532 1684 3610 ἄνθρωπον,
1742 3531 1880 3588 ἀλλὰ

232 3626 333 3703 γὰρ
395 3625 610 3698 μείζονα
672 3628 771 3691 τῆς
845 3623 1108 3702 προτέρας
1153 3625 1350 3693 ἀρετῆς
1404 3623 1562 3681 αὐτὸν
1607 3622 1877 3701 ἀποφῆναι

237 3717 326 3772 καὶ
354 3721 424 3790 τῇ
453 3720 550 3771 τοῦ
581 3721 810 3792 Χριστοῦ
838 3713 1022 3792 χάριτι
1055 3713 1273 3786 ἄμεινον
1304 3712 1447 3787 αὖτῷ
1490 3710 1731 3789 γενέσθαι
1781 3711 1880 3778 τὴν

237 3803 627 3884 ἐπανόρθωσιν,

1963 3355 2472 3434 proficiscentem,
2511 3364 2569 3415 et
2601 3357 2967 3436 paenitentiae
2984 3357 3284 3436 virtutem;
3313 3379 3442 3440 quaa
3472 3371 3608 3422 tan-

1963 3453 2087 3505 tum
2120 3444 2273 3505 valet
2303 3445 2462 3524 apud
2494 3444 2993 3520 benignissimum
3027 3446 3240 3522 Deum,
3269 3458 3329 3510 ut
3361 3470 3478 3512 non
3511 3470 3614 3513 so-

1963 3533 2083 3593 lum
2109 3553 2178 3595 nx
2211 3534 2358 3612 ipsis
2391 3534 2722 3596 inferorum
2757 3537 3036 3613 portis,et
3065 3537 3354 3610 gehennae
3388 3540 3605 3604 dolori-

1961 3621 2072 3682 bus
2106 3623 2409 3684 hominem
2440 3625 2790 3703 eripiat,sed
2825 3626 3003 3688 etiam
3054 3627 3229 3688 talem
3264 3628 3497 3703 reddat,
3547 3641 3610 3693 ut

1964 3712 2148 3790 priori
2181 3715 2396 3773 virtute
2457 3716 2646 3792 majus
2704 3715 2927 3795 aliquid
2982 3716 3309 3796 possideat,
3343 3727 3402 3779 et
3429 3719 3610 3800 adju-

1964 3810 2138 3863 vante
2168 3802 2368 3865 divina
2396 3804 3102 3883 gratia,emendationem
3130 3807 3263 3869 vitae
3293 3808 3608 3887 superiore

1967 3897 2120 3952 statu
2156 3890 2465 3954 meliorem
2495 3904 2837 3975 recuperet.

1754 4020 1994 4086 CAPUT
2036 4023 2082 4087 Ι.

1116 4130 1187 4195 S.
1218 4131 1427 4195 Jacobi
1472 4133 1854 4211 ewercitatio,
1886 4133 2190 4195 castitatis
2219 4135 2540 4196 servandae
2571 4151 2748 4196 cura.

251 4296 259 4304 '
320 4272 382 4329 B’
395 4322 410 4335 .
442 4272 635 4349 Γέγονε
693 4293 776 4331 τις
833 4273 1193 4352 ἀναχωρητῆς
1228 4272 1282 4328 ἐν
1313 4271 1624 4346 κωμοπόλει
1657 4274 1926 4350 Πορφυ-(Ὶ

2040 4269 2518 4352 ILFuitquidam
2545 4272 2653 4344 vir,
2689 4273 2789 4352 qui
2812 4273 3146 4335 solitarium
3179 4276 3237 4334 in
3272 4275 3472 4336 locum
3506 4295 3604 4338 se-

237 4368 394 4441 ρεῶνι
456 4361 787 4437 καλουμένη,
848 4365 893 4436 ᾧ
939 4361 1106 4435 ὄνομα
1156 4359 1436 4424 Ἰάκωϐος.
1469 4361 1635 4427 Οὗτος
1676 4369 1744 4434 τῇ
1787 4368 1879 4416 τοῦ

235 4451 574 4532 προσκαίρου
627 4454 745 4530 βίον)
801 4453 1128 4528 ματαιότητι
1211 4451 1611 4527 ἀποταξάμενος
1665 4449 1878 4524 ᾤκησεν

235 4541 288 4598 ἔν
349 4565 452 4598 τινι
485 4543 733 4616 σπηλαίῳ
777 4543 862 4599 ἐπὶ
889 4539 1272 4599 πεντεκαίδεκα
1327 4541 1522 4604 ἔτεσιν,
1578 4539 1705 4599 Ἐπΐ
1747 4563 1877 4597 τοσ-

236 4642 386 4692 οῦτον
448 4631 503 4688 δὲ
563 4631 728 4712 ἀρετῇ
773 4632 864 4688 καὶ
907 4631 1132 4702 ἀσκήσει
1192 4632 1471 4710 προκόψας
1516 4633 1691 4700 τίμιος
1722 4631 1874 4709 ὤφθη

234 4724 321 4778 καὶ
379 4722 662 4801 εὐάρεστος
707 4727 783 4794 τῷ
843 4728 982 4799 Θεῷ,
1036 4721 1176 4778 ὥστε
1235 4721 1391 4778 αὺτὸν
1418 4723 1507 4778 καὶ
1538 4721 1874 4802 χαρίσματος

235 4813 370 4868 κατὰ
445 4810 713 4887 δαιμόνων
795 4809 1208 4886 καταξιωθῆναι,
1266 4813 1356 4868 καὶ
1430 4810 1633 4874 πολλὰς
1689 4810 1871 4887 ἑτέρας

234 4901 401 4965 ἰάσεις
456 4908 535 4976 τῷ
590 4907 686 4956 τοῦ
718 4905 971 4976 Σωτῆρος
1033 4902 1187 4972 ἡμῶν
1218 4901 1394 4968 Ἰησοῦ
1426 4907 1649 4976 Χριστοῦ
1679 4899 1870 4956 ἐπετέ-

233 4991 312 5047 λει
368 4991 611 5066 ὀνόματι.
649 4989 851 5051 Πάντες
881 4991 1053 5046 τοίνυν
1082 4991 1181 5057 τὴν
1225 5001 1318 5050 τοῦ
1360 4989 1546 5068 ἀνδρὸς
1597 4989 1868 5046 πολιτείαν

231 5081 612 5160 θαυμάζοντες,
676 5082 806 5156 πρὸς
858 5080 1015 5136 αὖτὸν
1062 5080 1406 5160 συνέτρεχον,
1454 5083 1530 5136 ὧν
1579 5083 1625 5135 οἱ
1655 5079 1868 5140 πλείους

232 5170 326 5237 τῆς
369 5173 472 5224 τῶν
529 5167 797 5226 δυσσεϐὦν
843 5171 1189 5246 Σαμαρειτξόν
1255 5171 1541 5248 θρησκείας
1595 5170 1865 5250 ὑπῆρχον,

230 5258 424 5338 οὕσπερ
457 5263 594 5338 ὁρῶν
639 5260 769 5338 πρὸς
826 5261 984 5317 αὐτὸν
1043 5260 1503 5338 παραγενομένους
1558 5261 1586 5314 ὃ
1614 5267 1706 5316 τοῦ
1737 5267 1868 5317 Θεοῦ

294 5427 371 5494 (1)
401 5425 703 5484 Samaritae
769 5426 1115 5485 infestarunt
1171 5427 1530 5490 Christianos
1577 5430 1864 5498 praecipue

227 5499 437 5555 saeculo
462 5499 665 5570 quinto
690 5506 745 5570 et
791 5501 1090 5564 sexto,sub
1139 5498 1581 5568 imperatoribus
1611 5500 1858 5562 anone,

227 5569 548 5634 Anastasio,
593 5569 820 5626 .Iustino
860 5580 917 5628 et
941 5572 1275 5628 Justiniano
1309 5588 1323 5628 :
1373 5570 1476 5624 sed
1517 5573 1588 5627 ab
1623 5573 1732 5628 hoc
1761 5573 1861 5628 Ju-

226 5640 414 5702 lianus
471 5640 708 5714 quidam
745 5655 946 5700 eorum
998 5657 1103 5700 rex
1138 5641 1295 5700 bello
1328 5651 1638 5712 superatus
1667 5649 1724 5701 et
1750 5657 1858 5714 pe-

1962 4360 2144 4420 cessit
2169 4380 2352 4440 prope
2374 4363 2658 4441 oppidum
2679 4365 3176 4443 Porphyrionem.
3205 4366 3344 4426 Erat
3363 4367 3490 4426 viro
3525 4365 3613 4426 illi

1963 4468 2183 4511 nomen
2204 4451 2603 4514 Jacobus.Hic
2629 4472 2766 4513 cum
2793 4453 2993 4514 brevis
3014 4455 3188 4531 hujus
3213 4455 3348 4516 vita:
3369 4455 3612 4516 vanitati

1959 4548 2373 4612 renuntiasset,
2399 4550 2456 4604 in
2484 4547 2757 4619 spelunca
2782 4552 3030 4622 quadam
3051 4553 3388 4622 quindecim
3421 4569 3608 4611 annos

1960 4631 2264 4697 habitavit.
2315 4634 2537 4696 Tantos
2570 4643 2764 4696 autem
2813 4637 2873 4697 in
2909 4637 3144 4698 virtutis
3175 4640 3608 4702 exercitatione

1957 4725 2732 4805 progressusfecitJamque
2753 4726 3002 4805 insignis
3024 4737 3082 4788 et
3102 4727 3220 4790 Deo
3242 4739 3444 4805 gratus
3469 4748 3606 4791 exs-

1958 4813 2093 4885 titit,
2128 4823 2191 4873 ut
2232 4822 2292 4876 et
2339 4815 2524 4891 gratia
2549 4826 2755 4876 contra
2777 4816 3080 4878 daemones
3100 4817 3321 4895 dignus
3353 4820 3602 4880 effectus

1956 4901 2503 4984 fuerit,multasque
2526 4904 2671 4965 alias
2694 4905 3390 4982 curationes,Salvatoris
3412 4909 3603 4970 nostri

1951 4991 2090 5053 Jesu
2110 4991 2326 5053 Christi
2352 4993 2970 5073 nomine,hominibus
2991 4997 3271 5057 attulerit.
3288 4997 3431 5060 Cum
3470 5017 3601 5059 om-

1954 5100 2063 5142 nes
2090 5082 2272 5160 igitur
2314 5084 2493 5161 hujus
2523 5084 2784 5144 hominis
2813 5085 2989 5145 vitam
3023 5087 3487 5158 admirarentur,
3523 5089 3598 5150 ad

1951 5190 2087 5232 eum
2113 5172 2574 5249 concurrebant;
2603 5192 2854 5252 quorum
2883 5174 3156 5256 plerique
3182 5189 3354 5239 erant
3375 5197 3448 5239 ex
3481 5179 3558 5239 im
3578 5212 3596 5225 -

1951 5260 2185 5340 piorum
2220 5262 2642 5324 Samaritarum
2667 5263 2755 5342 (1)
2812 5266 3260 5342 superstitione.
3293 5269 3431 5330 lllos
3463 5287 3597 5331 cum

1947 5439 2209 5507 [emptus
2239 5439 2343 5507 est.
2377 5431 2572 5499 Agunt
2594 5505 2604 5507 _
2629 5432 2723 5507 de
2761 5433 2848 5486 eis
2894 5432 3208 5507 ljrocopius
3238 5435 3309 5490 De
3347 5436 3596 5507 aediﬁciis

1943 5500 2254 5572 Iustiniani
2285 5501 2630 5572 imperatoris
2667 5503 2764 5558 lib.
2800 5513 2859 5563 ν,
2895 5500 3142 5572 Cyrillus
3177 5500 3500 5565 monachus
3535 5511 3593 5566 in

1946 5571 2059 5627 Vita
2091 5573 2147 5627 S.
2180 5571 2598 5631 Sabae’abbatis
2640 5575 2674 5630 5
2723 5571 2994 5634 Dccemb.
3037 5588 3089 5632 et
3138 5578 3260 5634 alii.
3315 5579 3458 5636 Hinc
3521 5581 3592 5637 de

1943 5643 2000 5700 S.
2033 5640 2234 5699 Jacobi
2266 5653 2428 5703 aetate
2457 5645 2628 5704 statui
2665 5656 2967 5716 utcunque
2994 5655 3200 5718 potest.
