  <div class='ocr_page' id='page_1' title='image "/cluster/home/n/w/nwhite01/storage/ocr_20150623/114/mdp.39015028574344/625.png"; bbox 0 0 3954 6146; ppageno 0'>
   <div class='ocr_carea' id='block_1_1' title="bbox 397 252 548 319">
    <p class='ocr_par' dir='ltr' id='par_1_1' title="bbox 397 252 548 319">
     <span class='ocr_line' id='line_1_1' title="bbox 397 252 548 319; baseline -0.007 0"><span class='ocrx_word' id='word_1_1' title='bbox 397 252 548 319; x_wconf 79' lang='grc'><strong>1215</strong></span> 
     </span>
    </p>
   </div>
   <div class='ocr_carea' id='block_1_2' title="bbox 1680 253 2461 326">
    <p class='ocr_par' dir='ltr' id='par_1_2' title="bbox 1680 253 2461 326">
     <span class='ocr_line' id='line_1_2' title="bbox 1680 253 2461 326; baseline 0.004 -7"><span class='ocrx_word' id='word_1_2' title='bbox 1680 253 1965 321; x_wconf 84' lang='lat' dir='ltr'><strong>MENSIS</strong></span> <span class='ocrx_word' id='word_1_3' title='bbox 2007 255 2461 326; x_wconf 81' lang='lat' dir='ltr'><strong>JANUARIUS.</strong></span> 
     </span>
    </p>
   </div>
   <div class='ocr_carea' id='block_1_3' title="bbox 3618 266 3750 334">
    <p class='ocr_par' dir='ltr' id='par_1_3' title="bbox 3618 266 3750 334">
     <span class='ocr_line' id='line_1_3' title="bbox 3618 266 3750 334; baseline 0.008 -1"><span class='ocrx_word' id='word_1_4' title='bbox 3618 266 3750 334; x_wconf 79' lang='lat' dir='ltr'><strong>i‘2i6</strong></span> 
     </span>
    </p>
   </div>
   <div class='ocr_carea' id='block_1_4' title="bbox 389 393 2003 483">
    <p class='ocr_par' dir='ltr' id='par_1_4' title="bbox 389 393 2003 461">
     <span class='ocr_line' id='line_1_4' title="bbox 389 393 2003 461; baseline 0 -3"><span class='ocrx_word' id='word_1_5' title='bbox 389 396 465 458; x_wconf 87' lang='lat' dir='ltr'><strong>ad</strong></span> <span class='ocrx_word' id='word_1_6' title='bbox 494 414 560 458; x_wconf 91' lang='lat' dir='ltr'><strong>se</strong></span> <span class='ocrx_word' id='word_1_7' title='bbox 581 395 892 459; x_wconf 80' lang='lat' dir='ltr'><strong>venientes</strong></span> <span class='ocrx_word' id='word_1_8' title='bbox 945 393 1179 457; x_wconf 89' lang='lat' dir='ltr'><strong>divinus</strong></span> <span class='ocrx_word' id='word_1_9' title='bbox 1237 393 1341 458; x_wconf 90' lang='lat' dir='ltr'><strong>ille</strong></span> <span class='ocrx_word' id='word_1_10' title='bbox 1385 394 1475 458; x_wconf 89' lang='lat' dir='ltr'><strong>vir</strong></span> <span class='ocrx_word' id='word_1_11' title='bbox 1502 395 2003 461; x_wconf 84' lang='lat' dir='ltr'><strong>animadverteret</strong></span> 
     </span>
    </p>
   </div>
   <div class='ocr_carea' id='block_1_5' title="bbox 2113 393 3749 483">
    <p class='ocr_par' dir='ltr' id='par_1_5' title="bbox 2120 398 3749 483">
     <span class='ocr_line' id='line_1_5' title="bbox 2120 398 3749 483; baseline 0.003 -26"><span class='ocrx_word' id='word_1_12' title='bbox 2120 399 2415 480; x_wconf 72' lang='grc' dir='ltr'>ἄνθρωπος,</span> <span class='ocrx_word' id='word_1_13' title='bbox 2448 399 2534 458; x_wconf 76' lang='grc' dir='ltr'>ἐπὶ</span> <span class='ocrx_word' id='word_1_14' title='bbox 2564 399 2700 458; x_wconf 84' lang='grc' dir='ltr'>πολὺ</span> <span class='ocrx_word' id='word_1_15' title='bbox 2756 404 3018 483; x_wconf 84' lang='grc' dir='ltr'>κατηχῶν</span> <span class='ocrx_word' id='word_1_16' title='bbox 3079 398 3139 458; x_wconf 75' lang='grc' dir='ltr'>ἐκ</span> <span class='ocrx_word' id='word_1_17' title='bbox 3201 404 3307 458; x_wconf 82' lang='grc' dir='ltr'><strong>τῶν</strong></span> <span class='ocrx_word' id='word_1_18' title='bbox 3337 398 3501 459; x_wconf 86' lang='grc' dir='ltr'>θείων</span> <span class='ocrx_word' id='word_1_19' title='bbox 3531 407 3749 483; x_wconf 77' lang='grc' dir='ltr'>Γραφῶν,</span> 
     </span>
    </p>
   </div>
   <div class='ocr_carea' id='block_1_6' title="bbox 391 484 2036 569">
    <p class='ocr_par' dir='ltr' id='par_1_6' title="bbox 391 484 2036 569">
     <span class='ocr_line' id='line_1_6' title="bbox 391 484 2036 569; baseline 0 -20"><span class='ocrx_word' id='word_1_20' title='bbox 391 505 465 549; x_wconf 86' lang='lat' dir='ltr'><strong>ex</strong></span> <span class='ocrx_word' id='word_1_21' title='bbox 495 484 830 549; x_wconf 89' lang='lat' dir='ltr'><strong>divinarum</strong></span> <span class='ocrx_word' id='word_1_22' title='bbox 880 485 1208 547; x_wconf 89' lang='lat' dir='ltr'><strong>litterarum</strong></span> <span class='ocrx_word' id='word_1_23' title='bbox 1271 486 1531 548; x_wconf 82' lang='lat' dir='ltr'><strong>lectione</strong></span> <span class='ocrx_word' id='word_1_24' title='bbox 1585 490 1752 569; x_wconf 90' lang='lat' dir='ltr'><strong>ipsos</strong></span> <span class='ocrx_word' id='word_1_25' title='bbox 1784 488 2036 552; x_wconf 89' lang='lat' dir='ltr'><strong>multum</strong></span> 
     </span>
    </p>
   </div>
   <div class='ocr_carea' id='block_1_7' title="bbox 391 575 1911 651">
    <p class='ocr_par' dir='ltr' id='par_1_7' title="bbox 391 575 1911 651">
     <span class='ocr_line' id='line_1_7' title="bbox 391 575 1911 651; baseline 0.001 -11"><span class='ocrx_word' id='word_1_26' title='bbox 391 576 752 651; x_wconf 84' lang='lat' dir='ltr'><strong>erudiendo,</strong></span> <span class='ocrx_word' id='word_1_27' title='bbox 786 576 859 638; x_wconf 91' lang='lat' dir='ltr'><strong>ad</strong></span> <span class='ocrx_word' id='word_1_28' title='bbox 891 595 1088 638; x_wconf 87' lang='lat' dir='ltr'><strong>veram</strong></span> <span class='ocrx_word' id='word_1_29' title='bbox 1124 575 1303 637; x_wconf 82' lang='lat' dir='ltr'><strong>ﬁdem</strong></span> <span class='ocrx_word' id='word_1_30' title='bbox 1330 578 1741 643; x_wconf 76' lang='lat' dir='ltr'><strong>convertebat.</strong></span> <span class='ocrx_word' id='word_1_31' title='bbox 1906 646 1911 647; x_wconf 22' lang='grc' dir='ltr'><strong>ί</strong></span> 
     </span>
    </p>
   </div>
   <div class='ocr_carea' id='block_1_8' title="bbox 471 666 2035 751">
    <p class='ocr_par' dir='ltr' id='par_1_8' title="bbox 471 666 2035 751">
     <span class='ocr_line' id='line_1_8' title="bbox 471 666 2035 751; baseline 0.001 -21"><span class='ocrx_word' id='word_1_32' title='bbox 471 667 572 731; x_wconf 90' lang='lat' dir='ltr'>III.</span> <span class='ocrx_word' id='word_1_33' title='bbox 600 666 719 729; x_wconf 90' lang='lat' dir='ltr'><strong>Sed</strong></span> <span class='ocrx_word' id='word_1_34' title='bbox 749 669 848 747; x_wconf 91' lang='lat' dir='ltr'><strong>qui</strong></span> <span class='ocrx_word' id='word_1_35' title='bbox 878 666 1137 729; x_wconf 92' lang='lat' dir='ltr'><strong>humano</strong></span> <span class='ocrx_word' id='word_1_36' title='bbox 1168 669 1381 745; x_wconf 83' lang='lat' dir='ltr'><strong>generi</strong></span> <span class='ocrx_word' id='word_1_37' title='bbox 1414 667 1553 730; x_wconf 89' lang='lat' dir='ltr'><strong>inde</strong></span> <span class='ocrx_word' id='word_1_38' title='bbox 1587 687 1774 749; x_wconf 90' lang='lat' dir='ltr'><strong>usque</strong></span> <span class='ocrx_word' id='word_1_39' title='bbox 1804 688 1836 731; x_wconf 91' lang='lat' dir='ltr'><strong>a</strong></span> <span class='ocrx_word' id='word_1_40' title='bbox 1860 670 2035 751; x_wconf 91' lang='lat' dir='ltr'><strong>prin-</strong></span> 
     </span>
    </p>
   </div>
   <div class='ocr_carea' id='block_1_9' title="bbox 392 755 2038 840">
    <p class='ocr_par' dir='ltr' id='par_1_9' title="bbox 392 755 2038 840">
     <span class='ocr_line' id='line_1_9' title="bbox 392 755 2038 840; baseline 0 -19"><span class='ocrx_word' id='word_1_41' title='bbox 392 759 549 840; x_wconf 86' lang='lat' dir='ltr'><strong>cipio</strong></span> <span class='ocrx_word' id='word_1_42' title='bbox 572 756 871 819; x_wconf 87' lang='lat' dir='ltr'><strong>adversari</strong></span> <span class='ocrx_word' id='word_1_43' title='bbox 896 756 1076 836; x_wconf 60' lang='lat' dir='ltr'><strong>coepit</strong></span> <span class='ocrx_word' id='word_1_44' title='bbox 1096 755 1468 830; x_wconf 84' lang='lat' dir='ltr'><strong>diabolus,et</strong></span> <span class='ocrx_word' id='word_1_45' title='bbox 1496 758 1570 818; x_wconf 89' lang='lat' dir='ltr'><strong>iis</strong></span> <span class='ocrx_word' id='word_1_46' title='bbox 1605 759 1904 840; x_wconf 77' lang='lat' dir='ltr'><strong>praecipue</strong></span> <span class='ocrx_word' id='word_1_47' title='bbox 1935 760 2038 840; x_wconf 89' lang='lat' dir='ltr'><strong>qui</strong></span> 
     </span>
    </p>
   </div>
   <div class='ocr_carea' id='block_1_10' title="bbox 393 846 2037 921">
    <p class='ocr_par' dir='ltr' id='par_1_10' title="bbox 393 846 2037 921">
     <span class='ocr_line' id='line_1_10' title="bbox 393 846 2037 921; baseline 0 -11"><span class='ocrx_word' id='word_1_48' title='bbox 393 847 626 911; x_wconf 87' lang='lat' dir='ltr'><strong>Christo</strong></span> <span class='ocrx_word' id='word_1_49' title='bbox 658 851 1089 921; x_wconf 88' lang='lat' dir='ltr'><strong>serviunt,cum</strong></span> <span class='ocrx_word' id='word_1_50' title='bbox 1122 862 1192 908; x_wconf 85' lang='lat' dir='ltr'><strong>ex</strong></span> <span class='ocrx_word' id='word_1_51' title='bbox 1226 846 1410 907; x_wconf 86' lang='lat' dir='ltr'><strong>multa</strong></span> <span class='ocrx_word' id='word_1_52' title='bbox 1440 846 1602 908; x_wconf 90' lang='lat' dir='ltr'><strong>illius</strong></span> <span class='ocrx_word' id='word_1_53' title='bbox 1629 848 1890 911; x_wconf 91' lang='lat' dir='ltr'><strong>hominis</strong></span> <span class='ocrx_word' id='word_1_54' title='bbox 1919 850 2037 910; x_wconf 88' lang='lat' dir='ltr'><strong>vir-</strong></span> 
     </span>
    </p>
   </div>
   <div class='ocr_carea' id='block_1_11' title="bbox 391 934 2038 1019">
    <p class='ocr_par' dir='ltr' id='par_1_11' title="bbox 391 934 2038 1019">
     <span class='ocr_line' id='line_1_11' title="bbox 391 934 2038 1019; baseline 0.001 -19"><span class='ocrx_word' id='word_1_55' title='bbox 391 944 518 1000; x_wconf 86' lang='lat' dir='ltr'><strong>tute</strong></span> <span class='ocrx_word' id='word_1_56' title='bbox 544 956 614 998; x_wconf 93' lang='lat' dir='ltr'><strong>ac</strong></span> <span class='ocrx_word' id='word_1_57' title='bbox 644 937 907 1017; x_wconf 79' lang='lat' dir='ltr'><strong>perfecta</strong></span> <span class='ocrx_word' id='word_1_58' title='bbox 940 936 1059 997; x_wconf 86' lang='lat' dir='ltr'><strong>vita</strong></span> <span class='ocrx_word' id='word_1_59' title='bbox 1089 953 1155 997; x_wconf 92' lang='lat' dir='ltr'><strong>se</strong></span> <span class='ocrx_word' id='word_1_60' title='bbox 1212 934 1401 1013; x_wconf 78' lang='lat' dir='ltr'><strong>fugari</strong></span> <span class='ocrx_word' id='word_1_61' title='bbox 1433 936 1686 1012; x_wconf 86' lang='lat' dir='ltr'><strong>videret,</strong></span> <span class='ocrx_word' id='word_1_62' title='bbox 1719 956 2038 1019; x_wconf 81' lang='lat' dir='ltr'><strong>aggressus</strong></span> 
     </span>
    </p>
   </div>
   <div class='ocr_carea' id='block_1_12' title="bbox 390 1026 2034 1109">
    <p class='ocr_par' dir='ltr' id='par_1_12' title="bbox 390 1026 2034 1109">
     <span class='ocr_line' id='line_1_12' title="bbox 390 1026 2034 1109; baseline 0 -18"><span class='ocrx_word' id='word_1_63' title='bbox 390 1036 480 1092; x_wconf 88' lang='lat' dir='ltr'><strong>est</strong></span> <span class='ocrx_word' id='word_1_64' title='bbox 506 1044 643 1090; x_wconf 85' lang='lat' dir='ltr'><strong>eum</strong></span> <span class='ocrx_word' id='word_1_65' title='bbox 678 1028 1050 1108; x_wconf 86' lang='lat' dir='ltr'><strong>persequi,et</strong></span> <span class='ocrx_word' id='word_1_66' title='bbox 1082 1045 1151 1088; x_wconf 84' lang='lat' dir='ltr'><strong>ex</strong></span> <span class='ocrx_word' id='word_1_67' title='bbox 1183 1026 1259 1087; x_wconf 90' lang='lat' dir='ltr'><strong>iis</strong></span> <span class='ocrx_word' id='word_1_68' title='bbox 1284 1026 1458 1106; x_wconf 83' lang='lat' dir='ltr'><strong>locis,</strong></span> <span class='ocrx_word' id='word_1_69' title='bbox 1495 1046 1628 1108; x_wconf 62' lang='lat' dir='ltr'><strong>quae</strong></span> <span class='ocrx_word' id='word_1_70' title='bbox 1659 1047 1841 1109; x_wconf 85' lang='lat' dir='ltr'><strong>supra</strong></span> <span class='ocrx_word' id='word_1_71' title='bbox 1874 1029 2034 1091; x_wconf 81' lang='lat' dir='ltr'><strong>dixi-</strong></span> 
     </span>
    </p>
   </div>
   <div class='ocr_carea' id='block_1_13' title="bbox 389 1116 2037 1198">
    <p class='ocr_par' dir='ltr' id='par_1_13' title="bbox 389 1116 2037 1198">
     <span class='ocr_line' id='line_1_13' title="bbox 389 1116 2037 1198; baseline 0.001 -17"><span class='ocrx_word' id='word_1_72' title='bbox 389 1117 874 1198; x_wconf 78' lang='lat' dir='ltr'><strong>mus,expeliere.</strong></span> <span class='ocrx_word' id='word_1_73' title='bbox 914 1116 1058 1179; x_wconf 86' lang='lat' dir='ltr'><strong>Cum</strong></span> <span class='ocrx_word' id='word_1_74' title='bbox 1084 1116 1242 1180; x_wconf 90' lang='lat' dir='ltr'><strong>enim</strong></span> <span class='ocrx_word' id='word_1_75' title='bbox 1269 1116 1326 1177; x_wconf 91' lang='lat' dir='ltr'><strong>in</strong></span> <span class='ocrx_word' id='word_1_76' title='bbox 1353 1134 1539 1178; x_wconf 88' lang='lat' dir='ltr'><strong>unum</strong></span> <span class='ocrx_word' id='word_1_77' title='bbox 1563 1122 1900 1198; x_wconf 85' lang='lat' dir='ltr'><strong>quempiam</strong></span> <span class='ocrx_word' id='word_1_78' title='bbox 1935 1120 2037 1182; x_wconf 91' lang='lat' dir='ltr'><strong>Sa-</strong></span> 
     </span>
    </p>
   </div>
   <div class='ocr_carea' id='block_1_14' title="bbox 389 1206 2036 1287">
    <p class='ocr_par' dir='ltr' id='par_1_14' title="bbox 389 1206 2036 1287">
     <span class='ocr_line' id='line_1_14' title="bbox 389 1206 2036 1287; baseline 0.001 -18"><span class='ocrx_word' id='word_1_79' title='bbox 389 1209 661 1270; x_wconf 86' lang='lat' dir='ltr'><strong>maritam</strong></span> <span class='ocrx_word' id='word_1_80' title='bbox 694 1207 1001 1286; x_wconf 90' lang='lat' dir='ltr'><strong>ingressus</strong></span> <span class='ocrx_word' id='word_1_81' title='bbox 1031 1206 1261 1282; x_wconf 82' lang='lat' dir='ltr'><strong>fuisset,</strong></span> <span class='ocrx_word' id='word_1_82' title='bbox 1297 1223 1371 1267; x_wconf 86' lang='lat' dir='ltr'><strong>ex</strong></span> <span class='ocrx_word' id='word_1_83' title='bbox 1402 1222 1607 1268; x_wconf 90' lang='lat' dir='ltr'><strong>eorum</strong></span> <span class='ocrx_word' id='word_1_84' title='bbox 1638 1225 1894 1270; x_wconf 89' lang='lat' dir='ltr'><strong>numero</strong></span> <span class='ocrx_word' id='word_1_85' title='bbox 1927 1210 2036 1287; x_wconf 92' lang='lat' dir='ltr'><strong>qui</strong></span> 
     </span>
    </p>
   </div>
   <div class='ocr_carea' id='block_1_15' title="bbox 387 1295 2038 1378">
    <p class='ocr_par' dir='ltr' id='par_1_15' title="bbox 387 1295 2038 1378">
     <span class='ocr_line' id='line_1_15' title="bbox 387 1295 2038 1378; baseline 0.001 -17"><span class='ocrx_word' id='word_1_86' title='bbox 387 1299 461 1361; x_wconf 84' lang='lat' dir='ltr'><strong>ab</strong></span> <span class='ocrx_word' id='word_1_87' title='bbox 490 1298 663 1360; x_wconf 86' lang='lat' dir='ltr'><strong>initio</strong></span> <span class='ocrx_word' id='word_1_88' title='bbox 691 1298 1000 1359; x_wconf 88' lang='lat' dir='ltr'><strong>veritatem</strong></span> <span class='ocrx_word' id='word_1_89' title='bbox 1033 1296 1223 1378; x_wconf 88' lang='lat' dir='ltr'><strong>ipsam</strong></span> <span class='ocrx_word' id='word_1_90' title='bbox 1283 1295 1772 1371; x_wconf 84' lang='lat' dir='ltr'><strong>adversabantur,</strong></span> <span class='ocrx_word' id='word_1_91' title='bbox 1810 1298 1952 1361; x_wconf 88' lang='lat' dir='ltr'><strong>fecit</strong></span> <span class='ocrx_word' id='word_1_92' title='bbox 1974 1307 2038 1362; x_wconf 93' lang='lat' dir='ltr'><strong>ut</strong></span> 
     </span>
    </p>
   </div>
   <div class='ocr_carea' id='block_1_16' title="bbox 387 1386 2037 1469">
    <p class='ocr_par' dir='ltr' id='par_1_16' title="bbox 387 1386 2037 1469">
     <span class='ocr_line' id='line_1_16' title="bbox 387 1386 2037 1469; baseline 0 -17"><span class='ocrx_word' id='word_1_93' title='bbox 387 1389 490 1453; x_wconf 90' lang='lat' dir='ltr'><strong>ille</strong></span> <span class='ocrx_word' id='word_1_94' title='bbox 512 1389 824 1451; x_wconf 88' lang='lat' dir='ltr'><strong>universos</strong></span> <span class='ocrx_word' id='word_1_95' title='bbox 847 1386 920 1448; x_wconf 89' lang='lat' dir='ltr'><strong>ad</strong></span> <span class='ocrx_word' id='word_1_96' title='bbox 942 1404 1007 1448; x_wconf 92' lang='lat' dir='ltr'><strong>se</strong></span> <span class='ocrx_word' id='word_1_97' title='bbox 1033 1387 1404 1467; x_wconf 87' lang='lat' dir='ltr'><strong>pertinentes</strong></span> <span class='ocrx_word' id='word_1_98' title='bbox 1427 1388 2037 1469; x_wconf 82' lang='lat' dir='ltr'><strong>amicos,consangui—</strong></span> 
     </span>
    </p>
   </div>
   <div class='ocr_carea' id='block_1_17' title="bbox 388 1480 2033 1554">
    <p class='ocr_par' dir='ltr' id='par_1_17' title="bbox 388 1480 2033 1554">
     <span class='ocr_line' id='line_1_17' title="bbox 388 1480 2033 1554; baseline 0 -13"><span class='ocrx_word' id='word_1_99' title='bbox 388 1498 531 1541; x_wconf 89' lang='lat' dir='ltr'><strong>neos</strong></span> <span class='ocrx_word' id='word_1_100' title='bbox 553 1498 618 1540; x_wconf 88' lang='lat' dir='ltr'><strong>ac</strong></span> <span class='ocrx_word' id='word_1_101' title='bbox 644 1480 941 1545; x_wconf 81' lang='lat' dir='ltr'><strong>servos,ad</strong></span> <span class='ocrx_word' id='word_1_102' title='bbox 968 1480 1212 1537; x_wconf 85' lang='lat' dir='ltr'><strong>insidias</strong></span> <span class='ocrx_word' id='word_1_103' title='bbox 1237 1486 1437 1538; x_wconf 82' lang='lat' dir='ltr'><strong>sancto</strong></span> <span class='ocrx_word' id='word_1_104' title='bbox 1460 1481 1539 1536; x_wconf 87' lang='lat' dir='ltr'><strong>illi</strong></span> <span class='ocrx_word' id='word_1_105' title='bbox 1565 1482 1687 1538; x_wconf 89' lang='lat' dir='ltr'><strong>viro</strong></span> <span class='ocrx_word' id='word_1_106' title='bbox 1705 1485 2033 1554; x_wconf 82' lang='lat' dir='ltr'><strong>struendas,</strong></span> 
     </span>
    </p>
   </div>
   <div class='ocr_carea' id='block_1_18' title="bbox 384 1565 2037 1648">
    <p class='ocr_par' dir='ltr' id='par_1_18' title="bbox 384 1565 2037 1648">
     <span class='ocr_line' id='line_1_18' title="bbox 384 1565 2037 1648; baseline -0.001 -18"><span class='ocrx_word' id='word_1_107' title='bbox 384 1568 450 1630; x_wconf 88' lang='lat' dir='ltr'><strong>in</strong></span> <span class='ocrx_word' id='word_1_108' title='bbox 480 1588 665 1630; x_wconf 94' lang='lat' dir='ltr'><strong>unum</strong></span> <span class='ocrx_word' id='word_1_109' title='bbox 698 1567 1035 1644; x_wconf 82' lang='lat' dir='ltr'><strong>colligeret;</strong></span> <span class='ocrx_word' id='word_1_110' title='bbox 1066 1584 1184 1647; x_wconf 90' lang='lat' dir='ltr'><strong>quo</strong></span> <span class='ocrx_word' id='word_1_111' title='bbox 1221 1583 1357 1627; x_wconf 89' lang='lat' dir='ltr'><strong>eum</strong></span> <span class='ocrx_word' id='word_1_112' title='bbox 1386 1565 1467 1626; x_wconf 89' lang='lat' dir='ltr'><strong>ita</strong></span> <span class='ocrx_word' id='word_1_113' title='bbox 1498 1565 1796 1628; x_wconf 79' lang='lat' dir='ltr'><strong>irretitum</strong></span> <span class='ocrx_word' id='word_1_114' title='bbox 1833 1575 2037 1648; x_wconf 87' lang='lat' dir='ltr'><strong>posset</strong></span> 
     </span>
    </p>
   </div>
   <div class='ocr_carea' id='block_1_19' title="bbox 384 1654 2031 1739">
    <p class='ocr_par' dir='ltr' id='par_1_19' title="bbox 384 1654 2031 1739">
     <span class='ocr_line' id='line_1_19' title="bbox 384 1654 2031 1739; baseline -0.001 -16"><span class='ocrx_word' id='word_1_115' title='bbox 384 1678 422 1723; x_wconf 79' lang='grc' dir='ltr'><strong>θ</strong></span> <span class='ocrx_word' id='word_1_116' title='bbox 447 1658 793 1739; x_wconf 84' lang='lat' dir='ltr'><strong>regionibus</strong></span> <span class='ocrx_word' id='word_1_117' title='bbox 827 1658 946 1720; x_wconf 88' lang='lat' dir='ltr'><strong>illis</strong></span> <span class='ocrx_word' id='word_1_118' title='bbox 979 1654 1583 1737; x_wconf 89' lang='lat' dir='ltr'><strong>propulsare.0mnes</strong></span> <span class='ocrx_word' id='word_1_119' title='bbox 1606 1656 1789 1736; x_wconf 87' lang='lat' dir='ltr'><strong>igitur</strong></span> <span class='ocrx_word' id='word_1_120' title='bbox 1804 1676 1937 1718; x_wconf 90' lang='lat' dir='ltr'><strong>cum</strong></span> <span class='ocrx_word' id='word_1_121' title='bbox 1959 1659 2031 1721; x_wconf 92' lang='lat' dir='ltr'><strong>ad</strong></span> 
     </span>
    </p>
   </div>
   <div class='ocr_carea' id='block_1_20' title="bbox 384 1746 2093 1828">
    <p class='ocr_par' dir='ltr' id='par_1_20' title="bbox 384 1746 2093 1828">
     <span class='ocr_line' id='line_1_20' title="bbox 384 1746 2093 1828; baseline -0.001 -16"><span class='ocrx_word' id='word_1_122' title='bbox 384 1749 716 1813; x_wconf 88' lang='lat' dir='ltr'><strong>sacerdotis</strong></span> <span class='ocrx_word' id='word_1_123' title='bbox 745 1748 841 1811; x_wconf 92' lang='lat' dir='ltr'><strong>sui</strong></span> <span class='ocrx_word' id='word_1_124' title='bbox 864 1747 1258 1809; x_wconf 81' lang='lat' dir='ltr'><strong>diversorium</strong></span> <span class='ocrx_word' id='word_1_125' title='bbox 1284 1746 1730 1822; x_wconf 84' lang='lat' dir='ltr'><strong>convenissent,</strong></span> <span class='ocrx_word' id='word_1_126' title='bbox 1760 1755 1821 1810; x_wconf 92' lang='lat' dir='ltr'><strong>et</strong></span> <span class='ocrx_word' id='word_1_127' title='bbox 1853 1748 2033 1810; x_wconf 88' lang='lat' dir='ltr'><strong>multa</strong></span> <span class='ocrx_word' id='word_1_128' title='bbox 2055 1775 2093 1828; x_wconf 76' lang='grc' dir='ltr'><strong>Β</strong></span> 
     </span>
    </p>
   </div>
   <div class='ocr_carea' id='block_1_21' title="bbox 387 1836 2027 1913">
    <p class='ocr_par' dir='ltr' id='par_1_21' title="bbox 387 1836 2027 1913">
     <span class='ocr_line' id='line_1_21' title="bbox 387 1836 2027 1913; baseline -0.002 -10"><span class='ocrx_word' id='word_1_129' title='bbox 387 1848 590 1903; x_wconf 87' lang='lat' dir='ltr'><strong>essent</strong></span> <span class='ocrx_word' id='word_1_130' title='bbox 617 1840 967 1913; x_wconf 87' lang='lat' dir='ltr'><strong>machinati,</strong></span> <span class='ocrx_word' id='word_1_131' title='bbox 992 1855 1111 1899; x_wconf 89' lang='lat' dir='ltr'><strong>una</strong></span> <span class='ocrx_word' id='word_1_132' title='bbox 1133 1837 1401 1899; x_wconf 87' lang='lat' dir='ltr'><strong>omnium</strong></span> <span class='ocrx_word' id='word_1_133' title='bbox 1425 1836 1723 1898; x_wconf 90' lang='lat' dir='ltr'><strong>sententia</strong></span> <span class='ocrx_word' id='word_1_134' title='bbox 1746 1838 1871 1899; x_wconf 64' lang='lat' dir='ltr'><strong>haec</strong></span> <span class='ocrx_word' id='word_1_135' title='bbox 1897 1838 2027 1913; x_wconf 81' lang='lat' dir='ltr'><strong>fuit,</strong></span> 
     </span>
    </p>
   </div>
   <div class='ocr_carea' id='block_1_22' title="bbox 384 1926 2029 2012">
    <p class='ocr_par' dir='ltr' id='par_1_22' title="bbox 384 1926 2029 2012">
     <span class='ocr_line' id='line_1_22' title="bbox 384 1926 2029 2012; baseline -0.001 -19"><span class='ocrx_word' id='word_1_136' title='bbox 384 1929 879 2012; x_wconf 89' lang='lat' dir='ltr'><strong>utimpudentem</strong></span> <span class='ocrx_word' id='word_1_137' title='bbox 904 1936 1081 2009; x_wconf 83' lang='lat' dir='ltr'><strong>atque</strong></span> <span class='ocrx_word' id='word_1_138' title='bbox 1103 1927 1485 1987; x_wconf 85' lang='lat' dir='ltr'><strong>inhonestam</strong></span> <span class='ocrx_word' id='word_1_139' title='bbox 1512 1926 1927 1989; x_wconf 87' lang='lat' dir='ltr'><strong>mulierculam</strong></span> <span class='ocrx_word' id='word_1_140' title='bbox 1957 1930 2029 1991; x_wconf 91' lang='lat' dir='ltr'><strong>ad</strong></span> 
     </span>
    </p>
   </div>
   <div class='ocr_carea' id='block_1_23' title="bbox 386 2016 2026 2095">
    <p class='ocr_par' dir='ltr' id='par_1_23' title="bbox 386 2016 2026 2095">
     <span class='ocr_line' id='line_1_23' title="bbox 386 2016 2026 2095; baseline -0.001 -13"><span class='ocrx_word' id='word_1_141' title='bbox 386 2038 452 2082; x_wconf 89' lang='lat' dir='ltr'><strong>se</strong></span> <span class='ocrx_word' id='word_1_142' title='bbox 483 2017 994 2094; x_wconf 83' lang='lat' dir='ltr'><strong>accerserent,cui</strong></span> <span class='ocrx_word' id='word_1_143' title='bbox 1014 2016 1222 2095; x_wconf 84' lang='lat' dir='ltr'><strong>viginti</strong></span> <span class='ocrx_word' id='word_1_144' title='bbox 1246 2034 1462 2077; x_wconf 89' lang='lat' dir='ltr'><strong>aureos</strong></span> <span class='ocrx_word' id='word_1_145' title='bbox 1486 2035 1767 2078; x_wconf 90' lang='lat' dir='ltr'><strong>nummos</strong></span> <span class='ocrx_word' id='word_1_146' title='bbox 1791 2017 2026 2093; x_wconf 87' lang='lat' dir='ltr'><strong>darent,</strong></span> 
     </span>
    </p>
   </div>
   <div class='ocr_carea' id='block_1_24' title="bbox 382 2101 2029 2189">
    <p class='ocr_par' dir='ltr' id='par_1_24' title="bbox 382 2101 2029 2189">
     <span class='ocr_line' id='line_1_24' title="bbox 382 2101 2029 2189; baseline -0.005 -19"><span class='ocrx_word' id='word_1_147' title='bbox 382 2107 755 2189; x_wconf 87' lang='lat' dir='ltr'><strong>totidemque</strong></span> <span class='ocrx_word' id='word_1_148' title='bbox 786 2107 936 2169; x_wconf 89' lang='lat' dir='ltr'><strong>alios</strong></span> <span class='ocrx_word' id='word_1_149' title='bbox 966 2124 1033 2168; x_wconf 89' lang='lat' dir='ltr'><strong>se</strong></span> <span class='ocrx_word' id='word_1_150' title='bbox 1084 2105 1171 2166; x_wconf 91' lang='lat' dir='ltr'><strong>illi</strong></span> <span class='ocrx_word' id='word_1_151' title='bbox 1200 2106 1445 2167; x_wconf 91' lang='lat' dir='ltr'><strong>daturos</strong></span> <span class='ocrx_word' id='word_1_152' title='bbox 1498 2105 1943 2184; x_wconf 89' lang='lat' dir='ltr'><strong>promitterent,</strong></span> <span class='ocrx_word' id='word_1_153' title='bbox 1980 2101 2029 2169; x_wconf 92' lang='lat' dir='ltr'><strong>si</strong></span> 
     </span>
    </p>
   </div>
   <div class='ocr_carea' id='block_1_25' title="bbox 383 2194 2026 2278">
    <p class='ocr_par' dir='ltr' id='par_1_25' title="bbox 383 2194 2026 2278">
     <span class='ocr_line' id='line_1_25' title="bbox 383 2194 2026 2278; baseline -0.003 -16"><span class='ocrx_word' id='word_1_154' title='bbox 383 2201 513 2278; x_wconf 89' lang='lat' dir='ltr'><strong>ipsa</strong></span> <span class='ocrx_word' id='word_1_155' title='bbox 534 2196 640 2259; x_wconf 90' lang='lat' dir='ltr'><strong>Dei</strong></span> <span class='ocrx_word' id='word_1_156' title='bbox 673 2215 906 2260; x_wconf 80' lang='lat' dir='ltr'><strong>servum</strong></span> <span class='ocrx_word' id='word_1_157' title='bbox 939 2194 1227 2259; x_wconf 88' lang='lat' dir='ltr'><strong>Jacobum</strong></span> <span class='ocrx_word' id='word_1_158' title='bbox 1280 2195 1583 2257; x_wconf 89' lang='lat' dir='ltr'><strong>illecebris</strong></span> <span class='ocrx_word' id='word_1_159' title='bbox 1607 2196 1733 2257; x_wconf 91' lang='lat' dir='ltr'><strong>suis</strong></span> <span class='ocrx_word' id='word_1_160' title='bbox 1756 2214 2026 2258; x_wconf 78' lang='lat' dir='ltr'><strong>Corrum-</strong></span> 
     </span>
    </p>
   </div>
   <div class='ocr_carea' id='block_1_26' title="bbox 382 2285 2025 2370">
    <p class='ocr_par' dir='ltr' id='par_1_26' title="bbox 382 2285 2025 2370">
     <span class='ocr_line' id='line_1_26' title="bbox 382 2285 2025 2370; baseline 0 -21"><span class='ocrx_word' id='word_1_161' title='bbox 382 2305 528 2370; x_wconf 89' lang='lat' dir='ltr'><strong>pere</strong></span> <span class='ocrx_word' id='word_1_162' title='bbox 559 2294 780 2368; x_wconf 90' lang='lat' dir='ltr'><strong>posset,</strong></span> <span class='ocrx_word' id='word_1_163' title='bbox 812 2296 879 2349; x_wconf 91' lang='lat' dir='ltr'><strong>ut</strong></span> <span class='ocrx_word' id='word_1_164' title='bbox 934 2304 1138 2347; x_wconf 86' lang='lat' dir='ltr'><strong>ausam</strong></span> <span class='ocrx_word' id='word_1_165' title='bbox 1171 2285 1429 2366; x_wconf 87' lang='lat' dir='ltr'><strong>aliquam</strong></span> <span class='ocrx_word' id='word_1_166' title='bbox 1463 2285 1851 2364; x_wconf 86' lang='lat' dir='ltr'><strong>arripientes,</strong></span> <span class='ocrx_word' id='word_1_167' title='bbox 1888 2305 2025 2349; x_wconf 92' lang='lat' dir='ltr'><strong>eum</strong></span> 
     </span>
    </p>
   </div>
   <div class='ocr_carea' id='block_1_27' title="bbox 379 2374 1869 2455">
    <p class='ocr_par' dir='ltr' id='par_1_27' title="bbox 379 2374 1869 2455">
     <span class='ocr_line' id='line_1_27' title="bbox 379 2374 1869 2455; baseline -0.002 -15"><span class='ocrx_word' id='word_1_168' title='bbox 379 2377 572 2440; x_wconf 89' lang='lat' dir='ltr'><strong>virum</strong></span> <span class='ocrx_word' id='word_1_169' title='bbox 608 2395 741 2440; x_wconf 89' lang='lat' dir='ltr'><strong>cum</strong></span> <span class='ocrx_word' id='word_1_170' title='bbox 775 2376 1074 2439; x_wconf 88' lang='lat' dir='ltr'><strong>dedecore</strong></span> <span class='ocrx_word' id='word_1_171' title='bbox 1100 2395 1131 2438; x_wconf 91' lang='lat' dir='ltr'><strong>e</strong></span> <span class='ocrx_word' id='word_1_172' title='bbox 1163 2395 1267 2437; x_wconf 87' lang='lat' dir='ltr'><strong>sua</strong></span> <span class='ocrx_word' id='word_1_173' title='bbox 1296 2377 1542 2451; x_wconf 82' lang='lat' dir='ltr'><strong>regione</strong></span> <span class='ocrx_word' id='word_1_174' title='bbox 1570 2374 1869 2455; x_wconf 82' lang='lat' dir='ltr'><strong>fngarent.</strong></span> 
     </span>
    </p>
   </div>
   <div class='ocr_carea' id='block_1_28' title="bbox 461 2466 2025 2550">
    <p class='ocr_par' dir='ltr' id='par_1_28' title="bbox 461 2466 2025 2550">
     <span class='ocr_line' id='line_1_28' title="bbox 461 2466 2025 2550; baseline -0.002 -18"><span class='ocrx_word' id='word_1_175' title='bbox 461 2468 561 2532; x_wconf 87' lang='lat' dir='ltr'><strong>IV.</strong></span> <span class='ocrx_word' id='word_1_176' title='bbox 595 2466 703 2532; x_wconf 86' lang='lat' dir='ltr'><strong>His</strong></span> <span class='ocrx_word' id='word_1_177' title='bbox 735 2467 1294 2550; x_wconf 9' lang='lat' dir='ltr'><strong>promissisrmulier</strong></span> <span class='ocrx_word' id='word_1_178' title='bbox 1349 2467 1450 2528; x_wconf 91' lang='lat' dir='ltr'><strong>illa</strong></span> <span class='ocrx_word' id='word_1_179' title='bbox 1484 2467 1745 2541; x_wconf 88' lang='lat' dir='ltr'><strong>inducta,</strong></span> <span class='ocrx_word' id='word_1_180' title='bbox 1784 2468 2025 2529; x_wconf 88' lang='lat' dir='ltr'><strong>multam</strong></span> 
     </span>
    </p>
   </div>
   <div class='ocr_carea' id='block_1_29' title="bbox 380 2557 2023 2637">
    <p class='ocr_par' dir='ltr' id='par_1_29' title="bbox 380 2557 2023 2637">
     <span class='ocr_line' id='line_1_29' title="bbox 380 2557 2023 2637; baseline -0.002 -14"><span class='ocrx_word' id='word_1_181' title='bbox 380 2569 616 2624; x_wconf 90' lang='lat' dir='ltr'><strong>noctem</strong></span> <span class='ocrx_word' id='word_1_182' title='bbox 679 2558 1032 2631; x_wconf 88' lang='lat' dir='ltr'><strong>observans,</strong></span> <span class='ocrx_word' id='word_1_183' title='bbox 1091 2557 1160 2617; x_wconf 90' lang='lat' dir='ltr'><strong>ad</strong></span> <span class='ocrx_word' id='word_1_184' title='bbox 1212 2558 1406 2637; x_wconf 90' lang='lat' dir='ltr'><strong>ipsum</strong></span> <span class='ocrx_word' id='word_1_185' title='bbox 1458 2557 1639 2626; x_wconf 86' lang='lat' dir='ltr'><strong>adiit.</strong></span> <span class='ocrx_word' id='word_1_186' title='bbox 1686 2575 1753 2618; x_wconf 81' lang='lat' dir='ltr'><strong>ac</strong></span> <span class='ocrx_word' id='word_1_187' title='bbox 1781 2559 2023 2636; x_wconf 85' lang='lat' dir='ltr'><strong>januam</strong></span> 
     </span>
    </p>
   </div>
   <div class='ocr_carea' id='block_1_30' title="bbox 380 2646 2024 2734">
    <p class='ocr_par' dir='ltr' id='par_1_30' title="bbox 380 2646 2024 2734">
     <span class='ocr_line' id='line_1_30' title="bbox 380 2646 2024 2734; baseline -0.002 -20"><span class='ocrx_word' id='word_1_188' title='bbox 380 2652 624 2734; x_wconf 89' lang='lat' dir='ltr'><strong>pulsans</strong></span> <span class='ocrx_word' id='word_1_189' title='bbox 647 2668 783 2712; x_wconf 90' lang='lat' dir='ltr'><strong>eum</strong></span> <span class='ocrx_word' id='word_1_190' title='bbox 806 2647 1148 2728; x_wconf 87' lang='lat' dir='ltr'><strong>rogabat,ut</strong></span> <span class='ocrx_word' id='word_1_191' title='bbox 1172 2648 1358 2728; x_wconf 88' lang='lat' dir='ltr'><strong>ipsam</strong></span> <span class='ocrx_word' id='word_1_192' title='bbox 1386 2646 2024 2711; x_wconf 90' lang='lat' dir='ltr'><strong>intromitteret.Cum-</strong></span> 
     </span>
    </p>
   </div>
   <div class='ocr_carea' id='block_1_31' title="bbox 379 2736 2021 2824">
    <p class='ocr_par' dir='ltr' id='par_1_31' title="bbox 379 2736 2021 2824">
     <span class='ocr_line' id='line_1_31' title="bbox 379 2736 2021 2824; baseline -0.004 -19"><span class='ocrx_word' id='word_1_193' title='bbox 379 2761 494 2824; x_wconf 90' lang='lat' dir='ltr'><strong>que</strong></span> <span class='ocrx_word' id='word_1_194' title='bbox 526 2741 627 2802; x_wconf 89' lang='lat' dir='ltr'><strong>ille</strong></span> <span class='ocrx_word' id='word_1_195' title='bbox 659 2747 1014 2814; x_wconf 87' lang='lat' dir='ltr'><strong>moraretur,</strong></span> <span class='ocrx_word' id='word_1_196' title='bbox 1049 2746 1108 2799; x_wconf 83' lang='lat' dir='ltr'><strong>et</strong></span> <span class='ocrx_word' id='word_1_197' title='bbox 1139 2737 1367 2798; x_wconf 84' lang='lat' dir='ltr'><strong>diutius</strong></span> <span class='ocrx_word' id='word_1_198' title='bbox 1401 2737 1460 2796; x_wconf 88' lang='lat' dir='ltr'><strong>id</strong></span> <span class='ocrx_word' id='word_1_199' title='bbox 1492 2754 1556 2798; x_wconf 90' lang='lat' dir='ltr'><strong>se</strong></span> <span class='ocrx_word' id='word_1_200' title='bbox 1592 2736 1886 2799; x_wconf 81' lang='lat' dir='ltr'><strong>facturum</strong></span> <span class='ocrx_word' id='word_1_201' title='bbox 1920 2757 2021 2799; x_wconf 86' lang='lat' dir='ltr'><strong>re-</strong></span> 
     </span>
    </p>
   </div>
   <div class='ocr_carea' id='block_1_32' title="bbox 380 2825 2027 2907">
    <p class='ocr_par' dir='ltr' id='par_1_32' title="bbox 380 2825 2027 2907">
     <span class='ocr_line' id='line_1_32' title="bbox 380 2825 2027 2907; baseline -0.004 -14"><span class='ocrx_word' id='word_1_202' title='bbox 380 2836 636 2903; x_wconf 90' lang='lat' dir='ltr'><strong>cusaret,</strong></span> <span class='ocrx_word' id='word_1_203' title='bbox 672 2829 773 2888; x_wconf 87' lang='lat' dir='ltr'><strong>illa</strong></span> <span class='ocrx_word' id='word_1_204' title='bbox 805 2826 1196 2888; x_wconf 90' lang='lat' dir='ltr'><strong>nihilominus</strong></span> <span class='ocrx_word' id='word_1_205' title='bbox 1219 2825 1600 2905; x_wconf 89' lang='lat' dir='ltr'><strong>impudenter</strong></span> <span class='ocrx_word' id='word_1_206' title='bbox 1628 2827 1871 2907; x_wconf 88' lang='lat' dir='ltr'><strong>januam</strong></span> <span class='ocrx_word' id='word_1_207' title='bbox 1896 2828 2027 2907; x_wconf 89' lang='lat' dir='ltr'><strong>pul-</strong></span> 
     </span>
    </p>
   </div>
   <div class='ocr_carea' id='block_1_33' title="bbox 380 2914 2020 3000">
    <p class='ocr_par' dir='ltr' id='par_1_33' title="bbox 380 2914 2020 3000">
     <span class='ocr_line' id='line_1_33' title="bbox 380 2914 2020 3000; baseline -0.002 -18"><span class='ocrx_word' id='word_1_208' title='bbox 380 2938 514 2983; x_wconf 88' lang='lat' dir='ltr'><strong>sare</strong></span> <span class='ocrx_word' id='word_1_209' title='bbox 547 2917 850 3000; x_wconf 80' lang='lat' dir='ltr'><strong>pergebat,</strong></span> <span class='ocrx_word' id='word_1_210' title='bbox 879 2924 938 2978; x_wconf 90' lang='lat' dir='ltr'><strong>et</strong></span> <span class='ocrx_word' id='word_1_211' title='bbox 963 2915 1164 2977; x_wconf 90' lang='lat' dir='ltr'><strong>multis</strong></span> <span class='ocrx_word' id='word_1_212' title='bbox 1198 2914 1480 2994; x_wconf 83' lang='lat' dir='ltr'><strong>precibus</strong></span> <span class='ocrx_word' id='word_1_213' title='bbox 1512 2933 1645 2976; x_wconf 90' lang='lat' dir='ltr'><strong>eum</strong></span> <span class='ocrx_word' id='word_1_214' title='bbox 1680 2915 2020 2993; x_wconf 88' lang='lat' dir='ltr'><strong>obsecrare,</strong></span> 
     </span>
    </p>
   </div>
   <div class='ocr_carea' id='block_1_34' title="bbox 379 3004 2026 3089">
    <p class='ocr_par' dir='ltr' id='par_1_34' title="bbox 379 3004 2026 3089">
     <span class='ocr_line' id='line_1_34' title="bbox 379 3004 2026 3089; baseline -0.002 -19"><span class='ocrx_word' id='word_1_215' title='bbox 379 3018 444 3070; x_wconf 87' lang='lat' dir='ltr'><strong>ut</strong></span> <span class='ocrx_word' id='word_1_216' title='bbox 473 3008 663 3089; x_wconf 80' lang='lat' dir='ltr'><strong>ipsam</strong></span> <span class='ocrx_word' id='word_1_217' title='bbox 696 3006 1065 3068; x_wconf 85' lang='lat' dir='ltr'><strong>admitteret.</strong></span> <span class='ocrx_word' id='word_1_218' title='bbox 1102 3006 1249 3067; x_wconf 89' lang='lat' dir='ltr'><strong>Cum</strong></span> <span class='ocrx_word' id='word_1_219' title='bbox 1282 3004 1464 3082; x_wconf 82' lang='lat' dir='ltr'><strong>igitur</strong></span> <span class='ocrx_word' id='word_1_220' title='bbox 1494 3004 1594 3065; x_wconf 92' lang='lat' dir='ltr'><strong>ille</strong></span> <span class='ocrx_word' id='word_1_221' title='bbox 1616 3008 1862 3085; x_wconf 87' lang='lat' dir='ltr'><strong>januam</strong></span> <span class='ocrx_word' id='word_1_222' title='bbox 1929 3026 2026 3087; x_wconf 82' lang='lat' dir='ltr'><strong>pa-</strong></span> 
     </span>
    </p>
   </div>
   <div class='ocr_carea' id='block_1_35' title="bbox 379 3093 2022 3175">
    <p class='ocr_par' dir='ltr' id='par_1_35' title="bbox 379 3093 2022 3175">
     <span class='ocr_line' id='line_1_35' title="bbox 379 3093 2022 3175; baseline -0.003 -14"><span class='ocrx_word' id='word_1_223' title='bbox 379 3098 704 3171; x_wconf 83' lang='lat' dir='ltr'><strong>tefecisset,</strong></span> <span class='ocrx_word' id='word_1_224' title='bbox 740 3104 798 3157; x_wconf 92' lang='lat' dir='ltr'><strong>et</strong></span> <span class='ocrx_word' id='word_1_225' title='bbox 826 3114 956 3157; x_wconf 90' lang='lat' dir='ltr'><strong>eam</strong></span> <span class='ocrx_word' id='word_1_226' title='bbox 990 3093 1256 3169; x_wconf 90' lang='lat' dir='ltr'><strong>vidisset,</strong></span> <span class='ocrx_word' id='word_1_227' title='bbox 1283 3103 1586 3173; x_wconf 87' lang='lat' dir='ltr'><strong>spectrum</strong></span> <span class='ocrx_word' id='word_1_228' title='bbox 1622 3095 1862 3175; x_wconf 89' lang='lat' dir='ltr'><strong>aliquod</strong></span> <span class='ocrx_word' id='word_1_229' title='bbox 1896 3115 2022 3157; x_wconf 91' lang='lat' dir='ltr'><strong>cer-</strong></span> 
     </span>
    </p>
   </div>
   <div class='ocr_carea' id='block_1_36' title="bbox 382 3183 2016 3264">
    <p class='ocr_par' dir='ltr' id='par_1_36' title="bbox 382 3183 2016 3264">
     <span class='ocr_line' id='line_1_36' title="bbox 382 3183 2016 3264; baseline -0.002 -13"><span class='ocrx_word' id='word_1_230' title='bbox 382 3206 526 3251; x_wconf 90' lang='lat' dir='ltr'><strong>nere</strong></span> <span class='ocrx_word' id='word_1_231' title='bbox 556 3187 671 3248; x_wconf 90' lang='lat' dir='ltr'><strong>sibi</strong></span> <span class='ocrx_word' id='word_1_232' title='bbox 720 3185 880 3248; x_wconf 90' lang='lat' dir='ltr'><strong>visus</strong></span> <span class='ocrx_word' id='word_1_233' title='bbox 923 3189 1039 3261; x_wconf 87' lang='lat' dir='ltr'><strong>est;</strong></span> <span class='ocrx_word' id='word_1_234' title='bbox 1067 3203 1250 3264; x_wconf 90' lang='lat' dir='ltr'><strong>seque</strong></span> <span class='ocrx_word' id='word_1_235' title='bbox 1281 3184 1478 3245; x_wconf 85' lang='lat' dir='ltr'><strong>crucis</strong></span> <span class='ocrx_word' id='word_1_236' title='bbox 1510 3183 1680 3262; x_wconf 85' lang='lat' dir='ltr'><strong>signo</strong></span> <span class='ocrx_word' id='word_1_237' title='bbox 1715 3184 2016 3261; x_wconf 85' lang='lat' dir='ltr'><strong>muniens,</strong></span> 
     </span>
    </p>
   </div>
   <div class='ocr_carea' id='block_1_37' title="bbox 373 3273 2022 3359">
    <p class='ocr_par' dir='ltr' id='par_1_37' title="bbox 373 3273 2022 3359">
     <span class='ocr_line' id='line_1_37' title="bbox 373 3273 2022 3359; baseline -0.005 -19"><span class='ocrx_word' id='word_1_238' title='bbox 373 3279 617 3359; x_wconf 86' lang='lat' dir='ltr'><strong>januam</strong></span> <span class='ocrx_word' id='word_1_239' title='bbox 653 3277 838 3357; x_wconf 91' lang='lat' dir='ltr'><strong>ipsam</strong></span> <span class='ocrx_word' id='word_1_240' title='bbox 874 3293 1010 3335; x_wconf 90' lang='lat' dir='ltr'><strong>cum</strong></span> <span class='ocrx_word' id='word_1_241' title='bbox 1047 3274 1272 3354; x_wconf 89' lang='lat' dir='ltr'><strong>impetu</strong></span> <span class='ocrx_word' id='word_1_242' title='bbox 1326 3273 1560 3345; x_wconf 89' lang='lat' dir='ltr'><strong>clausit,</strong></span> <span class='ocrx_word' id='word_1_243' title='bbox 1593 3282 1768 3353; x_wconf 90' lang='lat' dir='ltr'><strong>atque</strong></span> <span class='ocrx_word' id='word_1_244' title='bbox 1802 3275 1858 3334; x_wconf 82' lang='lat' dir='ltr'><strong>in</strong></span> <span class='ocrx_word' id='word_1_245' title='bbox 1905 3277 2022 3338; x_wconf 85' lang='lat' dir='ltr'><strong>cel-</strong></span> 
     </span>
    </p>
   </div>
   <div class='ocr_carea' id='block_1_38' title="bbox 379 3363 2022 3441">
    <p class='ocr_par' dir='ltr' id='par_1_38' title="bbox 379 3363 2022 3441">
     <span class='ocr_line' id='line_1_38' title="bbox 379 3363 2022 3441; baseline -0.001 -11"><span class='ocrx_word' id='word_1_246' title='bbox 379 3370 494 3432; x_wconf 87' lang='lat' dir='ltr'><strong>lam</strong></span> <span class='ocrx_word' id='word_1_247' title='bbox 529 3385 833 3441; x_wconf 87' lang='lat' dir='ltr'><strong>reversus,</strong></span> <span class='ocrx_word' id='word_1_248' title='bbox 862 3365 936 3427; x_wconf 89' lang='lat' dir='ltr'><strong>ad</strong></span> <span class='ocrx_word' id='word_1_249' title='bbox 968 3365 1260 3427; x_wconf 78' lang='lat' dir='ltr'><strong>orientem</strong></span> <span class='ocrx_word' id='word_1_250' title='bbox 1295 3363 1481 3425; x_wconf 86' lang='lat' dir='ltr'><strong>solem</strong></span> <span class='ocrx_word' id='word_1_251' title='bbox 1516 3381 1580 3425; x_wconf 91' lang='lat' dir='ltr'><strong>se</strong></span> <span class='ocrx_word' id='word_1_252' title='bbox 1613 3366 1927 3440; x_wconf 89' lang='lat' dir='ltr'><strong>convertit,</strong></span> <span class='ocrx_word' id='word_1_253' title='bbox 1964 3375 2022 3429; x_wconf 92' lang='lat' dir='ltr'><strong>et</strong></span> 
     </span>
    </p>
   </div>
   <div class='ocr_carea' id='block_1_39' title="bbox 377 3452 2020 3536">
    <p class='ocr_par' dir='ltr' id='par_1_39' title="bbox 377 3452 2020 3536">
     <span class='ocr_line' id='line_1_39' title="bbox 377 3452 2020 3536; baseline -0.003 -15"><span class='ocrx_word' id='word_1_254' title='bbox 377 3457 565 3521; x_wconf 91' lang='lat' dir='ltr'><strong>Deum</strong></span> <span class='ocrx_word' id='word_1_255' title='bbox 591 3465 816 3519; x_wconf 92' lang='lat' dir='ltr'><strong>attente</strong></span> <span class='ocrx_word' id='word_1_256' title='bbox 840 3462 1119 3536; x_wconf 87' lang='lat' dir='ltr'><strong>precatus</strong></span> <span class='ocrx_word' id='word_1_257' title='bbox 1143 3454 1395 3517; x_wconf 87' lang='lat' dir='ltr'><strong>est.Non</strong></span> <span class='ocrx_word' id='word_1_258' title='bbox 1426 3452 1611 3513; x_wconf 93' lang='lat' dir='ltr'><strong>multo</strong></span> <span class='ocrx_word' id='word_1_259' title='bbox 1640 3462 1836 3515; x_wconf 90' lang='lat' dir='ltr'><strong>autem</strong></span> <span class='ocrx_word' id='word_1_260' title='bbox 1864 3463 1979 3516; x_wconf 93' lang='lat' dir='ltr'><strong>tem</strong></span> <span class='ocrx_word' id='word_1_261' title='bbox 1998 3492 2020 3503; x_wconf 84' lang='lat'><em>-</em></span> 
     </span>
    </p>
   </div>
   <div class='ocr_carea' id='block_1_40' title="bbox 382 3542 2011 3628">
    <p class='ocr_par' dir='ltr' id='par_1_40' title="bbox 382 3542 2011 3628">
     <span class='ocr_line' id='line_1_40' title="bbox 382 3542 2011 3628; baseline -0.003 -17"><span class='ocrx_word' id='word_1_262' title='bbox 382 3566 526 3628; x_wconf 88' lang='lat' dir='ltr'><strong>pore</strong></span> <span class='ocrx_word' id='word_1_263' title='bbox 549 3553 915 3627; x_wconf 84' lang='lat' dir='ltr'><strong>postea,cum</strong></span> <span class='ocrx_word' id='word_1_264' title='bbox 952 3545 1150 3606; x_wconf 90' lang='lat' dir='ltr'><strong>media</strong></span> <span class='ocrx_word' id='word_1_265' title='bbox 1182 3561 1298 3605; x_wconf 87' lang='lat' dir='ltr'><strong>nox</strong></span> <span class='ocrx_word' id='word_1_266' title='bbox 1334 3542 1874 3624; x_wconf 63' lang='lat' dir='ltr'><strong>praeteriissetmon</strong></span> <span class='ocrx_word' id='word_1_267' title='bbox 1903 3546 2011 3607; x_wconf 41' lang='lat' dir='ltr'><strong>de.</strong></span> 
     </span>
    </p>
   </div>
   <div class='ocr_carea' id='block_1_41' title="bbox 380 3634 2016 3716">
    <p class='ocr_par' dir='ltr' id='par_1_41' title="bbox 380 3634 2016 3716">
     <span class='ocr_line' id='line_1_41' title="bbox 380 3634 2016 3716; baseline -0.002 -16"><span class='ocrx_word' id='word_1_268' title='bbox 380 3637 617 3700; x_wconf 84' lang='lat' dir='ltr'><strong>sinebat</strong></span> <span class='ocrx_word' id='word_1_269' title='bbox 649 3636 865 3698; x_wconf 91' lang='lat' dir='ltr'><strong>mulier</strong></span> <span class='ocrx_word' id='word_1_270' title='bbox 921 3635 1022 3697; x_wconf 88' lang='lat' dir='ltr'><strong>illa</strong></span> <span class='ocrx_word' id='word_1_271' title='bbox 1069 3634 1307 3716; x_wconf 89' lang='lat' dir='ltr'><strong>pulsare</strong></span> <span class='ocrx_word' id='word_1_272' title='bbox 1331 3634 1581 3714; x_wconf 87' lang='lat' dir='ltr'><strong>januam</strong></span> <span class='ocrx_word' id='word_1_273' title='bbox 1614 3654 1630 3711; x_wconf 88' lang='lat'><strong>;</strong></span> <span class='ocrx_word' id='word_1_274' title='bbox 1662 3634 1805 3714; x_wconf 90' lang='lat' dir='ltr'><strong>quin</strong></span> <span class='ocrx_word' id='word_1_275' title='bbox 1839 3636 2016 3697; x_wconf 91' lang='lat' dir='ltr'><strong>etiam</strong></span> 
     </span>
    </p>
   </div>
   <div class='ocr_carea' id='block_1_42' title="bbox 382 3722 2018 3806">
    <p class='ocr_par' dir='ltr' id='par_1_42' title="bbox 382 3722 2018 3806">
     <span class='ocr_line' id='line_1_42' title="bbox 382 3722 2018 3806; baseline -0.002 -17"><span class='ocrx_word' id='word_1_276' title='bbox 382 3744 599 3806; x_wconf 86' lang='lat' dir='ltr'><strong>magna</strong></span> <span class='ocrx_word' id='word_1_277' title='bbox 628 3744 770 3788; x_wconf 90' lang='lat' dir='ltr'><strong>voce</strong></span> <span class='ocrx_word' id='word_1_278' title='bbox 806 3746 816 3782; x_wconf 95' lang='lat'>:</span> <span class='ocrx_word' id='word_1_279' title='bbox 881 3725 1189 3800; x_wconf 86' lang='lat' dir='ltr'><strong>Miserere,</strong></span> <span class='ocrx_word' id='word_1_280' title='bbox 1243 3722 1461 3805; x_wconf 89' lang='lat' dir='ltr'><strong>inquit,</strong></span> <span class='ocrx_word' id='word_1_281' title='bbox 1510 3724 1630 3784; x_wconf 88' lang='lat' dir='ltr'><strong>mei</strong></span> <span class='ocrx_word' id='word_1_282' title='bbox 1662 3730 1743 3797; x_wconf 87' lang='lat' dir='ltr'><strong>tu,</strong></span> <span class='ocrx_word' id='word_1_283' title='bbox 1781 3725 1881 3805; x_wconf 81' lang='lat' dir='ltr'><strong>qui</strong></span> <span class='ocrx_word' id='word_1_284' title='bbox 1913 3726 2018 3788; x_wconf 91' lang='lat' dir='ltr'><strong>Dei</strong></span> 
     </span>
    </p>
   </div>
   <div class='ocr_carea' id='block_1_43' title="bbox 378 3814 2019 3895">
    <p class='ocr_par' dir='ltr' id='par_1_43' title="bbox 378 3814 2019 3895">
     <span class='ocr_line' id='line_1_43' title="bbox 378 3814 2019 3895; baseline -0.002 -16"><span class='ocrx_word' id='word_1_285' title='bbox 378 3833 587 3879; x_wconf 90' lang='lat' dir='ltr'><strong>servus</strong></span> <span class='ocrx_word' id='word_1_286' title='bbox 617 3834 727 3876; x_wconf 89' lang='lat' dir='ltr'><strong>es:</strong></span> <span class='ocrx_word' id='word_1_287' title='bbox 784 3814 948 3895; x_wconf 90' lang='lat' dir='ltr'><strong>aperi</strong></span> <span class='ocrx_word' id='word_1_288' title='bbox 1006 3814 1153 3875; x_wconf 89' lang='lat' dir='ltr'><strong>mihi</strong></span> <span class='ocrx_word' id='word_1_289' title='bbox 1204 3815 1470 3892; x_wconf 88' lang='lat' dir='ltr'><strong>januam,</strong></span> <span class='ocrx_word' id='word_1_290' title='bbox 1526 3831 1601 3874; x_wconf 90' lang='lat' dir='ltr'><strong>ne</strong></span> <span class='ocrx_word' id='word_1_291' title='bbox 1635 3820 1777 3874; x_wconf 86' lang='lat' dir='ltr'><strong>ante</strong></span> <span class='ocrx_word' id='word_1_292' title='bbox 1808 3814 2019 3877; x_wconf 88' lang='lat' dir='ltr'><strong>cellam</strong></span> 
     </span>
    </p>
   </div>
   <div class='ocr_carea' id='block_1_44' title="bbox 379 3902 1321 3969">
    <p class='ocr_par' dir='ltr' id='par_1_44' title="bbox 379 3902 1321 3969">
     <span class='ocr_line' id='line_1_44' title="bbox 379 3902 1321 3969; baseline -0.003 0"><span class='ocrx_word' id='word_1_293' title='bbox 379 3914 539 3969; x_wconf 88' lang='lat' dir='ltr'><strong>tuam</strong></span> <span class='ocrx_word' id='word_1_294' title='bbox 573 3905 830 3966; x_wconf 87' lang='lat' dir='ltr'><strong>ferarum</strong></span> <span class='ocrx_word' id='word_1_295' title='bbox 868 3903 1037 3965; x_wconf 90' lang='lat' dir='ltr'><strong>cibus</strong></span> <span class='ocrx_word' id='word_1_296' title='bbox 1069 3902 1321 3966; x_wconf 81' lang='lat' dir='ltr'><strong>efﬁciar.</strong></span> 
     </span>
    </p>
   </div>
   <div class='ocr_carea' id='block_1_45' title="bbox 456 3991 2017 4074">
    <p class='ocr_par' dir='ltr' id='par_1_45' title="bbox 456 3991 2017 4074">
     <span class='ocr_line' id='line_1_45' title="bbox 456 3991 2017 4074; baseline -0.001 -19"><span class='ocrx_word' id='word_1_297' title='bbox 456 3996 528 4055; x_wconf 89' lang='lat' dir='ltr'><strong>V.</strong></span> <span class='ocrx_word' id='word_1_298' title='bbox 567 3996 709 4058; x_wconf 82' lang='lat' dir='ltr'><strong>Cum</strong></span> <span class='ocrx_word' id='word_1_299' title='bbox 738 3995 938 4074; x_wconf 87' lang='lat' dir='ltr'><strong>justus</strong></span> <span class='ocrx_word' id='word_1_300' title='bbox 962 3994 1064 4055; x_wconf 89' lang='lat' dir='ltr'><strong>ille</strong></span> <span class='ocrx_word' id='word_1_301' title='bbox 1097 3992 1186 4055; x_wconf 91' lang='lat' dir='ltr'><strong>vir</strong></span> <span class='ocrx_word' id='word_1_302' title='bbox 1218 3993 1342 4055; x_wconf 65' lang='lat' dir='ltr'><strong>hwc</strong></span> <span class='ocrx_word' id='word_1_303' title='bbox 1367 3991 1803 4070; x_wconf 88' lang='lat' dir='ltr'><strong>consideraret,</strong></span> <span class='ocrx_word' id='word_1_304' title='bbox 1832 3999 1896 4055; x_wconf 90' lang='lat' dir='ltr'><strong>et</strong></span> <span class='ocrx_word' id='word_1_305' title='bbox 1924 3991 2017 4054; x_wconf 78' lang='lat' dir='ltr'><strong>fe-</strong></span> 
     </span>
    </p>
   </div>
   <div class='ocr_carea' id='block_1_46' title="bbox 376 4081 2015 4163">
    <p class='ocr_par' dir='ltr' id='par_1_46' title="bbox 376 4081 2015 4163">
     <span class='ocr_line' id='line_1_46' title="bbox 376 4081 2015 4163; baseline -0.004 -14"><span class='ocrx_word' id='word_1_306' title='bbox 376 4104 577 4149; x_wconf 91' lang='lat' dir='ltr'><strong>rarum</strong></span> <span class='ocrx_word' id='word_1_307' title='bbox 604 4084 1213 4163; x_wconf 83' lang='lat' dir='ltr'><strong>multitudinem,quae</strong></span> <span class='ocrx_word' id='word_1_308' title='bbox 1236 4090 1362 4144; x_wconf 88' lang='lat' dir='ltr'><strong>erat</strong></span> <span class='ocrx_word' id='word_1_309' title='bbox 1384 4081 1446 4143; x_wconf 91' lang='lat' dir='ltr'><strong>in</strong></span> <span class='ocrx_word' id='word_1_310' title='bbox 1472 4082 1588 4143; x_wconf 86' lang='lat' dir='ltr'><strong>illis</strong></span> <span class='ocrx_word' id='word_1_311' title='bbox 1618 4083 1788 4159; x_wconf 89' lang='lat' dir='ltr'><strong>locis,</strong></span> <span class='ocrx_word' id='word_1_312' title='bbox 1818 4084 2015 4145; x_wconf 90' lang='lat' dir='ltr'><strong>anim-</strong></span> 
     </span>
    </p>
   </div>
   <div class='ocr_carea' id='block_1_47' title="bbox 375 4170 2015 4255">
    <p class='ocr_par' dir='ltr' id='par_1_47' title="bbox 375 4170 2015 4255">
     <span class='ocr_line' id='line_1_47' title="bbox 375 4170 2015 4255; baseline -0.004 -15"><span class='ocrx_word' id='word_1_313' title='bbox 375 4177 732 4251; x_wconf 81' lang='lat' dir='ltr'><strong>adverteret,</strong></span> <span class='ocrx_word' id='word_1_314' title='bbox 786 4177 1032 4254; x_wconf 87' lang='lat' dir='ltr'><strong>januam</strong></span> <span class='ocrx_word' id='word_1_315' title='bbox 1095 4174 1286 4255; x_wconf 89' lang='lat' dir='ltr'><strong>ipsam</strong></span> <span class='ocrx_word' id='word_1_316' title='bbox 1316 4170 1555 4247; x_wconf 89' lang='lat' dir='ltr'><strong>invitus,</strong></span> <span class='ocrx_word' id='word_1_317' title='bbox 1593 4182 1655 4234; x_wconf 92' lang='lat' dir='ltr'><strong>ut</strong></span> <span class='ocrx_word' id='word_1_318' title='bbox 1685 4174 1769 4235; x_wconf 88' lang='lat' dir='ltr'><strong>ita</strong></span> <span class='ocrx_word' id='word_1_319' title='bbox 1796 4174 2015 4250; x_wconf 87' lang='lat' dir='ltr'><strong>dicam,</strong></span> 
     </span>
    </p>
   </div>
   <div class='ocr_carea' id='block_1_48' title="bbox 376 4261 2017 4348">
    <p class='ocr_par' dir='ltr' id='par_1_48' title="bbox 376 4261 2017 4348">
     <span class='ocr_line' id='line_1_48' title="bbox 376 4261 2017 4348; baseline -0.003 -18"><span class='ocrx_word' id='word_1_320' title='bbox 376 4267 671 4348; x_wconf 87' lang='lat' dir='ltr'><strong>patefecit,</strong></span> <span class='ocrx_word' id='word_1_321' title='bbox 710 4266 887 4345; x_wconf 87' lang='lat' dir='ltr'><strong>eique</strong></span> <span class='ocrx_word' id='word_1_322' title='bbox 917 4263 1065 4325; x_wconf 82' lang='lat' dir='ltr'><strong>dixit</strong></span> <span class='ocrx_word' id='word_1_323' title='bbox 1099 4285 1112 4321; x_wconf 89' lang='lat'><strong>:</strong></span> <span class='ocrx_word' id='word_1_324' title='bbox 1160 4261 1333 4325; x_wconf 90' lang='lat' dir='ltr'><strong>Unde</strong></span> <span class='ocrx_word' id='word_1_325' title='bbox 1373 4264 1490 4323; x_wconf 90' lang='lat' dir='ltr'><strong>huc</strong></span> <span class='ocrx_word' id='word_1_326' title='bbox 1522 4262 1791 4325; x_wconf 85' lang='lat' dir='ltr'><strong>venisti?</strong></span> <span class='ocrx_word' id='word_1_327' title='bbox 1827 4264 2017 4337; x_wconf 81' lang='lat' dir='ltr'><strong>Quem</strong></span> 
     </span>
    </p>
   </div>
   <div class='ocr_carea' id='block_1_49' title="bbox 376 4352 2015 4438">
    <p class='ocr_par' dir='ltr' id='par_1_49' title="bbox 376 4352 2015 4438">
     <span class='ocr_line' id='line_1_49' title="bbox 376 4352 2015 4438; baseline -0.002 -19"><span class='ocrx_word' id='word_1_328' title='bbox 376 4359 593 4438; x_wconf 88' lang='lat' dir='ltr'><strong>quaeris</strong></span> <span class='ocrx_word' id='word_1_329' title='bbox 623 4357 745 4419; x_wconf 83' lang='lat' dir='ltr'><strong>?Et</strong></span> <span class='ocrx_word' id='word_1_330' title='bbox 770 4354 930 4416; x_wconf 90' lang='lat' dir='ltr'><strong>unde</strong></span> <span class='ocrx_word' id='word_1_331' title='bbox 980 4372 1043 4415; x_wconf 90' lang='lat' dir='ltr'><strong>es</strong></span> <span class='ocrx_word' id='word_1_332' title='bbox 1070 4353 1102 4413; x_wconf 79' lang='lat' dir='ltr'><strong>‘i</strong></span> <span class='ocrx_word' id='word_1_333' title='bbox 1130 4352 1240 4415; x_wconf 89' lang='lat' dir='ltr'><strong>Cui</strong></span> <span class='ocrx_word' id='word_1_334' title='bbox 1271 4352 1506 4422; x_wconf 84' lang='lat' dir='ltr'><strong>mulier,</strong></span> <span class='ocrx_word' id='word_1_335' title='bbox 1544 4355 1591 4415; x_wconf 90' lang='lat' dir='ltr'><strong>E</strong></span> <span class='ocrx_word' id='word_1_336' title='bbox 1624 4353 2015 4430; x_wconf 89' lang='lat' dir='ltr'><strong>monasterio,</strong></span> 
     </span>
    </p>
   </div>
   <div class='ocr_carea' id='block_1_50' title="bbox 2120 489 3120 570">
    <p class='ocr_par' dir='ltr' id='par_1_50' title="bbox 2120 489 3120 570">
     <span class='ocr_line' id='line_1_50' title="bbox 2120 489 3120 570; baseline 0.003 -23"><span class='ocrx_word' id='word_1_337' title='bbox 2120 492 2193 556; x_wconf 79' lang='grc' dir='ltr'>εἷς</span> <span class='ocrx_word' id='word_1_338' title='bbox 2221 492 2320 559; x_wconf 80' lang='grc' dir='ltr'><strong>τὴν</strong></span> <span class='ocrx_word' id='word_1_339' title='bbox 2349 489 2525 558; x_wconf 80' lang='grc' dir='ltr'>ἀληθῆ</span> <span class='ocrx_word' id='word_1_340' title='bbox 2558 492 2732 548; x_wconf 85' lang='grc' dir='ltr'>πίστιν</span> <span class='ocrx_word' id='word_1_341' title='bbox 2771 490 3120 570; x_wconf 65' lang='grc' dir='ltr'>ἐπέστρεψεν.</span> 
     </span>
    </p>
   </div>
   <div class='ocr_carea' id='block_1_51' title="bbox 2203 668 3753 752">
    <p class='ocr_par' dir='ltr' id='par_1_51' title="bbox 2203 668 3753 752">
     <span class='ocr_line' id='line_1_51' title="bbox 2203 668 3753 752; baseline 0.003 -27"><span class='ocrx_word' id='word_1_342' title='bbox 2203 669 2289 732; x_wconf 84' lang='grc' dir='ltr'><strong>Γ’.</strong></span> <span class='ocrx_word' id='word_1_343' title='bbox 2324 668 2478 727; x_wconf 60' lang='lat' dir='ltr'><strong>‘AM’</strong></span> <span class='ocrx_word' id='word_1_344' title='bbox 2509 673 2535 727; x_wconf 88' lang='grc' dir='ltr'>ὁ</span> <span class='ocrx_word' id='word_1_345' title='bbox 2587 674 2662 745; x_wconf 82' lang='grc' dir='ltr'><strong>τῷ</strong></span> <span class='ocrx_word' id='word_1_346' title='bbox 2706 670 2845 749; x_wconf 81' lang='grc' dir='ltr'>γένει</span> <span class='ocrx_word' id='word_1_347' title='bbox 2890 678 2997 727; x_wconf 83' lang='grc' dir='ltr'><strong>τῶν</strong></span> <span class='ocrx_word' id='word_1_348' title='bbox 3042 671 3337 752; x_wconf 81' lang='grc' dir='ltr'>ἀνθρώπων</span> <span class='ocrx_word' id='word_1_349' title='bbox 3385 671 3624 752; x_wconf 75' lang='grc' dir='ltr'>ἐξαρχῆς</span> <span class='ocrx_word' id='word_1_350' title='bbox 3663 696 3753 730; x_wconf 74' lang='grc' dir='ltr'>πο-</span> 
     </span>
    </p>
   </div>
   <div class='ocr_carea' id='block_1_52' title="bbox 2123 757 3753 841">
    <p class='ocr_par' dir='ltr' id='par_1_52' title="bbox 2123 757 3753 841">
     <span class='ocr_line' id='line_1_52' title="bbox 2123 757 3753 841; baseline 0 -25"><span class='ocrx_word' id='word_1_351' title='bbox 2123 758 2300 835; x_wconf 63' lang='grc' dir='ltr'>λεμῶν</span> <span class='ocrx_word' id='word_1_352' title='bbox 2333 757 2600 834; x_wconf 79' lang='grc' dir='ltr'>διάϐολος,</span> <span class='ocrx_word' id='word_1_353' title='bbox 2634 760 2723 816; x_wconf 84' lang='grc' dir='ltr'><strong>καὶ</strong></span> <span class='ocrx_word' id='word_1_354' title='bbox 2779 759 3012 837; x_wconf 82' lang='grc' dir='ltr'>μάλιστα</span> <span class='ocrx_word' id='word_1_355' title='bbox 3045 773 3165 827; x_wconf 76' lang='grc' dir='ltr'>τοῖς</span> <span class='ocrx_word' id='word_1_356' title='bbox 3193 764 3286 819; x_wconf 73' lang='grc' dir='ltr'><strong>τοῦ</strong></span> <span class='ocrx_word' id='word_1_357' title='bbox 3342 763 3603 841; x_wconf 77' lang='grc' dir='ltr'>Σωτῆρος</span> <span class='ocrx_word' id='word_1_358' title='bbox 3625 767 3753 837; x_wconf 72' lang='grc' dir='ltr'>ἡμῶν</span> 
     </span>
    </p>
   </div>
   <div class='ocr_carea' id='block_1_53' title="bbox 2120 848 3750 931">
    <p class='ocr_par' dir='ltr' id='par_1_53' title="bbox 2120 848 3750 931">
     <span class='ocr_line' id='line_1_53' title="bbox 2120 848 3750 931; baseline 0.002 -25"><span class='ocrx_word' id='word_1_359' title='bbox 2120 849 2350 925; x_wconf 86' lang='grc' dir='ltr'>δούλοις,</span> <span class='ocrx_word' id='word_1_360' title='bbox 2409 852 2548 927; x_wconf 81' lang='grc' dir='ltr'>ὁρῶτ</span> <span class='ocrx_word' id='word_1_361' title='bbox 2604 850 2787 909; x_wconf 77' lang='grc' dir='ltr'>ἑαυτὸν</span> <span class='ocrx_word' id='word_1_362' title='bbox 2849 848 2934 906; x_wconf 82' lang='grc' dir='ltr'><strong>διὰ</strong></span> <span class='ocrx_word' id='word_1_363' title='bbox 2989 856 3088 919; x_wconf 80' lang='grc' dir='ltr'><strong>τῆς</strong></span> <span class='ocrx_word' id='word_1_364' title='bbox 3148 850 3369 921; x_wconf 77' lang='grc' dir='ltr'>πολλῆς</span> <span class='ocrx_word' id='word_1_365' title='bbox 3447 854 3547 909; x_wconf 72' lang='grc' dir='ltr'><strong>τοῦ</strong></span> <span class='ocrx_word' id='word_1_366' title='bbox 3597 851 3750 931; x_wconf 68' lang='grc' dir='ltr'>ἀνδρὸς</span> 
     </span>
    </p>
   </div>
   <div class='ocr_carea' id='block_1_54' title="bbox 2120 939 3746 1019">
    <p class='ocr_par' dir='ltr' id='par_1_54' title="bbox 2120 939 3746 1019">
     <span class='ocr_line' id='line_1_54' title="bbox 2120 939 3746 1019; baseline 0.002 -23"><span class='ocrx_word' id='word_1_367' title='bbox 2120 939 2520 1019; x_wconf 72' lang='grc' dir='ltr'>εὖαρεστήσεως</span> <span class='ocrx_word' id='word_1_368' title='bbox 2577 942 2665 997; x_wconf 85' lang='grc' dir='ltr'>καὶ</span> <span class='ocrx_word' id='word_1_369' title='bbox 2722 939 2970 1018; x_wconf 80' lang='grc' dir='ltr'>ἀκριϐοῦς</span> <span class='ocrx_word' id='word_1_370' title='bbox 3028 940 3309 1007; x_wconf 72' lang='grc' dir='ltr'>πολιτείας</span> <span class='ocrx_word' id='word_1_371' title='bbox 3351 942 3450 998; x_wconf 64' lang='lat' dir='ltr'><strong>Eni</strong></span> <span class='ocrx_word' id='word_1_372' title='bbox 3490 940 3620 999; x_wconf 77' lang='grc' dir='ltr'>πολὺ</span> <span class='ocrx_word' id='word_1_373' title='bbox 3647 941 3746 1000; x_wconf 82' lang='grc' dir='ltr'>διω·</span> 
     </span>
    </p>
   </div>
   <div class='ocr_carea' id='block_1_55' title="bbox 2119 1028 3741 1110">
    <p class='ocr_par' dir='ltr' id='par_1_55' title="bbox 2119 1028 3741 1110">
     <span class='ocr_line' id='line_1_55' title="bbox 2119 1028 3741 1110; baseline 0.001 -23"><span class='ocrx_word' id='word_1_374' title='bbox 2119 1029 2369 1104; x_wconf 73' lang='grc' dir='ltr'>κὸμενον,</span> <span class='ocrx_word' id='word_1_375' title='bbox 2418 1028 2772 1109; x_wconf 80' lang='grc' dir='ltr'><strong>ἐπεχείρησεν</strong></span> <span class='ocrx_word' id='word_1_376' title='bbox 2816 1031 2974 1087; x_wconf 68' lang='grc' dir='ltr'>αὖτὸν</span> <span class='ocrx_word' id='word_1_377' title='bbox 3003 1036 3108 1087; x_wconf 82' lang='grc' dir='ltr'><strong>τῶν</strong></span> <span class='ocrx_word' id='word_1_378' title='bbox 3132 1031 3559 1110; x_wconf 79' lang='grc' dir='ltr'><strong>προειρημένων</strong></span> <span class='ocrx_word' id='word_1_379' title='bbox 3600 1032 3741 1088; x_wconf 75' lang='grc' dir='ltr'>τόπων</span> 
     </span>
    </p>
   </div>
   <div class='ocr_carea' id='block_1_56' title="bbox 2119 1118 3741 1200">
    <p class='ocr_par' dir='ltr' id='par_1_56' title="bbox 2119 1118 3741 1200">
     <span class='ocr_line' id='line_1_56' title="bbox 2119 1118 3741 1200; baseline 0.002 -25"><span class='ocrx_word' id='word_1_380' title='bbox 2119 1118 2324 1185; x_wconf 83' lang='grc' dir='ltr'>διῶξαι.</span> <span class='ocrx_word' id='word_1_381' title='bbox 2391 1118 2652 1177; x_wconf 85' lang='grc' dir='ltr'>Εἰσελθὼν</span> <span class='ocrx_word' id='word_1_382' title='bbox 2683 1120 2784 1199; x_wconf 82' lang='grc' dir='ltr'>γὰρ</span> <span class='ocrx_word' id='word_1_383' title='bbox 2831 1121 2905 1183; x_wconf 79' lang='grc' dir='ltr'><strong>είς</strong></span> <span class='ocrx_word' id='word_1_384' title='bbox 2936 1119 3030 1175; x_wconf 75' lang='grc' dir='ltr'>ἕνα</span> <span class='ocrx_word' id='word_1_385' title='bbox 3086 1127 3195 1176; x_wconf 82' lang='grc' dir='ltr'>τῶν</span> <span class='ocrx_word' id='word_1_386' title='bbox 3254 1127 3621 1200; x_wconf 75' lang='grc' dir='ltr'><strong>Σαμαρειτῶν</strong></span> <span class='ocrx_word' id='word_1_387' title='bbox 3666 1128 3741 1178; x_wconf 67' lang='grc' dir='ltr'>τῶν</span> 
     </span>
    </p>
   </div>
   <div class='ocr_carea' id='block_1_57' title="bbox 2119 1207 3749 1291">
    <p class='ocr_par' dir='ltr' id='par_1_57' title="bbox 2119 1207 3749 1291">
     <span class='ocr_line' id='line_1_57' title="bbox 2119 1207 3749 1291; baseline 0.002 -28"><span class='ocrx_word' id='word_1_388' title='bbox 2119 1207 2318 1266; x_wconf 78' lang='grc' dir='ltr'>ἄνωθεν</span> <span class='ocrx_word' id='word_1_389' title='bbox 2375 1209 2462 1265; x_wconf 84' lang='grc' dir='ltr'><strong>καὶ</strong></span> <span class='ocrx_word' id='word_1_390' title='bbox 2522 1207 2574 1273; x_wconf 78' lang='grc' dir='ltr'>ἐξ</span> <span class='ocrx_word' id='word_1_391' title='bbox 2627 1208 2804 1288; x_wconf 79' lang='grc' dir='ltr'>ἀρχῆς</span> <span class='ocrx_word' id='word_1_392' title='bbox 2883 1209 2983 1276; x_wconf 80' lang='grc' dir='ltr'>τὴν</span> <span class='ocrx_word' id='word_1_393' title='bbox 3044 1209 3298 1277; x_wconf 72' lang='grc' dir='ltr'>ἀλήθειαν</span> <span class='ocrx_word' id='word_1_394' title='bbox 3362 1210 3749 1291; x_wconf 67' lang='grc' dir='ltr'>ἀποστρεφομέο</span> 
     </span>
    </p>
   </div>
   <div class='ocr_carea' id='block_1_58' title="bbox 2121 1298 3750 1379">
    <p class='ocr_par' dir='ltr' id='par_1_58' title="bbox 2121 1298 3750 1379">
     <span class='ocr_line' id='line_1_58' title="bbox 2121 1298 3750 1379; baseline 0.002 -24"><span class='ocrx_word' id='word_1_395' title='bbox 2121 1321 2246 1375; x_wconf 88' lang='grc' dir='ltr'>νων,</span> <span class='ocrx_word' id='word_1_396' title='bbox 2306 1298 2707 1376; x_wconf 74' lang='grc' dir='ltr'>παρασκεὺάσεν</span> <span class='ocrx_word' id='word_1_397' title='bbox 2785 1298 2944 1356; x_wconf 76' lang='grc' dir='ltr'>αὐτὸν</span> <span class='ocrx_word' id='word_1_398' title='bbox 3003 1313 3333 1379; x_wconf 78' lang='grc' dir='ltr'>συναγαγεῖν</span> <span class='ocrx_word' id='word_1_399' title='bbox 3397 1302 3611 1365; x_wconf 79' lang='grc' dir='ltr'>πάντας</span> <span class='ocrx_word' id='word_1_400' title='bbox 3649 1303 3750 1364; x_wconf 80' lang='grc' dir='ltr'>τοὺς</span> 
     </span>
    </p>
   </div>
   <div class='ocr_carea' id='block_1_59' title="bbox 2118 1388 3751 1469">
    <p class='ocr_par' dir='ltr' id='par_1_59' title="bbox 2118 1388 3751 1469">
     <span class='ocr_line' id='line_1_59' title="bbox 2118 1388 3751 1469; baseline 0.001 -23"><span class='ocrx_word' id='word_1_401' title='bbox 2118 1388 2489 1468; x_wconf 50' lang='grc' dir='ltr'>προσέχοντας</span> <span class='ocrx_word' id='word_1_402' title='bbox 2567 1388 2711 1463; x_wconf 80' lang='grc' dir='ltr'><strong>αύτῷ</strong></span> <span class='ocrx_word' id='word_1_403' title='bbox 2787 1388 2970 1469; x_wconf 80' lang='grc' dir='ltr'>φίλους</span> <span class='ocrx_word' id='word_1_404' title='bbox 3044 1391 3132 1447; x_wconf 81' lang='grc' dir='ltr'>καὶ</span> <span class='ocrx_word' id='word_1_405' title='bbox 3187 1398 3482 1469; x_wconf 72' lang='grc' dir='ltr'>συγγενεῖς</span> <span class='ocrx_word' id='word_1_406' title='bbox 3557 1393 3639 1449; x_wconf 74' lang='grc' dir='ltr'>ἐπὶ</span> <span class='ocrx_word' id='word_1_407' title='bbox 3689 1399 3751 1466; x_wconf 77' lang='grc' dir='ltr'>τῷ</span> 
     </span>
    </p>
   </div>
   <div class='ocr_carea' id='block_1_60' title="bbox 2118 1477 3752 1560">
    <p class='ocr_par' dir='ltr' id='par_1_60' title="bbox 2118 1477 3752 1560">
     <span class='ocr_line' id='line_1_60' title="bbox 2118 1477 3752 1560; baseline 0.002 -25"><span class='ocrx_word' id='word_1_408' title='bbox 2118 1478 2476 1556; x_wconf 76' lang='grc' dir='ltr'>ενεδρευθῆναι</span> <span class='ocrx_word' id='word_1_409' title='bbox 2534 1479 2668 1556; x_wconf 83' lang='grc' dir='ltr'>ἁγίῳ</span> <span class='ocrx_word' id='word_1_410' title='bbox 2745 1477 2913 1559; x_wconf 80' lang='grc' dir='ltr'>ἀνδρὶ,</span> <span class='ocrx_word' id='word_1_411' title='bbox 2994 1478 3141 1538; x_wconf 81' lang='grc' dir='ltr'>ὅπως</span> <span class='ocrx_word' id='word_1_412' title='bbox 3212 1482 3376 1538; x_wconf 70' lang='grc' dir='ltr'>αὐτὸν</span> <span class='ocrx_word' id='word_1_413' title='bbox 3451 1480 3752 1560; x_wconf 82' lang='grc' dir='ltr'>παγιδεύσας</span> 
     </span>
    </p>
   </div>
   <div class='ocr_carea' id='block_1_61' title="bbox 2116 1566 3755 1648">
    <p class='ocr_par' dir='ltr' id='par_1_61' title="bbox 2116 1566 3755 1648">
     <span class='ocr_line' id='line_1_61' title="bbox 2116 1566 3755 1648; baseline 0.001 -24"><span class='ocrx_word' id='word_1_414' title='bbox 2116 1566 2361 1636; x_wconf 77' lang='grc' dir='ltr'>δυνηθείη</span> <span class='ocrx_word' id='word_1_415' title='bbox 2406 1575 2513 1625; x_wconf 77' lang='grc' dir='ltr'>τῶν</span> <span class='ocrx_word' id='word_1_416' title='bbox 2573 1575 2747 1648; x_wconf 84' lang='grc' dir='ltr'>μερῶν</span> <span class='ocrx_word' id='word_1_417' title='bbox 2794 1569 3010 1627; x_wconf 77' lang='grc' dir='ltr'>ἐκείνων</span> <span class='ocrx_word' id='word_1_418' title='bbox 3054 1569 3346 1635; x_wconf 84' lang='grc' dir='ltr'>ἆπελᾶσαι,</span> <span class='ocrx_word' id='word_1_419' title='bbox 3418 1572 3755 1635; x_wconf 74' lang='grc' dir='ltr'>Συνελθόντες</span> 
     </span>
    </p>
   </div>
   <div class='ocr_carea' id='block_1_62' title="bbox 2115 1657 3757 1740">
    <p class='ocr_par' dir='ltr' id='par_1_62' title="bbox 2115 1657 3757 1740">
     <span class='ocr_line' id='line_1_62' title="bbox 2115 1657 3757 1740; baseline 0.002 -25"><span class='ocrx_word' id='word_1_420' title='bbox 2115 1660 2285 1719; x_wconf 78' lang='grc' dir='ltr'>τοίνυν</span> <span class='ocrx_word' id='word_1_421' title='bbox 2345 1657 2572 1722; x_wconf 73' lang='grc' dir='ltr'>ἅπαντες</span> <span class='ocrx_word' id='word_1_422' title='bbox 2610 1661 2684 1724; x_wconf 84' lang='grc' dir='ltr'>εἷς</span> <span class='ocrx_word' id='word_1_423' title='bbox 2741 1661 2804 1716; x_wconf 81' lang='grc' dir='ltr'>τὸ</span> <span class='ocrx_word' id='word_1_424' title='bbox 2861 1661 3200 1739; x_wconf 74' lang='grc' dir='ltr'><strong>καταγώγιον</strong></span> <span class='ocrx_word' id='word_1_425' title='bbox 3260 1671 3357 1720; x_wconf 88' lang='grc' dir='ltr'><strong>τοῦ</strong></span> <span class='ocrx_word' id='word_1_426' title='bbox 3422 1661 3561 1740; x_wconf 85' lang='grc' dir='ltr'>παρ’</span> <span class='ocrx_word' id='word_1_427' title='bbox 3592 1661 3757 1724; x_wconf 68' lang='grc' dir='ltr'>αὐτοῖς</span> 
     </span>
    </p>
   </div>
   <div class='ocr_carea' id='block_1_63' title="bbox 2115 1748 3751 1830">
    <p class='ocr_par' dir='ltr' id='par_1_63' title="bbox 2115 1748 3751 1830">
     <span class='ocr_line' id='line_1_63' title="bbox 2115 1748 3751 1830; baseline 0 -25"><span class='ocrx_word' id='word_1_428' title='bbox 2115 1751 2318 1829; x_wconf 72' lang='grc' dir='ltr'>ἱερέως,</span> <span class='ocrx_word' id='word_1_429' title='bbox 2376 1751 2469 1806; x_wconf 81' lang='grc' dir='ltr'><strong>καῖ</strong></span> <span class='ocrx_word' id='word_1_430' title='bbox 2530 1748 2709 1807; x_wconf 82' lang='grc' dir='ltr'>πολλὰ</span> <span class='ocrx_word' id='word_1_431' title='bbox 2765 1751 3248 1830; x_wconf 77' lang='grc' dir='ltr'>μηχανησάμενοι,</span> <span class='ocrx_word' id='word_1_432' title='bbox 3293 1752 3458 1817; x_wconf 79' lang='grc' dir='ltr'>τέλος</span> <span class='ocrx_word' id='word_1_433' title='bbox 3491 1752 3589 1826; x_wconf 87' lang='grc' dir='ltr'><strong>μία</strong></span> <span class='ocrx_word' id='word_1_434' title='bbox 3629 1753 3751 1807; x_wconf 79' lang='grc' dir='ltr'>πάν-</span> 
     </span>
    </p>
   </div>
   <div class='ocr_carea' id='block_1_64' title="bbox 2114 1838 3754 1918">
    <p class='ocr_par' dir='ltr' id='par_1_64' title="bbox 2114 1838 3754 1918">
     <span class='ocr_line' id='line_1_64' title="bbox 2114 1838 3754 1918; baseline 0.001 -22"><span class='ocrx_word' id='word_1_435' title='bbox 2114 1862 2222 1896; x_wconf 89' lang='grc' dir='ltr'><strong>των</strong></span> <span class='ocrx_word' id='word_1_436' title='bbox 2277 1839 2610 1916; x_wconf 69' lang='grc' dir='ltr'>ἐπεκράτησε</span> <span class='ocrx_word' id='word_1_437' title='bbox 2688 1839 2906 1918; x_wconf 87' lang='grc' dir='ltr'>γνώμη.</span> <span class='ocrx_word' id='word_1_438' title='bbox 2975 1842 3073 1899; x_wconf 79' lang='grc' dir='ltr'><strong>Καὶ</strong></span> <span class='ocrx_word' id='word_1_439' title='bbox 3134 1838 3199 1909; x_wconf 75' lang='grc' dir='ltr'><strong>δὴ</strong></span> <span class='ocrx_word' id='word_1_440' title='bbox 3274 1841 3754 1918; x_wconf 76' lang='grc' dir='ltr'>μεταστειλάμενοι</span> 
     </span>
    </p>
   </div>
   <div class='ocr_carea' id='block_1_65' title="bbox 2116 1927 3756 2011">
    <p class='ocr_par' dir='ltr' id='par_1_65' title="bbox 2116 1927 3756 2011">
     <span class='ocr_line' id='line_1_65' title="bbox 2116 1927 3756 2011; baseline -0.001 -27"><span class='ocrx_word' id='word_1_441' title='bbox 2116 1927 2324 1994; x_wconf 75' lang='grc' dir='ltr'>ἂναιδὲς</span> <span class='ocrx_word' id='word_1_442' title='bbox 2378 1931 2466 1986; x_wconf 87' lang='grc' dir='ltr'><strong>καὶ</strong></span> <span class='ocrx_word' id='word_1_443' title='bbox 2532 1928 2867 2009; x_wconf 71' lang='grc' dir='ltr'>ἀσχημόνως</span> <span class='ocrx_word' id='word_1_444' title='bbox 2921 1931 3194 2004; x_wconf 84' lang='grc' dir='ltr'>προεστὼς</span> <span class='ocrx_word' id='word_1_445' title='bbox 3248 1932 3499 2011; x_wconf 82' lang='grc' dir='ltr'>γύναιον,</span> <span class='ocrx_word' id='word_1_446' title='bbox 3547 1928 3756 1987; x_wconf 77' lang='grc' dir='ltr'>διδοῦσιν</span> 
     </span>
    </p>
   </div>
   <div class='ocr_carea' id='block_1_66' title="bbox 2116 2018 3761 2100">
    <p class='ocr_par' dir='ltr' id='par_1_66' title="bbox 2116 2018 3761 2100">
     <span class='ocr_line' id='line_1_66' title="bbox 2116 2018 3761 2100; baseline 0 -25"><span class='ocrx_word' id='word_1_447' title='bbox 2116 2023 2258 2094; x_wconf 79' lang='grc' dir='ltr'>αὒτῷ</span> <span class='ocrx_word' id='word_1_448' title='bbox 2307 2018 2483 2076; x_wconf 79' lang='grc' dir='ltr'>εἴκοσι</span> <span class='ocrx_word' id='word_1_449' title='bbox 2530 2019 2842 2100; x_wconf 80' lang='grc' dir='ltr'>χρυσίνους,</span> <span class='ocrx_word' id='word_1_450' title='bbox 2905 2021 2991 2076; x_wconf 78' lang='grc' dir='ltr'>καὶ</span> <span class='ocrx_word' id='word_1_451' title='bbox 3051 2019 3190 2077; x_wconf 73' lang='grc' dir='ltr'>ἄλλα</span> <span class='ocrx_word' id='word_1_452' title='bbox 3239 2029 3477 2079; x_wconf 82' lang='grc' dir='ltr'>τοσαῦτα</span> <span class='ocrx_word' id='word_1_453' title='bbox 3532 2018 3761 2098; x_wconf 80' lang='grc' dir='ltr'>παρέξειν</span> 
     </span>
    </p>
   </div>
   <div class='ocr_carea' id='block_1_67' title="bbox 2116 2108 3756 2188">
    <p class='ocr_par' dir='ltr' id='par_1_67' title="bbox 2116 2108 3756 2188">
     <span class='ocr_line' id='line_1_67' title="bbox 2116 2108 3756 2188; baseline -0.001 -23"><span class='ocrx_word' id='word_1_454' title='bbox 2116 2113 2257 2184; x_wconf 67' lang='grc' dir='ltr'>αύτῷ</span> <span class='ocrx_word' id='word_1_455' title='bbox 2309 2108 2864 2188; x_wconf 83' lang='grc' dir='ltr'>κατεπαγγέλλονται,</span> <span class='ocrx_word' id='word_1_456' title='bbox 2897 2112 2940 2165; x_wconf 79' lang='grc' dir='ltr'>εἱ</span> <span class='ocrx_word' id='word_1_457' title='bbox 2978 2108 3223 2178; x_wconf 79' lang='grc' dir='ltr'>δυνηθείη</span> <span class='ocrx_word' id='word_1_458' title='bbox 3270 2112 3630 2169; x_wconf 78' lang='grc' dir='ltr'>ὑποσκελίσαι</span> <span class='ocrx_word' id='word_1_459' title='bbox 3675 2111 3756 2166; x_wconf 77' lang='grc' dir='ltr'><strong>τὸν</strong></span> 
     </span>
    </p>
   </div>
   <div class='ocr_carea' id='block_1_68' title="bbox 2111 2196 3756 2279">
    <p class='ocr_par' dir='ltr' id='par_1_68' title="bbox 2111 2196 3756 2279">
     <span class='ocr_line' id='line_1_68' title="bbox 2111 2196 3756 2279; baseline -0.001 -23"><span class='ocrx_word' id='word_1_460' title='bbox 2111 2206 2203 2256; x_wconf 86' lang='grc' dir='ltr'><strong>τοῦ</strong></span> <span class='ocrx_word' id='word_1_461' title='bbox 2248 2207 2379 2258; x_wconf 89' lang='grc' dir='ltr'>Θεοῦ</span> <span class='ocrx_word' id='word_1_462' title='bbox 2421 2197 2604 2256; x_wconf 76' lang='grc' dir='ltr'>δοῦλον</span> <span class='ocrx_word' id='word_1_463' title='bbox 2650 2196 2926 2274; x_wconf 81' lang='grc' dir='ltr'>Ἰάκωϐον,</span> <span class='ocrx_word' id='word_1_464' title='bbox 2990 2202 3120 2279; x_wconf 80' lang='grc' dir='ltr'>πρὸς</span> <span class='ocrx_word' id='word_1_465' title='bbox 3171 2202 3231 2257; x_wconf 83' lang='grc' dir='ltr'>τὸ</span> <span class='ocrx_word' id='word_1_466' title='bbox 3285 2199 3468 2278; x_wconf 69' lang='grc' dir='ltr'>λαβὴν</span> <span class='ocrx_word' id='word_1_467' title='bbox 3500 2197 3756 2273; x_wconf 78' lang='grc' dir='ltr'>δραξαμέ-</span> 
     </span>
    </p>
   </div>
   <div class='ocr_carea' id='block_1_69' title="bbox 2112 2288 3754 2370">
    <p class='ocr_par' dir='ltr' id='par_1_69' title="bbox 2112 2288 3754 2370">
     <span class='ocr_line' id='line_1_69' title="bbox 2112 2288 3754 2370; baseline -0.001 -25"><span class='ocrx_word' id='word_1_468' title='bbox 2112 2312 2253 2365; x_wconf 88' lang='grc' dir='ltr'>νους,</span> <span class='ocrx_word' id='word_1_469' title='bbox 2289 2288 2572 2357; x_wconf 77' lang='grc' dir='ltr'>δυνηθῆναι</span> <span class='ocrx_word' id='word_1_470' title='bbox 2605 2292 2792 2354; x_wconf 77' lang='grc' dir='ltr'>αὖτοὺς</span> <span class='ocrx_word' id='word_1_471' title='bbox 2820 2292 2881 2346; x_wconf 70' lang='grc' dir='ltr'><strong>εκ</strong></span> <span class='ocrx_word' id='word_1_472' title='bbox 2938 2295 3035 2358; x_wconf 84' lang='grc' dir='ltr'>τῆς</span> <span class='ocrx_word' id='word_1_473' title='bbox 3086 2292 3272 2370; x_wconf 78' lang='grc' dir='ltr'>χώρας</span> <span class='ocrx_word' id='word_1_474' title='bbox 3330 2295 3515 2351; x_wconf 75' lang='grc' dir='ltr'>αὗτῶν</span> <span class='ocrx_word' id='word_1_475' title='bbox 3558 2288 3754 2346; x_wconf 75' lang='grc' dir='ltr'>ἀπελά-</span> 
     </span>
    </p>
   </div>
   <div class='ocr_carea' id='block_1_70' title="bbox 2111 2401 2219 2437">
    <p class='ocr_par' dir='ltr' id='par_1_70' title="bbox 2111 2401 2219 2437">
     <span class='ocr_line' id='line_1_70' title="bbox 2111 2401 2219 2437; baseline 0.009 -1"><span class='ocrx_word' id='word_1_476' title='bbox 2111 2401 2219 2437; x_wconf 88' lang='grc' dir='ltr'>σαι.</span> 
     </span>
    </p>
   </div>
   <div class='ocr_carea' id='block_1_71' title="bbox 2194 2468 3749 2550">
    <p class='ocr_par' dir='ltr' id='par_1_71' title="bbox 2194 2468 3749 2550">
     <span class='ocr_line' id='line_1_71' title="bbox 2194 2468 3749 2550; baseline -0.003 -24"><span class='ocrx_word' id='word_1_477' title='bbox 2194 2468 2275 2529; x_wconf 87' lang='grc' dir='ltr'><strong>Δ’.</strong></span> <span class='ocrx_word' id='word_1_478' title='bbox 2341 2469 2568 2534; x_wconf 77' lang='grc' dir='ltr'>Ταύταις</span> <span class='ocrx_word' id='word_1_479' title='bbox 2626 2482 2751 2532; x_wconf 80' lang='grc' dir='ltr'>ταῖς</span> <span class='ocrx_word' id='word_1_480' title='bbox 2796 2469 3123 2550; x_wconf 79' lang='grc' dir='ltr'>ὑποσχέσεσι</span> <span class='ocrx_word' id='word_1_481' title='bbox 3165 2471 3403 2537; x_wconf 76' lang='grc' dir='ltr'>ἡττηθὲν</span> <span class='ocrx_word' id='word_1_482' title='bbox 3450 2471 3517 2526; x_wconf 81' lang='grc' dir='ltr'>τὸ</span> <span class='ocrx_word' id='word_1_483' title='bbox 3549 2470 3749 2548; x_wconf 86' lang='grc' dir='ltr'>γύναιον</span> 
     </span>
    </p>
   </div>
   <div class='ocr_carea' id='block_1_72' title="bbox 2110 2559 3753 2638">
    <p class='ocr_par' dir='ltr' id='par_1_72' title="bbox 2110 2559 3753 2638">
     <span class='ocr_line' id='line_1_72' title="bbox 2110 2559 3753 2638; baseline -0.003 -20"><span class='ocrx_word' id='word_1_484' title='bbox 2110 2561 2327 2618; x_wconf 77' lang='grc' dir='ltr'>ἄπεισιν</span> <span class='ocrx_word' id='word_1_485' title='bbox 2385 2562 2515 2637; x_wconf 77' lang='grc' dir='ltr'>πρὸς</span> <span class='ocrx_word' id='word_1_486' title='bbox 2576 2561 2732 2617; x_wconf 74' lang='grc' dir='ltr'>αὒτὸν</span> <span class='ocrx_word' id='word_1_487' title='bbox 2776 2560 3003 2638; x_wconf 63' lang='grc' dir='ltr'>ἑσπέρας</span> <span class='ocrx_word' id='word_1_488' title='bbox 3060 2560 3275 2636; x_wconf 85' lang='grc' dir='ltr'>βαθείας</span> <span class='ocrx_word' id='word_1_489' title='bbox 3322 2559 3520 2617; x_wconf 84' lang='grc' dir='ltr'>λοιπὸν</span> <span class='ocrx_word' id='word_1_490' title='bbox 3571 2559 3753 2615; x_wconf 79' lang='grc' dir='ltr'>ἐπιλα-</span> 
     </span>
    </p>
   </div>
   <div class='ocr_carea' id='block_1_73' title="bbox 2109 2648 3749 2730">
    <p class='ocr_par' dir='ltr' id='par_1_73' title="bbox 2109 2648 3749 2730">
     <span class='ocr_line' id='line_1_73' title="bbox 2109 2648 3749 2730; baseline -0.003 -24"><span class='ocrx_word' id='word_1_491' title='bbox 2109 2648 2305 2718; x_wconf 75' lang='grc' dir='ltr'>ϐούσης</span> <span class='ocrx_word' id='word_1_492' title='bbox 2344 2666 2359 2684; x_wconf 90' lang='grc'>⁶</span> <span class='ocrx_word' id='word_1_493' title='bbox 2408 2652 2500 2707; x_wconf 84' lang='grc' dir='ltr'><strong>καὶ</strong></span> <span class='ocrx_word' id='word_1_494' title='bbox 2552 2653 2823 2728; x_wconf 83' lang='grc' dir='ltr'>κρούσασα</span> <span class='ocrx_word' id='word_1_495' title='bbox 2883 2650 2978 2719; x_wconf 73' lang='grc' dir='ltr'><strong>την</strong></span> <span class='ocrx_word' id='word_1_496' title='bbox 3051 2651 3230 2730; x_wconf 83' lang='grc' dir='ltr'>θύραν,</span> <span class='ocrx_word' id='word_1_497' title='bbox 3296 2649 3545 2716; x_wconf 78' lang='grc' dir='ltr'>δέξασθαι</span> <span class='ocrx_word' id='word_1_498' title='bbox 3602 2649 3749 2714; x_wconf 75' lang='grc' dir='ltr'>αὗτὴν</span> 
     </span>
    </p>
   </div>
   <div class='ocr_carea' id='block_1_74' title="bbox 2111 2736 3749 2818">
    <p class='ocr_par' dir='ltr' id='par_1_74' title="bbox 2111 2736 3749 2818">
     <span class='ocr_line' id='line_1_74' title="bbox 2111 2736 3749 2818; baseline -0.006 -16"><span class='ocrx_word' id='word_1_499' title='bbox 2247 2739 2396 2803; x_wconf 83' lang='lat' dir='ltr'><strong>add.</strong></span> <span class='ocrx_word' id='word_1_500' title='bbox 2446 2741 2791 2818; x_wconf 85' lang='grc' dir='ltr'>παρεκάλει],</span> <span class='ocrx_word' id='word_1_501' title='bbox 2851 2745 2953 2797; x_wconf 88' lang='grc' dir='ltr'>Τοῦ</span> <span class='ocrx_word' id='word_1_502' title='bbox 3018 2736 3073 2794; x_wconf 82' lang='grc' dir='ltr'>δὲ</span> <span class='ocrx_word' id='word_1_503' title='bbox 3131 2737 3599 2816; x_wconf 79' lang='grc' dir='ltr'>ἀναϐαλλομένου,</span> <span class='ocrx_word' id='word_1_504' title='bbox 3670 2738 3749 2794; x_wconf 75' lang='grc' dir='ltr'>καῖ</span> 
     </span>
    </p>
   </div>
   <div class='ocr_carea' id='block_1_75' title="bbox 2108 2826 3746 2907">
    <p class='ocr_par' dir='ltr' id='par_1_75' title="bbox 2108 2826 3746 2907">
     <span class='ocr_line' id='line_1_75' title="bbox 2108 2826 3746 2907; baseline -0.003 -22"><span class='ocrx_word' id='word_1_505' title='bbox 2108 2831 2193 2886; x_wconf 70' lang='grc' dir='ltr'><strong>επὶ</strong></span> <span class='ocrx_word' id='word_1_506' title='bbox 2246 2827 2406 2888; x_wconf 76' lang='grc' dir='ltr'>τοῦτο’</span> <span class='ocrx_word' id='word_1_507' title='bbox 2443 2851 2544 2886; x_wconf 86' lang='grc' dir='ltr'><strong>που</strong></span> <span class='ocrx_word' id='word_1_508' title='bbox 2595 2828 2728 2887; x_wconf 71' lang='grc' dir='ltr'>πολὺ</span> <span class='ocrx_word' id='word_1_509' title='bbox 2790 2827 3221 2907; x_wconf 73' lang='grc' dir='ltr'>δπερτιθεμένου,</span> <span class='ocrx_word' id='word_1_510' title='bbox 3285 2828 3549 2905; x_wconf 78' lang='grc' dir='ltr'>ἐπέμενεν</span> <span class='ocrx_word' id='word_1_511' title='bbox 3608 2826 3746 2882; x_wconf 75' lang='grc' dir='ltr'>ἄναι-</span> 
     </span>
    </p>
   </div>
   <div class='ocr_carea' id='block_1_76' title="bbox 2109 2917 3746 2998">
    <p class='ocr_par' dir='ltr' id='par_1_76' title="bbox 2109 2917 3746 2998">
     <span class='ocr_line' id='line_1_76' title="bbox 2109 2917 3746 2998; baseline -0.002 -24"><span class='ocrx_word' id='word_1_512' title='bbox 2109 2920 2213 2982; x_wconf 74' lang='grc' dir='ltr'>διῦς</span> <span class='ocrx_word' id='word_1_513' title='bbox 2273 2921 2553 2998; x_wconf 78' lang='grc' dir='ltr'>κρούουσα,</span> <span class='ocrx_word' id='word_1_514' title='bbox 2616 2921 2704 2976; x_wconf 84' lang='grc' dir='ltr'><strong>καὶ</strong></span> <span class='ocrx_word' id='word_1_515' title='bbox 2755 2919 2893 2994; x_wconf 81' lang='grc' dir='ltr'>μετὰ</span> <span class='ocrx_word' id='word_1_516' title='bbox 2922 2917 3131 2986; x_wconf 80' lang='grc' dir='ltr'>πολλῆς</span> <span class='ocrx_word' id='word_1_517' title='bbox 3162 2920 3362 2982; x_wconf 79' lang='grc' dir='ltr'>ἱκεσίας</span> <span class='ocrx_word' id='word_1_518' title='bbox 3395 2917 3746 2991; x_wconf 83' lang='grc' dir='ltr'>ἐκλιπαροῦσα</span> 
     </span>
    </p>
   </div>
   <div class='ocr_carea' id='block_1_77' title="bbox 2108 3007 3740 3089">
    <p class='ocr_par' dir='ltr' id='par_1_77' title="bbox 2108 3007 3740 3089">
     <span class='ocr_line' id='line_1_77' title="bbox 2108 3007 3740 3089; baseline -0.003 -24"><span class='ocrx_word' id='word_1_519' title='bbox 2108 3007 2365 3089; x_wconf 78' lang='grc' dir='ltr'>δεχθῆναι</span> <span class='ocrx_word' id='word_1_520' title='bbox 2411 3010 2600 3087; x_wconf 74' lang='grc' dir='ltr'>αὒτῄν.</span> <span class='ocrx_word' id='word_1_521' title='bbox 2663 3011 2760 3067; x_wconf 83' lang='grc' dir='ltr'><strong>Καὶ</strong></span> <span class='ocrx_word' id='word_1_522' title='bbox 2804 3008 2869 3077; x_wconf 78' lang='grc' dir='ltr'>δὴ</span> <span class='ocrx_word' id='word_1_523' title='bbox 2925 3008 3244 3088; x_wconf 78' lang='grc' dir='ltr'>παρανοίξας</span> <span class='ocrx_word' id='word_1_524' title='bbox 3305 3011 3396 3067; x_wconf 88' lang='grc' dir='ltr'><strong>καὶ</strong></span> <span class='ocrx_word' id='word_1_525' title='bbox 3429 3007 3740 3081; x_wconf 71' lang='grc' dir='ltr'>θεασάμενος</span> 
     </span>
    </p>
   </div>
   <div class='ocr_carea' id='block_1_78' title="bbox 2108 3097 3742 3179">
    <p class='ocr_par' dir='ltr' id='par_1_78' title="bbox 2108 3097 3742 3179">
     <span class='ocr_line' id='line_1_78' title="bbox 2108 3097 3742 3179; baseline 0.002 -24"><span class='ocrx_word' id='word_1_526' title='bbox 2108 3101 2297 3173; x_wconf 71' lang='grc' dir='ltr'>αὑτὴν,</span> <span class='ocrx_word' id='word_1_527' title='bbox 2360 3098 2529 3164; x_wconf 73' lang='grc' dir='ltr'>ἔδοξεν</span> <span class='ocrx_word' id='word_1_528' title='bbox 2585 3100 2870 3179; x_wconf 79' lang='grc' dir='ltr'>φάντασμα</span> <span class='ocrx_word' id='word_1_529' title='bbox 2922 3103 3059 3155; x_wconf 83' lang='grc' dir='ltr'>εἶναι</span> <span class='ocrx_word' id='word_1_530' title='bbox 3096 3116 3112 3131; x_wconf 87' lang='grc'>⁶</span> <span class='ocrx_word' id='word_1_531' title='bbox 3175 3100 3264 3155; x_wconf 82' lang='grc' dir='ltr'><strong>καὶ</strong></span> <span class='ocrx_word' id='word_1_532' title='bbox 3321 3097 3742 3177; x_wconf 74' lang='grc' dir='ltr'>κατασφραγίσας</span> 
     </span>
    </p>
   </div>
   <div class='ocr_carea' id='block_1_79' title="bbox 2106 3183 3737 3269">
    <p class='ocr_par' dir='ltr' id='par_1_79' title="bbox 2106 3183 3737 3269">
     <span class='ocr_line' id='line_1_79' title="bbox 2106 3183 3737 3269; baseline -0.004 -22"><span class='ocrx_word' id='word_1_533' title='bbox 2106 3192 2286 3264; x_wconf 71' lang='grc' dir='ltr'>αὖτον,</span> <span class='ocrx_word' id='word_1_534' title='bbox 2321 3188 2673 3268; x_wconf 77' lang='grc' dir='ltr'>προσέρῤηξεν</span> <span class='ocrx_word' id='word_1_535' title='bbox 2728 3189 2826 3257; x_wconf 74' lang='grc' dir='ltr'>τὴν</span> <span class='ocrx_word' id='word_1_536' title='bbox 2866 3190 3025 3268; x_wconf 82' lang='grc' dir='ltr'>θύραν</span> <span class='ocrx_word' id='word_1_537' title='bbox 3083 3190 3172 3247; x_wconf 88' lang='grc' dir='ltr'><strong>καὶ</strong></span> <span class='ocrx_word' id='word_1_538' title='bbox 3232 3190 3565 3269; x_wconf 79' lang='grc' dir='ltr'>ὑπέστρεψεν</span> <span class='ocrx_word' id='word_1_539' title='bbox 3597 3206 3612 3221; x_wconf 80' lang='grc'><strong><em>⁸</em></strong></span> <span class='ocrx_word' id='word_1_540' title='bbox 3665 3183 3737 3241; x_wconf 77' lang='grc' dir='ltr'>καί</span> 
     </span>
    </p>
   </div>
   <div class='ocr_carea' id='block_1_80' title="bbox 2103 3279 3735 3359">
    <p class='ocr_par' dir='ltr' id='par_1_80' title="bbox 2103 3279 3735 3359">
     <span class='ocr_line' id='line_1_80' title="bbox 2103 3279 3735 3359; baseline -0.003 -24"><span class='ocrx_word' id='word_1_541' title='bbox 2103 3280 2231 3342; x_wconf 84' lang='grc' dir='ltr'>στὰς</span> <span class='ocrx_word' id='word_1_542' title='bbox 2300 3280 2438 3335; x_wconf 79' lang='grc' dir='ltr'>κατὰ</span> <span class='ocrx_word' id='word_1_543' title='bbox 2495 3279 2782 3358; x_wconf 78' lang='grc' dir='ltr'>ἀνατολὰς,</span> <span class='ocrx_word' id='word_1_544' title='bbox 2846 3279 3035 3345; x_wconf 77' lang='grc' dir='ltr'>ἐκτενῆ</span> <span class='ocrx_word' id='word_1_545' title='bbox 3126 3280 3437 3359; x_wconf 76' lang='grc' dir='ltr'>προσευχὴν</span> <span class='ocrx_word' id='word_1_546' title='bbox 3498 3286 3573 3352; x_wconf 83' lang='grc' dir='ltr'>τῷ</span> <span class='ocrx_word' id='word_1_547' title='bbox 3635 3280 3735 3346; x_wconf 83' lang='grc' dir='ltr'><strong>Θεῷ</strong></span> 
     </span>
    </p>
   </div>
   <div class='ocr_carea' id='block_1_81' title="bbox 2104 3363 3732 3445">
    <p class='ocr_par' dir='ltr' id='par_1_81' title="bbox 2104 3363 3732 3445">
     <span class='ocr_line' id='line_1_81' title="bbox 2104 3363 3732 3445; baseline 0 -20"><span class='ocrx_word' id='word_1_548' title='bbox 2104 3369 2432 3444; x_wconf 62' lang='grc' dir='ltr'>ἀνέπεμψε),</span> <span class='ocrx_word' id='word_1_549' title='bbox 2498 3367 2717 3435; x_wconf 79' lang='grc' dir='ltr'>Πολλῆς</span> <span class='ocrx_word' id='word_1_550' title='bbox 2761 3367 2816 3424; x_wconf 80' lang='grc' dir='ltr'>δὲ</span> <span class='ocrx_word' id='word_1_551' title='bbox 2872 3368 3012 3444; x_wconf 80' lang='grc' dir='ltr'>ὥρας</span> <span class='ocrx_word' id='word_1_552' title='bbox 3064 3366 3483 3445; x_wconf 84' lang='grc' dir='ltr'>διαδραμούσης,</span> <span class='ocrx_word' id='word_1_553' title='bbox 3542 3366 3623 3422; x_wconf 80' lang='grc' dir='ltr'><strong>καὶ</strong></span> <span class='ocrx_word' id='word_1_554' title='bbox 3649 3363 3732 3429; x_wconf 76' lang='grc' dir='ltr'><strong>τῆς</strong></span> 
     </span>
    </p>
   </div>
   <div class='ocr_carea' id='block_1_82' title="bbox 2105 3455 3728 3534">
    <p class='ocr_par' dir='ltr' id='par_1_82' title="bbox 2105 3455 3728 3534">
     <span class='ocr_line' id='line_1_82' title="bbox 2105 3455 3728 3534; baseline -0.002 -20"><span class='ocrx_word' id='word_1_555' title='bbox 2105 3459 2291 3518; x_wconf 79' lang='grc' dir='ltr'>νυκτὸς</span> <span class='ocrx_word' id='word_1_556' title='bbox 2350 3456 2453 3526; x_wconf 73' lang='grc' dir='ltr'>ἤδη</span> <span class='ocrx_word' id='word_1_557' title='bbox 2516 3460 2606 3515; x_wconf 84' lang='grc' dir='ltr'>τὸν</span> <span class='ocrx_word' id='word_1_558' title='bbox 2664 3458 2825 3532; x_wconf 81' lang='grc' dir='ltr'>μέσον</span> <span class='ocrx_word' id='word_1_559' title='bbox 2898 3455 3094 3534; x_wconf 73' lang='grc' dir='ltr'>δρόμον</span> <span class='ocrx_word' id='word_1_560' title='bbox 3153 3455 3592 3528; x_wconf 76' lang='grc' dir='ltr'>καταλαϐούσης,</span> <span class='ocrx_word' id='word_1_561' title='bbox 3648 3456 3728 3512; x_wconf 74' lang='grc' dir='ltr'><strong>οὒκ</strong></span> 
     </span>
    </p>
   </div>
   <div class='ocr_carea' id='block_1_83' title="bbox 2101 3542 3726 3628">
    <p class='ocr_par' dir='ltr' id='par_1_83' title="bbox 2101 3542 3726 3628">
     <span class='ocr_line' id='line_1_83' title="bbox 2101 3542 3726 3628; baseline -0.002 -24"><span class='ocrx_word' id='word_1_562' title='bbox 2101 3548 2375 3628; x_wconf 78' lang='grc' dir='ltr'>ἀπέσχετο</span> <span class='ocrx_word' id='word_1_563' title='bbox 2432 3551 2523 3605; x_wconf 66' lang='grc' dir='ltr'><strong>τοῦ</strong></span> <span class='ocrx_word' id='word_1_564' title='bbox 2579 3549 2785 3626; x_wconf 79' lang='grc' dir='ltr'>κρούειν</span> <span class='ocrx_word' id='word_1_565' title='bbox 2854 3548 2938 3603; x_wconf 83' lang='grc' dir='ltr'><strong>καὶ</strong></span> <span class='ocrx_word' id='word_1_566' title='bbox 3018 3546 3232 3625; x_wconf 77' lang='grc' dir='ltr'>μεγάλῃ</span> <span class='ocrx_word' id='word_1_567' title='bbox 3290 3553 3444 3626; x_wconf 69' lang='grc' dir='ltr'>φωνῇ</span> <span class='ocrx_word' id='word_1_568' title='bbox 3503 3542 3682 3614; x_wconf 78' lang='grc' dir='ltr'>ἔκϐοᾷν</span> <span class='ocrx_word' id='word_1_569' title='bbox 3714 3559 3726 3572; x_wconf 89' lang='grc'><strong>⁹</strong></span> 
     </span>
    </p>
   </div>
   <div class='ocr_carea' id='block_1_84' title="bbox 2103 3635 3727 3718">
    <p class='ocr_par' dir='ltr' id='par_1_84' title="bbox 2103 3635 3727 3718">
     <span class='ocr_line' id='line_1_84' title="bbox 2103 3635 3727 3718; baseline -0.002 -23"><span class='ocrx_word' id='word_1_570' title='bbox 2103 3635 2361 3704; x_wconf 81' lang='grc' dir='ltr'>Ἐλέησόν</span> <span class='ocrx_word' id='word_1_571' title='bbox 2394 3661 2485 3718; x_wconf 72' lang='grc' dir='ltr'><strong>με,</strong></span> <span class='ocrx_word' id='word_1_572' title='bbox 2516 3636 2667 3695; x_wconf 80' lang='grc' dir='ltr'>δοῦλε</span> <span class='ocrx_word' id='word_1_573' title='bbox 2698 3645 2788 3694; x_wconf 83' lang='grc' dir='ltr'><strong>τοῦ</strong></span> <span class='ocrx_word' id='word_1_574' title='bbox 2819 3644 2973 3711; x_wconf 83' lang='grc' dir='ltr'>Θεοῦ,</span> <span class='ocrx_word' id='word_1_575' title='bbox 3005 3640 3094 3693; x_wconf 83' lang='grc' dir='ltr'><strong>καὶ</strong></span> <span class='ocrx_word' id='word_1_576' title='bbox 3126 3635 3333 3702; x_wconf 78' lang='grc' dir='ltr'>ἅνοιξόν</span> <span class='ocrx_word' id='word_1_577' title='bbox 3364 3659 3483 3713; x_wconf 86' lang='grc' dir='ltr'>μοι,</span> <span class='ocrx_word' id='word_1_578' title='bbox 3519 3635 3594 3711; x_wconf 78' lang='grc' dir='ltr'><strong>μή</strong></span> <span class='ocrx_word' id='word_1_579' title='bbox 3629 3652 3727 3692; x_wconf 83' lang='grc' dir='ltr'><strong>πως</strong></span> 
     </span>
    </p>
   </div>
   <div class='ocr_carea' id='block_1_85' title="bbox 2101 3727 3458 3808">
    <p class='ocr_par' dir='ltr' id='par_1_85' title="bbox 2101 3727 3458 3808">
     <span class='ocr_line' id='line_1_85' title="bbox 2101 3727 3458 3808; baseline 0.002 -24"><span class='ocrx_word' id='word_1_580' title='bbox 2101 3729 2297 3807; x_wconf 81' lang='grc' dir='ltr'>θηρίων</span> <span class='ocrx_word' id='word_1_581' title='bbox 2326 3731 2514 3808; x_wconf 78' lang='grc' dir='ltr'>βρῶμα</span> <span class='ocrx_word' id='word_1_582' title='bbox 2547 3731 2674 3808; x_wconf 84' lang='grc' dir='ltr'>πρὸς</span> <span class='ocrx_word' id='word_1_583' title='bbox 2708 3733 2807 3798; x_wconf 79' lang='grc' dir='ltr'>τῆς</span> <span class='ocrx_word' id='word_1_584' title='bbox 2838 3727 3037 3795; x_wconf 85' lang='grc' dir='ltr'>κέλλης</span> <span class='ocrx_word' id='word_1_585' title='bbox 3070 3750 3164 3787; x_wconf 86' lang='grc' dir='ltr'><strong>σου</strong></span> <span class='ocrx_word' id='word_1_586' title='bbox 3193 3727 3458 3807; x_wconf 86' lang='grc' dir='ltr'>γένωμαι.</span> 
     </span>
    </p>
   </div>
   <div class='ocr_carea' id='block_1_86' title="bbox 2184 3993 3721 4074">
    <p class='ocr_par' dir='ltr' id='par_1_86' title="bbox 2184 3993 3721 4074">
     <span class='ocr_line' id='line_1_86' title="bbox 2184 3993 3721 4074; baseline -0.001 -20"><span class='ocrx_word' id='word_1_587' title='bbox 2184 3995 2273 4059; x_wconf 84' lang='grc' dir='ltr'><strong>Ε’.</strong></span> <span class='ocrx_word' id='word_1_588' title='bbox 2307 3995 2538 4054; x_wconf 83' lang='grc' dir='ltr'>Συνιδὼν</span> <span class='ocrx_word' id='word_1_589' title='bbox 2568 3997 2740 4055; x_wconf 87' lang='grc' dir='ltr'>τοίνυν</span> <span class='ocrx_word' id='word_1_590' title='bbox 2791 3999 2818 4055; x_wconf 83' lang='grc' dir='ltr'>ὁ</span> <span class='ocrx_word' id='word_1_591' title='bbox 2875 3996 3078 4060; x_wconf 83' lang='grc' dir='ltr'>δίκαιος</span> <span class='ocrx_word' id='word_1_592' title='bbox 3138 3997 3226 4051; x_wconf 84' lang='grc' dir='ltr'><strong>καὶ</strong></span> <span class='ocrx_word' id='word_1_593' title='bbox 3280 3993 3721 4074; x_wconf 74' lang='grc' dir='ltr'>ἀναλογισάμενος</span> 
     </span>
    </p>
   </div>
   <div class='ocr_carea' id='block_1_87' title="bbox 2103 4080 3723 4163">
    <p class='ocr_par' dir='ltr' id='par_1_87' title="bbox 2103 4080 3723 4163">
     <span class='ocr_line' id='line_1_87' title="bbox 2103 4080 3723 4163; baseline -0.003 -19"><span class='ocrx_word' id='word_1_594' title='bbox 2103 4088 2200 4158; x_wconf 72' lang='grc' dir='ltr'><strong>τῂν</strong></span> <span class='ocrx_word' id='word_1_595' title='bbox 2257 4087 2310 4144; x_wconf 74' lang='grc' dir='ltr'>ἐν</span> <span class='ocrx_word' id='word_1_596' title='bbox 2369 4100 2489 4152; x_wconf 76' lang='grc' dir='ltr'>τοῖς</span> <span class='ocrx_word' id='word_1_597' title='bbox 2544 4087 2727 4153; x_wconf 78' lang='grc' dir='ltr'>τόποις</span> <span class='ocrx_word' id='word_1_598' title='bbox 2784 4086 3006 4149; x_wconf 80' lang='grc' dir='ltr'>ἐκείνοις</span> <span class='ocrx_word' id='word_1_599' title='bbox 3037 4089 3141 4141; x_wconf 83' lang='grc' dir='ltr'><strong>τῶν</strong></span> <span class='ocrx_word' id='word_1_600' title='bbox 3173 4085 3370 4163; x_wconf 70' lang='grc' dir='ltr'>θηρί’-ιν</span> <span class='ocrx_word' id='word_1_601' title='bbox 3402 4084 3623 4160; x_wconf 71' lang='grc' dir='ltr'>πληθὺν,</span> <span class='ocrx_word' id='word_1_602' title='bbox 3660 4080 3723 4139; x_wconf 77' lang='grc' dir='ltr'><strong>εἷς</strong></span> 
     </span>
    </p>
   </div>
   <div class='ocr_carea' id='block_1_88' title="bbox 2106 4172 3715 4256">
    <p class='ocr_par' dir='ltr' id='par_1_88' title="bbox 2106 4172 3715 4256">
     <span class='ocr_line' id='line_1_88' title="bbox 2106 4172 3715 4256; baseline 0 -25"><span class='ocrx_word' id='word_1_603' title='bbox 2106 4172 2367 4256; x_wconf 82' lang='grc' dir='ltr'>διάκρισιν</span> <span class='ocrx_word' id='word_1_604' title='bbox 2417 4177 2693 4251; x_wconf 83' lang='grc' dir='ltr'>ἐμπεσὼν,</span> <span class='ocrx_word' id='word_1_605' title='bbox 2749 4175 2955 4243; x_wconf 72' lang='grc' dir='ltr'>ἤνοιξεν</span> <span class='ocrx_word' id='word_1_606' title='bbox 3013 4173 3182 4249; x_wconf 74' lang='grc' dir='ltr'>ἄκων,</span> <span class='ocrx_word' id='word_1_607' title='bbox 3244 4176 3331 4231; x_wconf 85' lang='grc' dir='ltr'><strong>καὶ</strong></span> <span class='ocrx_word' id='word_1_608' title='bbox 3385 4174 3532 4252; x_wconf 84' lang='grc' dir='ltr'>λέγει</span> <span class='ocrx_word' id='word_1_609' title='bbox 3583 4174 3715 4240; x_wconf 77' lang='grc' dir='ltr'><strong>αὖτῇ⁹</strong></span> 
     </span>
    </p>
   </div>
   <div class='ocr_carea' id='block_1_89' title="bbox 2108 4259 3709 4344">
    <p class='ocr_par' dir='ltr' id='par_1_89' title="bbox 2108 4259 3709 4344">
     <span class='ocr_line' id='line_1_89' title="bbox 2108 4259 3709 4344; baseline 0 -23"><span class='ocrx_word' id='word_1_610' title='bbox 2108 4268 2272 4324; x_wconf 83' lang='grc' dir='ltr'>Πόθεν</span> <span class='ocrx_word' id='word_1_611' title='bbox 2329 4266 2489 4335; x_wconf 82' lang='grc' dir='ltr'>ἦλθες</span> <span class='ocrx_word' id='word_1_612' title='bbox 2519 4264 2646 4338; x_wconf 83' lang='grc' dir='ltr'>ὦδε,</span> <span class='ocrx_word' id='word_1_613' title='bbox 2688 4264 2815 4344; x_wconf 73' lang='grc' dir='ltr'>ἔφη,</span> <span class='ocrx_word' id='word_1_614' title='bbox 2848 4285 2964 4321; x_wconf 79' lang='grc' dir='ltr'>τινα</span> <span class='ocrx_word' id='word_1_615' title='bbox 2995 4263 3050 4320; x_wconf 75' lang='grc' dir='ltr'>δὲ</span> <span class='ocrx_word' id='word_1_616' title='bbox 3082 4272 3293 4344; x_wconf 75' lang='grc' dir='ltr'>ζητεῖς,</span> <span class='ocrx_word' id='word_1_617' title='bbox 3328 4265 3415 4322; x_wconf 76' lang='grc' dir='ltr'><strong>καὶ</strong></span> <span class='ocrx_word' id='word_1_618' title='bbox 3446 4266 3581 4325; x_wconf 69' lang='grc' dir='ltr'>τίνος</span> <span class='ocrx_word' id='word_1_619' title='bbox 3609 4259 3709 4330; x_wconf 63' lang='lat' dir='ltr'><strong>sic;</strong></span> 
     </span>
    </p>
   </div>
   <div class='ocr_carea' id='block_1_90' title="bbox 2109 4346 3709 4434">
    <p class='ocr_par' dir='ltr' id='par_1_90' title="bbox 2109 4346 3709 4434">
     <span class='ocr_line' id='line_1_90' title="bbox 2109 4346 3709 4434; baseline -0.006 -22"><span class='ocrx_word' id='word_1_620' title='bbox 2109 4348 2171 4412; x_wconf 81' lang='grc' dir='ltr'><strong>Ἠ</strong></span> <span class='ocrx_word' id='word_1_621' title='bbox 2231 4354 2286 4412; x_wconf 77' lang='grc' dir='ltr'>δὲ</span> <span class='ocrx_word' id='word_1_622' title='bbox 2342 4356 2697 4432; x_wconf 71' lang='grc' dir='ltr'>ἀποκριθεῖσα</span> <span class='ocrx_word' id='word_1_623' title='bbox 2756 4353 2857 4434; x_wconf 73' lang='grc' dir='ltr'>ἔφη</span> <span class='ocrx_word' id='word_1_624' title='bbox 2894 4370 2908 4385; x_wconf 83' lang='grc'><strong><em>⁸</em></strong></span> <span class='ocrx_word' id='word_1_625' title='bbox 2969 4353 3066 4412; x_wconf 87' lang='grc' dir='ltr'>Ἐκ</span> <span class='ocrx_word' id='word_1_626' title='bbox 3121 4361 3215 4410; x_wconf 88' lang='grc' dir='ltr'><strong>τοῦ</strong></span> <span class='ocrx_word' id='word_1_627' title='bbox 3270 4354 3600 4433; x_wconf 82' lang='grc' dir='ltr'>ἆσκητηρίου</span> <span class='ocrx_word' id='word_1_628' title='bbox 3624 4346 3709 4421; x_wconf 79' lang='grc' dir='ltr'>είμὶ</span> 
     </span>
    </p>
   </div>
   <div class='ocr_carea' id='block_1_91' title="bbox 374 4443 2003 4527">
    <p class='ocr_par' dir='ltr' id='par_1_91' title="bbox 374 4444 2003 4527">
     <span class='ocr_line' id='line_1_91' title="bbox 374 4444 2003 4527; baseline -0.002 -19"><span class='ocrx_word' id='word_1_629' title='bbox 374 4447 714 4527; x_wconf 86' lang='lat' dir='ltr'><strong>inquit,hoc</strong></span> <span class='ocrx_word' id='word_1_630' title='bbox 739 4444 1071 4525; x_wconf 87' lang='lat' dir='ltr'><strong>propinquo</strong></span> <span class='ocrx_word' id='word_1_631' title='bbox 1104 4461 1210 4522; x_wconf 84' lang='lat' dir='ltr'><strong>ego</strong></span> <span class='ocrx_word' id='word_1_632' title='bbox 1235 4461 1390 4517; x_wconf 92' lang='lat' dir='ltr'><strong>sum,</strong></span> <span class='ocrx_word' id='word_1_633' title='bbox 1428 4461 1644 4523; x_wconf 91' lang='lat' dir='ltr'><strong>meque</strong></span> <span class='ocrx_word' id='word_1_634' title='bbox 1669 4444 2003 4513; x_wconf 76' lang='lat' dir='ltr'><strong>monasteri;</strong></span> 
     </span>
    </p>
   </div>
   <div class='ocr_carea' id='block_1_92' title="bbox 2113 4443 3707 4527">
    <p class='ocr_par' dir='ltr' id='par_1_92' title="bbox 2113 4443 3707 4527">
     <span class='ocr_line' id='line_1_92' title="bbox 2113 4443 3707 4527; baseline -0.007 -24"><span class='ocrx_word' id='word_1_635' title='bbox 2113 4445 2275 4525; x_wconf 78' lang='grc' dir='ltr'>τοῦδε,</span> <span class='ocrx_word' id='word_1_636' title='bbox 2331 4447 2419 4504; x_wconf 86' lang='grc' dir='ltr'><strong>καὶ</strong></span> <span class='ocrx_word' id='word_1_637' title='bbox 2492 4443 2777 4504; x_wconf 79' lang='grc' dir='ltr'>ἀπέστειλέ</span> <span class='ocrx_word' id='word_1_638' title='bbox 2847 4464 2915 4522; x_wconf 83' lang='grc' dir='ltr'><strong>με</strong></span> <span class='ocrx_word' id='word_1_639' title='bbox 2995 4443 3024 4509; x_wconf 73' lang='grc' dir='ltr'>ἡ</span> <span class='ocrx_word' id='word_1_640' title='bbox 3080 4443 3357 4521; x_wconf 82' lang='grc' dir='ltr'>ἡγουμένη</span> <span class='ocrx_word' id='word_1_641' title='bbox 3421 4444 3707 4527; x_wconf 52' lang='grc' dir='ltr'>ἀπενεγκεῖν</span> 
     </span>
    </p>
   </div>
   <div class='ocr_carea' id='block_1_93' title="bbox 376 4513 2003 4617">
    <p class='ocr_par' dir='ltr' id='par_1_93' title="bbox 376 4513 2003 4617">
     <span class='ocr_line' id='line_1_93' title="bbox 376 4513 2003 4617; baseline -0.002 -19"><span class='ocrx_word' id='word_1_642' title='bbox 376 4513 599 4617; x_wconf 59' lang='lat' dir='ltr'><strong>praeses</strong></span> <span class='ocrx_word' id='word_1_643' title='bbox 620 4534 693 4596; x_wconf 87' lang='lat' dir='ltr'><strong>ad</strong></span> <span class='ocrx_word' id='word_1_644' title='bbox 714 4513 994 4596; x_wconf 71' lang='lat' dir='ltr'><strong>ferendas</strong></span> <span class='ocrx_word' id='word_1_645' title='bbox 1018 4513 1469 4594; x_wconf 68' lang='lat' dir='ltr'><strong>benedictioues</strong></span> <span class='ocrx_word' id='word_1_646' title='bbox 1491 4513 1570 4613; x_wconf 67' lang='grc'><strong>(2)</strong></span> <span class='ocrx_word' id='word_1_647' title='bbox 1585 4533 1644 4593; x_wconf 90' lang='lat' dir='ltr'><strong>in</strong></span> <span class='ocrx_word' id='word_1_648' title='bbox 1669 4533 1784 4594; x_wconf 89' lang='lat' dir='ltr'><strong>hoc</strong></span> <span class='ocrx_word' id='word_1_649' title='bbox 1806 4533 2003 4596; x_wconf 42' lang='lat' dir='ltr'><strong>caste].</strong></span> 
     </span>
    </p>
   </div>
   <div class='ocr_carea' id='block_1_94' title="bbox 2113 4513 3702 4617">
    <p class='ocr_par' dir='ltr' id='par_1_94' title="bbox 2113 4513 3702 4613">
     <span class='ocr_line' id='line_1_94' title="bbox 2113 4513 3702 4613; baseline -0.004 -20"><span class='ocrx_word' id='word_1_650' title='bbox 2113 4513 2348 4613; x_wconf 78' lang='grc' dir='ltr'>εὐλογίας</span> <span class='ocrx_word' id='word_1_651' title='bbox 2408 4536 2479 4600; x_wconf 85' lang='grc' dir='ltr'>εἷς</span> <span class='ocrx_word' id='word_1_652' title='bbox 2535 4534 2693 4607; x_wconf 79' lang='grc' dir='ltr'>τήνδε</span> <span class='ocrx_word' id='word_1_653' title='bbox 2752 4513 2860 4603; x_wconf 37' lang='grc' dir='ltr'>τὴν.</span> <span class='ocrx_word' id='word_1_654' title='bbox 2896 4534 3091 4610; x_wconf 83' lang='grc' dir='ltr'>κώμην</span> <span class='ocrx_word' id='word_1_655' title='bbox 3120 4513 3145 4563; x_wconf 44' lang='grc'><strong>’-</strong></span> <span class='ocrx_word' id='word_1_656' title='bbox 3169 4513 3259 4589; x_wconf 81' lang='grc' dir='ltr'><strong>καὶ</strong></span> <span class='ocrx_word' id='word_1_657' title='bbox 3288 4536 3344 4589; x_wconf 68' lang='grc' dir='ltr'>ἓν</span> <span class='ocrx_word' id='word_1_658' title='bbox 3374 4539 3449 4607; x_wconf 80' lang='grc' dir='ltr'>τῷ</span> <span class='ocrx_word' id='word_1_659' title='bbox 3482 4513 3702 4605; x_wconf 70' lang='grc' dir='ltr'>δποστρέ-</span> 
     </span>
    </p>
   </div>
   <div class='ocr_carea' id='block_1_95' title="bbox 373 4626 2015 4693">
    <p class='ocr_par' dir='ltr' id='par_1_95' title="bbox 373 4626 2015 4693">
     <span class='ocr_line' id='line_1_95' title="bbox 373 4626 2015 4693; baseline -0.002 -5"><span class='ocrx_word' id='word_1_660' title='bbox 373 4632 495 4688; x_wconf 89' lang='lat' dir='ltr'><strong>lum</strong></span> <span class='ocrx_word' id='word_1_661' title='bbox 528 4628 779 4693; x_wconf 84' lang='lat' dir='ltr'><strong>misit,ac</strong></span> <span class='ocrx_word' id='word_1_662' title='bbox 801 4627 938 4683; x_wconf 86' lang='lat' dir='ltr'><strong>dum</strong></span> <span class='ocrx_word' id='word_1_663' title='bbox 954 4634 1277 4683; x_wconf 84' lang='lat' dir='ltr'><strong>reverterer</strong></span> <span class='ocrx_word' id='word_1_664' title='bbox 1296 4626 1351 4681; x_wconf 91' lang='lat' dir='ltr'><strong>in</strong></span> <span class='ocrx_word' id='word_1_665' title='bbox 1380 4628 1934 4689; x_wconf 86' lang='lat' dir='ltr'><strong>monasterium.hoc</strong></span> <span class='ocrx_word' id='word_1_666' title='bbox 1956 4628 2015 4684; x_wconf 94' lang='lat' dir='ltr'><strong>in</strong></span> 
     </span>
    </p>
   </div>
   <div class='ocr_carea' id='block_1_96' title="bbox 373 4711 2017 4794">
    <p class='ocr_par' dir='ltr' id='par_1_96' title="bbox 373 4711 2017 4794">
     <span class='ocr_line' id='line_1_96' title="bbox 373 4711 2017 4794; baseline -0.002 -15"><span class='ocrx_word' id='word_1_667' title='bbox 373 4717 506 4779; x_wconf 91' lang='lat' dir='ltr'><strong>loco</strong></span> <span class='ocrx_word' id='word_1_668' title='bbox 536 4732 651 4777; x_wconf 82' lang='lat' dir='ltr'><strong>nox</strong></span> <span class='ocrx_word' id='word_1_669' title='bbox 687 4731 783 4775; x_wconf 93' lang='lat' dir='ltr'><strong>me</strong></span> <span class='ocrx_word' id='word_1_670' title='bbox 805 4711 1294 4794; x_wconf 82' lang='lat' dir='ltr'><strong>oppressit.Rogo</strong></span> <span class='ocrx_word' id='word_1_671' title='bbox 1317 4711 1497 4791; x_wconf 82' lang='lat' dir='ltr'><strong>igitur</strong></span> <span class='ocrx_word' id='word_1_672' title='bbox 1526 4711 1810 4789; x_wconf 84' lang='lat' dir='ltr'><strong>te,divine</strong></span> <span class='ocrx_word' id='word_1_673' title='bbox 1831 4713 2017 4788; x_wconf 83' lang='lat' dir='ltr'><strong>vir,ut</strong></span> 
     </span>
    </p>
   </div>
   <div class='ocr_carea' id='block_1_97' title="bbox 374 4801 2011 4883">
    <p class='ocr_par' dir='ltr' id='par_1_97' title="bbox 374 4801 2011 4883">
     <span class='ocr_line' id='line_1_97' title="bbox 374 4801 2011 4883; baseline -0.003 -14"><span class='ocrx_word' id='word_1_674' title='bbox 374 4805 717 4869; x_wconf 87' lang='lat' dir='ltr'><strong>miserearis</strong></span> <span class='ocrx_word' id='word_1_675' title='bbox 748 4803 890 4878; x_wconf 84' lang='lat' dir='ltr'><strong>mei,</strong></span> <span class='ocrx_word' id='word_1_676' title='bbox 926 4810 984 4863; x_wconf 89' lang='lat' dir='ltr'><strong>et</strong></span> <span class='ocrx_word' id='word_1_677' title='bbox 1012 4802 1169 4883; x_wconf 91' lang='lat' dir='ltr'><strong>apud</strong></span> <span class='ocrx_word' id='word_1_678' title='bbox 1201 4809 1259 4864; x_wconf 90' lang='lat' dir='ltr'><strong>te</strong></span> <span class='ocrx_word' id='word_1_679' title='bbox 1288 4801 1572 4882; x_wconf 83' lang='lat' dir='ltr'><strong>accipiar,</strong></span> <span class='ocrx_word' id='word_1_680' title='bbox 1627 4821 1703 4865; x_wconf 91' lang='lat' dir='ltr'><strong>ne</strong></span> <span class='ocrx_word' id='word_1_681' title='bbox 1751 4802 2011 4866; x_wconf 79' lang='lat' dir='ltr'><strong>ferarum</strong></span> 
     </span>
    </p>
   </div>
   <div class='ocr_carea' id='block_1_98' title="bbox 445 4970 2013 5048">
    <p class='ocr_par' dir='ltr' id='par_1_98' title="bbox 445 4970 2013 5048">
     <span class='ocr_line' id='line_1_98' title="bbox 445 4970 2013 5048; baseline -0.001 -17"><span class='ocrx_word' id='word_1_682' title='bbox 445 4977 515 5048; x_wconf 65' lang='grc' dir='ltr'><strong>(ἲ)</strong></span> <span class='ocrx_word' id='word_1_683' title='bbox 550 4975 612 5031; x_wconf 90' lang='lat' dir='ltr'><strong>1d</strong></span> <span class='ocrx_word' id='word_1_684' title='bbox 643 4973 864 5048; x_wconf 79' lang='lat' dir='ltr'><strong>duplici</strong></span> <span class='ocrx_word' id='word_1_685' title='bbox 900 4972 1072 5048; x_wconf 82' lang='lat' dir='ltr'><strong>modo</strong></span> <span class='ocrx_word' id='word_1_686' title='bbox 1103 4973 1288 5048; x_wconf 77' lang='lat' dir='ltr'><strong>accipi</strong></span> <span class='ocrx_word' id='word_1_687' title='bbox 1322 4980 1527 5043; x_wconf 86' lang='lat' dir='ltr'><strong>potest;</strong></span> <span class='ocrx_word' id='word_1_688' title='bbox 1548 4970 1651 5048; x_wconf 85' lang='lat' dir='ltr'><strong>_vel</strong></span> <span class='ocrx_word' id='word_1_689' title='bbox 1682 4980 1745 5028; x_wconf 89' lang='lat' dir='ltr'><strong>ut</strong></span> <span class='ocrx_word' id='word_1_690' title='bbox 1776 4973 2013 5048; x_wconf 82' lang='lat' dir='ltr'><strong>missam</strong></span> 
     </span>
    </p>
   </div>
   <div class='ocr_carea' id='block_1_99' title="bbox 368 5043 2014 5115">
    <p class='ocr_par' dir='ltr' id='par_1_99' title="bbox 368 5043 2014 5115">
     <span class='ocr_line' id='line_1_99' title="bbox 368 5043 2014 5115; baseline -0.002 -9"><span class='ocrx_word' id='word_1_691' title='bbox 368 5043 656 5115; x_wconf 53' lang='lat' dir='ltr'><strong>se&#39;dicat,</strong></span> <span class='ocrx_word' id='word_1_692' title='bbox 709 5043 773 5105; x_wconf 83' lang='lat' dir='ltr'><strong>ut</strong></span> <span class='ocrx_word' id='word_1_693' title='bbox 823 5046 958 5104; x_wconf 86' lang='lat' dir='ltr'><strong>inde</strong></span> <span class='ocrx_word' id='word_1_694' title='bbox 992 5043 1462 5103; x_wconf 79' lang='lat' dir='ltr'><strong>benedictionem</strong></span> <span class='ocrx_word' id='word_1_695' title='bbox 1496 5043 1567 5102; x_wconf 89' lang='lat' dir='ltr'><strong>ad</strong></span> <span class='ocrx_word' id='word_1_696' title='bbox 1594 5044 2014 5115; x_wconf 76' lang='lat' dir='ltr'><strong>monasterium</strong></span> 
     </span>
    </p>
   </div>
   <div class='ocr_carea' id='block_1_100' title="bbox 368 5114 2010 5192">
    <p class='ocr_par' dir='ltr' id='par_1_100' title="bbox 368 5114 2010 5192">
     <span class='ocr_line' id='line_1_100' title="bbox 368 5114 2010 5192; baseline -0.004 -13"><span class='ocrx_word' id='word_1_697' title='bbox 368 5114 836 5192; x_wconf 80' lang='lat' dir='ltr'><strong>deportaret,__id</strong></span> <span class='ocrx_word' id='word_1_698' title='bbox 875 5124 1020 5192; x_wconf 50' lang='lat' dir='ltr'><strong>est,</strong></span> <span class='ocrx_word' id='word_1_699' title='bbox 1065 5117 1520 5192; x_wconf 60' lang='lat' dir='ltr'><strong>eieemosynam,</strong></span> <span class='ocrx_word' id='word_1_700' title='bbox 1585 5114 2010 5192; x_wconf 52' lang='lat' dir='ltr'><strong>Similiphrasi</strong></span> 
     </span>
    </p>
   </div>
   <div class='ocr_carea' id='block_1_101' title="bbox 368 5186 2004 5263">
    <p class='ocr_par' dir='ltr' id='par_1_101' title="bbox 368 5186 2004 5263">
     <span class='ocr_line' id='line_1_101' title="bbox 368 5186 2004 5263; baseline -0.004 -13"><span class='ocrx_word' id='word_1_701' title='bbox 368 5186 559 5263; x_wconf 75' lang='lat' dir='ltr'><strong>utitur</strong></span> <span class='ocrx_word' id='word_1_702' title='bbox 590 5189 931 5263; x_wconf 72' lang='lat' dir='ltr'><strong>Cyr_ill_usin</strong></span> <span class='ocrx_word' id='word_1_703' title='bbox 965 5187 1177 5263; x_wconf 34' lang='lat' dir='ltr'><strong>vitans,</strong></span> <span class='ocrx_word' id='word_1_704' title='bbox 1207 5186 1392 5250; x_wconf 69' lang='lat' dir='ltr'><strong>Sabie,</strong></span> <span class='ocrx_word' id='word_1_705' title='bbox 1430 5189 1713 5263; x_wconf 37' lang='lat' dir='ltr'><strong>utiAsupra</strong></span> <span class='ocrx_word' id='word_1_706' title='bbox 1739 5186 1808 5263; x_wconf 75' lang='grc'><strong>20</strong></span> <span class='ocrx_word' id='word_1_707' title='bbox 1836 5187 2004 5244; x_wconf 86' lang='lat' dir='ltr'><strong>Janu.</strong></span> 
     </span>
    </p>
   </div>
   <div class='ocr_carea' id='block_1_102' title="bbox 368 5256 2005 5331">
    <p class='ocr_par' dir='ltr' id='par_1_102' title="bbox 368 5256 2005 5331">
     <span class='ocr_line' id='line_1_102' title="bbox 368 5256 2005 5331; baseline -0.004 -11"><span class='ocrx_word' id='word_1_708' title='bbox 368 5262 441 5320; x_wconf 89' lang='lat' dir='ltr'><strong>ad</strong></span> <span class='ocrx_word' id='word_1_709' title='bbox 472 5256 653 5320; x_wconf 70' lang='lat' dir='ltr'><strong>vitam&#39;</strong></span> <span class='ocrx_word' id='word_1_710' title='bbox 677 5259 1032 5331; x_wconf 88' lang='lat' dir='ltr'><strong>S.Eutbymii</strong></span> <span class='ocrx_word' id='word_1_711' title='bbox 1064 5256 2005 5331; x_wconf 12' lang='lat' dir='ltr'><strong>diximus,num.9,in_7Prolegom.</strong></span> 
     </span>
    </p>
   </div>
   <div class='ocr_carea' id='block_1_103' title="bbox 2100 4620 3698 4706">
    <p class='ocr_par' dir='ltr' id='par_1_103' title="bbox 2100 4620 3698 4706">
     <span class='ocr_line' id='line_1_103' title="bbox 2100 4620 3698 4706; baseline -0.007 -25"><span class='ocrx_word' id='word_1_712' title='bbox 2100 4647 2215 4706; x_wconf 78' lang='grc' dir='ltr'>φειν</span> <span class='ocrx_word' id='word_1_713' title='bbox 2248 4647 2316 4699; x_wconf 84' lang='grc' dir='ltr'><strong>με</strong></span> <span class='ocrx_word' id='word_1_714' title='bbox 2347 4628 2436 4682; x_wconf 83' lang='grc' dir='ltr'><strong>καὶ</strong></span> <span class='ocrx_word' id='word_1_715' title='bbox 2492 4626 2706 4683; x_wconf 80' lang='grc' dir='ltr'>ἀπιέναι</span> <span class='ocrx_word' id='word_1_716' title='bbox 2760 4625 2815 4681; x_wconf 83' lang='grc' dir='ltr'>ἐν</span> <span class='ocrx_word' id='word_1_717' title='bbox 2873 4630 2949 4699; x_wconf 82' lang='grc' dir='ltr'><strong>τῷ</strong></span> <span class='ocrx_word' id='word_1_718' title='bbox 2991 4623 3353 4701; x_wconf 84' lang='grc' dir='ltr'>μοναστηρίῳ,</span> <span class='ocrx_word' id='word_1_719' title='bbox 3386 4620 3581 4700; x_wconf 66' lang='grc' dir='ltr'>ὄψησέν</span> <span class='ocrx_word' id='word_1_720' title='bbox 3629 4635 3698 4692; x_wconf 82' lang='grc' dir='ltr'><strong>μοι</strong></span> 
     </span>
    </p>
   </div>
   <div class='ocr_carea' id='block_1_104' title="bbox 2100 4708 3697 4793">
    <p class='ocr_par' dir='ltr' id='par_1_104' title="bbox 2100 4708 3697 4793">
     <span class='ocr_line' id='line_1_104' title="bbox 2100 4708 3697 4793; baseline -0.004 -20"><span class='ocrx_word' id='word_1_721' title='bbox 2100 4715 2153 4773; x_wconf 76' lang='grc' dir='ltr'>ἐν</span> <span class='ocrx_word' id='word_1_722' title='bbox 2186 4719 2257 4789; x_wconf 80' lang='grc' dir='ltr'>τῷ</span> <span class='ocrx_word' id='word_1_723' title='bbox 2308 4716 2459 4790; x_wconf 87' lang='grc' dir='ltr'>τόπῳ</span> <span class='ocrx_word' id='word_1_724' title='bbox 2511 4717 2704 4790; x_wconf 83' lang='grc' dir='ltr'>τούτῳ,</span> <span class='ocrx_word' id='word_1_725' title='bbox 2765 4712 3070 4793; x_wconf 80' lang='grc' dir='ltr'>Παρακαλῶ</span> <span class='ocrx_word' id='word_1_726' title='bbox 3103 4715 3191 4769; x_wconf 69' lang='grc' dir='ltr'><strong>οὖν</strong></span> <span class='ocrx_word' id='word_1_727' title='bbox 3223 4734 3306 4786; x_wconf 86' lang='grc' dir='ltr'><strong>σε,</strong></span> <span class='ocrx_word' id='word_1_728' title='bbox 3340 4712 3576 4792; x_wconf 70' lang='grc' dir='ltr'>ἄνθρωπε</span> <span class='ocrx_word' id='word_1_729' title='bbox 3627 4708 3697 4761; x_wconf 61' lang='grc' dir='ltr'>τοῦ</span> 
     </span>
    </p>
   </div>
   <div class='ocr_carea' id='block_1_105' title="bbox 2102 4795 3698 4886">
    <p class='ocr_par' dir='ltr' id='par_1_105' title="bbox 2102 4795 3698 4886">
     <span class='ocr_line' id='line_1_105' title="bbox 2102 4795 3698 4886; baseline -0.008 -24"><span class='ocrx_word' id='word_1_730' title='bbox 2102 4812 2257 4886; x_wconf 75' lang='grc' dir='ltr'>Θεοῦ,</span> <span class='ocrx_word' id='word_1_731' title='bbox 2292 4806 2623 4885; x_wconf 84' lang='grc' dir='ltr'>οἶκτείρησόν</span> <span class='ocrx_word' id='word_1_732' title='bbox 2658 4826 2722 4881; x_wconf 83' lang='grc' dir='ltr'><strong>με</strong></span> <span class='ocrx_word' id='word_1_733' title='bbox 2773 4805 2861 4862; x_wconf 81' lang='grc' dir='ltr'><strong>καὶ</strong></span> <span class='ocrx_word' id='word_1_734' title='bbox 2917 4802 3054 4869; x_wconf 79' lang='grc' dir='ltr'>δέξαι</span> <span class='ocrx_word' id='word_1_735' title='bbox 3108 4823 3200 4878; x_wconf 86' lang='grc' dir='ltr'><strong>με,</strong></span> <span class='ocrx_word' id='word_1_736' title='bbox 3232 4803 3325 4860; x_wconf 69' lang='grc' dir='ltr'>’ίνα</span> <span class='ocrx_word' id='word_1_737' title='bbox 3367 4803 3441 4880; x_wconf 67' lang='grc' dir='ltr'><strong>μή</strong></span> <span class='ocrx_word' id='word_1_738' title='bbox 3502 4795 3698 4881; x_wconf 66' lang='grc' dir='ltr'>θηριιυιω</span> 
     </span>
    </p>
   </div>
   <div class='ocr_carea' id='block_1_106' title="bbox 2098 4963 3698 5047">
    <p class='ocr_par' dir='ltr' id='par_1_106' title="bbox 2098 4963 3698 5047">
     <span class='ocr_line' id='line_1_106' title="bbox 2098 4963 3698 5047; baseline -0.004 -15"><span class='ocrx_word' id='word_1_739' title='bbox 2098 4982 2288 5033; x_wconf 86' lang='lat' dir='ltr'><strong>tamen</strong></span> <span class='ocrx_word' id='word_1_740' title='bbox 2321 4975 2530 5045; x_wconf 83' lang='lat' dir='ltr'><strong>suscipi</strong></span> <span class='ocrx_word' id='word_1_741' title='bbox 2561 4983 2745 5047; x_wconf 85' lang='lat' dir='ltr'><strong>atque</strong></span> <span class='ocrx_word' id='word_1_742' title='bbox 2792 4973 2966 5031; x_wconf 88' lang='lat' dir='ltr'><strong>etiam</strong></span> <span class='ocrx_word' id='word_1_743' title='bbox 3002 4971 3294 5047; x_wconf 70' lang='lat' dir='ltr'><strong>adversus</strong></span> <span class='ocrx_word' id='word_1_744' title='bbox 3335 4972 3568 5030; x_wconf 87' lang='lat' dir='ltr'><strong>morbos</strong></span> <span class='ocrx_word' id='word_1_745' title='bbox 3603 4963 3698 5047; x_wconf 62' lang='grc' dir='ltr'><strong>γεω</strong></span> 
     </span>
    </p>
   </div>
   <div class='ocr_carea' id='block_1_107' title="bbox 2095 5036 3694 5105">
    <p class='ocr_par' dir='ltr' id='par_1_107' title="bbox 2095 5036 3694 5105">
     <span class='ocr_line' id='line_1_107' title="bbox 2095 5036 3694 5105; baseline -0.009 -1"><span class='ocrx_word' id='word_1_746' title='bbox 2095 5047 2312 5105; x_wconf 85' lang='lat' dir='ltr'><strong>habere</strong></span> <span class='ocrx_word' id='word_1_747' title='bbox 2348 5036 2554 5105; x_wconf 69' lang='lat' dir='ltr'><strong>solitas</strong></span> <span class='ocrx_word' id='word_1_748' title='bbox 2587 5063 2601 5104; x_wconf 91' lang='lat'>:</span> <span class='ocrx_word' id='word_1_749' title='bbox 2639 5036 2749 5104; x_wconf 71' lang='lat' dir='ltr'><strong>&#39;vel</strong></span> <span class='ocrx_word' id='word_1_750' title='bbox 2789 5055 2947 5104; x_wconf 89' lang='lat' dir='ltr'><strong>certe</strong></span> <span class='ocrx_word' id='word_1_751' title='bbox 2999 5045 3058 5100; x_wconf 89' lang='lat' dir='ltr'><strong>in</strong></span> <span class='ocrx_word' id='word_1_752' title='bbox 3103 5045 3509 5104; x_wconf 86' lang='lat' dir='ltr'><strong>testimonium</strong></span> <span class='ocrx_word' id='word_1_753' title='bbox 3548 5036 3694 5097; x_wconf 85' lang='lat' dir='ltr'><strong>solum</strong></span> 
     </span>
    </p>
   </div>
   <div class='ocr_carea' id='block_1_108' title="bbox 2098 5113 3693 5190">
    <p class='ocr_par' dir='ltr' id='par_1_108' title="bbox 2098 5113 3693 5190">
     <span class='ocr_line' id='line_1_108' title="bbox 2098 5113 3693 5190; baseline -0.008 -14"><span class='ocrx_word' id='word_1_754' title='bbox 2098 5118 2768 5190; x_wconf 51' lang='lat' dir='ltr'><strong>benevolentiaaliquos</strong></span> <span class='ocrx_word' id='word_1_755' title='bbox 2790 5129 3077 5189; x_wconf 74' lang='lat' dir='ltr'><strong>praecoces</strong></span> <span class='ocrx_word' id='word_1_756' title='bbox 3102 5125 3201 5172; x_wconf 86' lang='lat' dir='ltr'><strong>aut</strong></span> <span class='ocrx_word' id='word_1_757' title='bbox 3217 5116 3472 5190; x_wconf 72' lang='lat' dir='ltr'><strong>rariores</strong></span> <span class='ocrx_word' id='word_1_758' title='bbox 3488 5113 3693 5190; x_wconf 57' lang='lat' dir='ltr'><strong>fructus.</strong></span> 
     </span>
    </p>
   </div>
   <div class='ocr_carea' id='block_1_109' title="bbox 2094 5174 3694 5267">
    <p class='ocr_par' dir='ltr' id='par_1_109' title="bbox 2094 5174 3694 5267">
     <span class='ocr_line' id='line_1_109' title="bbox 2094 5174 3694 5267; baseline -0.003 -21"><span class='ocrx_word' id='word_1_759' title='bbox 2094 5174 2758 5267; x_wconf 56' lang='grc' dir='ltr'><strong>νέῑάυιέιβῑᾲφζέίέιίίιέ,</strong></span> <span class='ocrx_word' id='word_1_760' title='bbox 2791 5174 2972 5260; x_wconf 71' lang='grc' dir='ltr'>ἰιιιοά</span> <span class='ocrx_word' id='word_1_761' title='bbox 3021 5200 3151 5267; x_wconf 81' lang='lat' dir='ltr'><strong>esse</strong></span> <span class='ocrx_word' id='word_1_762' title='bbox 3187 5187 3580 5267; x_wconf 72' lang='lat' dir='ltr'><strong>saecularibus,</strong></span> <span class='ocrx_word' id='word_1_763' title='bbox 3612 5174 3694 5267; x_wconf 58' lang='lat' dir='ltr'><strong>(illi)</strong></span> 
     </span>
    </p>
   </div>
   <div class='ocr_carea' id='block_1_110' title="bbox 2092 5256 3689 5333">
    <p class='ocr_par' dir='ltr' id='par_1_110' title="bbox 2092 5256 3689 5333">
     <span class='ocr_line' id='line_1_110' title="bbox 2092 5256 3689 5333; baseline -0.003 -16"><span class='ocrx_word' id='word_1_764' title='bbox 2092 5256 2250 5333; x_wconf 58' lang='lat' dir='ltr'><strong>piis,&quot;</strong></span> <span class='ocrx_word' id='word_1_765' title='bbox 2287 5256 2624 5319; x_wconf 82' lang='lat' dir='ltr'><strong>hominibus</strong></span> <span class='ocrx_word' id='word_1_766' title='bbox 2678 5256 2979 5333; x_wconf 75' lang='lat' dir='ltr'><strong>acceptum</strong></span> <span class='ocrx_word' id='word_1_767' title='bbox 3015 5259 3520 5333; x_wconf 76' lang='lat' dir='ltr'><strong>scirent,_mit_tere</strong></span> <span class='ocrx_word' id='word_1_768' title='bbox 3548 5256 3689 5333; x_wconf 68' lang='lat' dir='ltr'><strong>suctjj</strong></span> 
     </span>
    </p>
   </div>
   <div class='ocr_carea' id='block_1_111' title="bbox 367 5319 3691 5404">
    <p class='ocr_par' dir='ltr' id='par_1_111' title="bbox 367 5319 3691 5404">
     <span class='ocr_line' id='line_1_111' title="bbox 367 5319 3691 5404; baseline -0.004 -12"><span class='ocrx_word' id='word_1_769' title='bbox 367 5319 583 5392; x_wconf 68' lang='lat' dir='ltr'><strong>verum</strong></span> <span class='ocrx_word' id='word_1_770' title='bbox 612 5334 710 5390; x_wconf 89' lang='lat' dir='ltr'><strong>ubi</strong></span> <span class='ocrx_word' id='word_1_771' title='bbox 743 5348 805 5389; x_wconf 91' lang='lat' dir='ltr'><strong>ea</strong></span> <span class='ocrx_word' id='word_1_772' title='bbox 831 5319 949 5404; x_wconf 63' lang='lat' dir='ltr'><strong>erat</strong></span> <span class='ocrx_word' id='word_1_773' title='bbox 985 5330 1338 5404; x_wconf 81' lang='lat' dir='ltr'><strong>benedictio?</strong></span> <span class='ocrx_word' id='word_1_774' title='bbox 1372 5330 1471 5404; x_wconf 78' lang='lat' dir='ltr'><strong>vel</strong></span> <span class='ocrx_word' id='word_1_775' title='bbox 1511 5319 1761 5404; x_wconf 77' lang='lat' dir='ltr'><strong>intelligi</strong></span> <span class='ocrx_word' id='word_1_776' title='bbox 1795 5319 2006 5404; x_wconf 67' lang='lat' dir='ltr'><strong>pdtest,</strong></span> <span class='ocrx_word' id='word_1_777' title='bbox 2090 5319 2374 5391; x_wconf 76' lang='lat' dir='ltr'><strong>inoriiales</strong></span> <span class='ocrx_word' id='word_1_778' title='bbox 2405 5334 2511 5388; x_wconf 75' lang='lat' dir='ltr'><strong>illae</strong></span> <span class='ocrx_word' id='word_1_779' title='bbox 2544 5333 2802 5404; x_wconf 86' lang='lat' dir='ltr'><strong>virgines</strong></span> <span class='ocrx_word' id='word_1_780' title='bbox 2821 5319 3118 5404; x_wconf 68' lang='lat' dir='ltr'><strong>solebant.</strong></span> <span class='ocrx_word' id='word_1_781' title='bbox 3155 5319 3256 5404; x_wconf 70' lang='lat' dir='ltr'><strong>Sic</strong></span> <span class='ocrx_word' id='word_1_782' title='bbox 3274 5328 3345 5387; x_wconf 77' lang='grc'><strong>26</strong></span> <span class='ocrx_word' id='word_1_783' title='bbox 3376 5326 3614 5388; x_wconf 78' lang='lat' dir='ltr'><strong>Januarii</strong></span> <span class='ocrx_word' id='word_1_784' title='bbox 3649 5319 3691 5404; x_wconf 68' lang='lat' dir='ltr'><strong>ill</strong></span> 
     </span>
    </p>
   </div>
   <div class='ocr_carea' id='block_1_112' title="bbox 372 5402 2005 5471">
    <p class='ocr_par' dir='ltr' id='par_1_112' title="bbox 372 5402 2005 5471">
     <span class='ocr_line' id='line_1_112' title="bbox 372 5402 2005 5471; baseline -0.004 -8"><span class='ocrx_word' id='word_1_785' title='bbox 372 5409 439 5463; x_wconf 88' lang='lat' dir='ltr'><strong>ut</strong></span> <span class='ocrx_word' id='word_1_786' title='bbox 470 5416 534 5461; x_wconf 87' lang='lat' dir='ltr'><strong>se</strong></span> <span class='ocrx_word' id='word_1_787' title='bbox 564 5404 759 5462; x_wconf 82' lang='lat' dir='ltr'><strong>tulisse</strong></span> <span class='ocrx_word' id='word_1_788' title='bbox 800 5418 868 5460; x_wconf 88' lang='lat' dir='ltr'><strong>eo</strong></span> <span class='ocrx_word' id='word_1_789' title='bbox 899 5402 1361 5458; x_wconf 87' lang='lat' dir='ltr'><strong>benedictionem</strong></span> <span class='ocrx_word' id='word_1_790' title='bbox 1394 5402 1692 5465; x_wconf 86' lang='lat' dir='ltr'><strong>dicat,sive</strong></span> <span class='ocrx_word' id='word_1_791' title='bbox 1723 5402 2005 5471; x_wconf 77' lang='lat' dir='ltr'><strong>eulogias,</strong></span> 
     </span>
    </p>
   </div>
   <div class='ocr_carea' id='block_1_113' title="bbox 371 5472 1999 5544">
    <p class='ocr_par' dir='ltr' id='par_1_113' title="bbox 371 5472 1999 5544">
     <span class='ocr_line' id='line_1_113' title="bbox 371 5472 1999 5544; baseline -0.001 -12"><span class='ocrx_word' id='word_1_792' title='bbox 371 5477 431 5532; x_wconf 88' lang='lat' dir='ltr'><strong>id</strong></span> <span class='ocrx_word' id='word_1_793' title='bbox 471 5485 575 5542; x_wconf 90' lang='lat' dir='ltr'><strong>est,</strong></span> <span class='ocrx_word' id='word_1_794' title='bbox 612 5489 785 5544; x_wconf 86' lang='lat' dir='ltr'><strong>panes</strong></span> <span class='ocrx_word' id='word_1_795' title='bbox 821 5488 983 5530; x_wconf 79' lang='lat' dir='ltr'><strong>resve</strong></span> <span class='ocrx_word' id='word_1_796' title='bbox 1021 5473 1186 5537; x_wconf 82' lang='lat' dir='ltr'><strong>alias,</strong></span> <span class='ocrx_word' id='word_1_797' title='bbox 1223 5473 1309 5529; x_wconf 89' lang='lat' dir='ltr'><strong>vel</strong></span> <span class='ocrx_word' id='word_1_798' title='bbox 1343 5490 1372 5529; x_wconf 91' lang='lat' dir='ltr'><strong>a</strong></span> <span class='ocrx_word' id='word_1_799' title='bbox 1405 5472 1796 5544; x_wconf 83' lang='lat' dir='ltr'><strong>sacerdotibus</strong></span> <span class='ocrx_word' id='word_1_800' title='bbox 1831 5473 1999 5530; x_wconf 87' lang='lat' dir='ltr'><strong>bene-</strong></span> 
     </span>
    </p>
   </div>
   <div class='ocr_carea' id='block_1_114' title="bbox 2090 5400 3690 5475">
    <p class='ocr_par' dir='ltr' id='par_1_114' title="bbox 2090 5400 3690 5475">
     <span class='ocr_line' id='line_1_114' title="bbox 2090 5400 3690 5475; baseline -0.004 -13"><span class='ocrx_word' id='word_1_801' title='bbox 2090 5405 2215 5462; x_wconf 81' lang='lat' dir='ltr'><strong>Vita</strong></span> <span class='ocrx_word' id='word_1_802' title='bbox 2338 5404 2620 5461; x_wconf 82' lang='lat' dir='ltr'><strong>Bathildis</strong></span> <span class='ocrx_word' id='word_1_803' title='bbox 2643 5400 2794 5475; x_wconf 68' lang='lat' dir='ltr'><strong>&#39;cap.</strong></span> <span class='ocrx_word' id='word_1_804' title='bbox 2859 5402 2914 5464; x_wconf 92' lang='lat'><strong>3.</strong></span> <span class='ocrx_word' id='word_1_805' title='bbox 2948 5416 3112 5475; x_wconf 77' lang='lat' dir='ltr'><strong>num.</strong></span> <span class='ocrx_word' id='word_1_806' title='bbox 3145 5400 3240 5475; x_wconf 67' lang='grc'><strong>12,</strong></span> <span class='ocrx_word' id='word_1_807' title='bbox 3283 5421 3306 5453; x_wconf 76' lang='grc' dir='ltr'><strong>ι</strong></span> <span class='ocrx_word' id='word_1_808' title='bbox 3342 5412 3405 5460; x_wconf 83' lang='grc' dir='ltr'><strong>ιιι</strong></span> <span class='ocrx_word' id='word_1_809' title='bbox 3443 5413 3499 5460; x_wconf 86' lang='lat' dir='ltr'><strong>et</strong></span> <span class='ocrx_word' id='word_1_810' title='bbox 3535 5402 3690 5475; x_wconf 55' lang='lat' dir='ltr'><strong>regem</strong></span> 
     </span>
    </p>
   </div>
   <div class='ocr_carea' id='block_1_115' title="bbox 2090 5464 3688 5549">
    <p class='ocr_par' dir='ltr' id='par_1_115' title="bbox 2090 5464 3688 5549">
     <span class='ocr_line' id='line_1_115' title="bbox 2090 5464 3688 5549; baseline -0.005 -15"><span class='ocrx_word' id='word_1_811' title='bbox 2090 5485 2153 5549; x_wconf 77' lang='lat' dir='ltr'><strong>et</strong></span> <span class='ocrx_word' id='word_1_812' title='bbox 2167 5477 2432 5549; x_wconf 83' lang='lat' dir='ltr'><strong>reginam</strong></span> <span class='ocrx_word' id='word_1_813' title='bbox 2463 5464 2818 5549; x_wconf 67' lang='lat' dir='ltr'><strong>etproeer&#39;es</strong></span> <span class='ocrx_word' id='word_1_814' title='bbox 2846 5473 3141 5546; x_wconf 84' lang='lat' dir='ltr'><strong>condigno</strong></span> <span class='ocrx_word' id='word_1_815' title='bbox 3163 5464 3386 5532; x_wconf 80' lang='lat' dir='ltr'><strong>honore</strong></span> <span class='ocrx_word' id='word_1_816' title='bbox 3411 5487 3544 5532; x_wconf 89' lang='lat' dir='ltr'><strong>cum</strong></span> <span class='ocrx_word' id='word_1_817' title='bbox 3563 5464 3688 5528; x_wconf 75' lang='lat' dir='ltr'><strong>eulo-</strong></span> 
     </span>
    </p>
   </div>
   <div class='ocr_carea' id='block_1_116' title="bbox 372 5543 3016 5620">
    <p class='ocr_par' dir='ltr' id='par_1_116' title="bbox 372 5543 3016 5620">
     <span class='ocr_line' id='line_1_116' title="bbox 372 5543 3016 5620; baseline 0 -17"><span class='ocrx_word' id='word_1_818' title='bbox 372 5547 553 5603; x_wconf 82' lang='lat' dir='ltr'><strong>dictas</strong></span> <span class='ocrx_word' id='word_1_819' title='bbox 585 5543 746 5601; x_wconf 85' lang='lat' dir='ltr'><strong>statis</strong></span> <span class='ocrx_word' id='word_1_820' title='bbox 778 5544 1052 5620; x_wconf 77' lang='lat' dir='ltr'><strong>Ecclesiae</strong></span> <span class='ocrx_word' id='word_1_821' title='bbox 1112 5543 1564 5620; x_wconf 76' lang='lat' dir='ltr'><strong>precationibus,</strong></span> <span class='ocrx_word' id='word_1_822' title='bbox 1620 5543 1708 5599; x_wconf 88' lang='lat' dir='ltr'><strong>vel</strong></span> <span class='ocrx_word' id='word_1_823' title='bbox 1749 5546 1911 5620; x_wconf 82' lang='lat' dir='ltr'><strong>quod</strong></span> <span class='ocrx_word' id='word_1_824' title='bbox 1967 5562 1998 5603; x_wconf 75' lang='grc' dir='ltr'>ει</span> <span class='ocrx_word' id='word_1_825' title='bbox 2084 5547 2193 5620; x_wconf 89' lang='lat' dir='ltr'><strong>giis</strong></span> <span class='ocrx_word' id='word_1_826' title='bbox 2224 5543 2457 5617; x_wconf 66' lang='lat' dir='ltr'><strong>semper</strong></span> <span class='ocrx_word' id='word_1_827' title='bbox 2490 5543 2814 5617; x_wconf 80' lang='lat' dir='ltr'><strong>visitarent,</strong></span> <span class='ocrx_word' id='word_1_828' title='bbox 2845 5567 2868 5599; x_wconf 75' lang='grc' dir='ltr'><strong>ι</strong></span> <span class='ocrx_word' id='word_1_829' title='bbox 2904 5555 3016 5606; x_wconf 82' lang='lat' dir='ltr'><strong>etc.</strong></span> 
     </span>
    </p>
   </div>
   <div class='ocr_carea' id='block_1_117' title="bbox 373 5613 2002 5688">
    <p class='ocr_par' dir='ltr' id='par_1_117' title="bbox 373 5613 2002 5688">
     <span class='ocr_line' id='line_1_117' title="bbox 373 5613 2002 5688; baseline 0.001 -15"><span class='ocrx_word' id='word_1_830' title='bbox 373 5622 705 5679; x_wconf 82' lang='lat' dir='ltr'><strong>sanctarum</strong></span> <span class='ocrx_word' id='word_1_831' title='bbox 741 5614 1031 5684; x_wconf 78' lang='lat' dir='ltr'><strong>virginum</strong></span> <span class='ocrx_word' id='word_1_832' title='bbox 1086 5614 1355 5675; x_wconf 86' lang='lat' dir='ltr'><strong>manibus</strong></span> <span class='ocrx_word' id='word_1_833' title='bbox 1412 5613 1689 5680; x_wconf 88' lang='lat' dir='ltr'><strong>venirent,</strong></span> <span class='ocrx_word' id='word_1_834' title='bbox 1749 5613 2002 5688; x_wconf 81' lang='lat' dir='ltr'><strong>benigne</strong></span> 
     </span>
    </p>
   </div>
  </div>
