3954 6146
234 292 411 360 1217

1434 294 1623 361 ἮΤΑ
1666 296 1743 360 S.
1775 293 2030 361 JAGOBI
2073 293 2446 359 MONACHI.

3471 298 3622 366 1218

223 451 338 491 τος
386 429 644 507 γένωμαι’
696 428 824 487 Τότε
870 426 1288 508 σπλαγχνισθεὶς
1345 430 1651 506 εἰσήνεγκεν
1707 432 1888 502 αὒτήψ

1999 428 2185 506 praeda
2206 427 2455 493 efficiar.
2489 428 2596 492 His
2648 426 2829 507 igitur
2884 428 3082 493 verbis
3130 429 3231 494 ille
3256 443 3617 512 commotus,

225 517 342 573 καί
390 518 639 595 παραθεὶς
684 516 819 594 αὐτῇ
862 516 1058 594 ἄρτον,
1095 516 1189 573 καῖ
1222 517 1382 592 ἅλας,
1443 520 1530 574 καὶ
1573 518 1733 595 ὕδωρ,
1780 523 1894 577 εἰσ-

227 604 415 664 ελθὼν
461 608 617 673 αὗτὸς
662 607 715 664 ἐν
760 608 838 683 τῷ
874 606 1122 686 ἀνωτέρῳ
1165 607 1381 683 κελλίῳ,
1449 608 1744 667 ἐνέκλεισεν
1800 615 1895 671 αὒ-

224 696 364 771 τὸν,
423 697 752 773 καταλείψας
807 698 908 764 τὴν
962 711 1197 775 γυκαϊκα
1254 700 1311 754 ἒν
1361 705 1437 773 τῷ
1484 697 1722 779 ἐξωτέρῳ
1764 701 1894 760 κελ-

228 783 368 859 λίῳ.

329 863 436 949 ζ’.
472 866 534 933 Ἠ
566 874 621 932 δὲ
678 874 850 943 έδοξεν
907 876 1038 956 πρὸς
1095 876 1276 955 ὀλίγον
1321 877 1545 954 ἠρεμεῖν
1582 896 1596 910 ·
1643 880 1729 936 καὶ
1761 879 1896 956 μετὰ

228 973 412 1023 ταῦτα
445 963 674 1039 ἀναϐοᾷν
705 964 919 1046 ἤρξατο,
981 968 1069 1025 καὶ
1128 967 1498 1047 ὀλοφυρομένη
1541 968 1896 1047 προσράσσειν

232 1056 445 1123 ἑαυτὴν
490 1063 558 1133 τῇ
600 1056 753 1136 θύρᾳ,
814 1059 898 1114 καὶ
950 1057 1086 1131 μετὰ
1126 1059 1333 1134 θρήνων
1386 1057 1759 1117 ἐπικαλεῖσθαι
1802 1061 1896 1116 τὸν

233 1144 427 1223 ἅγιον.
478 1147 575 1203 Καὶ
637 1142 703 1215 δὴ
746 1148 1065 1226 παρακύψας
1110 1144 1195 1204 διά
1236 1151 1335 1215 τῆς
1379 1146 1596 1226 θυρίδος,
1658 1152 1746 1205 καὶ
1774 1147 1895 1206 ἰδὼν

233 1234 418 1303 αὐτὴν
459 1234 829 1315 συνεχομένην
871 1238 959 1294 καὶ
1003 1239 1076 1302 ὡς
1136 1236 1190 1293 ἐν
1248 1235 1423 1313 πολλῇ
1484 1236 1639 1315 ὀδύνῃ
1710 1238 1891 1318 οὖσαν,

234 1323 305 1380 ἐν
348 1325 630 1408 ἀμηχανίᾳ
686 1327 965 1407 περιέστη,
1010 1327 1060 1384 τί
1103 1325 1164 1383 ἂν
1201 1325 1349 1383 εἴποι
1394 1330 1552 1408 αὐτῇ,
1585 1328 1620 1396 ἢ
1653 1328 1703 1384 τί
1731 1330 1895 1398 ποιή-

235 1437 329 1472 σει
374 1419 530 1490 αὐτῇ.
582 1406 644 1471 Ἠ
691 1413 743 1471 δὲ
788 1415 933 1495 λέγει
954 1406 1092 1494 πρδς
1129 1417 1287 1476 αὐτόν
1323 1434 1338 1448 ⁸
1381 1406 1581 1493 Δέομαί
1624 1440 1739 1490 σου,
1773 1418 1895 1475 ἐπί-

234 1502 451 1582 ϐλεψον
483 1506 556 1568 εἰς
616 1503 712 1579 ἐμὲ
769 1506 858 1562 καὶ
887 1506 1178 1584 σφράγισόν
1210 1527 1300 1582 με,
1335 1506 1415 1564 ὅτι
1449 1506 1709 1585 καρδιακῇ
1740 1506 1895 1585 ὀδύνῃ

238 1594 574 1675 συνέχομαι.
622 1602 797 1652 Ταῦτα
848 1594 1075 1661 ἀκούσας
1130 1594 1369 1672 ἐξῆλθεν,
1416 1598 1504 1653 καὶ
1578 1597 1745 1676 πυρὰν
1789 1618 1893 1673 με-

1982 538 2112 585 eam
2141 518 2214 580 ad
2274 536 2339 580 se
2398 518 2745 593 introduxit,
2806 537 3142 600 panemque
3202 529 3259 583 et
3290 539 3502 603 aquam
3534 524 3625 587 illi

1981 608 2257 689 apposuit
2294 628 2308 669 :
2363 617 2422 670 et
2472 608 2817 670 interiorem
2851 610 3064 672 cellam
3096 610 3422 690 ingressus,
3457 612 3627 693 seip-

1979 716 2114 759 sum
2146 697 2270 761 illic
2300 697 2567 776 inclusit,
2603 698 2857 762 muliere
2886 699 2947 762 in
2988 701 3287 766 exteriore
3325 702 3480 765 cella
3509 702 3623 766 de-

1979 787 2212 851 relicta.
2748 837 2752 842 .
2888 798 2889 801 η

2058 875 2155 940 VI.
2195 877 2300 941 Illa
2360 894 2500 942 vero
2558 899 2693 944 cum
2746 879 2947 943 cibum
3004 881 3383 961 sumpsisset,
3438 882 3626 945 voluit

1982 968 2288 1049 paulisper
2320 972 2659 1049 quiescere.
2695 972 2907 1033 Postea
2958 972 3140 1051 coepit
3188 972 3528 1049 vociferari,
3563 985 3627 1034 et.

1982 1076 2117 1121 cum
2152 1058 2434 1120 lamentis
2464 1059 2537 1120 ad
2589 1059 2836 1139 januam
2886 1078 2950 1122 se
2982 1060 3271 1139 dejicere,
3309 1061 3625 1141 virumque

1981 1157 2257 1210 sanctum
2288 1149 2640 1228 implorare.
2688 1148 2795 1211 Ille
2846 1167 2994 1212 vero
3027 1170 3059 1213 e
3088 1151 3350 1214 fenestra
3382 1152 3622 1234 prospi-

1981 1238 2171 1312 ciens,
2206 1258 2462 1317 eamque
2513 1238 2720 1300 videns
2769 1240 3061 1320 angustiis
3109 1248 3169 1303 et
3200 1244 3384 1303 multo
3414 1241 3624 1306 dolore

1980 1345 2409 1409 compressam,
2469 1328 2779 1390 dubitabat
2833 1328 3119 1409 quidnam
3168 1330 3223 1392 ei
3259 1330 3487 1393 diceret
3519 1340 3623 1394 aut

1979 1417 2223 1481 faceret.
2258 1417 2428 1480 Tunc
2460 1418 2582 1493 illa,
2633 1420 2858 1480 Precor
2909 1428 2987 1495 te,
3022 1419 3238 1499 inquit,
3272 1429 3338 1481 ut
3366 1439 3463 1483 me
3492 1440 3623 1483 res-

1981 1507 2184 1587 picias,
2217 1518 2275 1569 et
2332 1508 2501 1585 signo
2559 1514 2757 1569 crucis
2812 1508 3069 1583 munias,
3101 1509 3382 1584 quoniam
3417 1511 3625 1573 dolore

1978 1598 2180 1659 cordis
2212 1598 2541 1679 opprimor.
2578 1597 2681 1662 His
2715 1597 2814 1659 ille
2861 1597 3080 1660 auditis
3134 1599 3296 1675 exiit,
3333 1608 3392 1661 et
3424 1601 3624 1662 statim

238 1684 422 1763 γάλην
479 1684 713 1760 ἀνάψας,
766 1686 1116 1763 παρεκάθισεν
1174 1686 1362 1759 αὐτὴν,
1412 1687 1496 1743 καὶ
1543 1687 1641 1753 τὴν
1676 1687 1888 1765 ἀριστε-

1999 1706 2111 1765 gne
2150 1688 2333 1749 multo
2385 1705 2665 1763 accenso,
2729 1706 2915 1769 prope
2972 1687 3289 1750 mulierem
3342 1688 3522 1765 sedit,
3552 1707 3626 1751 ac

237 1775 342 1852 ρὰν
370 1776 531 1831 αὐτοῦ
575 1787 740 1855 χεῖρα
772 1773 1027 1845 ἐπιδήσας
1059 1782 1135 1851 τῷ
1180 1779 1334 1855 πυρὶ,
1395 1782 1464 1853 τῇ
1495 1774 1637 1849 δεξιᾷ
1666 1776 1888 1835 ὑπαλεί-

1999 1777 2215 1839 ιὶηἱειιιο
2246 1796 2424 1839 manu
2451 1777 2575 1856 igni
2601 1776 2861 1878 adgnata,
2896 1777 3140 1876 dextera
3160 1794 3396 1841 sacrum
3422 1779 3624 1843 oleum

239 1886 360 1943 (ρων
419 1864 480 1921 ἐκ
534 1872 627 1922 τοῦ
682 1864 863 1922 ἒλαίου
921 1867 1025 1921 τῶν
1068 1866 1233 1944 ἁγίων
1277 1864 1552 1945 ἐπυρίαζεν
1600 1866 1763 1934 αὐτὴν
1810 1865 1888 1925 διὰ

1999 1864 2255 1946 ιυῐηρεὶι,
2291 1872 2352 1927 et
2375 1883 2506 1927 eam
2540 1864 2870 1935 calefacere
2916 1865 3097 1945 coepit
3127 1867 3382 1945 propriae
3409 1884 3625 1930 manus

237 1956 346 2020 τῆς
400 1952 724 2031 θερμότητος
784 1960 892 2010 τῶν
953 1960 1152 2034 χειρῶν
1209 1954 1403 2035 αὖτοῦ,
1454 1956 1888 2035 κατασφραγὶςων

1999 1952 2199 2029 :alore,
2235 1973 2431 2035 neque
2464 1953 2776 2017 desinebat
2808 1955 2941 2034 ejus
2985 1962 3189 2034 pectus
3224 1954 3423 2017 crucis
3452 1955 3623 2033 signo

243 2042 410 2109 αὐτὴν
461 2050 702 2123 συνεχῶς
781 2043 867 2101 ἐπὶ
923 2052 1017 2102 τοῦ
1091 2045 1338 2115 στήθους.
1391 2034 1455 2101 Ἠ
1499 2045 1555 2103 δὲ
1614 2034 1681 2121 τῇ
1726 2046 1888 2118 οἰκείᾳ

1999 2044 2232 2106 nunire.
2270 2034 2376 2107 llla
2418 2043 2603 2124 igitur
2633 2043 3023 2127 impudentiae
3051 2044 3309 2106 stimulis
3338 2043 3621 2125 impulsa,

240 2131 481 2207 ἀναιδείᾳ
532 2132 826 2214 φερομένη,
885 2131 1186 2210 βουλομένη
1244 2156 1302 2190 τε
1361 2137 1521 2195 αὐτὸν
1578 2133 1891 2214 παγιδεῦσαι

240 2222 333 2278 καὶ
390 2222 462 2286 εἷς
523 2223 801 2297 ἐπιθυμίαν
891 2220 1090 2280 ἄτοπον
1163 2223 1410 2303 ἀγαγεῖν,
1485 2222 1630 2303 λέγει
1698 2229 1840 2298 αὗτῷ
1872 2242 1886 2257 ⁶

249 2310 452 2387 Δέομαί
508 2334 625 2383 σου,
684 2311 904 2388 ἄλειψόν
982 2334 1083 2388 μου
1157 2312 1242 2370 ἐπὶ
1302 2312 1437 2370 πολὺ
1490 2316 1590 2380 τὴν
1650 2313 1886 2392 καρδίαν,

243 2399 394 2465 ὅπως
452 2407 632 2478 παύσῃ
691 2404 725 2470 ἡ
797 2402 1096 2483 συνέχουσά
1162 2425 1228 2479 με
1285 2402 1464 2471 ὀδύνη.
1518 2396 1575 2463 εΟ
1619 2402 1675 2460 δὲ
1713 2403 1886 2482 ἅγιος,

242 2492 385 2548 κατᾶ
438 2491 537 2558 τὴν
599 2493 896 2566 προσοῦσαν
927 2496 1086 2553 αὐτοῦ
1146 2491 1451 2570 ἁπλότητα,
1510 2494 1676 2551 εἴκων
1732 2496 1887 2575 αὐτῇ,

239 2583 308 2639 τὰ
353 2582 484 2662 πρὸς
534 2584 812 2661 θεραπείαν
858 2582 1021 2651 αὐτῆς
1071 2582 1309 2641 ἐπετέλει
1342 2601 1356 2616 ⁸
1399 2583 1509 2659 ἅμα
1553 2583 1607 2641 δὲ
1667 2587 1751 2642 καὶ
1792 2586 1888 2649 τὰς

239 2670 441 2752 τέχνας
512 2678 602 2729 τοῦ
658 2674 898 2748 Πονηροῦ
955 2673 1335 2753 ἒπιστάμενος,
1399 2675 1488 2730 καὶ
1539 2673 1742 2747 δεδιὼς,
1808 2677 1886 2748 μή

238 2767 354 2824 πῶς
412 2760 473 2817 ἐκ
514 2764 610 2830 τῆς
656 2759 862 2828 πολλῆς
909 2762 980 2826 εἰς
1028 2764 1193 2831 αὐτὴν
1238 2758 1563 2838 συμπαθείας
1629 2764 1886 2821 ἀθάνατον

242 2850 415 2925 ἑαυτῷ
443 2850 714 2908 ἀσθένειαν
756 2852 1044 2931 ἒπαγάγοι,
1081 2851 1165 2910 ἐπὶ
1196 2851 1285 2910 δύο
1315 2852 1351 2921 ἢ
1409 2855 1493 2911 καὶ
1556 2866 1701 2932 τρεῖς
1746 2853 1884 2932 ὥρας

243 2940 410 3006 οὕτως
452 2940 682 3020 ἀφειδῶς
740 2941 838 3010 τὴν
886 2941 1165 3021 ἀριστερὰν
1212 2957 1379 3023 χεῖρα
1410 2951 1485 3019 τῷ
1536 2947 1659 3023 πυρὶ
1718 2967 1888 3023 προσ-

1972 2152 2108 2196 cum
2141 2133 2385 2197 irretire
2418 2153 2554 2196 eum
2588 2134 2789 2211 vellet,
2829 2143 2887 2196 et
2921 2137 2981 2195 in
3017 2141 3251 2214 turpem
3306 2133 3624 2200 libidinem

1976 2224 2299 2299 concitare,
2332 2224 2520 2304 Rogo,
2556 2223 2767 2305 inquit,
2804 2231 2860 2286 te
2891 2225 3111 2286 diutius
3140 2243 3247 2286 cor
3277 2243 3477 2289 meum
3506 2243 3623 2288 un-

1974 2333 2100 2392 gas,
2134 2323 2199 2377 ut
2253 2314 2448 2391 dolor,
2513 2316 2614 2396 qui
2674 2334 2766 2378 me
2814 2315 3176 2396 comprimit,
3198 2315 3323 2394 jam
3356 2314 3617 2380 desinat.

1973 2403 2105 2486 Ille,
2139 2423 2273 2483 quae
2302 2404 2432 2484 ejus
2497 2413 2623 2467 erat
2653 2404 3304 2484 simplicitas,mulieri
3334 2406 3612 2482 credens,

1973 2513 2227 2575 quaeque
2288 2494 2359 2556 ad
2407 2513 2538 2557 eam
2599 2494 2923 2557 curandam
2979 2495 3381 2576 pertinebant,
3415 2505 3619 2560 atten-

1973 2584 2146 2665 dens,
2176 2584 2477 2665 simulque
2508 2584 2781 2647 fraudem
2814 2585 2977 2665 pravi
3009 2583 3297 2646 daemonis
3327 2587 3527 2650 sciens
3549 2606 3619 2651 ac

1974 2682 2356 2750 metuens,ne
2387 2674 2541 2737 forte
2566 2693 2633 2736 ex
2671 2675 2853 2736 multa
2888 2674 2949 2736 in
2975 2692 3104 2735 eam
3139 2676 3618 2740 commiseratio-

1972 2783 2048 2825 ne
2070 2764 2498 2845 sempiternam
2528 2764 2943 2827 infirmitatem
2970 2764 3085 2827 sibi
3116 2765 3621 2841 aiferret,duabus

1970 2854 2063 2916 vel
2094 2854 2288 2916 tribus
2320 2854 2487 2916 horis
2517 2863 2864 2917 constanter
2894 2854 3198 2916 sinistram
3260 2874 3502 2918 manum
3555 2858 3621 2920 in

1970 2945 2171 3025 ignem
2205 2944 2491 3023 injectam
2523 2945 2807 3018 detinuit,
2844 2945 2925 3005 ita
2946 2953 3010 3005 ut
3032 2943 3352 3023 digitorum
3377 2964 3621 3028 compa-

245 3029 414 3110 φέρων
475 3030 826 3111 ἐνεκαρτέρει,
870 3030 1031 3111 ἄχρις
1077 3034 1137 3087 οὕ
1207 3034 1260 3089 αἱ
1319 3033 1565 3110 ἁρμονίαι
1625 3035 1730 3092 τῶν
1789 3035 1888 3103 τῆς

1999 3052 2073 3103 :es
2104 3032 2429 3095 combustae
2451 3032 2818 3098 deciderint.
2856 3034 2983 3096 Hoc
3006 3032 3108 3094 ille
3132 3032 3388 3096 faciebat
3410 3045 3622 3101 contra

244 3122 427 3199 χειρὸς
460 3122 728 3181 δακτύλων
765 3125 1049 3181 καυθεϊσαι
1084 3121 1385 3187 ἀπέπεσαν.
1446 3133 1609 3184 Τοῦτο
1652 3122 1707 3181 δὲ
1767 3138 1888 3188 ταῖς

1974 3123 2299 3186 diabolicas
2331 3125 2638 3185 machinas
2668 3122 3027 3195 militans,nt
3059 3130 3304 3203 propter
3327 3125 3621 3190 intolera-

241 3206 578 3273 διαϐολικαϊς
661 3223 947 3293 μηχαναῖς
1042 3211 1575 3293 ἀντιστρατευόμενος
1675 3214 1840 3271 ἐποίει
1871 3263 1886 3294 ,

1999 3214 2159 3276 »ἰιθηι
2184 3212 2351 3275 illum
2373 3212 2641 3276 dolorem
2667 3232 2738 3275 ex
2773 3212 2925 3292 ignis
2953 3199 3193 3275 flamma
3225 3206 3619 3293 preﬁciscen-

243 3301 383 3356 ὥστε
443 3300 597 3358 αὐτὸν
680 3299 765 3357 διὰ
824 3303 923 3371 τῆς
982 3300 1043 3358 ἐκ
1092 3308 1185 3361 τοῦ
1240 3304 1405 3381 πυρὸς
1467 3305 1889 3383 προσγινομένης

244 3390 388 3464 αὖτῷ
420 3389 689 3469 ἀφορήτου
719 3391 929 3473 ὀδύνης,
978 3395 1055 3468 μή
1113 3415 1231 3451 τινα
1283 3394 1543 3460 κακίστη)
1576 3393 1780 3452 ’έννοιαν
1824 3400 1891 3471 τῇ

242 3476 428 3558 καρδίᾳ
457 3481 619 3538 αὒτοῦ
648 3480 1005 3540 ὑπεισελθεϊν.

323 3569 408 3633 Ζ¹,
473 3561 534 3627 Ἠ
579 3568 655 3648 δὲ,
709 3573 768 3629 τὸ
812 3570 1103 3651 παράδοξον
1147 3573 1350 3648 ἰδοῦσα,
1400 3574 1487 3631 καὶ
1515 3576 1571 3630 ἒν
1605 3575 1768 3652 ἑαυτῇ
1799 3595 1888 3653 γε·

245 3659 445 3737 νομὲνη
505 3659 670 3744 (ἐώρα
714 3662 809 3742 γὰρ
849 3663 949 3730 τὴν
1007 3677 1172 3743 χεῖρα
1214 3670 1308 3721 τοῦ
1350 3665 1501 3744 ἁγίου
1542 3670 1713 3727 πᾶσαν
1747 3687 1884 3745 σχε-

242 3748 331 3807 δὸν
389 3751 489 3808 ὑπὸ
546 3752 708 3830 πυρὸς
768 3750 1219 3835 δαπανηθεϊσαν),
1302 3752 1602 3835 δακρύσασα
1673 3757 1883 3835 πικρὸν,

240 3841 329 3898 καὶ
410 3839 703 3906 στενάξασα
777 3838 969 3922 δεινὸν,
1052 3857 1169 3908 τοῖς
1231 3846 1359 3902 ποσὶ
1425 3845 1726 3925 προσέπεσε
1798 3852 1889 3902 τοῦ

240 3930 415 4009 ἁγίου,
449 3932 538 3990 καὶ
565 3943 687 3996 ταῖς
719 3933 906 4012 χερσὶν
945 3934 1109 4003 αὐτῆς
1159 3935 1217 3992 τὸ
1250 3932 1386 3993 ἴδιον
1444 3936 1711 3995 τύπτουσα
1747 3940 1886 4005 στῆο

239 4024 353 4095 θος,
382 4018 509 4078 ἐϐόα
543 4041 557 4057 ·
607 4022 772 4098 Οἵμοι
822 4028 885 4098 τῇ
928 4023 1081 4096 ἆθλίᾳ
1130 4026 1218 4081 καὶ
1270 4024 1674 4105 ὲσκοτισμένηί
1737 4027 1887 4102 οἶμοι

240 4109 322 4167 ὅτι
381 4109 708 4190 κατάϐρωμά
770 4113 879 4188 εἰμι
930 4115 1025 4170 τοῦ
1088 4115 1297 4172 αἰωνίου
1350 4116 1559 4193 πυρόςί
1613 4116 1762 4193 οἵμοι
1808 4114 1888 4173 ὅτι

244 4199 322 4259 δο.
426 4202 436 4223 ν
544 4202 557 4225 ν
745 4204 772 4241 τι
829 4200 853 4221 ’κ
963 4206 972 4225 ι
1169 4195 1183 4214 ε
1303 4205 1324 4237 λ
1379 4204 1402 4223 ν
1642 4207 1651 4218 ο
1796 4214 1818 4224 ..

309 4214 466 4280 ,(εἷον
517 4223 626 4278 ειμι
682 4224 774 4259 του
826 4199 1118 4263 διαϐολουί
1188 4213 1227 4262 O
1271 4203 1325 4261 δε.
1371 4228 1522 4285 αγιος
1567 4230 1696 4287 προς
1725 4228 1888 4265 ταυτα

242 4291 393 4355 ἐντὸς
453 4293 764 4370 γενόμενος,
842 4296 1001 4373 φησὶν
1070 4295 1203 4370 πρὸς
1267 4297 1433 4365 αὒτήν
1468 4313 1483 4329 ⁸
1567 4296 1885 4373 Ἀνάστηθι,

242 4382 420 4460 γύναι.
491 4382 594 4440 Καῖ
656 4382 748 4439 σὺν
794 4381 973 4460 πολλῇ
1029 4390 1098 4460 τῇ
1141 4385 1227 4460 βίᾳ
1270 4383 1333 4443 ἐκ
1373 4393 1466 4444 τοῦ
1510 4384 1724 4466 ἐδάφους
1755 4409 1888 4443 ανα-

244 4471 448 4541 στήσας
508 4471 694 4548 αὐτήν,
756 4473 845 4528 καὶ
889 4473 1061 4552 eux-iw
1106 4476 1299 4541 εκτενῆ
1344 4474 1682 4556 ἐπιτελέσας,
1742 4475 1888 4554 λέγει

1973 3312 2117 3385 tem,
2153 3302 2315 3365 nulla
2347 3304 2610 3385 pessima
2640 3302 2919 3383 cogitatio
2978 3302 3041 3363 in
3070 3304 3201 3382 ejus
3229 3304 3495 3369 animum
3524 3308 3611 3371 ir-

1972 3401 2238 3474 reparet.

2050 3571 2178 3637 VII.
2205 3573 2375 3645 Quod
2404 3591 2537 3635 cum
2563 3570 2995 3637 admirabiliter
3024 3570 3098 3633 ab
3131 3589 3200 3634 eo
3235 3572 3363 3635 ﬁeri
3391 3574 3609 3641 mulier

1971 3662 2223 3744 videret,
2248 3672 2306 3726 et
2323 3662 2452 3745 ipsa
2474 3662 2857 3744 resipisceret
2877 3661 3080 3742 (totam
3106 3662 3266 3724 enim
3289 3666 3475 3727 sancti
3496 3666 3606 3729 viri

1972 3756 2216 3815 manum
2249 3753 2374 3815 fere
2400 3753 2523 3833 igni
2545 3761 2960 3832 consumptam
2986 3751 3609 3835 videbat),lacrymans

1972 3852 2151 3924 atque
2182 3843 2588 3920 ingemiscens
2608 3842 2683 3904 ad
2707 3843 2899 3904 sancti
2926 3840 3034 3903 viri
3058 3842 3245 3922 pedes
3275 3862 3340 3905 se
3370 3844 3614 3926 dejecit,

1972 3941 2028 3996 et
2058 3934 2185 3995 suis
2216 3934 2491 3997 manibus
2525 3932 2832 4013 proprium
2866 3939 3074 4013 pectus
3110 3933 3374 4014 pulsans,
3402 3935 3620 3999 clama-

1971 4023 2072 4087 bat
2104 4041 2118 4086 :
2153 4023 2264 4087 Hei
2323 4024 2471 4085 mihi
2533 4024 2767 4085 miserae
2817 4030 2875 4085 et
2930 4024 3282 4084 excaecata!
3321 4023 3615 4104 lieimihi,

1974 4114 2131 4197 quod
2156 4114 2378 4177 diaboli
2404 4113 2775 4176 domicilium
2796 4113 2948 4175 facta
2971 4119 3123 4174 sum!
3157 4112 3298 4175 Haec
3317 4132 3450 4176 cum
3475 4133 3619 4178 san-

1975 4215 2106 4269 ctus
2133 4205 2225 4267 vir
2256 4204 2491 4266 audiret
2516 4210 2693 4284 atque
2741 4203 3219 4283 obstupesceret,
3259 4201 3470 4283 Surge,
3516 4206 3616 4268 in-

1973 4297 2125 4378 quit,
2154 4293 2527 4358 mulier.Hoc
2549 4295 2717 4367 dixit,
2745 4303 2803 4355 et
2835 4292 3160 4355 admodum
3197 4292 3552 4358 festinanter
3585 4317 3618 4361 e

1973 4387 2099 4448 solo
2131 4386 2288 4447 illam
2316 4385 2593 4459 erexit,et
2615 4393 2873 4446 attentas
2900 4401 3114 4463 preces
3144 4382 3219 4443 ad
3252 4384 3440 4448 Deum
3476 4388 3618 4450 mit-

1976 4485 2128 4550 tens,
2166 4475 2405 4549 Nuntia,
2433 4474 2648 4553 inquit,
2674 4473 2913 4545 mulier,
2946 4472 3089 4552 quid
3116 4472 3230 4533 hoc
3261 4474 3357 4536 sit.
3392 4476 3621 4557 Vixque

246 4562 382 4637 αὐτῇ
414 4581 430 4599 ·
494 4563 554 4621 Τί
611 4562 695 4620 σοί
749 4561 915 4637 ἐστιν,
972 4563 1291 4642 ἀνᾶγγειλόν
1347 4586 1460 4640 μοι.
1514 4556 1576 4621 Ἠ
1619 4563 1672 4621 δὲ
1733 4564 1888 4641 μόλις

1999 4563 2046 4626 ιι]
2072 4583 2136 4627 se
2159 4583 2548 4645 reversa,quo
2575 4573 2742 4645 pacto
2760 4580 2859 4625 res
2883 4581 2951 4624 se
2968 4561 3245 4638 habebat,
3280 4556 3621 4643 singulatim

245 4649 467 4712 ἐλθοῦσα
511 4652 586 4715 εἷς
640 4652 858 4727 ἑαυτὴν,
906 4651 1052 4718 ὅπως
1098 4652 1259 4734 εἶχεν
1313 4654 1379 4710 τὰ
1429 4661 1520 4711 τοῦ
1578 4654 1890 4735 πράγματος

242 4739 379 4798 κατᾶ
427 4739 624 4799 λεπτὸν
678 4741 823 4817 αὐτῷ
875 4741 1203 4821 ἐξηγήσατο,
1240 4744 1591 4824 φανερώσασα
1620 4745 1762 4820 αὐτῷ
1791 4745 1890 4811 τὴν

242 4836 349 4887 τῶν
404 4828 725 4910 παρανόμων
780 4838 1154 4914 Σαμαρειτῶν,
1208 4832 1414 4909 μᾶλλον
1456 4831 1512 4891 δὲ
1571 4840 1663 4892 τοῦ
1707 4832 1889 4891 διαϐό-

246 4918 362 4997 λου,
423 4919 814 4996 μελετηθετσαν
873 4923 1012 4980 κατὰ
1053 4929 1146 4982 τοῦ
1208 4923 1359 5002 ἁγίου
1414 4920 1727 4991 ἐπιϐουλήν,
1792 4925 1890 4983 Καὶ

245 5008 310 5076 δὴ
361 5011 501 5088 μέγα
533 5010 782 5078 στενάξας
814 5013 842 5068 ὁ
873 5008 1059 5077 δοῦλος
1098 5020 1193 5070 τοῦ
1235 5015 1388 5093 Θεοῦ,
1424 5015 1514 5071 καὶ
1544 5011 1721 5070 πολλὰ
1754 5013 1889 5086 μετὰ

243 5097 399 5168 δόξης
442 5102 529 5158 καὶ
588 5099 824 5180 δακρύων
884 5104 1280 5183 εὐχαριστήσας
1341 5110 1417 5178 τῷ
1451 5105 1590 5178 Θεῷ,
1626 5104 1889 5182 xxv/3m-

246 5210 334 5245 σεν
364 5191 553 5269 αὒτὴν,
582 5189 703 5256 δούς
736 5186 793 5248 τε
848 5191 986 5268 αἶ)τῇ
1039 5192 1306 5269 εὐλογίας,
1352 5193 1664 5250 ἀπέστειλεν
1721 5193 1888 5260 αὐτὴν

245 5281 377 5359 πρὸς
432 5282 525 5337 τὸν
560 5282 882 5361 ,ἁγιώτατον
940 5281 1232 5341 ἐπίσκοπον
1286 5280 1653 5358 Ἀλέξανδρον.
1706 5274 1771 5341 Ἠ
1834 5282 1889 5340 δὲ

244 5371 342 5437 τὴν
398 5368 691 5439 ἐκκλησίαν
746 5369 1146 5449 καταλαϐοὖσα,
1212 5375 1408 5432 ἓκαστα
1458 5375 1566 5432 τῶν
1638 5395 1887 5454 παρηκο-

244 5458 586 5528 λουθηκότων
642 5468 718 5538 τῷ
775 5469 892 5538 Θεῷ
949 5465 1184 5544 πρῶτον,
1241 5461 1427 5522 ἔπειτα
1483 5463 1539 5521 δὲ
1613 5463 1707 5522 καί
1771 5465 1886 5542 Ιτῷ]

242 5549 528 5628 ἀγιωτάτῷ
559 5549 701 5628 ἀνδρὶ
730 5550 1169 5632 ἐξομολογήσατο
1207 5571 1220 5585 '
1287 5555 1343 5617 ὃς
1386 5554 1477 5611 καὶ
1520 5556 1677 5618 αὐτὸς
1721 5552 1887 5613 πλεῖ-

244 5661 344 5699 στα
388 5642 713 5721 κατηχήσας
757 5644 947 5723 αὐτὴν,
1002 5644 1091 5700 καὶ
1140 5644 1305 5722 εδρὼν
1336 5643 1504 5717 αὐτὴν
1534 5643 1760 5709 ἐκτενῶς
1805 5644 1887 5725 ἐφ’

1977 4654 2283 4735 exposuit,
2317 4654 2599 4733 aperiens
2629 4671 2775 4734 quas
2809 4652 2972 4733 pravi
3004 4653 3334 4729 Samaritae,
3372 4656 3459 4716 vel
3494 4658 3626 4719 dia-

1977 4744 2154 4805 bolus
2188 4744 2385 4824 potius
2416 4743 2704 4805 adversus
2725 4743 2952 4822 justum
2991 4742 3180 4802 virum
3214 4741 3467 4806 insidias
3492 4762 3624 4807 ma-

1975 4835 2254 4896 chinatus
2283 4831 2633 4903 fuerat.Qua
2656 4849 2724 4893 re
2755 4831 2978 4905 audita,
3008 4829 3114 4891 Dei
3138 4846 3349 4893 servus
3373 4849 3622 4911 magno-

1975 4943 2120 5007 pere
2151 4927 2440 5005 ingemuit
2472 4941 2485 4986 :
2525 4940 2786 5003 cumque
2816 4920 2920 4983 Dei
2943 4922 3192 4999 gloriam
3227 4922 3616 4999 celebrasset,

1975 5023 2032 5076 et
2065 5016 2356 5095 lacrymas
2385 5012 2597 5075 multas
2625 5013 2933 5086 amittens,
2967 5010 3090 5073 Deo
3122 5012 3343 5091 gratias
3375 5013 3618 5092 egisset,

1973 5105 2134 5166 illam
2150 5101 3018 5178 catechismoinstruxit,eique
3042 5100 3494 5164 benedictiones
3514 5104 3623 5165 im-

1975 5193 2427 5275 partitus,misit
2449 5192 2521 5253 ad
2556 5191 2918 5252 sanctissnm
2952 5190 3360 5253 Alexandrum
3394 5193 3625 5272 episco-

1977 5282 2515 5365 pnm.Muliervero
2530 5300 2664 5344 cum
2688 5280 2761 5342 ad
2784 5280 3102 5342 ecclesiam
3128 5288 3620 5362 venisset,unam-

1973 5391 2273 5455 quamque
2302 5390 2429 5435 rem
2464 5372 2678 5433 ordine
2711 5372 2833 5432 Deo
2864 5369 2982 5448 ipsi
3015 5370 3532 5450 primum,dcinde
3562 5381 3623 5436 et

1974 5461 2353 5525 sanctissimo
2375 5461 2502 5523 viro
2527 5459 2801 5524 confessa
2822 5466 2930 5519 est:
2961 5459 3063 5538 qui
3089 5470 3147 5519 et
3170 5460 3299 5541 ipse
3321 5480 3457 5523 cum
3482 5462 3620 5544 plu-

1973 5552 2192 5616 rimum
2215 5568 2345 5613 eam
2367 5551 2771 5619 instruxisset,
2806 5565 3140 5630 eorumque
3167 5550 3459 5614 malorum
3490 5570 3622 5633 quae

1977 5642 2389 5715 commiserat,
2412 5640 2582 5705 valde
2626 5638 3019 5722 pmnitentem
3054 5640 3308 5718 videret,
3363 5641 3619 5715 immor-
