3954 6146
430 270 582 337 1219

1718 263 1881 330 ΜΕΝ
1887 262 2001 328 SIS
2057 261 2512 330 JANUARIUS.

3657 262 3785 332 1220

434 407 679 470 talitatis
709 407 1010 468 lavacrum
1065 405 1121 467 ei
1180 403 1364 479 dedit,
1399 410 1458 464 et
1487 401 1803 464 mulierem
1836 399 2076 482 quidem
2098 407 2137 457 Α
2163 405 2195 457 o‘

2167 400 2250 463 οἷς
2295 399 2514 478 ἔπραξεν
2568 402 2952 480 μετανοοῦσαν,
2999 397 3194 456 ’ἔδωκεν
3241 401 3389 476 αὖτῇ
3441 399 3503 456 τὸ
3544 403 3639 467 τῆς
3678 400 3786 458 ἄθα-

435 499 627 578 ipsam
661 497 735 558 ad
794 495 1088 576 virginum
1142 492 1570 555 monasterium
1607 491 1800 568 misit;
1837 508 2074 552 omnem

434 606 576 650 vero
599 586 883 668 populum
902 585 1343 663 religiosum,et
1367 581 1584 643 Christi
1609 590 1937 643 amatorem
1959 579 2079 642 cle-

432 696 565 739 rum
613 695 746 737 cum
808 680 1252 753 congregasset,
1307 690 1379 734 ex
1429 670 1582 733 urbe
1613 680 1670 732 et
1700 670 1948 750 regione
1977 669 2079 730 illa

433 785 645 830 omnes
667 763 990 828 Samaritas
1008 761 1332 842 expulit,ac
1357 769 1559 842 postea
1579 761 1688 823 Dei
1711 779 1948 822 servum
1970 762 2075 821 Ja—

433 854 653 917 cobum
686 852 1124 932 adiit,eumque
1146 861 1212 912 ut
1244 850 1438 911 bonus
1470 856 1639 930 pater
1671 849 1921 911 multum
1939 866 2077 911 con-

433 942 709 1005 ﬁrmavit.
744 941 830 1002 Ita
862 959 1002 1002 vero
1054 950 1113 1001 et
1168 939 1382 1000 mulier
1431 939 1776 1019 supradicta
1807 957 1913 1019 per
1945 955 2075 1018 poe-

429 1033 742 1094 nitentiam
769 1029 1003 1094 Christo
1026 1029 1285 1109 seipsam
1312 1028 1622 1106 obtulit,ut
1651 1037 1710 1091 et
1741 1029 1923 1091 chara
1954 1030 2075 1090 Deo

431 1131 613 1198 esset,
649 1131 708 1182 et
735 1120 1025 1182 adversus
1055 1117 1360 1180 daemones
1391 1119 1640 1197 gratiam
1669 1119 1990 1199 acciperet.

2161 493 2343 554 νασίας
2403 489 2620 565 λουτρὸν
2671 490 2757 546 καὶ
2817 491 2952 562 μετά
3023 495 3188 546 ταῦτα
3265 489 3379 556 τὴν
3449 489 3550 564 μὲν
3597 505 3789 565 Tyana

2160 578 2471 638 ἀπέστειλεν
2523 582 2598 643 εἰς
2651 581 2712 636 τὸ
2764 586 2870 637 τῶν
2931 578 3199 658 παρθένων
3259 578 3634 655 ἀσκητήριον,
3689 587 3788 637 Συν-

2159 671 2374 749 αγαγὼν
2419 668 2472 726 δὲ
2519 669 2692 726 πάντα
2733 669 2826 725 τὸν
2871 667 3095 749 θεοφιλῆ
3154 667 3365 746 κλῆρον
3422 671 3516 725 καὶ
3546 670 3633 726 τὸν
3661 670 3788 749 οιλό-

2159 783 2382 840 χριστον
2425 759 2577 834 λαὸν,
2624 757 2888 825 ἐξεδίωξεν
2931 764 3028 826 τῆς
3073 780 3130 815 τε
3179 757 3408 823 πόλεως
3465 759 3557 814 καὶ
3587 764 3680 816 τῶν
3709 783 3788 834 με.

2159 857 2263 930 ρῶν
2317 851 2534 907 ἒκείνων
2613 849 2816 914 πάντας
2899 850 3021 914 τοὺς
3080 849 3398 928 εὑρεθέντας
3465 851 3786 925 Σαμαρείτας,

2158 942 2251 996 καί
2297 941 2432 1016 μετὰ
2475 947 2642 996 ταῦτα
2703 939 3139 1017 παραγενόμενος
3213 940 3350 1015 πρὸς
3403 939 3506 995 τὸν
3552 941 3642 995 τοῦ
3691 947 3790 997 Θεοῦ

2161 1027 2344 1086 δοῦλον
2403 1027 2682 1103 Ἰάκωϐον,
2715 1027 2809 1084 ἐπῖ
2869 1026 2998 1084 πολὺ
3028 1027 3209 1103 αὐτὸν,
3246 1029 3320 1092 ὡς
3358 1029 3558 1104 πατὴρ
3591 1030 3777 1104 γνήσξος,

2159 1118 2526 1199 ἐπεστήριξεν,
2588 1117 2709 1175 Ἐπὶ
2759 1117 3011 1174 τοσοῦτον
3068 1116 3123 1173 δὲ
3166 1119 3201 1186 ἡ
3247 1115 3641 1195 προῤῥηθεῖσα
3690 1119 3782 1195 μὴ

427 1215 488 1268 lex
544 1212 826 1288 μετανοίας
903 1211 1066 1278 αὐτὴν
1123 1217 1200 1283 τῷ
1263 1210 1431 1286 Κυρίῳ
1483 1212 1870 1289 προσήνεγκεν,
1930 1210 2004 1273 ὡς
2076 1211 2252 1284 τιμίαν
2336 1213 2589 1290 ὀφθεῖσαν
2648 1209 2813 1282 αὐτῷ,
2877 1208 2963 1264 καὶ
3023 1211 3365 1286 χαρίσματος
3436 1208 3584 1264 μιατά
3635 1206 3787 1282 δαιμὸ-

427 1325 530 1358 νων
562 1301 948 1368 καταξιωθῆναι
959 1347 972 1362 ,

1935 1403 2182 1470 CAPUT
2211 1404 2287 1467 ll.

1363 1569 1606 1633 Donum
1654 1569 2070 1631 curationum.
2116 1565 2400 1631 Secessus
2445 1568 2867 1649 longinquior.

509 1747 663 1812 Vlll.
699 1750 876 1812 Facto
908 1757 1105 1811 autem
1139 1747 1452 1810 intervallo
1485 1746 1739 1828 quodam
1767 1744 2074 1826 temporis,
2102 1753 2139 1804 Β

2240 1746 2309 1804 Η¹
2322 1795 2337 1810 ,
2371 1747 2516 1803 Μετὰ
2547 1745 2600 1802 δὲ
2631 1750 2827 1828 χρόνον
2873 1750 3015 1824 τινὰ,
3047 1751 3280 1830 θυγάτηρ
3313 1749 3478 1811 τινὸς
3516 1751 3628 1802 τῶν
3673 1763 3804 1821 πρω-

432 1837 554 1900 filia
583 1839 893 1918 cujusdam
929 1837 1059 1913 viri,
1082 1837 1181 1918 qui
1206 1837 1539 1917 principem
1565 1837 1758 1897 locum
1783 1835 1845 1896 in
1868 1843 2078 1896 senatu

431 1926 1016 2008 obtinebat,impuro
1049 1927 1264 2006 spiritu
1293 1925 1895 2004 agitata,nominatim
1929 1942 2078 1986 san-

435 2024 597 2077 ctum
629 2017 803 2077 illum
834 2018 1024 2076 virum
1049 2015 1387 2078 invocabat.
1416 2018 1560 2078 Cum
1593 2015 1773 2091 igitur
1805 2015 1937 2094 ejus
1971 2032 2078 2094 pa-

425 2115 636 2168 rentes
664 2106 738 2167 ad
759 2105 864 2168 Dei
893 2123 1129 2167 servum
1154 2123 1284 2165 eam
1310 2104 1649 2180 duxissent,
1671 2104 1867 2184 ipsum
1899 2121 2078 2181 roga-

428 2199 658 2270 bant,ut
681 2200 883 2271 puellae
901 2200 1259 2271 iuventutem
1285 2199 1683 2256 misericordia
1710 2213 2082 2270 prosequere-

429 2292 618 2361 tur,et
639 2286 946 2365 impurum
979 2286 1255 2366 spiritum
1282 2285 1355 2347 ab
1379 2285 1510 2366 ipsa
1541 2285 2082 2364 expelleret.Cum-

427 2394 543 2455 que
569 2383 812 2437 sanctus
842 2374 928 2436 vir
948 2394 1056 2456 pro
1081 2394 1153 2437 ea
1178 2379 1366 2438 Deum
1393 2384 1670 2455 precatus
1690 2383 1939 2448 esset,et
1961 2392 2082 2434 ma-

428 2483 542 2526 nus
560 2483 741 2546 super
759 2466 921 2527 illam
945 2465 1566 2546 imposuisset,statim
1597 2464 1798 2525 divina
1817 2483 1929 2544 ope
1959 2463 2076 2524 dae-

429 2573 669 2618 monem
695 2556 1009 2636 expulit,et
1033 2557 1292 2636 puellam
1312 2556 1558 2618 curavit.
1589 2554 1732 2634 Ejus
1754 2554 1939 2633 igitur
1969 2574 2076 2634 pa-

427 2657 622 2708 rentes
645 2665 776 2706 cum
801 2661 856 2708 et
879 2651 998 2708 Deo
1025 2662 1077 2707 et
1105 2651 1210 2722 ipsi
1235 2653 1449 2722 gratias
1482 2653 1755 2721 egissent.
1791 2659 2077 2706 trecentos

431 2753 647 2798 aureos
681 2755 961 2797 nummos
991 2736 1047 2796 ei
1079 2737 1398 2812 miserunt,
1433 2754 1580 2817 quos
1610 2753 1729 2796 non
1752 2734 1944 2795 solum
1969 2734 2076 2813 ju-

431 2832 556 2885 stus
585 2825 686 2886 ille
715 2826 804 2886 vir
833 2826 1110 2906 accipere
1143 2844 1328 2886 ausus
1358 2845 1478 2887 non
1510 2824 1735 2900 est,sed
1767 2842 1845 2885 ne
1874 2824 2078 2887 videre

431 2914 675 2993 quidem
701 2933 805 2976 eos
830 2934 1038 2994 passus
1060 2916 1191 2992 fuit;
1209 2915 1658 2994 dicens,eisque
1679 2913 2074 2994 persuadens,

429 3020 547 3064 non
579 3006 800 3066 decere
832 3005 1173 3066 divinarum
1199 3024 1404 3066 rerum
1432 3014 1827 3066 mercaturam
1851 3005 2074 3080 facere,

432 3093 540 3154 sed
573 3095 936 3174 pauperibus
967 3094 1103 3156 illos
1128 3096 1326 3174 potius
1347 3093 1642 3172 dare.Ego
1666 3092 2074 3174 enim,inquit,
2096 3120 2138 3172 ο

434 3200 536 3244 eos
562 3201 682 3244 non
715 3184 988 3265 accipio;
1024 3202 1160 3246 nam
1192 3185 1254 3246 in
1286 3184 1607 3246 solitudine
1670 3183 1897 3262 degens
1947 3183 2080 3245 istis

432 3291 556 3334 non
583 3273 849 3353 indigeo.
891 3276 1094 3356 Itaque
1126 3274 1348 3354 gratias
1376 3273 1499 3336 Deo
1530 3281 1775 3352 agentes
1806 3273 2081 3336 homines

428 3361 574 3424 illos
603 3363 664 3423 in
696 3382 904 3425 eorum
939 3365 1152 3426 domos
1180 3365 1436 3426 remisit.

509 3451 611 3514 lX.
645 3453 979 3534 Aliquando
1011 3473 1148 3515 vero
1177 3473 1314 3516 cum
1345 3452 1700 3515 adolescens
1747 3450 1988 3534 quidam
2045 3471 2079 3515 a

428 3541 702 3604 daemone
733 3553 994 3605 tentatus
1024 3544 1520 3624 fuissct,utroque
1561 3544 1712 3624 pede
1746 3542 2078 3604 dissolutus

427 3630 538 3692 fuit
571 3651 788 3713 :quem
822 3637 954 3714 ejus
982 3633 1413 3713 consanguinei
1440 3634 1797 3712 bajulantes,
1825 3633 1898 3694 ad
1931 3651 2074 3694 san-

431 3731 592 3782 ctum
647 3723 839 3783 virum
877 3724 1162 3798 tulerunt,
1194 3743 1333 3784 eum
1366 3733 1679 3804 rogantes,
1712 3732 1775 3784 ut
1804 3741 1913 3803 pro
1945 3723 2075 3804 ipso

429 3811 622 3872 Deum
656 3821 1025 3891 precaretur.
1061 3812 1169 3874 llle
1194 3821 1390 3875 autem
1438 3831 1576 3874 cum
1604 3822 1724 3876 tres
1756 3814 1886 3874 dies
1909 3813 2077 3893 jeju-

433 3910 725 3975 nasset,et
745 3901 961 3962 divinis
985 3901 1262 3982 precibus
1293 3921 1540 3983 operam
1571 3902 1860 3979 dedisset,
1894 3921 2076 3983 para-

428 3988 678 4070 lyticum
701 3992 1010 4052 hominem
1032 4010 1243 4053 sanum
1262 3992 1652 4067 restituit,cui
1670 4001 1729 4053 et
1745 3993 2070 4069 benedixit,

425 4078 730 4162 jussitque
784 4083 1046 4162 prOpriis
1103 4082 1354 4162 pedibus
1414 4085 1474 4142 in
1504 4099 1669 4142 suam
1705 4082 1948 4143 domum
1974 4100 2076 4143 re-

429 4171 604 4233 verti.
630 4173 804 4233 Multi
833 4173 936 4233 alii
989 4172 1062 4233 ad
1114 4171 1396 4232 eumdem
1429 4172 1773 4247 veniebant,
1807 4172 1910 4252 qui
1942 4190 2076 4233 cum

433 4258 684 4321 diversis
711 4261 940 4323 morbis
971 4262 1342 4342 laborarent,
1376 4279 1588 4323 omnes
1608 4260 1804 4322 divina
1834 4280 1947 4342 ope
1975 4280 2080 4342 per

436 4349 622 4429 ipsius
656 4369 868 4431 preces
898 4352 1113 4427 curati,
1167 4351 1243 4414 ad
1277 4369 1418 4413 suas
1449 4353 1660 4414 domos
1689 4353 2079 4414 reverteban-

431 4448 550 4500 tur.

510 4528 584 4590 Χ.
613 4529 761 4592 Cum
794 4539 995 4592 autem
1051 4530 1156 4593 ille
1204 4533 1316 4595 Dei
1358 4551 1563 4594 servus
1595 4551 1660 4595 se
1690 4534 1764 4594 ab
1797 4533 2080 4596 omnibus

433 4619 688 4679 multum
741 4620 1030 4681 honorari
1059 4620 1328 4697 videret;
1361 4632 1420 4683 et
1451 4640 1682 4700 casum,
1717 4623 1822 4702 qui
1868 4641 1940 4685 ex
1964 4624 2079 4684 ho-

433 4726 581 4771 nore
605 4710 736 4790 ipso
761 4709 964 4770 multis
995 4712 1234 4773 evenire
1261 4712 1437 4784 solet,
1472 4713 1643 4773 valde
1675 4714 2082 4789 metueret,lo-

436 4817 572 4860 cum
599 4799 770 4861 illum
797 4799 1068 4881 reliquit,
1095 4811 1152 4862 et
1175 4801 1407 4880 fugiens
1430 4802 1578 4865 abiit
1603 4803 1812 4882 procul
1831 4803 1905 4863 ab
1929 4803 2081 4866 urbe

429 4887 534 4951 illa
558 4890 951 4971 quadraginta
968 4892 1327 4954 milliaribus
1355 4911 1367 4952 :
1393 4911 1648 4973 cumque
1670 4896 1828 4972 apud
1859 4903 2081 4974 petras,

435 4997 557 5054 quae
577 4996 712 5041 sunt
733 4987 806 5041 ad
846 4989 1032 5056 ripam
1055 4985 1212 5042 ﬂuvii
1237 4987 1583 5057 speluncam
1611 5001 1878 5057 magnam
1911 4988 2080 5046 inve-

438 5069 650 5144 nisset,
690 5070 930 5149 triginta
959 5090 1150 5132 annos
1197 5072 1317 5133 illic
1369 5070 1672 5147 habitavit,
1707 5072 1770 5134 in
1803 5074 2083 5152 precibus

441 5170 498 5221 et
524 5162 760 5241 hymnis
785 5173 937 5224 totos
963 5163 1089 5224 dies
1116 5181 1184 5224 ac
1215 5170 1424 5224 noctes
1453 5162 1839 5228 insumendo.
1868 5167 2082 5228 Nutri-

439 5265 644 5313 nienta
677 5271 816 5314 vero
873 5253 1006 5334 ipsa
1063 5252 1248 5314 multo
1283 5269 1552 5333 tempore
1583 5270 1653 5314 ex
1689 5255 1917 5336 herbis,
1952 5276 2084 5338 quas

439 5359 624 5422 prope
655 5343 897 5404 ﬂuvium
930 5343 1477 5420 nascebantur,sibi
1508 5344 1891 5407 conﬁciebat:
1928 5359 2088 5426 post-

442 5449 514 5492 ea
546 5451 790 5512 parvum
823 5435 1145 5513 quemdam
1201 5433 1439 5494 hortum
1493 5435 1564 5495 ad
1597 5437 1787 5514 ripam
1817 5436 2083 5498 ﬂuminis

443 5521 754 5599 eleganter
778 5523 1132 5599 construxit,
1171 5537 1348 5604 atque
1369 5524 1429 5584 in
1453 5543 1523 5586 eo
1543 5527 1771 5604 aliquot
1793 5526 1956 5587 horis
1983 5528 2082 5589 dei

433 5630 584 5693 opus
617 5613 846 5674 faciens
877 5631 952 5673 ex
985 5632 1056 5674 eo
1088 5619 1217 5696 ipso
1249 5613 1450 5676 cibum
1506 5615 1622 5678 sibi
1668 5619 2075 5698 comparabat.

2160 1837 2418 1893 τευόντων
2480 1846 2570 1896 τοῦ
2623 1837 3000 1914 βουλευτηρίου
3066 1841 3169 1896 ὑπὸ
3211 1839 3533 1916 ἀκαθάρτου
3585 1833 3808 1907 πνεύμα-

2159 1948 2250 1990 τος
2283 1925 2635 2004 ἐνεργουμένη
2667 1925 2817 2003 ἐϐόα,
2865 1929 2916 1995 ἐξ
2947 1928 3210 2006 ὀνόματος
3269 1925 3694 2000 ἐπικαλουμένη
3735 1925 3809 1976 τὶν

2162 2013 2338 2094 ἅγιον.
2393 2015 2720 2094 Ἀγαγόντες
2772 2020 2859 2076 οὖν
2905 2019 3072 2086 αὐτὴν
3115 2021 3248 2098 πρὸς
3279 2020 3375 2076 τὸν
3410 2022 3517 2073 τοῦ
3550 2019 3689 2071 Θεοῦ
3716 2009 3815 2066 δοῦ-

2163 2103 2257 2162 λον
2314 2106 2360 2162 οἱ
2403 2107 2601 2173 ταύτης
2649 2122 2853 2186 γονεῖς,
2901 2108 3232 2188 παρεκάλουν
3264 2110 3430 2164 αὐτὸν
3470 2105 3698 2171 ἐλεῆσαι
3729 2102 3810 2166 τὴν

2165 2199 2329 2262 αὐτῆς
2390 2197 2619 2262 νεότητα
2674 2200 2767 2254 καί
2827 2197 3091 2257 ἀπελάσαι
3125 2197 3221 2254 ἀπ’
3254 2199 3426 2265 αὐτῆς
3467 2197 3562 2252 τὸν
3599 2194 3813 2266 ἀκάθαρ-

2163 2307 2253 2341 τον
2307 2282 2553 2359 δαίμονα*
2595 2288 2690 2342 καὶ
2748 2284 2813 2354 δὴ
2866 2286 3289 2366 προσευξαμένου
3318 2286 3417 2343 τοῦ
3451 2285 3616 2362 ἆγίου
3645 2279 3808 2357 ἀνδρὸς

2166 2376 2253 2430 ναὶ
2298 2375 2390 2436 τὰς
2436 2387 2630 2452 χεῖρας
2685 2379 2817 2451 αῦτῇ
2873 2376 3172 2451 ἐπιθέντος,
3219 2379 3579 2456 παραχρῆμα
3626 2375 3692 2446 τῇ
3733 2376 3810 2425 τοῦ

2165 2463 2352 2540 Κυρίου
2409 2463 2593 2542 χάριτι
2636 2465 2727 2520 τὸν
2771 2465 2994 2542 δαίμονα
3039 2466 3319 2536 ἀπήλασεν
3372 2469 3468 2522 καὶ
3527 2464 3631 2530 τὴν
3661 2458 3807 2517 παῖδα

2159 2547 2369 2615 ἶάσατο.
2406 2554 2916 2632 Εῦχαριστήσαντες
2949 2562 3236 2634 τοιγαροῦν
3267 2556 3316 2610 οἱ
3378 2554 3596 2618 ταύτης
3644 2561 3807 2629 γονεῖς

2159 2648 2237 2715 τῷ
2288 2646 2404 2715 Θεῷ
2452 2645 2540 2698 καὶ
2581 2647 2658 2716 τῷ
2707 2642 2842 2720 ἁγίῳ
2885 2642 3048 2724 ἀνδρὶ,
3115 2642 3443 2700 ἀπέστειλαν
3492 2641 3641 2715 αῦτῴ
3683 2637 3801 2718 χρύ-

2162 2753 2279 2789 σινα
2327 2732 2605 2811 τριακόσια
2641 2751 2654 2768 ·
2704 2732 2838 2813 ἅπερ
2869 2737 2896 2790 ὁ
2927 2733 3124 2799 δίκαιος
3157 2736 3218 2790 οῦ
3260 2736 3427 2809 μόνον
3478 2728 3674 2788 λαϐεῖν
3729 2728 3804 2783 οὐκ

2167 2823 2452 2902 ἠνέσχετο,
2510 2819 2632 2877 ἀλλ’
2687 2823 2806 2880 οὐδὲ
2849 2821 2981 2880 ἰδεῖν
3030 2822 3369 2896 κατεδέξατο,
3425 2821 3610 2899 Αέγων
3641 2822 3799 2878 αὐτοῖς

2161 2914 2248 2968 καὶ
2308 2913 2526 2992 πείθων,
2580 2911 2657 2987 μὴ
2703 2910 2816 2969 δεῖν
2875 2914 2972 2979 τὴν
3018 2913 3181 2992 χάριν
3235 2923 3326 2972 τοῦ
3373 2919 3515 2970 Θεοῦ
3568 2908 3800 2985 ἐμπορίαν

2163 3005 2457 3076 ποιεῖσθαι,
2519 2999 2684 3058 Ἀλλὰ
2740 3001 2944 3078 μᾶλλον
2999 3001 3117 3059 δότε
3178 3003 3310 3060 αῦτά
3366 3015 3498 3063 τοῖς
3538 3009 3795 3077 πτωχοῖς⁸

2162 3091 2306 3171 Ἐγὼ
2338 3091 2438 3170 γὰρ
2462 3101 2628 3150 ταῦτα
2657 3096 2715 3151 οῦ
2745 3091 3001 3169 λαμϐάνω
3037 3111 3052 3128 ο
3113 3091 3167 3148 έν
3229 3093 3427 3172 ἐρημίᾳ
3465 3093 3573 3168 γὰρ
3604 3087 3796 3164 διάγων,

2164 3183 2363 3238 τοότων
2393 3183 2454 3237 οὐ
2498 3182 2710 3260 χρῄζω.
2773 3184 2871 3239 Καὶ
2928 3181 3093 3247 οὕτως
3143 3183 3606 3262 εὐχαριστοῦντας
3640 3175 3795 3237 αὐτοὺς

2163 3279 2240 3348 τῷ
2273 3274 2413 3351 Θεῷ,
2443 3273 2497 3326 ἓν
2529 3273 2714 3349 εἰρήνῃ
2745 3271 3068 3349 ἀπέπεμψεν
3100 3273 3173 3336 εἷς
3206 3273 3270 3327 τὰ
3302 3269 3440 3330 ἴδια.

2245 3440 2330 3514 Θ”.
2359 3449 2594 3507 τἈλλοτε
2651 3449 2706 3506 δέ
2760 3452 2966 3516 νεανίας
2993 3472 3075 3514 τις
3106 3451 3210 3508 ὑπὸ
3240 3451 3550 3526 πνεύματος
3584 3444 3790 3521 ἀκαθάρ-

2161 3544 2250 3598 του
2333 3539 2715 3618 ἐπηρεασθείς,
2802 3539 3133 3620 ἀμφοτέρους
3212 3544 3372 3600 αὐτοῦ
3449 3541 3578 3603 τοὺς
3654 3531 3793 3592 πόδας

2161 3630 2430 3712 παρελύθη
2461 3649 2476 3662 ⁸
2511 3632 2599 3687 καὶ
2631 3629 2696 3698 δὴ
2723 3636 2910 3687 τοῦτον
2958 3633 3003 3686 οἱ
3059 3629 3194 3687 ἴδιοι
3240 3643 3426 3709 γονεῖς
3457 3627 3787 3707 βαστάσαντες

2159 3721 2366 3801 ἤγαγον
2421 3722 2553 3800 πρὸς
2611 3723 2703 3777 τὸν
2759 3717 2935 3798 ἅγιον,
3001 3719 3436 3799 παρακαλοῦντες
3466 3720 3626 3776 αὐτὸν
3654 3713 3781 3778 εὖξα-

2159 3817 2276 3869 σθαι
2333 3812 2464 3890 ὑπὲρ
2509 3813 2689 3872 αὐτοῦ.
2719 3812 2780 3868 Ὃ
2812 3810 2868 3865 δὲ
2916 3823 3065 3889 τρεῖς
3107 3810 3312 3887 ἡμέρας
3346 3811 3662 3880 νηστεύσας,
3704 3802 3777 3859 καί

2159 3904 2227 3978 τῇ
2283 3906 2560 3981 προσευχῇ
2617 3901 3112 3980 προσκαρτερήσας,
3183 3902 3306 3979 ὑγιῆ
3357 3903 3451 3957 τὸν
3513 3896 3778 3978 παραλυτι-

2158 3996 2254 4050 κὸν
2298 3992 2731 4058 ἀπεκατέστησεν
2768 4006 2783 4021 ⁸
2840 3992 2928 4046 καὶ
2969 3989 3269 4069 εὐλογήσας
3303 3990 3491 4071 αῦτον,
3521 3989 3774 4066 ἐπέτρεψεν

2161 4084 2302 4156 αὒτῳ
2351 4096 2469 4146 τοῖς
2527 4081 2678 4145 ἰδίοις
2724 4083 2878 4138 ποσὶν
2908 4082 2982 4146 εἷς
3015 4083 3104 4138 τὸν
3150 4081 3308 4138 οἶκον
3336 4083 3496 4137 αὐτοῦ
3527 4076 3772 4135 ἀπελθεῖν.

2163 4173 2359 4252 Πολγοὶ
2417 4171 2470 4228 δὲ
2530 4174 2618 4228 καὶ
2677 4170 2828 4232 ἄλλοι
2905 4170 3141 4250 ἤρχοντο
3196 4173 3330 4251 πρὸς
3389 4173 3572 4246 αὐτὸν,
3618 4167 3772 4224 νόσους

2163 4262 2438 4344 διαφόρους
2470 4261 2690 4341 ἔχοντες
2723 4278 2736 4292 ⁸
2772 4261 2862 4317 καὶ
2890 4262 3110 4341 πάντες,
3146 4266 3214 4337 τῇ
3244 4268 3337 4318 τοῦ
3376 4263 3564 4341 Κυρίου
3592 4257 3769 4338 χάριτι,

2164 4354 2249 4412 διὰ
2271 4361 2377 4410 τῶν
2412 4355 2590 4432 εὐχῶν
2621 4355 2781 4410 αὐτοῦ
2809 4353 3056 4428 ἰώμενοι,
3091 4352 3423 4431 ἀνεχώρουν.

2242 4531 2309 4595 1’.
2366 4530 2511 4595 Ἰδὼν
2561 4531 2618 4588 δὲ
2675 4532 2860 4590 ἑαυτὸν
2919 4534 2946 4588 ὁ
2999 4529 3186 4598 δοῦλος
3217 4540 3309 4590 τοῦ
3338 4539 3472 4590 Θεοῦ
3513 4550 3639 4590 πανυ
3665 4515 3760 4598 παρ’

2163 4624 2416 4681 ἁπάντων
2461 4624 2790 4700 τιμώμενον,
2841 4623 2927 4678 οιαὶ
2989 4624 3089 4690 τὴν
3129 4623 3191 4679 ἐκ
3221 4628 3321 4691 τῆς
3383 4628 3552 4699 τιμῆς
3592 4610 3762 4692 ωμὸαί·

2165 4736 2356 4772 νουσαν
2415 4727 2535 4777 τοῖς
2581 4713 2813 4778 πολλοῖς
2865 4719 3073 4770 πτῶσιν
3135 4712 3432 4787 δειλιάσας,
3465 4711 3670 4770 ἀπέλιπε
3692 4702 3756 4758 τὸν

2164 4806 2354 4880 τόπον,
2391 4807 2479 4862 καὶ
2509 4810 2651 4885 φυγῇ
2708 4806 3057 4882 χρησάμενος
3103 4803 3342 4871 ἀπῆλθεν
3372 4806 3447 4868 ὥς
3482 4804 3587 4859 ἀπὸ
3612 4793 3756 4885 PM“?

2167 4881 2566 4973 τεσσαράκοντα
2595 4881 2724 4960 Ἵτῆς
2756 4881 2763 4882 7
2787 4892 3004 4957 πόλεως
3034 4895 3244 4960 ἱκείνης
3278 4912 3294 4930 ⁶
3327 4895 3416 4950 καὶ
3443 4893 3602 4966 εὗρὼν
3626 4881 3754 4943 αὑτόθι

2167 4984 2435 5056 σπήλαιον
2468 4989 2608 5062 μέγα
2639 4984 2783 5062 παρὰ
2811 4983 2911 5051 τὴν
2940 4983 3113 5062 ὄχθην
3156 4983 3249 5039 τοῦ
3297 4989 3544 5058 ποταμοῦ
3585 4978 3754 5041 Πέτρας,

2171 5075 2184 5088 ι
2235 5077 2248 5096 \
2422 5074 2433 5091 ι
2678 5072 2732 5108 η-
2969 5074 2981 5095 ι
3253 5075 3267 5096 ν
3544 5076 3558 5094 κ
3622 5066 3642 5090 α

2166 5091 2251 5132 επι
2315 5096 2600 5154 τριαιοντα
2677 5096 2771 5143 ειη
2843 5094 3162 5148 κατῳκησεν
3219 5085 3413 5154 ευχαῖς
3475 5091 3570 5128 και
3620 5075 3754 5154 om?“

2167 5150 2360 5230 πάσας-
2400 5165 2496 5228 τὰς
2555 5164 2759 5242 ἡμέρας
2788 5167 2877 5220 καὶ
2921 5163 3112 5227 νύκτας
3173 5150 3504 5226 διατέλέσας.
3549 5161 3639 5222 Τὰς

2165 5281 2248 5315 τοι
2305 5258 2588 5339 διατροφὰς
2624 5257 2711 5314 ἐπὶ
2754 5255 2919 5313 πολὺν
2980 5258 3074 5311 τὸν
3127 5255 3326 5334 χρόνον
3356 5252 3416 5308 ἐκ
3447 5258 3552 5310 τῶν
3581 5241 3753 5328 βοτανῶν

2170 5349 2332 5428 εἶχεν
2363 5351 2469 5404 τῶν
2501 5338 2631 5424 πρὸς
2665 5352 2742 5420 τῷ
2770 5350 3002 5422 ποταμῷ
3031 5345 3311 5425 φνομένων
3349 5360 3362 5374 ⁸
3402 5344 3543 5419 μετὰ
3570 5341 3618 5396 δὲ
3640 5338 3753 5434 sui)“:

2171 5441 2436 5518 κηπάριον
2483 5439 2672 5517 pupa»
2729 5438 2874 5516 παρὰ
2930 5436 3029 5503 τὴν
3085 5434 3261 5514 ὄχθην
3291 5431 3661 5515 φιλοκαλήσας,
3695 5431 3751 5528 κς

2167 5549 2323 5586 τουτο
2377 5530 2514 5586 κατὰ
2562 5528 2725 5607 μέρος
2898 5527 3012 5583 καθ²
3061 5524 3294 5606 ἡμέραν]
3325 5525 3676 5604 ἐργαζόμενος,
3719 5524 3750 5567 ει

2168 5622 2327 5677 αὐτοῦ
2357 5621 2456 5688 τὴν
2486 5621 2687 5702 τροφὴν
2734 5619 2906 5694 ἑαυτῷ
2949 5631 3351 5699 περιεποιεῖτο.
3400 5613 3521 5673 Ἐπὶ
3569 5612 3753 5670 τοσοῦτον
