3954 6146
241 257 407 327 1221
1429 259 1618 327 VlTA
1658 261 1720 326 S.
1780 259 2038 324 JACOBI
2080 259 2455 326 MONACHI.
3473 264 3624 331 1222

233 394 313 454 δὲ
367 401 403 467 ἡ
461 396 703 454 πολιτεία
761 400 920 456 αὑτοῦ
979 393 1299 474 περιϐόητος
1358 394 1599 476 γέγονεν,
1659 399 1734 461 ὥς
1794 395 1902 453 ἀπὸ

2013 402 2069 457 ta
2093 412 2234 457 vero
2257 393 2390 474 ejus
2407 393 2524 456 vita
2546 391 2989 467 celebrabatur,
3026 401 3090 456 ut
3135 412 3168 457 e
3187 395 3392 475 viginti
3424 402 3484 458 et
3510 397 3623 459 tri-

236 486 433 544 εἴκοσι
484 487 575 543 καὶ
628 486 912 565 τριάκοντα
969 492 1148 562 μονῶν
1205 488 1482 567 μοναχοὺς
1541 489 1672 556 πρὸς
1743 486 1900 542 αὑτὸν

2013 484 2146 557 :inta
2172 485 2556 545 monasteriis
2574 483 2854 545 monachi
2883 492 2940 546 et
2961 484 3162 548 clerici
3187 484 3259 546 ad
3292 504 3426 547 eum
3458 489 3625 549 veni-

238 576 533 657 ἔρχεσθαι,
592 575 687 633 καὶ
737 574 1046 654 κληρικοὺς,
1123 577 1214 632 καὶ
1292 573 1524 638 πολλοὺς
1581 576 1901 652 κοσμικοὺς,

2017 581 2140 646 ent,
2178 572 2463 653 multique
2494 573 2592 635 alii
2647 590 2716 634 ex
2748 573 2950 654 iis,qui
2986 574 3195 636 mundi
3227 574 3410 636 rebus
3439 593 3623 637 occu-

242 667 391 746 πρὸς
434 667 496 722 τὸ
539 663 878 747 εὔλογεῖσθαι
905 666 991 722 καὶ
1038 664 1375 745 στηρίζεσθαι
1404 663 1495 722 ὑπ’
1529 665 1710 729 αὑτοῦ.

2013 663 2309 738 tantur,ad
2343 681 2479 725 eum
2513 681 2578 725 se
2600 663 2966 739 conferrent,
2988 673 3054 725 ut
3078 664 3210 743 ejus
3244 662 3623 728 benedictio-

1987 772 2123 818 nem
2157 752 2521 834 acciperent,
2556 762 2615 815 et
2644 752 2719 816 ab
2749 772 2820 816 eo
2850 753 3190 818 conﬁrmari
3226 763 3489 836 possent.

1749 929 2000 995 CAPUT
2044 930 2145 996 ΙΙΙ.

1230 1064 1467 1145 Lapsus
1510 1064 1578 1127 in
1618 1067 2094 1142 fornicationem
2137 1072 2195 1127 et
2238 1064 2666 1128 homicidium.

344 1204 451 1269 IA'.
510 1204 662 1263 Ἀλλ’
706 1209 735 1263 ὁ
780 1206 1020 1272 τοιοῦτος
1056 1208 1145 1263 καὶ
1196 1204 1547 1286 τηλικοῦτος,
1581 1207 1608 1262 ὁ
1637 1205 1903 1271 τοσαύτης

2069 1203 2188 1266 Sed
2220 1205 2356 1267 talis
2384 1223 2453 1267 ac
2481 1212 2679 1267 tantus
2729 1205 2836 1284 vir,
2891 1212 3169 1285 tantaque
3199 1211 3387 1283 gratia
3410 1204 3628 1285 dignus

253 1295 490 1375 χάριτος
518 1294 779 1369 ἀξιωθεὶς,
817 1296 953 1362 ἴσως
998 1296 1217 1374 ἐπάρσει
1260 1297 1403 1359 τινὸς
1438 1297 1522 1352 καὶ
1582 1295 1731 1376 τύφῳ
1773 1293 1904 1371 λιμ-

2013 1294 2260 1366 ιίΐεοιυε,
2284 1294 2541 1357 fortasse
2575 1294 2830 1357 elatione
2874 1295 2964 1355 vel
2996 1295 3277 1374 superbia
3301 1303 3532 1376 captus,
3571 1302 3632 1355 in

252 1386 403 1463 φθεῖς
465 1386 533 1463 ο
594 1386 855 1466 ληφθεὶ‹],
942 1386 1193 1462 πτώματι
1255 1397 1624 1467 συγχωρεῖται
1693 1396 1904 1464 πεσεῖν,

2014 1402 2249 1465 apsum,
2289 1403 2549 1467 eumque
2578 1384 2847 1448 omnium
2879 1384 3326 1465 gravissimum,
3362 1385 3634 1448 incidere

254 1474 349 1530 καὶ
409 1474 660 1551 πτώματι
686 1465 689 1466 ν
716 1481 795 1547 τῷ
851 1476 1068 1533 πάντων
1099 1475 1498 1555 χαλεπωτάτῳ.
1546 1465 1604 1532 ιΟ
1636 1474 1737 1552 γὰρ
1767 1495 1910 1547 παμο

2013 1478 2321 1537 iermissus
2342 1465 2624 1538 fuit.Nam
2649 1473 3115 1537 scelestissimus
3136 1474 3381 1536 humani
3398 1473 3636 1550 generis

256 1564 451 1641 μίαρος
501 1539 695 1644 siege;
744 1539 853 1622 τῶν
912 1539 1267 1645 Χριστιανῶν,
1329 1565 1357 1621 ὃ
1424 1539 1506 1621 ἀεὶ
1564 1539 1684 1628 tota;
1710 1539 1908 1624 ’καλίῦς

2015 1563 2292 1638 nimicus,
2324 1564 2422 1645 qui
2454 1573 2659 1626 contra
2690 1563 2965 1625 homines
2998 1570 3223 1625 rectam
3257 1572 3316 1624 et
3338 1539 3461 1624 oé'o
3492 1581 3635 1642 gra—

258 1652 403 1709 κατὰ
460 1655 578 1709 θεὸν
623 1654 826 1730 βιοῦσιν
870 1654 960 1710 τὸν
997 1656 1197 1711 οἰκεῖον
1240 1652 1429 1734 φθόνον
1483 1652 1751 1733 ἐπαφιεὶς,
1793 1653 1909 1707 εἱσ-

260 1743 433 1798 ελθὼν
491 1744 567 1807 εἰς
620 1746 785 1817 κόρην
849 1743 1098 1801 πλουσίου
1153 1744 1297 1806 τινὸς
1369 1741 1650 1821 θὺγατέρα,
1716 1739 1911 1819 ἤρξατο

258 1832 392 1907 βοᾷν
424 1833 512 1889 καὶ
540 1833 632 1888 τὸν
676 1832 827 1910 ἅγιον
873 1830 1034 1912 ἄνδρα
1076 1831 1130 1897 εξ
1192 1832 1455 1907 ὀνόματος
1511 1828 1904 1900 ἐπικαλεῖσθαι,

260 1921 336 1985 ὡς
393 1918 790 1998 ἀναγκασθῆναι
850 1922 973 1983 τοὺς
1026 1934 1207 1998 γονεῖς
1258 1926 1358 1988 τῆς
1389 1920 1555 1999 κόρης
1586 1922 1909 1997 περιελθεῖν,

264 2006 360 2064 καί
417 2006 728 2089 ἀνιχνεῦσαι
789 2011 1132 2089 πανταχόθεν
1176 2012 1268 2067 τὸν
1317 2008 1590 2086 ἄνθρωπον
1633 2019 1725 2067 τοῦ
1755 2014 1909 2081 Θεοῦ,

264 2097 401 2172 μήτε
455 2100 816 2176 μοναστήριον
874 2099 1321 2176 καταλείποντας,
1375 2100 1515 2175 μήτε
1573 2097 1682 2172 μὴν
1711 2096 1910 2174 ἔρημον

260 2187 452 2249 τόπον.
502 2177 591 2252 Ὦς
650 2186 705 2243 δὲ
781 2198 968 2248 τοῦτον
1051 2190 1225 2266 εὑρεῖν
1288 2186 1520 2261 οὖδαμοῦ
1576 2185 1908 2264 ἐδεδύνηντο,

263 2274 508 2352 ἔγνωσάν
564 2298 681 2333 τινα
765 2278 1131 2356 ἀναχωρητὴν
1203 2277 1349 2334 εἶναι
1422 2277 1560 2332 κατὰ
1617 2274 1763 2331 τόνδε
1818 2276 1911 2331 τὸν

271 2363 460 2424 τόπον.
526 2366 623 2423 Καὶ
679 2364 745 2434 δὴ
798 2365 976 2423 λαϐὼν
1018 2369 1045 2423 ὁ
1096 2367 1271 2443 πατὴρ
1326 2366 1488 2433 αὐτῆς
1554 2367 1675 2429 τοὺς
1723 2366 1913 2424 ἑαυτοῦ

265 2452 495 2528 παῖδας,
560 2455 644 2510 καὶ
701 2455 1106 2527 παρασκευάσας
1138 2457 1237 2523 τὴν
1265 2456 1429 2525 κόρην
1465 2454 1575 2527 ἅμα
1604 2460 1673 2530 τῇ
1716 2456 1908 2520 ἑαυτῆς

266 2544 434 2620 μητρὶ
489 2543 542 2600 ἂν
597 2544 673 2606 τῶ
723 2545 1014 2623 βαστερνίῳ
1073 2548 1419 2615 καθεσθῆναι,
1483 2542 1646 2611 ἦλθον
1692 2544 1776 2599 ἐπὶ
1818 2545 1909 2600 τὸν

265 2633 705 2708 καταμηνυθέντα
751 2638 938 2696 αὐτοῖς
1009 2635 1199 2714 τόπον,
1258 2632 1379 2690 ἔνθα
1434 2633 1619 2711 διῆγεν
1662 2635 1690 2690 ὁ
1735 2632 1907 2710 ἅγιος.

269 2722 370 2780 Καὶ
421 2721 543 2779 ἰδὼν
622 2722 806 2803 αὑτὸν,
886 2723 1075 2780 ἔπεσεν
1156 2726 1288 2799 πρὸς
1348 2724 1471 2782 τοὺς
1530 2720 1696 2786 πόδας
1757 2722 1914 2778 αὑτοῦ

267 2811 440 2890 λέγων
472 2831 485 2846 ⁸

269 2902 531 2972 σανὶζεται
589 2904 691 2959 ὑπὸ
749 2909 841 2960 τοῦ
884 2904 1180 2981 ἀκαθάρτου
1240 2902 1539 2978 πνεύματος
1577 2917 1589 2931 ⁸
1651 2900 1761 2957 ἰδοὺ
1813 2902 1914 2978 γὰρ

269 2988 454 3047 εἴκοσι
512 2991 704 3050 λοιπὸν
762 2992 979 3069 ἡμέραι,
1040 2994 1127 3050 καὶ
1190 2993 1312 3050 οὕτε
1369 2993 1540 3066 σίτου,
1589 2992 1709 3049 οὔτε
1748 2997 1915 3047 ποτοῦ

270 3080 613 3161 μετείληφεν,
674 3079 813 3137 ἀλλὰ
867 3080 1068 3154 ἀναϐοᾷ
1095 3082 1470 3155 σπαράττουσα
1502 3081 1690 3148 ἑαυτὴν
1721 3080 1810 3137 καὶ
1852 3081 1913 3135 τὸ

268 3167 439 3243 ὄνομά
468 3193 564 3228 σου
593 3170 1016 3246 ἐπικαλουμένη,

354 3257 468 3322 ΙΒ¹.
533 3259 630 3317 Καὶ
670 3261 796 3326 στὰς
854 3263 881 3316 ὂ
926 3259 1080 3337 ἅγιος
1129 3259 1466 3337 προσηύξατο
1527 3259 1657 3337 ὑπὲρ
1698 3261 1862 3326 αὐτῆς
1894 3277 1910 3295 ⁶

266 3349 408 3425 μετὰ
460 3346 515 3405 δὲ
572 3350 633 3405 τὸ
688 3349 973 3428 πληρῶσαι
1017 3351 1174 3408 αὑτὸν
1220 3351 1321 3417 τὴν
1379 3349 1576 3429 εὐχὴν,
1621 3348 1913 3427 ἐνεφύσησε

265 3443 346 3513 τῷ
402 3437 683 3519 ἂκαθάρτῳ
725 3438 935 3515 δαίμονι
978 3441 1069 3496 καὶ
1125 3438 1272 3519 λέγει
1332 3443 1475 3512 αὑτῷ
1509 3455 1522 3469 ⁸
1561 3438 1652 3496 Ἐν
1682 3439 1758 3513 τῷ
1789 3439 1912 3494 ὀνό-

262 3550 396 3605 ματι
453 3535 548 3585 τοῦ
609 3530 797 3606 Κυρίου
826 3536 921 3586 τοῦ
945 3536 1176 3608 Χριστοῦ
1205 3527 1382 3593 ἔξελθε
1429 3525 1522 3584 ἀπ’
1576 3530 1764 3594 αὐτῆς.
1816 3528 1914 3585 Καὶ

263 3623 605 3699 παραχρῆμα
666 3622 694 3674 ὁ
748 3617 950 3693 δαίμων
1011 3621 1084 3683 ὡς
1158 3620 1260 3676 ὑπὸ
1317 3619 1483 3696 πυρὸς
1563 3617 1915 3692 ἐλαυνόμενος

267 3707 552 3789 ἐχώρησεν
590 3725 606 3743 ·
644 3709 680 3777 ἡ
724 3705 778 3763 δὲ
824 3707 909 3765 ἰπὶ
967 3708 1060 3765 τοῦ
1112 3705 1337 3788 ἐδάφους
1369 3712 1627 3780 πεσοῦσα,
1664 3706 1751 3762 ἐπὶ
1785 3705 1918 3762 πολ-

264 3796 364 3861 λὰς
424 3799 517 3860 τὰς
576 3797 718 3875 ὥρας
777 3796 989 3878 ἄφωνος
1061 3797 1255 3856 ἔκειτο.
1315 3799 1411 3855 Καὶ
1465 3796 1913 3875 προσευξάμενος,

266 3887 433 3954 αὐτὴν
492 3887 592 3955 τῆς
646 3889 828 3967 χειρὸς
891 3887 1218 3961 ἀναστήσας,
1255 3884 1561 3962 παρέδωκεν
1594 3887 1755 3954 αὐτὴν
1786 3887 1912 3963 ὑγιῆ

264 3988 388 4039 τοῖς
447 3982 714 4054 γονεῦσιν,
748 3975 970 4042 ’ἰδόντες
1001 3975 1057 4033 δὲ
1086 3978 1147 4032 τὸ
1172 3980 1371 4051 θαῦμα,
1407 3976 1493 4031 καὶ
1524 3974 1911 4055 δειλιάσαντες,

267 4066 469 4140 μήπως
531 4064 693 4123 πάλιν
750 4066 1087 4145 ὑποστρέψας
1143 4068 1170 4122 ὁ
1209 4066 1501 4143 ἀκάθαρτος
1546 4064 1749 4140 δαίμων
1797 4067 1913 4122 εἷσ-

269 4151 398 4233 έλθῃ
450 4155 639 4231 αὑτὴν,
694 4155 1065 4236 παρεκάλεσαν
1101 4158 1258 4214 αὑτὸν
1303 4156 1580 4231 ἐπιμεῖναι
1611 4157 1712 4222 τὴν
1744 4155 1913 4213 παῖδα

549 2811 814 2881 Ἐλεησον
845 2814 942 2881 τὴν
975 2814 1234 2892 θυγατέρα
1265 2836 1388 2888 μου,
1441 2811 1524 2868 ὅτι
1574 2811 1756 2877 δεινῶς
1808 2813 1909 2887 βαι·
1932 2867 1972 2917 C

1995 1660 2112 1714 tam
2144 1653 2322 1714 vitam
2355 1653 2644 1734 degentes
2697 1653 2999 1734 propriam
3045 1653 3333 1715 invidiam
3368 1660 3633 1726 exercet,

1996 1745 2057 1804 in
2084 1743 2343 1823 puellam
2378 1744 2698 1823 quamdam
2730 1744 3062 1823 ingressus,
3099 1742 3409 1822 cujusdam
3441 1743 3641 1805 divitis

1997 1832 2206 1913 tiliam,
2242 1835 2421 1913 cmpit
2451 1833 2730 1908 clamare,
2776 1842 2833 1894 et
2859 1834 2921 1895 S.
2955 1831 3244 1895 Jacobum
3279 1834 3637 1894 nominatim

1995 1922 2328 2003 appellare;
2362 1922 2444 1985 ita
2472 1930 2540 1985 ut
2573 1932 2850 2002 parentes
2884 1922 3094 2003 puella:
3125 1923 3541 1991 circumirent,
3581 1931 3642 1984 et

1996 2011 2222 2092 ubique
2252 2013 2517 2074 divinum
2551 2014 2716 2073 illum
2754 2013 3060 2074 hominem
3082 2012 3643 2091 investigarent,ne-

1996 2120 2113 2180 que
2138 2102 2794 2183 monasterium,neque
2825 2102 3132 2164 desertum
3156 2102 3415 2181 aliquem
3442 2101 3635 2165 locum

1996 2198 2450 2271 praetereuntes.
2485 2190 2674 2261 Quem
2721 2208 2858 2253 cum
2902 2190 3175 2251 invenire
3216 2208 3335 2251 non
3369 2201 3634 2268 possent,

1996 2286 2200 2358 postea
2230 2280 2560 2341 solitarium
2587 2280 2903 2360 quemdam
2955 2279 3261 2340 hominem
3284 2281 3348 2341 in
3370 2298 3443 2339 eo
3474 2279 3633 2355 loco,

1993 2388 2168 2449 quem
2193 2369 2799 2449 supradiximus,esse
2817 2385 3155 2446 cognovero
3169 2371 3440 2430 nt.Pater
3458 2369 3637 2447 igitur

1993 2476 2198 2520 servos
2234 2477 2374 2519 suos
2397 2477 2599 2520 secum
2627 2457 2877 2531 habens,
2913 2466 2972 2518 et
2994 2457 3250 2535 puellam
3266 2456 3490 2536 jubens
3522 2477 3640 2520 una

1996 2567 2130 2610 cum
2160 2557 2349 2608 malre
2376 2548 2431 2607 in
2454 2549 2723 2625 jumento
2748 2547 2960 2607 sedere
2993 2555 3052 2606 et
3076 2565 3211 2605 eum
3257 2547 3447 2627 sequi,
3481 2549 3644 2610 venit

1996 2643 2054 2698 in
2076 2656 2208 2699 eum
2238 2637 2541 2708 locum,de
2563 2655 2680 2716 quo
2703 2635 3000 2709 audierat,
3026 2632 3129 2696 ubi
3150 2645 3208 2696 et
3231 2634 3336 2697 ille
3358 2637 3446 2697 vir
3468 2655 3641 2700 sanc-

1997 2735 2092 2788 tus
2115 2727 2290 2786 vitam
2316 2725 2590 2813 degebat.
2614 2726 2802 2797 Quem
2828 2742 2963 2785 cum
3013 2724 3278 2799 vidisset,
3317 2735 3374 2786 et
3405 2733 3475 2787 ad
3512 2727 3643 2808 ejus

2000 2816 2185 2896 pedes
2198 2834 2262 2875 se
2275 2815 2368 2893 abj
2379 2814 3154 2894 ecisset,Miserere,inquit,
3167 2814 3302 2878 tilias
3320 2833 3643 2898 meae.quo-

1999 2907 2157 2967 niam
2184 2904 2445 2983 graviter
2480 2904 2554 2965 ab
2599 2905 2834 2983 impuro
2886 2904 3100 2981 spiritu
3124 2906 3425 2966 cruciatur
3459 2923 3472 2968 :
3504 2924 3639 2969 nam

1996 2994 2204 3073 viginti
2235 2994 2367 3055 dies
2390 3001 2549 3065 sunt,
2574 2994 2793 3074 quibus
2817 3011 3014 3070 neque
3044 2992 3270 3067 cibum,
3304 3013 3498 3075 neque
3530 3014 3640 3077 po-

1996 3093 2126 3143 tum
2158 3084 2432 3162 sumpsit,
2467 3082 2572 3143 sed
2605 3084 2824 3145 clamat
2849 3100 3109 3163 seipsam
3142 3082 3506 3160 lacerans,et
3538 3105 3647 3150 no-

2001 3190 2136 3234 men
2172 3181 2337 3234 tuum
2371 3172 2706 3253 appellans.

2078 3260 2379 3325 XlI.Tunc
2403 3260 2585 3340 jussit
2611 3261 2870 3341 puellam
2893 3262 3036 3323 illuc
3059 3261 3201 3325 duci
3238 3281 3252 3325 :
3286 3282 3546 3345 cumque
3577 3285 3646 3329 se

1998 3350 2226 3413 diutius
2284 3351 2565 3431 precibus
2618 3350 2908 3419 dedisset,
2944 3354 3030 3412 sic
3063 3351 3351 3413 ardenter
3381 3371 3486 3432 pro
3518 3356 3646 3434 ipsa

1999 3450 2279 3520 precatus
2326 3448 2436 3514 est,
2480 3453 2543 3501 ut
2578 3448 2636 3501 et
2666 3439 2928 3514 locus,in
2959 3458 3076 3520 quo
3107 3440 3363 3516 stabant,
3400 3454 3643 3507 contre-

2000 3530 2240 3591 muerit.
2270 3530 2482 3592 Finitis
2517 3547 2652 3591 vero
2699 3529 3005 3610 precibus,
3039 3529 3356 3591 insufﬂavit
3384 3530 3446 3591 in
3473 3532 3645 3596 illum

1998 3619 2299 3696 impurum
2324 3619 2627 3699 spiritum,
2656 3628 2715 3679 et
2737 3619 2841 3680 ait:
2868 3617 2933 3679 In
2984 3617 3229 3679 nomine
3258 3620 3499 3682 Domini
3529 3641 3645 3685 no-

2000 3707 2109 3769 stri
2130 3708 2275 3771 Jesn
2312 3708 2530 3771 Christi
2563 3717 2651 3771 exi
2684 3709 2759 3770 ab
2792 3709 2905 3770 ista
2932 3708 3133 3789 puella
3166 3708 3501 3793 Statimque
3530 3713 3649 3775 daa-

2003 3817 2140 3859 mon
2167 3797 2610 3879 ipse,tanquam
2635 3799 2774 3877 igne
2806 3797 3035 3878 aliquot
3064 3798 3423 3879 impulsus,e
3450 3803 3650 3882 puella

1999 3887 2301 3951 discessit.
2338 3889 2442 3952 Illa
2469 3907 2607 3950 vero
2633 3906 2766 3948 cum
2790 3889 2849 3948 in
2873 3888 3067 3949 solum
3091 3888 3649 3965 cecidisset,multis

1998 3976 2168 4040 horis
2187 3977 2376 4056 jacuit
2398 3978 2529 4039 sine
2553 3996 2718 4039 voce:
2745 3976 2847 4037 sed
2874 3984 3118 4039 sanctus
3148 3976 3248 4040 ille
3278 3980 3464 4041 Deum
3499 4000 3645 4062 pre-

1997 4076 2185 4140 catus,
2221 4085 2377 4142 eam,
2417 4086 2592 4129 manu
2649 4067 3048 4147 apprehensa,
3078 4067 3294 4142 erexit,
3332 4080 3391 4130 et
3424 4088 3647 4150 paren-

1998 4155 2164 4219 tibus
2194 4157 2318 4218 suis
2344 4156 2630 4218 reddidit.
2661 4155 2775 4229 Qui
2824 4174 2957 4217 cum
2995 4156 3341 4220 miraculum
3368 4160 3517 4222 illud
3547 4161 3641 4222 vi-

271 4232 381 4302 δύο
415 4245 645 4323 ἡμέρας,
693 4232 855 4326 ἄχρις
892 4246 953 4304 οὗ
992 4245 1267 4310 παντελῶς
1330 4243 1623 4323 ἂπαλλαγῇ
1671 4252 1764 4300 τοῦ
1793 4244 1912 4301 δαί-

2013 4246 2249 4322 lissent,
2283 4245 2539 4308 divinam
2573 4246 2823 4326 gloriam
2868 4246 3309 4310 collaudarunt.
3357 4247 3473 4312 Sed
3509 4266 3641 4313 me-

272 4355 455 4409 μονος,
512 4336 612 4394 Καὶ
669 4333 735 4403 δὴ
793 4335 1182 4401 καταλιπόντες
1243 4335 1432 4412 αὑτὴν,
1489 4335 1564 4398 εἷς
1600 4335 1687 4390 τὸν
1713 4333 1911 4391 ἑαυτῶν

271 4424 432 4481 οἷκον
462 4424 820 4504 ὑπέστρεψαν.

1997 4343 2259 4414 tuentes,
2302 4353 2379 4397 ne
2410 4338 2679 4417 impurus
2709 4335 2811 4396 ille
2843 4334 3077 4397 daemon
3109 4338 3479 4413 reversus,in
3505 4357 3640 4402 eam

1996 4425 2644 4506 ingrederetur,ipsum
2674 4435 2965 4502 rogarunt
2997 4435 3062 4489 ut
3091 4427 3291 4507 puella
3317 4429 3475 4509 apud
3505 4448 3640 4494 eum

273 4516 430 4580 duos
460 4516 590 4580 dies
620 4526 980 4593 remaneret,
1013 4517 1208 4600 quoad
1245 4517 1490 4580 omnino
1522 4534 1556 4579 a
1587 4516 1860 4582 daemone
1892 4519 2277 4585 liberaretur.
2317 4518 2520 4583 Puella
2551 4520 2727 4602 igitur
2755 4520 2910 4603 apud
2935 4540 3073 4584 eum
3102 4522 3335 4605 relicta,
3370 4535 3647 4605 parentes

271 4606 335 4669 in
362 4605 608 4669 domum
641 4625 807 4670 suam
837 4606 1066 4671 reversi
1099 4617 1259 4672 sunt.

355 4695 463 4756 II".
523 4697 795 4777 Προσῆκεν
845 4700 1041 4778 τοίνυν,
1102 4698 1279 4756 καθὼς
1337 4700 1394 4754 ἒν
1445 4698 1745 4777 προοιμίοις
1774 4700 1918 4777 εἰρή-

275 4808 469 4862 καμεν,
503 4789 637 4867 πρὸς
667 4783 967 4869 ἀσφάλειαν
999 4788 1087 4845 καὶ
1133 4786 1420 4862 οίιιοδομὴν
1450 4794 1558 4844 τῶν
1612 4790 1713 4855 τὴν
1747 4788 1917 4866 αγγε-

276 4873 434 4943 λικὴν
491 4878 692 4944 ταύτην
770 4876 1043 4934 πολιτείαν
1101 4878 1417 4958 μετιόντων,
1489 4878 1568 4952 μὴ
1632 4879 1794 4953 μόνον
1852 4880 1918 4934 τὰ

274 4966 666 5045 κατορθώματα
716 4972 823 5024 τῶν
880 4966 1100 5024 τελείων
1161 4965 1547 5047 διηγτυμένους
1608 4968 1790 5025 αὖτόθι
1850 4968 1917 5026 τὰ

276 5053 418 5111 καλὰ
453 5056 617 5131 μόνον
671 5054 1049 5133 συλλέγοντας,
1105 5055 1354 5134 ἀπείρους
1413 5057 1502 5112 καί
1558 5056 1928 5135 ἀγυμνάστους

2082 4698 2434 4764 XlILDecet
2455 4699 2841 4776 autem,sicut
2863 4699 3036 4765 initio
3053 4694 3413 4782 diximus,ad
3437 4710 3648 4771 multo-

1999 4808 2131 4851 rum
2166 4790 2502 4852 cautionem
2523 4798 2582 4851 et
2604 4791 2916 4852 caelestem
2952 4792 3106 4855 hanc
3137 4794 3315 4856 vitam
3349 4814 3644 4861 exercen-

2000 4880 2143 4941 tium
2170 4880 2777 4956 zediﬁcationem,non
2801 4881 2992 4942 solum
3020 4883 3417 4962 perfectorum
3446 4889 3647 4952 homi-

2001 4988 2142 5031 num
2168 4977 2332 5033 recte
2351 4971 2502 5032 facta
2522 4980 2860 5048 narrantes,
2890 4969 3045 5033 bona
3068 4981 3293 5037 tantum
3318 4978 3643 5059 colligere;

2012 5063 2111 5120 sed
2136 5078 2205 5118 ne
2231 5063 2511 5120 malarum
2548 5068 2759 5121 artium
2794 5074 2849 5122 et
2879 5064 3224 5136 laqueorum
3252 5071 3648 5132 scelestissimi

279 5142 425 5203 εἶναι
509 5150 617 5202 τῶν
698 5143 1052 5226 κακοτέχνων
1122 5145 1361 5223 παγίδων
1438 5152 1530 5203 τοῦ
1616 5146 1915 5226 παμμιάροι

2013 5146 2178 5240 illius
2198 5147 2386 5240 hostis
2411 5147 2675 5240 imperiti
2700 5150 2953 5230 sint,qui
2978 5149 3101 5213 Deo
3127 5155 3416 5233 serviunt;
3440 5179 3650 5240 quem—

276 5233 471 5314 ἐχθροῦ
498 5235 592 5292 τοῦ
639 5235 772 5292 Θεοῦ
826 5236 915 5291 καὶ
972 5236 1078 5291 τῶν
1109 5231 1309 5291 δούλων
1340 5234 1498 5292 αὑτοῦ
1527 5251 1542 5266 ⁸
1583 5234 1702 5291 ἀλλ’
1748 5236 1915 5305 ὥσπες

2013 5236 2333 5300 admodum
2369 5237 2658 5299 maximas
2688 5248 2749 5301 et
2780 5257 2950 5300 veras
2977 5242 3154 5321 hujus
3185 5231 3651 5313 hominis-virm-

280 5325 538 5403 μεγίστας
569 5327 657 5381 καὶ
704 5323 930 5392 ἀληθεῖς
989 5325 1178 5403 ἀρετὰς
1236 5331 1329 5381 τοῦ
1385 5324 1571 5402 ἀνδρὸς
1635 5324 1924 5391 κατελέξα-

283 5435 405 5495 μεν,
437 5414 576 5472 οἰὶτω
628 5415 738 5496 χρὴ
802 5416 891 5471 καὶ
946 5417 1038 5471 τὸν
1071 5413 1426 5493 ἐπενεχθέντα
1456 5418 1598 5486 αὐτῷ
1648 5421 1921 5495 χειμῶνα,

236 5562 239 5563 ,
282 5507 372 5562 καὶ
427 5507 528 5571 τὴν
582 5504 816 5562 ἐντεῦθεν
870 5504 1014 5579 αὑτῷ
1073 5500 1348 5579 συμϐᾶσαν
1408 5505 1623 5561 πτῶσιν
1653 5502 1924 5583 διηγήσα..

283 5598 425 5678 σθαι,
472 5595 726 5670 λέγοντας
787 5595 923 5671 μετὰ
953 5601 1143 5669 ταῦτα,
1177 5595 1249 5654 ὡς
1281 5590 1477 5664 ἔνεστι,
1511 5593 1649 5666 μετὰ
1689 5594 1789 5661 τὴν
1831 5616 1926 5652 τε-

2014 5334 2105 5388 tes
2165 5327 2690 5416 enumeravimus;
2751 5327 2856 5401 ita,
2921 5330 3189 5415 inquam,
3232 5340 3533 5416 convenit,
3590 5354 3653 5406 et

2008 5414 2458 5478 fluctuationem
2494 5422 2552 5478 in
2586 5435 2722 5477 eum
2780 5418 3024 5494 illatam,
3060 5430 3120 5484 et
3157 5414 3299 5487 inde
3331 5414 3650 5496 maximum

2011 5505 2143 5603 ejus
2175 5503 2430 5584 lapsum,
2464 5524 2773 5603 enarrare.
2811 5509 3095 5603 Dicemus
3116 5523 3312 5576 autem
3338 5517 3644 5603 deinceps,

2012 5605 2081 5658 ut
2110 5595 2306 5670 decet,
2340 5602 2402 5655 et
2449 5612 2518 5658 ea
2569 5595 2862 5659 miracula
2895 5618 3105 5678 magna
3133 5616 3313 5685 atque
3363 5595 3649 5695 ingentia,
