3954 6146
195 324 360 399 1237
1328 334 1516 399 VITA
1570 335 1674 399 SS.
1721 333 1873 398 CYR

2009 328 2042 395 Γ
2083 335 2117 397 J
2121 334 2330 399 OANN
2338 332 2430 396 IS.
3417 333 3567 401 1238

192 471 304 538 τὴν
351 469 748 550 Ἀλεξάνδρειαν
779 468 1112 550 κατειλήφει.
1163 468 1281 539 Ἐφ’
1311 469 1357 545 ᾧ
1384 471 1465 536 τίς
1521 493 1651 528 ποτε
1685 469 1748 526 ἂν
1806 470 1877 538 ﬁt

2009 468 2190 530 etioso
2209 468 2487 530 thesauro
2502 483 2955 549 reponens,qua3
2971 475 3109 531 sunt
3125 467 3585 550 pretiosissima.

191 562 313 619 τὼν
368 560 564 628 ἡδονὴν
593 562 701 634 καὶξ
731 558 1058 639 φαιδρότητα
1089 561 1427 639 παραστήσαι
1470 567 1562 617 τοῦ
1592 561 1853 639 πατριάρ-

2009 557 2156 619 hens
2178 556 2450 637 pervenit
2480 556 2925 622 Alexandriam.
2968 556 3155 630 Quam
3189 558 3266 622 ob
3297 576 3424 622 rem
3457 563 3591 642 quis

194 673 334 729 χου,
369 650 405 718 ἢ
450 650 549 719 τὴν
580 659 673 709 τοῦ
721 649 951 718 πλήθους
984 648 1145 710 παλιν
1175 651 1364 728 ἑορτὴν
1395 652 1481 707 καὶ
1514 652 1806 728 πανήγυριν
1836 667 1852 725 ;

2012 646 2027 707 1
2058 646 2416 727 patriarchae
2445 646 2807 725 voluptatem
2842 658 2904 709 et
2935 646 3227 725 laetitiam,
3264 652 3350 712 vel
3385 668 3592 713 rursus

195 739 313 811 ΟἸᾳ
345 738 399 795 δὲ
443 738 674 814 μετῆλθε
719 740 876 819 σοφία
933 740 1021 796 δια>
1065 740 1164 807 τὴν
1207 742 1335 814 πρὸς
1396 740 1488 796 τὸν
1547 736 1855 818 ἀδελφιδοῦν

2009 737 2140 815 ιριιιὶ
2173 735 2443 796 festivam
2475 733 2885 798 celebritatem
2939 736 3199 816 potuerit
3227 737 3595 803 ostendere?

195 829 528 909 ὂπότχεσιν,
564 829 785 888 ἀκοῦσαι
818 827 1009 886 καλον·
1056 829 1163 896 Ti;
1191 829 1290 907 γὰρ
1322 827 1618 896 ἒππιεύσης
1647 830 1735 885 τὸν
1765 827 1857 883 ὑπ’

2009 841 2126 885 iam
2160 823 2464 904 sapienter
2519 832 2716 885 autem
2756 842 2821 886 se
2850 825 3104 904 gesserit
3160 831 3221 886 in
3256 827 3592 905 praestando

201 919 357 992 αὖτῷ
402 919 576 976 πάντα
619 916 817 997 κλῇρον
855 918 1122 995 ἀθροίσας,
1170 931 1335 997 χεῖρα
1385 919 1483 992 μὲν
1525 917 1729 985 ἐκείνην
1773 918 1859 974 καὶ

2009 912 2235 975 omisso
2269 930 2393 974 suae
2420 914 2643 975 sororis
2684 914 2830 989 ﬁlio,
2867 913 3073 976 audire
3107 923 3197 977 est
3227 935 3427 996 opera:
3456 936 3593 999 pre-

199 1009 301 1064 σὺν
361 1010 488 1086 οὔτῇ
544 1009 645 1077 τὴν
700 1007 991 1076 επιστολὴν
1045 1006 1133 1063 ὑπ’
1188 1012 1353 1074 αὐτῆς
1385 1007 1654 1087 ἐχομένην
1708 1009 1858 1085 ἶερῶς

2009 1006 2259 1065 im.Nam
2288 1021 2422 1064 cum
2455 1008 2721 1081 sequenti
2754 1008 2845 1066 die
2876 1017 3080 1076 totum,
3114 1011 3213 1082 qui
3255 1011 3304 1066 ei
3336 1011 3593 1078 suberat.

200 1100 348 1171 ὁμου
389 1101 487 1154 καὶ
536 1096 799 1176 λαμπρῶς
843 1098 1180 1155 κατατίθεται
1228 1097 1292 1154 τά
1335 1118 1391 1152 τε
1442 1096 1579 1157 ἄλλα
1638 1096 1860 1159 τελέσας

202 1187 351 1243 κατὰ
392 1189 485 1244 τὸν
515 1189 639 1244 ναὸν
670 1186 987 1267 φιλοτίμως,
1023 1188 1112 1243 καὶ
1156 1193 1340 1243 τοῦτον
1370 1184 1468 1241 ὅσα
1523 1192 1859 1264 Χριστιανοτς

203 1280 399 1350 ν,ἱμοις
462 1276 813 1353 καθιερώσας,
860 1278 1047 1333 ἔπειτα
1096 1277 1188 1332 τὸν
1250 1272 1566 1355 ἀδελφιδοῦν
1613 1273 1858 1353 ἀγαγὼν,

203 1368 302 1423 καὶ
360 1366 500 1445 ἱερέα
556 1367 973 1446 χειροτονήσας,
1024 1363 1139 1421 ἀντ’
1206 1363 1377 1431 ἄλλης
1437 1362 1577 1437 αύτῷ
1642 1365 1862 1441 συζύγου

207 1456 314 1521 τὴν
360 1453 684 1523 Ἐκκλησίαν
743 1455 1119 1530 μνηστεύεται,
1154 1453 1289 1512 Ἰδού
1338 1475 1420 1509 σοι
1480 1453 1566 1509 καὶ
1610 1454 1643 1521 ἡ
1704 1452 1861 1530 γυνὴ,

212 1547 352 1624 πρὸς
404 1546 562 1604 αὐτὸν
594 1544 780 1600 εἰπών’
844 1543 981 1600 ἀλλα
1009 1541 1175 1611 κηδου
1224 1544 1445 1616 ταύτης,
1478 1543 1552 1605 ὡς
1596 1543 1868 1619 προσῆκόν

212 1635 359 1695 ἐστι.
414 1634 516 1691 Τοῦ
546 1633 740 1712 λεχθὲν
791 1632 931 1689 οὕτω
975 1632 1066 1688 τὸν
1113 1631 1230 1689 νέον
1288 1629 1521 1710 διέθηκε,
1555 1630 1651 1687 καί
1702 1629 1867 1693 οὕτως

216 1724 383 1780 αὒτοῧ
424 1722 668 1779 καθίκετο
710 1722 811 1789 τῆς
864 1725 1048 1800 ψυχῆς
1104 1722 1188 1777 καὶ
1224 1720 1483 1795 μετέθηκε
1537 1721 1637 1787 τὴν
1684 1719 1867 1776 ἐπιθυ-ο

1942 1092 2170 1157 clerum
2197 1101 2611 1168 convocasset,
2636 1112 2875 1155 manum
2910 1094 3147 1176 quidem
3173 1094 3428 1170 illam,et
3457 1116 3593 1159 cum

1941 1183 2072 1262 ipsa
2092 1181 2432 1264 epistolam,
2466 1202 2598 1263 quae
2642 1181 2715 1244 ab
2749 1201 2817 1244 ea
2851 1183 3183 1260 tenebatur,
3215 1195 3597 1249 sacrosancte

1944 1271 2122 1333 simul
2155 1279 2213 1332 et
2245 1271 2528 1351 praeclare
2552 1271 2838 1352 deponit:
2872 1280 2935 1335 et
2964 1292 3098 1334 cum
3134 1272 3249 1334 alia
3279 1273 3339 1334 in
3372 1275 3594 1357 templo

1945 1359 2263 1441 splendide
2290 1369 2346 1421 et
2380 1360 2701 1440 magniﬁce
2730 1361 3077 1441 peregisset,
3112 1361 3292 1443 idque
3322 1362 3397 1427 de
3429 1383 3597 1427 more

1951 1450 2422 1513 Christianorum
2448 1458 2884 1526 consecrasset,
2909 1451 3165 1513 adducto
3189 1453 3408 1516 deinde
3433 1472 3597 1516 soro-

1951 1539 2035 1601 ris
2055 1539 2268 1613 ﬁlio,et
2287 1538 2598 1601 sacerdote
2622 1540 2916 1612 ordinato,
2951 1540 3083 1601 loco
3105 1540 3351 1604 alterius
3381 1543 3597 1623 conju-

1951 1628 2039 1706 gis
2062 1626 2120 1688 ei
2141 1626 2472 1707 desponset
2495 1628 2901 1702 ecclesiam,ei
2926 1628 3160 1691 dicens:
3179 1629 3265 1691 En
3290 1630 3392 1692 tibi
3424 1648 3596 1705 uxor;

1951 1717 2059 1778 sed
2089 1717 2244 1797 ejus,
2281 1725 2344 1777 ut
2377 1735 2481 1796 par
2510 1725 2621 1793 est,
2654 1736 2856 1779 curam
2902 1736 3067 1796 gere.
3100 1719 3224 1781 Hoc
3254 1719 3478 1782 dictum
3512 1725 3599 1782 sic

211 1814 367 1885 μίαν,
413 1813 487 1875 ὡς
519 1808 688 1867 πλείω
731 1811 790 1866 τὸ
822 1811 958 1884 μετὰ
987 1816 1158 1867 ταῦτα
1188 1811 1467 1886 παρθενίας
1507 1806 1677 1887 ἔρωτα
1707 1820 1869 1887 σχεῖν

2009 1805 2150 1868 iecit
2179 1804 2646 1881 adolescentem,
2682 1817 2738 1867 et
2769 1807 2896 1887 ejus
2945 1807 3031 1870 sic
3062 1808 3255 1887 tetigit
3305 1810 3596 1885 animum,

210 1901 250 1969 ἢ
283 1908 391 1957 τῶν
441 1902 630 1978 γάμων
661 1901 940 1977 πρότερον.
979 1897 1141 1955 Ἀλλα
1203 1900 1321 1975 περὶ
1354 1898 1451 1972 μὲν
1495 1898 1699 1954 τούτων
1726 1896 1869 1960 ἅλις.

1957 1903 2017 1957 et
2069 1894 2319 1957 dimovit
2376 1894 2789 1974 cupiditatem,
2852 1903 2915 1958 ut
2973 1898 3201 1978 majore
3246 1898 3600 1978 virginitatis

212 1988 402 2052 fuerit
428 1989 716 2069 deinceps
746 1994 956 2067 captus
986 2003 1218 2060 amore,
1255 2003 1434 2063 quam
1468 1993 1606 2047 ante
1638 1981 2029 2047 matrimonii.
2066 1982 2185 2046 Sed
2220 1984 2291 2044 de
2322 1982 2417 2044 his
2446 1983 2690 2064 quidem
2727 1985 2891 2047 satis.

304 2078 385 2138 Z'.
449 2068 612 2152 Ἠμϊν
654 2068 713 2133 δὲ
749 2078 916 2154 Κύρου
967 2076 1135 2133 πάλιν
1181 2078 1268 2132 καὶ
1307 2081 1414 2132 τῶν
1448 2073 1614 2145 Κύρου
1653 2098 1870 2151 μνημο-

2009 2070 2137 2136 VII.
2171 2070 2353 2133 Nobis
2386 2082 2585 2135 autem
2612 2091 2819 2135 rursus
2851 2074 2983 2155 Cyri
3015 2081 3075 2136 et
3119 2073 3327 2137 eorum
3361 2095 3492 2157 quas
3526 2079 3599 2140 ad

221 2166 459 2246 νεδτὲον,
492 2168 550 2222 ὃν
602 2168 688 2222 καὶ
738 2173 831 2223 τοῦ
888 2166 1147 2243 παρόντος
1203 2165 1366 2244 λόγου
1423 2164 1673 2221 ὑπόθεσιν
1731 2187 1871 2240 προ-

2009 2180 2166 2243 yrum
2201 2161 2505 2243 pertinent
2538 2163 2810 2224 facienda
2839 2172 2932 2225 est
2959 2164 3181 2226 mentio
3210 2186 3224 2228 :
3256 2185 3434 2246 quem
3463 2170 3602 2249 qui-

220 2255 468 2332 εθέμεθα,
529 2255 692 2320 Οὗτος
734 2256 904 2311 τοίνυν
946 2256 1189 2330 ἰατρικὴν
1245 2255 1478 2332 γεγονὼς
1532 2256 1640 2311 τῶν
1697 2253 1874 2310 ἄλλων

2009 2270 2093 2313 em
2129 2251 2550 2331 proposuimus
2578 2260 2993 2332 argumentum
3033 2255 3344 2335 praesentis
3372 2257 3603 2320 oratio-

223 2346 647 2424 διαφορώτατος,
722 2342 873 2402 οὗδὲν
943 2344 1104 2413 ἧττον
1171 2346 1259 2400 καὶ
1341 2344 1453 2420 βίον
1530 2347 1595 2413 ἦν
1668 2344 1873 2420 ἀνθρώ-

2009 2340 2074 2401 is.
2109 2340 2221 2403 Hic
2267 2358 2408 2420 ergo
2440 2360 2574 2402 cum
2621 2347 2678 2402 in
2710 2350 2839 2404 arte
2870 2342 3170 2404 medicina
3197 2344 3451 2407 aliorum
3494 2366 3601 2409 ex-

224 2458 350 2497 ποις
396 2433 838 2514 ὠφελιμώτατος,
895 2439 963 2510 τῇ
1021 2433 1119 2509 μὲν
1173 2432 1345 2514 τέχνῇ
1402 2434 1469 2489 τὰ
1524 2433 1750 2509 σώματα
1804 2439 1877 2507 τῷ

2009 2429 2472 2505 silentissimus,
2532 2431 2723 2493 nihilo
2803 2432 3002 2495 secius
3053 2442 3181 2494 erat
3241 2437 3414 2497 etiam
3488 2437 3605 2499 vita

224 2525 411 2603 τρόπῳ
466 2523 519 2579 δὲ
549 2525 641 2589 τὰς
686 2525 868 2603 ψυχὰς
898 2524 1222 2600 θεραπεύων·
1287 2521 1492 2598 μᾶλλον
1522 2521 1694 2580 δὲκαὶ
1747 2523 1877 2601 τρό-

2009 2519 2307 2582 ominibus
2384 2520 2781 2583 utilissimus:
2837 2530 2962 2584 arte
3019 2522 3262 2603 quidem
3323 2544 3602 2609 corpora,

227 2636 334 2671 που
405 2613 470 2669 τὰ
528 2611 705 2669 πολλὰ
768 2614 1061 2692 φροντίζειν
1112 2613 1303 2669 πείθων
1376 2611 1461 2668 διὰ
1510 2617 1608 2678 τῆς
1674 2612 1877 2692 τέχνης

2009 2609 2235 2671 toribus
2265 2616 2462 2672 autem
2494 2629 2710 2673 curans
2740 2613 2971 2675 animas
2998 2633 3012 2676 :
3046 2612 3138 2674 vel
3162 2615 3355 2695 potius
3386 2634 3493 2696 per
3515 2635 3608 2679 nr-

228 2705 321 2758 καὶ
380 2700 624 2758 διδάσκον
653 2701 809 2757 νόσον
848 2701 1034 2780 ψυχῆς
1064 2699 1250 2759 πολλῶ
1292 2708 1385 2759 τοῦ
1437 2704 1686 2776 σώματος
1737 2703 1877 2758 εἶναι

2009 2717 2085 2760 ξω
2136 2699 2530 2780 persuadens,
2566 2709 2628 2760 ut
2679 2718 2913 2762 morum
2971 2719 3174 2763 curam
3210 2715 3514 2786 gererent,
3548 2715 3610 2769 et

236 2790 633 2873 χαλεποτὲραν,
673 2790 783 2865 ὅσῳ
830 2793 917 2847 καὶ
960 2792 1156 2857 ταύτης
1202 2793 1368 2848 αἰτίαν
1429 2791 1688 2854 πολλάκις
1739 2792 1877 2848 ἐκεί-

2009 2807 2193 2851 ocens
2215 2788 2489 2851 morbum
2510 2790 2730 2851 anima;
2759 2808 2891 2853 esse
2912 2791 3121 2853 morbo
3145 2796 3418 2874 corporis
3433 2795 3612 2876 longe

237 2905 334 2948 νην
392 2881 645 2960 γίνεσθαι,
691 2885 784 2937 τοῦ
845 2879 1115 2937 Δεσπὸτου
1174 2881 1389 2937 πάντων
1434 2882 1523 2938 καὶ
1579 2882 1759 2955 ἰατροῦ
1800 2879 1885 2937 διὰ

236 2973 392 3027 νόσου
461 2974 777 3045 σωματικῆς
860 2970 1049 3025 κακίαν
1118 2970 1261 3045 ἡμᾶς
1344 2968 1628 3027 ἀποθέσθαι
1698 2973 1884 3050 ψυχῆς

244 3056 653 3130 σπουδάζοντος,
688 3058 724 3127 ἢ
772 3059 855 3115 καὶ
894 3059 1058 3114 νόσων
1102 3056 1243 3114 ἐστὶν
1276 3058 1443 3122 ὄντως
1502 3058 1884 3138 σφαλερωτάτη

240 3151 326 3206 καὶ
397 3146 829 3226 δυσθεράπευτος.
897 3156 1050 3205 Εϊσιν
1107 3147 1206 3227 γὰρ
1277 3149 1349 3214 εἷς
1407 3148 1528 3213 τοὺς
1599 3154 1885 3212 νοσοῦντας

1968 2878 2369 2942 difﬁciliorem
2407 2897 2421 2942 :
2458 2879 2615 2961 quod
2649 2880 2827 2958 hujus
2857 2899 3093 2962 quoque
3122 2881 3223 2944 ille
3252 2901 3407 2966 saepe
3435 2905 3613 2949 causa

1968 2969 2067 3049 sit,
2092 2968 2350 3031 Domino
2382 2970 2649 3030 omnium
2683 2978 2741 3031 et
2762 2970 2997 3032 medico
3019 2971 3300 3035 studente
3323 2992 3430 3054 per
3458 2994 3613 3050 mor-

1967 3055 2108 3119 bum
2143 3058 2437 3139 corporis,
2470 3068 2537 3120 ut
2567 3077 2675 3120 nos
2714 3059 2930 3121 animae
2959 3061 3164 3123 vitium
3199 3062 3610 3144 deponamus:

1970 3147 2128 3227 quod
2153 3147 2397 3227 quidem
2419 3155 2479 3209 et
2509 3153 2855 3210 morborum
2882 3165 3090 3211 revera
3112 3149 3288 3230 longe
3307 3151 3614 3234 periculo-

240 3240 269 3294 ὃ
336 3243 520 3314 Κῦρος,
556 3239 615 3295 οὗ
662 3239 769 3292 τῶν
827 3235 1071 3303 Γαληνοῦ
1100 3239 1186 3292 καὶ
1236 3228 1615 3313 Ἱπποκράτους
1664 3238 1753 3293 καὶ
1779 3242 1877 3294 τῶν

2009 3234 2269 3334 lssimﬁm
2295 3244 2356 3299 et
2385 3245 2591 3299 curatu
2618 3237 3140 3334 difﬁcilimuméd
3172 3228 3423 3334 mgrotos
3454 3243 3615 3334 enim

237 3326 439 3401 ὁμοίων
496 3327 708 3390 πάντως
756 3327 1031 3401 ἒμὲμνητο
1089 3332 1271 3399 (ταῦτα
1326 3327 1427 3403 γὰρ
1470 3326 1653 3398 ἐκείνῳ
1704 3323 1877 3383 δευτέ-

2009 3326 2318 3404 ngrediens
2339 3328 2547 3407 Cyrus,
2582 3345 2700 3388 non
2721 3327 2931 3389 Galeni
2959 3335 3017 3388 et
3043 3327 3419 3411 Hippocratis
3444 3340 3503 3395 et
3533 3332 3618 3392 si-

234 3439 326 3495 ρο.)
361 3413 573 3495 λόγου),
604 3412 726 3472 ἀλλ’
756 3415 865 3471 ἀπο
895 3420 995 3482 τῆς
1047 3414 1314 3492 ἡμετέρας
1347 3412 1635 3490 λαμϐάνων
1678 3415 1884 3491 πηγῆς,

230 3507 321 3561 καὶ
393 3502 595 3566 πολλὰς
648 3502 858 3577 ἐπᾴδων
913 3507 1098 3566 αὐτοῖς
1155 3509 1262 3560 τῶν
1311 3510 1659 3585 προφητικῶν
1688 3526 1745 3561 τε
1801 3526 1890 3561 και

232 3593 630 3667 ἆποστολικῶν,
686 3593 888 3672 ἀλλάγε
968 3595 1056 3649 καὶ
1118 3599 1392 3671 πατρικῶν
1471 3593 1701 3671 ῥήσεων,
1764 3592 1890 3651 εἶτα

234 3685 325 3740 καὶ
378 3684 444 3738 τὰ
494 3688 594 3750 τῆς
651 3683 875 3762 χάριτος
929 3683 1224 3760 προστιθεὶς
1281 3683 1539 3759 ὑγιαίνειν
1583 3682 1771 3746 αὖτοὺς
1832 3684 1891 3740 οὒ

237 3775 302 3829 τὰ
358 3772 581 3848 σώματα
613 3771 775 3846 μόνον
819 3770 957 3830 ἀλλὰ
998 3773 1095 3827 καί
1145 3772 1239 3835 τὰς
1272 3771 1455 3850 ψυχὰς
1506 3773 1889 3851 παρεσκεύαζε,

237 3863 326 3919 καὶ
384 3872 503 3940 περί
562 3867 762 3938 μικρῶν
823 3861 1094 3936 δεομένοις
1156 3863 1287 3918 αὖτά
1343 3881 1399 3916 τε
1444 3858 1633 3939 ἐδίδου,
1678 3864 1766 3917 καὶ
1826 3862 1891 3916 τὰ

237 3951 424 4025 πολλῷ
486 3954 698 4026 μείζονα
754 3952 954 4007 τούτων
1025 3949 1182 4029 (ἅπερ
1244 3951 1343 4006 εἰσὶ
1391 3956 1523 4006 Θεοῦ
1580 3950 1887 4028 ἐπίγνωσις,

240 4042 429 4104 κακίας
488 4042 765 4119 κάθαρσις,
828 4041 1064 4118 σωτηρία
1122 4038 1330 4118 ψυχῆς)
1396 4039 1698 4118 ἐχαρίζετο,
1756 4040 1896 4096 πολ-

1972 3415 2202 3476 milium
2231 3417 2476 3477 omnino
2505 3416 2861 3478 meminerat
2886 3416 2961 3496 (is
2994 3418 3153 3479 enim
3190 3420 3455 3482 secundo
3487 3420 3618 3483 loco

1973 3521 2181 3565 eorum
2213 3503 2474 3566 habebat
2509 3504 2856 3585 rationem),
2882 3506 2988 3567 sed
3022 3525 3055 3567 a
3087 3516 3288 3569 nostro
3319 3509 3483 3571 fonte
3513 3528 3620 3572 su-

1973 3611 2146 3655 mens
2196 3593 2664 3674 propheticaque
2729 3603 2788 3656 et
2845 3595 3178 3675 apostolica
3221 3603 3398 3679 atque
3444 3597 3622 3660 etiam

1974 3692 2218 3763 paterna
2243 3685 2332 3745 eis
2364 3683 2554 3745 multa
2584 3684 2744 3745 dicta
2772 3686 3082 3760 accinens,
3109 3696 3165 3747 et
3197 3687 3419 3749 deinde
3443 3689 3625 3751 etiam

1971 3773 2223 3851 gratiam
2276 3772 2600 3853 adjiciens,
2635 3774 2936 3836 efﬁciebat
2968 3785 3028 3836 ut
3079 3776 3208 3837 sani
3240 3787 3470 3850 essent,
3505 3797 3627 3840 non

1973 3861 2164 3923 solum
2201 3862 2582 3941 corporibus,
2611 3865 2715 3925 sed
2752 3865 3084 3929 etanimis:
3122 3875 3179 3929 et
3211 3885 3386 3947 parva
3406 3886 3626 3948 rogan-

1982 3951 2138 4012 tibus
2172 3960 2229 4013 et
2260 3970 2329 4012 ea
2353 3951 2554 4029 dabat,
2580 3962 2634 4015 et
2659 3954 2731 4015 iis
2756 3954 2938 4016 multo
2972 3957 3320 4036 majoribus,
3347 3978 3477 4039 quae
3501 3957 3633 4040 qui-

1981 4041 2116 4103 dem
2149 4040 2429 4114 sunt,Dei
2461 4042 2711 4120 agnitio,
2734 4043 2855 4103 vitii
2888 4044 3178 4124 purgatio,
3204 4045 3361 4106 salus
3390 4046 3629 4120 animm,

240 4130 366 4197 λοὺς
439 4131 535 4203 μὲν
591 4134 697 4186 τῶν
769 4128 1001 4185 εὐσεϐῶν
1071 4126 1401 4206 ἑδραιτὲρους
1458 4128 1535 4184 ἔτι
1608 4130 1739 4207 πρὸς
1797 4130 1877 4197 τὴε

2009 4129 2069 4190 iis
2108 4129 2597 4207 gratiﬁcabatur:
2636 4133 2853 4195 multos
2882 4132 3120 4213 quidem
3174 4152 3247 4197 ex
3279 4135 3390 4213 piis
3439 4135 3633 4196 adhuc

239 4221 494 4289 ἀλήθειαν
555 4220 934 4298 ἐργαζόμενος,
968 4216 1199 4282 πολλοὺς
1258 4216 1313 4273 δὲ
1373 4218 1460 4273 καὶ
1492 4223 1597 4274 τῶν
1658 4219 1877 4276 ἀπίστωε

2013 4217 2323 4280 tabiliores
2375 4219 2646 4282 efﬁciens
2677 4222 2751 4282 ad
2806 4221 3138 4303 veritatem,
3174 4224 3388 4286 multos
3436 4236 3633 4285 autem

238 4317 339 4387 τῇς
384 4308 714 4376 Ἑλληνικῆς
751 4308 1121 4382 ἐξαιρούμενος
1154 4305 1387 4372 πλάνης.
1436 4305 1619 4373 Πολλὴ
1651 4304 1703 4361 δὲ
1764 4306 1877 4362 αὕτη

2009 4308 2165 4368 etiam
2196 4325 2265 4370 ex
2297 4308 2645 4370 inﬁdelibus
2663 4309 2736 4371 ab
2768 4329 2974 4373 errore
3002 4311 3269 4373 liberans
3299 4312 3634 4393 gentilium.

239 4402 361 4456 τότε
409 4401 501 4456 καὶ
533 4397 772 4468 πολλῶν,
807 4398 842 4466 ἢ
887 4398 972 4453 καὶ
1022 4402 1129 4454 τῶν
1174 4395 1463 4476 πλειόνων,
1496 4393 1872 4470 ἐπειλημμένη

2013 4414 2040 4457 s
2071 4414 2213 4457 vero
2248 4407 2389 4459 tunc
2423 4406 2549 4460 erat
2580 4399 2888 4481 frequens,
2925 4410 2983 4462 et
3015 4402 3230 4462 multos
3282 4412 3456 4483 atque
3487 4403 3635 4465 adeo

246 4488 645 4556 Διοκλητιανοῦ
676 4510 738 4564 γε
784 4489 843 4543 τὸ
883 4485 1162 4563 σκῆπτρον
1220 4486 1468 4565 ἔχοντος,
1525 4486 1582 4545 ὃς
1655 4489 1751 4543 οὒκ
1793 4485 1877 4541 ἆπέ

2009 4487 2185 4547 ilures
2217 4485 2541 4562 invaserat,
2580 4498 2727 4552 tunc
2758 4499 3059 4572 sceptrum
3124 4499 3368 4553 tenente
3397 4490 3636 4554 Diocle-

239 4586 333 4636 τοῦ
362 4576 688 4651 διαδήματος
742 4575 950 4650 μᾶλλον
980 4577 1014 4644 ἢ
1072 4576 1179 4632 ἀπὸ
1210 4584 1303 4634 τοῦ
1345 4574 1626 4651 περιόντος
1659 4575 1731 4640 εἱς
1786 4571 1877 4630 δεμ

2009 4573 2175 4649 iano,
2236 4575 2340 4658 qui
2398 4595 2516 4638 non
2569 4577 2759 4658 magis
2818 4571 2947 4640 erat
3002 4578 3253 4659 insignis
3303 4580 3641 4644 diademate

245 4640 583 4742 σιδαιμονίαν
613 4668 674 4724 τὸ
724 4640 994 4741 ἐπίσημον
1029 4665 1215 4745 ἔσχεν,
1274 4665 1365 4721 Ἐν
1405 4640 1577 4735 τούτῳ
1606 4663 1707 4741 γὰρ
1762 4663 1877 4721 πολι

2009 4682 2166 4744 [nam
2219 4640 2405 4729 nimia
2452 4640 2907 4748 superstitione.
2942 4670 3091 4749 Nam
3121 4640 3199 4731 in
3232 4669 3347 4732 hoc
3393 4670 3639 4752 quidem

246 4759 372 4822 λοὺς
417 4758 681 4834 εύρήσεις,
727 4756 815 4817 οἷς
869 4754 932 4811 ἂν
976 4756 1136 4813 αὐτὸν
1178 4756 1479 4829 ὁμοιώσῃς,
1518 4750 1572 4807 ἒν
1616 4751 1805 4826 ἐκείνῳ
1849 4752 1877 4810 δ

2009 4755 2210 4815 nultos
2242 4755 2537 4828 invenies,
2572 4756 2792 4837 quibus
2819 4757 3016 4838 ipsum
3062 4750 3493 4821 assimilaveris
3527 4779 3541 4820 :
3578 4760 3643 4822 in

245 4846 525 4910 παντελῶς
560 4845 794 4923 ὀλίγους.

2014 4842 2092 4903 llo
2124 4851 2348 4920 autem,
2379 4845 2628 4908 omnino
2660 4865 2902 4927 paucos.

333 4928 421 4997 11⁸.
487 4935 648 4993 Ἐπεῖ
677 4933 732 4991 δὲ
777 4932 896 4990 οὔτε
955 4931 1141 4989 λαθεῖν
1181 4938 1349 4989 ταῦτα
1406 4932 1496 4987 τὸν
1548 4932 1781 5009 πονηρὸν
1813 4932 1877 5000 ἧν

2071 4931 2222 4994 Vlll.
2273 4932 2419 4995 Cum
2454 4952 2592 4997 vero
2627 4954 2737 4997 nec
2769 4936 2900 4999 ﬁeri
2945 4944 3170 5018 posset,
3205 4945 3267 4999 ut
3317 4937 3643 5018 malignum

250 5026 369 5084 οὔτε
430 5025 507 5100 μὴ
552 5023 779 5080 λαθόντα
811 5024 1130 5099 ὑπενεγκεῖν
1174 5020 1352 5099 ῥᾴδιον
1394 5018 1757 5100 (δυσκάτοχον
1805 5022 1907 5100 γὰρ

250 5119 284 5183 ἡ
330 5118 490 5171 κακία
519 5115 609 5170 καὶ
639 5112 882 5192 ἰταμόν),
915 5110 1054 5178 δῆλα
1084 5112 1170 5167 καὶ
1204 5115 1279 5183 τῷ
1308 5115 1404 5187 τῇς
1439 5108 1649 5175 πόλεως
1679 5108 1905 5188 ἄρχοντι

251 5203 322 5260 δι’
376 5203 537 5260 αὖτοῦ
578 5202 802 5280 γίνεται,
852 5199 1030 5276 πολλῇ
1071 5200 1161 5255 καὶ
1192 5203 1336 5272 αύτῷ
1385 5200 1525 5254 κατὰ
1575 5205 1905 5276 Χριστιανῶν

255 5290 583 5372 κεχρημένῳ
645 5291 829 5365 μανίᾳ·
893 5292 949 5351 ὃς
1012 5290 1095 5344 καὶ
1153 5286 1519 5372 συλληφθέντα
1592 5288 1684 5342 τὸν
1744 5294 1907 5364 Κῦρον

254 5368 403 5448 εὒθῧς
451 5382 688 5460 ἀχθῆναι
760 5377 1145 5448 διακελεύεται,
1204 5368 1262 5434 Ὀ
1327 5375 1408 5456 δὲ,
1470 5375 1530 5431 τό
1587 5378 1907 5454 πρόσταγμα

255 5472 441 5548 γνοὺς,
479 5469 576 5537 τῆς
631 5466 838 5531 πόλεώς
871 5488 927 5522 τε
974 5465 1185 5541 ἀπαίρει
1219 5465 1316 5522 κᾶν
1370 5469 1438 5540 τῇ
1468 5465 1601 5543 πρὸς
1662 5466 1909 5543 Αἰγύπτῳ

257 5557 481 5639 Ἀραϐίᾳ
530 5558 756 5635 γίνεναι.
808 5554 979 5612 Ἀλλὰ
1025 5552 1212 5629 μηδεὶς
1255 5553 1527 5610 ἀσθένειαν
1581 5552 1719 5625 μηδὲ
1778 5576 1910 5629 σμι-

258 5646 688 5731 κρότηταψυχῆς
744 5653 837 5703 τοῦ
880 5643 1065 5725 ἀνδρὸς
1110 5644 1464 5725 καταγνώτω.
1517 5645 1590 5700 Οὔ
1622 5649 1722 5723 γὰρ
1783 5646 1911 5727 πρὸς

1989 5020 2116 5082 haec
2144 5021 2428 5096 laterent,
2463 5043 2663 5106 neque
2694 5025 2745 5087 si
2795 5044 2913 5088 non
2947 5026 3283 5101 latuissent,
3317 5026 3476 5089 ferre
3518 5039 3647 5091 erat

1988 5110 2164 5201 facile
2198 5110 2320 5201 (res
2366 5114 2527 5175 enim
2591 5134 2722 5195 quia
2751 5115 3079 5178 difﬁciliter
3124 5117 3423 5179 contineri
3459 5127 3648 5201 potest

1990 5207 2046 5261 et
2081 5198 2401 5280 impudens
2432 5213 2523 5265 est
2562 5204 2821 5287 vitium),
2855 5206 2987 5268 haec
3020 5224 3126 5287 per
3152 5208 3353 5288 ipsum
3406 5198 3647 5287 signiﬁ-

1990 5297 2201 5377 cantur
2233 5291 2471 5370 praasidi
2505 5294 2761 5355 civitatis
2790 5294 2889 5375 qui
2919 5313 3136 5374 magno
3164 5314 3408 5377 quoque
3440 5297 3653 5359 incita-

1990 5376 2166 5439 batur
2195 5377 2396 5442 furore
2425 5380 2486 5442 in
2535 5380 2942 5444 Christianos:
2990 5385 3090 5465 qui
3138 5376 3649 5467 comprehensum

1994 5484 2237 5547 quoque
2266 5466 2480 5548 Cyrum
2514 5473 2711 5533 statim
2739 5473 2915 5552 jubet
2944 5473 3107 5537 duci.
3142 5473 3252 5537 Ille
3271 5466 3474 5537 autem
3509 5494 3647 5537 cum

1989 5557 2227 5637 jussum
2255 5560 2659 5642 cognovisset,
2685 5561 2912 5623 recedit
2947 5582 2981 5624 a
3011 5563 3270 5639 civitate,
3303 5572 3361 5626 et
3396 5565 3559 5627 venit
3591 5564 3654 5626 in

1996 5643 2308 5726 Arabiam,
2339 5666 2472 5731 quae
2501 5651 2675 5715 estin
2695 5648 2920 5715 ﬁnibus
2943 5652 3204 5737 Egypti.
3240 5652 3424 5719 Nemo
3455 5662 3654 5717 autem
