3954 6146
365 241 529 308 1239
1664 248 1946 314 MENSIS
2006 250 2023 312 l

2109 246 2468 313 NUARIUS.
3630 236 3781 304 1240

369 397 505 442 eum
532 377 1362 455 condemnetimbecillitatis,
1392 397 1589 461 neque
1615 380 1819 462 pusilli
1840 388 1900 443 et
1929 379 2022 441 ab-

2109 380 2205 447 τῆν
2249 387 2341 438 τοῦ
2370 381 2638 461 ἄρχοντος
2669 380 2931 456 ὠμότητα
2960 378 3195 457 βλέψας,
3233 375 3360 438 οὖδὲ
3408 376 3507 438 τὰς
3529 373 3624 431 διὰ
3651 382 3773 453 Χρι-

362 470 512 551 jecti
542 469 751 534 animi.
787 473 917 533 Non
950 470 1107 533 enim
1159 471 1458 550 aspiciens
1490 470 1560 530 ad
1596 469 2012 531 crudelitatem

2109 471 2226 526 στὸν
2275 472 2539 547 βασάνους
2596 470 2937 549 ὑποπτήξας,
2973 469 3090 527 οὐδὲ
3119 468 3378 545 μαλακὸν
3443 464 3604 525 οὐδὲν
3646 467 3774 521 ὕπο-

371 560 668 641 praesidis,
701 578 897 641 neque
928 569 1175 641 propter
1218 559 1519 621 Christum
1551 560 1858 622 afferenda
1891 568 2018 619 tor-

2109 559 2255 639 στὰς,
2301 559 2484 626 ἐξῆλθε
2540 568 2637 631 τῆς
2711 560 2945 625 πόλεως’
3007 559 3148 616 ἀλλὰ
3207 565 3376 615 τοῦτο
3438 558 3545 632 μὲν
3606 554 3773 631 πράτ-

376 659 576 713 menta
602 649 1224 730 reformidans,neque
1254 649 1431 711 ullam
1458 658 1595 711 otus
1623 648 1806 710 animi
1834 647 2022 710 molli-

2109 647 2280 724 γελμα
2342 650 2670 706 Δεσποτικὸν
2717 648 3031 722 ἐκπληρων·
3083 670 3108 705 ι
3144 648 3267 707 ⁹¹Οτ’
3326 650 3391 703 ἂν
3444 648 3578 724 γὰρ,

374 739 615 808 tia,exiit
640 758 673 800 e
695 739 1072 800 civitatezsed
1098 739 1308 819 partim
1338 738 1578 818 quidem
1601 738 1855 817 implens
1878 755 2023 817 prae-

376 837 612 908 ceptum
640 827 878 889 Domini
901 829 947 890 i:
981 818 1265 900 «Quando
1290 827 1704 907 enim,inquit,
1733 818 2033 908 persecuti

375 936 476 978 vos
498 916 794 979 fuerintin
817 918 925 978 hac
953 917 1218 989 civitate,
1244 917 1424 993 fugite
1458 917 1517 978 in
1547 917 1784 997 aliam;n
1818 916 2031 996 partim

375 1025 511 1068 vero
540 1007 719 1067 etiam
747 1024 853 1085 per
873 1006 1056 1068 otium
1086 1007 1291 1068 volens
1313 1006 1576 1087 seipsum
1620 1004 2029 1078 considerare,

372 1106 432 1160 et
451 1116 557 1160 cor
575 1117 748 1159 suum
771 1115 1014 1173 acuere,
1041 1110 1101 1160 et
1126 1098 1342 1159 deinde
1372 1097 1620 1176 aggredi
1658 1100 1730 1158 ad
1764 1096 2030 1177 pericula

372 1206 479 1269 pro
505 1186 742 1251 Christo
763 1187 1334 1267 suscipienda:forte
1352 1195 1549 1248 autem
1572 1185 2032 1266 divinaquoque

371 1277 743 1359 providentia
764 1296 900 1339 eum
927 1285 1181 1339 vocante
1206 1276 1268 1338 in
1289 1275 1575 1340 Arabiam
1610 1283 1858 1356 propter
1888 1273 2029 1336 infi-

373 1367 565 1441 deles,
602 1386 750 1444 quos
780 1366 906 1429 illic
937 1376 1064 1428 erat
1092 1367 1165 1429 ad
1216 1366 1515 1429 Christum
1550 1363 1939 1435 adducturus,
1975 1373 2035 1426 et

377 1456 585 1518 fideles
616 1474 826 1518 rursus
871 1456 1195 1518 eﬂ‘ecturus
1226 1454 1690 1520 constantiores.
1746 1456 1900 1515 Cum
1928 1454 2032 1516 ille

374 1562 520 1623 ergo
546 1545 634 1608 sic
657 1554 713 1608 et
739 1554 980 1626 propter
1000 1545 1127 1607 haec
1142 1545 1404 1607 venisset
1426 1545 1485 1606 in
1514 1541 2027 1616 Arabiam,statim

375 1642 566 1697 mutat
589 1634 1027 1711 habitum,vitae
1040 1635 1290 1697 formam
1323 1642 1382 1697 et
1399 1633 1757 1706 studium;et
1778 1651 1912 1695 cum
1937 1650 2030 1693 ca-

2107 734 2370 794 διώκωσιν
2427 740 2565 813 ὑμᾶς
2615 739 2690 801 εἷς
2747 739 2848 805 τὴν
2905 737 3063 795 πόλιν
3122 740 3349 816 ταύτην,
3415 737 3655 816 ιρεύγετε
3707 738 3775 797 εἷς

2115 827 2212 894 τὴν
2242 827 2448 905 ἑτέραν
2487 850 2514 882 ι
2575 835 2729 885 τοῦτο
2760 824 2816 883 δὲ
2869 830 2957 884 καὶ
2988 829 3121 883 κατὰ
3152 826 3365 906 σχολὴν
3394 826 3600 883 ἑαυτὸν
3659 825 3772 879 ἱει-

2114 916 2412 991 σκέψασθαι
2482 914 2793 992 βουληθείς,
2861 918 2950 974 γαὶ
3017 923 3297 992 στυμῶσαι
3367 913 3628 992 καρδίαν,
3685 914 3771 968 καί

2114 1005 2319 1080 τόλμαν
2370 1005 2599 1062 ἐνθεῖναι
2657 1007 2936 1083 πρότερον,
2972 1010 3093 1063 εἶτα
3137 1007 3235 1062 καί
3290 1007 3428 1083 πρὸς
3473 1005 3611 1065 τοὺς
3655 1004 3773 1079 ὑπὲρ

2115 1101 2345 1172 Χριστοῦ
2389 1099 2641 1174 χωρῆσαι
2690 1092 2984 1157 κινδύνουςθ
3032 1095 3179 1173 τάχα
3238 1093 3294 1149 δὲ
3353 1094 3441 1151 δια³
3504 1092 3773 1169 θειοτέρας

2114 1184 2270 1241 σῦτὸν
2330 1185 2580 1261 προνοὶας
2637 1184 2713 1247 εἷς
2755 1183 2855 1249 τὴν
2900 1181 3151 1262 Ἀραϐίαν
3204 1182 3666 1262 παρακαλούσης,
3710 1180 3773 1236 '3'.’

2115 1272 2202 1337 οὕς
2263 1294 2321 1329 τε
2380 1287 2750 1351 προσαγαγεῖν
2812 1272 3004 1348 ἔμελλε
3050 1278 3155 1330 τῶν
3214 1274 3457 1331 ἀπίστων
3515 1272 3651 1329 ἐκεῖ
3701 1294 3777 1342 τῳ

2117 1363 2350 1441 Χριστῷ,
2402 1364 2490 1418 καὶ
2548 1364 2635 1424 οὓς
2707 1362 2869 1419 πάλιν
2930 1368 3036 1419 τῶν
3092 1369 3295 1420 πιστῶν
3339 1361 3777 1442 ἀσφαλεστέρως

2114 1453 2459 1530 ἓργάσασθαι.
2508 1451 2690 1516 Οὕτως
2750 1455 2840 1509 οὖν
2907 1458 3007 1520 τὴν
3079 1450 3329 1530 Ἀραϐίαν
3396 1452 3619 1516 ἐκεῖνος
3690 1453 3780 1506 γαί

2110 1541 2196 1599 ἐπὶ
2256 1541 2466 1599 τούτοις
2525 1539 2841 1598 καταλαϐὼν
2913 1539 3238 1616 μεταϐάλλει
3299 1545 3659 1619 παραχρῆμα
3719 1542 3779 1595 τὸ

2110 1635 2303 1709 σχῆμα
2349 1630 2441 1686 τοῦ
2498 1631 2636 1709 βίου,
2670 1632 2731 1686 τὸ
2789 1630 3143 1708 ἓπιτήδευμα,
3177 1630 3269 1687 καί
3319 1630 3503 1708 κείρας
3534 1632 3600 1685 ἓν
3660 1636 3779 1709 χρῷ

374 1730 628 1802 putcute
655 1730 826 1785 tenus
856 1723 1467 1795 totondisset,amictu
1489 1722 1762 1783 induitur
1794 1740 2023 1782 monas-

2110 1721 2207 1787 τὴν
2276 1718 2538 1797 κεφαλὴν,
2599 1719 2663 1775 τὰ
2727 1725 2984 1799 μοναχῶν
3042 1720 3412 1799 ἀμφιέννυται,
3482 1720 3578 1775 καί
3647 1720 3780 1794 πρὸς

376 1811 516 1885 tico,
551 1822 608 1873 et
637 1813 709 1875 ad
743 1812 980 1875 vivendi
1024 1818 1317 1874 rationem
1353 1811 1662 1874 extollitur
1710 1809 2025 1871 sublimio—

374 1917 530 1963 rem.
556 1899 787 1963 Deinde
812 1901 989 1963 etiam
1024 1908 1207 1962 mutat
1232 1900 1473 1963 modum
1510 1898 1863 1961 curationis.
1896 1896 2026 1960 Non

373 1989 629 2068 amplius
677 1990 838 2053 enim
871 1989 1140 2053 medicus
1167 1992 1355 2071 Cyrus
1403 1987 1718 2052 dicebatur
1744 1996 1844 2048 aut
1876 1994 2024 2063 erat,

377 2076 491 2140 nisi
542 2079 701 2160 quod
733 2080 928 2143 solum
980 2078 1235 2142 faciebat
1282 2078 1480 2160 potius
1524 2076 1860 2141 miracula:
1909 2095 2026 2139 non

374 2167 976 2245 medicamentorum,
1014 2187 1130 2230 non
1177 2169 1500 2231 herbarum
1561 2168 1805 2229 omnino
1853 2173 2029 2228 utens

375 2257 636 2336 auxiliis,
669 2258 775 2322 sed
829 2277 1009 2337 prece
1041 2259 1167 2320 sola
1197 2267 1257 2321 et
1282 2258 1560 2320 doctrina
1594 2277 1606 2318 :
1642 2255 1753 2317 hac
1785 2255 2025 2337 quidem

2110 1809 2334 1886 ἀγωγὴν
2378 1807 2717 1886 ὑψηλοτέραν
2749 1809 3028 1887 ἀνάγεται.
3091 1810 3230 1867 Εἶτα
3277 1809 3372 1866 καί
3415 1810 3511 1864 τὸν
3575 1811 3779 1884 τρόπον

2110 1896 2319 1973 ἀμείϐει
2379 1902 2480 1963 τῆς
2510 1898 2818 1975 θεραπείας.
2877 1908 2990 1956 Ουκ
3029 1898 3106 1955 ἔτι
3161 1901 3261 1976 γὰρ
3303 1900 3483 1976 ἰατρὸς
3514 1900 3544 1954 ὁ

2111 1986 2326 2063 ἐλέγετό
2379 2007 2436 2042 τε
2468 1985 2564 2042 καί
2615 1986 2703 2060 ἦν,
2737 1986 2816 2043 ὅτι
2873 1988 2950 2061 μὴ
2993 1989 3391 2064 θαυματουργὸς
3421 1985 3667 2059 μᾶλλον
3718 1990 3778 2043 ὠ

2110 2077 2432 2156 φαρμάκων,
2470 2075 2529 2132 οὗ
2573 2077 2814 2152 βοτανῶν
2870 2076 3011 2141 ὅλως
3065 2077 3348 2155 χρώμενος
3392 2077 3774 2151 βοηθήμασιν,

2111 2165 2234 2223 ἀλλ’
2294 2168 2435 2244 εἰ)χῇ
2467 2170 2608 2241 μονῇ
2664 2164 2759 2222 καί
2794 2164 3125 2245 διδασκαλίᾳ,
3161 2172 3227 2242 τῇ
3272 2164 3370 2239 μὲν
3414 2167 3553 2242 πρὸς
3588 2166 3775 2244 ψυχας

2110 2258 2345 2333 Excusare
2379 2262 2584 2328 κακῶς,
2608 2260 2677 2330 τῇ
2721 2253 2776 2311 δὲ
2807 2257 2937 2334 πρὸς
2970 2254 3214 2331 σώματα.

373 2346 659 2410 adversus
690 2348 919 2411 animas
955 2366 1084 2430 qua:
1115 2349 1271 2411 male
1300 2366 1366 2410 se
1400 2345 1726 2426 habebant,
1758 2345 1862 2406 illa
1892 2364 2030 2406 vero
2063 2343 2352 2430 adversus
2382 2360 2659 2422 corpora.

431 2436 664 2494 lX.Cum
691 2452 830 2510 ergo
852 2437 976 2509 ejus
1000 2439 1144 2495 fama
1169 2446 1343 2496 totam
1367 2437 1718 2509 pervasisset
1741 2435 2023 2500 Arabiam,

375 2530 433 2584 et
448 2521 569 2601 jam
594 2521 667 2583 ad
692 2521 942 2585 Joannis
964 2541 1205 2605 quoque
1228 2540 1410 2584 aures
1430 2522 1675 2583 virtutes
1700 2519 1862 2582 illius
1881 2538 2027 2598 per-

373 2609 989 2679 venissent.Joannem
1003 2611 1605 2693 ,inquam,illum,qui
1626 2627 1816 2690 genus
1833 2610 2030 2671 trahe-

373 2700 474 2762 bat
492 2718 560 2762 ex
587 2698 777 2781 patria
800 2700 1335 2777 Edessa,moribus
1358 2709 1553 2762 autem
1577 2708 1701 2761 erat
1720 2717 1859 2760 vere
1883 2698 2028 2760 civis

375 2789 659 2864 caelestis,
692 2797 819 2850 erat
861 2807 998 2850 vero
1052 2789 1295 2852 militari
1346 2789 1605 2868 insignis
1650 2789 2022 2852 auctoritate.

374 2879 524 2939 Cum
554 2878 680 2939 haec
712 2896 852 2956 ergo
883 2878 1038 2940 fama
1064 2878 1135 2939 ad
1174 2877 1337 2940 illum
1363 2896 1599 2959 quoque
1632 2878 2021 2957 pervenisset,

372 2974 432 3028 et
461 2966 684 3047 alioqui
717 2984 850 3026 cum
904 2964 1312 3029 Diocletianus
1343 2966 1695 3029 intentasset
1738 2984 2023 3047 persecu-

377 3056 625 3131 tionem,
663 3056 984 3136 praaclarus
1038 3055 1134 3118 hic
1190 3057 1389 3132 miles,
1425 3064 1648 3119 mutato
1698 3056 1930 3127 ordine,
1967 3065 2028 3115 et

376 3146 637 3206 humano
670 3144 885 3207 relicto
934 3152 1223 3221 exercitu,
1261 3145 1504 3225 egregie
1556 3146 1787 3208 relatus
1825 3152 1915 3207 est
1965 3146 2021 3208 in

372 3251 693 3296 numerum
746 3233 965 3298 Christi
999 3235 1278 3311 militum,
1314 3242 1374 3299 et
1423 3236 1634 3298 maluit
1676 3253 1742 3297 se
1793 3234 2026 3298 fortiter

373 3340 585 3403 gerere
638 3325 924 3386 adversus
952 3325 1087 3404 ejus
1121 3325 1345 3399 hostes,
1377 3342 1553 3405 quam
1606 3324 1889 3386 adversus
1919 3341 2025 3386 eos

374 3414 475 3493 qui
523 3420 665 3474 sunt
694 3411 892 3475 hostili
927 3414 1127 3474 animo
1160 3414 1219 3474 iu
1275 3413 1572 3474 homines.
1625 3411 2021 3485 Quamobrem

373 3502 569 3563 statim
621 3501 885 3583 abjectis
918 3501 1203 3564 omnibus
1260 3499 1498 3582 opibus,
1532 3501 1777 3575 divitiis,
1809 3502 2020 3581 gloria,

372 3590 916 3659 auctoritate,venil
936 3588 1611 3671 Hierosolyma.Deinde
1641 3591 1812 3653 etiam
1848 3590 2020 3669 proti-

371 3680 617 3741 ciscitur
641 3684 697 3741 in
730 3679 1286 3760 Egyptum,amore
1316 3679 1447 3759 Cyri
1470 3698 1604 3740 eum
1634 3680 1905 3740 trahente
1928 3679 2018 3739 ci-

372 3767 831 3842 tralaborem,et
856 3777 976 3829 toto
1003 3770 1154 3848 pede
1186 3771 1316 3849 ejus
1342 3786 1611 3847 gressum
1646 3769 2021 3831 accelerante

370 3856 444 3918 ad
493 3875 654 3929 eum,
688 3858 787 3936 qui
821 3866 910 3920 est
940 3858 1207 3938 ejusdem
1263 3857 1403 3920 fidei
1439 3876 1453 3917 :
1492 3868 1558 3919 ut
1597 3863 1696 3936 qui
1731 3875 1849 3919 una
1882 3876 2018 3919 cum

370 3946 476 4007 illo
536 3946 947 4027 philosophari
981 3957 1039 4009 et
1091 3964 1209 4009 una
1268 3947 1535 4010 exerceri
1590 3946 2018 4009 constituisset.

375 4033 483 4107 Qui
518 4055 649 4098 cum
675 4037 749 4098 ad
781 4056 917 4098 eum
950 4036 1334 4116 accessisset,
1361 4045 1420 4097 et
1449 4054 1568 4097 una
1589 4054 1721 4098 cum
1756 4055 1826 4097 eo
1858 4035 2023 4097 habi-

378 4133 579 4200 tasset,
616 4125 949 4208 fuissetque
997 4126 1383 4207 pulchrorum
1435 4124 1597 4188 illius
1628 4125 2019 4186 certaminum

373 4224 435 4276 et
482 4216 905 4278 miraculorum
970 4224 1294 4297 spectator,
1328 4223 1451 4277 erat
1485 4217 1772 4277 novacula
1828 4222 2020 4276 cotem

374 4313 569 4382 nacta,
605 4313 663 4367 et
692 4306 980 4387 deinceps
1014 4306 1085 4367 ad
1118 4324 1255 4368 eum
1317 4304 1667 4385 aspiciebat,
1704 4311 1762 4367 et
1790 4304 2024 4365 virtutis

380 4395 510 4473 ejus
564 4395 808 4475 vestigia
838 4395 1160 4475 diligenter
1208 4394 1619 4475 sequebatur:
1657 4414 1773 4456 non
1808 4405 1877 4456 ut
1917 4404 2022 4473 qui

2193 2423 2278 2492 9'.
2339 2438 2447 2500 Τῆς
2520 2441 2644 2510 γοῦν
2702 2434 2821 2510 περὶ
2878 2437 3039 2493 αὖτοῦ
3094 2436 3282 2514 φήμης
3336 2435 3437 2497 τὴν
3512 2433 3769 2507 Ἀραϐίαν

2111 2528 2285 2578 πᾶσαν
2343 2520 2760 2594 περιλαϐούσης,
2808 2521 2914 2589 ἤδη
2973 2524 3028 2581 δέ
3068 2526 3161 2580 καί
3229 2523 3488 2591 Ἰωάννην
3529 2525 3771 2593 ἀνήκοον

2112 2612 2190 2686 μὴ
2230 2609 2601 2676 ἀπολιπούσης
2647 2617 2752 2669 τῶν
2797 2612 3003 2670 ἐκείνου
3046 2612 3247 2688 καλῶν,
3309 2611 3566 2680 Ἰωάννην
3610 2614 3767 2670 ἐκεῖ·

2110 2723 2224 2773 νον,
2259 2701 2314 2766 ὃς
2374 2699 2435 2756 ἐκ
2464 2698 2711 2778 πατρίδος
2760 2701 2859 2776 μὶν
2892 2700 3113 2772 Ἐδέσης
3147 2705 3208 2759 ta
3249 2702 3406 2780 γένος
3465 2702 3640 2774 εἷλκε,
3674 2727 3766 2761 τον

2108 2788 2392 2868 δὲτρόπον
2433 2790 2499 2857 ἧν
2541 2787 2773 2868 ἀκριϐῶς
2815 2793 3063 2871 οὐράνιος
3112 2790 3365 2871 πολίτης,
3397 2800 3761 2871 στρατιωτικῇ

2108 2877 2411 2957 διαπρέπων
2451 2877 2588 2950 ἀξίᾳ,
2650 2880 2859 2947 Ταύτης
2922 2903 3047 2959 γουν
3130 2882 3229 2949 τῆς
3303 2885 3494 2962 φήμης
3552 2890 3647 2939 καί
3685 2886 3760 2944 εἰς

2107 2967 2314 3024 ἐκεῖνον
2358 2967 2716 3047 ἀφικομένης,
2764 2967 2942 3035 ἄλλως
2988 2993 3046 3027 τε
3100 2969 3154 3027 δὲ
3205 2973 3292 3027 καὶ
3366 2970 3760 3038 Διοκλητιανσῦ

2106 3062 2199 3113 τὸν
2252 3056 2487 3135 διμωγὸν
2533 3057 2920 3141 ἐπιτείναντος,
2954 3063 3046 3117 χαί
3106 3063 3133 3117 ὁ
3166 3059 3329 3126 καλὸς
3380 3064 3532 3124 οὗτος
3592 3083 3753 3138 στρα-

2105 3146 2307 3214 τιώτης
2354 3148 2455 3213 τὴν
2484 3145 2630 3212 τάξιν
2662 3148 2917 3224 ἀμείψας,
2950 3151 3040 3207 καὶ
3083 3151 3358 3228 στρατείαν
3388 3151 3487 3217 τήν
3547 3151 3750 3227 ἀνθρω-

2066 3237 2267 3302 ⁸πίνην
2336 3235 2618 3293 ἀπολιπὼν
2651 3284 2668 3310 ,
2743 3251 2864 3301 τοῖς
2941 3246 3034 3318 τοὺ
3105 3240 3333 3318 Χριστοῦ
3406 3241 3751 3318 στρατιώταις

2107 3330 2335 3403 εὐγενῶς
2396 3326 2737 3406 ἐνεγράφετο,
2781 3332 2866 3385 καὶ
2923 3329 3214 3407 ἀριστεύειν
3276 3331 3414 3386 κατὰ
3454 3335 3563 3385 τῶν
3601 3332 3751 3386 αὖτοῦ

2107 3413 2314 3489 μᾶλλον
2372 3414 2608 3495 ἐχθρῶν,
2665 3417 2700 3483 ἣ
2757 3423 2864 3473 τῶν
2922 3420 3052 3496 πρὸς
3120 3418 3424 3496 ἀνθρώπους
3483 3418 3748 3490 πολεμίων

2106 3502 2405 3581 προείλετο.
2486 3506 2579 3561 Διὸ
2638 3507 2735 3562 καί
2806 3507 2980 3564 πάντα
3048 3508 3205 3585 ῥίψας
3279 3510 3450 3583 εὐθὺς,
3503 3508 3744 3584 πλοῦτον,

2105 3593 2412 3669 εὐημερίαν,
2468 3591 2645 3669 δόξαν,
2708 3594 2938 3670 ἀξίωμα,
2998 3599 3070 3663 εἷς
3128 3588 3469 3676 Ἰεροσὸλυμα
3522 3599 3742 3675 παραγί-

2103 3703 2272 3743 νεται.
2320 3682 2456 3739 Εἶτα
2487 3682 2581 3738 καὶ
2614 3685 2745 3761 πρὸς
2775 3685 3051 3762 Αἴγυπτον
3081 3685 3360 3761 ἐπιδημεῖ,
3395 3694 3502 3743 τῶν
3538 3687 3739 3763 ἐρώτων

2107 3772 2272 3849 Κύρου
2314 3771 2542 3838 ἀπονητί
2584 3794 2773 3829 τουτον
2828 3772 3088 3855 ἑλκότων,
3133 3778 3221 3833 καὶ
3283 3775 3394 3832 ὅλω
3438 3775 3563 3833 ποδί
3621 3776 3739 3844 πρὸς

2103 3861 2193 3915 τὸν
2253 3861 2548 3933 ὁμόπιστον
2607 3860 3069 3941 ὲπιταχυνόντων,
3120 3865 3219 3921 οἷα
3272 3866 3361 3922 καὶ
3418 3863 3736 3943 superiora-

2105 3961 2227 4012 φεϊν
2284 3948 2469 4024 ἐκείνῳ
2529 3951 2618 4006 καὶ
2660 3953 3008 4010 συνασκεῖθαι
3071 3954 3468 4032 προῃρημένον.
3515 3943 3607 4019 ”Ος
3659 3954 3734 4008 καί

2105 4034 2428 4107 παραϐαλὼν
2486 4039 2652 4113 αὐτῷ,
2708 4040 2803 4096 καὶ
2847 4043 3086 4106 σύνοικος
3131 4045 3393 4122 γεγονὼς,
3453 4045 3640 4112 θεατής
3681 4061 3728 4097 τε

2104 4133 2210 4183 τῶν
2239 4125 2418 4182 καλῶν
2463 4127 2677 4185 ἐκείνων
2708 4130 2933 4208 ἀγώνων
2984 4136 3072 4190 καὶ
3113 4135 3398 4208 θαυμάτων
3440 4134 3723 4210 γενόμενος,

2105 4215 2252 4293 ξυρὸς
2282 4219 2350 4283 ἦν
2392 4216 2592 4283 ἀκόνης
2638 4218 2937 4298 ἐπιτυχὼν,
2970 4223 3058 4278 καὶ
3100 4224 3162 4279 τὸ
3213 4221 3405 4279 λοιπὸν
3461 4225 3534 4286 εἷς
3589 4222 3722 4276 αὖτίιν

2105 4306 2270 4384 ἑώρα,
2316 4309 2413 4362 καὶ
2459 4311 2566 4362 τῶν
2628 4309 2785 4365 αὐτοῦ
2844 4310 2939 4378 τῆς
3006 4313 3199 4390 ἀρετῆς
3269 4313 3440 4391 ἰχνῶν
3500 4311 3718 4386 ἐμμελῶς

2105 4392 2318 4474 εἴχετο,
2366 4397 2426 4452 οὐ
2467 4396 2605 4453 κατὰ
2635 4400 2881 4472 μαθητὴν
2939 4399 3228 4481 ἐλλείπων,
3260 4401 3401 4458 ἀλλὰ
3429 4409 3521 4459 τοῦ
3563 4403 3717 4475 ὁμοίου

378 4483 555 4561 longe
571 4484 644 4545 ab
670 4503 740 4546 eo
764 4483 1001 4546 abesset
1020 4494 1083 4546 ut
1104 4484 1567 4565 discipulus,sed
1590 4485 1689 4564 qui
1710 4484 1840 4563 ejus
1861 4484 2023 4544 simi-

2109 4486 2236 4562 πρὸς
2297 4482 2566 4563 ἀκρίϐειαν
2624 4489 3048 4568 στοχαζόμενος.
3098 4499 3201 4548 Τοῦ
3230 4489 3470 4568 διωγμοῦ
3519 4490 3595 4561 δὲ,
3624 4488 3712 4545 ὦσ-

377 4572 697 4634 litudinem
722 4582 1001 4635 accurate
1020 4581 1462 4654 assoqueretur.
1491 4571 1635 4636 Cum
1659 4582 1854 4634 autem
1879 4592 2019 4654 per-

2109 4597 2205 4653 περ
2275 4573 2500 4654 ἔφημεν,
2571 4567 2892 4656 ἀγριώτερον
2949 4582 3299 4653 πνεύσαντος,
3344 4567 3710 4656 συλλαμϐάνον-

376 4661 604 4724 secutio
623 4661 1003 4744 spirasset,ut
1021 4662 1878 4739 diximus,vehementius,tres
1904 4664 2027 4744 qui-

374 4753 510 4814 dem
539 4770 790 4814 numero
819 4750 1076 4831 virgines
1105 4769 1239 4813 cum
1274 4759 1462 4813 matre
1491 4752 2021 4831 comprehendun-

375 4851 491 4918 tur,
527 4860 661 4923 quae
693 4860 788 4904 res
817 4840 1204 4904 sectabantur
1231 4841 1704 4905 Christianorum
1741 4862 1754 4903 :
1788 4841 2024 4902 ducun~

374 4942 470 4994 tur
520 4949 665 4994 vero
695 4930 756 4993 in
789 4932 1092 4994 civitatem
1155 4930 1485 5009 Canodum,
1517 4949 1653 4992 cum
1707 4930 2025 4994 Cassianus

381 5022 815 5084 exsecrandum
851 5039 1084 5096 eorum,
1121 5021 1226 5102 qui
1257 5020 1337 5082 dii
1371 5039 1490 5082 non
1527 5029 1687 5094 sunt,
1722 5030 2028 5082 exerceret

373 5111 801 5185 sacerdotium,
864 5110 1144 5191 Syrianus
1203 5119 1399 5173 autem
1471 5110 1726 5173 civitatis
1780 5108 2025 5172 haberet

377 5200 981 5264 administrationem.
1018 5202 1156 5262 Haec
1185 5213 1387 5262 autem
1446 5219 1564 5262 non
1596 5198 1931 5278 virginibus
1964 5209 2026 5263 et

374 5290 549 5350 matri
582 5289 748 5365 solis,
771 5288 877 5352 sed
914 5289 1091 5350 etiam
1116 5289 1227 5368 ipsi
1256 5307 1497 5371 quoque
1520 5290 1665 5369 Cyro
1699 5297 1757 5349 et
1778 5287 2020 5363 Joanni,

372 5380 618 5440 fuerunt
647 5379 828 5442 veluti
863 5378 1178 5459 [prooemia
1209 5388 1267 5441 et
1295 5379 1591 5461 principia
1638 5377 1932 5460 martyrii,
1965 5387 2026 5442 et

452 5552 471 5594 ⁵
502 5555 704 5621 Matth.
737 5574 797 5624 χ.
825 5556 929 5622 23.

2104 4686 2190 4720 ται
2247 4664 2344 4739 μὲν
2397 4676 2544 4742 τρεῖς
2591 4665 2678 4721 τὸν
2741 4667 2961 4744 ἀριθμὸν
3018 4670 3264 4750 παρθένοι
3325 4673 3463 4745 μετὰ
3519 4671 3709 4746 μητρὸς,

2106 4754 2171 4809 τὰ
2217 4757 2545 4831 Χριστιανῶν
2600 4757 2905 4829 μετιοῦσας⁸
2970 4758 3190 4838 ἄγονται
3242 4759 3299 4816 δὲ
3366 4762 3441 4823 εἷς
3503 4756 3711 4819 Κάνωϐον

2107 4842 2288 4921 πόλιν,
2338 4850 2606 4901 Κασιανοῠ
2657 4844 2755 4918 μὲν
2796 4847 2897 4913 τὴν
2938 4850 3134 4925 μιαρὰν
3190 4849 3244 4905 ἓν
3303 4852 3473 4925 ταύτῃ
3530 4852 3625 4905 τῶν
3670 4848 3712 4903 οὗ

2105 4937 2239 4988 θεῶν
2299 4932 2558 5009 ἱερατείαν
2613 4930 2910 5009 διέποντος,
2972 4941 3228 5016 Συριανοῦ
3299 4939 3355 4996 δὲ
3411 4940 3512 5007 τὴν
3568 4940 3711 5017 ἀρχὴν

2108 5020 2355 5099 ἔχοντος.
2403 5026 2581 5078 Ταῦτα
2637 5019 2691 5077 δὲ
2737 5025 2796 5081 οὗ
2853 5038 2977 5092 ταῖς
3022 5029 3300 5106 παρθένοις
3354 5031 3444 5086 καὶ
3475 5035 3541 5105 τῇ
3579 5024 3711 5105 μητρῖ

2107 5112 2320 5187 μόναις,
2354 5109 2476 5167 ἀλλ’
2529 5110 2632 5180 ἤδη
2664 5115 2759 5171 καί
2796 5118 2937 5192 αύτῷ
3002 5120 3150 5197 Κύρῳ
3196 5121 3285 5176 καὶ
3328 5119 3549 5197 Ἰωάννῃ
3580 5122 3711 5174 καθα·

2106 5203 2255 5279 περεὶ
2300 5203 2552 5278 προοίμια
2608 5205 2697 5260 καὶ
2748 5206 2883 5286 ἀχαὶ
2939 5216 3031 5266 τοῦ
3083 5210 3367 5287 μαρτυρίου
3427 5210 3708 5289 ἐτύγχανον,

2106 5294 2192 5346 καὶ
2249 5287 2620 5347 διαπλέκεσθαι
2650 5293 2864 5360 τούτοις
2920 5294 3025 5364 ἤδη
3054 5297 3317 5377 στέφανος
3358 5287 3589 5379 ἤρχετο.
3617 5298 3711 5353 Δεί-

2105 5401 2204 5442 σας
2263 5379 2362 5458 γὰρ
2393 5379 2420 5435 ὁ
2468 5386 2655 5457 Κῦρος,
2691 5388 2770 5459 μὴ
2813 5387 2875 5442 τὸ
2928 5388 3110 5465 νεαρὸν
3139 5395 3244 5444 τῶν
3302 5390 3569 5468 παρθένων
3599 5388 3708 5447 απο-
