3954 6146
266 313 425 384 1241

1401 305 1590 372 ἮΤΑ
1639 303 1742 376 SS,
1788 302 1971 366 CYRI
2013 300 2114 367 ET
2172 300 2516 367 JOANNIS.

3495 295 3645 364 1242

258 450 510 526 δειλιάσῃ
583 446 713 526 πρὸς
773 444 834 501 τὸ
896 441 1068 521 τραχὺ
1126 446 1233 498 τῶν
1303 438 1603 516 κολάσεων,
1651 436 1767 495 ἐπεὶ
1822 459 1889 494 ιια

2024 453 2118 498 am
2168 434 2495 516 incipiebat
2525 433 2614 496 eis
2643 431 2880 495 contexi
2913 447 3156 496 corona.
3213 431 3642 526 Veritus-enim

252 539 463 617 κομιδῇ
507 538 609 606 τὴν
665 533 881 604 ἡλικίαν
941 531 1081 600 ἦσαν
1140 529 1368 588 νεώαται
1444 528 1761 608 (Θεοκτίστη
1822 526 1919 617 μὲν

250 615 455 710 γὰρ,ἣ
512 625 606 684 καί
671 620 1012 703 πρεσϐυτάτη
1069 626 1174 677 τῶν
1234 625 1392 696 τριῶν
1445 619 1536 696 ἦν,
1569 615 1917 674 πεντεκαιδε-

247 705 428 778 κάτου
471 717 673 786 ἥπτετο
703 713 877 778 ἔτους³
936 715 1004 788 τῇ
1033 707 1087 766 δὲ
1117 708 1236 784 μετ’
1289 710 1452 775 αὐτὴν
1487 705 1718 785 Θεοδότη
1761 727 1914 786 τρισ-

244 807 574 871 καιδέκατος
647 803 834 872 ἠνύετο
898 801 1123 881 χρόνος⁸
1191 796 1405 864 Εὐδοξία
1475 795 1555 877 δὲ,
1613 799 1646 866 ἡ
1724 797 1917 853 τούτων

244 897 497 978 ἐσχάτη,
529 891 812 952 ἑνδέκατον
855 888 971 953 ἔτος
1015 887 1165 968 ἦγε).
1217 888 1315 944 Διὰ
1343 892 1507 978 ταῦτα
1551 892 1685 978 Δγοῦν
1715 887 1742 942 ὃ
1795 892 1913 978 ΔΚῡῗ

245 973 362 1066 ρος.
409 973 577 1056 δείλίᾳ
603 981 825 1060 ληφθεὶς
876 977 1008 1057 ὑπέρ
1052 977 1156 1034 τῶν
1216 976 1509 1066 παρθένων,
1549 973 1665 1032 ἐπει
1695 975 1812 1066 *καὶ
1855 973 1916 1066 το

244 1062 356 1142 τῆς
414 1072 628 1142 ἡλικίας
687 1069 911 1148 ταύτης,
971 1068 1061 1124 καὶ
1131 1066 1338 1143 μᾶλλον
1418 1065 1471 1123 ἐν
1535 1062 1792 1142 γυναιξὶν,
1855 1063 1914 1121 οὐ

247 1162 408 1244 φόϐῳ
463 1161 750 1220 κολάσεων
812 1157 1004 1222 ἁπλῶς
1062 1156 1392 1237 χειρωθῆναι
1431 1155 1742 1234 πρόχειρον,
1781 1152 1919 1210 ἀλλὰ

249 1255 351 1313 καὶ
422 1250 731 1314 κολακείαις
801 1248 1167 1328 ὑποφθαρῆναι
1259 1245 1597 1302 παντάπασιν
1669 1244 1914 1324 εὐχερὲς,

250 1340 544 1400 κατελθεῖν
615 1341 689 1403 είς
753 1338 854 1404 τὴν
916 1333 1074 1393 πόλιν
1133 1334 1432 1412 ἀναγκαῖον
1495 1332 1757 1412 ὑπείληφε
1815 1337 1913 1390 καῖ

250 1433 483 1511 ταύτας,
515 1432 588 1494 ὡς
645 1428 768 1487 οἶόν
810 1448 892 1501 τε,
927 1427 1060 1504 πρὸς
1117 1425 1237 1488 τοὺς
1281 1427 1492 1503 ἀγῶνας
1553 1421 1910 1500 ἐπιθαρρῦναι,

251 1518 436 1579 Φόϐου
494 1521 593 1598 γὰρ
623 1517 723 1584 ἔξω
768 1516 855 1572 καὶ
885 1517 1118 1591 ὑποψίας
1174 1512 1291 1571 οὐδὲ
1320 1514 1417 1580 τὴν
1474 1513 1682 1591 μητέρα
1709 1512 1911 1570 τούτων

226 1609 499 1667 ἐποιεῖτο
558 1605 901 1680 Ἀθανσσίαν,
933 1611 1090 1662 τοῦτο
1135 1603 1233 1679 μὲν
1265 1615 1498 1680 γυναῖκα
1540 1603 1703 1658 οὖσαν
1732 1599 1906 1674 εἰδὼς,

249 1708 413 1759 τοῦτο
471 1696 526 1754 δὲ
583 1697 670 1754 καὶ
732 1696 938 1774 μητέρα
995 1692 1297 1774 θυγατέρων
1356 1691 1495 1749 οὕτω
1553 1693 1776 1767 νεαρῶν,
1823 1693 1910 1748 καὶ

2003 527 2188 607 Cyrus
2213 526 2502 605 virginum
2527 523 3123 591 temeritudinem.ne
3139 540 3352 603 aspera
3373 521 3649 585 reformi-

2002 614 2218 677 darent
2249 615 2563 696 supplicia,
2599 612 2836 694 quando
2864 613 3108 694 quidem
3134 619 3303 674 erant
3334 618 3504 674 atate
3534 612 3643 674 ad-

2002 704 2246 767 modum
2265 704 2516 785 juvenili
2554 701 2919 784 (Theoctiste
2945 702 3133 779 enim,
3155 718 3287 783 qua
3316 708 3444 765 erat
3466 701 3644 763 trium

2002 802 2174 856 atate
2223 801 2363 856 natu
2414 793 2694 866 maxima,
2742 793 3040 855 decimum
3096 793 3368 872 quintum
3421 810 3645 854 annum

2001 883 2267 946 nondum
2296 883 2573 963 attigerat
2600 904 2616 959 ;
2647 883 2957 946 Theodota
2980 890 3203 963 autem,
3237 900 3368 964 qua
3383 900 3512 944 eam
3546 899 3647 944 se-

2001 972 2316 1054 quebatur,
2343 973 2556 1054 agebat
2585 991 2805 1036 annum
2839 982 3108 1054 quartum
3142 972 3441 1034 decimum
3472 993 3485 1032 :
3522 973 3645 1035 Eu-

2002 1063 2176 1126 doxia
2201 1063 2639 1136 vero,omnium
2672 1062 2938 1139 minima,
2963 1059 3173 1143 agebat
3200 1081 3423 1125 annum
3449 1060 3644 1125 unde-

2003 1153 2267 1231 cimum).
2298 1154 2406 1217 His
2430 1170 2573 1232 ergo
2605 1153 2680 1214 de
2709 1153 2906 1215 causis
2934 1154 3149 1214 timore
3177 1151 3426 1214 affectus
3457 1153 3643 1233 Cyrus

2000 1260 2180 1303 causa
2199 1242 3010 1324 virginum,quandoquidem
3031 1243 3158 1305 hac
3181 1252 3348 1318 atas,
3370 1251 3428 1304 et
3451 1243 3642 1305 maxi-

1998 1347 2095 1394 me
2117 1331 2277 1394 inter
2298 1333 2724 1399 mulieres.non
2739 1332 2928 1394 solum
2947 1331 3121 1394 facile
3142 1333 3296 1394 vinci
3315 1340 3644 1413 potestme-

2000 1427 2060 1482 tu
2090 1421 2521 1502 suppliciorum
2553 1423 2659 1484 sed
2682 1423 2860 1484 etiam
2890 1421 3198 1483 blanditiis
3219 1423 3380 1485 nullo
3405 1424 3642 1500 negotio

1996 1511 2794 1591 corrumpiturzexistimavit
2823 1529 2955 1574 esse
2974 1513 3478 1593 necessarium,ut
3497 1512 3642 1574 des-

1995 1604 2269 1660 cenderet
2292 1603 2362 1661 ad
2384 1605 2698 1671 civitatem,
2721 1613 2775 1661 et
2797 1603 3096 1677 eis,quoad
3126 1603 3252 1676 ejus
3270 1604 3397 1662 ﬁeri
3430 1613 3642 1676 posset,

1993 1687 2236 1745 adderet
2258 1689 2518 1746 animum
2541 1690 2612 1747 ad
2633 1698 2948 1748 certamen.
2981 1688 3116 1746 Nam
3140 1703 3248 1747 nec
3268 1699 3390 1747 erat
3408 1689 3642 1763 quidem

249 1788 502 1867 ἂγουσῶν
560 1786 771 1856 ἠλικίον
817 1773 998 1852 ἣκαῖ
1056 1781 1288 1860 μητέρος
1350 1782 1644 1862 εὐφραίνειν
1706 1779 1892 1862 ὀφθαλ·

2026 1779 2150 1867 xtra
2174 1773 2658 1867 suspicionemde
2674 1788 2873 1832 earum
2895 1774 3640 1867 matreAthanasiazpartim

250 1878 391 1954 μοὺς
423 1876 562 1950 οἶδε,
595 1878 684 1932 καὶ
727 1874 857 1953 ὑπὲρ
887 1882 981 1933 τοῦ
1010 1871 1180 1946 μηδὲν
1225 1871 1386 1936 αὐτὰς
1418 1875 1609 1928 παθεῖν
1663 1870 1907 1951 χαλεπόν

251 1990 306 2025 0t
355 1973 464 2024 τῶν
516 1963 834 2034 ἀϐουλήτων
877 1963 1040 2040 μητρὶ
1097 1962 1176 2038 μὴ
1232 1960 1457 2029 θελητὸν
1495 1960 1736 2038 γενέσθαι
1794 1982 1906 2017 πα-

249 2056 590 2130 ρασκευάσει,
645 2053 820 2112 Ταῦτα
876 2053 1072 2127 μεστὸν
1131 2050 1298 2108 ἐποίει
1355 2050 1502 2115 δέους
1561 2051 1653 2107 τὸν
1714 2057 1903 2128 Κῦρον,

249 2147 568 2220 ὕπονούντα,
627 2144 708 2219 μὴ
753 2144 838 2199 καὶ
888 2145 922 2210 ἡ
981 2142 1165 2220 μήτηρ
1235 2138 1537 2218 ἒπικλαοθῇ
1610 2140 1910 2217 θυγατέρων

253 2234 493 2309 νεότητι,
529 2233 625 2310 μὴ⁴
669 2232 808 2308 πάθῃ
864 2231 931 2288 τὰ
977 2229 1293 2310 σπλάγχνα,
1343 2231 1429 2286 καὶ
1483 2229 1772 2306 ἡττωμένη
1816 2230 1912 2297 τῆς

256 2324 492 2402 φύσεως,
544 2320 830 2402 φθέγξηταί
886 2342 934 2377 τι
997 2319 1126 2399 πρὸς
1190 2319 1375 2399 αὐτὰς,
1437 2319 1473 2388 ἢ
1538 2319 1627 2376 καὶ
1685 2319 1913 2376 νεύσειεν

251 2410 488 2468 ἓλεεινὸν
548 2411 634 2466 καὶ
661 2407 992 2485 ἒνδυόσιμον.
1049 2414 1227 2467 Ταῦτα
1259 2417 1410 2488 γοῦν,
1440 2407 1621 2488 ὥσπερ
1682 2407 1912 2490 ἔφημεν,

251 2503 548 2559 ὑπνοοῦντα
597 2500 688 2557 τὸν
733 2507 927 2578 Κῦρον,
960 2499 1033 2560 εἷς
1085 2499 1185 2566 τὴν
1238 2496 1394 2553 πόλιν
1444 2498 1667 2576 εἰσάγει,
1731 2501 1912 2571 Τοῦτῳ

253 2587 312 2647 δὲ
362 2591 452 2646 καὶ
495 2591 522 2646 δ
580 2587 744 2652 καλὸς
796 2587 985 2644 ε’ίπετο
1031 2585 1310 2654 Ἰωάννηςο
1371 2586 1460 2643 καί
1515 2589 1751 2664 γίνονται
1804 2594 1908 2644 τῶν

253 2679 476 2759 ἀγώνων
528 2678 718 2742 αὐταῖς
794 2676 1049 2734 ἀλεῖπται
1123 2676 1235 2756 (1),
1295 2678 1385 2734 καὶ
1455 2684 1550 2734 τοῦ
1624 2678 1908 2756 μαρτυρίου

1995 1857 2400 1940 quidem,cum
2422 1877 2491 1920 ea
2507 1859 2691 1922 sciret
2712 1877 2846 1922 esse
2866 1859 3422 1942 mulieremzpartim
3443 1867 3638 1922 autem

1994 1960 2246 2014 matrem
2281 1971 2520 2034 quoque
2553 1952 2809 2014 ﬁliarum
2842 1961 2958 2014 tam
2993 1961 3216 2016 tenera
3263 1953 3475 2028 atatis,
3508 1972 3642 2034 qua

1991 2045 2108 2107 scit
2125 2045 2337 2108 matris
2361 2045 2663 2110 oblectare
2693 2045 2920 2123 oculos,
2948 2055 3007 2109 et
3037 2065 3113 2109 ne
3142 2047 3287 2128 ipsa
3316 2063 3494 2126 grave
3523 2045 3644 2108 ali-

1992 2134 2141 2212 quid
2175 2135 2497 2216 patiantur,
2534 2135 2755 2198 efﬁciet
2784 2135 2946 2217 quod
2989 2137 3178 2200 nolint
3207 2136 3457 2217 aliquid,
3480 2137 3640 2217 quod

1994 2242 2115 2286 non
2137 2224 2260 2285 vult
2281 2234 2492 2288 mater.
2516 2224 2655 2288 Haec
2676 2225 2887 2307 Cyrum
2913 2235 3075 2288 metu
3098 2225 3430 2307 replebant,
3456 2225 3640 2288 dubi-

1994 2321 2218 2375 tantem
2271 2333 2345 2375 ne
2397 2323 2586 2378 mater
2635 2334 2874 2396 quoque
2923 2316 3293 2395 frangeretur
3329 2316 3640 2395 juventute

1996 2401 2275 2477 ﬁliarum,
2296 2421 2374 2464 ne
2397 2404 2527 2483 ejus
2558 2411 2906 2484 paterentur
2926 2405 3178 2480 viscera,
3213 2412 3272 2466 et
3296 2404 3448 2466 victa
3475 2423 3509 2466 a
3531 2422 3640 2465 na-

1996 2491 2500 2567 tura,miserabile
2521 2491 2894 2575 aliquid,quo
2919 2513 2984 2556 se
3008 2494 3226 2558 cedere
3253 2492 3638 2574 signiﬁcaret,

1991 2581 2082 2644 eis
2109 2581 2471 2660 diceret,aut
2491 2583 2668 2645 etiam
2689 2592 3012 2647 annueret.
3045 2585 3184 2646 Haec
3206 2601 3371 2662 ergo,
3399 2592 3458 2645 et
3476 2583 3638 2645 dixi-

1991 2688 2148 2746 mus,
2184 2670 2557 2734 dubitantem
2612 2672 2825 2754 Cyrum
2855 2673 3150 2735 inducunt
3188 2673 3250 2734 in
3308 2672 3632 2739 civitatem.

252 2757 417 2828 καλὸν
469 2769 800 2850 ἀρχέτυπον,
834 2766 967 2844 ὅπερ
1013 2765 1078 2834 ἦν
1112 2769 1205 2824 οὐκ
1251 2765 1458 2832 ὲκείνας
1506 2769 1582 2840 τῷ
1635 2769 1892 2846 μαρτυρίᾳ

2023 2758 2136 2850 lum
2162 2768 2362 2823 autem
2401 2763 2674 2844 egregius
2696 2781 2938 2844 quoque
2967 2763 3332 2845 sequebatur
3351 2765 3634 2827 Joannes.

252 2848 642 2938 προσαγαγεῖν,
703 2857 841 2916 ἀλλὰ
881 2857 981 2924 τὴν
1038 2857 1242 2913 ἑαυτῶν
1311 2855 1603 2935 ὁμολογίαν
1676 2857 1892 2936 φανερὰν

2023 2848 2165 2912 'iunt
2216 2868 2351 2914 vero
2383 2851 2503 2914 illis
2533 2852 2619 2915 eis
2648 2851 2847 2935 alipta
2902 2852 2976 2915 ad
3007 2854 3361 2928 certamina,
3395 2861 3454 2915 et
3495 2854 3636 2934 pul-

254 2954 609 3022 καταστῆσαι,
674 2946 880 3024 μᾶλλον
932 2945 984 3002 δέ
1041 2944 1108 3002 δι’
1157 2943 1414 3018 ἀλλήλων
1460 2947 1708 3025 ἑκάτερα,
1757 2945 1892 3009 ὅπως

2025 2939 2199 3001 hrum
2253 2944 2564 3022 exemplar
2609 2941 2926 3023 martyrii:
2977 2941 3137 3020 quod
3190 2942 3432 3024 quidem
3481 2953 3634 3019 erat,

255 3041 399 3098 αὐτοί
453 3059 511 3096 τε
593 3036 678 3094 διὰ
735 3038 830 3100 τὰς
897 3037 1184 3116 παρθένους
1263 3035 1733 3114 παῤῥησιάσωνται
1805 3037 1892 3104 τὴν

2023 3048 2111 3091 ton
2143 3029 2277 3093 illas
2307 3030 2610 3094 adducere
2642 3032 2718 3094 ad
2738 3032 3109 3114 martyrium,
3135 3033 3245 3094 sed
3275 3050 3450 3094 suam
3482 3034 3639 3114 ipso-

253 3126 544 3204 εὐσέϐειαν,
577 3127 822 3193 κάκείνας
878 3127 1081 3202 θύματα
1114 3130 1327 3203 Χριστῷ
1370 3124 1434 3182 δι’
1467 3127 1667 3183 ἑαυτῶν
1725 3148 1892 3204 προσ-

2023 3137 2116 3181 um
2141 3121 2580 3182 confessionem
2609 3121 2984 3184 manifestam
3010 3122 3277 3186 efﬁcere:
3311 3121 3402 3184 vel
3438 3123 3636 3203 potius

253 3219 561 3298 ενέγκωσιν,

333 3483 394 3548 Ι’.
462 3475 756 3564 ’Υπηρέτας
788 3484 878 3541 οὖν
926 3483 1014 3539 καὶ
1043 3485 1187 3546 αὖθις
1240 3487 1337 3543 οὐκ
1365 3482 1590 3558 ἀμελεῖς
1635 3488 1735 3551 τῆς
1767 3483 1894 3540 ἑαυ-

249 3584 342 3634 τοῦ
386 3576 570 3639 κακίας
617 3578 644 3631 ὁ
701 3574 893 3654 ἐχθρὰς
952 3574 1218 3651 εὐρηκὼς,
1267 3572 1405 3631 οὕτω
1459 3579 1566 3629 τῶν
1624 3574 1903 3652 μαρτύρων

253 3666 440 3730 αὐτοὺς
500 3665 769 3723 ἀναπείθει
842 3665 976 3737 πρὸς
1039 3664 1132 3720 τὸν
1189 3661 1428 3743 ἄρχοντα
1473 3675 1774 3738 κατειπεῖν,
1827 3665 1898 3727 ὡς

250 3757 346 3835 ἄρα
393 3754 509 3813 Εἰσί
536 3777 672 3817 τινες
718 3754 980 3832 ἀγνῶτες,
1016 3755 1044 3810 ὁ
1089 3752 1188 3829 μὲν
1219 3764 1544 3833 μοναχικον,
1580 3755 1607 3810 ὁ
1634 3751 1689 3810 δὲ
1734 3775 1898 3832 στρα-

249 3847 493 3903 τιωτικὸν
523 3849 720 3925 σχῆμα
762 3843 1050 3923 σώζοντες,
1083 3856 1141 3900 οῖ
1197 3843 1291 3906 τᾶς
1326 3840 1721 3921 συλληφθείσας
1780 3842 1896 3923 ἄρτι

249 3934 530 4014 παρθένους
588 3932 1047 4012 παρασκευάζουσι
1097 3935 1230 3989 θεῶν
1291 3932 1390 4008 μὲν
1459 3935 1564 3989 τῶν
1623 3933 1896 4011 ἡμετέρων

249 4037 624 4106 καιαφρονεῖν,
671 4023 888 4097 δυνάμει
944 4043 1004 4078 τε
1048 4022 1195 4100 πάσῃ
1241 4021 1339 4090 τὴν
1399 4021 1571 4080 αὐτῶν
1609 4023 1897 4098 ἀπώμοτον

246 4117 514 4171 ποιεῖσθαι
568 4113 874 4192 θρησκείαν,
935 4112 1022 4168 καὶ
1094 4111 1160 4168 τὰ
1228 4112 1488 4190 Καίσαρος
1561 4108 1895 4190 διατάγματα

247 4210 502 4284 παρορᾷν,
559 4203 768 4270 Ἰησοῦν
841 4200 896 4258 δέ
964 4223 1082 4258 τινα
1152 4201 1316 4276 μόνον
1384 4201 1746 4280 ἓπιφημίζειν,
1808 4209 1894 4265 καὶ

246 4294 412 4368 τούτῳ
467 4293 850 4373 προσανέχειν,
911 4289 1012 4347 ὅσα
1071 4297 1210 4371 Θεῷ,
1268 4292 1341 4357 εἰς
1414 4289 1626 4356 ἕνδειξίν
1696 4313 1754 4350 τε
1799 4297 1894 4359 τῆς

247 4384 377 4461 πρὸς
445 4383 603 4440 αὐτὸν
660 4383 863 4446 εὐνοίας
924 4382 1114 4458 μικρὸν
1171 4382 1420 4458 τηγεῖσθαι
1501 4383 1594 4436 τὸν
1642 4381 1893 4443 θάνατον.

1986 3215 2312 3290 utrumque
2344 3228 2451 3290 per
2480 3227 2546 3272 se
2574 3209 2857 3289 invicem,
2893 3219 2956 3273 ut
3001 3220 3059 3274 et
3088 3211 3202 3293 ipsi
3237 3219 3481 3291 propter
3507 3211 3634 3274 vir-

1983 3297 2154 3378 gines
2187 3298 2376 3360 libere
2432 3317 2596 3361 suam
2629 3301 3020 3363 ostenderent
3049 3301 3355 3382 pietatem,
3393 3307 3454 3364 et
3501 3302 3635 3364 illas

1981 3408 2091 3472 per
2121 3409 2187 3452 se
2218 3389 2458 3455 Christo
2487 3393 2774 3454 offerrent
2803 3393 3053 3458 hostias.

2043 3479 2273 3543 X.Cum
2305 3480 2504 3561 itaque
2525 3499 2731 3543 rursus
2751 3500 2875 3545 sua
2890 3483 3290 3564 improbitatis
3308 3501 3426 3547 non
3449 3485 3636 3563 negli-

1983 3576 2161 3648 gente
2195 3571 2508 3633 ministros
2536 3571 2869 3635 invenisset
2897 3573 3293 3647 inimicus,eis
3316 3576 3636 3654 persuadet

1984 3660 2224 3740 prasidi
2268 3659 2472 3722 dicere
2503 3661 2578 3722 de
2611 3662 2968 3743 martyribus
2999 3683 3014 3724 :
3049 3664 3210 3740 quod
3243 3664 3474 3727 scilicet
3503 3664 3632 3729 Sint

1983 3750 2226 3830 quidam
2259 3751 2468 3830 ignoti,
2504 3771 2659 3814 unus
2688 3753 2928 3833 quidem
2955 3754 3472 3834 monastico,alter
3490 3773 3631 3817 vero

1981 3839 2224 3903 militari
2255 3841 2475 3902 indulti
2497 3842 2848 3923 amictu,qui
2874 3842 3235 3913 efficiunt,ut
3266 3845 3441 3906 modo
3463 3863 3632 3906 eom-

1981 3929 2295 4009 prehensa
2342 3931 2630 4012 virgines,
2663 3933 2807 3993 deos
2855 3933 3095 4012 quidem
3142 3943 3380 3996 nostros
3425 3933 3631 4015 despi-

1979 4017 2163 4092 ciant,
2215 4019 2472 4100 totisque
2532 4021 2760 4083 viribus
2811 4022 3089 4101 adjurent
3143 4032 3201 4085 et
3243 4033 3633 4087 exsecrentur

1981 4125 2187 4172 eorum
2211 4110 2592 4189 religionem,
2616 4111 2986 4192 Caesarisque
3025 4115 3188 4194 jussa
3214 4123 3622 4183 contemnant:

1974 4202 2178 4260 Jesum
2210 4205 2743 4276 autemtquemdam
2775 4205 2964 4263 solum
2997 4205 3252 4274 laudent,
3277 4218 3329 4264 et
3359 4207 3432 4271 ei,
3463 4223 3624 4279 qua-

1983 4307 2222 4368 cunque
2239 4288 2688 4364 Deo,tribuant:
2725 4304 2783 4352 et
2803 4290 2875 4353 ad
2909 4292 3339 4354 ostendendam
3372 4312 3538 4356 suam
3569 4295 3631 4356 in

1981 4395 2115 4440 eum
2139 4376 2906 4457 benevolentiam,mortem
2931 4389 3090 4462 parvi
3115 4381 3633 4464 facianLSyrianus

250 4472 498 4547 Συριανὸς
551 4473 723 4529 τοίνυν
794 4471 853 4528 οὐ
915 4471 1100 4550 πράως
1154 4470 1322 4527 ταῦτα
1391 4468 1700 4549 διενεγκὼν,
1775 4469 1892 4527 ἀλλ’

2023 4465 2187 4546 gitur,
2221 4486 2354 4529 cum
2404 4468 2533 4531 hac
2589 4487 2706 4530 non
2757 4470 2970 4533 leviter
3021 4473 3282 4550 tulisset,
3317 4474 3425 4535 sed
3473 4474 3632 4536 viros

249 4558 339 4617 ἀπ’
368 4560 492 4636 ὄψιν
541 4561 764 4641 ἀγαγὼν
792 4561 910 4627 τοὺς
960 4557 1256 4639 γευναίους,
1293 4566 1488 4640 Υμεῖς,
1521 4558 1648 4639 ἔφη,
1696 4558 1896 4628 δύστη-

249 4672 324 4708 νοι
373 4652 461 4707 καὶ
502 4653 639 4706 θοῶν
693 4656 799 4706 τῶν
855 4649 1127 4726 μακορίων
1185 4650 1391 4729 ἐχθροὶ,
1439 4651 1626 4730 ὑμεῖς,
1683 4652 1737 4708 οἳ
1801 4651 1896 4712 σὰς

247 4738 342 4814 μὲν
397 4740 684 4814 παρθένους
743 4739 1042 4797 ἀναπείθειν
1111 4741 1387 4817 πειρᾶσθε,
1466 4741 1554 4796 καὶ
1625 4740 1690 4796 τὰ
1761 4748 1895 4817 Χρι-

248 4829 471 4886 στιανῶν
543 4828 783 4896 αὐξάνειν
853 4825 1197 4904 σπουδάζετε,
1273 4826 1624 4908 περιϋϐρίζτιν
1705 4827 1759 4885 δὲ
1832 4831 1896 4885 τὰ

250 4919 502 4993 Καίσαρος
551 4924 784 4998 μηχανῇ
813 4925 881 4995 τῇ
927 4919 1104 4994 πάσῃ,
1151 4917 1292 4985 πλὴν
1335 4919 1379 4974 εὶ
1427 4921 1516 4976 καὶ
1572 4919 1651 4994 μὴ
1696 4918 1894 4999 πρότε-

250 5029 356 5086 ρον,
389 5007 527 5068 ἀλλᾶ
581 5016 670 5066 νῦν
700 5015 828 5087 γοῦν
883 5009 982 5077 τῆς
1039 5007 1268 5084 ματαίας
1322 5010 1469 5083 ὑμῶν
1502 5009 1702 5074 ταύτης
1754 5009 1894 5066 ἀπο-

252 5097 462 5162 στάντες
513 5098 822 5176 θρησκείας,
856 5101 1054 5178 εὐχαῖς
1108 5119 1165 5154 τε
1195 5099 1284 5154 καὶ
1327 5099 1532 5162 θυσίαίς
1563 5100 1685 5162 τοὺς
1735 5099 1895 5176 μεγί-

252 5209 398 5252 στους
465 5190 613 5254 θεοὺς
684 5186 995 5251 ἱλεώσασθε,
1067 5195 1234 5247 Τοῦτο
1318 5189 1418 5265 γὰρ
1490 5191 1551 5248 οὐ
1620 5210 1890 5268 τιμωριων

1982 4556 2300 4636 praclaros
2323 4557 2384 4618 in
2417 4575 2590 4618 suum
2621 4569 3015 4639 conspectum
3052 4562 3453 4642 produxisset,
3483 4561 3626 4640 Vos,

1980 4644 2200 4726 inquit,
2237 4646 2505 4708 infelices
2534 4655 2592 4708 et
2621 4648 2827 4711 hostes
2857 4648 3104 4711 deorum
3131 4650 3467 4713 beatorum:
3502 4671 3627 4730 vos,

1980 4737 2080 4809 qui
2104 4736 2430 4808 virginibus
2464 4737 2700 4808 quidem
2733 4742 3028 4799 conamini
3059 4745 3432 4813 persuadere.
3464 4744 3629 4800 Chri-

1979 4821 2310 4885 stianorum
2339 4832 2537 4885 autem
2564 4841 2664 4886 res
2694 4825 2947 4887 studetis
2963 4827 3504 4904 augerezCasarem
3525 4846 3628 4890 ve-

1978 4930 2046 4974 ro
2069 4911 2348 4974 omnibus
2371 4913 2566 4975 modis
2587 4914 2829 4976 afﬁcere
2842 4917 3344 4980 contumelia:sed
3375 4917 3486 4980 etsi
3510 4936 3629 4978 non

1979 5002 2168 5084 prius,
2204 5021 2364 5064 nunc
2415 5003 2659 5085 quidem
2691 5012 2855 5066 certe
2879 5005 2954 5067 ab
3004 5008 3113 5069 hac
3144 5025 3294 5068 vana
3335 5006 3629 5070 deficien-

1981 5098 2071 5154 tes
2122 5091 2433 5170 religione,
2466 5091 2746 5172 precibus
2773 5101 2834 5156 et
2863 5096 3182 5159 sacrificiis
3212 5096 3356 5159 deos
3402 5097 3631 5176 placate

1981 5179 2274 5243 maximos
2308 5201 2322 5244 :
2357 5181 2472 5244 hoc
2503 5182 2660 5244 enim
2720 5201 2841 5245 non
2875 5184 3095 5248 efficiet
3127 5187 3347 5263 solum,
3379 5197 3442 5249 ut
3498 5187 3630 5250 sitis

245 5277 396 5353 μόνον
455 5276 755 5357 ἐλευθέρους
790 5279 927 5354 ὑμᾶς
961 5276 1098 5335 ἀλλὰ
1153 5278 1241 5333 καὶ
1275 5284 1447 5353 τιμῶν
1477 5277 1656 5343 ἀλίους
1714 5277 1887 5356 606?;-

2023 5269 2144 5332 beri
2173 5289 2208 5331 a
2236 5270 2572 5352 suppliciis,
2603 5271 2707 5332 sed
2741 5271 2942 5350 etiam,
2977 5285 3042 5338 ut
3072 5275 3238 5356 digni
3300 5275 3625 5339 videamini

995 5365 1009 5388 ’
1060 5366 1147 5408 ,αν
1209 5365 1330 5408 λη’
1375 5366 1425 5408 e'.’

245 5388 320 5424 ναι
378 5366 797 5445 παρασκευάσει’
861 5368 906 5424 εί
963 5365 1009 5424 δ’
1060 5366 1172 5441 οὗν,
1209 5364 1330 5423 ἀλλ’
1374 5366 1580 5424 ε’ίσεσθε
1614 5367 1712 5433 μὲν
1759 5366 1884 5424 ὅσον

2023 5359 2304 5424 moribus
2333 5383 2347 5426 :
2383 5365 2476 5425 sin
2500 5365 2725 5442 minus,
2748 5381 2886 5427 mox
2917 5368 3160 5448 quidem
3185 5367 3390 5431 scietis
3420 5369 3624 5450 Syria-

248 5455 376 5514 οὕτω
435 5458 713 5536 Συριανόν·
790 5455 998 5514 εἴσεσθε
1055 5456 1111 5514 δὲ
1179 5455 1406 5534 βασιλέα
1468 5454 1878 5530 Διοκλητιανὸν,

2031 5469 2152 5530 nm,
2188 5451 2389 5513 scietis
2419 5461 2613 5517 autem
2646 5453 3068 5537 imperatorem
3126 5476 3362 5542 quoque
3393 5457 3624 5521 Diocle-

319 5634 408 5719 (t)
432 5632 673 5723 Alipta,
701 5639 1021 5714 unctores,
1055 5635 1160 5723 qui
1191 5633 1445 5700 athletas
1471 5639 1800 5698 certaturos
1832 5631 2162 5721 ungebam.
