3954 6146
373 319 525 388 1243
1661 321 1948 391 MENSIS
1986 322 2026 387 J.

2126 323 2447 400 'UARIUS.
3611 331 3735 405 1244

361 454 770 540 tianum,quin
801 456 980 521 etiam
1013 454 1159 520 deos
1189 454 1669 536 ipsos,adversus
1697 461 1850 538 quos
1886 454 2011 517 haec

2129 459 2231 519 λλὰ
2288 470 2389 525 καί
2420 470 2571 535 θεοὺς
2632 469 2846 543 αὐτοὺς,
2880 471 2999 528 καθ’
3040 473 3114 529 ὧν
3144 468 3399 540 ἀνοήτως
3431 470 3503 530 τὰ
3545 483 3735 532 τοιαῦτα

357 547 574 609 stolide
621 548 877 642 audetis,
912 566 1098 642 quam
1138 546 1393 642 gratiam
1441 546 1718 642 referant
1759 564 1898 642 erga
1954 563 2020 606 se

2126 552 2359 642 ξολμᾶτε,
2391 559 2513 623 οἶος
2692 560 2819 641 οἷα]
2864 560 3062 619 ἐκεῖνοι
3116 563 3238 624 τοὺς
3282 560 3546 642 ὑϐριστὰς
3603 561 3736 638 ἆμείο

362 637 832 726 contumeliosis,
869 636 1101 700 etiamsi
1131 635 1250 698 sint
1282 636 1457 698 mites
1490 645 1547 698 et
1578 635 1851 714 benigni.

2126 638 2305 720 ἶονται,
2340 649 2438 704 κᾶν
2482 649 2699 726 εὐμενεῖ
2722 653 2844 714 ὦσι,

415 724 619 790 ΧΙ.Αό
644 728 769 789 haec
784 728 966 808 Cyrus
985 733 1042 787 et
1061 724 1853 798 Joannes:Nos,dixerunt,o
1873 742 2020 806 prae-

363 816 567 892 ses,de
589 817 792 878 multis
816 834 1005 896 pauca
1025 816 1231 878 dicere
1255 815 1696 878 consuevimus.
1731 817 1892 878 Scias
1919 832 2014 877 er-

371 924 581 982 go,nos
602 924 709 966 nec
732 924 858 966 esse
881 910 1128 967 infames
1152 910 1404 967 honores
1427 909 1809 973 admissuros,
1831 922 2022 980 neque

365 995 1225 1067 Christianismum,.quidquid
1277 996 1468 1064 tuerit,
1503 997 1855 1067 prodituros.
1890 995 2022 1052 Ηωο

363 1097 495 1141 cum
526 1080 823 1143 audiisset
863 1081 1172 1162 Syrianus,
1209 1091 1268 1142 et
1319 1081 1657 1142 vehementi
1707 1081 1905 1144 cordis
1933 1082 2022 1142 ira

363 1181 522 1237 esset
555 1183 913 1249 commotus,
950 1183 1008 1236 et
1036 1174 1246 1235 dentes
1272 1175 1458 1236 instar
1488 1176 1614 1255 apri
1647 1174 2018 1238 exacuisset:

364 1267 1054 1350 Oportebat,inquit,vos
1079 1268 1138 1328 in
1163 1269 1276 1330 hoc
1306 1268 1517 1332 saltem
1542 1268 1632 1328 uti
1655 1267 2024 1347 benignitate

357 1357 608 1437 judicis,
644 1359 801 1440 quod
837 1358 980 1420 moti
1015 1359 1368 1438 ptenitentia
1423 1376 1658 1438 eorum,
1692 1377 1824 1439 quae
1856 1359 2024 1438 prius

362 1447 747 1525 statuissetis,
776 1449 824 1510 si
850 1447 971 1510 ulla
996 1458 1155 1509 esset
1182 1448 1504 1525 sapientia,
1530 1448 1721 1508 minas
1743 1448 2025 1509 evitasse-

364 1535 760 1610 tis.Quoniam
789 1545 985 1598 autem
1012 1537 1388 1610 universum,
1414 1546 1477 1597 ut
1495 1535 1694 1608 video,
1720 1545 1810 1597 est
1839 1537 2023 1598 fastus

368 1634 430 1688 et
451 1625 787 1705 arrogantia
814 1635 873 1688 et
902 1626 1097 1687 inanis
1125 1626 1434 1706 jactantia,
1462 1645 1580 1687 non
1616 1626 1859 1705 prolixis
1887 1644 2022 1686 ver-

368 1713 463 1777 bis
486 1716 739 1795 amplius
766 1716 879 1777 erit
910 1734 1080 1795 opus,
1107 1716 1212 1777 sed
1232 1718 1354 1794 jam
1386 1716 1461 1776 ad
1493 1715 1683 1795 ipsam
1717 1716 2026 1776 veniemus

2183 724 2290 795 1A,.
2355 740 2489 816 Πρὸς
2544 724 2713 797 ταῦτα
2787 746 2949 816 Κῦρος
3021 742 3110 799 καὶ
3181 741 3477 819 Ἰωάννης,
3546 733 3740 823 Ἠμετς,

2103 825 2259 880 εἷπον
2282 828 2354 920 ’ιῶ
2386 826 2591 909 ἅρχων,
2641 828 2796 908 δλίγα
2847 831 2961 909 περὶ
3010 829 3229 889 πολλῶν
3274 830 3467 910 λέγειν
3527 833 3745 911 πεφύκα-

2104 934 2224 1000 μεν,
2308 920 2409 973 [σθι
2451 926 2754 997 τοιγαροῦν,
2788 922 2861 984 ὡς
2920 920 3039 979 οὕτε
3095 922 3255 997 τιμὰς
3305 921 3551 998 ἀτίμους
3592 944 3742 1000 παρα-

2103 999 2380 1085 δεξόμεθα,
2440 1006 2558 1063 οὔτε
2615 1009 2707 1065 τὸν
2750 1012 3184 1087 Χριστιανισμὸν,
3232 1012 3287 1068 εἴ
3347 1035 3406 1069 τι
3455 1010 3507 1068 δ’
3566 1013 3627 1069 ἃν
3664 999 3745 1069 ααὶ

2105 1092 2341 1182 γένοιτο,
2387 1099 2757 1173 προησόμεθα.
2804 1101 3013 1159 Τούτων
3071 1100 3300 1168 ἀκούσας
3358 1094 3744 1182 Συριανός,ααῖ

2108 1180 2349 1261 σφοδρῶς
2396 1186 2494 1251 τὴν
2526 1185 2738 1265 καρδίαν
2798 1190 3051 1270 κινηθεὶς,
3083 1191 3172 1247 καὶ
3229 1194 3323 1249 τὸν
3381 1180 3582 1248 ὀδόντα
3622 1180 3745 1257 δίκην

2106 1273 2230 1335 συὸς
2261 1273 2548 1355 ὑποθήξας,
2586 1275 2736 1334 Ἔδει
2783 1277 2878 1352 μὲν
2924 1281 3089 1356 ὑμᾶς,
3123 1280 3169 1335 ὦ
3222 1279 3401 1361 οὗτοι,
3445 1279 3575 1362 ἔφη,
3618 1286 3745 1337 τοῦτο

2108 1371 2230 1436 γοῦν
2300 1367 2395 1430 τῆς
2455 1372 2548 1421 τοῦ
2601 1364 2905 1438 δικάζοντος
2977 1368 3278 1427 ἀπολαῦσαι
3337 1368 3743 1449 φιλανθρωπίας,

2106 1451 2167 1507 τό
2211 1453 2468 1527 μεταναίᾳ
2509 1461 2617 1512 τῶν
2667 1458 3148 1535 προεγνωσμένων,
3201 1457 3364 1531 εἴπερ
3440 1458 3587 1524 ὅλως
3641 1482 3749 1516 aevo

2107 1561 2216 1606 εσις
2273 1545 2363 1620 ἧν,
2407 1543 2471 1598 τὰ
2530 1544 2871 1620 ἧπειλημὲνα
2929 1545 3232 1627 διαφυγεῖν.
3278 1549 3534 1607 Ἐπεὶδέ
3588 1550 3746 1627 τῦφος,

2107 1632 2178 1696 ὼς
2222 1634 2352 1707 ὁρω,
2404 1635 2465 1689 τὸ
2509 1641 2638 1708 πᾶν,
2672 1635 2757 1692 καὶ
2816 1634 3113 1715 ἀλαζονεία,
3163 1640 3251 1695 καὶ
3301 1638 3537 1714 κόμπος
3592 1640 3748 1711 κενὸς,

2109 1721 2169 1776 οὗ
2226 1728 2446 1799 μακρῶν
2531 1726 2606 1787 εἰς
2666 1723 2742 1781 ἔτι
2815 1723 3115 1801 δεησόμεθα
3170 1727 3377 1808 λόγων,
3444 1727 3589 1784 ἀλλὰ
3639 1729 3751 1804 πρὸς

370 1805 828 1886 experientiam.
891 1803 990 1868 Sic
1038 1803 1199 1865 enim
1232 1804 1348 1884 ipsi
1402 1813 1462 1865 et
1493 1822 1624 1884 quas
1670 1803 2026 1895 desideratis

2126 1810 2274 1877 ιῦτῆν
2330 1810 2433 1878 ἤδη
2473 1813 2568 1881 τὴν
2624 1828 2817 1892 πεῖραν
2884 1812 3100 1891 ἥξομεν,
3165 1817 3315 1874 Οὕτω
3348 1803 3460 1895 γὰρ
3513 1803 3754 1874 αὖτοὶγτε

367 1895 613 1974 praemia
637 1895 884 1957 omnino
910 1895 1461 1974 consequemini,et
1489 1903 1552 1953 ut
1568 1912 1699 1974 quae
1717 1893 1893 1971 jussit
1917 1893 2029 1954 im-

371 1992 613 2064 perator
660 1983 917 2057 faciatis,
953 1984 1046 2044 vel
1095 1983 1261 2044 inviti
1297 1982 1836 2062 persuadebimini.
1890 1980 2025 2043 Haec

371 2091 505 2135 cum
557 2072 826 2153 dixisset,
860 2081 918 2134 et
947 2072 1327 2152 produxisset
1348 2072 1610 2148 virgines
1640 2072 1697 2132 in
1729 2090 2024 2148 conspec-

374 2168 497 2224 tum
531 2171 876 2242 martyrum,
907 2170 969 2223 ut
997 2161 1273 2224 viderent
1296 2179 1433 2242 quae
1458 2160 1703 2235 ﬁebant,
1734 2160 2030 2223 inferebat

371 2251 612 2314 athletis
636 2270 815 2314 omne
843 2270 1033 2331 genus
1071 2259 1535 2330 tormentorum,
1560 2251 1812 2328 ﬂagellis
1843 2251 2032 2313 caade-

377 2341 497 2418 bat,
533 2341 717 2405 clavis
767 2339 1141 2414 conterebat,
1185 2340 1565 2420 lampadibus
1614 2340 1935 2419 ustulabat,
1973 2349 2032 2402 et

372 2451 534 2503 cum,
573 2450 704 2512 quae
726 2438 860 2493 usta
891 2430 1431 2503 fuerunt,membra
1457 2439 1622 2492 aceto
1656 2439 1714 2490 et
1744 2431 1867 2491 sale
1900 2448 2028 2492 ma-

373 2520 952 2595 defecisset,deinde
978 2521 1191 2601 pannis
1214 2538 1284 2582 ex
1320 2519 1432 2599 piis
1466 2520 1754 2581 confectis
1781 2519 2033 2599 jubebat

373 2610 738 2688 abstergere,
794 2621 855 2671 et
914 2608 1204 2671 bulliente
1259 2609 1391 2688 pice
1437 2610 1622 2690 pedes
1678 2609 2028 2688 inungebat.

372 2698 536 2763 Nihil
587 2698 850 2778 denique
901 2717 1021 2760 non
1070 2698 1332 2760 faciebat
1374 2717 1443 2759 ex
1493 2699 1566 2761 iis
1606 2717 1738 2778 quae
1788 2707 2033 2778 possent

376 2806 596 2873 corpus
619 2788 817 2869 aliquo
849 2788 1024 2849 modo
1055 2788 1273 2868 punire
1305 2805 1319 2850 :
1347 2788 1525 2849 simul
1560 2787 1803 2867 quidem
1837 2796 1893 2847 et
1922 2806 2029 2848 eo-

373 2896 507 2940 rum
561 2877 863 2938 ulciscens
892 2877 1313 2951 constantiam,
1352 2886 1411 2937 et
1455 2876 1750 2955 virginum
1784 2875 2034 2956 spiritus

384 2966 551 3047 prius
582 2965 940 3027 labefactare
971 2964 1248 3027 moliens.

436 3058 551 3116 XI].
575 3057 716 3117 Cum
742 3068 935 3115 autem
959 3073 1060 3115 eos
1092 3059 1193 3129 qui
1215 3057 1496 3116 videbant
1523 3056 1812 3115 videretur
1841 3059 2033 3129 potius

2109 1898 2213 1954 τῶν
2270 1902 2610 1976 ποθουμένων
2676 1909 2846 1980 γερῶν
2905 1905 2966 1961 ἐκ
3008 1907 3208 1970 παντὸς
3253 1905 3631 1980 ἀπιτεύξεοθε,
3683 1906 3758 1962 καὶ

2109 1990 2170 2044 τὸ
2226 1995 2319 2046 τοῦ
2351 1990 2616 2064 βασιλέως
2673 1994 3020 2071 πρόσταγμα,
3051 1995 3149 2051 καὶ
3192 1994 3445 2070 ἔχοντες,
3482 1997 3611 2073 δρᾷν
3650 2015 3759 2050 πει·

2110 2078 2388 2147 σθήσεσθε.
2436 2087 2612 2137 Ταῦτα
2664 2083 2827 2139 εἰπὼν
2871 2083 2966 2139 καί
3013 2084 3108 2146 τὰς
3170 2084 3466 2162 παρθένους
3513 2087 3591 2149 εἰς
3650 2088 3758 2141 θεαν

2111 2166 2218 2222 τῶν
2276 2171 2571 2245 γινομένων
2628 2172 3138 2248 παραστησάμενος,
3172 2178 3276 2228 πᾶν
3320 2172 3483 2236 εἶδος
3529 2174 3760 2249 βασάνων

2111 2255 2283 2332 ἐπῆγε
2334 2271 2452 2321 τοῖς
2506 2257 2792 2326 ἅθλητὰϊς·
2843 2261 3085 2334 μάστιξιν
3138 2265 3312 2341 ᾕγιζε,
3348 2261 3618 2340 ῥοπάλοις
3645 2284 3758 2318 συν·-

2114 2342 2311 2431 έτριϐεμ,
2358 2345 2642 2431 λαμπασιψ
2661 2346 2888 2405 διέκαιε⁶
2962 2351 3029 2407 τὰ
3100 2351 3364 2428 φλεγέντα
3439 2351 3610 2431 μέλη,
3650 2349 3757 2431 νόξιι

2112 2427 2202 2481 καὶ
2251 2425 2408 2482 ἅλατι
2440 2426 2731 2503 διαϐρέξας,
2767 2433 2890 2487 εἶτα
2937 2433 3025 2487 καὶ
3071 2425 3331 2510 τριχίνοις
3384 2425 3609 2510 ῥάκεσιν
3636 2430 3753 2487 ἂνα-

2113 2512 2309 2591 τρίϐειν
2343 2515 2622 2589 ἐπέταττε,
2659 2519 2826 2595 πίσσῃ
2887 2541 2944 2576 τε
3000 2518 3353 2601 παφλαζούσῃ
3418 2522 3548 2586 τοὺς
3606 2519 3753 2583 πόδας

2114 2602 2390 2683 ἐπέχριεν.
2453 2604 2613 2664 Οὐδὲν
2642 2607 2710 2675 ἦν
2768 2607 2796 2662 ὃ
2840 2608 2920 2683 μὴ
2981 2608 3149 2666 ἐποίει
3204 2616 3309 2666 τῶν
3349 2609 3607 2682 κολάζειν
3653 2610 3753 2666 σώ-

2116 2715 2259 2766 ματα
2316 2693 2645 2774 δυναμένων,
2699 2696 2813 2770 ἅμα
2871 2697 2970 2772 μὲν
3032 2699 3221 2761 αὖτοὺς
3273 2700 3617 2775 ἀμυνόμενος
3669 2704 3752 2764 τῆς

2114 2781 2432 2863 ἒνστάσεως,
2480 2783 2594 2859 ἅμα
2637 2783 2692 2841 δὲ
2746 2787 2835 2843 καὶ
2880 2792 2984 2842 τῶν
3023 2787 3297 2867 παρθένων
3341 2800 3750 2868 προκατασεῐσαι

2115 2872 2176 2928 τὸ
2207 2872 2451 2952 φρόνήμα
2482 2874 2904 2954 μηχανώμενος.

2199 3051 2302 3113 ΙΒ’.
2350 3051 2501 3109 Ἐπεὶ
2532 3050 2585 3109 δὲ
2642 3056 2764 3119 τοὺς
2794 3055 3034 3133 ὁρῶντας
3078 3055 3282 3131 μᾶλλον
3314 3057 3350 3127 ἢ
3382 3059 3511 3123 τοὺς
3566 3057 3747 3134 μάρτυ-

380 3147 678 3237 castigare
711 3162 886 3224 quam
916 3151 1209 3237 martyres
1240 3144 1353 3237 (illi
1378 3143 1538 3237 enim
1562 3143 1650 3205 vel
1684 3143 1901 3237 ex__so_lo
1927 3162 2026 3237 pa-

2126 3145 2213 3237 ῗᾲς
2282 3140 2532 3213 καλάζειδ
2575 3142 2729 3216 ἐῴκει
2798 3144 2872 3222 (οἱ
2943 3146 3042 3219 μὲν
3103 3146 3204 3222 γὰρ
3276 3149 3362 3203 uti
3423 3147 3535 3203 ἂπὸ
3603 3146 3749 3219 μόνης

384 3231 643 3296 tiebatur
665 3233 1029 3313 spectaculo,
1056 3242 1299 3312 propter
1316 3233 1573 3312 insignia
1595 3232 1910 3314 supplicia:
1945 3233 2037 3294 his

378 3341 519 3386 vero
546 3323 748 3385 omnia
779 3323 1256 3402 erautjucunda,
1299 3331 1538 3404 propter
1564 3341 1729 3402 spem
1762 3341 2040 3384 remune~

2122 3229 2368 3309 ἔπασχον
2422 3236 2521 3298 τῆς
2549 3232 2672 3294 θέας
2717 3232 2803 3290 διὰ
2832 3234 2932 3299 τὴν
2978 3231 3279 3311 ὑπερϐολὴν
3308 3238 3418 3291 τῶν
3475 3234 3749 3303 κολάσεων,

2122 3334 2241 3385 τοῖς
2305 3317 2359 3375 δὲ
2402 3320 2576 3378 πάντα
2634 3320 2753 3378 καθ’
2797 3320 2992 3389 ἡδονὰν
3051 3323 3125 3379 ὧν
3179 3322 3264 3380 διὰ
3321 3325 3425 3392 τὴν
3456 3322 3638 3381 ἐλπίδα
3674 3321 3754 3388 τῆς

380 3413 686 3495 rationis),
718 3413 883 3493 ipsos
909 3411 1151 3493 quidem
1185 3412 1410 3475 relaxat
1441 3431 1473 3474 a
1498 3412 1831 3486 tormentis,
1864 3411 2026 3492 jussit

2126 3408 2494 3489 ἀντιδόσεως),
2527 3411 2715 3474 αὸτοὺς
2776 3411 2873 3485 μὲν
2916 3412 3094 3479 ἀνίησι
3152 3416 3258 3471 τῶν
3301 3414 3577 3489 βασάνωνο
3634 3411 3749 3468 αἰκία

379 3512 577 3566 autem
600 3491 862 3581 virgines
890 3491 1154 3583 torqueri
1185 3521 1300 3564 una
1325 3521 1461 3563 cum
1495 3491 2026 3579 matre.Postquarr

2126 3503 2298 3571 ζεσθαι
2357 3497 2413 3554 δὲ
2451 3501 2541 3561 τὰς
2598 3499 2886 3577 παρθένους
2916 3500 3127 3558 ἐκέλευε
3160 3503 3253 3559 σὺν
3297 3501 3412 3577 ἅμα
3444 3503 3627 3578 μητρί.
3677 3491 3752 3561 Ὠς

380 3602 580 3656 autem
612 3593 839 3654 faciens
865 3592 1223 3672 periculum,
1252 3591 1460 3671 majori
1485 3591 1714 3671 pudore
1744 3589 2026 3652 afficieba-

2126 3587 2175 3645 δὲ
2204 3590 2293 3646 καὶ
2341 3590 2543 3646 τούτων
2573 3591 2648 3653 εἰς
2682 3604 2877 3669 πεῖραν
2932 3593 3048 3669 ίὼν³
3079 3592 3346 3671 ᾐσχύνετο
3393 3591 3624 3670 μῆλλον,
3653 3586 3749 3646 οῦδὲ

384 3692 498 3757 tur,
535 3683 848 3762 utquinec
875 3681 1158 3742 mulieres
1192 3680 1434 3760 quidem
1457 3689 1656 3760 posset
1679 3680 1871 3741 solum
1905 3680 2026 3738 vin-

2126 3682 2386 3756 γυναικῶν
2445 3677 2629 3741 ἁπλῶς
2690 3686 2959 3757 κρατῆσαι
3032 3680 3325 3755 δυνάμετος
3381 3681 3606 3739 ἐθεῶντο
3667 3681 3748 3755 γὰρ

380 3791 519 3834 cere
541 3770 969 3844 (cernebantur
1000 3770 1158 3832 enim
1186 3770 1383 3831 sextui
1410 3769 1602 3831 solum
1635 3769 1855 3832 Christi
1888 3786 2026 3830 mar-

2126 3769 2225 3824 απὸ
2285 3777 2380 3826 τοῦ
2429 3768 2609 3845 γένους
2672 3769 2837 3843 μὸνου
2894 3770 3014 3834 τοὺς
3074 3770 3168 3828 τοῦ
3219 3776 3447 3847 Χριστοῦ
3504 3770 3744 3848 μάρτυρας

380 3869 537 3942 tyres
559 3860 769 3921 sivisse
794 3868 1227 3940 praestare,non
1257 3860 1451 3919 minus
1468 3876 1605 3920 vero
1638 3876 1770 3920 esse
1792 3858 2026 3932 animis,

2126 3856 2341 3913 ἑάσασαι
2413 3855 2698 3936 διαφέρειν,
2747 3859 2840 3922 τᾶς
2902 3858 2957 3915 δέ
3010 3881 3070 3942 γε
3148 3861 3332 3940 ψυχὰς
3392 3858 3543 3917 οῦδὲν
3596 3862 3742 3916 αὐτῶν

381 3937 556 4031 quam
582 3937 1175 4028 sintipsi,masculis,
1213 3967 1438 4029 eosque
1463 3947 1536 4007 ad
1571 3966 1826 4026 unguem
1863 3947 2026 4026 plane

2126 3947 2282 4015 ἧττον
2338 3945 2718 4025 ἠῤῥενωμέναι,
2750 3951 2839 4004 καὶ
2883 3952 2984 4015 τὴν
3028 3937 3268 4024 μίμησιν
3300 3949 3441 4006 πάνυ
3483 3949 3578 4015 τὴν
3633 3946 3737 4022 πρὸς

388 4058 522 4103 esse
552 4040 847 4114 imitatae);
874 4049 1181 4118 postquam
1217 4055 1355 4115 ergo
1381 4037 1506 4098 hzec
1538 4036 1683 4097 vidit
1707 4036 1891 4115 judex
1923 4037 2026 4096 im-

2126 4036 2303 4096 αὒτοὺς
2362 4034 2772 4114 ἂκριϐώσασαι),
2834 4036 2949 4095 ἐπεὶ
3022 4046 3186 4095 ταῦτα
3254 4037 3434 4101 οῧπως
3497 4040 3525 4094 ὁ
3588 4033 3737 4095 ἄδικος

387 4130 649 4210 pius,eas
679 4137 869 4189 morte
893 4128 1339 4200 condemnat,et
1358 4143 1730 4204 earum,quae
1761 4127 1873 4186 vita
1898 4124 2026 4203 dig‘

2126 4124 2257 4201 ἑώρα
2311 4124 2524 4203 κριτὴς,
2580 4126 2804 4182 θάνατον
2858 4131 3031 4186 αὐτῶν
3089 4129 3420 4206 κατακρίνει,
3479 4127 3562 4184 καὶ
3614 4145 3731 4198 τμη-

384 4208 475 4280 im
507 4227 701 4293 erant,
727 4221 884 4278 sicut
926 4213 1106 4279 etiam
1138 4215 1357 4277 factum
1390 4224 1503 4296 est,
1526 4216 1718 4294 capita
1747 4220 2026 4294 amputari

2126 4216 2273 4278 θῆναι
2315 4214 2411 4276 τὰς
2468 4213 2707 4294 κεφαλὰς
2738 4222 2847 4272 τῶν
2908 4217 3051 4287 ζωῆς
3096 4213 3277 4289 ἀξίων,
3325 4215 3509 4293 ὥσπερ
3550 4213 3638 4291 ἄρα
3671 4208 3739 4265 καὶ

384 4307 753 4386 pronuntiat.
787 4309 987 4386 Atque
1024 4323 1161 4367 cum
1198 4304 1459 4381 virgines
1485 4303 1727 4384 quidem
1762 4321 1877 4363 una
1904 4320 2026 4363 cum

2126 4300 2384 4378 γέγονειν,
2446 4301 2823 4382 ἀποφαίνεται.
2885 4306 2990 4368 Τὰς
3048 4305 3148 4379 μὲν
3192 4304 3283 4360 οὖν
3341 4303 3618 4383 παρθένους
3664 4298 3733 4353 οὖν

385 4404 573 4459 matre
598 4414 808 4458 manus
831 4395 1114 4456 lictorum
1147 4393 1698 4473 accepisset,morti
1730 4411 1862 4474 quae
1894 4409 2026 4453 ense

2126 4395 2189 4466 τῇ
2246 4392 2408 4468 μητρὶ
2470 4404 2656 4470 χεῖρες
2723 4390 2930 4468 δημίων
2988 4391 3267 4468 λαϐοῦσαι,
3317 4400 3397 4460 τῷ
3454 4391 3537 4448 δια
3590 4389 3729 4467 ξίφους

382 4486 659 4557 infertur,
697 4484 1072 4588 tradiderupt
1100 4484 1245 4588 nihil
1282 4482 1715 4588 muliebreaut
1761 4483 2026 4562 ignavum

2126 4480 2333 4553 θανάτῳ
2391 4480 2772 4558 παρέπεμψαν,
2836 4479 2985 4539 οὒδίν
3056 4485 3370 4559 γυναικεῖον
3428 4481 3465 4551 ἢ
3527 4474 3727 4552 ἄνανδρον

2203 4569 2216 4588 ι
2351 4569 2363 4586 ι
2622 4570 2634 4586 ι
2743 4571 2757 4588 ν
2837 4569 2859 4588 ιι
2914 4568 2936 4588 ν
3034 4569 3044 4585 ο
3224 4568 3339 4588 »καί
3407 4569 3434 4588 η
3514 4570 3530 4588 ι
3579 4560 3727 4588 ηαξ--.

385 4575 775 4637 ostendentes
805 4573 866 4634 in
903 4572 1201 4646 caade,sed
1227 4571 1643 4643 reddentes,id
1676 4560 1834 4652 quod
1861 4590 2026 4632 acce-

2126 4569 2255 4646 πρὸς
2311 4569 2409 4634 τὴν
2468 4570 2681 4647 σφαγὴν
2738 4568 3169 4645 ἐπιδειξαμένας,
3218 4568 3339 4628 ἀλλ’
3404 4569 3531 4648 ὅπερ
3579 4560 3727 4623 ἔλαϐον

388 4671 619 4742 perant,
657 4672 715 4724 et
746 4662 833 4723 eis
863 4662 1103 4722 etfectas
1136 4660 1445 4741 exemplar
1475 4660 1865 4733 fortitudinis,
1894 4679 2026 4739 quo:

2128 4657 2463 4739 ἀντιδούσας,
2494 4661 2581 4715 καὶ
2612 4662 2904 4738 γενομένας
2963 4662 3170 4725 τούτοις
3203 4659 3503 4738 ὑπόδειγμα
3528 4674 3723 4738 γενναιο-

386 4753 529 4831 ipsa)
562 4753 726 4833 prius
780 4750 1094 4830 pulchrum
1132 4759 1495 4829 acceperant
1552 4749 1935 4829 archetypum
1971 4749 2044 4810 ad

390 4843 664 4905 virtutem
700 4839 902 4921 magni
934 4839 1140 4903 animi.
1171 4839 1381 4920 Cyrum
1423 4847 1619 4900 autem
1666 4848 1725 4899 et
1753 4837 2042 4901 Joannem

385 4931 570 5012 judex
602 4949 812 4993 rursus
850 4928 1077 4990 vocavit
1105 4930 1178 4991 ad
1211 4929 1429 4990 luctam
1463 4950 1476 4992 :
1506 4926 1725 5008 quibus
1748 4926 1891 5003 quid
1926 4945 2047 4988 non

392 5026 522 5081 fecit
553 5025 790 5094 impius,
818 5022 1013 5081 volens
1045 5038 1143 5078 eos
1176 5021 1244 5080 ad
1272 5036 1435 5079 suam
1473 5020 1775 5078 traducere
1806 5030 2048 5077 senten-

392 5109 571 5170 tiam?
599 5109 835 5172 Prolixa
859 5108 1139 5171 utebatur
1159 5110 1431 5170 oratione
1458 5129 1472 5168 :
1505 5126 1570 5169 se
1597 5125 1806 5169 eorum
1839 5124 2043 5168 curam

386 5216 599 5276 gerere
623 5216 744 5277 prae
773 5217 838 5258 se
863 5197 1435 5260 ferenszminabatur
1463 5196 1811 5273 gravissima
1834 5213 2046 5275 parere

394 5286 1115 5366 nolentibus,proferebat
1138 5284 1682 5365 dona,subjiciebat
1707 5283 2046 5360 tormentis,

392 5374 513 5435 elia
561 5373 861 5435 inferebat
913 5377 1158 5454 majora,
1195 5393 1315 5435 non
1348 5375 1538 5435 solum
1590 5373 1907 5452 supplicia,
1941 5371 2047 5435 sed

2128 4769 2314 4818 τητος,
2348 4750 2432 4813 οὒς
2465 4750 2616 4805 αὗταὶ
2672 4750 2926 4827 πρότερον
2969 4748 3137 4808 καλὸν
3198 4750 3504 4830 ἀρχέτυπον
3543 4749 3606 4810 εἰς
3653 4743 3723 4797 ἀν’

2128 4835 2272 4916 δρίαν
2313 4837 2586 4918 εἰλήφασι.
2630 4847 2795 4917 Κῦρον
2826 4838 2881 4895 δὲ
2938 4837 3101 4899 πάλιν
3134 4842 3161 4896 ὁ
3191 4829 3420 4910 δικάζων
3451 4839 3533 4895 καὶ
3583 4829 3722 4892 Ἰωάν-

2128 4949 2225 4992 νην
2255 4924 2474 4982 ἒκάλεσε
2521 4929 2651 5006 πρὸς
2705 4929 2771 4983 τὰ
2828 4927 3199 5003 παλαίσματα·
3255 4930 3344 4991 οὓς
3403 4930 3457 4984 τί
3497 4927 3566 5003 μὴ
3599 4919 3723 4978 ἐποίει

2129 5018 2157 5071 ὁ
2215 5012 2474 5083 δυσσεϐὴς
2535 5018 2855 5090 μεταπείσεν
2914 5017 3348 5095 προῃρημένοςς
3409 5018 3600 5095 Λόγους
3626 5027 3721 5065 κατ’

2130 5104 2297 5161 ἔτεινε
2353 5107 2588 5185 μακροὺς
2637 5111 2728 5163 καὶ
2771 5107 3022 5185 παρῄνει,
3070 5104 3326 5177 κήδεσθαι
3385 5100 3723 5186 προσποιούμεο

2131 5209 2245 5258 νος·
2291 5182 2509 5262 ἠπείλαι
2539 5196 2606 5251 τὰ
2664 5182 3052 5274 χαλεπῶτατα,
3087 5198 3370 5264 πεισθῆναι
3408 5182 3488 5272 μὴ
3514 5182 3721 5270 βουλομέ-

2132 5300 2266 5347 νοις⁶
2323 5284 2595 5361 προέτεινε
2663 5273 2884 5365 δωρεὰς,
2933 5283 3199 5341 ὑπέϐαλλε
3257 5285 3555 5364 τιμωρίαις,
3601 5273 3718 5365 mf“

2133 5371 2303 5449 ἐπῆγε
2364 5373 2574 5448 μείζους
2605 5375 2666 5430 οὗ
2725 5360 2975 5439 διολάσεις
3034 5374 3223 5449 μόνον,
3258 5360 3514 5430 ἁλλὰ-καὶ
3563 5360 3716 5446 ἆγαθᾶν

398 5460 570 5520 etiam
600 5479 870 5523 munera:
897 5472 957 5523 ut
977 5463 1075 5542 qui
1112 5463 1480 5524 existimaret
1501 5470 1839 5540 contempta
1869 5461 2026 5522 ΐυὶδει

2134 5458 2419 5540 ἕπιδόσεις,
2454 5464 2527 5526 ὡς
2579 5466 3034 5541 περιφρονηθῆναι
3085 5464 3179 5529 τὰς
3231 5460 3586 5541 προλαϐουσάς
3618 5457 3712 5542 ὑφ’

402 5546 603 5616 priora
653 5558 895 5626 propter
929 5551 1228 5629 egregiam
1285 5551 1479 5628 magni
1513 5550 1695 5609 animi
1743 5549 2046 5630 virtutem,

395 5640 497 5697 aut
538 5634 886 5711 praeclarum
917 5647 970 5700 et
1021 5637 1409 5717 magnificum
1452 5637 1842 5705 desiderium.
1904 5640 2048 5703 Cum

2134 5546 2311 5605 λαϐὼν
2369 5537 2453 5606 διὰ
2484 5537 2960 5630 πολλῆνυάνδρίαν
3010 5551 3046 5622 ἢ
3102 5537 3382 5628 ἐπιθυμίας
3445 5537 3713 5629 μεγαλοπρέ-

2134 5659 2312 5701 πειαν,
2347 5639 2495 5708 Ἐπεὶ
2523 5639 2579 5698 δέ
2635 5639 2807 5700 πάντα
2841 5647 3021 5701 ποιῶν
3078 5641 3229 5701 οὐθὲν
3272 5639 3413 5721 ἔνυε,
3449 5643 3539 5711 τὴν
3586 5638 3709 5716 ﬁt?“
