3954 6146
175 335 209 399 1
233 336 362 402 245

1329 331 1516 395 VITA
1573 331 1677 394 SS.
1723 332 1904 392 CYRI
1965 332 2063 394 ET
2103 335 2448 398 JOANNIS.

3425 335 3578 402 1246

169 474 388 555 ἐπάγει
419 474 508 532 καὶ
564 469 685 531 κατ’
743 472 939 546 αὒτῶν,
979 478 1168 550 Κῦρον,
1217 471 1403 547 εἰπὼν,
1437 472 1529 527 τὸν
1571 471 1678 528 τῶν
1735 477 1846 527 Γα-

1970 488 2070 532 ero
2096 470 2295 532 omnia
2315 471 2540 532 faciens
2561 468 2708 532 nihil
2745 469 3087 550 proﬁceret,
3116 467 3175 532 in
3209 487 3311 531 eos
3343 489 3580 551 quoque

166 563 422 622 λιλαίων
467 565 797 644 προστάτην,
836 563 924 619 καὶ
989 562 1245 627 Ἰωάννην
1274 563 1365 616 τὸν
1409 562 1470 616 τὸ
1501 558 1657 625 σέϐας
1713 560 1856 633 αἱ)τῷ

169 653 600 732 παραπλήσιον,
661 665 779 717 τοῖς
812 658 917 707 τῶν
980 651 1381 729 αὐτοκρατόρων
1413 654 1517 729 οὐχ
1546 647 1858 714 ὕπείξαντας

173 741 549 821 διατάγμασι,
611 743 697 799 καὶ
771 745 949 806 θυσιας
1024 754 1143 806 τοῖς
1211 742 1484 818 μεγίστοις
1563 744 1705 802 θεοῖς
1781 737 1857 814 μὴ

173 834 682 911 προσενεγκόντας,
733 834 1112 905 ἀποτμηθῆναι
1171 831 1266 893 τὰς
1310 829 1542 908 κεφαλὰς
1572 829 1707 886 κατὰ
1764 829 1857 883 τὸν

171 925 304 980 ’τῶν
338 924 674 999 κρατούντων
705 922 867 996 νόμον
901 921 1324 1000 ἀποφαινόμεθα.

284 1012 391 1073 1Γ’.
427 1022 605 1070 Ταῦτα
664 1009 1044 1090 ψηφισαμένου
1075 1015 1352 1086 Συριανοῦ,
1387 1007 1633 1087 δέχονται
1683 1029 1856 1084 παρα·-

177 1103 392 1182 χρῆμα
425 1103 511 1158 καὶ
567 1103 714 1157 οὗτοι
759 1101 902 1180 χειρὶ
959 1101 1056 1175 μὲν
1112 1099 1416 1177 ἀνθρωπίνῃ
1443 1098 1536 1164 τὴν
1597 1096 1856 1172 ἐκτομὴν,

178 1191 446 1264 ἀθανάτῳ
503 1189 557 1245 δὲ
611 1191 703 1246 τὸν
762 1189 813 1254 ἓξ
870 1191 1090 1268 οὖρανοῦ
1147 1188 1405 1267 στέφανον
1464 1187 1549 1242 ἐπὶ
1610 1183 1856 1265 τριακάδι

181 1283 291 1337 καὶ
361 1280 579 1357 πρώτην
640 1276 860 1356 ἄγοντες
924 1285 1016 1335 τοῦ
1092 1277 1414 1355 Ἰανουαρὶου
1486 1277 1682 1348 μηνός.
1744 1276 1858 1333 Τῶν

189 1371 388 1446 μέντοι
421 1368 692 1445 λειψάνων
722 1370 767 1424 οἰ
799 1366 1132 1448 φιλευσεϐεϊς
1178 1365 1444 1442 οὐδαμῶς,
1479 1365 1859 1442 ὠλιγώρησαν,

189 1462 303 1528 τὴν
363 1468 457 1517 τοῦ
487 1463 672 1536 καιροῦ
721 1457 998 1514 δυσκολὶαν
1029 1455 1436 1520 ὑποσταλέντες⁶
1475 1454 1612 1511 ἄλλα
1666 1468 1861 1535 χεῖρας

189 1548 350 1613 εὐθὺς
438 1545 863 1615 σπουδαιοτήτος
951 1546 1366 1622 εισενεγκόντες,
1450 1542 1686 1608 εὐλαϐῶς
1773 1545 1859 1600 καὶ

188 1639 362 1699 ὁσίως
395 1634 669 1692 ἀνείλοντο
716 1642 902 1708 ταῦτα,
937 1630 1032 1691 καί
1080 1635 1504 1713 περιστείλαντες
1550 1633 1602 1688 ἐν
1652 1638 1728 1706 τῷ
1772 1634 1862 1688 τοῦ

189 1727 503 1783 ἀποστόλου
576 1732 688 1798 ναῷ
763 1725 978 1802 Μάρκου
1042 1723 1302 1802 λαμπρῶς
1374 1722 1568 1779 ἕκαστα
1638 1724 1860 1778 κατατί-

189 1821 410 1896 θενταῒ,
449 1813 592 1881 πλὴν
646 1813 768 1870 ὅσον
802 1818 984 1878 αὐτοῖς
1044 1815 1094 1870 αἱ
1127 1819 1286 1880 θῆκαι
1348 1813 1610 1893 διάφορον
1647 1811 1766 1868 ἀλλ’
1827 1813 1861 1879 ἡ

195 1907 301 1981 μὲν
362 1907 461 1983 γὰρ
492 1905 558 1960 τὰ
619 1912 722 1959 τῶν
769 1903 1040 1982 παρθένων
1073 1905 1156 1960 καῖ
1212 1909 1310 1970 τῆς
1343 1903 1573 1979 μητρὸς,
1620 1903 1772 1979 ἑτέρα
1809 1899 1863 1956 δὲ

198 1995 364 2052 πάλιν
419 1996 484 2050 τὰ
517 1995 688 2070 Κύρου
747 1996 842 2049 καί
902 1991 1150 2052 Ἰωάννου
1191 1996 1518 2051 πιστεύεται.
1568 1991 1750 2069 Χρόνῳ
1807 1990 1861 2046 δὲ

196 2085 441 2162 ὕστερον,
474 2069 603 2148 τοῖς
647 2069 877 2150 ῃΕλλησι
909 2083 1008 2158 μὲν
1074 2081 1462 2148 καταλυθείσης
1506 2087 1606 2147 τῆς
1666 2088 1858 2158 τυράν-

200 2173 364 2247 νίδος,
401 2172 676 2230 Θεοδοσίου
709 2172 763 2228 δὲ
818 2175 877 2228 τὸ
909 2177 1006 2238 τῆς
1070 2171 1344 2248 βασιλείας
1380 2174 1652 2247 σκῆπτρον
1708 2171 1858 2226 ἀνει-

202 2265 464 2342 ληφὸτος,
499 2260 729 2326 εὒσεόῶς
761 2283 818 2317 τε
874 2265 980 2317 τῶν
1027 2263 1122 2328 τῆς
1172 2259 1438 2323 εὐσεϐείας
1498 2261 1664 2340 φίλων
1725 2267 1858 2337 Χρι-

205 2359 438 2408 στιανῶν
481 2351 801 2428 ἡγουμένου,
836 2364 1065 2407 κινεῖται
1125 2354 1222 2407 καὶ
1280 2352 1444 2407 ταῦτα
1502 2351 1590 2405 καὶ
1635 2349 1858 2424 μετατί-

202 2446 378 2500 θεται.
412 2441 481 2497 Τὸ
513 2439 566 2494 δὲ
609 2439 779 2510 ὅπως,
830 2441 1002 2496 εἰπεῖν
1033 2441 1126 2496 οὒκ
1159 2439 1385 2515 ἀτερπὲς
1441 2451 1557 2501 τοϊς
1591 2438 1858 2517 φιλοθέοις

193 2529 470 2608 διήγημα.

801 2620 809 2636 ⁸
1099 2620 1110 2640 θ
1245 2620 1270 2641 υ
1472 2618 1496 2638 91
1754 2616 1778 2635 ν

285 2630 348 2678 ΙΔ
379 2665 394 2679 .
444 2618 726 2678 Θεοδοσίου
755 2643 852 2686 την
901 2618 1200 2698 βασιλειαν,
1236 2641 1416 2697 ωσπερ
1474 2639 1700 2698 εφημεν,
1749 2637 1862 2692 αρτι

196 2707 630 2788 παραλαϐόντος,
669 2709 924 2787 μέγιστος
960 2710 1018 2764 ὲκ
1069 2715 1173 2764 τῶν
1205 2710 1335 2785 πρὸς
1396 2707 1623 2783 ἑσπέραν
1683 2719 1861 2762 κινεῖ-

196 2823 289 2856 ται
341 2800 426 2854 καὶ
485 2798 731 2878 χαλεπὸς
792 2798 1053 2868 πόλεμος.
1103 2796 1283 2854 Πολλὰ
1335 2797 1435 2876 γὰρ
1497 2795 1682 2872 ἀθρόον
1739 2795 1861 2862 ἔθνη

198 2889 294 2946 ἐπὶ
355 2889 416 2944 τὸ
462 2889 590 2944 αὐτὸ
652 2885 1063 2964 συνδραμόντες,
1099 2889 1361 2956 συνθήκας
1426 2907 1482 2941 τε
1542 2887 1674 2962 πρὸς
1729 2885 1863 2940 αὐτὰ

200 2977 420 3058 θέμενα,
498 2978 692 3055 πικρὰν
753 2973 1007 3043 ἠπείλουν
1068 2983 1136 3052 τῇ
1210 2967 1490 3049 Ῥωμαίων
1550 2975 1696 3054 ἀρχῇ
1769 2975 1864 3041 τὴν

202 3066 416 3146 ἔφοδον.
481 3066 739 3122 Δείσαντα
802 3065 890 3122 οὖν
947 3065 1069 3121 τότε
1113 3067 1204 3122 τὸν
1264 3063 1432 3142 μέγαν
1491 3064 1544 3119 ἐν
1593 3062 1864 3138 βασιλεῦσι

200 3158 414 3213 τουτονὶ
476 3153 782 3234 Θεοδόσιον,
830 3153 967 3228 μήτε
1038 3155 1171 3232 πρὸς
1236 3153 1503 3231 συλλογὴν
1559 3152 1865 3228 ἀποϐλέψαι

1939 559 2051 620 fert
2073 560 2881 641 sententiamszro,dicens,
2907 559 3148 620 antistiti
3174 558 3576 637 Galilaeorum,

1941 657 2000 710 et
2030 648 2372 730 Joanni,qui
2406 658 2495 711 est
2525 650 2580 711 ei
2611 650 2667 709 iu
2728 648 3019 726 religione
3049 649 3287 724 similis,
3327 649 3427 730 qui
3463 668 3582 710 non

1941 738 2465 818 cesseruntjussui
2484 738 2955 818 imperatoris,et
2984 737 3278 799 sacriﬁcia
3311 736 3584 798 maximis

1941 827 2054 889 diis
2111 846 2229 889 non
2263 827 2628 904 obtulerunt,
2664 829 3112 908 pronuntiamus
3161 826 3458 908 amputari
3490 844 3584 888 ca-

1942 916 2063 996 pita
2094 917 2526 978 convenienter
2554 917 2671 995 legi
2702 918 3150 996 imperatorum.

2021 1003 2175 1068 XIII.
2209 1005 2370 1067 Hanc
2403 1025 2538 1068 cum
2569 1013 2924 1068 sententiam
2958 1005 3191 1068 tulisset
3222 1005 3584 1086 Syrianus,ii

1943 1101 2133 1157 statim
2162 1100 2415 1157 humana
2449 1100 2685 1173 quidem
2718 1115 2890 1156 manu
2922 1100 3216 1170 accipiunt
3248 1101 3585 1171 amputatio-

1943 1204 2104 1247 nem:
2143 1186 2470 1248 immortali
2518 1197 2718 1248 autem
2751 1205 2908 1262 eam,
2943 1205 3076 1268 quae
3120 1205 3151 1248 e
3183 1187 3331 1248 cmlo
3384 1187 3580 1261 datur,

1942 1277 2542 1342 coronam,trlcesimo
2575 1281 2762 1349 primo
2797 1283 3009 1336 mensis
3047 1279 3304 1336 Januarii
3339 1279 3439 1351 (ἒ).
3477 1279 3586 1334 lle-

1945 1363 2160 1435 liquias
2185 1371 2372 1420 autem
2410 1365 2486 1432 pii
2522 1362 2760 1421 minime
2802 1361 3442 1435 neglexerunt,reveriti
3475 1363 3588 1419 dif.

1948 1448 2271 1510 ﬁcultatem
2306 1448 2614 1528 temporis,
2648 1447 2752 1508 sed
2788 1447 3042 1509 maximo
3074 1447 3269 1509 studio
3301 1447 3356 1508 ei
3389 1447 3585 1508 statim

1945 1559 2156 1603 manus
2179 1541 2588 1621 admoventes,
2622 1559 2722 1602 eas
2743 1541 2838 1621 pie
2859 1548 2918 1602 et
2939 1541 3329 1620 sustulerunt,
3365 1548 3422 1602 et
3453 1559 3586 1601 cum

1945 1629 2423 1711 composuissent
2469 1631 2736 1709 singulas
2768 1631 2828 1691 in
2865 1633 3084 1712 templo
3131 1629 3309 1692 Marci
3339 1628 3590 1710 apostoli

1944 1719 2276 1782 honoriﬁce
2309 1720 2637 1800 deponunt,
2665 1721 2779 1782 nisi
2802 1722 2959 1801 quod
2990 1721 3078 1782 eis
3109 1729 3246 1782 sunt
3275 1739 3467 1800 capsae
3495 1719 3589 1779 di-

1947 1827 2156 1872 versae.
2191 1809 2374 1870 Alteri
2409 1809 2594 1885 enim,
2629 1809 2924 1887 virginum
2955 1818 3013 1872 et
3041 1812 3242 1874 matris
3268 1809 3536 1890 reliquiae
3571 1831 3588 1881 ;

1947 1899 2122 1961 alteri
2157 1916 2319 1972 vero,
2355 1898 2486 1979 Cyri
2535 1907 2593 1960 et
2642 1900 2910 1976 Joannis,
2947 1918 3156 1962 rursus
3206 1900 3585 1961 mandantur.

1945 1989 2322 2052 Procedente
2355 1998 2550 2050 autem
2576 1999 2779 2068 postea
2812 1997 3105 2071 tempore,
3144 2009 3276 2052 cum
3313 1991 3594 2069 gentibus

1948 2080 2190 2160 quidem
2225 2088 2386 2142 esset
2417 2079 2698 2142 dissoluta
2733 2081 3019 2162 tyrannis,
3051 2080 3423 2142 Theodosius
3453 2098 3591 2141 vero

1942 2171 2112 2246 regni
2144 2178 2447 2249 sceptrum
2479 2170 2834 2250 accepisset,
2861 2170 3092 2252 piaeque
3123 2170 3427 2250 religionis
3448 2169 3590 2230 ami-

1943 2261 2027 2320 cis
2079 2256 2428 2320 Christianis
2455 2259 2548 2338 pie
2605 2268 2912 2339 praeesset,
2948 2279 3030 2321 ea;
3084 2269 3141 2321 et
3177 2267 3487 2321 moventur
3531 2268 3591 2320 et

1947 2339 2412 2400 transferuntur.
2457 2339 2765 2412 Quomodo
2820 2350 3041 2416 autem,
3077 2359 3194 2402 non
3229 2341 3342 2402 erit
3373 2340 3484 2421 piis
3516 2339 3586 2401 ad

1943 2429 2264 2506 dicendum
2299 2428 2623 2508 injucunda
2654 2431 2934 2491 narratio.

2027 2517 2187 2581 XIV.
2221 2522 2365 2581 Cum
2397 2518 2797 2596 Theodosius,
2829 2529 2896 2580 ut
2931 2519 3214 2594 diximus,
3251 2521 3423 2600 paulo
3455 2525 3594 2580 ante

1949 2609 2311 2688 suscepisset
2347 2607 2691 2689 imperium,
2728 2609 3048 2670 maximum
3083 2617 3142 2671 et
3173 2609 3593 2670 difﬁcillimum

1948 2697 2169 2758 bellum
2199 2705 2468 2758 movetur
2497 2697 2568 2758 ab
2592 2696 2938 2760 Occidente.
2976 2700 3123 2760 Cum
3153 2699 3309 2760 enim
3344 2704 3594 2777 repente

1948 2787 2150 2848 multae
2171 2795 2378 2866 gentes
2399 2788 2576 2848 simul
2601 2788 2974 2858 coiissent,et
2998 2788 3189 2850 foedus
3221 2789 3379 2848 inter
3403 2806 3466 2849 se
3498 2789 3596 2849 in-

1946 2875 2567 2949 iissent,minabantur
2592 2878 2650 2938 in
2676 2876 3078 2939 Romanorum
3113 2884 3420 2957 regionem
3446 2895 3588 2949 gra-

1947 2985 2078 3028 vem
2103 2966 2518 3046 irruptionem.
2551 2965 2790 3028 Veritus
2823 2985 2966 3045 ergo
3001 2976 3141 3029 tunc
3165 2985 3414 3046 magnus
3441 2967 3596 3027 inter

1948 3057 2344 3137 imperatores
2372 3057 2469 3118 hic
2499 3054 3099 3138 Theodosius,neque
3123 3057 3196 3118 ad
3228 3056 3594 3135 colligendas

1949 3146 2503 3228 aspexitpecuntas,
2531 3165 2725 3226 neque
2760 3165 3028 3225 magnam
3063 3146 3320 3227 aliquam
3355 3163 3594 3207 manum

202 3245 536 3324 χρημάτων,
575 3246 714 3320 μήτε
766 3219 905 3300 τινα
944 3219 1110 3323 χεῖρα
1153 3244 1362 3323 συχνὴν
1415 3219 1493 3308 εἷς
1552 3219 1861 3322 συμμαχίαν

1977 3219 2240 3296 nvocavit
2263 3235 2334 3296 ad
2358 3219 2662 3311 auxilium,
2697 3236 2800 3298 sed
2835 3219 2935 3298 ille
2965 3237 3026 3297 in
3059 3219 3334 3298 omnibus
3357 3253 3599 3315 semper

205 3333 682 3406 ἐπικαλέσσασθαι,
718 3332 838 3388 ἀλλ’
886 3333 974 3396 οἶς
1021 3332 1226 3396 ἐκεῖνος
1257 3334 1343 3388 Eni
1373 3339 1534 3388 πᾶσιν
1577 3333 1654 3388 ἀεὶ
1699 3332 1868 3406 μόνης

203 3428 308 3489 τῆς
364 3421 564 3496 ἄνωθεν
594 3422 851 3500 ἠρτῆσθαι
885 3423 1096 3500 χειρόςο
1153 3420 1290 3477 οὕτω
1339 3418 1403 3486 δὴ
1433 3421 1520 3476 καὶ
1580 3420 1872 3486 τηνικαῦτα

211 3512 408 3591 ἐποίει,
469 3515 557 3567 καὶ
617 3516 788 3568 ποιῶν
853 3515 957 3590 οὐχ
1022 3511 1318 3587 ἡμάρτανε.
1385 3510 1577 3565 Μαθὼν
1636 3511 1737 3587 γὰρ
1797 3511 1872 3572 ὡς

201 3602 346 3661 κατὰ
389 3602 486 3667 τὴν
550 3606 754 3668 Εκῆττν
819 3600 1045 3678 (ἕρημος
1106 3599 1161 3655 δὲ
1221 3598 1354 3663 αὕτη
1403 3601 1530 3676 πρὸς
1593 3598 1863 3675 Αἴγυπνον

207 3693 311 3768 μὲν
366 3690 613 3769 κειμένη,
649 3691 840 3747 οὑτωσὶ
898 3688 952 3745 δὲ
1011 3686 1398 3768 ὠνομασμένη)
1433 3687 1717 3767 φιλοσοφεῖ
1776 3711 1862 3751 τις

212 3784 372 3860 ἀνὴρ,
407 3780 560 3858 γένος
596 3782 695 3854 μὲν
725 3781 812 3835 καὶ
876 3781 1033 3843 αὐτὸς
1086 3779 1397 3856 Αἰγύπτιος,
1432 3779 1696 3854 μεγίστων
1739 3781 1870 3833 θαυ-

207 3872 393 3947 μάτων
469 3869 817 3948 δημιουργὸς,
896 3867 1136 3947 Θεοφίλῳ
1209 3872 1550 3946 παραχρῆμα
1622 3872 1697 3938 τῷ
1771 3868 1871 3932 τῆς

205 3957 608 4036 Ἀλεξανδρείας
668 3959 949 4030 ἐπισκόπῳ
1014 3959 1225 4038 γράφει,
1291 3956 1522 4013 κελεύων
1583 3956 1722 4012 ὥστε
1780 3959 1869 4012 τὸν

208 4050 504 4124 θαυμάσιον
567 4052 779 4105 ἒκετνον
853 4046 1012 4127 ἄνδρα
1085 4047 1484 4121 παρασκευάσαι
1545 4047 1640 4116 τὴν
1716 4057 1869 4103 Κων-

209 4139 486 4197 σταντίνου
542 4141 677 4217 πρὸς
710 4139 881 4218 τάχος
940 4135 1289 4195 καταλαϐεῖν.
1329 4135 1647 4214 Προσέκειτο
1678 4133 1732 4190 δὲ
1785 4137 1874 4190 καί

209 4233 245 4298 ἡ
306 4233 404 4297 τῆς
438 4216 727 4308 παρουσίας
780 4216 938 4308 χρεία
983 4240 1102 4292 τοῖς
1136 4227 1466 4305 γράμμασιν,
1506 4216 1562 4283 Ὀ
1594 4224 1648 4281 δὲ
1710 4232 1874 4282 ταῦτα

212 4317 519 4398 δεξάμενος,
581 4319 706 4396 παρ’
750 4319 907 4374 αὐτὸν
966 4318 1038 4380 ὡς
1099 4317 1258 4396 εἶχεν
1333 4316 1478 4376 εὗθὺς
1540 4317 1868 4394 ἀφικνεῖται,

213 4410 300 4466 καὶ
361 4409 428 4464 τά
473 4408 765 4486 γράμματα
839 4404 983 4480 δοὺς,
1030 4406 1128 4473 τὴν
1173 4412 1262 4461 τοῦ
1330 4403 1592 4482 βασιλέως
1660 4404 1873 4470 ἀξίωσιν

212 4501 302 4554 καὶ
375 4497 473 4565 τὴν
545 4494 961 4553 ἐπισπεύδουσαν
1033 4497 1221 4575 χρείαν
1293 4497 1435 4568 αὒτῷ
1513 4494 1866 4572 ἀπαγγέλλει.

1955 3324 2255 3405 pendebat
2307 3344 2340 3385 a
2389 3343 2570 3386 manu
2619 3325 2721 3386 illa
2767 3343 3051 3407 superna.
3105 3325 3204 3387 Sic
3257 3344 3398 3402 ergo
3459 3336 3598 3386 tunc

1955 3435 2186 3491 quoque
2218 3420 2370 3486 fecit,
2407 3428 2461 3476 et
2495 3420 2550 3474 id
2585 3420 2933 3490 faciens,spe
2963 3435 3326 3494 nequaquam
3359 3430 3440 3479 est
3475 3423 3594 3478 fru-

1957 3513 2199 3566 stratus.
2251 3504 2397 3567 Cum
2448 3504 2606 3566 enim
2654 3504 3063 3568 intellexisset.
3101 3506 3256 3586 quod
3313 3505 3374 3567 in
3422 3504 3596 3569 Scete

1957 3597 2074 3674 (est
2105 3596 2233 3656 haec
2273 3603 2470 3656 autem
2515 3595 2775 3656 solitudo
2813 3598 2870 3654 in
2902 3597 3153 3675 ZEgypto
3186 3596 3423 3676 quidem
3460 3598 3593 3673 sita,

1957 3685 2043 3746 sic
2072 3701 2212 3744 vero
2262 3685 2587 3760 nominata)
2631 3683 3164 3764 philosophabatur
3211 3685 3300 3746 vir
3329 3685 3593 3766 quidam,

1955 3791 2179 3854 genere
2209 3774 2452 3855 quidem
2485 3776 2614 3854 ipse
2672 3792 2912 3854 quoque
2944 3775 3274 3855 Egyptius,
3314 3781 3606 3837 maximo-

1954 3883 2086 3925 rum
2121 3871 2317 3925 autem
2346 3865 2590 3925 effector
2616 3864 3070 3937 miraculorum,
3096 3863 3306 3926 scribit
3340 3866 3607 3946 protinus

1955 3954 2029 4016 ad
2079 3954 2476 4034 Theophilum
2537 3953 2913 4015 Alexandria}
2970 3954 3344 4034 episcopum,
3384 3955 3608 4036 jubens

1957 4052 2022 4104 ut
2066 4043 2305 4119 efﬁciat,
2344 4051 2407 4104 ut
2453 4043 2542 4104 vir
2587 4043 2688 4104 ille
2737 4043 3113 4105 admirabilis
3163 4045 3605 4124 quamprimum

1955 4133 2152 4196 veniat
2209 4132 2780 4214 Constantinopolim
2841 4135 2954 4213 (ἓ).
3013 4131 3112 4194 Eis
3143 4142 3336 4195 autem
3397 4135 3608 4197 litteris

1957 4242 2196 4305 quoque
2238 4223 2681 4303 continebatur,
2716 4223 2858 4304 quid
2888 4223 3018 4302 ejus
3048 4222 3298 4284 adventu
3333 4243 3483 4305 opus
3514 4244 3608 4286 cs-

1955 4323 2069 4376 set.
2119 4314 2226 4376 Ille
2257 4332 2394 4375 vero
2439 4312 2512 4374 iis
2566 4313 2850 4392 acceptis,
2884 4312 3078 4374 statim
3128 4312 3201 4374 ad
3234 4331 3368 4374 eum
3425 4316 3605 4390 venit,

1955 4412 2013 4465 et
2042 4403 2200 4465 datis
2248 4403 2484 4478 litteris,
2525 4421 2736 4482 preces
2767 4402 3143 4482 imperatoris
3184 4411 3242 4465 et
3272 4422 3469 4478 usum,
3506 4405 3607 4486 qui

1955 4494 2228 4572 urgebat,
2263 4493 2580 4572 signiﬁcat.
2617 4492 2846 4556 Deinde
2901 4494 3077 4554 etiam
3113 4493 3240 4572 ipse
3269 4511 3508 4574 quoque
3537 4513 3605 4555 ex

218 4591 353 4645 Εἶτα
399 4588 486 4643 καὶ
544 4588 611 4644 τὰ
667 4584 791 4664 παρ’
851 4587 1039 4642 ἑαυτοῦ
1105 4599 1281 4657 ποιεῖ,
1345 4583 1518 4640 δεῖται
1574 4585 1660 4638 καὶ
1717 4585 1861 4647 αὐτὸς

1970 4601 2023 4643 se
2055 4582 2213 4660 facit,
2244 4602 2374 4664 qua:
2403 4592 2596 4664 potest
2625 4604 2638 4643 :
2671 4583 3061 4644 vehementer
3088 4591 3277 4659 rogat,
3310 4593 3608 4664 orat,sup-

214 4674 454 4748 οἴκοθεν,
482 4673 706 4752 λιπαρεῖ
749 4675 982 4750 θερμῶς,
1017 4674 1266 4747 ἱκετεύει,
1303 4675 1442 4747 μήτε
1493 4673 1587 4738 τᾶς
1623 4681 1715 4730 τοῦ
1771 4675 1874 4750 βα-

213 4763 406 4826 σιλέως
466 4766 738 4838 ἱκετηρίας
803 4762 1092 4840 ὃπεριδεῐν,
1157 4762 1295 4837 μήτε
1357 4767 1525 4820 κοπου
1557 4765 1621 4820 τὰ
1691 4763 1878 4820 ἑαυτοῦ

213 4855 500 4934 ἀτιμάσαι,
555 4852 694 4909 ἀλλὰ
759 4855 846 4909 καὶ
895 4859 963 4929 τῇ
1023 4851 1176 4909 πόλει
1237 4851 1606 4933 ἐπιφοιτῆσαι,
1656 4853 1743 4908 καὶ
1785 4854 1878 4908 τὸν

210 4942 332 5001 κατ’
395 4943 560 5010 αὐτῆς
598 4941 836 5017 πόλεμον
889 4942 1028 5021 εὐχῇ
1071 4943 1138 5010 τῇ
1194 4944 1325 5021 πρὸς
1383 4944 1514 4998 Θεὸν
1577 4942 1875 5018 ἀποστέψαι

209 5032 452 5093 κινδύνον
513 5057 572 5090 τε
603 5033 925 5102 τηλικούτου
976 5035 1064 5090 καὶ
1109 5032 1276 5114 φόϐου
1316 5035 1515 5102 ταύτην
1545 5033 1870 5114 ἀπαλλάξαι,

212 5125 310 5181 οἷα
370 5123 498 5202 παρ’
535 5128 678 5198 asta.
735 5131 828 5181 τοῦ
879 5125 1114 5190 σωθῆναί
1170 5145 1226 5179 τε
1258 5124 1356 5192 τὴν
1404 5123 1556 5180 πόλιν
1587 5123 1622 5192 ἢ
1666 5123 1870 5182 ἀπολέ-

208 5217 326 5270 σθαι
363 5213 633 5288 κειμένου.

288 5303 403 5366 IE’.
445 5295 502 5361 Ὀ
552 5304 733 5376 μέντοι
765 5303 1058 5368 θαυμάσιος
1111 5301 1318 5368 ἐκεῖνος
1346 5303 1633 5382 Σενούφιος
1685 5304 1868 5377 (τοῦτο

1961 4672 2166 4752 plicat,
2220 4692 2296 4735 ne
2357 4691 2569 4754 preces
2627 4672 2917 4753 despiciat
2966 4673 3365 4751 imperatoris,
3413 4693 3608 4754 neque

1961 4781 2099 4823 suos
2127 4762 2454 4843 vilipendat
2497 4763 2732 4825 labores
2762 4783 2776 4822 :
2811 4761 2914 4821 sed
2950 4762 3146 4822 veniat
3176 4761 3246 4821 ad
3280 4761 3605 4835 civitatem,

1961 4861 2020 4914 et
2051 4851 2300 4929 bellum,
2338 4851 2495 4933 quod
2530 4853 2590 4913 in
2624 4871 2756 4914 eam
2818 4861 3078 4931 paratur,
3114 4853 3238 4912 suis
3271 4861 3490 4912 avertat
3533 4854 3605 4914 ad

1959 4945 2148 5006 Deum
2203 4943 2504 5024 precibus,
2539 4951 2596 5005 et
2625 4962 2659 5004 a
2691 4952 2849 5003 tanto
2883 4943 3143 5022 periculo
3193 4950 3250 5002 et
3283 4952 3439 5003 metu
3474 4960 3603 5002 eam

1960 5032 2175 5094 liberet
2210 5051 2223 5094 :
2262 5043 2464 5114 utpote
2497 5033 2653 5114 quod
2687 5033 2746 5093 in
2781 5032 2912 5111 ejus
2964 5038 3252 5112 potestate
3281 5031 3460 5093 situm
3505 5032 3602 5109 sit,

1957 5135 2020 5188 ut
2051 5125 2255 5189 civitas
2286 5129 2377 5188 vel
2411 5127 2569 5189 salva
2601 5125 2674 5187 sit
2707 5127 2794 5188 vel
2827 5126 3102 5190 intereat.

2004 5315 2115 5371 XV.
2141 5312 2513 5371 Admirabilis
2563 5320 2756 5371 autem
2790 5312 2892 5370 ille
2912 5313 3245 5385 Senuphius
3288 5315 3421 5382 (hoc
3452 5316 3606 5372 enim

208 5391 262 5449 δὲ
320 5396 348 5449 ὁ
385 5392 519 5471 ἀνὴρ
551 5392 831 5472 ἐκαλεῖτο)
863 5399 1046 5472 πρῶτα
1078 5393 1198 5468 μὲν,
1235 5395 1306 5455 ὡς
1356 5394 1519 5468 εἰκὸς,
1561 5392 1861 5473 ἀπηγόρευε

1970 5403 2186 5458 iomine
2212 5399 2548 5468 vocabatur)
2585 5401 2835 5470 primum
2869 5400 3128 5471 quidem,
3154 5407 3214 5455 ut
3249 5408 3334 5457 est
3363 5416 3606 5456 consen-

276 5560 358 5630 (2)
415 5560 763 5617 Plectuntur
794 5558 981 5629 capite
1019 5560 1199 5632 Cyrus
1233 5570 1287 5618 et
1341 5562 1591 5619 Joannes
1621 5577 1776 5620 anno
1825 5564 1859 5619 9

2016 5559 2244 5631 (3)ίουο
2282 5559 2340 5615 in
2366 5569 2624 5631 tempore
2652 5560 2930 5618 acciderit
2959 5562 3242 5631 incertum
3277 5568 3384 5617 est.
3415 5559 3495 5618 Ea
3513 5574 3602 5618 mo

246 5631 628 5706 ersecutionis
687 5632 1030 5690 Diocletiani
1066 5630 1228 5704 imp.,
1264 5640 1323 5689 ut
1359 5642 1515 5691 notat
1549 5634 1760 5692 Baron.
1797 5637 1854 5692 in
1942 5630 2078 5691 dem
2101 5630 2402 5690 historiam
2436 5630 2494 5691 et
2519 5631 2726 5706 Glycas
2757 5630 3158 5701 τοῖοι-πάπποι.
3193 5640 3344 5701 part.
3380 5644 3455 5690 ιν.

255 5705 498 5778 artyrol.
