3954 6146
185 270 361 347 1249
1332 271 1520 343 ’VITA
1565 273 1668 340 ss.
1714 265 1897 337 CYRI
1947 267 2042 334 ET
2087 264 2444 336 JOANNIS.
3429 261 3585 334 1250

178 417 377 473 πάντα
435 415 653 490 καθῄσει
713 411 1044 486 σεϐάσματα,
1079 413 1199 476 ναῦς
1261 410 1316 466 δὲ
1363 411 1460 476 τὴν
1521 409 1676 466 πόλιν
1720 407 1840 464 ἐκό-

1954 407 2066 470 lem
2095 425 2303 469 omnes
2319 407 2514 469 cultus
2537 406 2901 482 daemonum,
2921 405 3108 469 sacris
3127 420 3326 470 autem
3353 406 3581 470 aedibus

186 527 331 580 σμει
376 508 474 560 καὶ
533 505 698 582 ἱεροῖς
765 499 1007 580 ἱδρύμασί
1078 522 1134 556 τε
1209 501 1295 556 καὶ
1367 500 1692 579 ἀναθήμασι,
1770 499 1857 554 καὶ

1954 497 2176 560 ornavit
2205 497 2528 572 civitatem,
2556 496 3035 577 imaginibusque
3059 505 3116 558 et
3142 497 3430 570 donariis,
3464 499 3584 558 Ca-

181 596 427 668 τὲμενος
465 593 521 650 ἐν
576 593 821 664 Κανώπῳ
848 593 909 647 τὸ
964 590 1180 668 μέγὲθος
1215 591 1302 646 καὶ
1359 591 1422 646 τὸ
1451 588 1646 650 κάλλος
1690 591 1856 669 ὑπερ-

1954 607 2018 648 no
2029 587 2206 668 pique
2222 588 2513 650 exstruxit
2528 596 2647 648 tem
2660 586 2823 666 plum
2847 586 3155 666 apostolis,
3175 586 3588 666 magnitudine

183 685 354 760 φυές,
389 696 511 746 τοῖς
566 680 886 744 ἀποστόλοις
918 677 1186 760 ἐδείματο,
1219 679 1278 735 οὗ
1323 687 1511 755 μεῖζον
1538 678 1574 747 ἢ
1603 677 1728 736 δέκα
1771 685 1860 738 καὶ

1954 678 2178 756 insigne
2211 685 2270 738 et
2303 676 2772 755 pulchritudine,
2808 676 2966 751 quod
3016 695 3132 736 non
3184 677 3377 737 minus
3407 693 3586 756 quam

188 771 296 830 δύο
342 770 572 837 σταδίοις
625 777 723 838 τῆς
788 769 1000 834 πόλεως
1045 768 1276 848 ἀπέχον.
1336 767 1634 842 Ἐπίσημος
1677 766 1730 823 δὲ
1774 772 1861 827 καὶ

1954 767 2154 828 decem
2206 766 2398 828 stadia
2449 767 2622 826 abest
2669 785 2700 826 a
2751 765 3011 827 civitate.
3067 765 3169 827 Est
3211 772 3406 825 autem
3439 765 3588 846 ipsis

191 862 393 926 αὐτοῖς
453 860 719 927 ’Ἕλλησιν
752 862 780 916 6
810 860 970 924 τόπος
1000 861 1087 916 καὶ
1133 859 1393 935 ὀνόματος
1424 859 1519 914 οὒκ
1574 857 1861 938 ἐλαχίστου

1954 874 2181 936 quoque
2203 854 2527 934 gentilibus
2549 853 2716 917 locus
2752 854 3002 932 insignis
3033 863 3091 916 et
3122 873 3239 915 non
3279 855 3441 934 parvi
3472 873 3586 915 no-

189 949 531 1026 ἠξιωμὲνος,
595 951 977 1025 Τεκμαίρεσθαι
1011 945 1063 1003 δὲ
1125 947 1289 1013 ἔξεστι
1347 953 1414 1024 τῇ
1456 969 1514 1004 τε
1567 946 1672 1021 ὁδῷ
1727 950 1859 1026 πρὸς

1954 943 2146 1008 minis.
2201 945 2263 1005 Id
2321 961 2465 1005 vero
2523 945 2663 1006 licet
2713 944 3042 1024 conjicere,
3098 952 3154 1004 et
3203 962 3271 1006 ex
3303 943 3415 1016 via,
3452 961 3590 1022 quae

198 1039 370 1096 αὐτὸν
431 1039 684 1119 φερούσῃ,
746 1037 884 1117 ἥπερ
953 1034 1116 1102 πλαξῖ
1173 1037 1515 1116 κατέστρωτα
1573 1042 1717 1092 πᾶσα
1772 1036 1859 1093 καί

1954 1033 2054 1096 Γθη
2078 1033 2150 1094 ad
2185 1034 2402 1114 ipsum,
2437 1042 2501 1094 ut
2548 1052 2682 1114 quae
2729 1041 2852 1096 tota
2893 1041 3194 1095 constrata
3228 1041 3318 1095 est
3369 1033 3587 1095 tabulis

196 1129 372 1195 λίθοις
444 1131 503 1184 εὖ
577 1127 963 1207 ἦρμοσμένοις,
1024 1128 1113 1183 καὶ
1194 1132 1272 1200 τῷ
1338 1133 1444 1183 τῶν
1529 1126 1856 1204 προαστείων

1954 1133 2002 1185 et
2024 1131 2189 1184 recte
2219 1124 2596 1185 concinnatis
2627 1123 2927 1205 lapidibus
2961 1133 3018 1184 et
3049 1121 3480 1185 suburbiorum
3525 1132 3588 1184 et

198 1219 404 1289 πλήθει
435 1220 523 1274 καὶ
567 1216 865 1294 βαλανειων
895 1217 1256 1296 κεκόσμηται,
1291 1215 1322 1271 ἂ
1379 1215 1443 1284 δὴ
1490 1219 1578 1273 καὶ
1631 1214 1860 1296 τέσσαρα

1954 1212 2294 1274 balneorum
2329 1219 2536 1274 ornata
2568 1222 2658 1274 est
2689 1212 3071 1275 multitudine
3105 1231 3119 1275 :
3170 1231 3301 1293 quae
3335 1212 3585 1293 quidem

205 1307 374 1384 λόγος
407 1309 538 1386 πρὸς
593 1320 712 1371 τοῖς
747 1303 950 1363 εἴκοσιν
986 1318 1126 1363 εῖναι
1173 1307 1260 1362 καὶ
1299 1307 1389 1362 ἐπί
1427 1308 1532 1362 τῶν
1585 1305 1861 1384 ἡμετέρων

1954 1301 2108 1364 fama
2137 1310 2230 1364 est
2261 1302 2454 1367 adhuc
2487 1301 2698 1380 viginti
2747 1316 3006 1382 quatuor
3036 1303 3258 1364 nostris
3291 1302 3586 1364 mansisse

202 1395 458 1466 διαϐῆναι
517 1397 729 1476 χρόνων
785 1397 917 1471 πρὸς
975 1393 1030 1451 δὲ
1097 1396 1185 1452 καὶ
1253 1401 1320 1471 τῇ
1377 1393 1545 1473 ἀγορᾷ
1613 1398 1702 1450 καὶ
1759 1396 1861 1454 τῶν

1954 1391 2323 1473 temporibus
2361 1414 2374 1455 :
2411 1391 2593 1454 habet
2621 1399 2820 1452 autem
2857 1399 2916 1454 et
2945 1392 3164 1467 forum,
3219 1402 3277 1453 et
3326 1390 3589 1453 abundat

203 1487 386 1544 ὠνίων
448 1485 670 1564 ἀφθονίᾳ
699 1483 958 1564 περιττῶς
1022 1483 1164 1564 ἔχει.
1203 1488 1312 1551 Τῆς
1344 1483 1444 1564 γὰρ
1493 1484 1702 1548 πόλεως
1735 1485 1861 1540 ταύ-

1954 1480 2121 1561 copia
2170 1499 2377 1543 rerum
2438 1481 2761 1544 venalium.
2824 1481 2918 1544 Ab
2970 1483 3084 1542 hac
3136 1482 3292 1542 enim
3325 1480 3586 1554 civitate,

203 1599 336 1649 της,
371 1583 464 1632 τοῦ
529 1575 813 1649 Κανώπου,
847 1573 1016 1654 φημί,
1048 1572 1208 1649 κώμη
1239 1596 1318 1638 τις
1374 1573 1438 1640 ἦν
1469 1572 1580 1631 δυσὶ
1639 1572 1861 1637 σταδίοις

1954 1575 2216 1650 Canopo,
2244 1571 2518 1647 inquam,
2551 1570 2730 1632 distat
2755 1569 2994 1652 quidam
3027 1571 3197 1632 vicus
3225 1569 3417 1650 spatio
3446 1568 3591 1630 duo-

206 1667 554 1742 διεστηκυτα,
619 1665 849 1724 Νανουθὲ
917 1663 1245 1739 καλουμένῳ
1316 1665 1404 1720 καὶ
1459 1665 1492 1734 ᾖ
1565 1668 1727 1740 κώμη
1779 1663 1861 1730 ἥδε

1954 1679 2080 1721 rum
2115 1660 2472 1735 stadiorum,
2509 1661 2752 1721 nomine
2781 1660 3082 1722 Manuthe.
3118 1657 3229 1721 Hic
3263 1666 3462 1720 autem
3497 1660 3588 1721 vi-

206 1754 479 1830 δαιμόνων
541 1754 604 1822 ἧν
642 1754 881 1811 κατοικία
928 1755 1015 1810 καὶ
1071 1759 1321 1831 πονηρῶν
1376 1754 1692 1828 πνευμάτων
1747 1751 1861 1810 δια-

1955 1768 2058 1811 cus
2078 1757 2204 1811 erat
2235 1750 2576 1810 daemonum
2612 1749 2922 1824 habitatio,
2943 1758 3000 1812 et
3023 1748 3413 1812 versabantur
3438 1747 3498 1810 in
3516 1766 3588 1812 eo

209 1842 398 1923 τριϐή.
462 1842 723 1923 Θεόφιλος
754 1841 831 1918 δὲ,
879 1842 1032 1906 οὗτος
1091 1844 1118 1898 6
1162 1849 1268 1899 τῶν
1297 1841 1683 1922 Ἀλεξανδρέων
1743 1843 1864 1900 ἐπί.

208 1956 438 2008 σκοπος,
503 1935 729 2010 καθαρὸν
792 1930 1058 2008 δαιμόνων
1108 1930 1387 1998 ἀποδεῖξαι
1461 1931 1738 2008 βουληθεὶς
1804 1936 1866 1991 τὸ

210 2023 446 2102 χωρίον,
481 2023 567 2079 καὶ
621 2023 1019 2101 χαρακτῆρι-τιν⁶
1053 2021 1180 2077 αὖτο
1237 2025 1334 2077 καὶ
1383 2022 1565 2085 τύποις
1611 2035 1730 2085 τοῖς
1774 2027 1866 2078 τοῦ

209 2118 446 2190 Χριστοῦ
514 2109 905 2188 εὖαγγελιστῶν
963 2131 1021 2166 τε
1067 2109 1160 2166 καί
1219 2109 1534 2167 ἀποστόλων
1606 2111 1701 2184 οἵᾳ
1756 2133 1863 2166 τισι

213 2199 599 2280 φυλακτηρίοις
670 2196 965 2273 διαλαϐεῖν,
1029 2201 1124 2255 οὒκ
1196 2197 1385 2277 ἔφθασε
1469 2199 1568 2266 τὴν
1641 2199 1864 2278 γνῶμην

216 2291 296 2352 εἷς
341 2289 495 2368 ἔργον
550 2288 801 2367 ἀγαγεῖν,
835 2288 1038 2354 Μεταξὺ
1082 2289 1182 2368 γὰρ
1215 2291 1248 2357 ἡ
1294 2288 1517 2356 τελευτὴ
1577 2291 1648 2354 εἰς
1705 2289 1863 2368 ἔργον

215 2378 496 2436 ἐπισπᾶσα
564 2380 808 2456 [-στᾶσα
839 2375 899 2458 ἳ]
937 2427 952 2458 ,
1010 2379 1070 2434 τὸ
1140 2377 1499 2457 ἀπαραίτητον
1572 2379 1863 2458 ἀνθρώποις

211 2466 407 2548 χρέος,
459 2467 558 2535 τῆς
620 2469 886 2546 παρούσης
947 2467 1102 2523 αὒνὸν
1161 2467 1356 2544 ἀπάγει
1418 2473 1587 2538 ζωῆς.
1636 2467 1863 2526 Ἔπειτα

212 2557 403 2633 μέντοι
459 2558 548 2614 καὶ
582 2556 823 2637 Κυρίλλῳ
881 2558 970 2614 τὸν
1022 2557 1208 2633 θράνον
1253 2557 1371 2632 μετ’
1418 2560 1575 2616 αὐτὸν
1631 2557 1860 2624 διαδεξα-

211 2647 366 2723 μένῳ
425 2646 636 2727 φροντὶς
692 2647 756 2716 ἦν
817 2650 877 2707 οὗ
932 2648 1094 2725 μικρὰ
1151 2647 1245 2716 τῆς
1303 2654 1407 2705 τῶν
1449 2645 1712 2724 δαιμόνων
1758 2647 1860 2704 ἐπ-

208 2737 392 2815 ηρείας
434 2734 733 2802 ἀπαλλάξαι
766 2737 856 2794 τὸν
887 2737 1076 2796 τόπον.

295 2825 410 2884 ΙΗ¹.
461 2823 729 2890 Πολλάκις
787 2835 880 2884 τοῦ
937 2832 1068 2884 Θεοῦ
1110 2823 1412 2906 δεηθέντος,
1447 2826 1678 2906 ἅγγελος
1715 2829 1861 2902 αὖτῷ

1952 1841 2198 1920 maligni
2229 1841 2500 1922 spiritus.
2527 1840 2897 1922 Theophilus
2929 1860 3092 1917 vero,
3130 1842 3227 1904 hic
3260 1843 3500 1922 praesul,
3525 1850 3590 1902 ut

1949 1933 2112 2012 prius
2147 1930 2428 2012 diximus,
2462 1930 2931 2012 Alexandrinus,
2963 1951 3096 1995 cum
3129 1931 3423 1995 voluisset
3452 1931 3587 1993 red-

1950 2021 2095 2082 dere
2155 2021 2350 2082 locum
2412 2041 2626 2104 purum
2687 2041 2721 2083 a
2775 2021 3184 2096 daemonibus,
3247 2020 3590 2102 Christique

1949 2110 2450 2190 evangelistarum
2505 2119 2564 2174 et
2611 2111 3020 2192 apostolorum
3052 2111 3502 2174 characteribus
3532 2116 3592 2171 et

1950 2200 2178 2280 ﬁguris,
2213 2211 2275 2261 ut
2299 2201 2369 2262 ad
2404 2221 2543 2264 eum
2595 2202 3072 2264 conservandum
3108 2201 3368 2276 idoneis,
3407 2218 3588 2262 occu-

1947 2308 2111 2372 pare,
2147 2290 2202 2351 id
2235 2290 2394 2371 quod
2428 2298 2718 2352 statuerat
2743 2309 2860 2353 non
2882 2290 3161 2373 perduxit
3183 2289 3255 2352 ad
3277 2290 3580 2354 effectum.

1946 2380 2189 2442 Interim
2224 2381 2384 2441 enim
2422 2397 2582 2441 mors
2611 2381 2962 2457 adveniens,
3011 2399 3141 2461 qua
3192 2388 3282 2442 est
3314 2379 3582 2442 homini-

1947 2469 2059 2532 bus
2091 2488 2190 2532 res
2222 2468 2637 2544 inexorabilis,
2669 2469 2913 2532 abducit
2943 2488 3079 2532 eum
3108 2489 3142 2530 a
3171 2470 3288 2531 vita
3317 2488 3588 2550 praesen-

1947 2560 2013 2622 ti.
2047 2559 2279 2623 Deinde
2310 2567 2510 2621 autem
2544 2559 2761 2641 Cyrillo
2793 2577 3055 2641 quoque,
3095 2560 3194 2640 qui
3227 2567 3360 2640 post
3391 2561 3588 2641 ipsum

1945 2647 2071 2710 sedi
2107 2649 2420 2722 successit,
2452 2667 2568 2709 non
2610 2666 2816 2729 parum
2851 2656 2980 2711 erat
3012 2666 3172 2711 cura
3200 2647 3461 2712 liberare
3492 2649 3587 2712 lo-

1945 2757 2078 2799 cum
2114 2738 2510 2800 adaamonum
2544 2738 2790 2817 injuria.
2910 2791 2918 2801 ,

2023 2826 2229 2891 XVIII.
2262 2829 2408 2890 Cum
2435 2845 2572 2890 vero
2599 2827 2674 2889 de
2696 2845 2767 2890 ea
2793 2845 2860 2889 re
2887 2846 3045 2908 saape
3074 2830 3263 2892 Deum
3291 2835 3583 2907 rogasset,

211 2912 339 2970 κατ’
395 2912 520 2989 ὄψιν
592 2915 849 2996 ἐπιφανὲς
923 2914 1243 2985 ἐπισκήπτει
1301 2916 1368 2971 τὰ
1438 2917 1628 2998 Κόρου,
1687 2917 1857 2998 φημὶ,

1954 2916 2190 2996 angelus
2222 2915 2277 2977 ei
2310 2935 2606 2997 apparens
2654 2917 2714 2978 in
2769 2917 3026 2991 visione,
3069 2916 3246 2997 jubet
3297 2924 3362 2979 ut
3391 2919 3591 2997 magni

211 3005 309 3060 τοῦ
364 3002 624 3080 μεγάλω,
681 3005 771 3061 καὶ
832 3004 1046 3082 Μάρκου
1115 3001 1286 3074 δήπου
1339 3011 1429 3061 τοῦ
1483 3005 1861 3086 εὐαγγελιστοῦ

1954 3007 2106 3068 illius
2137 3003 2265 3086 Cyri
2300 3014 2356 3066 et
2390 3004 2572 3068 Marci
2615 3004 2990 3085 evangelista;
3039 3004 3312 3086 reliquize
3363 3005 3427 3066 in
3477 3008 3590 3069 hoc

222 3091 442 3168 λείψανα
499 3093 567 3162 τῇ
625 3093 789 3171 κώμῇ
874 3092 997 3168 τῇδε
1071 3096 1506 3171 θησαυρισθῆναι·
1571 3096 1707 3152 οὕτω
1763 3098 1861 3176 γὰρ

1954 3099 2077 3158 vico
2106 3105 2569 3175 reponerentur.
2605 3095 2706 3159 Sic
2729 3096 2890 3158 enim
2918 3095 3066 3169 fore,
3092 3103 3153 3156 ut
3184 3113 3218 3156 a
3248 3094 3586 3158 daemonum

212 3186 315 3248 τῆς
389 3186 494 3236 τῶν
565 3179 830 3255 δαιμόνων
903 3179 1108 3257 βλάϐης
1187 3183 1350 3250 αὐτὴν
1418 3183 1854 3263 ἑλευθερωθῆναι.

219 3270 322 3327 Διά
357 3271 406 3327 τί
447 3269 622 3328 δὲκαὶ
680 3272 743 3327 τὰ
772 3271 850 3347 μὴ
909 3269 1157 3329 Ἰωάννου
1213 3273 1437 3349 εἰρήκει,
1486 3273 1723 3351 Κυρίλλῳ
1767 3275 1863 3352 μὲν

212 3361 416 3424 ἱκανῶς
473 3357 790 3440 ἀπεδείχθη·
855 3358 1019 3428 δῆλον
1062 3359 1115 3417 δὲ
1160 3364 1245 3418 καὶ
1298 3367 1458 3418 πᾶσιν
1511 3362 1718 3444 ἁπλῶς,
1783 3364 1862 3428 ὅτι

214 3455 296 3524 τῷ
355 3449 524 3528 Κόρου
556 3449 768 3514 πάντως
817 3449 1038 3526 ὀνόματι
1088 3451 1175 3507 vati
1232 3452 1292 3506 τὸ
1322 3450 1570 3508 Ἰωάννου
1628 3475 1863 3511 συνυπο-

215 3540 482 3619 φαίνεται.
549 3539 794 3610 Καθάπερ
829 3539 928 3618 γὰρ
987 3541 1162 3604 κοινὸς
1210 3543 1390 3603 αὖτοτς
1447 3541 1532 3597 καὶ
1576 3544 1602 3598 6
1645 3542 1859 3620 τρόπος,

289 3631 302 3650 ‘
425 3625 449 3646 κ
478 3628 491 3644 ⁸
717 3629 730 3645 ⁸
831 3630 844 3647 θ
1045 3630 1056 3652 Ι
1148 3651 1160 3661 .
1218 3630 1231 3645 ⁸
1757 3631 1781 3652 η

212 3650 306 3685 χαι
359 3629 504 3697 ἡοια
548 3635 774 3707 Χριστον
830 3627 1114 3709 ομολογια,
1151 3651 1236 3686 ιιαι
1285 3630 1318 3698 ἡ
1365 3628 1665 3696 τελείωσις*
1726 3653 1864 3690 ουτω

217 3714 285 3785 δὴ
335 3718 422 3773 καὶ
454 3718 488 3785 ἦ
547 3719 737 3784 κλῆσις
773 3717 920 3785 ἁπλῆ
951 3719 1165 3782 πάντως
1220 3721 1309 3776 καὶ
1338 3717 1580 3798 διάφορος
1725 3721 1860 3799 ὂιδ.].

212 3805 490 3864 Ἐντεῦθεν
547 3807 618 3866 εἷς
653 3808 889 3864 Μανοῦθὲ
938 3807 1003 3864 τὰ
1055 3809 1349 3888 μαρτυρικά
1403 3810 1603 3866 τούτων
1641 3810 1864 3886 λείψανα

217 3893 381 3974 ὀγδόη
433 3895 521 3952 καὶ
564 3897 780 3973 εἰκοστῇ
831 3898 1000 3972 μηνὸς
1044 3894 1258 3956 Ἰουνίου
1305 3897 1564 3978 λαμπρῶς
1627 3901 1738 3977 ἅμα
1782 3911 1870 3967 καὶ

218 3987 374 4062 ἱερῶς
459 3985 849 4066 μετατίθεται,)
935 3985 1201 4062 δαιμόνων
1272 3989 1414 4068 φυγὴ
1498 3991 1586 4046 καὶ
1670 3998 1756 4047 νῦν
1841 3994 1869 4048 6

216 4076 399 4134 τόπως
457 4074 734 4152 ἂνειμένος
767 4075 876 4132 ἐστὶ
931 4081 1008 4149 τῷ
1041 4084 1156 4150 Θεῷ
1212 4079 1436 4156 μάρτυσί
1469 4101 1525 4134 τε
1558 4093 1672 4144 τοῖς
1726 4080 1868 4138 ἐκεί-

219 4187 312 4220 νου
359 4164 447 4220 καὶ
505 4165 821 4246 ὑπουργοῖς,
856 4166 1038 4244 χάριτι
1081 4169 1166 4222 καὶ
1231 4166 1592 4248 φιλανθρωπίᾳ
1636 4176 1726 4227 τοῦ
1771 4171 1870 4228 Κύ-

219 4276 314 4332 ρου
390 4255 547 4329 ἡμῶν
601 4255 784 4322 Ἰησοῦ
852 4255 1103 4335 Χριστοῦ,
1163 4263 1208 4330 ᾠ
1276 4257 1466 4330 πρέπει
1533 4266 1677 4315 πᾶσα
1721 4259 1868 4340 δόξα,

1948 3194 2304 3248 nocumento
2327 3185 2642 3247 liberetur.
2663 3186 2782 3248 Cur
2801 3193 3004 3248 autem
3029 3203 3149 3246 non
3173 3183 3426 3247 Joannis
3441 3204 3587 3265 quo-

1946 3293 2061 3355 que
2092 3274 2335 3349 dixerit,
2372 3275 2512 3336 satis
2545 3274 2788 3355 quidem
2816 3285 3126 3337 ostensum
3156 3281 3245 3336 est
3275 3294 3308 3334 a
3339 3275 3586 3356 Cyrillo,

1948 3375 2037 3426 est
2070 3370 2266 3425 autem
2312 3363 2593 3426 omnibus
2643 3383 2880 3445 quoque
2927 3383 3033 3444 per
3062 3382 3128 3425 se
3181 3362 3587 3447 manifestum,

1948 3453 2102 3534 quod
2137 3452 2380 3514 nomine
2408 3451 2571 3532 Cyri,
2605 3454 2848 3515 omnino
2897 3453 3147 3515 Joannis
3197 3471 3438 3535 quoque
3472 3472 3588 3517 n0-

1950 3561 2086 3606 men
2119 3540 2298 3604 simul
2330 3542 2690 3604 ostenditur.
2716 3543 2885 3605 Sicut
2915 3544 3076 3604 enim
3113 3559 3313 3605 mores
3343 3552 3482 3605 sunt
3502 3543 3590 3606 eis

1947 3650 2318 3705 communes,
2369 3642 2429 3694 et
2477 3651 2606 3712 quae
2657 3644 2904 3713 propter
2953 3632 3256 3696 Christum
3309 3631 3465 3694 facta
3496 3643 3589 3697 est

1949 3721 2250 3784 confessio
2282 3731 2343 3784 et
2374 3724 2828 3798 consummatio,
2881 3724 2958 3784 ita
2992 3723 3172 3784 etiam
3206 3721 3466 3801 simplex
3499 3734 3590 3789 est

1949 3813 2194 3874 omnino
2219 3812 2448 3874 vocatio
2481 3820 2542 3874 et
2567 3813 2715 3874 citra
2747 3814 2932 3874 ullum
2954 3811 3310 3876 discrimen.
3345 3813 3499 3876 Hinc
3525 3816 3589 3877 in

1950 3900 2228 3964 Manuthe
2255 3902 2596 3981 martyricaa
2637 3921 2842 3965 eorum
2887 3902 3160 3983 reliquiae
3195 3903 3484 3966 vicesimo
3531 3914 3590 3967 et

1952 4000 2155 4054 octavo
2189 3993 2414 4054 mensis
2439 3992 2604 4055 Junii
2629 3993 2912 4072 praeclare
2933 3992 3113 4054 simul
3137 3999 3196 4054 et
3216 4002 3595 4056 sacrosancte

1955 4079 2419 4155 transferuntur,
2449 4081 2560 4144 vici
2594 4083 2866 4145 custodia
2899 4081 3010 4162 (4),
3058 4083 3399 4144 daemonum
3433 4081 3593 4165 fuga,

1953 4188 1988 4232 a
2021 4169 2244 4231 morbis
2269 4169 2543 4232 liberatio
2573 4193 2584 4230 :
2622 4179 2679 4233 et
2711 4189 2874 4234 nunc
2906 4171 3073 4232 locus
3104 4181 3193 4232 est
3218 4168 3340 4232 Deo
3373 4189 3591 4234 conse-

1954 4265 2175 4332 cratus,
2203 4257 2484 4340 illiusque
2510 4259 2872 4338 martyribus
2899 4270 2954 4322 et
2977 4260 3373 4341 administris,
3404 4261 3592 4340 gratia

217 4343 356 4418 τιμὴ
387 4343 474 4400 καὶ
521 4345 882 4420 προσκόνησις
943 4346 1037 4402 σὺν
1089 4353 1165 4421 τῷ
1228 4346 1452 4427 ἆνάρχῳ
1478 4349 1566 4406 καὶ
1622 4354 1861 4422 ζωοποιῷ

1955 4347 2276 4411 clementia
2305 4347 2542 4411 Domini
2570 4351 2758 4412 nostri
2780 4351 2920 4413 .lesu
2943 4349 3186 4428 Christi,
3208 4368 3385 4431 quem
3416 4351 3591 4412 decet

220 4435 382 4490 αὖτοῦ
438 4433 730 4509 Πνεόματι,
788 4441 875 4492 νῦν
940 4435 1032 4492 καὶ
1085 4433 1166 4491 ἀεὶ
1235 4435 1322 4492 καὶ
1365 4437 1438 4499 εἷς
1497 4437 1618 4501 τοὺς
1675 4438 1869 4502 αἰῶνας

219 4525 330 4580 ἰὦν
360 4522 590 4586 αἰώνων,
623 4522 827 4601 Ἀμήν,

1956 4438 2156 4499 omnis
2184 4439 2395 4517 gloria,
2429 4440 2622 4501 honor
2653 4449 2712 4501 et
2760 4439 3032 4502 adoratio
3067 4459 3223 4502 nunc
3258 4446 3318 4502 et
3348 4456 3590 4520 semper

1956 4537 2016 4590 et
2045 4527 2106 4589 in
2139 4527 2354 4591 saecula
2387 4529 2770 4595 saeculorum.
2805 4531 3020 4594 Amen.

305 4689 392 4770 (4)
435 4690 566 4754 Vici
594 4692 893 4756 custodia.
928 4691 1068 4756 Haec
1093 4711 1212 4757 non
1242 4692 1419 4757 habet
1457 4713 1568 4757 ms.
1597 4702 1827 4760 noster.
1869 4687 2037 4761 Em'r.
2074 4699 2257 4762 Pam.
