3954 6146
469 247 1700 282 =2===——-—:-_._;

1756 250 2486 284 _____.=

917 517 1729 693 MENSIS
1867 519 3380 696 FEBRUARIUS.

1111 1129 1430 1236 VITA
1532 1133 2030 1242 SANCTI
2120 1132 2725 1243 EPHB/EM
2821 1131 3183 1239 SYRI.

1823 1364 2160 1445 (Februarii
2217 1364 2318 1428 die
2368 1366 2454 1445 1.)

1249 1541 1398 1615 [Ορρ.
1433 1542 1527 1600 SS.
1559 1545 1789 1616 Ephraem
1818 1546 1898 1601 ed.
1927 1541 2200 1602 Assemani
2230 1550 2354 1599 tom.
2390 1541 2480 1614 Ill,
2512 1540 2694 1598 Romae
2730 1540 2867 1599 1732
2901 1541 3016 1610 fol.]

1853 1955 2406 2047 MONITUM.

531 2214 617 2278 Ex
665 2218 929 2297 Nysseno
961 2217 1278 2300 desumpta
1327 2227 1417 2282 est
1445 2219 1747 2302 Ephraami
1797 2219 1952 2292 Vita,
1987 2237 2118 2298 qua;
2165 2218 2446 2300 Symeoni
2479 2215 2899 2295 Metaphrastaa
2945 2213 3326 2288 inscribitur,
3361 2215 3718 2296 incipitque
3767 2213 3846 2274 his

448 2304 685 2367 verbis:
741 2307 983 2386 Ἐφραὶμ
1030 2312 1056 2364 ὁ
1105 2315 1426 2390 θαυμάσιος,
1463 2313 1752 2391 Ephrcem
1807 2308 1914 2370 ille
1942 2327 2009 2369 aa

2286 2313 2356 2370 is.
2415 2308 2459 2369 E
2514 2305 2720 2369 Graeco
2756 2305 2812 2365 in
2865 2303 3136 2365 Latinum
3171 2305 3464 2367 transulit
3515 2303 3847 2368 Gentianus

447 2393 776 2457 Hervetus:
834 2405 1022 2458 exstat
1050 2407 1247 2459 autem
1302 2400 1509 2461 Latine
1539 2400 1693 2480 apud
1732 2399 2120 2477 Lipomanum
2173 2408 2232 2458 et
2263 2398 2503 2460 Surium
2541 2395 2666 2455 det
2709 2393 3021 2455 Februarii
3062 2403 3113 2454 et
3150 2393 3210 2453 in
3260 2395 3485 2455 Latinis
3541 2391 3843 2473 Ephrzemi

447 2483 859 2558 editionibus;
894 2488 1098 2548 Graece
1131 2508 1268 2550 vero
1303 2490 1362 2550 in
1393 2491 1656 2552 editione
1681 2488 2036 2560 Oxoniensi,
2073 2507 2205 2568 pag.
2237 2488 2380 2550 433.
2417 2487 2723 2564 Tanquam
2757 2489 2996 2559 genium
3030 2483 3451 2563 Metaphrastae
3475 2501 3634 2563 opus
3662 2501 3848 2561 agno-

446 2574 560 2634 scit
609 2574 864 2636 Allatius
899 2575 1004 2640 lib.
1045 2579 1132 2638 De
1191 2581 1559 2658 Symeonum
1589 2581 1836 2654 scriptis
1873 2595 1888 2650 ;
1940 2576 2254 2639 Hancmius
2289 2596 2417 2658 par.
2452 2594 2470 2637 ι
2526 2575 2608 2636 De
2633 2577 2903 2654 scriptor
2960 2573 3255 2653 Byzant.,
3290 2592 3424 2653 cap.
3479 2573 3588 2646 24,
3624 2575 3846 2635 Caseus

447 2662 524 2723 ad
556 2681 776 2724 annum
812 2665 1028 2726 Christi
1062 2667 1202 2737 90l,
1239 2678 1295 2728 et
1326 2667 1636 2730 Fabricius
1666 2665 1961 2729 Biblioth.
2001 2670 2185 2728 Graec.
2239 2665 2345 2727 lib.
2377 2683 2462 2746 v1,
2497 2683 2629 2745 pag.
2665 2663 2802 2724 524.
2857 2661 2919 2723 In
2957 2662 3380 2742 mauuscriptis
3413 2662 3582 2723 enim
3618 2661 3842 2722 codici-

449 2752 560 2812 bus
586 2752 877 2814 disertnm
905 2753 1226 2833 Symeonis
1255 2755 1708 2837 Metaphrastae,
1737 2775 1865 2830 seu,
1900 2755 2251 2834 Logothetae
2283 2773 2504 2817 nomen
2541 2752 2798 2834 praafert.
2835 2753 2983 2813 Vide
3013 2754 3148 2814 cod.
3177 2751 3308 2814 Vat.
3341 2753 3484 2825 453,
3527 2770 3674 2832 pag.
3710 2752 3838 2822 336;

446 2839 583 2902 cod.
641 2843 773 2903 Vat.
809 2842 948 2916 818,
990 2861 1122 2922 pag.
1155 2845 1275 2908 306
1311 2866 1326 2915 :
1359 2847 1492 2906 cod.
1529 2845 1661 2908 Vat.
1698 2847 1880 2919 1608,
1917 2863 2050 2924 pag.
2104 2846 2182 2907 46
2216 2868 2231 2918 ;
2285 2845 2423 2907 cod.
2458 2843 2644 2906 Palat.
2693 2842 2833 2922 308,
2871 2861 3003 2922 pag.
3042 2841 3177 2915 148,
3213 2841 3348 2903 cod.
3398 2841 3712 2904 Clement.
3747 2841 3830 2908 5i.

453 2947 590 3008 pag,
623 2934 682 3004 1,
718 2939 775 2990 et
824 2932 960 2993 cod.
994 2933 1242 2995 Coislin.
1290 2936 1430 3009 507,
1467 2955 1632 2996 num.
1687 2937 1785 2997 14.
1821 2933 1938 2996 Sed
1969 2932 2174 2996 Graeca
2220 2932 2588 3014 exemplaria
2619 2931 2733 2993 sibi
2787 2949 2904 2992 non
2940 2937 3303 2993 conveniunt
3355 2931 3560 3012 quoad
3595 2931 3832 2991 initium

449 3017 582 3096 ejus
617 3019 802 3081 Vitae:
837 3021 1109 3099 quaedam
1145 3023 1302 3083 enim
1338 3023 1424 3085 sic
1459 3024 1682 3085 habent
1714 3045 1727 3086 :
1764 3024 2009 3099 Ἐφραῖμ

2266 3027 2404 3089 icto;
2436 3025 2529 3102 ἕφύ
2560 3022 2656 3091 μὲν
2689 3021 2749 3077 ὲκ
2777 3023 2875 3087 τῆς
2914 3022 3092 3097 Σύρων
3123 3026 3248 3100 γῆς,
3287 3021 3500 3084 πόλεως
3545 3020 3827 3086 Ἐδέσσης.

442 3116 778 3183 Χριστιανῶν
811 3111 1034 3186 γονέων,
1093 3104 1382 3187 Ἐλόμενος
1413 3112 1467 3168 δὲ
1497 3116 1597 3181 τὴν
1629 3114 1820 3180 aperi»
1877 3115 1936 3170 ἐκ
1968 3137 2003 3168 ν·

2266 3113 2516 3194 ῗρὴνωηι
2547 3110 2650 3175 ille
2679 3109 3097 3184 admirabilis,
3133 3118 3314 3171 natus
3341 3108 3466 3187 fuit
3493 3111 3570 3170 in
3619 3111 3827 3190 Syria,

442 3197 511 3258 in
559 3198 811 3260 civitate
843 3197 1104 3272 Edessa,
1141 3200 1520 3264 Christianis
1564 3202 1954 3282 parentibus.
2001 3203 2153 3264 Cum
2201 3212 2406 3264 autem
2466 3201 2745 3282 elegisset
2793 3205 3080 3262 virtutem
3127 3199 3203 3262 ab
3254 3200 3553 3274 infantia,
3588 3210 3716 3263 etc.
3759 3198 3834 3259 Ita

443 3287 589 3365 legit
617 3287 910 3367 vertitque
941 3287 1256 3364 Hervetus,
1292 3299 1351 3352 et
1395 3311 1464 3353 ex
1496 3291 1598 3354 illo
1631 3291 1854 3354 habent
1887 3292 2271 3372 Lipomanus,
2307 3292 2514 3353 Sui-ius
2546 3299 2604 3350 et
2646 3287 2895 3350 Vossius
2929 3306 2942 3350 :
2979 3289 3187 3370 sicque
3220 3287 3433 3368 incipit
3466 3289 3663 3350 codex
3719 3287 3830 3349 Va-

443 3376 678 3442 ticanus
708 3376 843 3452 818,
876 3395 1005 3456 pag.
1043 3377 1181 3441 376.
1215 3382 1463 3462 Reliqua
1497 3401 1632 3442 vero
1663 3382 1888 3452 omnia,
1917 3399 2051 3461 quae
2081 3400 2151 3444 ex
2183 3381 2470 3442 Vaticana
2499 3378 2862 3440 bibliotheca
2891 3378 3196 3457 recensui,
3224 3378 3554 3452 volumina,
3593 3397 3829 3440 necnon

442 3466 768 3544 Anglicana
813 3484 882 3528 ex
916 3465 1132 3547 quibus
1161 3467 1524 3532 Oxoniensis
1555 3472 1738 3532 editio
1772 3469 2059 3532 adornata
2091 3480 2202 3547 est,
2236 3471 2310 3532 de
2359 3469 2583 3532 Edessa
2613 3466 2761 3528 nihil
2790 3465 3036 3544 habent,
3071 3468 3177 3528 sed
3209 3467 3481 3528 absolute
3532 3468 3831 3549 incipiunt

443 3555 602 3615 hunc
636 3558 696 3615 in
731 3556 971 3618 modum
1013 3578 1026 3620 Σ
1061 3559 1303 3637 Ἐφραῖμ
1336 3564 1362 3616 ὁ
1392 3564 1682 3636 Θαυμάσιος
1718 3561 1812 3640 ἔφυ
1844 3561 1941 3635 μὲν
1971 3565 2004 3615 la:

2264 3582 2372 3639 ,ρων
2404 3565 2532 3636 γῆς,
2575 3549 2860 3633 Ἐλὸμενος
2907 3557 2960 3614 δὲ
2991 3559 3092 3625 τὴν
3122 3558 3315 3636 ἀρετὴν
3359 3558 3412 3613 ἒν
3443 3560 3666 3623 νηπίου·
3703 3578 3825 3638 quae

441 3644 623 3704 verba
656 3645 718 3705 in
751 3645 885 3706 cod.
919 3645 1218 3708 Clement.
1255 3649 1354 3709 5t.
1393 3667 1524 3728 pag.
1561 3666 1602 3724 l,
1636 3650 1813 3730 paulo
1835 3648 2011 3709 aliter
2039 3648 2505 3730 ampliﬁcantur.
2541 3646 2733 3727 Atque
2765 3647 2879 3708 hoc
2913 3655 3280 3728 postremum
3313 3648 3616 3726 Nysseno,
3649 3647 3827 3709 Heta-

442 3735 700 3812 phrastaa
730 3751 799 3794 ac
849 3734 1180 3796 Sozomeno
1232 3750 1702 3800 consentaneum
1757 3747 1868 3811 est,
1903 3737 2122 3818 quibus
2169 3737 2520 3817 Ephratmus
2581 3735 2836 3808 Nisibin,
2869 3736 2959 3796 vel
3005 3737 3182 3798 aliam
3232 3735 3392 3798 circa
3425 3755 3561 3797 eam
3623 3737 3825 3798 urbem

444 3823 667 3896 locum,
704 3841 820 3882 non
851 3822 1137 3884 Edessam
1195 3825 1481 3888 habuisse
1517 3827 1765 3908 patriam
1818 3826 2061 3890 dicitur.
2097 3824 2418 3900 Hervetus,
2453 3837 2513 3887 et
2564 3826 2667 3907 qui
2698 3843 2834 3886 eum
2885 3826 3038 3908 typis
3075 3826 3389 3905 vulgarunt
3438 3825 3821 3906 Lipomanus,

444 3912 658 3974 Surius
711 3911 955 3991 aliique,
994 3933 1126 3974 cum
1161 3914 1332 3975 initio
1367 3915 1516 3977 Vitae
1561 3935 1668 3997 per
1697 3917 2141 3997 Metaphrasten
2201 3917 2400 3990 editas,
2435 3915 2818 3997 Ephraemum
2855 3916 3144 3996 legissent
3201 3918 3264 3978 in
3299 3916 3552 3978 civitate
3598 3916 3820 3979 Edessa

444 4009 655 4062 natum
687 3999 898 4075 fuisse,
936 4003 1252 4082 sequentia
1281 4003 1698 4086 Metaplirastaa
1726 4005 1906 4067 verba
1935 4005 2162 4081 quibus
2216 4007 2582 4068 contrarium
2615 4007 2926 4082 asseritur,
2963 4006 3054 4068 vel
3107 4025 3224 4069 non
3257 4005 3712 4081 intellexerunt,
3745 4006 3818 4066 vel

446 4090 728 4154 mutanda
759 4109 891 4152 esse
923 4102 1286 4154 censuerunt
1315 4114 1328 4155 :
1365 4095 1451 4155 sic
1484 4104 1680 4156 autem
1715 4094 1897 4156 habet
1927 4113 1995 4156 ex

2257 4116 2290 4158 0
2313 4095 2747 4176 Metaphrastes
2776 4116 2788 4154 :
2827 4098 2923 4154 Καὶ
2955 4099 3075 4176 περὶ
3097 4099 3193 4164 τὴν
3224 4096 3424 4176 ἔρημον
3455 4097 3813 4172 αὐλιζόμενος,

445 4184 504 4239 ἐκ
535 4183 703 4238 τόπου
733 4180 788 4236 δὲ
818 4182 1014 4245 τὸπους
1048 4181 1320 4258 ἀμεύϐων,
1355 4187 1548 4264 ψυχῶν
1583 4184 1870 4259 οἰκοδομῆς
1905 4185 2065 4264 χάριν
2095 4189 2184 4243 καὶ
2210 4187 2494 4266 ὠφελείας,
2527 4186 2620 4242 ὅτε
2655 4189 2741 4242 καὶ
2775 4187 3041 4263 Πνεύματι
3072 4190 3195 4260 θείῳ
3223 4187 3564 4267 κινούμενος,
3597 4188 3818 4261 ἀπολιμο

443 4273 599 4329 πάνει
627 4272 758 4327 ποτὲ
791 4272 890 4338 τὴν
921 4271 1286 4350 ἐνερκαμένην
1332 4276 1470 4329 κατὰ
1515 4275 1573 4329 τὸ
1603 4277 1750 4330 θεῖον
1784 4276 1870 4330 καὶ
1902 4274 2055 4338 οὗτος
2090 4274 2332 4354 Ἀϐραὰμ
2382 4275 2701 4354 κελευσθεὶς,
2735 4276 2823 4332 καὶ
2853 4277 2952 4342 τὴν
3001 4274 3325 4334 Ἐδεσσενών
3354 4276 3511 4332 πόλιν
3541 4275 3812 4349 καταλαμ-

446 4361 615 4422 ϐάνει.
676 4360 962 4433 Quicum
1007 4360 1310 4422 habitaret
1337 4363 1405 4422 in
1458 4361 1813 4437 solitudine,
1848 4369 1903 4424 et
1952 4365 2099 4425 locis
2129 4363 2260 4428 loca
2312 4363 2573 4428 subinde
2622 4371 2930 4427 mutuaret
2956 4373 3209 4446 propter
3262 4363 3731 4444 aediﬁcationem
3760 4372 3810 4424 et

446 4449 782 4511 utilitatem
833 4452 1208 4530 animarum,
1243 4455 1450 4530 sicque
1497 4469 1533 4512 a
1564 4453 1779 4514 divino
1831 4452 2256 4518 admoneretur
2310 4455 2584 4536 Spiritu,
2621 4453 2872 4534 reliquit
2921 4453 3259 4536 aliquando
3314 4456 3414 4523 τὴν
3459 4455 3800 4534 ἐνεγκαμένην

441 4545 710 4619 patriam
764 4538 892 4618 (seu
927 4539 1121 4602 natale
1150 4540 1368 4621 solum)
1411 4542 1591 4618 jussu
1624 4541 1836 4604 divino
1890 4542 2053 4606 alter
2083 4545 2194 4606 iste
2227 4543 2563 4608 Abraham:
2598 4551 2655 4607 et
2685 4550 2752 4606 in
2782 4545 3104 4609 civitatem
3155 4545 3603 4608 Edessenorum
3633 4548 3790 4607 venit.

441 4629 488 4689 li
523 4646 660 4689 vero
693 4627 774 4688 ita
803 4635 1056 4689 vertunt:
1097 4628 1212 4702 Qui
1241 4647 1379 4692 eum
1407 4630 1716 4694 habitaret
1749 4637 1815 4694 in
1846 4630 2207 4715 solitudine,
2241 4652 2312 4697 ac
2342 4633 2488 4698 locis
2517 4634 2646 4697 loca
2675 4634 2934 4698 subinde
2958 4644 3248 4711 mutaret,
3282 4642 3527 4715 propter
3556 4634 3787 4713 (edi/ice-

445 4723 674 4787 tionem
697 4724 755 4780 et
783 4718 1124 4780 utilitatem
1162 4720 1518 4782 animarum
1547 4723 1754 4801 sicque
1784 4739 1823 4783 a
1855 4723 2067 4785 divino
2113 4725 2562 4786 admoneretur
2591 4723 2860 4804 Spiritu,
2895 4725 3149 4806 reliquit
3177 4724 3518 4805 aliquando
3539 4723 3784 4787 solitudi.

440 4827 582 4870 nem
601 4809 781 4888 jussu
811 4807 1153 4882 diviniore,
1187 4817 1240 4870 et
1270 4810 1536 4886 ferventi
1567 4810 1867 4873 desiderio
1898 4813 1965 4873 in
1991 4830 2171 4875 suam
2213 4821 2379 4876 venit
2411 4817 2687 4893 patriam
2718 4813 3042 4880 Edessam.
3079 4816 3252 4896 Atqui
3288 4815 3710 4896 Metaphrastes
3732 4829 3782 4872 ex

442 4899 712 4980 Nysseno
745 4897 959 4959 scribit
991 4896 1372 4978 Ephrzemum
1405 4917 1525 4960 non
1553 4900 1946 4962 solitudinem
2000 4903 2345 4983 reliquisse,
2382 4914 2440 4964 et
2471 4909 2529 4965 in
2586 4922 2754 4965 suam
2790 4907 3041 4986 patriam
3073 4907 3363 4969 Edessam
3401 4908 3629 4966 venisse
3660 4922 3673 4978 ;
3701 4899 3778 4962 sed

446 4988 644 5069 patria
675 5006 779 5049 sua
810 4987 1125 5061 derelicta,
1161 4991 1226 5050 in
1256 4989 1565 5051 civitatem
1600 4990 2007 5052 Edessenorui

2215 5011 2426 5070 grasse,
2467 4993 2832 5070 ἀπολιμπάνει
2861 4998 2993 5053 ποτὲ
3037 4998 3138 5065 τὴν
3193 4996 3583 5074 ἐνεγκαμένην,
3613 4991 3776 5055 τιὶτήν

448 5079 769 5136 Ἐδεσσενων
799 5078 954 5135 πόλιν
986 5077 1409 5152 καταλαμϐανει,
1441 5079 1697 5159 reliquit
1728 5081 2009 5160 aliquant

2214 5086 2399 5164 riam,
2421 5090 2478 5146 et
2512 5089 2579 5147 iu
2605 5084 3054 5149 Edossenorum
3081 5086 3292 5148 urbem
3321 5085 3520 5147 abiit:
3556 5082 3773 5159 adeoque

448 5169 565 5230 alia
596 5169 708 5230 fuit
747 5167 1048 5248 Ephraami
1083 5169 1294 5247 patria,
1329 5187 1510 5243 quam
1541 5168 1890 5249 dereliquit,
1927 5178 1988 5231 et
2015 5171 2133 5233 alia
2178 5171 2322 5233 urbs
2351 5173 2604 5251 Edessa,
2639 5175 2696 5235 in
2729 5194 2908 5254 quam
2941 5175 3237 5254 migravit.
3273 5173 3622 5237 Versionem
3669 5186 3770 5230 nos-

446 5265 594 5320 train
627 5256 929 5337 Nyssenus
973 5261 1323 5318 continuat:
1372 5259 1648 5316 Ἐντεῦθεν
1690 5261 1788 5326 τὴν
1828 5261 2007 5338 ἐνεγκα

2204 5310 2213 5336 ,
2247 5265 2320 5324 ὡς
2375 5266 2402 5319 ὁ
2432 5268 2576 5330 θεῖος
2607 5265 2812 5330 ἐκεῖνος
2849 5271 3153 5329 κελευσθεὶς
3188 5264 3453 5344 Ἀϐραάμ,
3487 5264 3582 5330 τὴν
3627 5258 3765 5317 '53::-

446 5357 612 5404 σενὼν
659 5347 919 5404 κατέλαϐε
950 5351 1130 5409 πόλιν.
1195 5346 1364 5410 Unde
1389 5352 1688 5428 patriam,
1717 5351 1872 5412 sicut
1921 5351 2007 5412 dii

2203 5352 2306 5414 ille
2357 5352 2693 5429 Abraham,
2728 5355 3072 5436 relinquere
3110 5357 3351 5434 jussus,
3382 5354 3761 5417 Edessena-ull

443 5437 653 5498 urbem
674 5438 872 5514 petiit.
925 5434 1073 5498 Vide
1104 5435 1382 5498 Vossium
1417 5447 1558 5500 tom.
1594 5441 1640 5516 Ι,
1677 5457 1809 5518 pag.
1846 5439 1905 5520 5,
1942 5439 2102 5502 linea
2133 5442 2486 5523 penultime.
2520 5443 2747 5516 Quibus
2777 5434 2974 5508 verbis
3023 5445 3272 5509 dubium
3308 5462 3492 5508 omne
3518 5443 3756 5516 eximitur,

447 5526 601 5602 quod
640 5525 960 5588 Bollandus
990 5526 1213 5605 allique
1244 5527 1320 5588 de
1353 5527 1544 5607 patria
1574 5526 1875 5608 Ephrazmi
1910 5539 2173 5596 movent.
3491 5537 3496 5540 ’
