3954 6146
188 277 342 353 1257

184 427 385 502 γίνεται
426 441 440 456 ⁸

183 514 463 590 πρότερον,
527 515 604 583 τῷ
658 508 843 580 δικαίῳ
904 507 1249 586 προσϐάλλει,
1288 508 1436 565 Ἐπεὶ
1499 511 1586 564 οὖν
1630 507 1822 586 βρῶσίν

1401 276 1588 346 VITA
1632 281 1692 345 S.
1739 271 2077 344 EPHREM
2122 276 2319 344 SYRI.

3393 265 3545 337 1258

497 423 583 478 καὶ
641 420 708 477 δι’
768 422 958 493 αὐτῆς,
1019 419 1198 498 ὥσπερ
1227 418 1312 475 διὰ
1341 421 1435 475 τοῦ
1475 416 1643 496 ὄφεως
1692 418 1825 492 αὗτῇ

1924 417 2166 498 tlaligno
2188 417 2650 478 instrumentum
2669 411 2742 473 ad
2771 410 3002 484 vitium;
3029 415 3088 471 et
3109 425 3217 489 per
3238 426 3392 482 eam,
3421 409 3540 471 sic-

1908 517 1972 570 ut
2007 508 2172 585 prius
2206 507 2394 587 ipsam
2429 522 2538 586 per
2568 509 2930 582 serpentem,
2949 500 3176 579 justum
3207 499 3549 578 aggreditur

178 587 297 658 'ttvz
331 587 629 679 ἐτύγχανεν
661 599 802 674 ἕψων
836 599 863 653 ὁ
904 600 1050 659 θεῖος
1107 596 1370 675 Ἐφραῖμ,
1416 595 1591 663 ἐκείνη
1621 595 1822 652 διανοί-

1924 598 2210 677 Ephraem.
2272 596 2418 659 Cum
2480 595 2680 673 itaque
2729 598 2968 679 sanctus
3018 587 3293 669 prraam
3348 588 3546 650 cibum

177 689 308 755 ξασα
341 690 434 757 τήν
463 678 662 767 θυρίδα⁹
723 685 842 754 ἥτις
901 685 1001 764 ἄρα
1059 688 1144 742 καὶ
1198 686 1265 754 ἦν
1296 685 1382 742 ἐπὶ
1413 695 1505 744 τοῦ
1530 685 1820 760 μεσαύλου,

1924 686 2226 767 ιυοῐῐιάιιῐη
2259 691 2524 766 pararet,
2557 680 2659 743 illa
2706 687 2910 761 aperta
2945 678 3226 754 fenestra,
3263 695 3394 758 quae
3423 684 3551 767 erat

178 779 512 857 παρακύπτει
570 799 628 833 τε
668 776 1065 854 ἀναισχύντως,
1113 777 1201 831 καὶ
1254 774 1380 831 αὒτὸ
1423 781 1578 832 τοῦτο
1622 775 1826 852 ἑταιρι-

179 875 289 931 κῶς
323 890 337 904 θ
375 867 498 924 εἶτα
526 869 624 922 καί
658 862 884 927 ἀναιδῶς
915 861 1232 938 ἐμϐλέψαισᾶ
1262 886 1338 937 τῳ
1363 865 1490 937 ὁσίῳ
1517 883 1531 898 ο
1577 863 1826 938 Εὺλόγη-

177 979 296 1030 σον,
343 955 502 1026 ἆϐϐἆ,
546 955 716 1029 λέγει,
757 944 814 1012 Ὀ
867 951 921 1008 δὲ
981 954 1119 1026 μετὰ
1153 962 1246 1011 τοῦ
1288 954 1654 1030 προσήκοντος
1685 955 1827 1026 αύτῷ

179 1047 475 1125 σχήματος
535 1066 594 1100 τε
642 1046 729 1101 καὶ
792 1043 1118 1123 φθέγματος,
1169 1034 1228 1100 ιι.)
1277 1044 1490 1120 Κύριος,
1524 1045 1704 1122 φησὶν,
1740 1045 1824 1100 εὖ·

179 1135 412 1213 λογήσαι
457 1156 542 1195 σε.
592 1132 738 1199 Αὐτὴ
783 1131 836 1188 δὲ
893 1131 1054 1190 πάλιν
1086 1133 1221 1208 μετὰ
1251 1135 1446 1210 θερμοῦ
1473 1140 1566 1188 τοῦ
1590 1131 1828 1211 γέλωτος

180 1227 271 1281 καὶ
331 1224 563 1299 ἆσέμνου
596 1243 608 1256 ’
651 1221 819 1278 Ἀλλὰ
861 1223 936 1296 τί,
993 1222 1174 1296 εἶπεν,
1208 1220 1439 1278 ὶλλείπει
1472 1230 1549 1296 τῷ
1590 1222 1830 1299 βρώματί

183 1331 337 1385 σους
403 1315 500 1370 Καὶ
557 1313 638 1390 ὃς,
691 1320 872 1387 Τρεῖς,
932 1310 1056 1389 ἔφη,
1105 1311 1234 1367 λίθοι
1276 1313 1363 1368 καὶ
1410 1309 1568 1390 ὀλίγη
1628 1312 1825 1382 πηλὸς,

182 1402 326 1459 ὥστε
358 1403 456 1468 τὴν
506 1401 680 1478 θυρίδα
741 1401 938 1466 ταύτην
970 1400 1363 1479 ἀναφραγῆναι,
1401 1399 1612 1467 Ἐκείνη
1663 1399 1829 1476 μηδὲν

183 1489 478 1548 ὕπενδοῦσα
541 1496 640 1557 τῆς
677 1488 966 1561 ἀναιδείας,
1003 1489 1124 1546 "Ott
1157 1511 1215 1544 σε
1263 1488 1646 1566 προλαϐόντες,
1697 1491 1825 1570 ἔφη,

182 1580 720 1658 προσηγορεὰσαμεν,
785 1586 937 1635 τοῦτο
1015 1600 1100 1634 σοι
1161 1589 1323 1658 τῦφον
1382 1580 1622 1653 ἐνῆκεν;
1686 1582 1828 1658 Ἐγὼ

182 1673 612 1747 συγκοιμηθῆναι
660 1668 922 1744 βούλομαί
979 1689 1084 1741 σοι,
1146 1670 1300 1748 φησί.
1349 1671 1421 1724 Σὺ
1480 1668 1536 1724 δέ
1603 1691 1669 1746 με
1727 1671 1825 1737 τὴν

182 1759 407 1836 πρώτην
486 1759 630 1819 εὒθὺς
691 1756 1114 1835 ἀπηγόρευκας;

1910 766 1971 838 in
2004 784 2194 849 corte,
2225 773 2608 854 impudenter
2653 768 2932 850 despicit,
2966 777 3028 829 et
3059 768 3237 848 plane
3265 766 3548 829 meretri—

1911 865 2002 928 cie
2038 883 2050 926 :
2088 873 2146 927 et
2175 863 2394 926 deinde
2426 880 2560 924 cum
2611 859 2895 923 Sanctum
2945 856 3276 937 aspexisset
3308 863 3549 919 invere—

1911 955 2106 1017 cunde
2140 974 2156 1015 :
2189 951 2478 1032 Benedic,
2513 949 2730 1030 inquit,
2765 947 2942 1010 abba.
2970 947 3076 1010 llle
3110 963 3252 1008 vero
3283 965 3417 1008 cum
3453 965 3548 1022 eo,

1912 1045 2016 1125 qui
2050 1045 2246 1124 ipsum
2297 1039 2572 1113 decebat,
2636 1038 2866 1115 habitu,
2929 1045 3099 1115 gestu
3131 1045 3190 1097 et
3220 1054 3547 1099 sermone:

1915 1128 2564 1212 Dominus,inquit,tibi
2587 1127 2930 1190 benedicat.
2963 1125 3098 1206 Ipsa
3129 1134 3324 1188 autem
3346 1144 3556 1188 rursus

1913 1241 2046 1285 cum
2081 1219 2420 1284 vehementi
2451 1227 2510 1280 et
2566 1217 2852 1279 indecoro
2901 1216 3048 1289 risu,
3082 1214 3156 1276 ad
3209 1234 3348 1276 eum
3389 1234 3400 1275 :
3439 1214 3554 1278 Sed

1914 1311 2082 1393 quid,
2115 1310 2332 1391 inquit,
2387 1317 2488 1370 tuo
2519 1307 2654 1368 cibo
2688 1306 2884 1367 deest?
2911 1304 3017 1366 Ille
3047 1322 3212 1380 vero,
3249 1303 3420 1381 Tres,
3455 1306 3554 1365 in—

1913 1402 2060 1482 quit,
2095 1399 2344 1479 lapides,
2380 1409 2440 1458 et
2464 1415 2671 1477 parum
2691 1395 2898 1469 luti,ut
2929 1395 3055 1455 brec
3080 1393 3425 1456 obstruatur
3461 1394 3554 1455 fe-

1913 1499 2134 1552 nestra.
2170 1489 2278 1551 Illa
2300 1487 2540 1549 interim
2576 1485 2727 1546 nihil
2760 1485 2833 1544 de
2864 1502 2969 1544 sua
3002 1483 3318 1544 remittens
3349 1483 3555 1562 impu-

1912 1577 2316 1653 dentia,Quod
2345 1585 2426 1650 te,
2459 1575 2918 1655 inquit,priores
2936 1572 3556 1652 appellavimus,hoc-

1912 1688 1987 1730 ne
2018 1681 2074 1730 te
2106 1667 2303 1730 effecit
2328 1666 2687 1727 insolentem
2718 1662 2742 1724 ?
2773 1664 2919 1742 Ego,
2947 1663 3162 1743 inquit,
3191 1661 3327 1722 volo
3362 1669 3554 1724 tecum

1202 1760 1339 1835 Πρὸς
1397 1761 1584 1832 ταῦτα,
1647 1760 1826 1837 ὥσπερ

1924 1756 2374 1820 iormise.Tunc
2395 1762 2590 1817 autem
2626 1755 2742 1814 hoc
2768 1751 2910 1812 mihi
2932 1752 3128 1813 statim
3157 1752 3346 1830 primo
3371 1769 3556 1830 nega-

180 1850 362 1914 εκείνη
410 1847 668 1925 ῥημάτων
703 1853 1026 1919 σατανικῶν,
1057 1845 1195 1902 οὕτω
1222 1845 1409 1921 πολλῷ
1459 1847 1665 1921 μᾶλλον
1724 1849 1824 1905 αὒ-

1924 1848 2034 1909 sti?
2055 1847 2143 1908 Ad
2170 1848 2317 1920 haec,
2353 1841 2859 1924 quemadmodum
2885 1841 2984 1902 illa
3007 1841 3210 1902 verbis
3233 1840 3554 1915 Satanicis,

179 1940 276 1999 τὸς
319 1941 690 2011 πνευματικῶν
753 1935 849 1990 οὒκ
884 1935 1128 2012 ἠπόρησε
1159 1934 1358 2014 λόγων,
1426 1938 1512 1992 καὶ
1556 1936 1691 1993 οἴων
1735 1939 1828 1994 αὒ-

1924 1950 1990 2000 ιιδ
2021 1936 2207 1998 multo
2241 1934 2426 2013 magis
2457 1938 2584 2013 ipse
2614 1929 2996 1992 sermonibus
3021 1930 3352 1991 abundavit
3374 1930 3558 2010 spiri-

179 2025 276 2083 τόν
306 2047 360 2082 τε
391 2024 495 2081 ἔδει
527 2023 728 2100 λέγειν,
792 2023 1045 2090 κάκείνην
1093 2023 1328 2086 ἀκούειν,
1392 2025 1448 2082 Εἰ
1483 2025 1663 2101 βούλει
1697 2026 1823 2103 γὰρ,

1924 2026 2270 2100 tualibus,et
2291 2023 2497 2104 quales
2522 2022 2719 2101 ipsum
2745 2018 2973 2100 dicere,
2994 2028 3052 2080 et
3084 2037 3214 2080 eam
3246 2020 3561 2100 oportebat

181 2116 310 2196 ἔφη,
370 2113 703 2194 ἀμφοτέρους
754 2111 1198 2190 συγκαθευδῇσαι,
1259 2112 1380 2170 ἔνθα
1432 2113 1493 2169 ἂν
1550 2116 1638 2170 καὶ
1683 2113 1826 2171 εἴπω

1924 2116 2144 2178 audire.
2179 2112 2242 2176 Si
2271 2113 2360 2174 vis
2383 2111 2569 2184 enim,
2605 2109 2937 2189 inquit,nos
2957 2107 3168 2170 ambos
3199 2109 3377 2170 simul
3410 2109 3556 2172 dor-

183 2228 297 2284 σοι,
329 2204 506 2260 ἐκεῖσε
538 2201 603 2269 δὴ
636 2204 723 2259 καὶ
780 2207 935 2278 κοινῇ
985 2203 1397 2280 συγκεισόμεθα.
1437 2197 1530 2268 Ὠς
1562 2202 1618 2259 δὲ
1651 2204 1830 2270 ἐκείνη

182 2296 278 2351 τὸν
335 2292 498 2370 λόγον
564 2291 794 2368 ἥρπασε,
854 2292 944 2347 καὶ
1000 2289 1160 2370 ἤρετο
1209 2292 1304 2347 τὸν
1334 2291 1519 2371 τόπον,
1554 2293 1648 2349 ἵνα
1678 2300 1833 2350 τοῦτο

186 2382 431 2462 γενέσθαι
462 2380 567 2443 δεῖ.
600 2383 710 2439 Οὔκ
738 2381 792 2436 ἐν
847 2379 1017 2460 ἄλλῳ,
1076 2378 1205 2459 ἔφη,
1233 2381 1406 2455 τύπῳ,
1451 2380 1531 2437 ὅτι
1564 2383 1642 2456 μὴ
1674 2383 1730 2438 έν
1759 2383 1835 2456 τῷ

190 2472 346 2549 μέσῳ
376 2469 757 2546 συνελεύσομαι
790 2493 872 2526 σοι
903 2476 1002 2536 τῆς
1051 2469 1286 2534 πόλεως.
1325 2472 1422 2528 Καὶ
1453 2472 1586 2541 αὐτή
1624 2491 1638 2505 ·
1675 2471 1835 2530 Ἀλλ’

189 2564 287 2620 οὒκ
344 2559 524 2630 αἰδὼς,
561 2559 688 2638 ἔφη,
725 2559 814 2614 καὶ
846 2558 1077 2637 αἰσχύνη
1114 2559 1286 2638 σαφὴς
1318 2559 1423 2614 ἀπὸ
1453 2567 1558 2616 τῶν
1589 2561 1834 2629 ὁρώντων

190 2649 416 2729 ἀνδρῶν,
477 2649 617 2706 οὕτω
696 2654 817 2726 γοῦν
893 2650 947 2702 ὲν
1006 2652 1081 2719 τῷ
1139 2647 1285 2722 μέσῳ
1336 2649 1598 2722 κειμένων
1654 2651 1832 2718 5W“-

190 2738 372 2796 Ἐοίλω
433 2740 463 2806 ἡ
523 2737 669 2793 ἑλεῖν
727 2735 1052 2812 βουληθεῖσα
1101 2736 1233 2812 γυνὴ
1281 2736 1378 2802 τὴν
1425 2738 1603 2805 ἅπαθῆ
1651 2738 1836 2816 ψυχὴν

187 2830 280 2886 καὶ
323 2826 624 2901 ἀνάλωτον,
658 2823 773 2884 οὐδὲ
833 2827 986 2880 τοῦτο
1027 2830 1226 2902 γνῶναι
1272 2822 1580 2905 δυνηθεῖσα,
1631 2827 1658 2882 ὅ
1702 2849 1834 2902 φησι

189 2922 476 2992 Σολομῶν,
551 2914 632 2970 ὅτι
712 2915 771 2972 Οἱ
853 2913 1116 2992 ὀφθαλμοὶ
1189 2914 1376 2991 Κυρίου
1452 2918 1547 2970 τοῦ
1614 2916 1836 2991 ὑψίστου

189 3004 592 3084 μυριοπλασίως
680 3002 833 3071 ἡλίου
916 3003 1285 3082 φωτεινότεροί
1361 3004 1514 3077 εἰσιν,
1575 3008 1623 3062 οἱ
1709 3004 1833 3062 ἐπι-

187 3093 476 3158 ϐλέποντες
509 3094 684 3156 πάσας
719 3089 868 3155 ὁδοὺς
899 3089 1120 3168 ἀνδρῶν,

271 3270 356 3329 Ζ’.
390 3271 583 3328 Αὐτίκα
614 3276 767 3349 γοῦν,
800 3269 896 3326 οἵα
919 3267 1115 3342 λαϐῆς,
1145 3279 1235 3328 τοῦ
1263 3271 1501 3344 ῥήματος
1535 3272 1562 3326 ὁ
1593 3277 1844 3349 γενναῖος

185 3359 517 3439 δραξάμενος
563 3359 863 3436 ἀντεπῆγεν
901 3374 913 3388 ’
976 3360 1032 3415 Εἰ
1082 3357 1173 3413 οὖν
1225 3358 1516 3426 ἀνθρώπων
1543 3359 1842 3437 ὀφθαλμοὺς

188 3450 404 3528 ἔκρινας
449 3449 644 3511 ἱκανῶς
699 3447 848 3527 ἔχειν
891 3446 1139 3524 ἐντρέψαι
1187 3448 1397 3526 ψυχὴν,
1453 3448 1547 3503 καί
1605 3456 1844 3527 πονηρᾶς

192 3537 493 3618 ἀφελκύσαι
550 3536 787 3614 πράξεως
822 3557 838 3570 ο
901 3538 1022 3600 τοὺς
1057 3544 1149 3594 τοῦ
1181 3543 1312 3592 Θεοῦ
1343 3537 1518 3592 πάντα
1545 3535 1842 3613 βλέποντας

193 3629 524 3706 ὀφθαλμοὺς,
574 3625 673 3683 ὅσα
703 3647 760 3682 τε
790 3625 844 3680 ἐν
876 3623 1085 3701 ἀδήλῳ,
1117 3630 1205 3680 καὶ
1236 3624 1334 3680 ὅσα
1377 3627 1512 3682 κατὰ
1560 3629 1623 3682 τὸ
1668 3627 1846 3705 ἐμφα-

198 3718 285 3781 νὲς
317 3716 664 3794 πράττονται,
713 3715 771 3771 οὗ
819 3712 1004 3788 πολλῷ
1046 3712 1252 3789 μᾶλλον
1307 3712 1617 3790 αἰδεσόμεθά
1661 3738 1718 3772 τε
1764 3717 1850 3772 καὶ

197 3805 578 3879 ὑποπτήξομεν
613 3821 626 3835 ⁸
703 3803 797 3859 καί
873 3804 1109 3882 πονηροῦ
1166 3804 1479 3881 πράγματος
1525 3805 1846 3884 ἀφεξόμεθα,

197 3898 257 3962 ὃς
300 3896 600 3973 κατήγορον
639 3895 719 3950 ἀεὶ
763 3893 1002 3951 σύνοικον
1047 3894 1105 3949 τὸ
1149 3891 1385 3956 συνειδὸς
1429 3895 1566 3968 ἡμῖν
1631 3895 1849 3974 ἐπεγεί-

203 4007 310 4065 ρει,
369 3986 457 4041 καὶ
509 3984 775 4059 βασάνους
841 3982 1046 4039 ἐκεῖθεν
1105 4004 1270 4062 πέρας
1329 3983 1559 4062 ἐχούσας
1606 3983 1847 4058 οὐδαμῶς

202 4075 510 4147 ταμιεύεται
545 4093 560 4153 ς
612 4078 786 4129 Ταῦτα
829 4073 984 4129 ἱκανὰ
1028 4072 1268 4150 γέγονεν,
1305 4073 1410 4153 οὔχ
1438 4073 1626 4136 ἁπλῶς
1660 4088 1847 4132 πεῖσαι

203 4165 307 4230 τὴν
364 4163 566 4241 πόρνην
613 4161 948 4241 ἀποσχέσθαι
977 4167 1074 4228 τῆς
1105 4165 1234 4240 πρὸς
1277 4162 1434 4219 αὒτὸν
1469 4163 1678 4242 φαύλης
1723 4165 1848 4221 ἐπι-

204 4252 422 4330 θυμίας,
464 4249 601 4306 ἀλλὰ
645 4251 732 4305 καὶ
787 4250 918 4327 ὑπὲρ
969 4256 1074 4308 τῶν
1132 4251 1402 4330 προτέρων
1436 4254 1572 4329 αὒτῇ
1603 4275 1846 4329 μεταμε-

202 4341 368 4408 λῆσαι
422 4339 627 4412 κακῶν,
675 4337 802 4396 ὅλου
852 4360 909 4394 τε
962 4346 1056 4394 τοῦ
1099 4339 1214 4415 βίου
1275 4339 1584 4415 μεταϐολὴν
1629 4344 1718 4399 καὶ
1747 4349 1846 4410 τῆς

204 4431 431 4508 γνώμης
499 4429 750 4491 ἐνθεῖναι,
811 4428 1007 4484 Αὐτίκα
1051 4437 1176 4506 γοῦν
1213 4429 1594 4508 προσελθοῦσα,
1642 4434 1730 4488 καὶ
1773 4434 1846 4496 εἷς

1853 3143 1895 3195 C

1877 2243 1882 2246 -
1919 2202 2202 2284 mire,ubi
2236 2201 2343 2262 tibi
2375 2200 2605 2273 dixero,
2633 2199 2755 2260 illic
2783 2197 3008 2279 pariter
3022 2197 3560 2277 jacebimus.Post-

1917 2311 2095 2374 quam
2124 2309 2261 2353 vero
2287 2290 2389 2350 illa
2412 2305 2754 2350 sermonem
2803 2286 3077 2366 arripuit,
3122 2296 3179 2348 et
3211 2289 3441 2366 rogavit
3470 2288 3563 2349 lo-

1919 2400 2078 2456 cum,
2115 2379 2216 2442 ubi
2247 2381 2360 2441 hoc
2384 2377 2514 2439 ﬁeri
2539 2385 2846 2456 oporteret
2875 2377 3042 2438 :Non
3074 2376 3133 2436 in
3165 2375 3305 2451 alio,
3341 2376 3560 2457 inquit,

1921 2472 2075 2546 loco,
2111 2480 2306 2532 tecum
2339 2465 2720 2544 congrediar,
2784 2464 2900 2526 nisi
2953 2465 3015 2526 in
3050 2466 3248 2526 medio
3280 2465 3556 2528 civitatis.

1921 2561 2040 2625 Sed
2074 2578 2215 2634 non,
2251 2559 2444 2638 inquit
2468 2556 2590 2627 illa,
2626 2555 2854 2634 pudore
2883 2563 3060 2634 atque
3105 2555 3328 2617 rubore
3357 2563 3566 2637 aperte

1919 2651 2253 2713 afﬁciemur
2280 2666 2313 2709 a
2342 2644 2682 2708 videntibus
2736 2644 3105 2719 hominibus,
3139 2643 3190 2704 si
3219 2645 3306 2706 sic
3339 2663 3448 2706 nos
3482 2645 3566 2706 ibi

1915 2741 2224 2821 jaceamus
2247 2737 2310 2798 in
2343 2735 2570 2798 medio?
2598 2733 2782 2813 Capta
2811 2743 3010 2795 autem
3043 2745 3132 2795 est
3159 2733 3399 2810 mulier,
3435 2752 3566 2814 quae

1919 2829 2106 2892 voluit
2135 2845 2352 2907 capere
2376 2823 2771 2905 impatibilem
2801 2832 2859 2885 et
2882 2823 3403 2904 inexpugnabilem
3429 2824 3569 2886 ani-

1923 2936 2101 2993 mam,
2131 2926 2196 2979 ut
2216 2935 2346 2996 quae
2365 2933 2440 2976 ne
2463 2914 2576 2975 hoc
2623 2913 2866 2994 quidem
2894 2914 3156 2992 potuerit
3173 2931 3566 2994 cognoscere,

1921 3008 2078 3089 quod
2105 3003 2576 3068 dicitSalomon:
2607 3001 2781 3065 Oculi
2823 3003 3070 3083 Domini
3099 3002 3385 3066 altissimi
3426 3011 3572 3066 sunt

1921 3093 2476 3159 innumerabilibus
2503 3093 2780 3171 partibus
2806 3091 2930 3153 sole
2957 3091 3433 3170 splendidiores,
3466 3095 3573 3173 qui

1925 3191 2248 3249 intuentur
2272 3201 2474 3244 omnes
2504 3187 2641 3244 vias
2671 3181 2985 3242 hominum
3003 3182 3054 3242 5.

1965 3274 2089 3338 Ἧι.
2104 3272 2248 3336 Cum
2277 3290 2416 3332 vero
2437 3271 2636 3332 statim
2655 3268 2836 3331 veluti
2855 3287 3064 3331 ansam
3079 3270 3342 3342 ,verbum
3360 3289 3574 3351 appre-

1927 3362 2349 3426 hendissetvir
2379 3360 2944 3441 praeclarus,contra
2967 3359 3187 3420 intulit:
3221 3360 3283 3422 Si
3303 3378 3444 3439 ergo
3467 3361 3575 3422 ho-

1932 3454 2157 3513 minum
2177 3449 2462 3530 judicasti
2503 3449 2710 3510 oculos
2735 3447 2882 3508 satis
2905 3465 3037 3509 esse
3074 3448 3148 3509 ad
3181 3449 3410 3529 pudore
3433 3451 3571 3511 afﬁ-

1929 3543 2191 3601 ciendam
2213 3544 2546 3604 animam,et
2569 3558 2599 3598 a
2625 3540 2772 3597 mala
2797 3543 3018 3597 actione
3041 3541 3573 3599 abducendaszei

1931 3628 2162 3702 oculos,
2196 3626 2300 3706 qui
2332 3629 2534 3687 omnia
2563 3626 3020 3704 intuentur,tam
3045 3644 3176 3706 qua;
3208 3626 3362 3688 clam
3395 3645 3573 3707 quam

1933 3736 2067 3795 quae
2089 3724 2296 3796 aperte
2317 3716 2702 3787 ﬁunt,nonne
2724 3713 2909 3774 multo
2931 3715 3118 3793 magis
3134 3714 3570 3796 reverebimur,

1935 3815 1994 3869 et
2024 3805 2618 3877 exstimescemus,et
2641 3821 2673 3864 a
2701 3821 2767 3864 re
2799 3803 2954 3864 mala
2983 3802 3442 3866 abstinebimus:
3476 3805 3575 3886 qui

1931 3914 2172 3977 semper
2195 3893 2506 3955 nobiscum
2527 3893 2891 3955 habitantem
2919 3895 2978 3952 in
3004 3893 3176 3954 nobis
3199 3894 3415 3956 excitat
3440 3913 3577 3955 con-

1932 3985 2338 4058 scientiam,et
2361 4002 2430 4046 ex
2456 4002 2526 4044 ea
2551 3981 2720 4043 nobis
2747 3994 3013 4043 reservat
3037 3991 3332 4044 tormenta
3356 4002 3488 4064 qua
3512 3984 3581 4044 ﬁ-

1932 4095 2072 4137 nem
2101 4093 2219 4136 non
2241 4073 2572 4153 accipiunt?
2597 4071 2735 4133 Hac
2759 4072 3128 4133 suffecerunt
3151 4091 3267 4134 non
3289 4074 3478 4134 solum
3505 4073 3576 4134 ad

1934 4168 2226 4226 meretrici
2275 4165 2772 4238 persuadendum,
2797 4177 2856 4221 ut
2880 4165 3201 4222 abstineaet
3219 4165 3291 4221 ab
3315 4165 3578 4236 improba

1936 4255 1994 4308 in
2015 4265 2149 4308 eum
2173 4251 2433 4315 libidine,
2454 4250 2556 4306 sed
2581 4261 2639 4307 ut
2661 4251 2920 4319 priorum
2945 4249 3118 4306 etiam
3145 4263 3271 4305 eam
3291 4249 3579 4306 malorum

1934 4338 2257 4407 pmniteret,
2285 4344 2339 4392 et
2361 4336 2739 4392 mutationem
2767 4333 2998 4390 aﬂ’erret
3019 4333 3194 4391 totius
3218 4334 3349 4391 vita:
3369 4345 3420 4390 et
3445 4350 3582 4391 scn-

1936 4419 2377 4484 tentiae.Statim
2402 4420 2605 4500 itaque
2632 4417 3020 4493 accedens,et
3045 4418 3212 4480 humi
3239 4419 3579 4501 procidens,

205 4527 310 4597 γῆν
363 4526 620 4592 πεσοῦσα,
655 4519 746 4574 καί
778 4516 954 4574 ποδῶν
988 4517 1188 4574 ἐκείνου
1221 4526 1326 4574 τῶν
1370 4519 1523 4595 ἱερῶν
1570 4521 1822 4595 ἁψαμένη

1935 4523 1995 4578 et
2014 4532 2215 4576 sacros
2238 4513 2398 4574 illius
2421 4514 2611 4594 pedes
2633 4512 3086 4592 tangens,petiit
3105 4512 3334 4574 veniam
3358 4533 3391 4574 a
3408 4515 3582 4575 ratio-

205 4608 534 4686 συγγνώμην
592 4628 647 4662 τε
709 4609 895 4682 ᾐτεῖτο
951 4606 1049 4674 τῆς
1118 4606 1502 4684 ἁλλογωτάτης
1575 4608 1849 4684 ἐπιθυμίας

207 4699 298 4755 καὶ
355 4697 650 4753 ἀκολάστου
694 4695 866 4772 ροπῆς
903 4714 919 4731 ·
953 4697 1042 4752 καὶ
1072 4695 1220 4761 ὅπως
1252 4697 1312 4752 ἃν
1346 4699 1570 4774 γνησίαν
1609 4700 1848 4778 εἰσενεγ-

207 4794 378 4845 κοῦσα
433 4786 532 4851 τὴν
586 4785 892 4859 μετάνοιαν,
940 4785 1039 4850 τῆς
1105 4783 1226 4841 ὁδοῦ
1270 4785 1398 4863 πρὸς
1444 4787 1708 4864 σωτηρίαν
1753 4810 1853 4867 φε-

207 4877 406 4953 ρούσης
466 4875 545 4948 μὴ
604 4871 905 4951 διαμάρτοι,
951 4871 1150 4951 ὁδηγὸν
1197 4875 1353 4930 αὖτὸν
1398 4877 1486 4931 καὶ
1540 4875 1853 4936 διδάσκαλον

208 4964 356 5034 ἠξίου
387 4961 599 5026 λαϐεῖν.
637 4955 693 5020 Ὀ
724 4962 778 5018 δὲ
814 4962 924 5041 (καὶ
953 4968 1066 5025 πῶς
1102 4965 1202 5041 γὰρ
1231 4964 1328 5021 οὐκ
1365 4963 1588 5038 ἔμελλεν
1616 4966 1860 5046 Ἐφρα³ιμ

208 5055 286 5112 ὥν
352 5057 586 5131 ὲκετνος,
650 5053 907 5127 αἰτήμασι
959 5054 1217 5117 τοιούτοις
1291 5053 1518 5130 ἑτοίμως
1573 5057 1860 5135 ὑπηρετεῖν

208 5147 299 5202 καὶ
358 5155 645 5222 παραινεῖν
702 5143 767 5198 τὰ
829 5139 1014 5199 δέοντα
1052 5141 1092 5221 ;)
1138 5144 1228 5199 καὶ
1288 5150 1380 5200 τοῦ
1421 5145 1496 5219 μὴ
1542 5150 1858 5223 πορευθῆναι

207 5232 394 5306 πάλιν,
455 5238 549 5288 τοῦ
601 5231 739 5287 θείου
796 5231 955 5310 φάναι
1016 5224 1292 5310 Ἱερεμίου,
1352 5234 1524 5290 ὀπίσω
1567 5241 1674 5290 τῶν
1705 5235 1858 5292 ἐνθυ-

208 5322 478 5398 μημάτων
532 5319 628 5388 τῆς
690 5318 904 5398 καρδίας
965 5320 1130 5388 αὐτῆς
1163 5327 1263 5388 τῆς
1295 5329 1556 5400 πονηρᾶς,
1593 5322 1733 5400 μηδὲ
1765 5347 1858 5382 κα-

207 5415 568 5492 ταφρονῆσαι,
629 5408 722 5465 τοῦ
781 5407 1104 5488 δευτερῶσαι
1154 5408 1304 5474 ὁδοὺς
1368 5415 1558 5492 αὐτῆς,
1612 5413 1859 5493 ἄσφαλὲ-

291 5580 323 5630 3
354 5575 539 5640 Eccli.
571 5591 736 5653 xxiii,
762 5573 864 5640 28.
950 5577 980 5627 4
1007 5576 1240 5641 Jerem.
1269 5594 1373 5652 vn,
1407 5577 1505 5642 25.

538 5709 804 5769 PATROL.
833 5709 946 5770 Gn.
983 5711 1190 5774 CXIV.

1937 4625 2012 4667 ne
2033 4605 2423 4667 alienissimae
2445 4603 3266 4686 cupiditatis,impudicaaque
3289 4614 3347 4665 et
3367 4606 3584 4667 intem-

1939 4696 2202 4776 perantis
2227 4695 2666 4775 propensionis:
2692 4703 2751 4756 et
2773 4711 3017 4768 ne,cum
3040 4712 3238 4756 veram
3265 4703 3323 4755 et
3352 4714 3584 4773 germa-

1939 4805 2073 4846 nam
2101 4785 2395 4846 attulisset
2450 4785 2884 4865 poenitentiam,
2948 4803 2982 4845 a
3031 4785 3124 4846 via
3153 4803 3285 4864 quae
3311 4786 3478 4847 ducit
3509 4786 3583 4848 ad

1940 4875 2190 4936 salutem
2213 4873 2688 4946 aberraret,eum
2711 4874 2931 4936 ducem
2957 4875 3372 4952 etmagistrum
3399 4874 3586 4936 voluit

1941 4965 2240 5044 accipere.
2277 4965 2384 5026 Ille
2441 4972 2639 5026 autem
2679 4963 3002 5045 (quomodo
3036 4964 3222 5038 enim,
3261 4983 3395 5025 cum
3430 4974 3587 5026 esset

1941 5055 2043 5117 ille
2072 5053 2374 5134 Ephraam,
2411 5073 2528 5116 non
2555 5061 2682 5114 erat
2706 5052 2924 5115 talibus
2951 5054 3251 5134 pariturus
3279 5054 3585 5134 petitioni-

1941 5144 2078 5218 bus,
2111 5152 2169 5204 et
2195 5161 2285 5218 ea,
2312 5161 2442 5224 quae
2467 5161 2574 5224 par
2594 5143 3167 5222 erat,admoniturus
3192 5144 3243 5224 ?)
3274 5163 3348 5206 ne
3379 5163 3589 5206 rursus

1941 5233 2377 5310 ambularet,ut
2397 5253 2531 5295 cum
2559 5233 2754 5294 divino
2776 5231 2971 5294 dicam
2995 5234 3278 5310 Jeremia,
3317 5243 3449 5315 post
3477 5255 3584 5299 co-

1944 5324 2263 5405 gitationes
2284 5323 2486 5386 cordis
2503 5323 2592 5384 sui
2621 5322 2760 5384 mali
2785 5324 3043 5402 4,neque
3066 5327 3591 5396 contemneret,ita

1948 5425 2010 5478 ut
2030 5415 2154 5476 vias
2177 5414 2414 5495 priores
2439 5413 2951 5494 repeteret,praeci
2961 5412 3045 5494 pit
3069 5417 3591 5497 egregie,eamque

3192 5715 3272 5778 40
