3954 6146
228 276 402 352 1261

1475 292 1662 366 VITA
1707 299 1767 367 S.
1817 297 2152 370 EPHRJEM
2197 298 2396 371 SYRI.

3463 312 3485 379 1
3499 311 3615 380 262

213 422 448 501 τόμως,
505 423 593 479 καὶ
633 429 857 481 τοσοῦτο
899 419 1056 483 αὐτὸν
1099 429 1134 496 ἡ
1182 433 1286 486 τῶν
1320 430 1703 511 ἐνθυμημάτων
1748 461 1850 496 συν

1965 447 2084 502 tam
2115 439 2360 518 copiose
2385 446 2448 501 et
2465 447 2584 502 tam
2607 440 2991 504 vehementer
3013 442 3290 524 Ephraem
3318 445 3614 512 ﬂuxerunt

211 509 405 591 έχεια
449 510 796 583 ἐπικλύζουσα
839 513 927 588 ἧν,
965 517 1038 581 ὡς
1070 515 1204 593 μηδὲ
1251 521 1350 588 τὴν
1402 509 1644 600 γλῶτταν
1686 531 1879 593 ἱκανῶς

209 597 392 697 ἔχειν
441 601 736 697 ὑπηρετεῖν
773 607 851 674 τῷ
900 603 1058 697 τάχει
1101 613 1206 665 τῶν
1258 597 1545 684 νοημάτων
1580 631 1594 646 ⁶
1641 618 1879 697 καίτοιγε

205 689 457 778 τοιαύτῃ
490 689 840 768 κεχρημένην
871 693 1046 770 εὐροίᾳ
1080 697 1196 774 περὶ
1226 699 1286 754 τὸ
1345 697 1541 778 λέγειν,
1590 706 1679 762 καὶ
1710 689 1876 772 οὕτως

202 777 558 852 ἑτοιμότατα
601 780 662 834 τὸ
711 783 897 846 νοηθὲν
940 777 1429 864 ἀπαγγέλλουσαν,
1455 777 1531 855 ὡς
1587 793 1757 868 μηδὲν
1799 797 1875 861 εἰς

200 865 439 956 ’τάχους
486 865 650 944 λόγον
704 869 871 956 αὐτὴν
930 871 1312 933 ἀπολείπεσθαι
1379 885 1484 935 τῶν
1527 865 1654 956 παρ’
1685 881 1875 948 ἄλλοις

202 954 643 1030 ἐνθυμημάτων,
704 955 873 1016 "uate
925 960 1173 1019 κάκεῖνον
1257 964 1471 1044 λέγεταί
1529 954 1659 1027 ποτε
1716 974 1875 1052 φάναι

201 1045 367 1120 πρὸς
423 1046 514 1101 τὸν
561 1045 693 1102 Θεόν
728 1064 742 1081 ο
798 1045 984 1122 νΑνες,
1018 1051 1063 1106 ὦ
1095 1053 1361 1131 Δέσποτα,
1393 1063 1492 1124 τῆς
1525 1045 1751 1139 χάριτός
1781 1084 1876 1120 σου

202 1133 286 1188 τὰ
356 1134 588 1207 κύματα.
635 1137 770 1192 Ὑπὸ
819 1137 920 1214 γὰρ
963 1140 1062 1206 τὴν
1098 1140 1346 1219 γλῶσσαν
1397 1148 1430 1214 ἡ
1608 1133 1874 1208 ⁷διδσισοισιηι-

205 1219 351 1284 λίας
409 1220 633 1288 ἄϐυσσος
690 1222 1072 1302 πελαγίζουσα,
1135 1231 1342 1308 στέγειν
1416 1237 1573 1293 αὐτὸν
1632 1242 1726 1298 οὐκ
1784 1241 1874 1297 εἷά

203 1307 446 1390 λοιπὸν,
479 1313 586 1368 τῶν
614 1315 746 1390 πρὸς
778 1315 840 1370 τὸ
893 1314 1069 1394 λέγειν
1119 1307 1358 1398 ὁργάνων
1404 1327 1499 1383 οὐκ
1541 1328 1870 1408 ὑπουργούν-

201 1419 361 1461 των.

301 1478 372 1550 1⁸.
409 1487 706 1547 Ἐπέοιοπτε
732 1490 787 1549 δὲ
810 1494 933 1557 τοὺς
964 1494 1156 1574 λόγους
1188 1497 1364 1580 ἕτερον
1397 1503 1494 1578 μὲν
1525 1504 1695 1586 οὐδὲν,
1730 1509 1870 1588 εὐχὴ

195 1575 262 1632 δὲ
315 1579 464 1652 μόνη
500 1597 518 1616 ⁸
563 1582 650 1636 καὶ
693 1582 893 1651 ταύτην
933 1585 998 1640 τὰ
1053 1575 1465 1666 δάκρυαίΑῗ-τε
1496 1575 1870 1658 νῦκτεςσαύτύν

1963 529 2184 618 ﬂuenta
2233 529 2538 618 orationis,
2591 537 2651 591 et
2702 549 2834 592 eum
2882 539 3052 595 tanta
3099 543 3157 596 et
3205 534 3282 596 ita
3329 548 3614 618 perpetua

1962 616 2256 680 obruebat
2286 617 2376 680 vis
2406 617 2757 697 cogitaram,
2794 627 2859 680 ut
2888 639 3000 682 nec
3029 622 3174 683 satis
3205 616 3451 700 quidem
3480 636 3612 706 post

1961 713 2053 766 set
2075 706 2207 786 ejus
2228 707 2427 795 lingua
2447 707 2672 769 servire
2699 707 2992 770 celeritati
3023 728 3254 786 eorum,
3280 732 3414 794 quae
3443 715 3610 795 cogi-

1963 803 2136 869 tarat,
2170 794 2405 858 tametsi
2425 800 2555 874 ejus
2577 805 2702 857 erat
2725 804 2923 859 tantus
2946 798 3004 859 in
3029 799 3283 862 dicendo
3307 794 3609 881 ﬂuxus,et

1963 891 2080 945 tam
2096 891 2370 964 prompte
2386 883 2731 946 enuntiabat
2747 885 2998 965 id,quod
3014 896 3213 951 mente
3223 903 3603 972 conceperat,

1961 979 2024 1033 ut
2054 989 2172 1034 non
2207 972 2404 1034 minus
2429 973 2713 1063 celeriter
2732 992 3024 1063 sermone
3055 977 3406 1058 explicaret,
3427 1001 3603 1063 quam
3649 1028 3661 1040 .

1959 1059 2059 1122 alii
2111 1061 2462 1140 cogitarent.
2499 1061 2896 1134 Quamobrem
2953 1063 3172 1129 dicitur
3221 1069 3270 1129 is
3324 1059 3604 1133 Deo'ali-

1957 1149 2194 1229 quando
2226 1149 2448 1212 dixisse
2482 1168 2496 1212 :
2531 1149 2810 1225 Remitte,
2845 1171 2879 1212 ο
2923 1152 3194 1226 Domine,
3254 1158 3441 1221 undas
3489 1169 3604 1223 tuae

1955 1240 2177 1316 gratiae.
2195 1239 2463 1320 Abyssus
2486 1240 2647 1302 enim
2669 1240 2978 1317 doctrinae,
2996 1261 3126 1323 qua;
3152 1245 3405 1324 linguam
3428 1247 3602 1311 inun-

1955 1326 2153 1398 dabat,
2212 1348 2333 1391 non
2385 1329 2618 1392 sinebat
2645 1348 2779 1392 eum
2812 1332 3068 1412 amplius
3096 1336 3428 1414 continere,
3463 1357 3597 1401 cum

1955 1417 2028 1478 ad
2061 1417 2385 1480 dicendum
2420 1419 2668 1480 minime
2699 1420 2992 1483 servirent
3022 1423 3437 1487 instrumenta.

2036 1506 2108 1568 Χ.
2143 1508 2307 1569 Illius
2326 1517 2524 1570 autem
2551 1509 2881 1570 orationem
2908 1510 3057 1572 nihil
3080 1511 3238 1573 aliud
3269 1515 3594 1578 interrum-

1955 1595 2130 1675 pebat
2153 1597 2264 1658 nisi
2285 1597 2579 1677 precatio:
2603 1616 2732 1659 eam
2749 1600 3246 1680 verolacrymw.N
3253 1611 3416 1666 octes
3428 1623 3591 1684 vero,

193 1674 590 1760 γρηγορούντα
645 1670 1182 1752 παραλαμϐάνουσαι,
1236 1681 1497 1760 νήφοντα
1575 1683 1734 1740 πάλιν
1790 1694 1868 1760 τῷ

1952 1702 2082 1766 quae
2101 1685 2296 1765 ipsum
2327 1685 2701 1766 excipiebant
2719 1688 3082 1767 vigilantem,
3109 1689 3222 1752 luci
3247 1692 3365 1753 diei
3387 1711 3596 1757 rursus

190 1762 310 1846 τῆς
379 1757 585 1836 ἡμέρας
632 1759 775 1846 φωτΐ
822 1761 1188 1846 παρεδίδοσαν,
1234 1757 1353 1825 οἷα.
1386 1772 1478 1826 τὸν
1524 1780 1612 1829 τοὺ
1641 1757 1863 1841 σκότους

189 1841 460 1939 ἄρχοντα
488 1845 880 1939 ,ὑπειδόμενοημ
929 1852 1006 1925 μὴ
1049 1856 1137 1910 καὶ
1173 1841 1480 1915 ⁷καταλάϐοι
1527 1861 1684 1918 αὐτὸν
1714 1863 1861 1939 ὕπνῳ

191 1933 594 2011 πεπεδημένον
629 1952 644 1967 ⁶
703 1939 790 1994 καὶ
836 1937 920 1995 διὰ
949 1948 1106 1999 τοῦτο
1138 1946 1267 2018 πρὸς
1298 1947 1397 2014 τὴν
1431 1946 1616 2028 ἔφοδον
1660 1933 1861 2010 ἐκείνου

190 2026 576 2122 εἴρηγορότα.
655 2026 860 2122 ’Ὑπνος
946 2031 1067 2122 γὰρ,
1120 2034 1262 2107 αὐτῷ
1320 2040 1406 2092 καὶ
1466 2026 1583 2095 λίαν
1655 2041 1862 2122 βραχὺς

194 2111 454 2192 ἐξηρκει,
506 2116 944 2193 παραγευόμενος
999 2121 1183 2194 μόνον,
1244 2127 1339 2182 οὐκ
1377 2127 1449 2191 εἷς
1505 2111 1665 2205 κόρον
1692 2111 1864 2204 ἀὐτῷ

193 2202 504 2280 χρώμενος
539 2219 555 2234 ·
645 2205 732 2260 καὶ
817 2213 1093 2283 τοσοῦτος,
1152 2209 1277 2268 ὅσον
1335 2213 1496 2272 αὐτοῦ
1555 2202 1862 2296 διακρατεῖν

198 2290 525 2386 ἀναγκαίως
566 2292 664 2348 καί
712 2295 960 2374 συνέχειν
988 2298 1050 2354 τὸ
1081 2304 1237 2386 σῶμα
1267 2315 1384 2366 τοῖς
1417 2303 1646 2370 πολλοῖς
1679 2290 1860 2386 ίδρῶσι

196 2380 295 2436 Ασὶ
347 2381 535 2446 πόνοις
579 2386 1046 2459 κατατεινόμενον.
1083 2385 1284 2446 Ἐποίει
1342 2393 1441 2470 γὰρ
1497 2380 1858 2473 φεόγεινάὐ-

190 2478 298 2529 τού
361 2471 488 2532 τοὺς
532 2469 834 2550 ὀφθαλμοὺς
864 2475 958 2529 τὸν
990 2473 1178 2556 ὕπνον,
1213 2478 1390 2536 πολλὰ
1416 2469 1522 2556 μὲν
1563 2469 1650 2540 καὶ
1689 2483 1851 2560 ἄλλα,

186 2557 445 2633 μάλιστα
477 2557 532 2614 δὲ
561 2561 851 2638 χαμευνία,
885 2561 1288 2647 σκληραγωγία,
1326 2571 1411 2626 καὶ
1469 2573 1504 2639 ἡ
1537 2557 1853 2644 παντοδαπῆ

187 2654 290 2704 τοῦ
324 2649 581 2724 σώματος
614 2649 760 2716 τῆξις
795 2649 996 2728 ἐκείνη,
1026 2655 1113 2710 καὶ
1143 2657 1407 2722 κάκωσις.

279 2823 408 2886 ΙΑ¹.
466 2824 880 2900 Ἀκτημοσύνης
939 2827 992 2885 δὲ
1051 2832 1306 2899 τοσοῦτος
1349 2835 1494 2911 αὐτῷ
1551 2839 1848 2922 συνελέχθη

185 2913 460 2993 πλοῦτος,
491 2913 629 2970 ὥστε
659 2917 746 2972 καὶ
778 2917 1016 2995 μάρτυρα
1045 2920 1135 2977 ἔπ’
1183 2926 1327 2997 αὐτῷ
1354 2927 1414 2982 τὸ
1444 2929 1646 2986 οἰκεῖον
1676 2913 1850 3007 στόμα

188 3000 561 3080 παραλαϐεῖν,
626 3006 714 3060 γαὶ
760 3006 826 3060 τὰ
888 3009 1018 3085 πρὸς
1060 3023 1182 3073 ταῖς
1242 3010 1503 3092 ἐσχάταις
1549 3000 1847 3085 ἀναπνοαῖς

190 3093 364 3150 αὐτοῦ
417 3091 655 3169 ῥήματα,
716 3111 790 3149 ων
846 3096 992 3152 οὐδὲν
1045 3091 1495 3180 ἀξιοπιστότεόον,
1556 3107 1592 3175 ἢ
1643 3108 1843 3177 ἀληθέ-

1887 1827 1924 1876 Β

1947 1773 2280 1837 reddebant
2315 1773 2578 1836 sobrium
2607 1797 2619 1834 :
2645 1784 2710 1837 ut
2741 1778 2838 1858 qui
2863 1787 3185 1854 vereretur,
3218 1799 3293 1842 ne
3314 1783 3594 1863 princeps

1946 1864 2333 1927 tenebrarum
2351 1883 2485 1925 eum
2501 1883 2709 1926 somno
2723 1867 3071 1947 impeditum
3087 1868 3590 1950 deprehenderet,

1947 1960 2005 2015 et
2035 1953 2170 2016 ideo
2201 1953 2464 2032 vigilaret
2499 1954 2782 2016 adversus
2823 1956 2952 2034 ejus
2981 1956 3262 2021 insultus.
3318 1957 3386 2021 Ei
3431 1963 3589 2024 enim

1947 2042 2284 2105 sufﬁciebat
2329 2061 2574 2105 somnus
2608 2044 2691 2106 vel
2721 2043 3131 2120 brevissimus,
3183 2056 3254 2106 ut
3301 2049 3402 2129 qui
3451 2055 3588 2112 eum

1948 2131 2140 2193 solum
2175 2132 2385 2195 leviter
2404 2139 2690 2211 gustaret,
2726 2151 2842 2194 non
2869 2142 3144 2196 uteretur
3168 2143 3363 2198 autem
3386 2139 3458 2199 ad
3491 2159 3590 2202 sa-

1949 2220 2237 2295 tietatem,
2258 2221 2364 2282 sed
2391 2230 2639 2296 tantum,
2667 2230 2948 2302 quantum
2982 2224 3123 2285 satis
3154 2233 3333 2300 esset,
3367 2227 3440 2288 ad
3473 2246 3585 2290 ne-

1944 2309 2208 2372 cessario
2239 2310 2663 2372 continendum
2686 2328 2927 2390 corpus,
2953 2311 3114 2392 quod
3151 2313 3353 2376 multis
3385 2317 3585 2379 inten-

1946 2399 2195 2461 debatur
2220 2398 2539 2460 sudoribus
2569 2407 2628 2461 et
2657 2399 2984 2462 laboribus.
3038 2399 3111 2463 Ut
3139 2403 3300 2462 enim
3346 2405 3418 2466 ab
3452 2407 3586 2485 ejus

1941 2487 2130 2549 oculis
2172 2489 2403 2567 fugeret
2446 2506 2713 2562 somnus,
2766 2489 3064 2552 faciebant
3109 2491 3348 2571 quidem
3404 2497 3585 2557 multa

1941 2577 2116 2640 etiam
2151 2577 2300 2654 alia;
2338 2577 2592 2640 maxime
2621 2587 2815 2640 autem
2849 2579 3280 2656 humicubatio,
3308 2583 3441 2644 vitm
3469 2603 3578 2646 au-

1939 2667 2197 2742 steritas,
2249 2665 2468 2747 illaque
2517 2669 2673 2729 varia
2703 2674 2762 2730 et
2793 2667 3096 2750 multiplex
3127 2672 3401 2750 corporis
3429 2691 3579 2736 con-

1938 2755 2196 2834 sumptio
2227 2762 2285 2816 et
2315 2754 2576 2818 afﬂictio.

2015 2842 2114 2906 Xl.
2138 2843 2297 2905 Nihil
2323 2861 2460 2905 vero
2487 2844 2830 2925 possidendi
2855 2851 3028 2907 tantae
3049 2854 3184 2907 sunt
3204 2846 3279 2908 ab
3302 2865 3374 2910 eo
3397 2850 3579 2914 colle~

1933 2939 2042 2994 ctaa
2071 2931 2317 3003 divitiae,
2353 2940 2416 2994 ut
2436 2934 2507 2995 ad
2539 2933 2599 2994 id
2624 2941 2958 2996 assumatur
2990 2933 3111 2994 oris
3143 2935 3270 3014 ejus
3305 2939 3576 3002 testimo-

1933 3021 2186 3098 nium,et
2207 3023 2382 3084 verba
2395 3040 2532 3100 quae
2551 3021 2624 3083 ab
2644 3040 2714 3082 eo
2737 3022 2894 3085 dicta
2917 3031 3052 3084 sunt
3072 3023 3133 3083 in
3155 3032 3420 3088 extremo
3444 3029 3577 3106 ejus

1928 3110 2165 3191 spiritu,
2191 3111 2409 3192 quibus
2436 3111 2584 3172 nihil
2607 3122 2698 3174 est
2721 3112 2839 3173 (ide
2859 3112 3097 3190 dignius
3113 3123 3217 3174 aut
3237 3115 3454 3178 verius.
3471 3118 3571 3180 Sic

191 3201 414 3284 στερον.
446 3180 611 3261 ’Ἔχει
642 3179 696 3284 δέ
726 3183 891 3284 «ﬁrm:
927 3204 943 3221 ⁶
978 3190 1086 3246 Οὐκ
1115 3189 1312 3271 ὑπῆρξε
1343 3213 1418 3268 τῳ
1446 3197 1688 3276 Ἐφραῖμ
1719 3222 1845 3256 ποτε

1946 3179 2128 3262 autem
2151 3179 2383 3262 habent
2414 3222 2428 3261 :
2465 3199 2738 3281 Ephraem
2772 3179 3076 3281 nunqvuam
3119 3201 3226 3264 fuit
3255 3221 3563 3284 crumena,

191 3270 522 3365 βαλάντιον,
563 3275 623 3330 οὐ
663 3269 876 3365 ῥαϐλδος,
931 3277 997 3365 οὐ
1047 3269 1238 3357 πήρα,
1271 3279 1386 3337 οὐτε
1437 3269 1844 3365 μὴνάρνύριον,

193 3357 322 3415 οὔτε
360 3361 578 3439 χρυσίον
610 3377 626 3392 ⁶
687 3359 842 3418 Ἀλλ’
885 3363 1002 3420 οὐδέ
1043 3388 1161 3423 τινα
1206 3374 1395 3436 κτῆσιν
1438 3357 1525 3428 επὶ
1586 3357 1846 3455 riis-713%

191 3447 543 3544 ἐκτησάμην.
579 3450 820 3544 Τούμγὰρ
878 3451 1078 3530 ἀγαθοῦ
1135 3458 1401 3524 Βασιλέως
1435 3460 1655 3538 ἥκουσα,
1690 3447 1843 3544 φησὶ,

189 3536 246 3594 ἐν
281 3551 406 3599 τοῖς
440 3537 785 3616 Εὐαγγελίοις
829 3554 947 3606 τοῖς
980 3545 1168 3601 ἑαυτοῦ
1211 3551 1482 3622 μαθηταῖς
1526 3536 1844 3612 emam;

185 3647 281 3693 τος
317 3647 331 3660 ·
396 3626 575 3694 Μηδὲν
606 3627 692 3684 ἐπὶ
732 3631 828 3696 τῆς
874 3632 976 3708 γῆς
1010 3635 1280 3704 κτήσησθε
1310 3653 1324 3668 ⁸
1360 3637 1477 3695 ὅθεν
1509 3640 1627 3698 οὐδὲ
1661 3643 1842 3720 ἐμπα-

183 3718 293 3781 θῶς
355 3715 527 3794 ἔσχον
568 3738 618 3773 τι
653 3725 889 3780 τοιούτο.
939 3721 1121 3787 Οὕτως
1165 3723 1402 3784 ἐπείθετο
1432 3730 1604 3788 πάντα
1633 3715 1711 3807 τῷ
1744 3742 1840 3790 Δι-

184 3802 476 3900 δασκάλω,
509 3809 606 3862 καὶ
668 3810 918 3878 ζηλωτὴς
951 3809 1118 3876 ὅντως
1148 3817 1238 3871 καὶ
1274 3819 1519 3892 μιμητὴς
1548 3826 1654 3877 τῶν
1684 3802 1841 3900 πρώ-

180 3915 294 3950 των
326 3894 536 3952 ἐκείνου
567 3898 821 3970 μαθητῶν
852 3897 1138 3966 ἐδείκνυτο.

267 3983 381 4046 IB'.
419 3987 924 4079 Ταπεινοφροσύνην
980 3987 1059 4064 δὲ,
1106 3994 1195 4050 καὶ
1253 3993 1536 4074 συντριϐὴν
1594 3999 1832 4079 καρδίας,

180 4074 271 4168 παὶ
319 4073 670 4168 μετριότητα,
704 4075 982 4168 τίς-,οὕτω
1033 4081 1196 4146 πολὺς
1253 4083 1358 4164 ἀεὶ,
1383 4073 1494 4143 γκαὶ
1522 4073 1714 4168 θερμύς
1748 4073 1834 4150 καί

182 4158 430 4254 ὰπμαῖος
471 4183 489 4240 ;
529 4165 620 4254 ⁸ὡς
679 4164 877 4224 σποδὸν
947 4170 1048 4244 μὲν
1104 4173 1230 4229 ὡσεῖ
1290 4158 1446 4253 ἄρτον
1504 4158 1714 4254 ἐσθίειν,
1775 4182 1836 4236 τὸ

180 4250 340 4342 πόμα
494 4250 747 4342 ξλαυθμῷ
795 4264 1102 4336 συγκιρνᾷν,
1166 4262 1254 4319 καὶ
1283 4249 1414 4342 πρὸς
1445 4265 1545 4340 μὲν
1589 4249 1836 4336 ἐπαίνους

181 4336 304 4397 λίαν
365 4338 603 4406 εὐλαϐῶς
641 4339 813 4422 ἔχειν,
861 4349 949 4402 καὶ
987 4349 1108 4413 τοὺς
1157 4336 1525 4431 εὐφημοῦντας
1571 4357 1730 4413 αὐτὸν
1773 4358 1833 4416 οὐ

180 4428 350 4521 μόνον
413 4431 538 4521 οὐχι
595 4435 924 4514 προσίεσθαι,
986 4436 1125 4493 ἀλλὰ
1206 4428 1293 4496 λαὶ
1349 4446 1587 4521 φανερῶς
1647 4448 1831 4512 αὐτοῖς

1931 3307 2048 3351 non
2071 3289 2256 3366 virga,
2281 3308 2400 3352 non
2423 3307 2587 3370 pera,
2615 3308 2810 3370 neque
2830 3309 3063 3366 aurum,
3090 3309 3200 3352 nec
3219 3303 3564 3374 argentum.

1928 3377 2048 3439 Sed
2068 3395 2178 3439 nec
2197 3377 2257 3438 in
2279 3386 2434 3440 terra
2452 3378 2631 3439 ullam
2657 3377 2837 3439 habui
2858 3379 3318 3458 possessionem.
3336 3381 3567 3446 Bonum

1931 3466 2089 3528 enim
2116 3465 2339 3546 Regem
2365 3466 2823 3546 audivi,inquit,
2851 3468 2912 3528 in
2935 3473 3056 3528 suis
3070 3466 3401 3546 Evangeliis
3424 3491 3571 3551 prae-

1929 3555 2252 3635 cipientem
2278 3556 2590 3636 discipulis
2610 3557 2672 3617 5:
2696 3554 2855 3616 Nihil
2883 3557 2941 3616 in
2971 3565 3126 3617 terra
3152 3560 3567 3637 possederitis.

1927 3642 2218 3716 Quocirca
2249 3663 2362 3707 nec
2391 3645 2708 3706 affectione
2749 3643 2988 3722 quidem
3021 3644 3136 3706 tale
3169 3645 3310 3726 quid
3363 3649 3566 3712 habui.

1926 3730 2015 3793 Ita
2049 3733 2332 3812 Magistro
2363 3732 2610 3814 parebat
2639 3733 2702 3794 in
2728 3733 3026 3809 omnibus,
3062 3741 3123 3796 et
3152 3751 3218 3795 se
3248 3753 3388 3799 vere
3410 3756 3569 3819 prae-

1925 3819 2056 3882 buit
2081 3820 2443 3885 imitatorem
2478 3821 2810 3903 primorum
2842 3821 3006 3884 illius
3039 3822 3502 3903 discipulorum.

1999 3998 2127 4065 XIl.
2163 3995 2228 4061 In
2261 3999 2606 4063 humilitate
2637 4008 2833 4064 autem
2869 4008 2927 4062 et
2949 4001 3148 4064 cordis
3171 4004 3561 4084 contritione,

1920 4095 1980 4150 et
2010 4089 2448 4165 moderatione,
2485 4091 2618 4171 quis
2647 4090 3043 4170 frequentius,
3078 4097 3178 4152 aut
3207 4099 3435 4171 acrius,
3465 4103 3567 4156 aut

1921 4175 2243 4256 perfectius
2273 4185 2365 4238 est
2395 4185 2666 4240 versatus
2692 4177 2717 4239 ?
2745 4177 2894 4238 adeo
2924 4185 2991 4239 ut
3025 4178 3288 4241 cinerem
3320 4181 3564 4261 quidem

1921 4271 2200 4346 tanquam
2232 4284 2452 4347 panem
2497 4266 2864 4342 comederet,
2917 4275 3120 4346 potum
3175 4277 3372 4330 autem
3425 4289 3560 4333 cum

1921 4354 2060 4416 lictu
2095 4354 2402 4419 misceret.
2437 4357 2670 4418 Laudes
2700 4373 2842 4419 vero
2872 4356 3040 4418 valde
3081 4357 3332 4435 vitabat;
3366 4367 3425 4421 et
3455 4379 3559 4422 eos

1917 4443 2020 4525 qui
2043 4461 2182 4508 eum
2206 4443 2528 4507 laudabant
2551 4464 2671 4507 non
2695 4446 2887 4507 solum
2920 4464 3039 4507 non
3071 4446 3562 4524 admittebat,sed

181 4513 472 4595 ἄχθεσθαι,
504 4518 684 4600 ὥσπερ
716 4535 832 4586 τοῖς
889 4513 1237 4601 διωμῳδούσιν
1289 4513 1590 4609 ἕτέροςααὲ
1649 4533 1832 4592 λοιδο-

1946 4513 2006 4594 eis
2030 4533 2205 4594 etiam
2229 4541 2437 4614 aperte
2467 4534 2883 4611 succensebat,
2918 4543 2982 4596 ut
3009 4535 3162 4597 alius
3189 4536 3261 4598 iis
3290 4538 3389 4618 qui
3418 4513 3560 4600 irri-

184 4606 467 4684 ρουμένοις
503 4626 520 4644 ο
567 4607 803 4688 ἐρυθριᾷν
858 4634 940 4694 τε,
1003 4617 1090 4672 καὶ
1148 4618 1222 4680 εἷς
1281 4606 1387 4696 γῆν
1443 4619 1684 4703 βλέπειν,
1745 4626 1832 4682 καὶ

183 4696 364 4792 ᾎρόαν
425 4697 522 4772 μὲν
571 4696 766 4792 ἄλλοτε
797 4700 968 4770 ἄλλην
997 4709 1096 4771 τῆς
1126 4705 1303 4782 ὅψεως
1335 4696 1574 4783 ἀμείϐειν
1610 4731 1624 4744 ·
1655 4696 1829 4792 ἱδρῶτι

183 4782 240 4839 δὲ
293 4784 480 4860 λεπτῷ
533 4788 837 4867 στάζεσθαι,
900 4795 996 4850 καῖ
1039 4795 1320 4859 παντελῶς
1381 4797 1592 4878 ἄφωνον
1623 4782 1828 4879 μένειν,

184 4875 428 4971 καθάπερ
477 4880 574 4943 τῆς
600 4878 868 4971 αἰσχύνης
913 4883 1056 4958 αὐτῷ
1099 4886 1197 4952 τὴν
1253 4875 1440 4965 φωνὴν
1493 4875 1826 4971 επεχούσηςξ

185 4963 286 5059 Eat
357 4970 514 5059 τούτο
595 4965 650 5020 δὲ
733 4973 832 5036 τῆς
887 4969 1094 5039 πολλῆς
1156 4963 1314 5033 αὐτοῦ
1374 4963 1827 5059 μετριοφροσύνης

181 5047 349 5146 ἴδιον.
412 5052 556 5146 "Hdt,
616 5056 718 5136 γὰρ
794 5057 1006 5134 μέλλων
1078 5062 1344 5143 ἀπαίρειν,
1375 5047 1624 5126 ⁷τοιίσιῠτεα
1693 5047 1831 5146 μετὰ

182 5140 415 5230 σφοδρᾶς
475 5142 842 5221 ἐπιτιμήσεως
913 5140 1268 5222 επισκήπτων
1325 5140 1398 5222 Ἵῆν
1434 5174 1451 5192 ο
1515 5159 1604 5225 Μὴ
1661 5140 1828 5230 ᾅσητε

183 5228 334 5322 ᾆσμα
389 5234 480 5290 hri
527 5233 798 5316 'Eqapa’tp,
843 5237 941 5294 καί
972 5239 1378 5319 ἐγκωμιάσητε,
1415 5246 1493 5322 μὴ
1537 5228 1828 5306 πολυτελεῖ

183 5315 451 5418 ἔνθαψητε
508 5322 961 5418 ἱματισμῷλμῆῌ
984 5315 1087 5402 ἰδίᾳ
1122 5315 1214 5405 ήτῷ
1265 5315 1473 5408 σώματί
1516 5358 1619 5412 μου
1661 5338 1829 5418 τάφον

185 5403 507 5488 ἐργάσησθε.
568 5412 738 5492 Λόγον
785 5403 884 5496 qd?
937 5414 1054 5495 ἔχω
1101 5403 1238 5497 μετὰ
1303 5403 1459 5499 Θεοῦ,
1517 5403 1830 5495 αὐλισθῆναί

263 5571 296 5620 5
327 5571 531 5634 Matth.
565 5588 628 5649 x,
654 5573 694 5632 9
725 5597 743 5650 ;
775 5573 920 5641 Luc.
952 5592 1033 5656 Ix,
1067 5578 1126 5642 3.

1915 4622 2062 4684 dent
2079 4631 2136 4683 et
2153 4622 2486 4684 maledictis
2501 4624 2920 4705 insequuntur;
2937 4624 3322 4689 erubesceret
3335 4635 3556 4704 autem,

1913 4720 1972 4774 et
1994 4719 2215 4773 terram
2240 4711 2562 4792 aspiceret,
2599 4722 2658 4775 et
2678 4713 2875 4775 vultus
2905 4714 3170 4775 colorem
3203 4716 3348 4777 alias
3372 4716 3552 4778 alium

1916 4808 2214 4864 mutaret:
2241 4800 2405 4864 tenui
2429 4809 2624 4863 autem
2650 4803 2871 4864 sudore
2893 4802 3286 4880 dililueret,et
3313 4811 3557 4867 omnino

1915 4897 2116 4953 mutus
2146 4898 2439 4965 maneret,
2500 4890 2726 4969 pudore
2755 4893 2884 4972 ejus
2922 4908 3122 4954 vocem
3179 4892 3358 4953 veluti
3405 4898 3554 4956 reti-

1911 4989 2117 5043 nente.
2133 4978 2320 5041 Porro
2343 4987 2541 5041 autem
2565 4980 2678 5042 hoc
2701 4998 2936 5062 quoque
2958 4986 3086 5043 erat
3105 4980 3413 5062 proprium
3438 4999 3560 5045 ma-

1912 5086 2043 5147 gnae
2065 5069 2196 5148 ejus
2220 5068 2614 5130 moderationi
2638 5080 2833 5151 atquae
2853 5069 3182 5132 modestiae.
3217 5069 3361 5133 Cum
3393 5071 3553 5134 enim

1905 5157 2032 5237 jam
2055 5164 2214 5220 esset
2235 5156 2526 5235 abiturus,
2554 5158 2678 5220 haec
2699 5177 2833 5221 cum
2869 5176 3079 5239 magna
3107 5160 3424 5224 mandabat
3455 5163 3555 5224 in-

1912 5245 2258 5328 crepatione
2325 5263 2340 5306 :
2416 5245 2505 5308 Ne
2575 5247 2870 5309 canticum
2941 5247 3284 5310 cecineritis
3373 5267 3556 5331 super

1910 5335 2209 5417 prraam,
2233 5351 2430 5415 neque
2463 5351 2600 5397 eum
2626 5335 3027 5399 laudaveritis.
3053 5335 3140 5399 Ne
3167 5355 3264 5402 me
3293 5339 3555 5420 pretiosa

1908 5433 2074 5490 veste
2101 5421 2446 5487 indueritis.
2489 5421 2576 5487 Ne
2604 5443 2876 5489 seorsum
2910 5442 3046 5488 meo
3078 5430 3317 5508 corpori
3349 5429 3551 5510 sepul-
