  <div class='ocr_page' id='page_1' title='image "/cluster/home/n/w/nwhite01/storage/ocr_20150623/114/mdp.39015028574344/649.png"; bbox 0 0 3954 6146; ppageno 0'>
   <div class='ocr_carea' id='block_1_1' title="bbox 388 263 542 330">
    <p class='ocr_par' dir='ltr' id='par_1_1' title="bbox 388 263 542 330">
     <span class='ocr_line' id='line_1_1' title="bbox 388 263 542 330; baseline 0 0"><span class='ocrx_word' id='word_1_1' title='bbox 388 263 542 330; x_wconf 77' lang='grc'><strong>1263</strong></span> 
     </span>
    </p>
   </div>
   <div class='ocr_carea' id='block_1_2' title="bbox 1642 244 2472 325">
    <p class='ocr_par' dir='ltr' id='par_1_2' title="bbox 1642 244 2472 325">
     <span class='ocr_line' id='line_1_2' title="bbox 1642 244 2472 325; baseline -0.005 -1"><span class='ocrx_word' id='word_1_2' title='bbox 1642 247 1926 325; x_wconf 73' lang='lat' dir='ltr'><strong>MENSIS</strong></span> <span class='ocrx_word' id='word_1_3' title='bbox 1966 244 2472 324; x_wconf 79' lang='lat' dir='ltr'><strong>FEBRUARIUS.</strong></span> 
     </span>
    </p>
   </div>
   <div class='ocr_carea' id='block_1_3' title="bbox 3619 259 3752 324">
    <p class='ocr_par' dir='ltr' id='par_1_3' title="bbox 3619 259 3752 324">
     <span class='ocr_line' id='line_1_3' title="bbox 3619 259 3752 324; baseline 0.015 -1"><span class='ocrx_word' id='word_1_4' title='bbox 3619 259 3752 324; x_wconf 64' lang='lat'><strong>1264</strong></span> 
     </span>
    </p>
   </div>
   <div class='ocr_carea' id='block_1_4' title="bbox 389 391 2021 474">
    <p class='ocr_par' dir='ltr' id='par_1_4' title="bbox 389 391 2021 469">
     <span class='ocr_line' id='line_1_4' title="bbox 389 391 2021 469; baseline -0.007 -7"><span class='ocrx_word' id='word_1_5' title='bbox 389 415 560 462; x_wconf 89' lang='lat' dir='ltr'><strong>crum</strong></span> <span class='ocrx_word' id='word_1_6' title='bbox 590 396 878 458; x_wconf 76' lang='lat' dir='ltr'><strong>feceritis.</strong></span> <span class='ocrx_word' id='word_1_7' title='bbox 901 395 1085 458; x_wconf 90' lang='lat' dir='ltr'><strong>Statui</strong></span> <span class='ocrx_word' id='word_1_8' title='bbox 1111 393 1298 469; x_wconf 87' lang='lat' dir='ltr'><strong>enim,</strong></span> <span class='ocrx_word' id='word_1_9' title='bbox 1327 393 1451 456; x_wconf 92' lang='lat' dir='ltr'><strong>Deo</strong></span> <span class='ocrx_word' id='word_1_10' title='bbox 1473 394 1729 469; x_wconf 88' lang='lat' dir='ltr'><strong>volente,</strong></span> <span class='ocrx_word' id='word_1_11' title='bbox 1759 391 2021 455; x_wconf 77' lang='lat' dir='ltr'><strong>habitare</strong></span> 
     </span>
    </p>
   </div>
   <div class='ocr_carea' id='block_1_5' title="bbox 2118 391 3761 474">
    <p class='ocr_par' dir='ltr' id='par_1_5' title="bbox 2118 391 3761 474">
     <span class='ocr_line' id='line_1_5' title="bbox 2118 391 3761 474; baseline 0.001 -28"><span class='ocrx_word' id='word_1_12' title='bbox 2118 413 2179 464; x_wconf 88' lang='grc' dir='ltr'><strong>με</strong></span> <span class='ocrx_word' id='word_1_13' title='bbox 2225 393 2316 448; x_wconf 82' lang='grc' dir='ltr'><strong>σὺν</strong></span> <span class='ocrx_word' id='word_1_14' title='bbox 2376 407 2494 457; x_wconf 76' lang='grc' dir='ltr'><strong>τοῖς</strong></span> <span class='ocrx_word' id='word_1_15' title='bbox 2545 393 2712 459; x_wconf 78' lang='grc' dir='ltr'><strong>ξένοις</strong></span> <span class='ocrx_word' id='word_1_16' title='bbox 2746 410 2761 426; x_wconf 79' lang='grc'><strong>⁸</strong></span> <span class='ocrx_word' id='word_1_17' title='bbox 2811 395 2981 460; x_wconf 73' lang='grc' dir='ltr'><strong>Ξέδος</strong></span> <span class='ocrx_word' id='word_1_18' title='bbox 3038 395 3175 474; x_wconf 79' lang='grc' dir='ltr'><strong>ἐγὼ,</strong></span> <span class='ocrx_word' id='word_1_19' title='bbox 3232 395 3329 451; x_wconf 77' lang='grc' dir='ltr'><strong>καί</strong></span> <span class='ocrx_word' id='word_1_20' title='bbox 3367 391 3761 472; x_wconf 69' lang='grc' dir='ltr'><strong>παρεπὲδτ,μος,</strong></span> 
     </span>
    </p>
   </div>
   <div class='ocr_carea' id='block_1_6' title="bbox 389 482 2026 567">
    <p class='ocr_par' dir='ltr' id='par_1_6' title="bbox 389 482 2026 567">
     <span class='ocr_line' id='line_1_6' title="bbox 389 482 2026 567; baseline -0.005 -17"><span class='ocrx_word' id='word_1_21' title='bbox 389 507 525 550; x_wconf 90' lang='lat' dir='ltr'><strong>cum</strong></span> <span class='ocrx_word' id='word_1_22' title='bbox 561 485 1308 567; x_wconf 75' lang='lat' dir='ltr'><strong>peregrinis,Peregrinus</strong></span> <span class='ocrx_word' id='word_1_23' title='bbox 1328 485 1494 546; x_wconf 78' lang='lat' dir='ltr'><strong>enim</strong></span> <span class='ocrx_word' id='word_1_24' title='bbox 1515 501 1648 546; x_wconf 83' lang='lat' dir='ltr'><strong>sum</strong></span> <span class='ocrx_word' id='word_1_25' title='bbox 1677 489 1732 545; x_wconf 84' lang='lat' dir='ltr'><strong>et</strong></span> <span class='ocrx_word' id='word_1_26' title='bbox 1761 482 2026 554; x_wconf 78' lang='lat' dir='ltr'><strong>advena,</strong></span> 
     </span>
    </p>
   </div>
   <div class='ocr_carea' id='block_1_7' title="bbox 387 573 1257 654">
    <p class='ocr_par' dir='ltr' id='par_1_7' title="bbox 387 573 1257 654">
     <span class='ocr_line' id='line_1_7' title="bbox 387 573 1257 654; baseline -0.002 -14"><span class='ocrx_word' id='word_1_27' title='bbox 387 583 551 640; x_wconf 62' lang='lat' dir='ltr'><strong>sicut</strong></span> <span class='ocrx_word' id='word_1_28' title='bbox 579 593 790 638; x_wconf 85' lang='lat' dir='ltr'><strong>omnes</strong></span> <span class='ocrx_word' id='word_1_29' title='bbox 815 583 1026 654; x_wconf 77' lang='lat' dir='ltr'><strong><em>patres</em></strong></span> <span class='ocrx_word' id='word_1_30' title='bbox 1054 577 1178 636; x_wconf 78' lang='lat' dir='ltr'><strong>mei</strong></span> <span class='ocrx_word' id='word_1_31' title='bbox 1204 573 1257 638; x_wconf 83' lang='lat'><strong>6.</strong></span> 
     </span>
    </p>
   </div>
   <div class='ocr_carea' id='block_1_8' title="bbox 467 659 2028 742">
    <p class='ocr_par' dir='ltr' id='par_1_8' title="bbox 467 659 2028 742">
     <span class='ocr_line' id='line_1_8' title="bbox 467 659 2028 742; baseline -0.006 -13"><span class='ocrx_word' id='word_1_32' title='bbox 467 665 622 729; x_wconf 82' lang='lat' dir='ltr'><strong>XIII.</strong></span> <span class='ocrx_word' id='word_1_33' title='bbox 653 663 1044 742; x_wconf 79' lang='lat' dir='ltr'><strong>Benignitatis</strong></span> <span class='ocrx_word' id='word_1_34' title='bbox 1067 669 1293 739; x_wconf 89' lang='lat' dir='ltr'><strong>autem,</strong></span> <span class='ocrx_word' id='word_1_35' title='bbox 1324 662 1757 725; x_wconf 90' lang='lat' dir='ltr'><strong>etalendorum</strong></span> <span class='ocrx_word' id='word_1_36' title='bbox 1792 659 2028 721; x_wconf 88' lang='lat' dir='ltr'><strong>mendi-</strong></span> 
     </span>
    </p>
   </div>
   <div class='ocr_carea' id='block_1_9' title="bbox 391 748 2030 832">
    <p class='ocr_par' dir='ltr' id='par_1_9' title="bbox 391 748 2030 832">
     <span class='ocr_line' id='line_1_9' title="bbox 391 748 2030 832; baseline -0.005 -15"><span class='ocrx_word' id='word_1_37' title='bbox 391 772 622 828; x_wconf 89' lang='lat' dir='ltr'><strong>corum,</strong></span> <span class='ocrx_word' id='word_1_38' title='bbox 655 762 714 814; x_wconf 90' lang='lat' dir='ltr'><strong>et</strong></span> <span class='ocrx_word' id='word_1_39' title='bbox 742 750 1173 814; x_wconf 77' lang='lat' dir='ltr'><strong>misericordiae</strong></span> <span class='ocrx_word' id='word_1_40' title='bbox 1194 751 1255 812; x_wconf 90' lang='lat' dir='ltr'><strong>in</strong></span> <span class='ocrx_word' id='word_1_41' title='bbox 1279 769 1575 832; x_wconf 84' lang='lat' dir='ltr'><strong>pauperes</strong></span> <span class='ocrx_word' id='word_1_42' title='bbox 1597 757 1818 812; x_wconf 89' lang='lat' dir='ltr'><strong>tantam</strong></span> <span class='ocrx_word' id='word_1_43' title='bbox 1839 748 2030 810; x_wconf 82' lang='lat' dir='ltr'><strong>liabe-</strong></span> 
     </span>
    </p>
   </div>
   <div class='ocr_carea' id='block_1_10' title="bbox 390 839 2024 918">
    <p class='ocr_par' dir='ltr' id='par_1_10' title="bbox 390 839 2024 918">
     <span class='ocr_line' id='line_1_10' title="bbox 390 839 2024 918; baseline -0.005 -12"><span class='ocrx_word' id='word_1_44' title='bbox 390 843 490 906; x_wconf 95' lang='lat' dir='ltr'><strong>bat</strong></span> <span class='ocrx_word' id='word_1_45' title='bbox 517 842 842 914; x_wconf 87' lang='lat' dir='ltr'><strong>rationem,</strong></span> <span class='ocrx_word' id='word_1_46' title='bbox 876 849 936 902; x_wconf 91' lang='lat' dir='ltr'><strong>et</strong></span> <span class='ocrx_word' id='word_1_47' title='bbox 967 849 1193 902; x_wconf 84' lang='lat' dir='ltr'><strong>tantam</strong></span> <span class='ocrx_word' id='word_1_48' title='bbox 1228 839 1468 902; x_wconf 92' lang='lat' dir='ltr'><strong>illorum</strong></span> <span class='ocrx_word' id='word_1_49' title='bbox 1501 858 1703 904; x_wconf 90' lang='lat' dir='ltr'><strong>curam</strong></span> <span class='ocrx_word' id='word_1_50' title='bbox 1736 839 2024 918; x_wconf 74' lang='lat' dir='ltr'><strong>gerebat;</strong></span> 
     </span>
    </p>
   </div>
   <div class='ocr_carea' id='block_1_11' title="bbox 385 927 2032 1012">
    <p class='ocr_par' dir='ltr' id='par_1_11' title="bbox 385 927 2032 1012">
     <span class='ocr_line' id='line_1_11' title="bbox 385 927 2032 1012; baseline -0.005 -18"><span class='ocrx_word' id='word_1_51' title='bbox 385 942 450 994; x_wconf 91' lang='lat' dir='ltr'><strong>ut</strong></span> <span class='ocrx_word' id='word_1_52' title='bbox 469 931 752 1012; x_wconf 89' lang='lat' dir='ltr'><strong>quoniam</strong></span> <span class='ocrx_word' id='word_1_53' title='bbox 779 948 846 992; x_wconf 79' lang='lat' dir='ltr'><strong>ex</strong></span> <span class='ocrx_word' id='word_1_54' title='bbox 872 948 939 991; x_wconf 90' lang='lat' dir='ltr'><strong>se</strong></span> <span class='ocrx_word' id='word_1_55' title='bbox 961 948 1080 992; x_wconf 89' lang='lat' dir='ltr'><strong>non</strong></span> <span class='ocrx_word' id='word_1_56' title='bbox 1106 928 1385 1005; x_wconf 84' lang='lat' dir='ltr'><strong>habebat,</strong></span> <span class='ocrx_word' id='word_1_57' title='bbox 1409 929 1566 1010; x_wconf 91' lang='lat' dir='ltr'><strong>quod</strong></span> <span class='ocrx_word' id='word_1_58' title='bbox 1591 930 1676 990; x_wconf 89' lang='lat' dir='ltr'><strong>eis</strong></span> <span class='ocrx_word' id='word_1_59' title='bbox 1699 927 2032 1008; x_wconf 86' lang='lat' dir='ltr'><strong>impertiret</strong></span> 
     </span>
    </p>
   </div>
   <div class='ocr_carea' id='block_1_12' title="bbox 382 1015 2031 1101">
    <p class='ocr_par' dir='ltr' id='par_1_12' title="bbox 382 1015 2031 1101">
     <span class='ocr_line' id='line_1_12' title="bbox 382 1015 2031 1101; baseline -0.004 -19"><span class='ocrx_word' id='word_1_60' title='bbox 382 1019 709 1101; x_wconf 89' lang='lat' dir='ltr'><strong>(quomodo</strong></span> <span class='ocrx_word' id='word_1_61' title='bbox 733 1018 894 1082; x_wconf 78' lang='lat' dir='ltr'><strong>enim</strong></span> <span class='ocrx_word' id='word_1_62' title='bbox 918 1017 1302 1098; x_wconf 88' lang='lat' dir='ltr'><strong>haberet,qui</strong></span> <span class='ocrx_word' id='word_1_63' title='bbox 1318 1018 1447 1098; x_wconf 87' lang='lat' dir='ltr'><strong>ipse</strong></span> <span class='ocrx_word' id='word_1_64' title='bbox 1472 1035 1710 1098; x_wconf 92' lang='lat' dir='ltr'><strong>quoque</strong></span> <span class='ocrx_word' id='word_1_65' title='bbox 1726 1015 2031 1077; x_wconf 85' lang='lat' dir='ltr'><strong>laborabat</strong></span> 
     </span>
    </p>
   </div>
   <div class='ocr_carea' id='block_1_13' title="bbox 384 1103 2023 1190">
    <p class='ocr_par' dir='ltr' id='par_1_13' title="bbox 384 1103 2023 1190">
     <span class='ocr_line' id='line_1_13' title="bbox 384 1103 2023 1190; baseline -0.004 -20"><span class='ocrx_word' id='word_1_66' title='bbox 384 1109 585 1190; x_wconf 82' lang='lat' dir='ltr'><strong>inapia</strong></span> <span class='ocrx_word' id='word_1_67' title='bbox 609 1126 808 1169; x_wconf 86' lang='lat' dir='ltr'><strong>rerum</strong></span> <span class='ocrx_word' id='word_1_68' title='bbox 836 1105 1328 1180; x_wconf 79' lang='lat' dir='ltr'><strong>necessarium?),</strong></span> <span class='ocrx_word' id='word_1_69' title='bbox 1346 1108 1504 1186; x_wconf 92' lang='lat' dir='ltr'><strong>quod</strong></span> <span class='ocrx_word' id='word_1_70' title='bbox 1530 1106 1722 1167; x_wconf 90' lang='lat' dir='ltr'><strong>solum</strong></span> <span class='ocrx_word' id='word_1_71' title='bbox 1747 1103 2023 1177; x_wconf 86' lang='lat' dir='ltr'><strong>habebat,</strong></span> 
     </span>
    </p>
   </div>
   <div class='ocr_carea' id='block_1_14' title="bbox 384 1193 2028 1272">
    <p class='ocr_par' dir='ltr' id='par_1_14' title="bbox 384 1193 2028 1272">
     <span class='ocr_line' id='line_1_14' title="bbox 384 1193 2028 1272; baseline -0.004 -13"><span class='ocrx_word' id='word_1_72' title='bbox 384 1217 454 1260; x_wconf 93' lang='lat' dir='ltr'><strong>eo</strong></span> <span class='ocrx_word' id='word_1_73' title='bbox 487 1196 764 1258; x_wconf 85' lang='lat' dir='ltr'><strong>utebatur</strong></span> <span class='ocrx_word' id='word_1_74' title='bbox 790 1197 865 1257; x_wconf 88' lang='lat' dir='ltr'><strong>ad</strong></span> <span class='ocrx_word' id='word_1_75' title='bbox 897 1214 1104 1257; x_wconf 90' lang='lat' dir='ltr'><strong>eorum</strong></span> <span class='ocrx_word' id='word_1_76' title='bbox 1139 1195 1424 1256; x_wconf 83' lang='lat' dir='ltr'><strong>salutem:</strong></span> <span class='ocrx_word' id='word_1_77' title='bbox 1455 1202 1514 1256; x_wconf 93' lang='lat' dir='ltr'><strong>et</strong></span> <span class='ocrx_word' id='word_1_78' title='bbox 1533 1212 1668 1256; x_wconf 90' lang='lat' dir='ltr'><strong>cum</strong></span> <span class='ocrx_word' id='word_1_79' title='bbox 1688 1193 1907 1272; x_wconf 65' lang='lat' dir='ltr'><strong>linguai</strong></span> <span class='ocrx_word' id='word_1_80' title='bbox 1926 1211 2028 1253; x_wconf 88' lang='lat' dir='ltr'><strong>sa-</strong></span> 
     </span>
    </p>
   </div>
   <div class='ocr_carea' id='block_1_15' title="bbox 386 1284 2029 1367">
    <p class='ocr_par' dir='ltr' id='par_1_15' title="bbox 386 1284 2029 1367">
     <span class='ocr_line' id='line_1_15' title="bbox 386 1284 2029 1367; baseline -0.005 -17"><span class='ocrx_word' id='word_1_81' title='bbox 386 1288 606 1367; x_wconf 88' lang='lat' dir='ltr'><strong>pientia</strong></span> <span class='ocrx_word' id='word_1_82' title='bbox 634 1295 698 1347; x_wconf 93' lang='lat' dir='ltr'><strong>et</strong></span> <span class='ocrx_word' id='word_1_83' title='bbox 717 1285 1110 1364; x_wconf 75' lang='lat' dir='ltr'><strong>intelligentia</strong></span> <span class='ocrx_word' id='word_1_84' title='bbox 1133 1284 1334 1346; x_wconf 89' lang='lat' dir='ltr'><strong>multis</strong></span> <span class='ocrx_word' id='word_1_85' title='bbox 1355 1284 1599 1345; x_wconf 78' lang='lat' dir='ltr'><strong>divitum</strong></span> <span class='ocrx_word' id='word_1_86' title='bbox 1627 1292 1686 1347; x_wconf 89' lang='lat' dir='ltr'><strong>et</strong></span> <span class='ocrx_word' id='word_1_87' title='bbox 1709 1300 1947 1342; x_wconf 90' lang='lat' dir='ltr'><strong>manum</strong></span> <span class='ocrx_word' id='word_1_88' title='bbox 1971 1289 2029 1343; x_wconf 92' lang='lat' dir='ltr'><strong>et</strong></span> 
     </span>
    </p>
   </div>
   <div class='ocr_carea' id='block_1_16' title="bbox 387 1373 2024 1454">
    <p class='ocr_par' dir='ltr' id='par_1_16' title="bbox 387 1373 2024 1454">
     <span class='ocr_line' id='line_1_16' title="bbox 387 1373 2024 1454; baseline -0.003 -18"><span class='ocrx_word' id='word_1_89' title='bbox 387 1378 617 1439; x_wconf 81' lang='lat' dir='ltr'><strong>viscera</strong></span> <span class='ocrx_word' id='word_1_90' title='bbox 649 1382 708 1436; x_wconf 89' lang='lat' dir='ltr'><strong>et</strong></span> <span class='ocrx_word' id='word_1_91' title='bbox 737 1375 952 1436; x_wconf 86' lang='lat' dir='ltr'><strong>horrea</strong></span> <span class='ocrx_word' id='word_1_92' title='bbox 983 1373 1338 1454; x_wconf 85' lang='lat' dir='ltr'><strong>aperuisset,</strong></span> <span class='ocrx_word' id='word_1_93' title='bbox 1372 1373 1615 1453; x_wconf 86' lang='lat' dir='ltr'><strong>copiose</strong></span> <span class='ocrx_word' id='word_1_94' title='bbox 1645 1390 1753 1452; x_wconf 90' lang='lat' dir='ltr'><strong>per</strong></span> <span class='ocrx_word' id='word_1_95' title='bbox 1782 1391 1850 1432; x_wconf 90' lang='lat' dir='ltr'><strong>ea</strong></span> <span class='ocrx_word' id='word_1_96' title='bbox 1879 1388 2024 1448; x_wconf 87' lang='lat' dir='ltr'><strong>sup-</strong></span> 
     </span>
    </p>
   </div>
   <div class='ocr_carea' id='block_1_17' title="bbox 388 1459 2027 1547">
    <p class='ocr_par' dir='ltr' id='par_1_17' title="bbox 388 1459 2027 1547">
     <span class='ocr_line' id='line_1_17' title="bbox 388 1459 2027 1547; baseline -0.005 -19"><span class='ocrx_word' id='word_1_97' title='bbox 388 1464 690 1547; x_wconf 84' lang='lat' dir='ltr'><strong>peditabat</strong></span> <span class='ocrx_word' id='word_1_98' title='bbox 720 1461 1056 1541; x_wconf 83' lang='lat' dir='ltr'><strong>egentibus.</strong></span> <span class='ocrx_word' id='word_1_99' title='bbox 1089 1461 1217 1523; x_wconf 86' lang='lat' dir='ltr'><strong>Non</strong></span> <span class='ocrx_word' id='word_1_100' title='bbox 1243 1462 1435 1522; x_wconf 91' lang='lat' dir='ltr'><strong>solum</strong></span> <span class='ocrx_word' id='word_1_101' title='bbox 1463 1468 1620 1522; x_wconf 89' lang='lat' dir='ltr'><strong>enim</strong></span> <span class='ocrx_word' id='word_1_102' title='bbox 1649 1469 1878 1541; x_wconf 86' lang='lat' dir='ltr'><strong>poterat</strong></span> <span class='ocrx_word' id='word_1_103' title='bbox 1899 1459 2027 1538; x_wconf 79' lang='lat' dir='ltr'><strong>eius</strong></span> 
     </span>
    </p>
   </div>
   <div class='ocr_carea' id='block_1_18' title="bbox 388 1547 2027 1624">
    <p class='ocr_par' dir='ltr' id='par_1_18' title="bbox 388 1547 2027 1624">
     <span class='ocr_line' id='line_1_18' title="bbox 388 1547 2027 1624; baseline -0.005 -8"><span class='ocrx_word' id='word_1_104' title='bbox 388 1573 590 1616; x_wconf 86' lang='lat' dir='ltr'><strong>sermo</strong></span> <span class='ocrx_word' id='word_1_105' title='bbox 617 1552 854 1614; x_wconf 90' lang='lat' dir='ltr'><strong>mollire</strong></span> <span class='ocrx_word' id='word_1_106' title='bbox 885 1560 943 1610; x_wconf 86' lang='lat' dir='ltr'><strong>et</strong></span> <span class='ocrx_word' id='word_1_107' title='bbox 969 1552 1314 1612; x_wconf 83' lang='lat' dir='ltr'><strong>demulcere</strong></span> <span class='ocrx_word' id='word_1_108' title='bbox 1337 1551 1589 1624; x_wconf 91' lang='lat' dir='ltr'><strong>animos,</strong></span> <span class='ocrx_word' id='word_1_109' title='bbox 1611 1559 1671 1611; x_wconf 91' lang='lat' dir='ltr'><strong>et</strong></span> <span class='ocrx_word' id='word_1_110' title='bbox 1691 1569 1809 1610; x_wconf 65' lang='lat' dir='ltr'><strong>moi</strong></span> <span class='ocrx_word' id='word_1_111' title='bbox 1828 1567 1929 1610; x_wconf 88' lang='lat' dir='ltr'><strong>ere</strong></span> <span class='ocrx_word' id='word_1_112' title='bbox 1952 1547 2027 1608; x_wconf 86' lang='lat' dir='ltr'><strong>ad</strong></span> 
     </span>
    </p>
   </div>
   <div class='ocr_carea' id='block_1_19' title="bbox 390 1640 2025 1720">
    <p class='ocr_par' dir='ltr' id='par_1_19' title="bbox 390 1640 2025 1720">
     <span class='ocr_line' id='line_1_19' title="bbox 390 1640 2025 1720; baseline -0.004 -15"><span class='ocrx_word' id='word_1_113' title='bbox 390 1642 896 1716; x_wconf 88' lang='lat' dir='ltr'><strong>misericordiam,</strong></span> <span class='ocrx_word' id='word_1_114' title='bbox 929 1641 1035 1701; x_wconf 89' lang='lat' dir='ltr'><strong>sed</strong></span> <span class='ocrx_word' id='word_1_115' title='bbox 1067 1640 1158 1702; x_wconf 85' lang='lat' dir='ltr'><strong>vel</strong></span> <span class='ocrx_word' id='word_1_116' title='bbox 1191 1640 1322 1720; x_wconf 90' lang='lat' dir='ltr'><strong>ipse</strong></span> <span class='ocrx_word' id='word_1_117' title='bbox 1375 1649 1656 1715; x_wconf 84' lang='lat' dir='ltr'><strong>aspectus</strong></span> <span class='ocrx_word' id='word_1_118' title='bbox 1702 1647 1761 1700; x_wconf 91' lang='lat' dir='ltr'><strong>et</strong></span> <span class='ocrx_word' id='word_1_119' title='bbox 1792 1655 2025 1699; x_wconf 87' lang='lat' dir='ltr'><strong>morum</strong></span> 
     </span>
    </p>
   </div>
   <div class='ocr_carea' id='block_1_20' title="bbox 2112 482 3018 563">
    <p class='ocr_par' dir='ltr' id='par_1_20' title="bbox 2112 482 3018 563">
     <span class='ocr_line' id='line_1_20' title="bbox 2112 482 3018 563; baseline 0.009 -29"><span class='ocrx_word' id='word_1_120' title='bbox 2112 482 2286 545; x_wconf 84' lang='grc' dir='ltr'><strong>καθὼς</strong></span> <span class='ocrx_word' id='word_1_121' title='bbox 2333 483 2528 546; x_wconf 65' lang='grc' dir='ltr'><strong>πάντες</strong></span> <span class='ocrx_word' id='word_1_122' title='bbox 2560 485 2607 540; x_wconf 78' lang='grc' dir='ltr'><strong>οἱ</strong></span> <span class='ocrx_word' id='word_1_123' title='bbox 2639 485 2862 563; x_wconf 77' lang='grc' dir='ltr'><strong>πατέρες</strong></span> <span class='ocrx_word' id='word_1_124' title='bbox 2894 509 3018 560; x_wconf 89' lang='grc' dir='ltr'><strong>μου.</strong></span> 
     </span>
    </p>
   </div>
   <div class='ocr_carea' id='block_1_21' title="bbox 2196 658 3764 742">
    <p class='ocr_par' dir='ltr' id='par_1_21' title="bbox 2196 658 3764 742">
     <span class='ocr_line' id='line_1_21' title="bbox 2196 658 3764 742; baseline -0.001 -26"><span class='ocrx_word' id='word_1_125' title='bbox 2196 658 2306 722; x_wconf 83' lang='grc' dir='ltr'><strong>ΙΓ¹,</strong></span> <span class='ocrx_word' id='word_1_126' title='bbox 2367 661 2773 739; x_wconf 79' lang='grc' dir='ltr'><strong>Φιλανθρωπίας</strong></span> <span class='ocrx_word' id='word_1_127' title='bbox 2825 662 2901 736; x_wconf 74' lang='grc' dir='ltr'><strong>δὲ,</strong></span> <span class='ocrx_word' id='word_1_128' title='bbox 2953 665 3043 720; x_wconf 85' lang='grc' dir='ltr'><strong>καὶ</strong></span> <span class='ocrx_word' id='word_1_129' title='bbox 3071 663 3528 742; x_wconf 68' lang='grc' dir='ltr'><strong>πτωχοτροφίας,</strong></span> <span class='ocrx_word' id='word_1_130' title='bbox 3562 661 3653 716; x_wconf 77' lang='grc' dir='ltr'><strong>καὶ</strong></span> <span class='ocrx_word' id='word_1_131' title='bbox 3679 667 3764 715; x_wconf 66' lang='grc' dir='ltr'><strong>τειέ</strong></span> 
     </span>
    </p>
   </div>
   <div class='ocr_carea' id='block_1_22' title="bbox 2113 747 3762 825">
    <p class='ocr_par' dir='ltr' id='par_1_22' title="bbox 2113 747 3762 825">
     <span class='ocr_line' id='line_1_22' title="bbox 2113 747 3762 825; baseline 0.001 -23"><span class='ocrx_word' id='word_1_132' title='bbox 2113 749 2245 824; x_wconf 79' lang='grc' dir='ltr'><strong>πρὸς</strong></span> <span class='ocrx_word' id='word_1_133' title='bbox 2301 749 2424 812; x_wconf 81' lang='grc' dir='ltr'><strong>τοὺς</strong></span> <span class='ocrx_word' id='word_1_134' title='bbox 2484 749 2719 817; x_wconf 75' lang='grc' dir='ltr'><strong>πένητας</strong></span> <span class='ocrx_word' id='word_1_135' title='bbox 2751 751 2938 809; x_wconf 78' lang='grc' dir='ltr'><strong>οἴκτου</strong></span> <span class='ocrx_word' id='word_1_136' title='bbox 2979 759 3237 815; x_wconf 82' lang='grc' dir='ltr'><strong>τοσοῦτος</strong></span> <span class='ocrx_word' id='word_1_137' title='bbox 3268 752 3416 822; x_wconf 73' lang='grc' dir='ltr'><strong>αὐτῷ</strong></span> <span class='ocrx_word' id='word_1_138' title='bbox 3447 747 3648 825; x_wconf 69' lang='grc' dir='ltr'><strong>λόγος,</strong></span> <span class='ocrx_word' id='word_1_139' title='bbox 3674 753 3762 802; x_wconf 72' lang='grc' dir='ltr'><strong>καί</strong></span> 
     </span>
    </p>
   </div>
   <div class='ocr_carea' id='block_1_23' title="bbox 2113 836 3767 918">
    <p class='ocr_par' dir='ltr' id='par_1_23' title="bbox 2113 836 3767 918">
     <span class='ocr_line' id='line_1_23' title="bbox 2113 836 3767 918; baseline -0.001 -26"><span class='ocrx_word' id='word_1_140' title='bbox 2113 836 2251 892; x_wconf 76' lang='grc' dir='ltr'><strong>οὕτω</strong></span> <span class='ocrx_word' id='word_1_141' title='bbox 2299 843 2399 912; x_wconf 79' lang='grc' dir='ltr'><strong>τῇς</strong></span> <span class='ocrx_word' id='word_1_142' title='bbox 2462 837 2677 894; x_wconf 77' lang='grc' dir='ltr'><strong>ἐκείνων</strong></span> <span class='ocrx_word' id='word_1_143' title='bbox 2732 840 3015 918; x_wconf 78' lang='grc' dir='ltr'><strong>ἀντείχετο</strong></span> <span class='ocrx_word' id='word_1_144' title='bbox 3045 841 3405 917; x_wconf 70' lang='grc' dir='ltr'><strong>προστασίας,</strong></span> <span class='ocrx_word' id='word_1_145' title='bbox 3441 843 3519 899; x_wconf 84' lang='grc' dir='ltr'><strong>ὼς</strong></span> <span class='ocrx_word' id='word_1_146' title='bbox 3555 837 3767 910; x_wconf 63' lang='grc' dir='ltr'><strong>ἐπείπερ</strong></span> 
     </span>
    </p>
   </div>
   <div class='ocr_carea' id='block_1_24' title="bbox 2113 924 3764 1006">
    <p class='ocr_par' dir='ltr' id='par_1_24' title="bbox 2113 924 3764 1006">
     <span class='ocr_line' id='line_1_24' title="bbox 2113 924 3764 1006; baseline -0.001 -24"><span class='ocrx_word' id='word_1_147' title='bbox 2113 924 2325 982; x_wconf 79' lang='grc' dir='ltr'><strong>οἴκοθεν</strong></span> <span class='ocrx_word' id='word_1_148' title='bbox 2359 925 2453 983; x_wconf 75' lang='grc' dir='ltr'><strong>οὒκ</strong></span> <span class='ocrx_word' id='word_1_149' title='bbox 2483 929 2610 1006; x_wconf 60' lang='grc' dir='ltr'><strong>εἶχε</strong></span> <span class='ocrx_word' id='word_1_150' title='bbox 2661 927 2998 1003; x_wconf 67' lang='grc' dir='ltr'><strong>μεταδιδόναι</strong></span> <span class='ocrx_word' id='word_1_151' title='bbox 3033 928 3218 1002; x_wconf 76' lang='grc' dir='ltr'><strong>(πόθεν</strong></span> <span class='ocrx_word' id='word_1_152' title='bbox 3255 947 3270 1000; x_wconf 88' lang='grc'><strong>;</strong></span> <span class='ocrx_word' id='word_1_153' title='bbox 3302 928 3359 992; x_wconf 74' lang='grc' dir='ltr'><strong>ὃς</strong></span> <span class='ocrx_word' id='word_1_154' title='bbox 3392 949 3460 1004; x_wconf 80' lang='grc' dir='ltr'><strong>γε</strong></span> <span class='ocrx_word' id='word_1_155' title='bbox 3490 929 3587 982; x_wconf 77' lang='grc' dir='ltr'><strong>καὶ</strong></span> <span class='ocrx_word' id='word_1_156' title='bbox 3615 929 3764 986; x_wconf 64' lang='grc' dir='ltr'><strong>αἶπος</strong></span> 
     </span>
    </p>
   </div>
   <div class='ocr_carea' id='block_1_25' title="bbox 2111 1015 3763 1095">
    <p class='ocr_par' dir='ltr' id='par_1_25' title="bbox 2111 1015 3763 1095">
     <span class='ocr_line' id='line_1_25' title="bbox 2111 1015 3763 1095; baseline -0.001 -25"><span class='ocrx_word' id='word_1_157' title='bbox 2111 1015 2302 1092; x_wconf 81' lang='grc' dir='ltr'><strong>ἠπόρει</strong></span> <span class='ocrx_word' id='word_1_158' title='bbox 2347 1019 2453 1071; x_wconf 79' lang='grc' dir='ltr'><strong>τῶν</strong></span> <span class='ocrx_word' id='word_1_159' title='bbox 2512 1017 2836 1094; x_wconf 82' lang='grc' dir='ltr'><strong>ἀναγκαίων)</strong></span> <span class='ocrx_word' id='word_1_160' title='bbox 2894 1018 2923 1073; x_wconf 82' lang='grc' dir='ltr'><strong>’ὂ</strong></span> <span class='ocrx_word' id='word_1_161' title='bbox 2973 1018 3136 1090; x_wconf 75' lang='grc' dir='ltr'><strong>μόνον</strong></span> <span class='ocrx_word' id='word_1_162' title='bbox 3198 1021 3353 1095; x_wconf 71' lang='grc' dir='ltr'><strong>εἶχε,</strong></span> <span class='ocrx_word' id='word_1_163' title='bbox 3424 1024 3595 1072; x_wconf 78' lang='grc' dir='ltr'><strong>τοῦτο</strong></span> <span class='ocrx_word' id='word_1_164' title='bbox 3639 1018 3763 1092; x_wconf 66' lang='grc' dir='ltr'><strong>πρὸς</strong></span> 
     </span>
    </p>
   </div>
   <div class='ocr_carea' id='block_1_26' title="bbox 2111 1103 3762 1185">
    <p class='ocr_par' dir='ltr' id='par_1_26' title="bbox 2111 1103 3762 1185">
     <span class='ocr_line' id='line_1_26' title="bbox 2111 1103 3762 1185; baseline 0.002 -27"><span class='ocrx_word' id='word_1_165' title='bbox 2111 1105 2210 1168; x_wconf 77' lang='grc' dir='ltr'><strong>τὴν</strong></span> <span class='ocrx_word' id='word_1_166' title='bbox 2266 1107 2438 1160; x_wconf 71' lang='grc' dir='ltr'><strong>αὐτῶν</strong></span> <span class='ocrx_word' id='word_1_167' title='bbox 2469 1104 2737 1184; x_wconf 78' lang='grc' dir='ltr'><strong>ἐκέχρητο</strong></span> <span class='ocrx_word' id='word_1_168' title='bbox 2769 1107 3034 1185; x_wconf 66' lang='grc' dir='ltr'><strong>σωτηρίαν</strong></span> <span class='ocrx_word' id='word_1_169' title='bbox 3067 1122 3080 1137; x_wconf 82' lang='grc'><strong><em>⁸</em></strong></span> <span class='ocrx_word' id='word_1_170' title='bbox 3117 1109 3204 1163; x_wconf 72' lang='grc' dir='ltr'><strong>καὶ</strong></span> <span class='ocrx_word' id='word_1_171' title='bbox 3245 1111 3316 1180; x_wconf 79' lang='grc' dir='ltr'><strong>τῇ</strong></span> <span class='ocrx_word' id='word_1_172' title='bbox 3357 1105 3462 1172; x_wconf 72' lang='grc' dir='ltr'><strong>τῆς</strong></span> <span class='ocrx_word' id='word_1_173' title='bbox 3509 1103 3762 1180; x_wconf 65' lang='grc' dir='ltr'><strong>γλώττης</strong></span> 
     </span>
    </p>
   </div>
   <div class='ocr_carea' id='block_1_27' title="bbox 2111 1193 3756 1275">
    <p class='ocr_par' dir='ltr' id='par_1_27' title="bbox 2111 1193 3756 1275">
     <span class='ocr_line' id='line_1_27' title="bbox 2111 1193 3756 1275; baseline 0.001 -27"><span class='ocrx_word' id='word_1_174' title='bbox 2111 1193 2265 1272; x_wconf 62' lang='grc' dir='ltr'><strong>σοφίᾳ</strong></span> <span class='ocrx_word' id='word_1_175' title='bbox 2322 1196 2410 1249; x_wconf 87' lang='grc' dir='ltr'><strong>καὶ</strong></span> <span class='ocrx_word' id='word_1_176' title='bbox 2467 1196 2534 1269; x_wconf 78' lang='grc' dir='ltr'><strong>τῇ</strong></span> <span class='ocrx_word' id='word_1_177' title='bbox 2578 1195 2808 1269; x_wconf 81' lang='grc' dir='ltr'><strong>συνέσει,</strong></span> <span class='ocrx_word' id='word_1_178' title='bbox 2867 1195 3114 1275; x_wconf 78' lang='grc' dir='ltr'><strong>πολλοῖς,</strong></span> <span class='ocrx_word' id='word_1_179' title='bbox 3186 1202 3292 1251; x_wconf 84' lang='grc' dir='ltr'><strong>τῶν</strong></span> <span class='ocrx_word' id='word_1_180' title='bbox 3344 1193 3629 1250; x_wconf 72' lang='grc' dir='ltr'><strong>πλουσίων</strong></span> <span class='ocrx_word' id='word_1_181' title='bbox 3678 1196 3756 1249; x_wconf 68' lang='grc' dir='ltr'><strong>καῖ</strong></span> 
     </span>
    </p>
   </div>
   <div class='ocr_carea' id='block_1_28' title="bbox 2111 1281 3760 1363">
    <p class='ocr_par' dir='ltr' id='par_1_28' title="bbox 2111 1281 3760 1363">
     <span class='ocr_line' id='line_1_28' title="bbox 2111 1281 3760 1363; baseline 0 -26"><span class='ocrx_word' id='word_1_182' title='bbox 2111 1297 2302 1360; x_wconf 75' lang='grc' dir='ltr'><strong>χεῖρα,</strong></span> <span class='ocrx_word' id='word_1_183' title='bbox 2362 1287 2450 1338; x_wconf 81' lang='grc' dir='ltr'><strong>καὶ</strong></span> <span class='ocrx_word' id='word_1_184' title='bbox 2495 1282 2809 1361; x_wconf 74' lang='grc' dir='ltr'><strong>σπλάγχνα,</strong></span> <span class='ocrx_word' id='word_1_185' title='bbox 2858 1287 2945 1340; x_wconf 87' lang='grc' dir='ltr'><strong>καὶ</strong></span> <span class='ocrx_word' id='word_1_186' title='bbox 2975 1298 3223 1359; x_wconf 73' lang='grc' dir='ltr'><strong>ταμιεῖα,</strong></span> <span class='ocrx_word' id='word_1_187' title='bbox 3255 1307 3430 1363; x_wconf 63' lang='grc' dir='ltr'><strong>ορημι,</strong></span> <span class='ocrx_word' id='word_1_188' title='bbox 3465 1281 3760 1356; x_wconf 73' lang='grc' dir='ltr'><strong>διανοίξας,</strong></span> 
     </span>
    </p>
   </div>
   <div class='ocr_carea' id='block_1_29' title="bbox 2110 1367 3766 1451">
    <p class='ocr_par' dir='ltr' id='par_1_29' title="bbox 2110 1367 3766 1451">
     <span class='ocr_line' id='line_1_29' title="bbox 2110 1367 3766 1451; baseline 0 -24"><span class='ocrx_word' id='word_1_189' title='bbox 2110 1371 2347 1450; x_wconf 72' lang='grc' dir='ltr'><strong>ἀφθόνως</strong></span> <span class='ocrx_word' id='word_1_190' title='bbox 2394 1371 2463 1427; x_wconf 75' lang='grc' dir='ltr'><strong>δι’</strong></span> <span class='ocrx_word' id='word_1_191' title='bbox 2508 1375 2678 1428; x_wconf 73' lang='grc' dir='ltr'><strong>αὖτῶν</strong></span> <span class='ocrx_word' id='word_1_192' title='bbox 2722 1375 2978 1451; x_wconf 76' lang='grc' dir='ltr'><strong>ἐχορήγει</strong></span> <span class='ocrx_word' id='word_1_193' title='bbox 3021 1386 3140 1435; x_wconf 77' lang='grc' dir='ltr'><strong>τοῖς</strong></span> <span class='ocrx_word' id='word_1_194' title='bbox 3172 1371 3475 1446; x_wconf 78' lang='grc' dir='ltr'><strong>δεομένοις.</strong></span> <span class='ocrx_word' id='word_1_195' title='bbox 3508 1367 3616 1428; x_wconf 46' lang='grc' dir='ltr'><strong>ὟΗν</strong></span> <span class='ocrx_word' id='word_1_196' title='bbox 3661 1374 3766 1448; x_wconf 66' lang='grc' dir='ltr'><strong>γαρ</strong></span> 
     </span>
    </p>
   </div>
   <div class='ocr_carea' id='block_1_30' title="bbox 2110 1460 3758 1541">
    <p class='ocr_par' dir='ltr' id='par_1_30' title="bbox 2110 1460 3758 1541">
     <span class='ocr_line' id='line_1_30' title="bbox 2110 1460 3758 1541; baseline -0.01 -12"><span class='ocrx_word' id='word_1_197' title='bbox 2110 1463 2215 1539; x_wconf 71' lang='grc' dir='ltr'><strong>οἰχ</strong></span> <span class='ocrx_word' id='word_1_198' title='bbox 2273 1464 2298 1516; x_wconf 75' lang='grc' dir='ltr'>δ</span> <span class='ocrx_word' id='word_1_199' title='bbox 2341 1460 2502 1538; x_wconf 83' lang='grc' dir='ltr'><strong>λόγος</strong></span> <span class='ocrx_word' id='word_1_200' title='bbox 2547 1461 2638 1518; x_wconf 78' lang='grc' dir='ltr'>τοῦ</span> <span class='ocrx_word' id='word_1_201' title='bbox 2681 1461 2862 1540; x_wconf 72' lang='grc' dir='ltr'><strong>ἀνδρὸς</strong></span> <span class='ocrx_word' id='word_1_202' title='bbox 2921 1463 3081 1534; x_wconf 82' lang='grc' dir='ltr'><strong>μόνον</strong></span> <span class='ocrx_word' id='word_1_203' title='bbox 3112 1462 3232 1523; x_wconf 76' lang='grc' dir='ltr'><strong>οἷος</strong></span> <span class='ocrx_word' id='word_1_204' title='bbox 3270 1462 3460 1541; x_wconf 70' lang='grc' dir='ltr'>ψυχὰς</span> <span class='ocrx_word' id='word_1_205' title='bbox 3490 1461 3758 1535; x_wconf 76' lang='grc' dir='ltr'><strong>μαλάξαι,</strong></span> 
     </span>
    </p>
   </div>
   <div class='ocr_carea' id='block_1_31' title="bbox 2111 1550 3763 1630">
    <p class='ocr_par' dir='ltr' id='par_1_31' title="bbox 2111 1550 3763 1630">
     <span class='ocr_line' id='line_1_31' title="bbox 2111 1550 3763 1630; baseline -0.001 -26"><span class='ocrx_word' id='word_1_206' title='bbox 2111 1553 2202 1605; x_wconf 82' lang='grc' dir='ltr'><strong>καί</strong></span> <span class='ocrx_word' id='word_1_207' title='bbox 2235 1555 2451 1617; x_wconf 79' lang='grc' dir='ltr'><strong>κινῆσαι</strong></span> <span class='ocrx_word' id='word_1_208' title='bbox 2499 1553 2626 1620; x_wconf 71' lang='grc' dir='ltr'><strong>πρὸς</strong></span> <span class='ocrx_word' id='word_1_209' title='bbox 2658 1550 2834 1630; x_wconf 63' lang='grc' dir='ltr'><strong>ἔλεον,</strong></span> <span class='ocrx_word' id='word_1_210' title='bbox 2867 1550 3004 1607; x_wconf 82' lang='grc' dir='ltr'><strong>ἀλλά</strong></span> <span class='ocrx_word' id='word_1_211' title='bbox 3055 1553 3142 1606; x_wconf 85' lang='grc' dir='ltr'><strong>καὶ</strong></span> <span class='ocrx_word' id='word_1_212' title='bbox 3190 1552 3324 1616; x_wconf 74' lang='grc' dir='ltr'><strong>αὖτὴ</strong></span> <span class='ocrx_word' id='word_1_213' title='bbox 3363 1553 3399 1616; x_wconf 75' lang='grc' dir='ltr'>ἡ</span> <span class='ocrx_word' id='word_1_214' title='bbox 3450 1552 3612 1625; x_wconf 74' lang='grc' dir='ltr'><strong>ὄψις,</strong></span> <span class='ocrx_word' id='word_1_215' title='bbox 3664 1551 3763 1605; x_wconf 77' lang='grc' dir='ltr'><strong>καὶ</strong></span> 
     </span>
    </p>
   </div>
   <div class='ocr_carea' id='block_1_32' title="bbox 2109 1637 3766 1716">
    <p class='ocr_par' dir='ltr' id='par_1_32' title="bbox 2109 1637 3766 1716">
     <span class='ocr_line' id='line_1_32' title="bbox 2109 1637 3766 1716; baseline -0.001 -22"><span class='ocrx_word' id='word_1_216' title='bbox 2109 1641 2170 1694; x_wconf 79' lang='grc' dir='ltr'><strong>τὸ</strong></span> <span class='ocrx_word' id='word_1_217' title='bbox 2228 1647 2320 1695; x_wconf 82' lang='grc' dir='ltr'><strong>τοῦ</strong></span> <span class='ocrx_word' id='word_1_218' title='bbox 2368 1639 2522 1706; x_wconf 73' lang='grc' dir='ltr'><strong>ἤθους</strong></span> <span class='ocrx_word' id='word_1_219' title='bbox 2571 1639 2804 1702; x_wconf 85' lang='grc' dir='ltr'><strong>ἐπιεικές</strong></span> <span class='ocrx_word' id='word_1_220' title='bbox 2852 1661 2910 1696; x_wconf 90' lang='grc' dir='ltr'><strong>τε</strong></span> <span class='ocrx_word' id='word_1_221' title='bbox 2959 1642 3045 1696; x_wconf 84' lang='grc' dir='ltr'><strong>καὶ</strong></span> <span class='ocrx_word' id='word_1_222' title='bbox 3079 1641 3293 1716; x_wconf 81' lang='grc' dir='ltr'><strong>μέτριον</strong></span> <span class='ocrx_word' id='word_1_223' title='bbox 3331 1657 3344 1670; x_wconf 89' lang='grc'><strong>·</strong></span> <span class='ocrx_word' id='word_1_224' title='bbox 3391 1638 3676 1702; x_wconf 77' lang='grc' dir='ltr'><strong>πολλακις</strong></span> <span class='ocrx_word' id='word_1_225' title='bbox 3711 1637 3766 1693; x_wconf 72' lang='grc' dir='ltr'><strong>δὲ</strong></span> 
     </span>
    </p>
   </div>
   <div class='ocr_carea' id='block_1_33' title="bbox 3186 1193 3766 1251">
    <p class='ocr_par' dir='ltr' id='par_1_33' title="bbox 3186 1193 3766 1251">
     <span class='ocr_line' id='line_1_33' title="bbox 3186 1193 3766 1251; baseline -0.003 -1"><span class='ocrx_word' id='word_1_226' title='bbox 3186 1202 3292 1251; x_wconf 81' lang='grc' dir='ltr'><strong>τῶν</strong></span> <span class='ocrx_word' id='word_1_227' title='bbox 3344 1193 3629 1250; x_wconf 71' lang='grc' dir='ltr'><strong>πλουσίων</strong></span> <span class='ocrx_word' id='word_1_228' title='bbox 3678 1196 3766 1249; x_wconf 69' lang='grc' dir='ltr'><strong>καὶ</strong></span> 
     </span>
    </p>
   </div>
   <div class='ocr_carea' id='block_1_34' title="bbox 389 1728 2021 1810">
    <p class='ocr_par' dir='ltr' id='par_1_34' title="bbox 389 1728 2018 1810">
     <span class='ocr_line' id='line_1_34' title="bbox 389 1728 2018 1810; baseline -0.005 -16"><span class='ocrx_word' id='word_1_229' title='bbox 389 1733 746 1794; x_wconf 90' lang='lat' dir='ltr'><strong>moderatio.</strong></span> <span class='ocrx_word' id='word_1_230' title='bbox 780 1729 949 1810; x_wconf 66' lang='lat' dir='ltr'><strong>Saepe</strong></span> <span class='ocrx_word' id='word_1_231' title='bbox 979 1738 1178 1791; x_wconf 89' lang='lat' dir='ltr'><strong>autem</strong></span> <span class='ocrx_word' id='word_1_232' title='bbox 1212 1730 1306 1790; x_wconf 91' lang='lat' dir='ltr'><strong>vel</strong></span> <span class='ocrx_word' id='word_1_233' title='bbox 1338 1733 1532 1809; x_wconf 88' lang='lat' dir='ltr'><strong>ipsum</strong></span> <span class='ocrx_word' id='word_1_234' title='bbox 1566 1728 1758 1790; x_wconf 91' lang='lat' dir='ltr'><strong>solum</strong></span> <span class='ocrx_word' id='word_1_235' title='bbox 1815 1745 2018 1805; x_wconf 87' lang='lat' dir='ltr'><strong>respe-</strong></span> 
     </span>
    </p>
   </div>
   <div class='ocr_carea' id='block_1_35' title="bbox 2118 1728 3763 1810">
    <p class='ocr_par' dir='ltr' id='par_1_35' title="bbox 2118 1728 3763 1808">
     <span class='ocr_line' id='line_1_35' title="bbox 2118 1728 3763 1808; baseline -0.002 -23"><span class='ocrx_word' id='word_1_236' title='bbox 2118 1731 2195 1785; x_wconf 78' lang='grc' dir='ltr'><strong>ιαὶ</strong></span> <span class='ocrx_word' id='word_1_237' title='bbox 2245 1733 2372 1789; x_wconf 81' lang='grc' dir='ltr'><strong>αύτο</strong></span> <span class='ocrx_word' id='word_1_238' title='bbox 2415 1732 2506 1784; x_wconf 82' lang='grc' dir='ltr'><strong>τὸν</strong></span> <span class='ocrx_word' id='word_1_239' title='bbox 2549 1729 2746 1806; x_wconf 76' lang='grc' dir='ltr'><strong>βλέψαι</strong></span> <span class='ocrx_word' id='word_1_240' title='bbox 2788 1741 2912 1794; x_wconf 75' lang='grc' dir='ltr'><strong>ταῖς</strong></span> <span class='ocrx_word' id='word_1_241' title='bbox 2957 1732 3060 1784; x_wconf 84' lang='grc' dir='ltr'><strong>τῶν</strong></span> <span class='ocrx_word' id='word_1_242' title='bbox 3105 1728 3279 1784; x_wconf 75' lang='grc' dir='ltr'><strong>ἄλλων</strong></span> <span class='ocrx_word' id='word_1_243' title='bbox 3326 1734 3549 1808; x_wconf 77' lang='grc' dir='ltr'><strong>ψυχαῖς</strong></span> <span class='ocrx_word' id='word_1_244' title='bbox 3581 1729 3763 1783; x_wconf 66' lang='grc' dir='ltr'><strong>ἱκανὸν</strong></span> 
     </span>
    </p>
   </div>
   <div class='ocr_carea' id='block_1_36' title="bbox 383 1815 2018 1897">
    <p class='ocr_par' dir='ltr' id='par_1_36' title="bbox 383 1815 2018 1897">
     <span class='ocr_line' id='line_1_36' title="bbox 383 1815 2018 1897; baseline -0.005 -14"><span class='ocrx_word' id='word_1_245' title='bbox 383 1820 564 1897; x_wconf 83' lang='lat' dir='ltr'><strong>xisse,</strong></span> <span class='ocrx_word' id='word_1_246' title='bbox 595 1819 835 1882; x_wconf 72' lang='lat' dir='ltr'><strong>suffecit</strong></span> <span class='ocrx_word' id='word_1_247' title='bbox 862 1818 1113 1880; x_wconf 87' lang='lat' dir='ltr'><strong>aliorum</strong></span> <span class='ocrx_word' id='word_1_248' title='bbox 1133 1817 1350 1878; x_wconf 88' lang='lat' dir='ltr'><strong>animis</strong></span> <span class='ocrx_word' id='word_1_249' title='bbox 1375 1817 1447 1878; x_wconf 90' lang='lat' dir='ltr'><strong>ad</strong></span> <span class='ocrx_word' id='word_1_250' title='bbox 1471 1815 2018 1896; x_wconf 90' lang='lat' dir='ltr'><strong>compunctionem.</strong></span> 
     </span>
    </p>
   </div>
   <div class='ocr_carea' id='block_1_37' title="bbox 381 1905 2020 1987">
    <p class='ocr_par' dir='ltr' id='par_1_37' title="bbox 381 1905 2020 1987">
     <span class='ocr_line' id='line_1_37' title="bbox 381 1905 2020 1987; baseline -0.005 -14"><span class='ocrx_word' id='word_1_251' title='bbox 381 1911 460 1974; x_wconf 87' lang='lat' dir='ltr'><strong>Et</strong></span> <span class='ocrx_word' id='word_1_252' title='bbox 487 1918 625 1972; x_wconf 92' lang='lat' dir='ltr'><strong>sunt</strong></span> <span class='ocrx_word' id='word_1_253' title='bbox 657 1909 784 1970; x_wconf 65' lang='lat' dir='ltr'><strong>haec</strong></span> <span class='ocrx_word' id='word_1_254' title='bbox 813 1907 1056 1987; x_wconf 86' lang='lat' dir='ltr'><strong>quidem</strong></span> <span class='ocrx_word' id='word_1_255' title='bbox 1091 1906 1456 1984; x_wconf 87' lang='lat' dir='ltr'><strong>hujusmodi,</strong></span> <span class='ocrx_word' id='word_1_256' title='bbox 1491 1915 1550 1966; x_wconf 89' lang='lat' dir='ltr'><strong>et</strong></span> <span class='ocrx_word' id='word_1_257' title='bbox 1593 1923 1725 1986; x_wconf 63' lang='lat' dir='ltr'><strong>quae</strong></span> <span class='ocrx_word' id='word_1_258' title='bbox 1749 1905 1822 1966; x_wconf 89' lang='lat' dir='ltr'><strong>ad</strong></span> <span class='ocrx_word' id='word_1_259' title='bbox 1852 1923 2020 1965; x_wconf 88' lang='lat' dir='ltr'><strong>sum-</strong></span> 
     </span>
    </p>
   </div>
   <div class='ocr_carea' id='block_1_38' title="bbox 383 1995 1502 2059">
    <p class='ocr_par' dir='ltr' id='par_1_38' title="bbox 383 1995 1502 2059">
     <span class='ocr_line' id='line_1_38' title="bbox 383 1995 1502 2059; baseline -0.002 0"><span class='ocrx_word' id='word_1_260' title='bbox 383 2017 544 2059; x_wconf 90' lang='lat' dir='ltr'><strong>mnm</strong></span> <span class='ocrx_word' id='word_1_261' title='bbox 579 1998 775 2059; x_wconf 90' lang='lat' dir='ltr'><strong>omnis</strong></span> <span class='ocrx_word' id='word_1_262' title='bbox 805 1995 1036 2056; x_wconf 91' lang='lat' dir='ltr'><strong>virtutis</strong></span> <span class='ocrx_word' id='word_1_263' title='bbox 1063 1996 1148 2056; x_wconf 89' lang='lat' dir='ltr'><strong>sic</strong></span> <span class='ocrx_word' id='word_1_264' title='bbox 1179 2003 1502 2057; x_wconf 81' lang='lat' dir='ltr'><strong>venerunt.</strong></span> 
     </span>
    </p>
   </div>
   <div class='ocr_carea' id='block_1_39' title="bbox 460 2084 2021 2164">
    <p class='ocr_par' dir='ltr' id='par_1_39' title="bbox 460 2084 2021 2164">
     <span class='ocr_line' id='line_1_39' title="bbox 460 2084 2021 2164; baseline -0.004 -14"><span class='ocrx_word' id='word_1_265' title='bbox 460 2087 612 2150; x_wconf 87' lang='lat' dir='ltr'>XIV.</span> <span class='ocrx_word' id='word_1_266' title='bbox 648 2085 790 2164; x_wconf 87' lang='lat' dir='ltr'><strong>Ejus</strong></span> <span class='ocrx_word' id='word_1_267' title='bbox 819 2100 967 2146; x_wconf 82' lang='lat' dir='ltr'><strong>vero</strong></span> <span class='ocrx_word' id='word_1_268' title='bbox 996 2101 1068 2146; x_wconf 82' lang='lat' dir='ltr'><strong>ex</strong></span> <span class='ocrx_word' id='word_1_269' title='bbox 1094 2087 1219 2147; x_wconf 89' lang='lat' dir='ltr'><strong>Deo</strong></span> <span class='ocrx_word' id='word_1_270' title='bbox 1241 2084 1378 2160; x_wconf 87' lang='lat' dir='ltr'><strong>zeli,</strong></span> <span class='ocrx_word' id='word_1_271' title='bbox 1405 2094 1716 2155; x_wconf 85' lang='lat' dir='ltr'><strong>eteorum,</strong></span> <span class='ocrx_word' id='word_1_272' title='bbox 1743 2101 1892 2163; x_wconf 91' lang='lat' dir='ltr'><strong>quos</strong></span> <span class='ocrx_word' id='word_1_273' title='bbox 1914 2101 2021 2164; x_wconf 89' lang='lat' dir='ltr'><strong>pro</strong></span> 
     </span>
    </p>
   </div>
   <div class='ocr_carea' id='block_1_40' title="bbox 379 2172 2020 2254">
    <p class='ocr_par' dir='ltr' id='par_1_40' title="bbox 379 2172 2020 2254">
     <span class='ocr_line' id='line_1_40' title="bbox 379 2172 2020 2254; baseline -0.004 -15"><span class='ocrx_word' id='word_1_274' title='bbox 379 2185 544 2239; x_wconf 84' lang='lat' dir='ltr'><strong>recta</strong></span> <span class='ocrx_word' id='word_1_275' title='bbox 565 2175 686 2236; x_wconf 84' lang='lat' dir='ltr'><strong>fide</strong></span> <span class='ocrx_word' id='word_1_276' title='bbox 707 2175 997 2254; x_wconf 88' lang='lat' dir='ltr'><strong>suscepit,</strong></span> <span class='ocrx_word' id='word_1_277' title='bbox 1023 2174 1331 2247; x_wconf 89' lang='lat' dir='ltr'><strong>sudorum,</strong></span> <span class='ocrx_word' id='word_1_278' title='bbox 1361 2180 1500 2233; x_wconf 91' lang='lat' dir='ltr'><strong>sunt</strong></span> <span class='ocrx_word' id='word_1_279' title='bbox 1520 2173 1700 2234; x_wconf 80' lang='lat' dir='ltr'><strong>multa</strong></span> <span class='ocrx_word' id='word_1_280' title='bbox 1731 2172 1847 2232; x_wconf 88' lang='lat' dir='ltr'><strong>alia</strong></span> <span class='ocrx_word' id='word_1_281' title='bbox 1869 2191 2020 2252; x_wconf 88' lang='lat' dir='ltr'><strong>quo-</strong></span> 
     </span>
    </p>
   </div>
   <div class='ocr_carea' id='block_1_41' title="bbox 380 2259 2019 2349">
    <p class='ocr_par' dir='ltr' id='par_1_41' title="bbox 380 2259 2019 2349">
     <span class='ocr_line' id='line_1_41' title="bbox 380 2259 2019 2349; baseline -0.004 -22"><span class='ocrx_word' id='word_1_282' title='bbox 380 2285 496 2349; x_wconf 83' lang='lat' dir='ltr'><strong>que</strong></span> <span class='ocrx_word' id='word_1_283' title='bbox 521 2263 765 2326; x_wconf 85' lang='lat' dir='ltr'><strong>indicia.</strong></span> <span class='ocrx_word' id='word_1_284' title='bbox 797 2262 963 2335; x_wconf 90' lang='lat' dir='ltr'><strong>Qnod</strong></span> <span class='ocrx_word' id='word_1_285' title='bbox 985 2272 1179 2324; x_wconf 89' lang='lat' dir='ltr'><strong>autem</strong></span> <span class='ocrx_word' id='word_1_286' title='bbox 1215 2281 1373 2322; x_wconf 90' lang='lat' dir='ltr'><strong>nunc</strong></span> <span class='ocrx_word' id='word_1_287' title='bbox 1404 2261 1666 2340; x_wconf 78' lang='lat' dir='ltr'><strong>suggerit</strong></span> <span class='ocrx_word' id='word_1_288' title='bbox 1697 2259 2019 2322; x_wconf 91' lang='lat' dir='ltr'><strong>dicendum</strong></span> 
     </span>
    </p>
   </div>
   <div class='ocr_carea' id='block_1_42' title="bbox 381 2351 2021 2432">
    <p class='ocr_par' dir='ltr' id='par_1_42' title="bbox 381 2351 2021 2432">
     <span class='ocr_line' id='line_1_42' title="bbox 381 2351 2021 2432; baseline -0.004 -16"><span class='ocrx_word' id='word_1_289' title='bbox 381 2354 595 2427; x_wconf 88' lang='lat' dir='ltr'><strong>oratio,</strong></span> <span class='ocrx_word' id='word_1_290' title='bbox 626 2361 684 2414; x_wconf 91' lang='lat' dir='ltr'><strong>et</strong></span> <span class='ocrx_word' id='word_1_291' title='bbox 708 2351 781 2412; x_wconf 91' lang='lat' dir='ltr'><strong>ad</strong></span> <span class='ocrx_word' id='word_1_292' title='bbox 803 2351 966 2432; x_wconf 90' lang='lat' dir='ltr'><strong>quod</strong></span> <span class='ocrx_word' id='word_1_293' title='bbox 985 2352 1100 2413; x_wconf 83' lang='lat' dir='ltr'><strong>fert</strong></span> <span class='ocrx_word' id='word_1_294' title='bbox 1121 2351 1405 2430; x_wconf 88' lang='lat' dir='ltr'><strong>deinceps</strong></span> <span class='ocrx_word' id='word_1_295' title='bbox 1426 2353 1854 2430; x_wconf 87' lang='lat' dir='ltr'><strong>consequentia</strong></span> <span class='ocrx_word' id='word_1_296' title='bbox 1879 2367 2021 2410; x_wconf 85' lang='lat' dir='ltr'><strong>nar-</strong></span> 
     </span>
    </p>
   </div>
   <div class='ocr_carea' id='block_1_43' title="bbox 377 2439 2019 2519">
    <p class='ocr_par' dir='ltr' id='par_1_43' title="bbox 377 2439 2019 2519">
     <span class='ocr_line' id='line_1_43' title="bbox 377 2439 2019 2519; baseline -0.001 -15"><span class='ocrx_word' id='word_1_297' title='bbox 377 2443 648 2519; x_wconf 85' lang='lat' dir='ltr'><strong>rationis,</strong></span> <span class='ocrx_word' id='word_1_298' title='bbox 669 2450 760 2502; x_wconf 89' lang='lat' dir='ltr'><strong>est</strong></span> <span class='ocrx_word' id='word_1_299' title='bbox 777 2442 1045 2502; x_wconf 88' lang='lat' dir='ltr'><strong>omnium</strong></span> <span class='ocrx_word' id='word_1_300' title='bbox 1067 2440 1392 2501; x_wconf 79' lang='lat' dir='ltr'><strong>maximum</strong></span> <span class='ocrx_word' id='word_1_301' title='bbox 1417 2439 2019 2518; x_wconf 88' lang='lat' dir='ltr'><strong>etjucundissimum.</strong></span> 
     </span>
    </p>
   </div>
   <div class='ocr_carea' id='block_1_44' title="bbox 378 2527 2020 2608">
    <p class='ocr_par' dir='ltr' id='par_1_44' title="bbox 378 2527 2020 2608">
     <span class='ocr_line' id='line_1_44' title="bbox 378 2527 2020 2608; baseline -0.004 -14"><span class='ocrx_word' id='word_1_302' title='bbox 378 2532 467 2594; x_wconf 90' lang='lat' dir='ltr'><strong>Ita</strong></span> <span class='ocrx_word' id='word_1_303' title='bbox 491 2539 689 2593; x_wconf 84' lang='lat' dir='ltr'><strong>autem</strong></span> <span class='ocrx_word' id='word_1_304' title='bbox 717 2530 918 2593; x_wconf 86' lang='lat' dir='ltr'><strong>habet.</strong></span> <span class='ocrx_word' id='word_1_305' title='bbox 942 2528 1327 2608; x_wconf 80' lang='lat' dir='ltr'><strong>Apollinaris,</strong></span> <span class='ocrx_word' id='word_1_306' title='bbox 1355 2528 1455 2608; x_wconf 89' lang='lat' dir='ltr'><strong>qui</strong></span> <span class='ocrx_word' id='word_1_307' title='bbox 1479 2529 1536 2588; x_wconf 91' lang='lat' dir='ltr'><strong>in</strong></span> <span class='ocrx_word' id='word_1_308' title='bbox 1561 2529 1744 2590; x_wconf 88' lang='lat' dir='ltr'><strong>altum</strong></span> <span class='ocrx_word' id='word_1_309' title='bbox 1777 2527 2020 2608; x_wconf 82' lang='lat' dir='ltr'><strong>quidem</strong></span> 
     </span>
    </p>
   </div>
   <div class='ocr_carea' id='block_1_45' title="bbox 379 2617 2026 2696">
    <p class='ocr_par' dir='ltr' id='par_1_45' title="bbox 379 2617 2026 2696">
     <span class='ocr_line' id='line_1_45' title="bbox 379 2617 2026 2696; baseline -0.004 -13"><span class='ocrx_word' id='word_1_310' title='bbox 379 2622 615 2683; x_wconf 88' lang='lat' dir='ltr'><strong>locutus</strong></span> <span class='ocrx_word' id='word_1_311' title='bbox 637 2629 748 2694; x_wconf 90' lang='lat' dir='ltr'><strong>est,</strong></span> <span class='ocrx_word' id='word_1_312' title='bbox 767 2626 823 2680; x_wconf 92' lang='lat' dir='ltr'><strong>et</strong></span> <span class='ocrx_word' id='word_1_313' title='bbox 848 2619 1163 2679; x_wconf 86' lang='lat' dir='ltr'><strong>meditatus</strong></span> <span class='ocrx_word' id='word_1_314' title='bbox 1183 2636 1451 2695; x_wconf 87' lang='lat' dir='ltr'><strong>magnam</strong></span> <span class='ocrx_word' id='word_1_315' title='bbox 1473 2617 1848 2696; x_wconf 90' lang='lat' dir='ltr'><strong>iniquitatem</strong></span> <span class='ocrx_word' id='word_1_316' title='bbox 1870 2634 2026 2692; x_wconf 87' lang='lat' dir='ltr'><strong>;om-</strong></span> 
     </span>
    </p>
   </div>
   <div class='ocr_carea' id='block_1_46' title="bbox 379 2704 2024 2784">
    <p class='ocr_par' dir='ltr' id='par_1_46' title="bbox 379 2704 2024 2784">
     <span class='ocr_line' id='line_1_46' title="bbox 379 2704 2024 2784; baseline -0.004 -12"><span class='ocrx_word' id='word_1_317' title='bbox 379 2717 476 2772; x_wconf 81' lang='lat' dir='ltr'><strong>nie</strong></span> <span class='ocrx_word' id='word_1_318' title='bbox 493 2727 634 2771; x_wconf 84' lang='lat' dir='ltr'><strong>vero</strong></span> <span class='ocrx_word' id='word_1_319' title='bbox 665 2717 725 2770; x_wconf 90' lang='lat' dir='ltr'><strong>et</strong></span> <span class='ocrx_word' id='word_1_320' title='bbox 746 2707 943 2768; x_wconf 86' lang='lat' dir='ltr'><strong>facere</strong></span> <span class='ocrx_word' id='word_1_321' title='bbox 969 2716 1027 2767; x_wconf 90' lang='lat' dir='ltr'><strong>et</strong></span> <span class='ocrx_word' id='word_1_322' title='bbox 1047 2707 1252 2768; x_wconf 90' lang='lat' dir='ltr'><strong>dicere</strong></span> <span class='ocrx_word' id='word_1_323' title='bbox 1277 2704 1576 2766; x_wconf 86' lang='lat' dir='ltr'><strong>didicitad</strong></span> <span class='ocrx_word' id='word_1_324' title='bbox 1599 2713 1760 2766; x_wconf 81' lang='lat' dir='ltr'><strong>recta</strong></span> <span class='ocrx_word' id='word_1_325' title='bbox 1783 2723 2024 2784; x_wconf 86' lang='lat' dir='ltr'><strong>perver-</strong></span> 
     </span>
    </p>
   </div>
   <div class='ocr_carea' id='block_1_47' title="bbox 378 2795 2020 2876">
    <p class='ocr_par' dir='ltr' id='par_1_47' title="bbox 378 2795 2020 2876">
     <span class='ocr_line' id='line_1_47' title="bbox 378 2795 2020 2876; baseline -0.005 -15"><span class='ocrx_word' id='word_1_326' title='bbox 378 2799 562 2861; x_wconf 86' lang='lat' dir='ltr'><strong>tenda</strong></span> <span class='ocrx_word' id='word_1_327' title='bbox 585 2799 886 2876; x_wconf 85' lang='lat' dir='ltr'><strong>dogmata,</strong></span> <span class='ocrx_word' id='word_1_328' title='bbox 909 2815 1042 2857; x_wconf 91' lang='lat' dir='ltr'><strong>cum</strong></span> <span class='ocrx_word' id='word_1_329' title='bbox 1069 2795 1227 2856; x_wconf 91' lang='lat' dir='ltr'><strong>circa</strong></span> <span class='ocrx_word' id='word_1_330' title='bbox 1251 2803 1479 2856; x_wconf 91' lang='lat' dir='ltr'><strong>rectam</strong></span> <span class='ocrx_word' id='word_1_331' title='bbox 1505 2795 1681 2856; x_wconf 87' lang='lat' dir='ltr'><strong>ﬁdem</strong></span> <span class='ocrx_word' id='word_1_332' title='bbox 1709 2795 1892 2854; x_wconf 83' lang='lat' dir='ltr'><strong>multa</strong></span> <span class='ocrx_word' id='word_1_333' title='bbox 1925 2795 2020 2854; x_wconf 85' lang='lat' dir='ltr'><strong>in-</strong></span> 
     </span>
    </p>
   </div>
   <div class='ocr_carea' id='block_1_48' title="bbox 383 2884 2022 2963">
    <p class='ocr_par' dir='ltr' id='par_1_48' title="bbox 383 2884 2022 2963">
     <span class='ocr_line' id='line_1_48' title="bbox 383 2884 2022 2963; baseline -0.004 -15"><span class='ocrx_word' id='word_1_334' title='bbox 383 2894 684 2958; x_wconf 79' lang='lat' dir='ltr'><strong>novasset,</strong></span> <span class='ocrx_word' id='word_1_335' title='bbox 713 2894 772 2946; x_wconf 90' lang='lat' dir='ltr'><strong>et</strong></span> <span class='ocrx_word' id='word_1_336' title='bbox 793 2885 946 2946; x_wconf 82' lang='lat' dir='ltr'><strong>sicut</strong></span> <span class='ocrx_word' id='word_1_337' title='bbox 972 2884 1425 2963; x_wconf 81' lang='lat' dir='ltr'><strong>engastrimythi</strong></span> <span class='ocrx_word' id='word_1_338' title='bbox 1461 2892 1520 2945; x_wconf 93' lang='lat' dir='ltr'><strong>et</strong></span> <span class='ocrx_word' id='word_1_339' title='bbox 1551 2884 1649 2963; x_wconf 91' lang='lat' dir='ltr'><strong>qui</strong></span> <span class='ocrx_word' id='word_1_340' title='bbox 1678 2901 1710 2943; x_wconf 93' lang='lat' dir='ltr'><strong>e</strong></span> <span class='ocrx_word' id='word_1_341' title='bbox 1734 2900 1888 2944; x_wconf 74' lang='lat' dir='ltr'><strong>terra</strong></span> <span class='ocrx_word' id='word_1_342' title='bbox 1917 2902 2022 2943; x_wconf 86' lang='lat' dir='ltr'><strong>vo-</strong></span> 
     </span>
    </p>
   </div>
   <div class='ocr_carea' id='block_1_49' title="bbox 379 2972 2020 3050">
    <p class='ocr_par' dir='ltr' id='par_1_49' title="bbox 379 2972 2020 3050">
     <span class='ocr_line' id='line_1_49' title="bbox 379 2972 2020 3050; baseline -0.004 -11"><span class='ocrx_word' id='word_1_343' title='bbox 379 2994 511 3039; x_wconf 90' lang='lat' dir='ltr'><strong>cem</strong></span> <span class='ocrx_word' id='word_1_344' title='bbox 538 2974 746 3047; x_wconf 87' lang='lat' dir='ltr'><strong>edunt,</strong></span> <span class='ocrx_word' id='word_1_345' title='bbox 785 2984 848 3033; x_wconf 91' lang='lat' dir='ltr'><strong>ut</strong></span> <span class='ocrx_word' id='word_1_346' title='bbox 876 2983 1044 3034; x_wconf 82' lang='lat' dir='ltr'><strong>recte</strong></span> <span class='ocrx_word' id='word_1_347' title='bbox 1071 2972 1146 3035; x_wconf 89' lang='lat' dir='ltr'><strong>de</strong></span> <span class='ocrx_word' id='word_1_348' title='bbox 1182 2976 1254 3032; x_wconf 90' lang='lat' dir='ltr'><strong>iis</strong></span> <span class='ocrx_word' id='word_1_349' title='bbox 1288 2991 1498 3050; x_wconf 82' lang='lat' dir='ltr'><strong>magno</strong></span> <span class='ocrx_word' id='word_1_350' title='bbox 1530 2972 1761 3034; x_wconf 76' lang='lat' dir='ltr'><strong>videtur</strong></span> <span class='ocrx_word' id='word_1_351' title='bbox 1786 2972 2020 3047; x_wconf 68' lang='lat' dir='ltr'><strong>Isa&#39;aa7,</strong></span> 
     </span>
    </p>
   </div>
   <div class='ocr_carea' id='block_1_50' title="bbox 2108 1816 3770 1893">
    <p class='ocr_par' dir='ltr' id='par_1_50' title="bbox 2108 1816 3770 1893">
     <span class='ocr_line' id='line_1_50' title="bbox 2108 1816 3770 1893; baseline -0.001 -19"><span class='ocrx_word' id='word_1_352' title='bbox 2108 1822 2238 1892; x_wconf 73' lang='grc' dir='ltr'><strong>πρὸς</strong></span> <span class='ocrx_word' id='word_1_353' title='bbox 2295 1818 2597 1884; x_wconf 78' lang='grc' dir='ltr'><strong>κατάνυξιν.</strong></span> <span class='ocrx_word' id='word_1_354' title='bbox 2681 1820 2776 1875; x_wconf 84' lang='grc' dir='ltr'><strong>Καὶ</strong></span> <span class='ocrx_word' id='word_1_355' title='bbox 2846 1827 3008 1875; x_wconf 77' lang='grc' dir='ltr'><strong>ταῦτα</strong></span> <span class='ocrx_word' id='word_1_356' title='bbox 3077 1819 3172 1892; x_wconf 74' lang='grc' dir='ltr'><strong>μὲν</strong></span> <span class='ocrx_word' id='word_1_357' title='bbox 3231 1816 3293 1879; x_wconf 68' lang='grc' dir='ltr'><strong>δὴ</strong></span> <span class='ocrx_word' id='word_1_358' title='bbox 3351 1839 3613 1893; x_wconf 84' lang='grc' dir='ltr'><strong>τοιαυτα,</strong></span> <span class='ocrx_word' id='word_1_359' title='bbox 3677 1819 3770 1872; x_wconf 80' lang='grc' dir='ltr'><strong>καὶ</strong></span> 
     </span>
    </p>
   </div>
   <div class='ocr_carea' id='block_1_51' title="bbox 2107 1907 3608 1985">
    <p class='ocr_par' dir='ltr' id='par_1_51' title="bbox 2107 1907 3608 1985">
     <span class='ocr_line' id='line_1_51' title="bbox 2107 1907 3608 1985; baseline 0.001 -21"><span class='ocrx_word' id='word_1_360' title='bbox 2107 1907 2272 1973; x_wconf 64' lang='grc' dir='ltr'><strong>οὕτως</strong></span> <span class='ocrx_word' id='word_1_361' title='bbox 2305 1910 2378 1970; x_wconf 77' lang='grc' dir='ltr'><strong>εἷς</strong></span> <span class='ocrx_word' id='word_1_362' title='bbox 2410 1910 2470 1964; x_wconf 80' lang='lat'><strong>10</strong></span> <span class='ocrx_word' id='word_1_363' title='bbox 2504 1907 2796 1972; x_wconf 76' lang='grc' dir='ltr'><strong>ἀκρότατον</strong></span> <span class='ocrx_word' id='word_1_364' title='bbox 2827 1909 3042 1974; x_wconf 80' lang='grc' dir='ltr'><strong>ἀπάσης</strong></span> <span class='ocrx_word' id='word_1_365' title='bbox 3076 1909 3266 1985; x_wconf 82' lang='grc' dir='ltr'><strong>ἀρετῆς</strong></span> <span class='ocrx_word' id='word_1_366' title='bbox 3300 1907 3608 1985; x_wconf 72' lang='grc' dir='ltr'><strong>ἀφιγμένα.</strong></span> 
     </span>
    </p>
   </div>
   <div class='ocr_carea' id='block_1_52' title="bbox 2189 2076 3768 2161">
    <p class='ocr_par' dir='ltr' id='par_1_52' title="bbox 2189 2076 3768 2161">
     <span class='ocr_line' id='line_1_52' title="bbox 2189 2076 3768 2161; baseline -0.009 -11"><span class='ocrx_word' id='word_1_367' title='bbox 2189 2076 2298 2148; x_wconf 54' lang='grc' dir='ltr'><strong>[ιδ’.</strong></span> <span class='ocrx_word' id='word_1_368' title='bbox 2362 2094 2462 2143; x_wconf 84' lang='grc' dir='ltr'><strong>Τοῦ</strong></span> <span class='ocrx_word' id='word_1_369' title='bbox 2520 2085 2574 2141; x_wconf 77' lang='grc' dir='ltr'><strong>δὲ</strong></span> <span class='ocrx_word' id='word_1_370' title='bbox 2636 2085 2772 2142; x_wconf 88' lang='grc' dir='ltr'><strong>κατά</strong></span> <span class='ocrx_word' id='word_1_371' title='bbox 2831 2088 2960 2141; x_wconf 84' lang='grc' dir='ltr'><strong>Θεὸν</strong></span> <span class='ocrx_word' id='word_1_372' title='bbox 3003 2085 3189 2159; x_wconf 87' lang='grc' dir='ltr'><strong>ζήλου,</strong></span> <span class='ocrx_word' id='word_1_373' title='bbox 3224 2088 3313 2142; x_wconf 87' lang='grc' dir='ltr'><strong>καὶ</strong></span> <span class='ocrx_word' id='word_1_374' title='bbox 3347 2091 3456 2140; x_wconf 81' lang='grc' dir='ltr'><strong>τῶν</strong></span> <span class='ocrx_word' id='word_1_375' title='bbox 3486 2086 3634 2161; x_wconf 68' lang='grc' dir='ltr'><strong>ὑπὲρ</strong></span> <span class='ocrx_word' id='word_1_376' title='bbox 3663 2090 3768 2147; x_wconf 76' lang='grc' dir='ltr'>τίς</span> 
     </span>
    </p>
   </div>
   <div class='ocr_carea' id='block_1_53' title="bbox 2104 2173 3767 2252">
    <p class='ocr_par' dir='ltr' id='par_1_53' title="bbox 2104 2173 3767 2252">
     <span class='ocr_line' id='line_1_53' title="bbox 2104 2173 3767 2252; baseline -0.002 -22"><span class='ocrx_word' id='word_1_377' title='bbox 2104 2173 2397 2252; x_wconf 82' lang='grc' dir='ltr'><strong>ὀρθοδοξίας</strong></span> <span class='ocrx_word' id='word_1_378' title='bbox 2439 2175 2670 2247; x_wconf 75' lang='grc' dir='ltr'><strong>ἱδρώτων</strong></span> <span class='ocrx_word' id='word_1_379' title='bbox 2721 2174 2894 2231; x_wconf 83' lang='grc' dir='ltr'><strong>πο)λά</strong></span> <span class='ocrx_word' id='word_1_380' title='bbox 2943 2175 3038 2248; x_wconf 75' lang='grc' dir='ltr'><strong>μὲν</strong></span> <span class='ocrx_word' id='word_1_381' title='bbox 3068 2177 3227 2231; x_wconf 68' lang='grc' dir='ltr'><strong>αξιτοῦ</strong></span> <span class='ocrx_word' id='word_1_382' title='bbox 3257 2176 3344 2231; x_wconf 74' lang='grc' dir='ltr'><strong>καὶ</strong></span> <span class='ocrx_word' id='word_1_383' title='bbox 3374 2174 3516 2230; x_wconf 71' lang='grc' dir='ltr'><strong>ἄλλα</strong></span> <span class='ocrx_word' id='word_1_384' title='bbox 3553 2176 3767 2252; x_wconf 77' lang='grc' dir='ltr'><strong>γνωρί-</strong></span> 
     </span>
    </p>
   </div>
   <div class='ocr_carea' id='block_1_54' title="bbox 2107 2249 3762 2342">
    <p class='ocr_par' dir='ltr' id='par_1_54' title="bbox 2107 2249 3762 2342">
     <span class='ocr_line' id='line_1_54' title="bbox 2107 2249 3762 2342; baseline -0.001 -24"><span class='ocrx_word' id='word_1_385' title='bbox 2107 2285 2305 2335; x_wconf 82' lang='grc' dir='ltr'><strong>σματα.</strong></span> <span class='ocrx_word' id='word_1_386' title='bbox 2339 2249 2401 2320; x_wconf 60' lang='grc' dir='ltr'><strong>⁸1Ο</strong></span> <span class='ocrx_word' id='word_1_387' title='bbox 2455 2263 2509 2319; x_wconf 75' lang='grc' dir='ltr'><strong>δὲ</strong></span> <span class='ocrx_word' id='word_1_388' title='bbox 2555 2273 2642 2319; x_wconf 78' lang='grc' dir='ltr'><strong>νυν</strong></span> <span class='ocrx_word' id='word_1_389' title='bbox 2694 2265 2720 2318; x_wconf 76' lang='grc' dir='ltr'>ὁ</span> <span class='ocrx_word' id='word_1_390' title='bbox 2751 2262 2912 2340; x_wconf 84' lang='grc' dir='ltr'><strong>λόγος</strong></span> <span class='ocrx_word' id='word_1_391' title='bbox 2944 2266 3115 2319; x_wconf 72' lang='grc' dir='ltr'><strong>εἰπεῖν</strong></span> <span class='ocrx_word' id='word_1_392' title='bbox 3143 2260 3462 2342; x_wconf 64' lang='grc' dir='ltr'><strong>ὑποϐάλλει,</strong></span> <span class='ocrx_word' id='word_1_393' title='bbox 3496 2266 3592 2318; x_wconf 62' lang='grc' dir='ltr'><strong>καὶ</strong></span> <span class='ocrx_word' id='word_1_394' title='bbox 3625 2264 3762 2340; x_wconf 72' lang='grc' dir='ltr'><strong>πρὸς</strong></span> 
     </span>
    </p>
   </div>
   <div class='ocr_carea' id='block_1_55' title="bbox 2105 2350 3759 2430">
    <p class='ocr_par' dir='ltr' id='par_1_55' title="bbox 2105 2350 3759 2430">
     <span class='ocr_line' id='line_1_55' title="bbox 2105 2350 3759 2430; baseline -0.011 -24"><span class='ocrx_word' id='word_1_395' title='bbox 2105 2352 2133 2406; x_wconf 86' lang='grc' dir='ltr'><em>ὃ</em></span> <span class='ocrx_word' id='word_1_396' title='bbox 2164 2352 2307 2430; x_wconf 73' lang='grc' dir='ltr'><strong>φέρει</strong></span> <span class='ocrx_word' id='word_1_397' title='bbox 2351 2352 2538 2408; x_wconf 83' lang='grc' dir='ltr'><strong>λοιπὸν</strong></span> <span class='ocrx_word' id='word_1_398' title='bbox 2595 2354 2630 2420; x_wconf 79' lang='grc' dir='ltr'>ἡ</span> <span class='ocrx_word' id='word_1_399' title='bbox 2688 2352 2973 2409; x_wconf 70' lang='grc' dir='ltr'><strong>ἀκολουθία</strong></span> <span class='ocrx_word' id='word_1_400' title='bbox 3014 2359 3104 2408; x_wconf 70' lang='grc' dir='ltr'><strong>τοῦ</strong></span> <span class='ocrx_word' id='word_1_401' title='bbox 3150 2350 3512 2428; x_wconf 50' lang='grc' dir='ltr'><strong>διηγήματος,</strong></span> <span class='ocrx_word' id='word_1_402' title='bbox 3588 2353 3759 2428; x_wconf 66' lang='grc' dir='ltr'><strong>μέτι,</strong></span> 
     </span>
    </p>
   </div>
   <div class='ocr_carea' id='block_1_56' title="bbox 2106 2441 3758 2518">
    <p class='ocr_par' dir='ltr' id='par_1_56' title="bbox 2106 2441 3758 2518">
     <span class='ocr_line' id='line_1_56' title="bbox 2106 2441 3758 2518; baseline 0.001 -22"><span class='ocrx_word' id='word_1_403' title='bbox 2106 2463 2227 2497; x_wconf 91' lang='grc' dir='ltr'><strong>στον</strong></span> <span class='ocrx_word' id='word_1_404' title='bbox 2287 2441 2537 2497; x_wconf 68' lang='grc' dir='ltr'><strong>ἁπάντων</strong></span> <span class='ocrx_word' id='word_1_405' title='bbox 2617 2442 2704 2496; x_wconf 85' lang='grc' dir='ltr'><strong>καὶ</strong></span> <span class='ocrx_word' id='word_1_406' title='bbox 2760 2441 3136 2518; x_wconf 80' lang='grc' dir='ltr'><strong>χαριέστατον.</strong></span> <span class='ocrx_word' id='word_1_407' title='bbox 3196 2441 3361 2518; x_wconf 73' lang='grc' dir='ltr'><strong>’Ἔχει</strong></span> <span class='ocrx_word' id='word_1_408' title='bbox 3417 2441 3476 2497; x_wconf 72' lang='grc' dir='ltr'><strong>δὲ</strong></span> <span class='ocrx_word' id='word_1_409' title='bbox 3552 2441 3758 2505; x_wconf 61' lang='grc' dir='ltr'><strong>οὕτως,</strong></span> 
     </span>
    </p>
   </div>
   <div class='ocr_carea' id='block_1_57' title="bbox 2105 2528 3758 2606">
    <p class='ocr_par' dir='ltr' id='par_1_57' title="bbox 2105 2528 3758 2606">
     <span class='ocr_line' id='line_1_57' title="bbox 2105 2528 3758 2606; baseline -0.001 -20"><span class='ocrx_word' id='word_1_410' title='bbox 2105 2528 2537 2606; x_wconf 77' lang='grc' dir='ltr'><strong>Ἀπολλινσίριος,</strong></span> <span class='ocrx_word' id='word_1_411' title='bbox 2597 2532 2624 2585; x_wconf 84' lang='grc' dir='ltr'>ὁ</span> <span class='ocrx_word' id='word_1_412' title='bbox 2682 2529 2891 2596; x_wconf 75' lang='grc' dir='ltr'><strong>πολλὴν</strong></span> <span class='ocrx_word' id='word_1_413' title='bbox 2947 2530 3043 2605; x_wconf 80' lang='grc' dir='ltr'><strong>μὲν</strong></span> <span class='ocrx_word' id='word_1_414' title='bbox 3107 2533 3180 2596; x_wconf 81' lang='grc' dir='ltr'><strong>εἰς</strong></span> <span class='ocrx_word' id='word_1_415' title='bbox 3223 2532 3284 2587; x_wconf 84' lang='grc' dir='ltr'><strong>τὸ</strong></span> <span class='ocrx_word' id='word_1_416' title='bbox 3343 2531 3482 2606; x_wconf 70' lang='grc' dir='ltr'><strong>ὕψος</strong></span> <span class='ocrx_word' id='word_1_417' title='bbox 3540 2530 3758 2587; x_wconf 79' lang='grc' dir='ltr'><strong>ἀδικίαν</strong></span> 
     </span>
    </p>
   </div>
   <div class='ocr_carea' id='block_1_58' title="bbox 2107 2616 3758 2693">
    <p class='ocr_par' dir='ltr' id='par_1_58' title="bbox 2107 2616 3758 2693">
     <span class='ocr_line' id='line_1_58' title="bbox 2107 2616 3758 2693; baseline 0.001 -19"><span class='ocrx_word' id='word_1_418' title='bbox 2107 2619 2348 2688; x_wconf 80' lang='grc' dir='ltr'><strong>λαλήσας</strong></span> <span class='ocrx_word' id='word_1_419' title='bbox 2406 2621 2494 2674; x_wconf 83' lang='grc' dir='ltr'><strong>καὶ</strong></span> <span class='ocrx_word' id='word_1_420' title='bbox 2551 2616 2878 2693; x_wconf 77' lang='grc' dir='ltr'><strong>μελετήσας,</strong></span> <span class='ocrx_word' id='word_1_421' title='bbox 2938 2619 3112 2675; x_wconf 75' lang='grc' dir='ltr'><strong>πάντα</strong></span> <span class='ocrx_word' id='word_1_422' title='bbox 3181 2619 3235 2674; x_wconf 84' lang='grc' dir='ltr'><strong>δὲ</strong></span> <span class='ocrx_word' id='word_1_423' title='bbox 3282 2621 3377 2676; x_wconf 75' lang='grc' dir='ltr'><strong>καί</strong></span> <span class='ocrx_word' id='word_1_424' title='bbox 3421 2634 3614 2676; x_wconf 77' lang='grc' dir='ltr'><strong>ποιεῖν</strong></span> <span class='ocrx_word' id='word_1_425' title='bbox 3668 2624 3758 2677; x_wconf 80' lang='grc' dir='ltr'><strong>καὶ</strong></span> 
     </span>
    </p>
   </div>
   <div class='ocr_carea' id='block_1_59' title="bbox 2107 2705 3757 2786">
    <p class='ocr_par' dir='ltr' id='par_1_59' title="bbox 2107 2705 3757 2786">
     <span class='ocr_line' id='line_1_59' title="bbox 2107 2705 3757 2786; baseline 0.002 -24"><span class='ocrx_word' id='word_1_426' title='bbox 2107 2708 2283 2784; x_wconf 80' lang='grc' dir='ltr'><strong>λέγειν</strong></span> <span class='ocrx_word' id='word_1_427' title='bbox 2340 2708 2426 2764; x_wconf 78' lang='grc' dir='ltr'><strong>ἐπὶ</strong></span> <span class='ocrx_word' id='word_1_428' title='bbox 2482 2705 2770 2785; x_wconf 65' lang='grc' dir='ltr'><strong>διαστροφῇ</strong></span> <span class='ocrx_word' id='word_1_429' title='bbox 2819 2714 2924 2763; x_wconf 82' lang='grc' dir='ltr'><strong>τῶν</strong></span> <span class='ocrx_word' id='word_1_430' title='bbox 2957 2709 3120 2784; x_wconf 78' lang='grc' dir='ltr'><strong>ὀρθῶν</strong></span> <span class='ocrx_word' id='word_1_431' title='bbox 3171 2706 3458 2786; x_wconf 74' lang='grc' dir='ltr'><strong>δογμάτων</strong></span> <span class='ocrx_word' id='word_1_432' title='bbox 3489 2714 3757 2783; x_wconf 74' lang='grc' dir='ltr'><strong>μεμαθη-</strong></span> 
     </span>
    </p>
   </div>
   <div class='ocr_carea' id='block_1_60' title="bbox 2106 2795 3752 2874">
    <p class='ocr_par' dir='ltr' id='par_1_60' title="bbox 2106 2795 3752 2874">
     <span class='ocr_line' id='line_1_60' title="bbox 2106 2795 3752 2874; baseline 0.001 -21"><span class='ocrx_word' id='word_1_433' title='bbox 2106 2799 2237 2867; x_wconf 85' lang='grc' dir='ltr'><strong>κὼς,</strong></span> <span class='ocrx_word' id='word_1_434' title='bbox 2285 2795 2461 2854; x_wconf 81' lang='grc' dir='ltr'><strong>πολλά</strong></span> <span class='ocrx_word' id='word_1_435' title='bbox 2518 2798 2636 2874; x_wconf 88' lang='grc' dir='ltr'><strong>περὶ</strong></span> <span class='ocrx_word' id='word_1_436' title='bbox 2690 2799 2787 2864; x_wconf 77' lang='grc' dir='ltr'><strong>τὴν</strong></span> <span class='ocrx_word' id='word_1_437' title='bbox 2846 2795 3023 2865; x_wconf 74' lang='grc' dir='ltr'><strong>ἀληἿῆ</strong></span> <span class='ocrx_word' id='word_1_438' title='bbox 3080 2799 3255 2855; x_wconf 86' lang='grc' dir='ltr'><strong>πίστιν</strong></span> <span class='ocrx_word' id='word_1_439' title='bbox 3312 2801 3752 2872; x_wconf 74' lang='grc' dir='ltr'><strong>ναινοτομήσας,</strong></span> 
     </span>
    </p>
   </div>
   <div class='ocr_carea' id='block_1_61' title="bbox 2106 2885 3756 2966">
    <p class='ocr_par' dir='ltr' id='par_1_61' title="bbox 2106 2885 3756 2966">
     <span class='ocr_line' id='line_1_61' title="bbox 2106 2885 3756 2966; baseline -0.001 -23"><span class='ocrx_word' id='word_1_440' title='bbox 2106 2889 2241 2944; x_wconf 85' lang='grc' dir='ltr'><strong>κατά</strong></span> <span class='ocrx_word' id='word_1_441' title='bbox 2299 2888 2421 2949; x_wconf 84' lang='grc' dir='ltr'><strong>τοὺς</strong></span> <span class='ocrx_word' id='word_1_442' title='bbox 2479 2885 2953 2966; x_wconf 76' lang='grc' dir='ltr'><strong>ἐγγαστριμύθους,</strong></span> <span class='ocrx_word' id='word_1_443' title='bbox 3011 2888 3101 2943; x_wconf 85' lang='grc' dir='ltr'><strong>καὶ</strong></span> <span class='ocrx_word' id='word_1_444' title='bbox 3154 2887 3274 2952; x_wconf 79' lang='grc' dir='ltr'><strong>τοὺς</strong></span> <span class='ocrx_word' id='word_1_445' title='bbox 3318 2887 3428 2943; x_wconf 77' lang='grc' dir='ltr'><strong>ἀπὸ</strong></span> <span class='ocrx_word' id='word_1_446' title='bbox 3486 2893 3594 2955; x_wconf 80' lang='grc' dir='ltr'><strong>τῆς</strong></span> <span class='ocrx_word' id='word_1_447' title='bbox 3653 2894 3756 2964; x_wconf 77' lang='grc' dir='ltr'><strong>γῆς</strong></span> 
     </span>
    </p>
   </div>
   <div class='ocr_carea' id='block_1_62' title="bbox 2105 2973 3756 3054">
    <p class='ocr_par' dir='ltr' id='par_1_62' title="bbox 2105 2973 3756 3054">
     <span class='ocr_line' id='line_1_62' title="bbox 2105 2973 3756 3054; baseline -0.002 -23"><span class='ocrx_word' id='word_1_448' title='bbox 2105 2982 2432 3054; x_wconf 78' lang='grc' dir='ltr'><strong>φωνοῦντας,</strong></span> <span class='ocrx_word' id='word_1_449' title='bbox 2519 2976 2593 3037; x_wconf 85' lang='grc' dir='ltr'><strong>ὡς</strong></span> <span class='ocrx_word' id='word_1_450' title='bbox 2677 2973 2856 3039; x_wconf 84' lang='grc' dir='ltr'><strong>καλῶς</strong></span> <span class='ocrx_word' id='word_1_451' title='bbox 2933 2978 3009 3048; x_wconf 78' lang='grc' dir='ltr'><strong>τῷ</strong></span> <span class='ocrx_word' id='word_1_452' title='bbox 3085 2974 3305 3052; x_wconf 80' lang='grc' dir='ltr'><strong>μεγάλῳ</strong></span> <span class='ocrx_word' id='word_1_453' title='bbox 3364 2977 3485 3052; x_wconf 82' lang='grc' dir='ltr'><strong>περὶ</strong></span> <span class='ocrx_word' id='word_1_454' title='bbox 3545 2978 3756 3033; x_wconf 80' lang='grc' dir='ltr'><strong>τούτων</strong></span> 
     </span>
    </p>
   </div>
   <div class='ocr_carea' id='block_1_63' title="bbox 378 3061 2021 3147">
    <p class='ocr_par' dir='ltr' id='par_1_63' title="bbox 378 3061 2021 3140">
     <span class='ocr_line' id='line_1_63' title="bbox 378 3061 2021 3140; baseline -0.001 -14"><span class='ocrx_word' id='word_1_455' title='bbox 378 3065 615 3126; x_wconf 83' lang='lat' dir='ltr'><strong>locutus</strong></span> <span class='ocrx_word' id='word_1_456' title='bbox 638 3070 887 3135; x_wconf 89' lang='lat' dir='ltr'><strong>esset,et</strong></span> <span class='ocrx_word' id='word_1_457' title='bbox 910 3081 980 3123; x_wconf 89' lang='lat' dir='ltr'><strong>ea</strong></span> <span class='ocrx_word' id='word_1_458' title='bbox 1002 3061 2021 3140; x_wconf 82' lang='lat' dir='ltr'><strong>duobuslibriscomposuisset,cre-</strong></span> 
     </span>
    </p>
   </div>
   <div class='ocr_carea' id='block_1_64' title="bbox 2118 3061 3754 3147">
    <p class='ocr_par' dir='ltr' id='par_1_64' title="bbox 2127 3062 3754 3146">
     <span class='ocr_line' id='line_1_64' title="bbox 2127 3062 3754 3146; baseline 0 -26"><span class='ocrx_word' id='word_1_459' title='bbox 2127 3066 2307 3121; x_wconf 79' lang='grc' dir='ltr'><strong>Ησαία</strong></span> <span class='ocrx_word' id='word_1_460' title='bbox 2359 3062 2532 3137; x_wconf 72' lang='grc' dir='ltr'><strong>δοκεῖ,</strong></span> <span class='ocrx_word' id='word_1_461' title='bbox 2570 3064 2656 3120; x_wconf 80' lang='grc' dir='ltr'><strong>καὶ</strong></span> <span class='ocrx_word' id='word_1_462' title='bbox 2699 3063 2805 3119; x_wconf 77' lang='grc' dir='ltr'><strong>ἀπὸ</strong></span> <span class='ocrx_word' id='word_1_463' title='bbox 2849 3063 3150 3139; x_wconf 78' lang='grc' dir='ltr'><strong>θελήματος</strong></span> <span class='ocrx_word' id='word_1_464' title='bbox 3202 3065 3398 3121; x_wconf 69' lang='grc' dir='ltr'><strong>οἰκείου</strong></span> <span class='ocrx_word' id='word_1_465' title='bbox 3442 3065 3754 3146; x_wconf 73' lang='grc' dir='ltr'><strong>φθεγξάμε-</strong></span> 
     </span>
    </p>
   </div>
   <div class='ocr_carea' id='block_1_65' title="bbox 380 3150 2019 3231">
    <p class='ocr_par' dir='ltr' id='par_1_65' title="bbox 380 3150 2019 3231">
     <span class='ocr_line' id='line_1_65' title="bbox 380 3150 2019 3231; baseline -0.003 -14"><span class='ocrx_word' id='word_1_466' title='bbox 380 3153 468 3217; x_wconf 90' lang='lat' dir='ltr'><strong>dit</strong></span> <span class='ocrx_word' id='word_1_467' title='bbox 491 3152 730 3214; x_wconf 90' lang='lat' dir='ltr'><strong>cuidam</strong></span> <span class='ocrx_word' id='word_1_468' title='bbox 759 3151 1542 3231; x_wconf 65' lang='lat' dir='ltr'><strong>mulieri,quaailliusanimo</strong></span> <span class='ocrx_word' id='word_1_469' title='bbox 1565 3150 1876 3213; x_wconf 88' lang='lat' dir='ltr'><strong>dicebatur</strong></span> <span class='ocrx_word' id='word_1_470' title='bbox 1897 3170 2019 3212; x_wconf 87' lang='lat' dir='ltr'><strong>ser-</strong></span> 
     </span>
    </p>
   </div>
   <div class='ocr_carea' id='block_1_66' title="bbox 378 3243 2018 3316">
    <p class='ocr_par' dir='ltr' id='par_1_66' title="bbox 378 3243 2018 3316">
     <span class='ocr_line' id='line_1_66' title="bbox 378 3243 2018 3316; baseline -0.001 -14"><span class='ocrx_word' id='word_1_471' title='bbox 378 3249 497 3304; x_wconf 80' lang='lat' dir='ltr'><strong>vire</strong></span> <span class='ocrx_word' id='word_1_472' title='bbox 513 3255 564 3303; x_wconf 89' lang='lat' dir='ltr'><strong>et</strong></span> <span class='ocrx_word' id='word_1_473' title='bbox 581 3243 1132 3315; x_wconf 83' lang='lat' dir='ltr'><strong>voluptatibus.Cum</strong></span> <span class='ocrx_word' id='word_1_474' title='bbox 1149 3245 1256 3302; x_wconf 89' lang='lat' dir='ltr'><strong>hoc</strong></span> <span class='ocrx_word' id='word_1_475' title='bbox 1269 3259 1406 3316; x_wconf 78' lang='lat' dir='ltr'><strong>ergo</strong></span> <span class='ocrx_word' id='word_1_476' title='bbox 1421 3245 1716 3301; x_wconf 83' lang='lat' dir='ltr'><strong>didicisset</strong></span> <span class='ocrx_word' id='word_1_477' title='bbox 1735 3245 2018 3316; x_wconf 83' lang='lat' dir='ltr'><strong>Ephraem,</strong></span> 
     </span>
    </p>
   </div>
   <div class='ocr_carea' id='block_1_67' title="bbox 380 3326 2024 3392">
    <p class='ocr_par' dir='ltr' id='par_1_67' title="bbox 380 3326 2024 3392">
     <span class='ocr_line' id='line_1_67' title="bbox 380 3326 2024 3392; baseline -0.002 0"><span class='ocrx_word' id='word_1_478' title='bbox 380 3338 440 3392; x_wconf 91' lang='lat' dir='ltr'><strong>et</strong></span> <span class='ocrx_word' id='word_1_479' title='bbox 469 3347 601 3391; x_wconf 90' lang='lat' dir='ltr'><strong>eam</strong></span> <span class='ocrx_word' id='word_1_480' title='bbox 655 3346 783 3389; x_wconf 91' lang='lat' dir='ltr'><strong>rem</strong></span> <span class='ocrx_word' id='word_1_481' title='bbox 819 3345 954 3389; x_wconf 90' lang='lat' dir='ltr'><strong>esse</strong></span> <span class='ocrx_word' id='word_1_482' title='bbox 986 3327 1386 3388; x_wconf 83' lang='lat' dir='ltr'><strong>existimasset</strong></span> <span class='ocrx_word' id='word_1_483' title='bbox 1418 3327 1876 3388; x_wconf 83' lang='lat' dir='ltr'><strong>convenientem</strong></span> <span class='ocrx_word' id='word_1_484' title='bbox 1907 3326 2024 3389; x_wconf 88' lang='lat' dir='ltr'><strong>sibi</strong></span> 
     </span>
    </p>
   </div>
   <div class='ocr_carea' id='block_1_68' title="bbox 377 3416 2021 3497">
    <p class='ocr_par' dir='ltr' id='par_1_68' title="bbox 377 3416 2021 3497">
     <span class='ocr_line' id='line_1_68' title="bbox 377 3416 2021 3497; baseline 0.001 -20"><span class='ocrx_word' id='word_1_485' title='bbox 377 3418 752 3482; x_wconf 86' lang='lat' dir='ltr'><strong>venationem</strong></span> <span class='ocrx_word' id='word_1_486' title='bbox 778 3434 894 3477; x_wconf 92' lang='lat' dir='ltr'><strong>non</strong></span> <span class='ocrx_word' id='word_1_487' title='bbox 917 3417 1112 3478; x_wconf 87' lang='lat' dir='ltr'><strong>levem</strong></span> <span class='ocrx_word' id='word_1_488' title='bbox 1135 3416 1374 3497; x_wconf 91' lang='lat' dir='ltr'><strong>quidem</strong></span> <span class='ocrx_word' id='word_1_489' title='bbox 1400 3416 1698 3491; x_wconf 85' lang='lat' dir='ltr'><strong>illam,sed</strong></span> <span class='ocrx_word' id='word_1_490' title='bbox 1723 3434 1854 3496; x_wconf 66' lang='lat' dir='ltr'><strong>qua</strong></span> <span class='ocrx_word' id='word_1_491' title='bbox 1872 3437 2021 3496; x_wconf 91' lang='lat' dir='ltr'><strong>opus</strong></span> 
     </span>
    </p>
   </div>
   <div class='ocr_carea' id='block_1_69' title="bbox 385 3505 2023 3586">
    <p class='ocr_par' dir='ltr' id='par_1_69' title="bbox 385 3505 2023 3586">
     <span class='ocr_line' id='line_1_69' title="bbox 385 3505 2023 3586; baseline -0.001 -17"><span class='ocrx_word' id='word_1_492' title='bbox 385 3508 636 3569; x_wconf 85' lang='lat' dir='ltr'><strong>haberet</strong></span> <span class='ocrx_word' id='word_1_493' title='bbox 655 3516 782 3567; x_wconf 86' lang='lat' dir='ltr'><strong>arte</strong></span> <span class='ocrx_word' id='word_1_494' title='bbox 807 3514 866 3568; x_wconf 92' lang='lat' dir='ltr'><strong>et</strong></span> <span class='ocrx_word' id='word_1_495' title='bbox 887 3505 1202 3584; x_wconf 80' lang='lat' dir='ltr'><strong>sapientia,</strong></span> <span class='ocrx_word' id='word_1_496' title='bbox 1227 3506 1475 3586; x_wconf 82' lang='lat' dir='ltr'><strong>suscipit</strong></span> <span class='ocrx_word' id='word_1_497' title='bbox 1501 3523 1819 3586; x_wconf 85' lang='lat' dir='ltr'><strong>personam</strong></span> <span class='ocrx_word' id='word_1_498' title='bbox 1844 3507 2023 3568; x_wconf 91' lang='lat' dir='ltr'><strong>unius</strong></span> 
     </span>
    </p>
   </div>
   <div class='ocr_carea' id='block_1_70' title="bbox 383 3595 2020 3676">
    <p class='ocr_par' dir='ltr' id='par_1_70' title="bbox 383 3595 2020 3676">
     <span class='ocr_line' id='line_1_70' title="bbox 383 3595 2020 3676; baseline 0.001 -19"><span class='ocrx_word' id='word_1_499' title='bbox 383 3615 453 3658; x_wconf 87' lang='lat' dir='ltr'><strong>ex</strong></span> <span class='ocrx_word' id='word_1_500' title='bbox 486 3597 558 3657; x_wconf 91' lang='lat' dir='ltr'><strong>iis</strong></span> <span class='ocrx_word' id='word_1_501' title='bbox 589 3596 691 3676; x_wconf 91' lang='lat' dir='ltr'><strong>qui</strong></span> <span class='ocrx_word' id='word_1_502' title='bbox 723 3595 933 3656; x_wconf 90' lang='lat' dir='ltr'><strong>eadem</strong></span> <span class='ocrx_word' id='word_1_503' title='bbox 969 3613 1101 3674; x_wconf 64' lang='lat' dir='ltr'><strong>qua:</strong></span> <span class='ocrx_word' id='word_1_504' title='bbox 1135 3595 1234 3656; x_wconf 89' lang='lat' dir='ltr'><strong>illc</strong></span> <span class='ocrx_word' id='word_1_505' title='bbox 1264 3595 1568 3658; x_wconf 89' lang='lat' dir='ltr'><strong>sentiebat</strong></span> <span class='ocrx_word' id='word_1_506' title='bbox 1597 3603 1655 3657; x_wconf 93' lang='lat' dir='ltr'><strong>et</strong></span> <span class='ocrx_word' id='word_1_507' title='bbox 1683 3597 1916 3658; x_wconf 89' lang='lat' dir='ltr'><strong>accedit</strong></span> <span class='ocrx_word' id='word_1_508' title='bbox 1946 3595 2020 3658; x_wconf 88' lang='lat' dir='ltr'><strong>ad</strong></span> 
     </span>
    </p>
   </div>
   <div class='ocr_carea' id='block_1_71' title="bbox 375 3683 2018 3763">
    <p class='ocr_par' dir='ltr' id='par_1_71' title="bbox 375 3683 2018 3763">
     <span class='ocr_line' id='line_1_71' title="bbox 375 3683 2018 3763; baseline -0.001 -17"><span class='ocrx_word' id='word_1_509' title='bbox 375 3685 685 3746; x_wconf 89' lang='lat' dir='ltr'><strong>custodem</strong></span> <span class='ocrx_word' id='word_1_510' title='bbox 742 3683 1056 3758; x_wconf 91' lang='lat' dir='ltr'><strong>librorum,</strong></span> <span class='ocrx_word' id='word_1_511' title='bbox 1093 3684 1304 3763; x_wconf 87' lang='lat' dir='ltr'><strong>partim</strong></span> <span class='ocrx_word' id='word_1_512' title='bbox 1339 3683 1582 3762; x_wconf 87' lang='lat' dir='ltr'><strong>quidem</strong></span> <span class='ocrx_word' id='word_1_513' title='bbox 1633 3687 1685 3746; x_wconf 91' lang='lat' dir='ltr'><strong>ei</strong></span> <span class='ocrx_word' id='word_1_514' title='bbox 1750 3685 2018 3763; x_wconf 83' lang='lat' dir='ltr'><strong>eulogias</strong></span> 
     </span>
    </p>
   </div>
   <div class='ocr_carea' id='block_1_72' title="bbox 376 3772 2016 3850">
    <p class='ocr_par' dir='ltr' id='par_1_72' title="bbox 376 3772 2016 3850">
     <span class='ocr_line' id='line_1_72' title="bbox 376 3772 2016 3850; baseline 0.001 -16"><span class='ocrx_word' id='word_1_515' title='bbox 376 3774 638 3835; x_wconf 84' lang='lat' dir='ltr'><strong>atferens</strong></span> <span class='ocrx_word' id='word_1_516' title='bbox 660 3791 732 3833; x_wconf 87' lang='lat' dir='ltr'><strong>ex</strong></span> <span class='ocrx_word' id='word_1_517' title='bbox 757 3772 1097 3845; x_wconf 85' lang='lat' dir='ltr'><strong>solitudine,</strong></span> <span class='ocrx_word' id='word_1_518' title='bbox 1127 3774 1336 3850; x_wconf 82' lang='lat' dir='ltr'><strong>partim</strong></span> <span class='ocrx_word' id='word_1_519' title='bbox 1357 3781 1556 3834; x_wconf 91' lang='lat' dir='ltr'><strong>autem</strong></span> <span class='ocrx_word' id='word_1_520' title='bbox 1579 3792 1643 3835; x_wconf 92' lang='lat' dir='ltr'><strong>se</strong></span> <span class='ocrx_word' id='word_1_521' title='bbox 1669 3774 1935 3836; x_wconf 84' lang='lat' dir='ltr'><strong>artifiose</strong></span> <span class='ocrx_word' id='word_1_522' title='bbox 1955 3775 2016 3836; x_wconf 89' lang='lat' dir='ltr'><strong>in</strong></span> 
     </span>
    </p>
   </div>
   <div class='ocr_carea' id='block_1_73' title="bbox 377 3861 2017 3942">
    <p class='ocr_par' dir='ltr' id='par_1_73' title="bbox 377 3861 2017 3942">
     <span class='ocr_line' id='line_1_73' title="bbox 377 3861 2017 3942; baseline 0.002 -21"><span class='ocrx_word' id='word_1_523' title='bbox 377 3861 979 3921; x_wconf 88' lang='lat' dir='ltr'><strong>mulierisinsinuans</strong></span> <span class='ocrx_word' id='word_1_524' title='bbox 1006 3861 1488 3935; x_wconf 85' lang='lat' dir='ltr'><strong>familiaritatem,</strong></span> <span class='ocrx_word' id='word_1_525' title='bbox 1518 3872 1582 3925; x_wconf 87' lang='lat' dir='ltr'><strong>ut</strong></span> <span class='ocrx_word' id='word_1_526' title='bbox 1616 3881 1750 3942; x_wconf 68' lang='lat' dir='ltr'><strong>quae</strong></span> <span class='ocrx_word' id='word_1_527' title='bbox 1781 3881 2017 3924; x_wconf 91' lang='lat' dir='ltr'><strong>morum</strong></span> 
     </span>
    </p>
   </div>
   <div class='ocr_carea' id='block_1_74' title="bbox 378 3949 2014 4026">
    <p class='ocr_par' dir='ltr' id='par_1_74' title="bbox 378 3949 2014 4026">
     <span class='ocr_line' id='line_1_74' title="bbox 378 3949 2014 4026; baseline 0.003 -16"><span class='ocrx_word' id='word_1_528' title='bbox 378 3950 643 4026; x_wconf 75' lang='lat' dir='ltr'><strong>magistri</strong></span> <span class='ocrx_word' id='word_1_529' title='bbox 666 3968 798 4010; x_wconf 90' lang='lat' dir='ltr'><strong>cum</strong></span> <span class='ocrx_word' id='word_1_530' title='bbox 827 3968 932 4011; x_wconf 93' lang='lat' dir='ltr'><strong>ero</strong></span> <span class='ocrx_word' id='word_1_531' title='bbox 957 3949 1200 4011; x_wconf 87' lang='lat' dir='ltr'><strong>haberet</strong></span> <span class='ocrx_word' id='word_1_532' title='bbox 1229 3952 1600 4017; x_wconf 87' lang='lat' dir='ltr'><strong>societatem.</strong></span> <span class='ocrx_word' id='word_1_533' title='bbox 1637 3950 1780 4015; x_wconf 89' lang='lat' dir='ltr'><strong>Cum</strong></span> <span class='ocrx_word' id='word_1_534' title='bbox 1815 3962 2014 4015; x_wconf 87' lang='lat' dir='ltr'><strong>autem</strong></span> 
     </span>
    </p>
   </div>
   <div class='ocr_carea' id='block_1_75' title="bbox 378 4038 2024 4119">
    <p class='ocr_par' dir='ltr' id='par_1_75' title="bbox 378 4038 2024 4119">
     <span class='ocr_line' id='line_1_75' title="bbox 378 4038 2024 4119; baseline 0.002 -19"><span class='ocrx_word' id='word_1_535' title='bbox 378 4039 431 4101; x_wconf 91' lang='lat' dir='ltr'><strong>ei</strong></span> <span class='ocrx_word' id='word_1_536' title='bbox 450 4057 630 4100; x_wconf 90' lang='lat' dir='ltr'><strong>scena</strong></span> <span class='ocrx_word' id='word_1_537' title='bbox 653 4047 816 4100; x_wconf 88' lang='lat' dir='ltr'><strong>recte</strong></span> <span class='ocrx_word' id='word_1_538' title='bbox 839 4057 902 4099; x_wconf 90' lang='lat' dir='ltr'><strong>se</strong></span> <span class='ocrx_word' id='word_1_539' title='bbox 928 4038 1200 4119; x_wconf 83' lang='lat' dir='ltr'><strong>haberet,</strong></span> <span class='ocrx_word' id='word_1_540' title='bbox 1223 4057 1277 4100; x_wconf 75' lang='lat' dir='ltr'><strong>et.</strong></span> <span class='ocrx_word' id='word_1_541' title='bbox 1315 4051 1482 4102; x_wconf 87' lang='lat' dir='ltr'><strong>actus</strong></span> <span class='ocrx_word' id='word_1_542' title='bbox 1512 4042 1936 4117; x_wconf 87' lang='lat' dir='ltr'><strong>simulationis,</strong></span> <span class='ocrx_word' id='word_1_543' title='bbox 1963 4051 2024 4102; x_wconf 92' lang='lat' dir='ltr'><strong>et</strong></span> 
     </span>
    </p>
   </div>
   <div class='ocr_carea' id='block_1_76' title="bbox 378 4129 2023 4212">
    <p class='ocr_par' dir='ltr' id='par_1_76' title="bbox 378 4129 2023 4212">
     <span class='ocr_line' id='line_1_76' title="bbox 378 4129 2023 4212; baseline 0.003 -22"><span class='ocrx_word' id='word_1_544' title='bbox 378 4134 624 4191; x_wconf 90' lang='lat' dir='ltr'><strong>omnino</strong></span> <span class='ocrx_word' id='word_1_545' title='bbox 649 4131 772 4209; x_wconf 89' lang='lat' dir='ltr'><strong>jam</strong></span> <span class='ocrx_word' id='word_1_546' title='bbox 804 4129 919 4191; x_wconf 88' lang='lat' dir='ltr'><strong>sibi</strong></span> <span class='ocrx_word' id='word_1_547' title='bbox 956 4130 1353 4208; x_wconf 88' lang='lat' dir='ltr'><strong>persuasisset</strong></span> <span class='ocrx_word' id='word_1_548' title='bbox 1385 4132 1626 4208; x_wconf 89' lang='lat' dir='ltr'><strong>mulier,</strong></span> <span class='ocrx_word' id='word_1_549' title='bbox 1660 4150 1798 4194; x_wconf 90' lang='lat' dir='ltr'><strong>eum</strong></span> <span class='ocrx_word' id='word_1_550' title='bbox 1848 4133 2023 4212; x_wconf 87' lang='lat' dir='ltr'><strong>plane</strong></span> 
     </span>
    </p>
   </div>
   <div class='ocr_carea' id='block_1_77' title="bbox 377 4219 2018 4301">
    <p class='ocr_par' dir='ltr' id='par_1_77' title="bbox 377 4219 2018 4301">
     <span class='ocr_line' id='line_1_77' title="bbox 377 4219 2018 4301; baseline 0.001 -21"><span class='ocrx_word' id='word_1_551' title='bbox 377 4238 509 4280; x_wconf 90' lang='lat' dir='ltr'><strong>esse</strong></span> <span class='ocrx_word' id='word_1_552' title='bbox 531 4219 892 4299; x_wconf 86' lang='lat' dir='ltr'><strong>discipulum</strong></span> <span class='ocrx_word' id='word_1_553' title='bbox 921 4219 1367 4297; x_wconf 78' lang='lat' dir='ltr'><strong>Apollinaris,et</strong></span> <span class='ocrx_word' id='word_1_554' title='bbox 1388 4222 1646 4301; x_wconf 87' lang='lat' dir='ltr'><strong>ejus,qui</strong></span> <span class='ocrx_word' id='word_1_555' title='bbox 1675 4221 1832 4284; x_wconf 89' lang='lat' dir='ltr'><strong>circa</strong></span> <span class='ocrx_word' id='word_1_556' title='bbox 1855 4221 2018 4282; x_wconf 90' lang='lat' dir='ltr'><strong>illum</strong></span> 
     </span>
    </p>
   </div>
   <div class='ocr_carea' id='block_1_78' title="bbox 376 4309 2020 4388">
    <p class='ocr_par' dir='ltr' id='par_1_78' title="bbox 376 4309 2020 4388">
     <span class='ocr_line' id='line_1_78' title="bbox 376 4309 2020 4388; baseline 0.004 -19"><span class='ocrx_word' id='word_1_557' title='bbox 376 4317 524 4377; x_wconf 82' lang='lat' dir='ltr'><strong>erat.</strong></span> <span class='ocrx_word' id='word_1_558' title='bbox 579 4309 746 4370; x_wconf 89' lang='lat' dir='ltr'><strong>chori</strong></span> <span class='ocrx_word' id='word_1_559' title='bbox 803 4309 1166 4388; x_wconf 86' lang='lat' dir='ltr'><strong>impietatis;</strong></span> <span class='ocrx_word' id='word_1_560' title='bbox 1219 4317 1387 4386; x_wconf 81' lang='lat' dir='ltr'><strong>rogat</strong></span> <span class='ocrx_word' id='word_1_561' title='bbox 1437 4310 1776 4384; x_wconf 90' lang='lat' dir='ltr'><strong>mulierem,</strong></span> <span class='ocrx_word' id='word_1_562' title='bbox 1814 4319 1877 4371; x_wconf 86' lang='lat' dir='ltr'><strong>ut</strong></span> <span class='ocrx_word' id='word_1_563' title='bbox 1906 4310 2020 4376; x_wconf 84' lang='lat' dir='ltr'><strong>sibi</strong></span> 
     </span>
    </p>
   </div>
   <div class='ocr_carea' id='block_1_79' title="bbox 373 4397 2018 4477">
    <p class='ocr_par' dir='ltr' id='par_1_79' title="bbox 373 4397 2018 4477">
     <span class='ocr_line' id='line_1_79' title="bbox 373 4397 2018 4477; baseline 0.002 -22"><span class='ocrx_word' id='word_1_564' title='bbox 373 4397 594 4458; x_wconf 88' lang='lat' dir='ltr'><strong>dentur</strong></span> <span class='ocrx_word' id='word_1_565' title='bbox 609 4398 831 4476; x_wconf 89' lang='lat' dir='ltr'><strong>scripta</strong></span> <span class='ocrx_word' id='word_1_566' title='bbox 852 4398 1214 4476; x_wconf 76' lang='lat' dir='ltr'><strong>magistri,ut</strong></span> <span class='ocrx_word' id='word_1_567' title='bbox 1239 4398 1447 4477; x_wconf 85' lang='lat' dir='ltr'><strong>possit,</strong></span> <span class='ocrx_word' id='word_1_568' title='bbox 1478 4400 1634 4462; x_wconf 87' lang='lat' dir='ltr'><strong>sicut</strong></span> <span class='ocrx_word' id='word_1_569' title='bbox 1655 4399 2018 4473; x_wconf 87' lang='lat' dir='ltr'><strong>aiebat,cum</strong></span> 
     </span>
    </p>
   </div>
   <div class='ocr_carea' id='block_1_80' title="bbox 2105 3149 3753 3231">
    <p class='ocr_par' dir='ltr' id='par_1_80' title="bbox 2105 3149 3753 3231">
     <span class='ocr_line' id='line_1_80' title="bbox 2105 3149 3753 3231; baseline 0.001 -24"><span class='ocrx_word' id='word_1_570' title='bbox 2105 3174 2217 3231; x_wconf 81' lang='grc' dir='ltr'><strong>νος,</strong></span> <span class='ocrx_word' id='word_1_571' title='bbox 2247 3153 2336 3209; x_wconf 86' lang='grc' dir='ltr'><strong>καὶ</strong></span> <span class='ocrx_word' id='word_1_572' title='bbox 2383 3162 2550 3211; x_wconf 83' lang='grc' dir='ltr'><strong>ταῦτα</strong></span> <span class='ocrx_word' id='word_1_573' title='bbox 2606 3150 2718 3209; x_wconf 87' lang='grc' dir='ltr'><strong>δυσὶ</strong></span> <span class='ocrx_word' id='word_1_574' title='bbox 2766 3149 2992 3227; x_wconf 73' lang='grc' dir='ltr'><strong>βιϐλίοις</strong></span> <span class='ocrx_word' id='word_1_575' title='bbox 3037 3150 3315 3224; x_wconf 72' lang='grc' dir='ltr'><strong>συντάξας,</strong></span> <span class='ocrx_word' id='word_1_576' title='bbox 3381 3157 3600 3231; x_wconf 86' lang='grc' dir='ltr'><strong>γυναικὶ</strong></span> <span class='ocrx_word' id='word_1_577' title='bbox 3655 3177 3753 3211; x_wconf 77' lang='lat'><strong>1::-</strong></span> 
     </span>
    </p>
   </div>
   <div class='ocr_carea' id='block_1_81' title="bbox 2105 3241 3753 3320">
    <p class='ocr_par' dir='ltr' id='par_1_81' title="bbox 2105 3241 3753 3320">
     <span class='ocr_line' id='line_1_81' title="bbox 2105 3241 3753 3320; baseline 0.001 -22"><span class='ocrx_word' id='word_1_578' title='bbox 2105 3243 2275 3298; x_wconf 89' lang='grc' dir='ltr'><strong>στεύει</strong></span> <span class='ocrx_word' id='word_1_579' title='bbox 2334 3243 2459 3315; x_wconf 77' lang='grc' dir='ltr'><strong>τινὶ,</strong></span> <span class='ocrx_word' id='word_1_580' title='bbox 2521 3242 2557 3308; x_wconf 79' lang='grc' dir='ltr'><strong>ἢ</strong></span> <span class='ocrx_word' id='word_1_581' title='bbox 2615 3247 2685 3318; x_wconf 74' lang='grc' dir='ltr'><strong>τῇ</strong></span> <span class='ocrx_word' id='word_1_582' title='bbox 2726 3241 2927 3298; x_wconf 83' lang='grc' dir='ltr'><strong>ἐκείνου</strong></span> <span class='ocrx_word' id='word_1_583' title='bbox 2969 3243 3162 3320; x_wconf 78' lang='grc' dir='ltr'><strong>γνώμῃ</strong></span> <span class='ocrx_word' id='word_1_584' title='bbox 3205 3243 3295 3300; x_wconf 85' lang='grc' dir='ltr'><strong>καὶ</strong></span> <span class='ocrx_word' id='word_1_585' title='bbox 3349 3256 3474 3306; x_wconf 74' lang='grc' dir='ltr'><strong>ταῖς</strong></span> <span class='ocrx_word' id='word_1_586' title='bbox 3526 3243 3753 3312; x_wconf 75' lang='grc' dir='ltr'><strong>ἡδοναῖς</strong></span> 
     </span>
    </p>
   </div>
   <div class='ocr_carea' id='block_1_82' title="bbox 2105 3330 3750 3412">
    <p class='ocr_par' dir='ltr' id='par_1_82' title="bbox 2105 3330 3750 3412">
     <span class='ocr_line' id='line_1_82' title="bbox 2105 3330 3750 3412; baseline 0.001 -26"><span class='ocrx_word' id='word_1_587' title='bbox 2105 3330 2371 3388; x_wconf 78' lang='grc' dir='ltr'><strong>δουλεύειν</strong></span> <span class='ocrx_word' id='word_1_588' title='bbox 2427 3330 2664 3409; x_wconf 83' lang='grc' dir='ltr'><strong>ἐλέγετο,</strong></span> <span class='ocrx_word' id='word_1_589' title='bbox 2722 3330 2887 3390; x_wconf 73' lang='grc' dir='ltr'>Τοῦτο</span> <span class='ocrx_word' id='word_1_590' title='bbox 2915 3331 3006 3388; x_wconf 76' lang='grc' dir='ltr'><strong>οὖν</strong></span> <span class='ocrx_word' id='word_1_591' title='bbox 3036 3334 3220 3407; x_wconf 82' lang='grc' dir='ltr'><strong>μαθὼν</strong></span> <span class='ocrx_word' id='word_1_592' title='bbox 3251 3335 3279 3388; x_wconf 85' lang='grc' dir='ltr'>ὁ</span> <span class='ocrx_word' id='word_1_593' title='bbox 3337 3333 3609 3412; x_wconf 64' lang='grc' dir='ltr'><strong>Ἐφραὶμ,</strong></span> <span class='ocrx_word' id='word_1_594' title='bbox 3655 3333 3750 3389; x_wconf 73' lang='grc' dir='ltr'><strong>καί</strong></span> 
     </span>
    </p>
   </div>
   <div class='ocr_carea' id='block_1_83' title="bbox 2105 3420 3746 3501">
    <p class='ocr_par' dir='ltr' id='par_1_83' title="bbox 2105 3420 3746 3501">
     <span class='ocr_line' id='line_1_83' title="bbox 2105 3420 3746 3501; baseline 0.001 -25"><span class='ocrx_word' id='word_1_595' title='bbox 2105 3421 2318 3498; x_wconf 87' lang='grc' dir='ltr'><strong>θήραμα</strong></span> <span class='ocrx_word' id='word_1_596' title='bbox 2348 3422 2548 3477; x_wconf 71' lang='grc' dir='ltr'><strong>οἰκεῖον</strong></span> <span class='ocrx_word' id='word_1_597' title='bbox 2575 3420 2718 3478; x_wconf 74' lang='grc' dir='ltr'><strong>εἶναι</strong></span> <span class='ocrx_word' id='word_1_598' title='bbox 2745 3422 2807 3476; x_wconf 84' lang='grc' dir='ltr'><strong>τὸ</strong></span> <span class='ocrx_word' id='word_1_599' title='bbox 2837 3426 3059 3499; x_wconf 83' lang='grc' dir='ltr'><strong>πρᾶγμα</strong></span> <span class='ocrx_word' id='word_1_600' title='bbox 3086 3421 3309 3496; x_wconf 82' lang='grc' dir='ltr'><strong>νομίσας</strong></span> <span class='ocrx_word' id='word_1_601' title='bbox 3368 3424 3474 3501; x_wconf 70' lang='grc' dir='ltr'><strong>οὔχ</strong></span> <span class='ocrx_word' id='word_1_602' title='bbox 3515 3421 3746 3497; x_wconf 73' lang='grc' dir='ltr'><strong>ἁπλοῦν,</strong></span> 
     </span>
    </p>
   </div>
   <div class='ocr_carea' id='block_1_84' title="bbox 2105 3507 3750 3589">
    <p class='ocr_par' dir='ltr' id='par_1_84' title="bbox 2105 3507 3750 3589">
     <span class='ocr_line' id='line_1_84' title="bbox 2105 3507 3750 3589; baseline 0.002 -25"><span class='ocrx_word' id='word_1_603' title='bbox 2105 3509 2242 3564; x_wconf 70' lang='grc' dir='ltr'><strong>ἀλλὰ</strong></span> <span class='ocrx_word' id='word_1_604' title='bbox 2284 3509 2488 3587; x_wconf 78' lang='grc' dir='ltr'><strong>τέχνης</strong></span> <span class='ocrx_word' id='word_1_605' title='bbox 2545 3507 2798 3583; x_wconf 83' lang='grc' dir='ltr'><strong>δεόμενον</strong></span> <span class='ocrx_word' id='word_1_606' title='bbox 2841 3512 2930 3566; x_wconf 83' lang='grc' dir='ltr'><strong>καὶ</strong></span> <span class='ocrx_word' id='word_1_607' title='bbox 2973 3511 3186 3589; x_wconf 77' lang='grc' dir='ltr'><strong>σοφίας,</strong></span> <span class='ocrx_word' id='word_1_608' title='bbox 3221 3524 3570 3588; x_wconf 81' lang='grc' dir='ltr'><strong>προσωπεῖον</strong></span> <span class='ocrx_word' id='word_1_609' title='bbox 3632 3513 3750 3578; x_wconf 71' lang='grc' dir='ltr'><strong>ἑνὸς</strong></span> 
     </span>
    </p>
   </div>
   <div class='ocr_carea' id='block_1_85' title="bbox 2101 3598 3746 3679">
    <p class='ocr_par' dir='ltr' id='par_1_85' title="bbox 2101 3598 3746 3679">
     <span class='ocr_line' id='line_1_85' title="bbox 2101 3598 3746 3679; baseline 0.001 -25"><span class='ocrx_word' id='word_1_610' title='bbox 2101 3598 2394 3679; x_wconf 79' lang='grc' dir='ltr'><strong>ὑπέρχεται</strong></span> <span class='ocrx_word' id='word_1_611' title='bbox 2453 3604 2560 3655; x_wconf 79' lang='grc' dir='ltr'><strong>τῶν</strong></span> <span class='ocrx_word' id='word_1_612' title='bbox 2618 3600 2683 3653; x_wconf 83' lang='grc' dir='ltr'><strong>τὰ</strong></span> <span class='ocrx_word' id='word_1_613' title='bbox 2739 3599 2940 3655; x_wconf 80' lang='grc' dir='ltr'><strong>ἐκείνου</strong></span> <span class='ocrx_word' id='word_1_614' title='bbox 2989 3599 3342 3678; x_wconf 78' lang='grc' dir='ltr'><strong>φρονούντων,</strong></span> <span class='ocrx_word' id='word_1_615' title='bbox 3404 3603 3490 3658; x_wconf 69' lang='grc' dir='ltr'><strong>καὶ</strong></span> <span class='ocrx_word' id='word_1_616' title='bbox 3525 3607 3599 3677; x_wconf 80' lang='grc' dir='ltr'><strong>τῇ</strong></span> <span class='ocrx_word' id='word_1_617' title='bbox 3639 3608 3746 3657; x_wconf 80' lang='grc' dir='ltr'><strong>τῶν</strong></span> 
     </span>
    </p>
   </div>
   <div class='ocr_carea' id='block_1_86' title="bbox 2104 3687 3744 3768">
    <p class='ocr_par' dir='ltr' id='par_1_86' title="bbox 2104 3687 3744 3768">
     <span class='ocr_line' id='line_1_86' title="bbox 2104 3687 3744 3768; baseline 0.002 -24"><span class='ocrx_word' id='word_1_618' title='bbox 2104 3687 2315 3744; x_wconf 78' lang='grc' dir='ltr'><strong>έιϐλίων</strong></span> <span class='ocrx_word' id='word_1_619' title='bbox 2377 3687 2570 3766; x_wconf 77' lang='grc' dir='ltr'><strong>φύλακι</strong></span> <span class='ocrx_word' id='word_1_620' title='bbox 2618 3690 2861 3765; x_wconf 85' lang='grc' dir='ltr'><strong>πρόσεισι</strong></span> <span class='ocrx_word' id='word_1_621' title='bbox 2900 3706 2913 3720; x_wconf 90' lang='grc'><strong>·</strong></span> <span class='ocrx_word' id='word_1_622' title='bbox 2968 3688 3127 3746; x_wconf 76' lang='grc' dir='ltr'><strong>τοῦτο</strong></span> <span class='ocrx_word' id='word_1_623' title='bbox 3163 3689 3284 3764; x_wconf 76' lang='grc' dir='ltr'><strong>μὲν,</strong></span> <span class='ocrx_word' id='word_1_624' title='bbox 3331 3689 3577 3768; x_wconf 69' lang='grc' dir='ltr'><strong>εὖλογίας</strong></span> <span class='ocrx_word' id='word_1_625' title='bbox 3611 3693 3744 3766; x_wconf 80' lang='grc' dir='ltr'><strong>αὗτῇ</strong></span> 
     </span>
    </p>
   </div>
   <div class='ocr_carea' id='block_1_87' title="bbox 2101 3776 3745 3855">
    <p class='ocr_par' dir='ltr' id='par_1_87' title="bbox 2101 3776 3745 3855">
     <span class='ocr_line' id='line_1_87' title="bbox 2101 3776 3745 3855; baseline 0 -21"><span class='ocrx_word' id='word_1_626' title='bbox 2101 3777 2254 3844; x_wconf 77' lang='grc' dir='ltr'><strong>δῆθεν</strong></span> <span class='ocrx_word' id='word_1_627' title='bbox 2285 3777 2391 3834; x_wconf 82' lang='grc' dir='ltr'><strong>ἀπὸ</strong></span> <span class='ocrx_word' id='word_1_628' title='bbox 2422 3783 2520 3844; x_wconf 76' lang='grc' dir='ltr'><strong>τῆς</strong></span> <span class='ocrx_word' id='word_1_629' title='bbox 2550 3777 2751 3855; x_wconf 71' lang='grc' dir='ltr'><strong>ἐρήμου</strong></span> <span class='ocrx_word' id='word_1_630' title='bbox 2781 3777 3014 3853; x_wconf 83' lang='grc' dir='ltr'><strong>κομίζων</strong></span> <span class='ocrx_word' id='word_1_631' title='bbox 3050 3795 3065 3809; x_wconf 91' lang='grc'><strong>·</strong></span> <span class='ocrx_word' id='word_1_632' title='bbox 3117 3785 3272 3836; x_wconf 78' lang='grc' dir='ltr'><strong>τοῦτο</strong></span> <span class='ocrx_word' id='word_1_633' title='bbox 3303 3776 3382 3850; x_wconf 82' lang='grc' dir='ltr'><strong>δὲ,</strong></span> <span class='ocrx_word' id='word_1_634' title='bbox 3411 3781 3499 3836; x_wconf 83' lang='grc' dir='ltr'><strong>καὶ</strong></span> <span class='ocrx_word' id='word_1_635' title='bbox 3529 3781 3745 3837; x_wconf 73' lang='grc' dir='ltr'><strong>οἰκειῶν</strong></span> 
     </span>
    </p>
   </div>
   <div class='ocr_carea' id='block_1_88' title="bbox 2101 3867 3742 3946">
    <p class='ocr_par' dir='ltr' id='par_1_88' title="bbox 2101 3867 3742 3946">
     <span class='ocr_line' id='line_1_88' title="bbox 2101 3867 3742 3946; baseline 0.001 -23"><span class='ocrx_word' id='word_1_636' title='bbox 2101 3868 2290 3923; x_wconf 80' lang='grc' dir='ltr'><strong>ἑαυτὸν</strong></span> <span class='ocrx_word' id='word_1_637' title='bbox 2343 3867 2611 3946; x_wconf 75' lang='grc' dir='ltr'><strong>εὐτέχνως</strong></span> <span class='ocrx_word' id='word_1_638' title='bbox 2651 3868 2781 3945; x_wconf 81' lang='grc' dir='ltr'><strong>πρὸς</strong></span> <span class='ocrx_word' id='word_1_639' title='bbox 2815 3868 2912 3934; x_wconf 80' lang='grc' dir='ltr'><strong>τὴν</strong></span> <span class='ocrx_word' id='word_1_640' title='bbox 2944 3881 3196 3945; x_wconf 73' lang='grc' dir='ltr'><strong>γυναῖκα,</strong></span> <span class='ocrx_word' id='word_1_641' title='bbox 3232 3870 3321 3926; x_wconf 85' lang='grc' dir='ltr'><strong>καὶ</strong></span> <span class='ocrx_word' id='word_1_642' title='bbox 3344 3871 3579 3938; x_wconf 84' lang='grc' dir='ltr'><strong>συνήθης</strong></span> <span class='ocrx_word' id='word_1_643' title='bbox 3610 3871 3742 3944; x_wconf 72' lang='grc' dir='ltr'><strong>αὐτῇ</strong></span> 
     </span>
    </p>
   </div>
   <div class='ocr_carea' id='block_1_89' title="bbox 2101 3957 3742 4036">
    <p class='ocr_par' dir='ltr' id='par_1_89' title="bbox 2101 3957 3742 4036">
     <span class='ocr_line' id='line_1_89' title="bbox 2101 3957 3742 4036; baseline 0.001 -24"><span class='ocrx_word' id='word_1_644' title='bbox 2101 3958 2407 4035; x_wconf 79' lang='grc' dir='ltr'><strong>γινόμενος,</strong></span> <span class='ocrx_word' id='word_1_645' title='bbox 2460 3957 2697 4034; x_wconf 79' lang='grc' dir='ltr'><strong>καθάπερ</strong></span> <span class='ocrx_word' id='word_1_646' title='bbox 2760 3959 3041 4014; x_wconf 82' lang='grc' dir='ltr'><strong>κοινωνίαν</strong></span> <span class='ocrx_word' id='word_1_647' title='bbox 3103 3957 3310 4034; x_wconf 79' lang='grc' dir='ltr'><strong>ἐχούσῃ</strong></span> <span class='ocrx_word' id='word_1_648' title='bbox 3390 3961 3522 4036; x_wconf 79' lang='grc' dir='ltr'><strong>πρὸς</strong></span> <span class='ocrx_word' id='word_1_649' title='bbox 3586 3962 3742 4017; x_wconf 66' lang='grc' dir='ltr'><strong>αὐτὸν</strong></span> 
     </span>
    </p>
   </div>
   <div class='ocr_carea' id='block_1_90' title="bbox 2108 4043 3737 4122">
    <p class='ocr_par' dir='ltr' id='par_1_90' title="bbox 2108 4043 3737 4122">
     <span class='ocr_line' id='line_1_90' title="bbox 2108 4043 3737 4122; baseline 0.002 -22"><span class='ocrx_word' id='word_1_650' title='bbox 2108 4046 2192 4101; x_wconf 76' lang='grc' dir='ltr'><strong>καὶ</strong></span> <span class='ocrx_word' id='word_1_651' title='bbox 2247 4046 2460 4122; x_wconf 83' lang='grc' dir='ltr'><strong>τρόπων</strong></span> <span class='ocrx_word' id='word_1_652' title='bbox 2503 4046 2590 4100; x_wconf 82' lang='grc' dir='ltr'><strong>καὶ</strong></span> <span class='ocrx_word' id='word_1_653' title='bbox 2634 4043 2974 4108; x_wconf 86' lang='grc' dir='ltr'><strong>διδασκάλου.</strong></span> <span class='ocrx_word' id='word_1_654' title='bbox 3031 4045 3185 4103; x_wconf 80' lang='grc' dir='ltr'><strong>Ἐπεὶ</strong></span> <span class='ocrx_word' id='word_1_655' title='bbox 3238 4045 3292 4101; x_wconf 76' lang='grc' dir='ltr'><strong>δὲ</strong></span> <span class='ocrx_word' id='word_1_656' title='bbox 3357 4049 3444 4104; x_wconf 77' lang='grc' dir='ltr'><strong>καὶ</strong></span> <span class='ocrx_word' id='word_1_657' title='bbox 3486 4048 3522 4114; x_wconf 75' lang='grc' dir='ltr'><strong>ἡ</strong></span> <span class='ocrx_word' id='word_1_658' title='bbox 3567 4049 3737 4114; x_wconf 74' lang='grc' dir='ltr'><strong>σκηνὴ</strong></span> 
     </span>
    </p>
   </div>
   <div class='ocr_carea' id='block_1_91' title="bbox 2102 4132 3740 4214">
    <p class='ocr_par' dir='ltr' id='par_1_91' title="bbox 2102 4132 3740 4214">
     <span class='ocr_line' id='line_1_91' title="bbox 2102 4132 3740 4214; baseline 0 -24"><span class='ocrx_word' id='word_1_659' title='bbox 2102 4133 2283 4197; x_wconf 81' lang='grc' dir='ltr'><strong>καλῶς</strong></span> <span class='ocrx_word' id='word_1_660' title='bbox 2344 4134 2504 4213; x_wconf 78' lang='grc' dir='ltr'><strong>εἶχεν</strong></span> <span class='ocrx_word' id='word_1_661' title='bbox 2558 4135 2700 4208; x_wconf 68' lang='grc' dir='ltr'><strong>αύτῷ</strong></span> <span class='ocrx_word' id='word_1_662' title='bbox 2751 4136 2837 4190; x_wconf 86' lang='grc' dir='ltr'><strong>καὶ</strong></span> <span class='ocrx_word' id='word_1_663' title='bbox 2893 4135 2954 4190; x_wconf 80' lang='grc' dir='ltr'><strong>τὸ</strong></span> <span class='ocrx_word' id='word_1_664' title='bbox 3010 4132 3184 4210; x_wconf 79' lang='grc' dir='ltr'><strong>δρᾶμα</strong></span> <span class='ocrx_word' id='word_1_665' title='bbox 3236 4137 3337 4202; x_wconf 78' lang='grc' dir='ltr'><strong>τῆς</strong></span> <span class='ocrx_word' id='word_1_666' title='bbox 3393 4137 3740 4214; x_wconf 79' lang='grc' dir='ltr'><strong>ὒποκρίσεως,</strong></span> 
     </span>
    </p>
   </div>
   <div class='ocr_carea' id='block_1_92' title="bbox 2104 4221 3741 4301">
    <p class='ocr_par' dir='ltr' id='par_1_92' title="bbox 2104 4221 3741 4301">
     <span class='ocr_line' id='line_1_92' title="bbox 2104 4221 3741 4301; baseline -0.001 -23"><span class='ocrx_word' id='word_1_667' title='bbox 2104 4225 2192 4279; x_wconf 88' lang='grc' dir='ltr'><strong>καὶ</strong></span> <span class='ocrx_word' id='word_1_668' title='bbox 2251 4221 2508 4279; x_wconf 78' lang='grc' dir='ltr'><strong>πέπειστο</strong></span> <span class='ocrx_word' id='word_1_669' title='bbox 2566 4221 2670 4290; x_wconf 70' lang='grc' dir='ltr'><strong>ἤδη</strong></span> <span class='ocrx_word' id='word_1_670' title='bbox 2714 4221 2991 4288; x_wconf 84' lang='grc' dir='ltr'><strong>παντελῶς</strong></span> <span class='ocrx_word' id='word_1_671' title='bbox 3034 4225 3068 4291; x_wconf 78' lang='grc' dir='ltr'><strong>ἡ</strong></span> <span class='ocrx_word' id='word_1_672' title='bbox 3121 4224 3256 4301; x_wconf 81' lang='grc' dir='ltr'><strong>γυνὴ</strong></span> <span class='ocrx_word' id='word_1_673' title='bbox 3310 4224 3557 4299; x_wconf 76' lang='grc' dir='ltr'><strong>μαθητήν</strong></span> <span class='ocrx_word' id='word_1_674' title='bbox 3591 4227 3741 4283; x_wconf 67' lang='grc' dir='ltr'><strong>αὐτὸν</strong></span> 
     </span>
    </p>
   </div>
   <div class='ocr_carea' id='block_1_93' title="bbox 2105 4311 3734 4391">
    <p class='ocr_par' dir='ltr' id='par_1_93' title="bbox 2105 4311 3734 4391">
     <span class='ocr_line' id='line_1_93' title="bbox 2105 4311 3734 4391; baseline 0.002 -24"><span class='ocrx_word' id='word_1_675' title='bbox 2105 4312 2250 4368; x_wconf 73' lang='grc' dir='ltr'><strong>εἶναι</strong></span> <span class='ocrx_word' id='word_1_676' title='bbox 2333 4317 2514 4390; x_wconf 78' lang='grc' dir='ltr'><strong>σαφῶς</strong></span> <span class='ocrx_word' id='word_1_677' title='bbox 2578 4311 3002 4390; x_wconf 67' lang='grc' dir='ltr'><strong>Ἀπολλιναρίου,</strong></span> <span class='ocrx_word' id='word_1_678' title='bbox 3083 4314 3170 4368; x_wconf 82' lang='grc' dir='ltr'><strong>καὶ</strong></span> <span class='ocrx_word' id='word_1_679' title='bbox 3227 4321 3320 4371; x_wconf 80' lang='grc' dir='ltr'><strong>τοῦ</strong></span> <span class='ocrx_word' id='word_1_680' title='bbox 3362 4315 3482 4391; x_wconf 84' lang='grc' dir='ltr'><strong>περὶ</strong></span> <span class='ocrx_word' id='word_1_681' title='bbox 3537 4314 3734 4371; x_wconf 71' lang='grc' dir='ltr'><strong>ἐκεῖνον</strong></span> 
     </span>
    </p>
   </div>
   <div class='ocr_carea' id='block_1_94' title="bbox 2105 4397 3733 4479">
    <p class='ocr_par' dir='ltr' id='par_1_94' title="bbox 2105 4397 3733 4479">
     <span class='ocr_line' id='line_1_94' title="bbox 2105 4397 3733 4479; baseline 0.001 -22"><span class='ocrx_word' id='word_1_682' title='bbox 2105 4405 2204 4470; x_wconf 78' lang='grc' dir='ltr'><strong>τῆς</strong></span> <span class='ocrx_word' id='word_1_683' title='bbox 2262 4397 2503 4461; x_wconf 80' lang='grc' dir='ltr'><strong>ἀσεϐείας</strong></span> <span class='ocrx_word' id='word_1_684' title='bbox 2575 4407 2766 4478; x_wconf 80' lang='grc' dir='ltr'><strong>χοροῦ,</strong></span> <span class='ocrx_word' id='word_1_685' title='bbox 2829 4398 3002 4456; x_wconf 80' lang='grc' dir='ltr'><strong>δέεται</strong></span> <span class='ocrx_word' id='word_1_686' title='bbox 3059 4401 3183 4478; x_wconf 85' lang='grc' dir='ltr'><strong>περῖ</strong></span> <span class='ocrx_word' id='word_1_687' title='bbox 3229 4402 3336 4458; x_wconf 77' lang='grc' dir='ltr'><strong>τῶν</strong></span> <span class='ocrx_word' id='word_1_688' title='bbox 3393 4401 3590 4479; x_wconf 77' lang='grc' dir='ltr'><strong>βίϐλων</strong></span> <span class='ocrx_word' id='word_1_689' title='bbox 3645 4407 3733 4468; x_wconf 79' lang='grc' dir='ltr'><strong>τῆς</strong></span> 
     </span>
    </p>
   </div>
   <div class='ocr_carea' id='block_1_95' title="bbox 374 4484 2021 4568">
    <p class='ocr_par' dir='ltr' id='par_1_95' title="bbox 374 4484 2021 4568">
     <span class='ocr_line' id='line_1_95' title="bbox 374 4484 2021 4568; baseline 0.002 -24"><span class='ocrx_word' id='word_1_690' title='bbox 374 4484 671 4545; x_wconf 69' lang='lat' dir='ltr'><strong>haereticis</strong></span> <span class='ocrx_word' id='word_1_691' title='bbox 726 4485 831 4563; x_wconf 90' lang='lat' dir='ltr'><strong>(ita</strong></span> <span class='ocrx_word' id='word_1_692' title='bbox 885 4504 995 4546; x_wconf 80' lang='lat' dir='ltr'><strong>nos</strong></span> <span class='ocrx_word' id='word_1_693' title='bbox 1021 4504 1261 4560; x_wconf 83' lang='lat' dir='ltr'><strong>vocans,</strong></span> <span class='ocrx_word' id='word_1_694' title='bbox 1297 4486 1399 4567; x_wconf 91' lang='lat' dir='ltr'><strong>qui</strong></span> <span class='ocrx_word' id='word_1_695' title='bbox 1452 4496 1680 4567; x_wconf 89' lang='lat' dir='ltr'><strong>partem</strong></span> <span class='ocrx_word' id='word_1_696' title='bbox 1715 4489 2021 4568; x_wconf 90' lang='lat' dir='ltr'><strong>sequimur</strong></span> 
     </span>
    </p>
   </div>
   <div class='ocr_carea' id='block_1_96' title="bbox 2118 4484 3728 4568">
    <p class='ocr_par' dir='ltr' id='par_1_96' title="bbox 2118 4487 3728 4568">
     <span class='ocr_line' id='line_1_96' title="bbox 2118 4487 3728 4568; baseline 0.001 -23"><span class='ocrx_word' id='word_1_697' title='bbox 2118 4491 2378 4568; x_wconf 66' lang='grc' dir='ltr'><strong>γυναικὸς,</strong></span> <span class='ocrx_word' id='word_1_698' title='bbox 2411 4488 2548 4545; x_wconf 85' lang='grc' dir='ltr'><strong>ὥστε</strong></span> <span class='ocrx_word' id='word_1_699' title='bbox 2580 4487 2798 4555; x_wconf 80' lang='grc' dir='ltr'><strong>δοθῆναι</strong></span> <span class='ocrx_word' id='word_1_700' title='bbox 2844 4489 2987 4564; x_wconf 80' lang='grc' dir='ltr'><strong>αὐτῷ</strong></span> <span class='ocrx_word' id='word_1_701' title='bbox 3023 4491 3088 4545; x_wconf 85' lang='grc' dir='ltr'><strong>τά</strong></span> <span class='ocrx_word' id='word_1_702' title='bbox 3117 4500 3211 4550; x_wconf 79' lang='grc' dir='ltr'><strong>τοῦ</strong></span> <span class='ocrx_word' id='word_1_703' title='bbox 3254 4489 3579 4548; x_wconf 78' lang='grc' dir='ltr'><strong>διδασκάλου</strong></span> <span class='ocrx_word' id='word_1_704' title='bbox 3607 4513 3728 4568; x_wconf 78' lang='grc' dir='ltr'><strong>συγ-</strong></span> 
     </span>
    </p>
   </div>
   <div class='ocr_carea' id='block_1_97' title="bbox 375 4573 2022 4653">
    <p class='ocr_par' dir='ltr' id='par_1_97' title="bbox 375 4573 2022 4653">
     <span class='ocr_line' id='line_1_97' title="bbox 375 4573 2022 4653; baseline 0.003 -20"><span class='ocrx_word' id='word_1_705' title='bbox 375 4573 799 4653; x_wconf 82' lang='lat' dir='ltr'><strong>orthodoxam)</strong></span> <span class='ocrx_word' id='word_1_706' title='bbox 831 4573 1010 4635; x_wconf 83' lang='lat' dir='ltr'><strong>facile</strong></span> <span class='ocrx_word' id='word_1_707' title='bbox 1029 4573 1338 4653; x_wconf 82' lang='lat' dir='ltr'><strong>congredi.</strong></span> <span class='ocrx_word' id='word_1_708' title='bbox 1367 4575 1476 4636; x_wconf 84' lang='lat' dir='ltr'><strong>Illa</strong></span> <span class='ocrx_word' id='word_1_709' title='bbox 1502 4577 1887 4649; x_wconf 71' lang='lat' dir='ltr'><strong>tero,callida</strong></span> <span class='ocrx_word' id='word_1_710' title='bbox 1911 4577 2022 4638; x_wconf 85' lang='lat' dir='ltr'><strong>hac</strong></span> 
     </span>
    </p>
   </div>
   <div class='ocr_carea' id='block_1_98' title="bbox 385 4660 2020 4743">
    <p class='ocr_par' dir='ltr' id='par_1_98' title="bbox 385 4660 2020 4743">
     <span class='ocr_line' id='line_1_98' title="bbox 385 4660 2020 4743; baseline 0.002 -21"><span class='ocrx_word' id='word_1_711' title='bbox 385 4670 511 4722; x_wconf 90' lang='lat' dir='ltr'><strong>arte</strong></span> <span class='ocrx_word' id='word_1_712' title='bbox 536 4669 595 4722; x_wconf 92' lang='lat' dir='ltr'><strong>et</strong></span> <span class='ocrx_word' id='word_1_713' title='bbox 619 4660 912 4740; x_wconf 87' lang='lat' dir='ltr'><strong>probabili</strong></span> <span class='ocrx_word' id='word_1_714' title='bbox 938 4667 1200 4723; x_wconf 87' lang='lat' dir='ltr'><strong>inescata</strong></span> <span class='ocrx_word' id='word_1_715' title='bbox 1229 4663 1482 4738; x_wconf 79' lang='lat' dir='ltr'><strong>ratione,</strong></span> <span class='ocrx_word' id='word_1_716' title='bbox 1509 4670 1564 4725; x_wconf 87' lang='lat' dir='ltr'><strong>ei</strong></span> <span class='ocrx_word' id='word_1_717' title='bbox 1600 4663 1782 4727; x_wconf 82' lang='lat' dir='ltr'><strong>libros</strong></span> <span class='ocrx_word' id='word_1_718' title='bbox 1815 4666 2020 4743; x_wconf 87' lang='lat' dir='ltr'><strong>tradit,</strong></span> 
     </span>
    </p>
   </div>
   <div class='ocr_carea' id='block_1_99' title="bbox 387 4749 1779 4816">
    <p class='ocr_par' dir='ltr' id='par_1_99' title="bbox 387 4749 1779 4816">
     <span class='ocr_line' id='line_1_99' title="bbox 387 4749 1779 4816; baseline 0.004 -6"><span class='ocrx_word' id='word_1_719' title='bbox 387 4757 613 4812; x_wconf 88' lang='lat' dir='ltr'><strong>tantum</strong></span> <span class='ocrx_word' id='word_1_720' title='bbox 649 4749 856 4812; x_wconf 89' lang='lat' dir='ltr'><strong>dicens</strong></span> <span class='ocrx_word' id='word_1_721' title='bbox 889 4757 952 4810; x_wconf 93' lang='lat' dir='ltr'><strong>ut</strong></span> <span class='ocrx_word' id='word_1_722' title='bbox 981 4749 1022 4810; x_wconf 90' lang='lat' dir='ltr'><strong>ii</strong></span> <span class='ocrx_word' id='word_1_723' title='bbox 1054 4752 1171 4811; x_wconf 92' lang='lat' dir='ltr'><strong>cito</strong></span> <span class='ocrx_word' id='word_1_724' title='bbox 1204 4750 1319 4811; x_wconf 90' lang='lat' dir='ltr'><strong>sibi</strong></span> <span class='ocrx_word' id='word_1_725' title='bbox 1351 4752 1779 4816; x_wconf 90' lang='lat' dir='ltr'><strong>redderentur.</strong></span> 
     </span>
    </p>
   </div>
   <div class='ocr_carea' id='block_1_100' title="bbox 2104 4576 3727 4660">
    <p class='ocr_par' dir='ltr' id='par_1_100' title="bbox 2104 4576 3727 4660">
     <span class='ocr_line' id='line_1_100' title="bbox 2104 4576 3727 4660; baseline 0.002 -26"><span class='ocrx_word' id='word_1_726' title='bbox 2104 4579 2416 4656; x_wconf 75' lang='grc' dir='ltr'><strong>γράμματα,</strong></span> <span class='ocrx_word' id='word_1_727' title='bbox 2463 4577 2609 4640; x_wconf 71' lang='grc' dir='ltr'><strong>ὅπως</strong></span> <span class='ocrx_word' id='word_1_728' title='bbox 2661 4576 2809 4656; x_wconf 67' lang='grc' dir='ltr'><strong>ἔχοι,</strong></span> <span class='ocrx_word' id='word_1_729' title='bbox 2859 4579 3041 4659; x_wconf 74' lang='grc' dir='ltr'><strong>φὴσὶν,</strong></span> <span class='ocrx_word' id='word_1_730' title='bbox 3073 4593 3192 4643; x_wconf 78' lang='grc' dir='ltr'><strong>τοῖς</strong></span> <span class='ocrx_word' id='word_1_731' title='bbox 3227 4581 3520 4657; x_wconf 77' lang='grc' dir='ltr'><strong>αἱρετικοτς</strong></span> <span class='ocrx_word' id='word_1_732' title='bbox 3557 4580 3727 4660; x_wconf 75' lang='grc' dir='ltr'><strong>(οὕτως</strong></span> 
     </span>
    </p>
   </div>
   <div class='ocr_carea' id='block_1_101' title="bbox 2104 4664 3725 4747">
    <p class='ocr_par' dir='ltr' id='par_1_101' title="bbox 2104 4664 3725 4747">
     <span class='ocr_line' id='line_1_101' title="bbox 2104 4664 3725 4747; baseline 0.003 -24"><span class='ocrx_word' id='word_1_733' title='bbox 2104 4671 2246 4741; x_wconf 76' lang='grc' dir='ltr'><strong>ἡμᾶς</strong></span> <span class='ocrx_word' id='word_1_734' title='bbox 2278 4668 2400 4730; x_wconf 83' lang='grc' dir='ltr'><strong>τοὺς</strong></span> <span class='ocrx_word' id='word_1_735' title='bbox 2458 4668 2554 4732; x_wconf 77' lang='grc' dir='ltr'><strong>τῆς</strong></span> <span class='ocrx_word' id='word_1_736' title='bbox 2609 4664 2881 4747; x_wconf 78' lang='grc' dir='ltr'><strong>ὀρθοδόξου</strong></span> <span class='ocrx_word' id='word_1_737' title='bbox 2931 4669 3118 4747; x_wconf 88' lang='grc' dir='ltr'><strong>μοίρας</strong></span> <span class='ocrx_word' id='word_1_738' title='bbox 3145 4668 3460 4747; x_wconf 76' lang='grc' dir='ltr'><strong>ἀποκαλῶν)</strong></span> <span class='ocrx_word' id='word_1_739' title='bbox 3510 4676 3725 4733; x_wconf 76' lang='grc' dir='ltr'><strong>εὒπετῶς</strong></span> 
     </span>
    </p>
   </div>
   <div class='ocr_carea' id='block_1_102' title="bbox 2105 4745 3727 4836">
    <p class='ocr_par' dir='ltr' id='par_1_102' title="bbox 2105 4745 3727 4836">
     <span class='ocr_line' id='line_1_102' title="bbox 2105 4745 3727 4836; baseline 0.003 -25"><span class='ocrx_word' id='word_1_740' title='bbox 2105 4754 2239 4834; x_wconf 75' lang='grc' dir='ltr'><strong>ἄγαν</strong></span> <span class='ocrx_word' id='word_1_741' title='bbox 2272 4754 2693 4831; x_wconf 81' lang='grc' dir='ltr'><strong>συμπλέκεσθαι.</strong></span> <span class='ocrx_word' id='word_1_742' title='bbox 2727 4745 2792 4812; x_wconf 66' lang='lat' dir='ltr'><strong>t11</strong></span> <span class='ocrx_word' id='word_1_743' title='bbox 2822 4755 2878 4812; x_wconf 77' lang='grc' dir='ltr'><strong>δὲ</strong></span> <span class='ocrx_word' id='word_1_744' title='bbox 2911 4759 2982 4833; x_wconf 74' lang='grc' dir='ltr'><strong>τῇ</strong></span> <span class='ocrx_word' id='word_1_745' title='bbox 3011 4745 3151 4836; x_wconf 75' lang='grc' dir='ltr'><strong>σοφῇ</strong></span> <span class='ocrx_word' id='word_1_746' title='bbox 3177 4759 3348 4834; x_wconf 73' lang='grc' dir='ltr'><strong>ταύτῃ</strong></span> <span class='ocrx_word' id='word_1_747' title='bbox 3405 4745 3496 4816; x_wconf 78' lang='grc' dir='ltr'><strong>καὶ</strong></span> <span class='ocrx_word' id='word_1_748' title='bbox 3548 4763 3727 4836; x_wconf 74' lang='grc' dir='ltr'><strong>πιθανῇ</strong></span> 
     </span>
    </p>
   </div>
   <div class='ocr_carea' id='block_1_103' title="bbox 381 4839 3728 4927">
    <p class='ocr_par' dir='ltr' id='par_1_103' title="bbox 381 4839 3728 4927">
     <span class='ocr_line' id='line_1_103' title="bbox 381 4839 3728 4927; baseline 0.007 -33"><span class='ocrx_word' id='word_1_749' title='bbox 381 4840 552 4927; x_wconf 75' lang='grc' dir='ltr'><strong>τέχνῃ</strong></span> <span class='ocrx_word' id='word_1_750' title='bbox 603 4839 945 4897; x_wconf 72' lang='grc' dir='ltr'><strong>δελεασθεῖσα</strong></span> <span class='ocrx_word' id='word_1_751' title='bbox 1003 4839 1289 4919; x_wconf 71' lang='grc' dir='ltr'><strong>ἐγχειρίζει</strong></span> <span class='ocrx_word' id='word_1_752' title='bbox 1344 4843 1436 4906; x_wconf 78' lang='grc' dir='ltr'><strong>τὰς</strong></span> <span class='ocrx_word' id='word_1_753' title='bbox 1491 4842 1700 4919; x_wconf 79' lang='grc' dir='ltr'><strong>βίκλους</strong></span> <span class='ocrx_word' id='word_1_754' title='bbox 1754 4845 1917 4924; x_wconf 81' lang='grc' dir='ltr'><strong>αὐτῷ,</strong></span> <span class='ocrx_word' id='word_1_755' title='bbox 1952 4849 2181 4927; x_wconf 71' lang='grc' dir='ltr'><strong>ταχινὴν</strong></span> <span class='ocrx_word' id='word_1_756' title='bbox 2242 4847 2401 4922; x_wconf 86' lang='grc' dir='ltr'><strong>μόνον</strong></span> <span class='ocrx_word' id='word_1_757' title='bbox 2452 4847 2672 4902; x_wconf 77' lang='grc' dir='ltr'><strong>εἰποῦσα</strong></span> <span class='ocrx_word' id='word_1_758' title='bbox 2727 4847 2970 4922; x_wconf 71' lang='grc' dir='ltr'><strong>γενέσθαι</strong></span> <span class='ocrx_word' id='word_1_759' title='bbox 3020 4845 3175 4903; x_wconf 78' lang='grc' dir='ltr'><strong>πάέιν</strong></span> <span class='ocrx_word' id='word_1_760' title='bbox 3231 4851 3408 4908; x_wconf 72' lang='grc' dir='ltr'><strong>αὐτῶν</strong></span> <span class='ocrx_word' id='word_1_761' title='bbox 3457 4851 3559 4916; x_wconf 68' lang='grc' dir='ltr'><strong>τὴν</strong></span> <span class='ocrx_word' id='word_1_762' title='bbox 3611 4850 3728 4906; x_wconf 64' lang='grc' dir='ltr'><strong>ἀνά-⁸</strong></span> 
     </span>
    </p>
   </div>
   <div class='ocr_carea' id='block_1_104' title="bbox 374 4926 540 4992">
    <p class='ocr_par' dir='ltr' id='par_1_104' title="bbox 374 4926 540 4992">
     <span class='ocr_line' id='line_1_104' title="bbox 374 4926 540 4992; baseline 0.006 -9"><span class='ocrx_word' id='word_1_763' title='bbox 374 4926 540 4992; x_wconf 82' lang='grc' dir='ltr'><strong>δοσιν,</strong></span> 
     </span>
    </p>
   </div>
   <div class='ocr_carea' id='block_1_105' title="bbox 450 5020 2020 5101">
    <p class='ocr_par' dir='ltr' id='par_1_105' title="bbox 450 5020 2020 5101">
     <span class='ocr_line' id='line_1_105' title="bbox 450 5020 2020 5101; baseline 0.006 -18"><span class='ocrx_word' id='word_1_764' title='bbox 450 5020 576 5084; x_wconf 84' lang='lat' dir='ltr'><strong>XV.</strong></span> <span class='ocrx_word' id='word_1_765' title='bbox 601 5021 756 5085; x_wconf 84' lang='lat' dir='ltr'><strong>Hinc</strong></span> <span class='ocrx_word' id='word_1_766' title='bbox 776 5030 971 5084; x_wconf 84' lang='lat' dir='ltr'><strong>autem</strong></span> <span class='ocrx_word' id='word_1_767' title='bbox 999 5040 1246 5101; x_wconf 85' lang='lat' dir='ltr'><strong>magnus</strong></span> <span class='ocrx_word' id='word_1_768' title='bbox 1267 5023 1470 5097; x_wconf 82' lang='lat' dir='ltr'><strong>Jacob,</strong></span> <span class='ocrx_word' id='word_1_769' title='bbox 1498 5043 1632 5087; x_wconf 90' lang='lat' dir='ltr'><strong>cum</strong></span> <span class='ocrx_word' id='word_1_770' title='bbox 1657 5026 1767 5088; x_wconf 88' lang='lat' dir='ltr'><strong>hac</strong></span> <span class='ocrx_word' id='word_1_771' title='bbox 1787 5028 2020 5093; x_wconf 89' lang='lat' dir='ltr'><strong>ratione</strong></span> 
     </span>
    </p>
   </div>
   <div class='ocr_carea' id='block_1_106' title="bbox 374 5112 2020 5192">
    <p class='ocr_par' dir='ltr' id='par_1_106' title="bbox 374 5112 2020 5192">
     <span class='ocr_line' id='line_1_106' title="bbox 374 5112 2020 5192; baseline 0.007 -21"><span class='ocrx_word' id='word_1_772' title='bbox 374 5112 687 5186; x_wconf 89' lang='lat' dir='ltr'><strong>profanum</strong></span> <span class='ocrx_word' id='word_1_773' title='bbox 744 5113 1190 5192; x_wconf 86' lang='lat' dir='ltr'><strong>supplantasset</strong></span> <span class='ocrx_word' id='word_1_774' title='bbox 1222 5112 1399 5188; x_wconf 89' lang='lat' dir='ltr'><strong>Esau,</strong></span> <span class='ocrx_word' id='word_1_775' title='bbox 1437 5122 1495 5176; x_wconf 88' lang='lat' dir='ltr'><strong>et</strong></span> <span class='ocrx_word' id='word_1_776' title='bbox 1526 5115 1826 5179; x_wconf 87' lang='lat' dir='ltr'><strong>scelerata</strong></span> <span class='ocrx_word' id='word_1_777' title='bbox 1859 5119 2020 5182; x_wconf 89' lang='lat' dir='ltr'><strong>illius</strong></span> 
     </span>
    </p>
   </div>
   <div class='ocr_carea' id='block_1_107' title="bbox 371 5200 2018 5288">
    <p class='ocr_par' dir='ltr' id='par_1_107' title="bbox 371 5200 2018 5288">
     <span class='ocr_line' id='line_1_107' title="bbox 371 5200 2018 5288; baseline 0.007 -29"><span class='ocrx_word' id='word_1_778' title='bbox 371 5200 770 5278; x_wconf 84' lang='lat' dir='ltr'><strong>improbitatis</strong></span> <span class='ocrx_word' id='word_1_779' title='bbox 793 5201 1192 5279; x_wconf 79' lang='lat' dir='ltr'><strong>primogenita</strong></span> <span class='ocrx_word' id='word_1_780' title='bbox 1211 5202 1524 5265; x_wconf 77' lang='lat' dir='ltr'><strong>fuissentsi</strong></span> <span class='ocrx_word' id='word_1_781' title='bbox 1547 5205 2018 5288; x_wconf 74' lang='lat' dir='ltr'><strong>credita,magno</strong></span> 
     </span>
    </p>
   </div>
   <div class='ocr_carea' id='block_1_108' title="bbox 370 5288 2021 5374">
    <p class='ocr_par' dir='ltr' id='par_1_108' title="bbox 370 5288 2021 5374">
     <span class='ocr_line' id='line_1_108' title="bbox 370 5288 2021 5374; baseline 0.007 -27"><span class='ocrx_word' id='word_1_782' title='bbox 370 5296 426 5374; x_wconf 85' lang='lat' dir='ltr'><strong>et</strong></span> <span class='ocrx_word' id='word_1_783' title='bbox 448 5288 584 5349; x_wconf 88' lang='lat' dir='ltr'><strong>forti</strong></span> <span class='ocrx_word' id='word_1_784' title='bbox 605 5291 807 5350; x_wconf 89' lang='lat' dir='ltr'><strong>animo</strong></span> <span class='ocrx_word' id='word_1_785' title='bbox 826 5290 1015 5350; x_wconf 88' lang='lat' dir='ltr'><strong>virum</strong></span> <span class='ocrx_word' id='word_1_786' title='bbox 1037 5292 1468 5354; x_wconf 81' lang='lat' dir='ltr'><strong>exsecrandum</strong></span> <span class='ocrx_word' id='word_1_787' title='bbox 1483 5293 2021 5374; x_wconf 79' lang='lat' dir='ltr'><strong>aggreditur,et,ut</strong></span> 
     </span>
    </p>
   </div>
   <div class='ocr_carea' id='block_1_109' title="bbox 369 5373 2021 5458">
    <p class='ocr_par' dir='ltr' id='par_1_109' title="bbox 369 5373 2021 5458">
     <span class='ocr_line' id='line_1_109' title="bbox 369 5373 2021 5458; baseline 0.009 -25"><span class='ocrx_word' id='word_1_788' title='bbox 369 5373 854 5458; x_wconf 85' lang='lat' dir='ltr'><strong>dicitur,vulpem</strong></span> <span class='ocrx_word' id='word_1_789' title='bbox 875 5379 1120 5454; x_wconf 89' lang='lat' dir='ltr'><strong>pulchre</strong></span> <span class='ocrx_word' id='word_1_790' title='bbox 1140 5373 1548 5458; x_wconf 79' lang='lat' dir='ltr'><strong>decipit.Vide</strong></span> <span class='ocrx_word' id='word_1_791' title='bbox 1560 5381 1720 5445; x_wconf 92' lang='lat' dir='ltr'><strong>enim</strong></span> <span class='ocrx_word' id='word_1_792' title='bbox 1738 5384 1888 5447; x_wconf 90' lang='lat' dir='ltr'><strong>mihi</strong></span> <span class='ocrx_word' id='word_1_793' title='bbox 1909 5385 2021 5448; x_wconf 88' lang='lat' dir='ltr'><strong>viri</strong></span> 
     </span>
    </p>
   </div>
   <div class='ocr_carea' id='block_1_110' title="bbox 447 5553 1636 5643">
    <p class='ocr_par' dir='ltr' id='par_1_110' title="bbox 447 5553 1636 5643">
     <span class='ocr_line' id='line_1_110' title="bbox 447 5553 1636 5643; baseline 0.013 -29"><span class='ocrx_word' id='word_1_794' title='bbox 447 5553 482 5604; x_wconf 76' lang='grc'><strong>6</strong></span> <span class='ocrx_word' id='word_1_795' title='bbox 510 5555 670 5617; x_wconf 87' lang='lat' dir='ltr'><strong>Psal.</strong></span> <span class='ocrx_word' id='word_1_796' title='bbox 705 5575 944 5640; x_wconf 80' lang='lat' dir='ltr'><strong>xxxvm,</strong></span> <span class='ocrx_word' id='word_1_797' title='bbox 976 5561 1071 5623; x_wconf 76' lang='lat' dir='ltr'><strong>t3.</strong></span> <span class='ocrx_word' id='word_1_798' title='bbox 1154 5566 1182 5615; x_wconf 85' lang='lat'><strong>&#39;7</strong></span> <span class='ocrx_word' id='word_1_799' title='bbox 1213 5563 1348 5626; x_wconf 78' lang='lat' dir='ltr'><strong>lsai.</strong></span> <span class='ocrx_word' id='word_1_800' title='bbox 1384 5584 1541 5643; x_wconf 70' lang='grc' dir='ltr'><strong>χχιι,</strong></span> <span class='ocrx_word' id='word_1_801' title='bbox 1575 5569 1636 5632; x_wconf 79' lang='grc'><strong>4.</strong></span> 
     </span>
    </p>
   </div>
   <div class='ocr_carea' id='block_1_111' title="bbox 2182 5018 3729 5110">
    <p class='ocr_par' dir='ltr' id='par_1_111' title="bbox 2182 5018 3729 5110">
     <span class='ocr_line' id='line_1_111' title="bbox 2182 5018 3729 5110; baseline 0.001 -22"><span class='ocrx_word' id='word_1_802' title='bbox 2182 5029 2288 5088; x_wconf 84' lang='lat' dir='ltr'><strong>IE&#39;.</strong></span> <span class='ocrx_word' id='word_1_803' title='bbox 2348 5018 2406 5086; x_wconf 72' lang='grc' dir='ltr'>Ὀ</span> <span class='ocrx_word' id='word_1_804' title='bbox 2457 5025 2640 5102; x_wconf 71' lang='grc' dir='ltr'><strong>μέντοι</strong></span> <span class='ocrx_word' id='word_1_805' title='bbox 2691 5028 2860 5106; x_wconf 78' lang='grc' dir='ltr'><strong>μέγας</strong></span> <span class='ocrx_word' id='word_1_806' title='bbox 2921 5024 3120 5086; x_wconf 83' lang='grc' dir='ltr'><strong>Ἰακὼὸ</strong></span> <span class='ocrx_word' id='word_1_807' title='bbox 3161 5029 3330 5094; x_wconf 75' lang='grc' dir='ltr'><strong>οὕτως</strong></span> <span class='ocrx_word' id='word_1_808' title='bbox 3374 5035 3467 5091; x_wconf 78' lang='grc' dir='ltr'><strong>τὸν</strong></span> <span class='ocrx_word' id='word_1_809' title='bbox 3519 5033 3729 5110; x_wconf 77' lang='grc' dir='ltr'><strong>βέϐηλον</strong></span> 
     </span>
    </p>
   </div>
   <div class='ocr_carea' id='block_1_112' title="bbox 2099 5117 3729 5199">
    <p class='ocr_par' dir='ltr' id='par_1_112' title="bbox 2099 5117 3729 5199">
     <span class='ocr_line' id='line_1_112' title="bbox 2099 5117 3729 5199; baseline 0 -20"><span class='ocrx_word' id='word_1_810' title='bbox 2099 5122 2266 5196; x_wconf 77' lang='grc' dir='ltr'><strong>ταύτῃ</strong></span> <span class='ocrx_word' id='word_1_811' title='bbox 2317 5117 2599 5194; x_wconf 82' lang='grc' dir='ltr'><strong>πτερνίσας</strong></span> <span class='ocrx_word' id='word_1_812' title='bbox 2650 5121 2843 5193; x_wconf 80' lang='grc' dir='ltr'><strong>Ἠσαῦ,</strong></span> <span class='ocrx_word' id='word_1_813' title='bbox 2913 5120 3107 5175; x_wconf 77' lang='grc' dir='ltr'><strong>καὶτὰ</strong></span> <span class='ocrx_word' id='word_1_814' title='bbox 3165 5123 3379 5197; x_wconf 81' lang='grc' dir='ltr'><strong>πονηρά</strong></span> <span class='ocrx_word' id='word_1_815' title='bbox 3431 5125 3729 5199; x_wconf 73' lang='grc' dir='ltr'><strong>πρωτότοκα</strong></span> 
     </span>
    </p>
   </div>
   <div class='ocr_carea' id='block_1_113' title="bbox 2101 5207 3727 5290">
    <p class='ocr_par' dir='ltr' id='par_1_113' title="bbox 2101 5207 3727 5290">
     <span class='ocr_line' id='line_1_113' title="bbox 2101 5207 3727 5290; baseline 0.001 -23"><span class='ocrx_word' id='word_1_816' title='bbox 2101 5217 2198 5277; x_wconf 82' lang='grc' dir='ltr'><strong>τῆς</strong></span> <span class='ocrx_word' id='word_1_817' title='bbox 2229 5208 2431 5264; x_wconf 75' lang='grc' dir='ltr'><strong>ἐκείνου</strong></span> <span class='ocrx_word' id='word_1_818' title='bbox 2463 5207 2652 5272; x_wconf 70' lang='grc' dir='ltr'><strong>κακίας</strong></span> <span class='ocrx_word' id='word_1_819' title='bbox 2683 5207 3069 5287; x_wconf 68' lang='grc' dir='ltr'><strong>ἐγχειρισθεὶς,</strong></span> <span class='ocrx_word' id='word_1_820' title='bbox 3104 5208 3339 5276; x_wconf 77' lang='grc' dir='ltr'><strong>ἐπέξεισι</strong></span> <span class='ocrx_word' id='word_1_821' title='bbox 3365 5214 3625 5290; x_wconf 85' lang='grc' dir='ltr'><strong>γενναίως</strong></span> <span class='ocrx_word' id='word_1_822' title='bbox 3652 5215 3727 5270; x_wconf 72' lang='grc' dir='ltr'><strong>τὸν</strong></span> 
     </span>
    </p>
   </div>
   <div class='ocr_carea' id='block_1_114' title="bbox 2101 5295 3728 5378">
    <p class='ocr_par' dir='ltr' id='par_1_114' title="bbox 2101 5295 3728 5378">
     <span class='ocr_line' id='line_1_114' title="bbox 2101 5295 3728 5378; baseline 0.004 -24"><span class='ocrx_word' id='word_1_823' title='bbox 2101 5299 2397 5372; x_wconf 85' lang='grc' dir='ltr'><strong>ἀλιτήριον,</strong></span> <span class='ocrx_word' id='word_1_824' title='bbox 2457 5295 2548 5351; x_wconf 84' lang='grc' dir='ltr'><strong>καὶ</strong></span> <span class='ocrx_word' id='word_1_825' title='bbox 2605 5297 2667 5352; x_wconf 82' lang='grc' dir='ltr'><strong>τὸ</strong></span> <span class='ocrx_word' id='word_1_826' title='bbox 2727 5303 2820 5354; x_wconf 79' lang='grc' dir='ltr'><strong>τοῦ</strong></span> <span class='ocrx_word' id='word_1_827' title='bbox 2878 5296 3063 5378; x_wconf 80' lang='grc' dir='ltr'><strong>λόγου,</strong></span> <span class='ocrx_word' id='word_1_828' title='bbox 3125 5299 3356 5358; x_wconf 84' lang='grc' dir='ltr'><strong>παλαύει</strong></span> <span class='ocrx_word' id='word_1_829' title='bbox 3417 5303 3598 5367; x_wconf 82' lang='grc' dir='ltr'><strong>καλῶς</strong></span> <span class='ocrx_word' id='word_1_830' title='bbox 3648 5304 3728 5369; x_wconf 67' lang='grc' dir='ltr'><strong>τὴν</strong></span> 
     </span>
    </p>
   </div>
   <div class='ocr_carea' id='block_1_115' title="bbox 2101 5383 3727 5474">
    <p class='ocr_par' dir='ltr' id='par_1_115' title="bbox 2101 5383 3727 5474">
     <span class='ocr_line' id='line_1_115' title="bbox 2101 5383 3727 5474; baseline 0.004 -31"><span class='ocrx_word' id='word_1_831' title='bbox 2101 5386 2381 5448; x_wconf 85' lang='grc' dir='ltr'><strong>ἀλώπεκα,</strong></span> <span class='ocrx_word' id='word_1_832' title='bbox 2433 5383 2561 5464; x_wconf 84' lang='grc' dir='ltr'><strong>Ὀρα</strong></span> <span class='ocrx_word' id='word_1_833' title='bbox 2605 5385 2706 5464; x_wconf 83' lang='grc' dir='ltr'><strong>γάρ</strong></span> <span class='ocrx_word' id='word_1_834' title='bbox 2756 5410 2849 5463; x_wconf 87' lang='grc' dir='ltr'><strong>μοι</strong></span> <span class='ocrx_word' id='word_1_835' title='bbox 2893 5397 2987 5447; x_wconf 80' lang='grc' dir='ltr'><strong>τοῦ</strong></span> <span class='ocrx_word' id='word_1_836' title='bbox 3029 5392 3195 5470; x_wconf 74' lang='grc' dir='ltr'><strong>σιρφοῦ</strong></span> <span class='ocrx_word' id='word_1_837' title='bbox 3223 5392 3324 5460; x_wconf 79' lang='grc' dir='ltr'><strong>τὴν</strong></span> <span class='ocrx_word' id='word_1_838' title='bbox 3357 5392 3620 5474; x_wconf 71' lang='grc' dir='ltr'><strong>ἐπίνοιαν,</strong></span> <span class='ocrx_word' id='word_1_839' title='bbox 3655 5394 3727 5451; x_wconf 72' lang='grc' dir='ltr'><strong>καὶ</strong></span> 
     </span>
    </p>
   </div>
  </div>
