3954 6146
209 320 240 385 1
253 321 371 388 265

1428 327 1615 391 VITA
1660 327 1722 392 S.
1771 325 2108 390 EPHREM
2152 323 2350 387 SYRI.

3425 319 3578 388 1266

211 457 366 523 ὅπως
421 458 752 527 τηλικαύτην
808 462 992 540 ψυχῆς
1063 463 1359 530 σκαιότητα
1428 463 1526 519 καί
1584 460 1847 518 ποικιλίαν

1944 456 2217 538 sapientis
2245 456 2644 529 inventum,et
2664 454 3169 534 quemadmodum
3195 461 3309 516 tam
3348 457 3577 534 impro-

204 549 645 626 κατασοφίζεται.
705 549 777 607 To‘
845 551 944 624 μὲν
1014 554 1102 607 οὖν
1171 553 1303 630 πρὸς
1362 551 1551 630 λόγους
1605 553 1856 631 χωρῆσαι

201 637 300 692 καὶ
361 635 666 710 ἀντιθέσεις,
701 641 787 694 καὶ
829 637 1074 717 γλῶτταν
1121 641 1304 706 αὐτοῖς
1363 641 1669 721 ἐπαφεῖναι,
1703 640 1856 696 λῦσαι

203 724 384 780 πάντα
445 726 532 782 καὶ
595 727 891 804 ἀνατρέψαι
963 727 1080 784 λίαν
1136 731 1369 808 εὐχερῶς
1421 729 1739 804 δυναμένην,
1799 731 1859 786 οὗ

203 811 349 869 πάνυ
409 815 700 894 πρόχειρον
759 815 823 882 ἦν
883 819 1026 890 αὺτῷ
1082 815 1218 872 ἀλλά
1260 820 1347 875 καὶ
1405 819 1601 897 χρόνου
1657 825 1858 897 συχνοῦ

208 901 464 977 δεόμενον
513 904 599 959 καὶ
645 902 833 966 πόνου.
895 915 1059 964 Τοῦτο
1090 905 1145 962 δὲ
1191 909 1283 964 τοῦ
1322 913 1505 985 καιροῦ
1559 912 1856 972 τηνικαῦτα

203 993 291 1063 μὴ
363 992 748 1069 ἐπιτρέποντος
812 992 1080 1072 (ἐπέκειτο
1138 997 1236 1073 γὰρ
1307 999 1342 1064 ἡ
1415 997 1547 1073 γυνή
1618 993 1853 1075 σφοδρῶς

199 1079 508 1137 ἆπαιτοῦεα
565 1081 655 1144 τὰς
728 1079 994 1162 βίϐλους),
1039 1083 1124 1139 ἐπ’
1197 1083 1368 1151 ἀλλην
1430 1084 1677 1147 τρέπεται
1738 1106 1855 1139 τινα

199 1171 490 1248 μηχανὴν,
553 1171 687 1225 πολὺ
746 1171 836 1226 σὺν
905 1177 984 1244 τῷ
1040 1172 1200 1251 τάχει
1264 1175 1351 1229 καὶ
1423 1175 1484 1229 τὸ
1541 1172 1854 1249 δραστήριον

197 1255 458 1333 ἔχουσαν.
499 1256 825 1324 Ἀιαπτύξας
877 1261 978 1337 γὰρ
1011 1261 1076 1315 τὰ
1130 1259 1336 1337 βιϐλία,
1371 1261 1465 1318 καί
1497 1267 1603 1318 τῶν
1645 1260 1854 1339 φύλλων

201 1344 433 1402 ἕκαστον
498 1345 708 1426 διελὼν,
769 1349 949 1427 ἰχθύος
1012 1371 1068 1404 τε
1113 1349 1284 1426 κόλλῃ
1355 1352 1415 1407 τὸ
1479 1357 1584 1408 πᾶν
1654 1349 1854 1411 ἵκανῶς

199 1433 512 1512 διαχρίσαζ,
561 1435 686 1491 εἶτα
728 1437 946 1514 θάτερον
993 1438 1195 1515 θάτερῳ
1239 1439 1562 1513 “Puri”,
1599 1437 1695 1494 καῖ
1751 1437 1855 1510 μέ-

202 1545 306 1602 χρι
338 1522 541 1580 πολλοῦ
569 1530 637 1599 τῇ
667 1526 809 1602 χειρὶ
854 1532 1015 1582 ταῦτα
1045 1527 1259 1606 συσχών
1317 1549 1375 1582 τε
1403 1529 1490 1584 καὶ
1520 1525 1849 1604 ἐπισφίγξας,

1941 545 2081 607 bum
2113 553 2167 607 et
2206 554 2320 606 tam
2354 545 2578 605 varium
2610 543 2826 604 callide
2853 544 3007 604 fallit
3038 545 3326 605 animum.
3361 546 3579 607 Venire

1940 634 2181 710 quidem
2226 633 2297 694 ad
2330 631 2748 711 disputandum
2783 642 2845 692 et
2890 631 3337 711 opponendum,
3374 641 3432 694 et
3461 633 3579 694 lin-

1937 740 2110 800 guam
2141 722 2225 783 eis
2255 721 2599 794 immittere,
2636 737 2767 799 quae
2795 720 2994 780 omnia
3026 720 3197 780 facile
3231 721 3577 799 possetsol-

1939 828 2080 872 vere
2109 819 2168 870 et
2197 817 2612 884 evertere,non
2637 817 2760 868 erat
2784 808 2839 868 ei
2863 809 3181 870 admodum
3206 808 3576 888 expeditum:

1941 900 2044 960 sed
2097 899 2157 959 in
2209 899 2386 976 longo
2417 916 2566 977 opus
2619 897 2877 958 habebat
2932 907 3198 977 tempore
3245 907 3300 958 et
3347 898 3574 960 labore.

1938 989 2081 1050 Cum
2109 995 2302 1047 autem
2331 986 2389 1047 id
2414 986 2609 1047 facere
2636 1004 2752 1047 non
2778 988 3149 1066 permitteret
3172 986 3580 1067 opportunitas

1938 1074 2209 1153 (urgebat
2257 1075 2417 1135 enim
2474 1073 2715 1145 mulier,
2751 1074 2934 1135 libros
2965 1076 3354 1136 vehementer
3398 1091 3577 1153 repe-

1937 1171 2119 1243 tens),
2156 1162 2521 1224 convertitur
2552 1162 2625 1223 ad
2682 1163 2999 1242 quamdam
3044 1163 3216 1224 aliam
3267 1163 3577 1224 machina-

1941 1251 2188 1326 tionem,
2225 1270 2357 1330 quee
2383 1269 2514 1312 cum
2549 1251 2850 1312 celeritate
2875 1269 3144 1330 magnam
3175 1250 3432 1312 habebat
3461 1254 3577 1310 vim

1940 1351 2000 1403 et
2031 1340 2380 1402 efficaciam.
2415 1338 2560 1400 Nam
2593 1359 2727 1400 cum
2761 1339 2942 1400 libros
2973 1342 3345 1419 explicasset,
3378 1349 3433 1402 et
3483 1340 3578 1399 fo-

1939 1429 2153 1490 liorum
2205 1430 2668 1508 unumquodque
2699 1428 3016 1502 divisisset,
3053 1428 3398 1509 ichtyocolla
3436 1428 3579 1489 satis

1939 1519 2281 1579 universum
2333 1517 2628 1590 illivisset,
2664 1525 2720 1576 et
2766 1517 2984 1578 deinde
3014 1535 3146 1578 cum
3178 1517 3362 1578 altero
3408 1535 3578 1576 com-

202 1613 285 1673 ὡς
331 1611 386 1667 ἓν
417 1609 588 1668 πάντα
647 1615 892 1690 γενέσθαι
948 1620 1016 1690 τῇ
1074 1604 1207 1694 πρός
1250 1614 1458 1682 ἄλληλα
1514 1615 1700 1695 σχέσει
1771 1616 1857 1670 καὶ

1944 1607 2243 1688 plicasset,
2277 1614 2336 1668 et
2367 1624 2437 1666 ea
2469 1604 2571 1666 diu
2604 1623 2782 1666 manu
2814 1605 3265 1667 constrinxisset
3294 1625 3362 1665 ac
3407 1622 3576 1665 com—

201 1702 485 1780 συναφείᾳ,
545 1702 631 1756 καὶ
706 1700 835 1769 μηδ’
901 1702 1080 1782 ἕτερον
1118 1692 1244 1760 ἢτοῦ
1295 1705 1472 1781 ἐτέρου
1541 1692 1856 1759 δίασπᾶσθαι

1944 1695 2279 1775 pressisset,
2313 1695 2463 1755 adeo
2513 1703 2806 1754 utmutua
2861 1694 3020 1754 inter
3048 1713 3112 1755 se
3162 1692 3583 1772 conjunctione

197 1787 473 1862 δύνασθαι,
556 1789 590 1857 ἢ
664 1793 908 1848 ὁπωσοῦν
981 1791 1431 1870 ἀποῤῥήγνυσθαι,
1504 1798 1572 1868 τῇ
1642 1790 1857 1870 γυναικί

1944 1784 2136 1844 omnia
2172 1801 2352 1843 unum
2387 1784 2622 1855 tierent,
2657 1791 2715 1843 et
2748 1791 3022 1844 neutrum
3055 1792 3254 1863 posset
3283 1782 3355 1842 ab
3393 1781 3581 1844 altero

197 1876 552 1938 ἀποδίδωσιν.
622 1870 683 1934 Ἠ
743 1877 797 1934 δὲ
855 1879 1221 1954 ἀπολαμϐάνει
1267 1888 1451 1953 ταυτα,
1488 1879 1655 1953 μηδὲν
1697 1901 1856 1958 περι-

1945 1872 2165 1943 divelli,
2199 1881 2296 1932 aut
2325 1873 2868 1951 quomodocunque
2919 1872 3218 1951 abrumpi,
3253 1890 3353 1933 eos
3384 1870 3584 1932 reddit

201 1966 572 2043 εργασομένη,
635 1965 765 2041 μηδ’
817 1967 1174 2040 ἀναπτύξασα,
1236 1968 1377 2035 πλὴν
1442 1969 1625 2046 ὅτιπερ
1696 1970 1857 2045 ὑγιῶς

200 2055 375 2130 εἶχον
420 2055 483 2110 τὰ
540 2054 662 2129 ἔξω,
694 2065 851 2115 τοῦτο
910 2057 1072 2131 μόνον
1128 2055 1212 2113 ἐπ’
1272 2061 1457 2119 αὐτοῖς
1515 2059 1855 2135 ἀρκεσθεῖσα,

206 2143 416 2216 Χρόνον
472 2143 569 2218 μὲν
600 2144 690 2200 οὖν
713 2144 852 2201 οὕτω
895 2146 1012 2202 τινὰ
1055 2159 1284 2224 κατεῖχε
1340 2148 1435 2209 τὰς
1465 2145 1675 2222 βίϐλους
1734 2144 1854 2222 παρ’

201 2233 396 2306 ἑαυτῇ,

299 2301 422 2384 lg“.
485 2310 714 2369 Ἔπειτα
783 2313 1031 2371 καλεῖται
1095 2315 1190 2390 μὲν
1261 2316 1363 2371 ὑπὸ
1415 2321 1522 2373 τῶν
1576 2313 1858 2392 ὀρθοδόξων

206 2397 647 2476 Ἀπολλινοίριος.
705 2409 806 2459 T03
837 2406 974 2460 θείου
1023 2403 1075 2458 δὲ
1124 2404 1278 2460 τοῦτο
1323 2405 1586 2481 Ἐφραῗμ,
1619 2407 1706 2459 καὶ
1759 2409 1858 2469 τῆς

206 2488 300 2543 δια
361 2490 584 2565 Χριστὸν
631 2491 943 2570 εὐμηχάνου
971 2494 1059 2548 καὶ
1109 2492 1363 2560 ὀξυτάτης
1409 2496 1593 2570 ψυχῆς
1652 2491 1858 2556 ἐκείνης

207 2574 482 2645 ὃποϐολή·
541 2576 655 2657 ᾔδει
687 2580 786 2657 γὰρ
842 2581 869 2635 ό
913 2582 1048 2637 κατὰ
1077 2583 1183 2637 τῶν
1240 2582 1466 2638 ἀνοσίων
1496 2582 1710 2636 ἓκείνων
1764 2579 1860 2635 καί

205 2671 420 2744 μιαρῶν
461 2665 659 2743 βίϐλων
717 2669 994 2746 εἴργαστο.
1053 2670 1310 2727 Καλεϊται
1368 2673 1538 2726 τοίνυν
1599 2667 1860 2726 Ἀπολλι-

207 2756 424 2833 νάριος,
459 2760 531 2821 ὡς
593 2763 670 2829 τῷ
701 2759 924 2832 γενναίῳ
959 2759 1232 2836 προστάτῃ
1275 2766 1365 2815 τοῦ
1397 2759 1569 2834 Λόγου
1620 2757 1858 2823 διαλεξό-

207 2867 399 2920 μενος.
460 2837 516 2904 Ὀ
549 2846 603 2902 δὲ
652 2849 740 2902 καὶ
772 2849 912 2924 γήρᾳ
955 2845 1090 2915 ἤδης
1136 2850 1223 2904 καὶ
1267 2861 1385 2912 τοῖς
1443 2847 1503 2904 ἐκ
1545 2854 1636 2903 τοῦ
1679 2849 1860 2924 γήρως

207 2935 433 2995 κάμνων
475 2948 695 3004 κακοῖς,
739 2938 896 2997 αὐτὸς
941 2939 1040 3010 μὲν
1091 2937 1428 3014 ἀπηγόρευιιε
1458 2937 1559 3002 τὴν
1610 2934 1856 3000 διάλεξιν

210 3025 362 3088 εὖθυς
422 3023 478 3078 δὲ
511 3025 641 3097 πρὸς
673 3024 768 3086 τὰς
828 3026 1047 3088 οἰκείους
1080 3023 1271 3100 ἔϐλεψε
1301 3023 1538 3103 ϐίϐλους,
1583 3026 1671 3081 καὶ
1727 3025 1860 3081 ταύ-

208 3134 311 3174 τας
358 3116 500 3186 αὒτῷ
556 3116 873 3186 κομισθῆναι
939 3115 1288 3191 προσπάττει’
1365 3116 1514 3171 αὗται
1587 3115 1687 3192 γὰρ
1745 3135 1859 3188 μοι,

1943 1961 2208 2023 mulieri.
2263 1959 2366 2021 Illa
2398 1978 2536 2022 vero
2571 1978 2674 2021 eos
2704 1960 2917 2040 recipit
2967 1960 3113 2020 nihil
3145 1979 3418 2039 quaerens
3449 1978 3579 2020 am-

1943 2050 2122 2129 plius,
2176 2067 2369 2130 neque
2419 2067 2523 2110 eos
2573 2048 2898 2130 explicans,
2951 2048 3092 2109 satis
3137 2048 3365 2110 habens
3421 2048 3580 2128 quod

1941 2149 2107 2201 recte
2159 2157 2224 2200 se
2255 2138 2542 2201 haberent
2575 2138 2964 2200 extrinsecus.
2998 2137 3215 2217 Aliquo
3248 2153 3388 2214 ergo
3437 2147 3582 2198 tem-

1945 2245 2087 2308 pore
2112 2229 2199 2289 sic
2233 2229 2415 2290 libros
2445 2227 2599 2307 apud
2631 2245 2696 2288 se
2729 2228 2994 2289 retinuit.

2000 2315 2391 2378 XVI.Deinde
2413 2325 2653 2377 vocatur
2673 2315 2914 2395 quidem
2943 2320 3015 2376 ab
3035 2315 3382 2377 orthodoxis
3403 2314 3583 2393 Apol-

1944 2405 2148 2466 linaris
2176 2426 2188 2467 :
2223 2406 2335 2465 hoc
2366 2413 2565 2464 autem
2615 2416 2990 2480 suggesserat
3015 2412 3254 2482 propter
3282 2403 3578 2465 Christum

1941 2494 2283 2556 acutissima
2306 2502 2363 2554 et
2388 2491 2865 2572 ingeniosissima
2884 2491 3154 2571 Ephrasm
3186 2492 3405 2567 anima;
3424 2493 3583 2553 scie-

1945 2584 2044 2644 bat
2065 2584 2399 2662 enim,quid
2428 2582 2668 2644 fecisset
2688 2581 2749 2640 in
2772 2580 2907 2641 illos
2933 2581 3150 2660 impios
3172 2590 3228 2641 et
3259 2599 3582 2642 exsecran-

1948 2673 2054 2733 dos
2081 2671 2288 2733 libros:
2317 2679 2560 2732 vocatur
2583 2687 2720 2747 ergo
2743 2668 3420 2748 Apollinaris,tanquam
3447 2687 3580 2730 cum

1946 2761 2182 2839 egregio
2212 2761 2395 2821 Verbi
2438 2759 2756 2819 defensore
2785 2759 3218 2837 disputaturus.
3251 2757 3358 2819 llle
3387 2767 3581 2818 autem

1938 2851 2063 2928 jam
2094 2858 2152 2911 et
2168 2856 2476 2910 senectute
2498 2855 2556 2908 et
2578 2849 2900 2908 senectutis
2925 2847 3095 2908 malis
3115 2847 3586 2919 dcf'essus,recu-

1945 2937 2089 3000 savit
2117 2937 2358 3017 quidem
2394 2937 2524 3016 ipse
2553 2935 2852 2996 disserere
2885 2955 2900 2995 :
2939 2936 3136 2995 statim
3169 2953 3306 2996 vero
3333 2935 3404 2996 ad
3445 2952 3586 2996 suos

1945 3026 2132 3087 libros
2162 3031 2444 3105 respexit,
2481 3033 2536 3085 et
2561 3042 2663 3084 eos
2683 3024 2755 3084 ad
2788 3041 2853 3084 se
2883 3023 3104 3086 deferri
3132 3024 3436 3103 praecepit.
3472 3023 3590 3103 Ipsi

1948 3116 2108 3177 enim
2139 3113 2534 3194 mihi,inquit,
2562 3111 3500 3192 subministrabunt.quaecunque
3521 3129 3590 3172 os

209 3200 408 3279 φησίν,
443 3201 542 3258 ὅσα
591 3204 678 3256 καὶ
711 3203 884 3276 στόμα
913 3206 990 3277 τῷ
1037 3203 1201 3280 λογῳ,
1235 3203 1659 3271 διακονήσουσιν.
1693 3203 1858 3278 Ἀμέ-

1947 3205 2378 3266 orationi.Cum
2413 3221 2482 3264 ex
2514 3203 2686 3263 libris
2707 3203 2904 3282 itaque
2924 3200 3180 3280 cepisset
3202 3200 3591 3277 alterum,ille

198 3290 285 3346 λει
337 3291 423 3346 καὶ
467 3295 572 3346 τῶν
621 3289 817 3365 βίϐλων
866 3292 961 3359 τὴν
1013 3294 1197 3369 ἑτέραν
1255 3290 1454 3371 λαϐὼν,
1490 3295 1516 3348 ὁ
1571 3293 1668 3366 μὲν
1725 3293 1859 3348 ἁνα-

195 3381 460 3436 πτύσσειν
524 3379 711 3456 αὐτὴν,
775 3381 893 3458 περῖ
964 3381 1124 3444 αὐτὰς
1196 3403 1297 3436 που
1356 3383 1452 3445 τὰς
1509 3381 1684 3459 ἀρχὰς
1760 3385 1857 3446 τῆς

201 3472 524 3546 συγγραφῆς
587 3469 723 3542 μετὰ
781 3467 982 3525 πολὶοῦ
1038 3477 1129 3527 τοῦ
1181 3471 1520 3548 φρονήματος
1579 3470 1849 3546 ἐπειρᾶτο,

199 3549 297 3620 Ὠς
361 3555 408 3610 δ’
466 3555 569 3635 οὐχ
612 3557 877 3625 ὑπήκουεν
927 3557 1104 3624 ἐκείνη
1152 3561 1214 3613 τὸ
1263 3559 1538 3635 παράπαν,
1585 3556 1700 3614 οὐδὲ
1749 3565 1855 3614 τῶν

196 3645 417 3727 φύλλων
478 3647 596 3701 τινὰ
652 3643 927 3720 διεσπᾶτο,
983 3646 1104 3703 ἀλλ’
1149 3649 1344 3713 ἑαυτῆς
1401 3648 1594 3726 εἴχετο
1652 3645 1855 3720 μᾶλλον

197 3737 443 3812 καθάπερ
489 3734 545 3789 ἓν
588 3739 745 3809 σῶμα
787 3735 1142 3814 γεγενομένη,
1189 3737 1315 3813 περῖ
1368 3736 1434 3790 τὰ
1479 3735 1614 3810 μέσα
1655 3737 1854 3801 ταύτης

199 3822 535 3898 μετέϐαινεν,
592 3823 743 3882 Ἐπεὶ
797 3823 850 3879 δέ
908 3825 1171 3881 κάνταῦθα
1223 3823 1548 3902 διημάρτανε
1595 3827 1700 3880 τῶν
1759 3823 1855 3880 ἐλ-

199 3913 396 3986 πίδων,
433 3913 530 3980 τὴν
581 3914 835 3979 τοιαύτην
885 3911 1065 3990 βίϐλον
1109 3914 1282 3992 ἀφεὶς,
1331 3911 1700 3988 μετελάμϐανε
1758 3914 1859 3978 τὴν

203 4003 419 4080 ἑτέραν,
484 3995 574 4065 Ὠς
633 4002 687 4058 δὲ
749 4003 966 4070 κάκείνη
1019 4003 1206 4060 λοιπὸν
1264 4005 1394 4084 εἶχε
1448 4003 1855 4080 παραπλησίως,

200 4091 501 4170 ἀδιαίρετός
563 4114 621 4148 τε
676 4093 742 4158 ἦν
801 4095 934 4159 αὐτὴ
983 4093 1198 4171 ἑαυτῆς,
1243 4096 1331 4150 καὶ
1389 4091 1663 4158 παντελῶς
1707 4090 1861 4148 ἀδιά-

203 4203 439 4258 σπατος,
500 4183 574 4240 εἷς
631 4181 841 4248 πολλὴν
900 4183 1164 4246 καταστὰς
1226 4183 1469 4260 ἀπορίαν,
1517 4181 1707 4238 σκότου
1765 4183 1862 4248 τὴν

205 4271 398 4349 ψυχὴν
471 4269 793 4346 πληρωθεὶς,
858 4272 956 4327 ὕπὸ
1027 4278 1120 4327 τοῦ
1190 4272 1287 4338 τῆς
1359 4271 1580 4344 ἀθυμίας
1653 4272 1861 4335 ἒκείνης

1947 3293 2188 3372 quidem
2224 3310 2360 3352 eum
2397 3291 2698 3371 explicare
2729 3290 2921 3350 statim
2956 3289 3018 3349 in
3066 3290 3357 3370 principio
3389 3290 3589 3368 operis

1943 3399 2078 3441 cum
2131 3398 2344 3456 magna
2371 3379 2624 3459 quadam
2658 3379 2942 3456 gravitate
2972 3378 3330 3440 conabatur:
3367 3388 3423 3439 at
3451 3395 3586 3440 cum

1939 3469 2042 3531 ille
2071 3469 2317 3529 omnino
2357 3487 2476 3528 non
2510 3466 2806 3540 ebediret,
2841 3483 3036 3547 neque
3088 3485 3156 3528 ex
3191 3467 3353 3528 foliis
3395 3467 3594 3547 aliqua

1939 3557 2396 3632 divellerentur,
2431 3557 2536 3618 sed
2571 3556 2677 3616 tibi
2731 3554 2927 3634 potius
2957 3556 3356 3636 cohaererent,
3390 3565 3454 3617 ut
3482 3555 3590 3632 qui

1939 3656 2214 3724 tanquam
2250 3665 2432 3706 unum
2461 3663 2679 3725 corpus
2715 3645 3066 3717 evasissent,
3103 3647 3316 3705 transit
3345 3645 3421 3708 ad
3458 3645 3590 3723 ejus

1941 3735 2230 3797 medium.
2264 3734 2410 3797 Cum
2437 3753 2572 3796 vero
2603 3743 2661 3795 ct
2691 3733 2814 3794 illic
2846 3743 3007 3795 esset
3036 3751 3141 3814 spe
3173 3734 3386 3812 falsus,
3420 3751 3490 3795 eo
3515 3733 3592 3794 li-

1943 3843 2049 3906 pro
2079 3823 2533 3903 relicto,transit
2556 3824 2625 3884 ad
2659 3821 3057 3884 alterum.Ubi
3080 3832 3279 3884 autem
3311 3823 3413 3884 ille
3437 3840 3592 3902 quo-

1943 3932 2061 3995 que
2091 3932 2156 3974 se
2209 3913 2457 3974 haberet
2485 3912 2786 3989 similiter,
2815 3922 2874 3973 et
2907 3912 3034 3992 ipse
3069 3930 3101 3972 a
3149 3931 3214 3974 se
3247 3931 3363 3973 non
3399 3921 3594 3989 posset

1943 4001 2155 4074 dividi,
2191 4019 2303 4063 nec
2330 4001 2461 4063 fieri
2483 4004 2727 4061 omnino
2761 4010 2961 4080 posset
2989 4010 3049 4060 ut
3079 4001 3488 4074 divelleretur,
3519 4001 3593 4062 ad

1949 4108 2218 4169 magnam
2251 4090 2469 4152 mentis
2497 4090 2776 4152 redactus
2807 4089 3094 4169 inopiam,
3131 4107 3250 4169 prae
3280 4090 3507 4166 pudore
3538 4096 3598 4150 et.

1945 4179 2130 4240 animi
2163 4179 2522 4257 mgritudine
2553 4178 2838 4257 caligans,
2873 4187 2933 4239 et
2977 4179 3263 4256 vertigine
3290 4177 3594 4252 laborans,

1947 4277 2004 4330 et
2036 4288 2107 4330 eo
2137 4287 2277 4329 casu
2309 4269 2490 4330 veluti
2523 4287 2768 4331 eversus
2799 4269 3004 4331 exsilit
3026 4286 3058 4328 e
3088 4279 3472 4342 consessu,ut
3495 4269 3597 4348 qui

205 4362 295 4412 καὶ
366 4359 464 4425 τῆς
511 4359 772 4438 αἰσχύνης
831 4361 1059 4436 ἰλίγγου,
1101 4361 1191 4416 καὶ
1248 4360 1320 4423 ὡς
1394 4361 1511 4435 περὶ
1568 4362 1644 4432 τῷ
1705 4360 1858 4414 πάθει

1945 4377 2012 4419 se
2042 4376 2161 4418 non
2195 4366 2398 4437 posset
2427 4357 2685 4438 amplius
2717 4357 3054 4419 continere:
3081 4367 3139 4419 et
3169 4357 3406 4419 tandem
3443 4359 3598 4421 male

205 4450 613 4524 παρατραπεὶς,
701 4447 948 4520 ἀνατηδᾷ
1029 4457 1124 4506 τοῦ
1209 4448 1516 4526 σύνεδρίου,
1603 4447 1858 4527 κατέχειν

1948 4447 2126 4526 perit,
2155 4447 2408 4507 fructum
2444 4446 2713 4509 laborum
2745 4465 2988 4508 suorum
3028 4456 3086 4509 et
3118 4447 3404 4508 librorum
3431 4464 3595 4509 mor-

208 4537 398 4592 ἐαυτὸν
464 4536 602 4600 ὅλως
677 4535 895 4600 δυνατὸς
966 4543 1061 4612 οὒκ
1131 4537 1226 4593 ὤν·
1291 4539 1378 4594 καὶ
1432 4536 1608 4616 τέλος,
1682 4543 1858 4598 κακῶς

1947 4515 2062 4596 tem
2085 4515 2564 4613 c'olligens.Talis
2590 4553 2696 4616 pro
2716 4535 2951 4598 Christo
2980 4536 3088 4598 fuit
3108 4536 3269 4598 zelus
3287 4537 3591 4616 Ephraem,

208 4624 506 4680 ἀπόλλῦται
565 4627 766 4702 καρπὸν
828 4631 932 4681 τῶν
991 4628 1197 4682 οίκὲίων
1260 4627 1458 4700 πόνων,
1519 4627 1607 4682 καὶ
1666 4623 1858 4702 βίϐλων

1947 4633 2007 4685 et
2035 4623 2122 4685 sic
2151 4628 2347 4685 omnis
2369 4625 2554 4686 virtus
2580 4624 2841 4704 plantata
2865 4626 3057 4687 fuerat
3089 4625 3147 4685 in
3181 4625 3340 4687 illius
3372 4626 3597 4706 anima,

212 4712 432 4786 ἀμήσας
461 4715 710 4775 θάνατον,
746 4721 1000 4775 Τοιοῦτος
1051 4715 1115 4782 ἧν
1146 4717 1234 4771 καὶ
1265 4717 1292 4771 ὁ
1322 4715 1453 4792 ὑπὲρ
1503 4722 1731 4792 Χριστοῦ
1760 4720 1858 4784 ζῆ-

1949 4713 2098 4775 adeo
2133 4721 2196 4774 ut
2225 4713 2359 4794 quis
2393 4732 2523 4774 eam
2571 4715 2787 4775 merito
2821 4716 3119 4776 vocaverit
3154 4714 3404 4790 fontem,
3439 4715 3600 4775 unde

214 4801 332 4867 λος.
372 4803 641 4882 Ἐφραῗμ,
673 4808 770 4859 καὶ
800 4802 968 4868 οὕτως
1000 4806 1073 4868 εἷς
1103 4804 1204 4871 τὴν
1243 4805 1444 4860 ἐκείνου
1476 4805 1658 4883 ψυχὴν
1701 4803 1858 4880 ἀρετῆ

1951 4811 2140 4864 scatet
2192 4821 2372 4865 omne
2415 4822 2608 4883 genus
2660 4804 2953 4880 ﬂuentis;
3008 4814 3108 4865 aut
3157 4814 3410 4885 pratum,
3444 4802 3598 4884 quod

214 4896 364 4947 πᾶσα
418 4892 732 4971 πεφύτευτο,
766 4891 903 4948 ὥστε
955 4893 1139 4970 πηγὴν
1201 4891 1262 4946 ἅν
1305 4893 1380 4956 τίς
1440 4893 1604 4959 αὐτὴν
1647 4892 1858 4955 εἰκότως

1951 4891 2065 4953 sibi
2117 4893 2310 4973 placet
2369 4902 2610 4973 propter
2657 4894 2849 4955 varios
2896 4895 3076 4954 ﬂores
3125 4905 3184 4955 et
3234 4911 3442 4962 rosas;
3500 4905 3602 4959 aut

215 4978 461 5036 καλέσειε
521 4979 890 5042 παντοδαποῖς
945 4982 1140 5056 νάμασι
1199 4983 1482 5058 βρύουσαν,
1533 4981 1562 5049 ἢ
1628 4980 1866 5039 λειμῶνα

215 5069 484 5132 ποικίλοις
519 5069 696 5128 ἄνθεσι
729 5071 815 5125 καὶ
837 5069 1008 5146 ῥόδοις
1040 5077 1313 5145 κομῶντα,
1347 5072 1380 5138 ἢ
1410 5072 1498 5127 καὶ
1530 5072 1747 5148 οὐρανὸν
1781 5069 1866 5126 ἐπὶ

215 5162 319 5233 γῆς
352 5157 512 5214 ἄλλον
559 5162 635 5226 τῷ
664 5159 770 5214 τῶν
801 5158 1034 5238 ἀστέρων
1066 5159 1259 5229 πλήθει
1288 5161 1545 5218 πάντοθεν
1578 5158 1865 5216 ποικιλλό-

220 5266 404 5307 μενονο
440 5250 483 5303 εἰ
506 5248 682 5323 βούλει
709 5247 788 5326 δὲ,
813 5247 906 5304 καί
932 5247 1269 5322 παράδεισον,
1297 5250 1414 5306 οἷον
1435 5252 1526 5305 τὸν
1559 5249 1652 5317 τῆς
1678 5247 1865 5329 Ἐδὲμ,

221 5334 432 5400 ἀκούεις
464 5335 796 5412 ἀκμάζοντα,
827 5339 914 5394 καὶ
942 5335 1158 5415 φαιδρὸν
1189 5339 1298 5418 ἀει,
1329 5339 1417 5394 καὶ
1447 5336 1716 5413 μηδέποτε
1758 5361 1866 5412 μα-

1951 4983 2125 5043 etiam
2157 4981 2318 5044 aliud
2351 4983 2568 5044 coelum
2604 4983 2662 5042 in
2697 4992 2876 5058 terra,
2912 4985 3070 5063 quod
3099 4993 3394 5046 astrorum
3443 4981 3599 5043 mul-

1950 5071 2205 5133 titudine
2268 5072 2536 5152 undique
2595 5071 2904 5146 variatur;
2963 5082 3021 5134 et
3077 5076 3124 5133 si
3189 5073 3378 5147 vellis,
3432 5070 3604 5133 audis

1951 5160 2128 5221 etiam
2192 5161 2558 5240 paradisum,
2623 5162 2804 5224 veluti
2863 5163 3024 5224 illius
3078 5162 3290 5243 Eden,
3349 5162 3448 5239 qui
3514 5168 3606 5223 est

1953 5267 2193 5328 semper
2223 5250 2468 5324 ﬂorens,
2506 5258 2565 5310 et
2593 5250 2788 5328 laetus,
2827 5262 2886 5314 et
2919 5270 3222 5332 nunquam
3259 5249 3599 5326 marcescit,

1956 5337 2061 5398 sed
2120 5337 2435 5399 arboribus
2466 5339 2767 5402 featilibus
2813 5350 2870 5402 et
2919 5359 3051 5420 quae
3082 5359 3391 5419 nunquam
3443 5341 3604 5402 inte-

224 5427 562 5500 ραινόμενον’
599 5426 736 5481 ἀλλὰ
765 5440 954 5505 φυτοῖς
1006 5427 1293 5504 ἐγκάρποις
1339 5430 1424 5483 καὶ
1468 5427 1758 5501 ἀκηράτοις
1789 5428 1850 5483 ἀε.

1954 5437 2133 5488 reunt
2181 5444 2420 5507 semper
2463 5429 2635 5489 ﬂoret
2690 5439 2749 5491 et
2786 5431 3132 5509 germinat:
3193 5430 3358 5490 solus
3409 5437 3605 5490 autem

222 5535 355 5569 ποτε
387 5514 672 5575 θάλλοντα.
707 5513 854 5581 Πλὴν
884 5515 996 5594 ὄφει
1030 5517 1192 5590 μόνον
1235 5519 1294 5573 τὸ
1326 5517 1572 5589 παράπαν
1604 5515 1858 5591 ἀψαυστόπ

1957 5534 2209 5596 serpens
2240 5536 2376 5578 eum
2436 5537 2552 5580 non
2602 5527 2796 5599 potest
2847 5523 3171 5597 attingere,
3207 5537 3318 5579 nec
3361 5519 3418 5581 ei
3450 5527 3608 5598 patet

224 5623 280 5656 τε
339 5608 434 5661 καί
498 5601 814 5661 ἀνεπίϐατον
871 5612 948 5678 τῷ
1010 5612 1229 5684 πονηρῷ
1296 5603 1393 5663 καΐ
1451 5609 1544 5674 τῆς
1609 5607 1858 5686 σωτηρίαι

1954 5604 2176 5680 aditus,
2211 5606 2316 5682 qui
2365 5615 2457 5671 est
2487 5609 2674 5671 malus
2726 5617 2782 5674 et
2810 5606 3051 5672 invidus
3082 5617 3142 5673 et
3188 5614 3404 5673 nostrae
3434 5606 3611 5670 saluti

226 5688 292 5748 ἒπ
303 5689 496 5768 ιϐούλῳ
523 5699 621 5766 τῆς
665 5693 953 5774 ἡμετύρας.

1954 5692 2292 5763 insidiatur.
