3954 6146
455 276 473 340 l
489 275 603 341 267

454 499 728 581 Ephraam
793 501 1074 563 narratio.
1130 499 1422 573 Quocirca
1471 500 1692 579 aliquid
1745 519 1814 563 ex
1845 501 1919 563 iis
1971 519 2102 582 qua:

455 587 613 650 circa
636 596 882 650 mortem
917 587 1075 649 illius
1107 589 1369 662 fuerunt,
1397 607 1644 651 necesse
1675 598 1762 650 est
1793 589 2098 670 persequi,

457 684 517 737 et
566 676 723 756 quod
775 677 995 738 sufﬁcit
1053 677 1124 738 ad
1184 676 1612 739 ostendendam
1677 677 1839 739 illius
1897 679 2101 756 gratiae

459 765 910 827 abundantiam.
941 764 1084 826 Nam
1134 785 1266 827 cum
1296 767 1417 845 jam
1453 775 1615 829 esset
1646 785 1678 826 e
1709 768 1821 828 vita
1868 768 2098 830 disces-

458 873 656 927 surus,
691 863 990 934 postremo
1024 855 1307 934 praecepit
1359 856 1433 916 iis
1489 856 1588 936 qui
1640 855 1886 917 aderant
1917 875 1990 917 ne
2040 859 2102 917 in

457 943 718 1023 pretiosa
767 951 931 1004 veste
983 961 1114 1004 cum
1169 943 1521 1024 sepelirent,
1558 944 1734 1006 sicuti
1781 946 1947 1024 prius
1995 945 2104 1008 de-

455 1031 826 1093 claravimus.
889 1031 952 1094 Si
1011 1031 1149 1107 quis
1199 1051 1360 1108 vero,
1413 1033 1621 1113 inquit,
1679 1051 1814 1094 cum
1875 1041 2104 1113 patrem

456 1127 640 1196 amet,
677 1121 855 1182 talem
920 1119 1115 1181 mobis
1145 1129 1367 1182 vestem
1403 1124 1771 1202 praeparavit,
1807 1121 1910 1182 ille
1968 1141 2098 1184 eam

455 1229 591 1290 quae
621 1209 946 1272 constituta
977 1216 1066 1271 est
1095 1210 1166 1271 ad
1201 1212 1590 1291 sepulturam,
1626 1213 1729 1274 det
1761 1211 2097 1289 egentibus.

451 1298 526 1360 Et
553 1299 656 1360 ille
689 1298 930 1379 quidem
967 1299 1093 1361 haec
1126 1299 1443 1362 mandabat
1472 1300 1545 1360 iis
1577 1301 1680 1380 qui
1709 1301 2098 1366 circumﬂue-

457 1387 622 1449 bant.
671 1386 837 1449 Unus
868 1397 1060 1449 autem
1116 1406 1186 1450 ex
1241 1388 1353 1462 eis,
1387 1390 1487 1468 qui
1539 1404 1666 1450 erat
1717 1389 2005 1452 illustrior
2044 1399 2103 1452 et

1708 279 1990 343 MENSIS
2033 278 2540 342 FEBRUARIUS.

535 410 653 473 Sed
724 411 848 490 jam
909 411 1055 472 mihi
1111 411 1185 474 ad
1245 411 1422 473 ﬁnem
1483 411 1674 473 tendit
1741 411 1818 474 de
1891 419 2156 474 sanctoA

3652 281 3756 346 1268

2261 412 2410 471 Ἀλλ’
2456 412 2559 482 ἤδη
2619 435 2712 488 μοι
2755 414 2886 494 πρὸς
2956 416 3016 472 τὸ
3073 413 3224 478 τέλος
3286 417 3414 494 ὁρᾷ
3467 415 3535 472 τὰ
3573 420 3683 476 κατὰ
3710 423 3764 474 τὴν

2186 501 2426 582 Ἐφραῒμ
2475 501 2810 581 διηγήματα.
2847 505 2941 561 Διὸ
2999 506 3087 562 καὶ
3137 529 3186 561 τι
3244 512 3364 563 τῶν
3399 507 3522 584 περὶ
3560 511 3644 573 τὴν
3676 508 3767 564 ἐχεί-

2185 615 2272 649 νου
2328 591 2584 660 τελευτὴν
2642 592 2926 659 διεξελθεῖν
2985 594 3312 674 ἀναγκαῖον³
3379 598 3474 651 καὶ
3527 597 3554 651 'o
3610 598 3770 671 μάλιστα

2181 682 2278 750 τῆς
2351 682 2570 749 ἐνούσης
2630 687 2771 756 αὖτῷ
2817 684 3038 762 χάριτος
3107 685 3208 751 τῆν
3279 686 3599 755 περιουσίαν
3655 687 3771 741 inii.

2183 771 2545 848 παραστῆσαι,
2592 769 2730 838 Ἓδη
2803 774 2903 846 μὲν
2945 774 3045 850 γὰρ
3116 774 3216 840 τὴν
3289 774 3556 853 ἐσχάτην
3611 777 3774 849 haec»

2187 858 2407 935 ἔμελλεν
2475 857 2757 933 ἐκδημίαν·
2833 863 2900 917 τὰ
2953 861 3237 920 τελευταῖα
3297 861 3362 918 δὲ
3441 876 3562 928 τοῖς
3625 869 3777 940 παρῶσι

2187 954 2536 1026 παρηγγυᾶτο
2599 950 2676 1024 μὴ
2747 948 3036 1007 πολυτελεῖ
3089 953 3248 1007 αὸτὸν
3313 951 3514 1018 ἐσθῆτι
3573 955 3778 1027 emeda,

2187 1039 2422 1116 καθάπερ
2481 1036 2798 1110 προσλαϐὼν
2861 1042 2888 1094 ὁ
2947 1038 3106 1118 λόγος
3162 1039 3473 1111 ἱδήλωθεν.
3538 1043 3593 1098 Ei
3630 1040 3676 1096 δέ
3714 1063 3778 1119 τις,

2187 1129 2370 1206 φησὶν,
2424 1125 2737 1205 φιλοπάτωρ
2793 1127 2890 1202 ὢν,
2943 1130 3196 1195 τοιαύτην
3255 1133 3410 1205 ἡμῖν
3465 1130 3654 1197 ἐσθῆτα
3696 1154 3781 1206 πρε-

2183 1215 2548 1290 ητοιμάσατο,
2583 1216 2680 1284 τῆν
2721 1219 3022 1292 ὁρισθεῖσαν
3053 1220 3250 1286 ταύτην
3310 1219 3408 1276 ἐκε
3422 1234 3540 1280 ῐνος
3573 1221 3640 1281 εἷς
3667 1221 3784 1295 uchi

2184 1301 2321 1360 δότω
2377 1317 2495 1368 τοῖς
2528 1303 2823 1380 δεομένοις.
2889 1310 2985 1365 Καὶ
3033 1329 3250 1367 τοιαυτα
3309 1309 3423 1382 μὲν
3459 1308 3660 1368 ἐκεῖνος
3704 1310 3788 1384 πρὸς

2183 1393 2302 1454 τοὺς
2337 1400 2696 1471 περιεστῶτας
2742 1393 3088 1466 ἐπισκήπτων
3135 1399 3224 1463 ἦν.
3265 1399 3356 1459 Εἷς
3408 1397 3469 1453 δέ
3527 1419 3605 1458 τις
3654 1399 3790 1466 αὐτῶν,

456 1477 895 1552 vehementior,
923 1495 1054 1538 cum
1088 1477 1408 1556 pretiosam
1439 1487 1502 1540 et
1534 1487 1936 1560 sumptuosam
1976 1498 2103 1540 ves-

2193 1484 2275 1538 καὶ
2359 1481 2509 1546 οὗτος
2591 1489 2698 1538 τῶν
2783 1483 3204 1562 ἐπιφανεστέρων
3232 1533 3249 1565 ,
3335 1490 3437 1542 καὶ
3525 1485 3790 1561 θερμοτέᾷωι

460 1573 580 1626 tem
614 1574 899 1644 parasset,
935 1583 1054 1646 qua
1108 1573 1237 1645 post
1267 1575 1520 1628 mortem
1551 1585 1769 1648 corpus
1801 1567 1962 1630 illius
2011 1576 2101 1630 te-

2193 1571 2383 1636 ὲσθῆτα
2427 1568 2698 1637 πολυτελῆ
2760 1574 2846 1628 καὶ
2889 1572 3169 1652 φιλότιμον
3227 1575 3563 1653 ἑτοιμᾶσας,
3595 1573 3795 1652 1::prth-

459 1662 625 1732 geret
654 1664 712 1716 et
743 1654 958 1716 deinde
988 1655 1254 1716 audisset
1287 1656 1656 1730 mandatum,
1690 1674 1846 1735 aegre
1879 1658 2104 1731 tulit,ut

2193 1658 2297 1715 λειν
2358 1658 2490 1726 αύτῆ
2522 1660 2581 1714 τὸ
2626 1659 2826 1719 ἐκείνου
2869 1668 3026 1737 σῶμα
3083 1664 3217 1738 μετὰ
3259 1666 3501 1722 θάνατον
3558 1662 3795 1719 διεσκόπει·

459 1743 622 1822 quia
651 1761 758 1804 suo
791 1744 1110 1805 excidisset
1167 1744 1494 1824 proposito,
1531 1753 1590 1806 et
1621 1745 1754 1806 ideo
1794 1746 2108 1808 differebat

2193 1747 2374 1803 ἔπειτα
2431 1757 2528 1813 τῆς
2559 1747 2781 1815 ἐντολῆς
2830 1750 3062 1816 ἀκούσας
3094 1750 3245 1829 ἤλγει
3295 1774 3351 1808 τε
3389 1752 3629 1826 μᾶλλον,
3661 1755 3721 1814 ὡς
3759 1755 3797 1805 τί)

459 1803 589 1894 eam
639 1853 881 1914 quoque
913 1834 1056 1895 dare
1090 1803 1480 1914 pabpe'ribus,
1517 1834 1730 1896 melius
1767 1853 1900 1896 esse
1946 1837 2105 1914 judi-

2469 1803 2526 1813 -.ν
3100 1803 3245 1829 -.--,--
3306 1803 3350 1808 η
3389 1803 3629 1826 ι---η-γ,
3666 1803 3719 1814 -τ
3769 1803 3794 1805 -μ

2193 1834 2398 1909 θέλημα
2455 1839 2542 1893 καὶ
2611 1838 2710 1904 τὴν
2769 1840 3014 1916 πρόθεσιν
3096 1840 3544 1904 ἀνασκευασθείς’
3624 1843 3700 1896 καὶ
3745 1838 3797 1895 δέ

461 1940 605 1985 cans
667 1931 894 1985 tantum
953 1923 1082 1983 auri
1137 1922 1253 1983 illis
1311 1923 1600 2003 pendere,
1662 1925 1868 2003 quanti
1925 1925 2108 1986 vestis

2193 1933 2345 1983 τοῦτο
2417 1922 2592 1982 δοῦναι
2665 1926 2891 1992 πένησιν
2961 1929 3126 1996 αὐτὴν
3197 1927 3565 2009 ἀνεϐάλλετο,
3637 1931 3797 2006 parte.

461 2012 858 2073 aestimaretur
892 2030 906 2074 :
939 2013 1222 2088 ignorans
1251 2029 1317 2073 se
1367 2012 1552 2073 multo
1582 2013 1771 2090 magis
1801 2013 2104 2092 gratiﬁca-

2193 2013 2332 2069 εἶναι
2398 2015 2574 2090 κρίνας
2633 2017 2853 2094 χρυσίον
2923 2015 3130 2091 μᾶλλον
3188 2018 3415 2084 ἐκεινοις
3492 2016 3797 2090 καταϐαλεῖν,

465 2107 664 2162 turum
695 2119 827 2163 esse
855 2099 1158 2180 Ephraem,
1194 2100 1242 2161 si
1273 2097 1509 2161 dederit
1538 2101 1810 2181 pauperi,
1843 2121 2021 2181 quam
2055 2103 2106 2165 si

2193 2101 2312 2158 ὅσου
2369 2101 2431 2158 ἂν
2461 2104 2494 2170 ἡ
2553 2103 2712 2170 ἐσθὴς
2743 2103 2988 2178 ἐτιμᾶτο·
3044 2104 3256 2185 ἄγνοια,
3288 2109 3362 2170 ὡς
3416 2106 3616 2186 ἔοικεν,
3648 2107 3800 2182 ἄγνοῆ-

462 2190 765 2270 propriam
802 2189 1160 2251 voluntatem
1196 2196 1479 2268 sequatur
1509 2198 1566 2251 et
1589 2189 1907 2270 judicium.

2193 2211 2315 2264 σας,
2372 2190 2451 2247 ὅτι
2508 2190 2695 2265 πολλῴ
2752 2192 2958 2268 μᾶλλον
3017 2193 3184 2259 οὕτως
3253 2195 3427 2275 ἐφάνη
3491 2204 3572 2271 τῷ
3611 2198 3801 2274 Ἐφραὶμ

2191 2281 2548 2358 χαριζόμενος
2607 2282 2800 2348 πένητι
2855 2281 2996 2360 δοὺς,
3031 2283 3064 2351 ἦ
3123 2283 3387 2356 θελήματι
3419 2283 3542 2360 ἰδίῳ
3592 2288 3675 2342 καὶ
3716 2285 3798 2359 κρί-

2191 2389 2270 2423 σει
2303 2375 2566 2448 στοιχῶν.

541 2454 714 2518 XVIl.
781 2455 926 2518 Cum
987 2457 1074 2517 sic
1125 2457 1324 2536 itaque
1379 2455 1625 2517 atfectus
1679 2456 2103 2532 constituisset,

2272 2456 2353 2514 lZ’
2366 2503 2381 2518 .
2428 2457 2606 2532 Ταύτῃ
2635 2480 2716 2514 τοι
2746 2460 2833 2515 καὶ
2865 2461 3044 2518 παθὼν
3089 2459 3256 2540 ἔγνω,
3289 2462 3384 2520 καί
3432 2469 3536 2530 τῆς
3569 2467 3796 2538 παρακοῆς

462 2545 890 2607 ἱηοῢοόὶθηιὶω
917 2545 1191 2625 protinus
1223 2546 1336 2606 luit
1368 2563 1564 2623 paznas
1587 2564 1620 2606 a
1653 2546 1806 2606 malo
1837 2554 2110 2623 arreptus

2193 2545 2338 2610 εὐθὺς
2393 2545 2596 2625 ὑπέολε
2654 2548 2752 2615 τὴν
2821 2551 3084 2628 τιμωρίαν
3142 2560 3361 2630 πονηρῷ
3427 2553 3657 2630 πληγεὶς
3717 2549 3797 2605 δαί·

462 2635 757 2710 daemone,
793 2644 854 2697 et
897 2633 1270 2712 cogitationis
1300 2633 1492 2694 solum
1537 2651 1656 2694 non
1688 2635 1938 2696 actionis
1969 2652 2111 2714 pen-

462 2723 613 2784 dens
667 2723 1052 2802 supplicium.
1087 2721 1487 2794 Quamobrem
1521 2722 1592 2783 ad
1655 2721 1858 2784 Sancti
1893 2723 2107 2784 lectum

407 2877 418 2884 ,
463 2830 528 2874 se
575 2812 834 2892 proripit
887 2813 947 2874 in
1006 2810 1203 2872 medio
1261 2814 1528 2871 omnium
1589 2811 1938 2886 videntium,
1977 2821 2104 2873 tor-

463 2916 660 2978 quens
695 2918 928 2974 manus,
969 2900 1292 2975 invertens,
1327 2899 1555 2975 oculos,
1589 2917 1860 2980 spumam
1897 2919 1964 2961 ex
1999 2918 2104 2962 ore

466 3007 757 3069 expuens,
793 2998 851 3050 et
897 2989 1071 3070 plane
1119 2988 1338 3049 faciens
1389 2989 1590 3049 omnia
1623 3007 1755 3069 quae
1805 2989 2030 3050 faciunt
2065 2989 2103 3050 ii

2192 2657 2335 2710 μονι,
2397 2635 2488 2691 καὶ
2557 2635 2832 2713 λογισμῶν
2901 2640 3064 2714 μόνον
3123 2640 3247 2720 ούχὶ
3315 2642 3566 2721 πράξεως
3623 2640 3793 2696 κόλασιν

2191 2725 2556 2803 εἰσπραχθείς.
2593 2724 2750 2782 ’⁷Οθεν
2807 2729 2892 2784 καὶ
2950 2734 3019 2804 τῇ
3066 2751 3160 2786 του
3211 2731 3361 2806 ἁγίου
3419 2730 3603 2807 κλίνῂ,
3645 2727 3792 2804 peni)

2189 2812 2404 2868 πάντων
2487 2812 2756 2891 ὁρώντῶν,
2842 2817 3028 2873 ἑαυτὸν
3113 2821 3496 2901 προσαράττει,
3573 2816 3788 2897 στρεϐλώ

2189 2901 2280 2964 τὰς
2337 2914 2551 2982 χεῖρας,
2601 2905 2688 2960 καὶ
2748 2903 3076 2984 διαστρέφων
3131 2911 3253 2970 τοὺς
3311 2909 3638 2988 ὀφθαλμοὺς,
3672 2908 3790 2984 αφρὸν

2190 2989 2476 3048 ἀποπτύων
2547 2999 2638 3049 τοῦ
2711 2994 3002 3070 στόματος,
3061 2998 3150 3052 καὶ
3207 2995 3378 3054 τᾶλλα
3436 2999 3539 3054 ὅσα
3592 2996 3787 3071 λαμπρὰς

465 3077 567 3158 qui
620 3078 823 3139 furore
857 3077 1237 3156 exagitantur
1272 3095 1284 3140 :
1334 3095 1367 3137 a
1396 3077 1594 3138 divina
1642 3077 2020 3140 Providentia
2053 3079 2105 3139 ei

2193 3078 2381 3152 μανίας
2458 3079 2585 3158 ἔργα
2657 3084 2846 3150 ποιῶν,
2909 3084 3176 3162 θειοτέρας
3250 3084 3437 3162 λόγοις
3535 3085 3789 3156 οἰκονομίας

466 3156 720 3228 traditus
765 3165 838 3227 ad
872 3165 1276 3246 disciplinam,
1310 3165 1404 3226 cui
1435 3184 1650 3245 parens
1682 3165 1933 3245 patrium
1972 3186 2110 3229 con-

2193 3168 2362 3242 τούτῳ
2415 3156 2725 3247 παραδοθεὶς
2789 3173 2864 3234 εἷς
2920 3156 3186 3248 παιδείαν,
3234 3178 3278 3248 ᾧ
3321 3156 3586 3250 πεισθείς,
3632 3171 3785 3245 μᾶλλσν

466 3255 708 3332 tempsit
737 3253 1102 3316 mandatum.
1140 3255 1291 3328 Quid
1327 3254 1517 3333 ergo?
1564 3254 1676 3328 Qui
1708 3255 1942 3317 occulta
1975 3275 2110 3335 pro-

2193 3263 2456 3336 πατρικῆς
2509 3257 2780 3337 ἠλόγησεν
2811 3261 3055 3328 ἐντολῆς.
3091 3263 3150 3321 Τί
3199 3264 3288 3319 οὖν
3322 3285 3338 3335 ;
3397 3256 3455 3322 Ὀ
3485 3267 3550 3324 τὰ
3600 3283 3784 3337 κεκρυμ-

461 3345 722 3416 videbat,
759 3353 816 3404 et
846 3344 1046 3405 divino
1091 3343 1314 3425 Spiritu
1364 3343 1742 3424 loquebatur,
1775 3344 1878 3406 ille
1927 3344 2107 3407 intel-

2193 3345 2327 3420 μένα
2399 3344 2609 3428 διορῶν³
2674 3349 2882 3415 ἐκεῖνος
2945 3353 3033 3408 καὶ
3099 3359 3176 3427 τῷ
3246 3355 3515 3429 Πνεύματι
3583 3356 3650 3426 τῷ
3701 3351 3787 3416 Ott"?

461 3435 604 3495 lexit
649 3432 922 3494 morbum
957 3452 1089 3495 esse
1135 3434 1392 3495 fructum
1447 3435 1673 3513 peccati
1711 3451 1724 3496 :
1775 3441 1856 3508 et,
1893 3433 2046 3505 Quid
2077 3453 2110 3495 a

2193 3435 2576 3515 φθεγγόμενος,
2611 3442 2807 3506 συνῆκε
2863 3441 2924 3496 τὸ
2981 3441 3171 3516 πάθος,
3206 3445 3470 3519 ἁμαρτίας
3503 3445 3640 3502 εἶναι
3691 3461 3788 3514 καρ-

461 3532 540 3598 te,
578 3523 793 3603 inquit,
828 3541 862 3583 ο
912 3522 1116 3598 homo,
1151 3521 1366 3584 factum
1421 3531 1533 3595 est,
1569 3523 1726 3602 quod
1761 3541 1880 3585 non
1924 3542 2105 3604 opor-

2193 3525 2315 3579 πόν⁶
2377 3526 2492 3598 καὶ,
2552 3527 2612 3584 Ti
2668 3549 2752 3584 σοι
2813 3530 2892 3603 μὴ
2963 3528 3192 3594 δεόντως
3263 3539 3592 3608 πέπρακται,
3648 3534 3780 3610 φησὶν,

461 3620 604 3687 teat,
641 3611 798 3692 quod
855 3613 999 3672 tein
1050 3619 1277 3673 tantum
1339 3612 1654 3691 prostrusit
1714 3611 2048 3692 periculum
2081 3620 2109 3676 ?

2193 3611 2455 3690 ἄνθρωπε,
2489 3615 2518 3670 ὃ
2567 3637 2618 3671 τι
2649 3638 2707 3672 σε
2752 3620 2841 3674 καὶ
2869 3621 2944 3682 εἷς
2977 3619 3294 3686 τηλικοῦτον
3338 3621 3520 3688 ὥθησε
3549 3620 3783 3685 κίνδυνον;

460 3701 566 3764 llle
598 3709 794 3762 autem
827 3719 964 3762 cum
999 3701 1352 3779 resipuisset
1381 3699 1456 3761 ab
1503 3701 1756 3781 insania,
1790 3719 1956 3762 suam
2004 3719 2106 3762 re-

2193 3703 2290 3759 Καὶ
2349 3703 2404 3764 ὃς
2456 3705 2556 3770 τῆς
2615 3710 2805 3772 πανίας
2849 3707 3171 3790 ἀνενεγκὼν,
3205 3709 3499 3788 ἐξαγορεύει
3555 3712 3647 3778 τήν
3691 3707 3784 3762 sivo-

459 3789 573 3879 fert
604 3788 1070 3879 pronuntiatque
1099 3789 1499 3869 iniquitatem,
1534 3790 1726 3879 aperit
1754 3789 2105 3879 inobedien-

2193 3792 2335 3879 μίαν,
2397 3791 2713 3852 ἐκκαλύπτει
2773 3796 2892 3879 τῆν-
2933 3788 3236 3876 παρακοῆν,
3282 3799 3502 3879 ἐλέγχει
3561 3803 3651 3867 τὴν
3707 3799 3781 3850 τῶν

459 3877 598 3938 tiam
661 3876 1179 3967 etcogitati‘onem
1220 3895 1461 3967 suarum
1505 3878 1700 3957 arguit
1734 3877 2106 3939 imbecillita-

2193 3878 2461 3957 λογισμῶν
2517 3882 2810 3947 ἀσθένειαν,
2869 3870 2963 3944 “Ον
3013 3870 3050 3944 ’ὁ
3105 3870 3250 3952 θεῖος
3305 3870 3570 3967 magna”,
3625 3894 3704 3944 τοῦ
3743 3902 3782 3937 τε

459 3976 602 4030 tem.
635 3966 818 4045 Cujus
841 3964 1034 4028 morbi
1066 3966 1306 4027 divinus
1338 3966 1616 4046 Ephraem
1652 3967 2105 4041 misertus,cum

2193 3969 2385 4034 πάθους
2442 3972 2726 4049 οἰκτείρας,
2789 3976 2877 4030 καὶ
2934 3974 3324 4052 ἀποδεξάμενος
3381 3964 3516 4045 τῆς.
3554 3973 3777 4053 ἐξαγορεῦ·

459 4056 791 4138 accepisset
825 4055 1291 4129 confessionem,
1339 4057 1466 4118 sola
1497 4057 1843 4138 precatione
1886 4065 1946 4118 et
1977 4076 2105 4120 ma-

2193 4077 2350 4128 σεως,
2383 4060 2522 4137 εὐχῇ
2577 4062 2718 4136 μόνῇ
2776 4062 2873 4118 καί
2933 4071 3113 4143 χερῶν
3167 4065 3396 4123 ἐπιθέσει
3439 4077 3533 4126 τοῦ
3583 4065 3778 4139 δαίμονος

462 4166 645 4236 nuum
692 4145 1074 4228 tmpositione
1105 4146 1322 4236 liberat
1373 4164 1406 4207 a
1449 4146 1745 4236 daemone,
1773 4145 1999 4236 jubens
2046 4154 2109 4208 ut

2193 4145 2544 4227 ἀπαλλάττει,
2592 4148 2827 4228 πληροῦν
2885 4154 3030 4227 αύτῴ
3081 4155 3181 4222 τὴν
3238 4157 3498 4236 ὑπόχεσιν
3549 4156 3668 4212 κατὰ
3707 4151 3774 4214 τὴν

460 4235 742 4316 impleret
785 4236 1166 4316 promissum,
1205 4235 1367 4298 sicut
1415 4235 1466 4296 ei
1505 4234 1905 4296 mandaverat.
1963 4235 2106 4297 Cum

2193 4234 2414 4325 ἐντολὴν
2468 4237 2779 4315 ἐπιτρέψας,
2811 4240 2974 4306 Οὕτος
3035 4243 3124 4300 οὖν
3183 4247 3210 4300 ὁ
3252 4234 3391 4322 ἱερος
3451 4244 3674 4325 Ἐφραῑμ
3717 4238 3777 4292 ἓπὶ

462 4327 551 4387 sic
582 4344 728 4404 ergo
760 4334 1002 4389 sanctus
1032 4326 1309 4405 Ephraem
1343 4326 1404 4386 in
1455 4325 1574 4386 ﬁne
1605 4325 1736 4386 vitae
1769 4324 2110 4404 superiores

2193 4323 2334 4380 τέλει
2392 4332 2489 4383 τοῦ
2557 4327 2711 4405 βίου,
2773 4329 2868 4385 καί
2927 4329 3228 4404 τηλικούτῳ
3281 4323 3643 4407 θαύματιήτᾶς
3697 4325 3772 4382 ἄνω

462 4414 730 4475 actiones
773 4420 934 4474 tanto
985 4413 1365 4491 obsignasset
1421 4413 1734 4487 miraculo,
1779 4432 1882 4476 eos
1912 4423 2106 4476 autem

2195 4412 2378 4490 πράξει
2461 4413 2866 4494 ἐπισφραγίσας,
2943 4419 3129 4476 ἔπειτα
3208 4419 3264 4476 δέ
3341 4423 3431 4478 καὶ
3513 4416 3768 4500 παραινέεις

463 4503 565 4582 qui
596 4501 848 4563 aderant
887 4502 1320 4577 admonuisset,
1355 4502 1562 4582 eisque
1593 4501 2013 4582 consuluisset,
2048 4511 2107 4563 et

2193 4502 2310 4567 τοῖς
2368 4503 2620 4581 παροῦσι,
2680 4507 2766 4562 καὶ
2837 4505 3262 4582 συμϐουλεύσας⁹
3308 4512 3396 4566 καὶ
3462 4499 3671 4580 ὑποθεὶς,
3705 4499 3766 4556 κιῖ

464 4597 759 4670 praecepta
815 4589 1106 4666 dedisset,
1143 4599 1202 4652 et
1245 4609 1349 4653 eos
1391 4590 1464 4652 ad
1509 4592 1924 4670 operationem
1979 4591 2104 4654 vir-

463 4679 604 4740 tutis
661 4679 802 4740 satis
853 4679 1214 4742 excitasset:
1281 4679 1512 4741 transiit
1559 4681 1631 4741 ad
1683 4698 1754 4741 ea
1788 4699 1921 4760 qua;
1965 4689 2106 4742 sunt

460 4768 586 4830 illic
625 4767 1028 4844 tabernacula,
1067 4777 1124 4830 et
1154 4768 1533 4849 splendorem
1565 4769 1664 4850 qui
1693 4785 1797 4830 eos
1826 4769 1926 4850 qui
1961 4771 2107 4832 tales

462 4866 599 4920 sunt
644 4858 912 4939 excipit:
965 4859 1027 4919 in
1077 4857 1311 4922 Christo
1354 4855 1498 4920 Jesu
1546 4857 1802 4920 Domino
1847 4867 2050 4920 nostro
2086 4880 2100 4920 :

463 4949 556 5009 cui
600 4948 816 5020 honor,
865 4948 1054 5026 gloria
1085 4957 1142 5010 et
1175 4947 1458 5029 potentia,
1493 4967 1626 5010 cum
1661 4949 1832 5010 Patre
1875 4958 1934 5011 et
1963 4967 2108 5011 san-

461 5043 555 5096 cto
585 5037 835 5115 Spiritu,
872 5055 1029 5099 nunc
1073 5046 1138 5101 et
1167 5055 1409 5118 semper
1455 5044 1513 5098 et
1542 5043 1601 5098 tn
1661 5037 1880 5101 saecula
1921 5056 2111 5100 secn-

464 5123 681 5190 lorum.
713 5126 931 5188 Amen.

2186 4592 2381 4657 ἱκανῶς
2437 4593 2623 4658 αὐτοὺς
2675 4596 2808 4672 πρὸς
2866 4596 3060 4674 ἀρετῆς
3130 4599 3381 4675 ἐργασίαν
3454 4598 3762 4660 Sumath

2187 4683 2320 4758 πρὸς
2371 4682 2466 4744 τὰς
2511 4681 2714 4739 ἐκεῖθεν
2775 4687 2975 4752 σκηνὰς
3031 4685 3310 4766 διαϐαίνει,
3343 4690 3432 4745 καὶ
3462 4689 3560 4744 τὴν
3602 4683 3760 4760 ἐκδεχο·

2188 4771 2357 4844 μένην
2405 4770 2528 4835 τοὺς
2560 4772 2831 4836 τοιούτους
2890 4773 3272 4850 λαμπκότητα,
3313 4775 3368 4832 ἐν
3419 4774 3762 4855 ΧριστῷἾησσ)

2187 4860 2265 4934 τῷ
2320 4860 2491 4938 Κυρίῳ
2536 4860 2718 4934 ἡμῶν⁶
2769 4863 2814 4936 ᾦ
2865 4865 2894 4930 ἡ
2952 4862 3095 4939 δόξα,
3131 4865 3287 4939 τιμὴ,
3348 4867 3436 4922 καὶ
3493 4868 3681 4942 κράτος,
3706 4858 3762 4914 τᾶν

2190 4954 2268 5022 τῷ
2326 4948 2520 5025 Πατρί,
2557 4950 2750 5024 καὶτῷ
2807 4951 2943 5030 ἁγίῳ
2987 4954 3277 5028 Πνεύματι,
3312 4957 3400 5010 νῦν
3446 4957 3539 5012 καὶ
3599 4952 3668 5010 ὰεί
3707 4946 3760 5001 ιιὶ

2192 5044 2265 5104 είς
2295 5039 2417 5102 τοὺς
2451 5039 2643 5101 αἰῶνας
2673 5045 2780 5095 τῶν
2813 5041 3041 5104 αἰώνων.
3090 5040 3287 5117 Ἀμήν,
