3954 6146
171 280 198 342 1
221 279 374 348 269

1382 277 1564 341 VITA
1620 275 1680 339 S.
1727 271 2020 339 IGNATIl
2073 270 2405 335 DEIFERI.

3427 260 3580 327 1270

760 607 1407 694 ΜΑΡΤΥΡΙΟΝ
1479 606 1702 693 ΤΟΥ
1766 602 2105 688 ΑΓΙΟΥ
2172 596 3029 685 ΙΕΡΟΜΑΡΤΥΡΟΣ

634 833 1480 963 ΙΓΝΑΤΙΟΥ
1625 828 1970 958 ΤΟΥ
2119 823 3130 954 ΘΕΟΦΟΡΟΥ.

817 1299 1489 1386 MARTYRIUM
1559 1295 2327 1386 SACROSANCTI
2394 1289 2965 1382 MARTYRIS

1284 1524 1845 1636 DEIFERI

1935 1522 2506 1642 IGNATII.

265 1779 480 1850 (Latine
506 1777 638 1852 apud
660 1776 866 1835 Surium
897 1776 958 1832 ad
988 1776 1120 1832 diem
1147 1776 1167 1831 Ι
1201 1776 1352 1833 Febr.
1385 1779 1464 1847 (ι)
1491 1797 1505 1845 ;
1539 1775 1708 1831 Grace
1737 1791 1801 1829 ex
1830 1775 1945 1829 cod.
1987 1785 2084 1829 ms.
2115 1772 2276 1828 Paris.
2311 1772 2452 1828 M00
2485 1789 2620 1829 nunc
2650 1774 2865 1845 primum
2898 1772 3080 1844 prodit.
3113 1769 3264 1828 Eutr.
3300 1771 3500 1840 Pun.)

277 2144 374 2206 A'.
421 2142 598 2206 ’¹Αρτι
661 2149 925 2217 Τραϊανοῦ
984 2141 1049 2196 τὰ
1107 2141 1204 2207 τῆς
1247 2141 1528 2215 Ῥωμαίων
1571 2139 1830 2216 βασιλεία‹

2006 2138 2051 2200 Ι.
2089 2138 2235 2200 Cum
2292 2139 2594 2218 Trajanus
2624 2137 2983 2216 sumpsisset
3013 2140 3252 2214 sceptra
3274 2133 3576 2194 Romano-

183 2240 456 2310 σκῆπτρα
513 2228 942 2308 παραλαϐόντος,
989 2235 1087 2296 τῆς
1148 2229 1480 2308 Ἀντιοχέων
1525 2227 1850 2296 Ἐκκλησίας

182 2325 499 2386 τεπίσκοπος
571 2322 598 2376 ὸ
669 2319 754 2375 καὶ
821 2316 1010 2387 κλήσει
1088 2319 1182 2374 καί
1242 2319 1520 2396 πράγματι
1590 2319 1848 2397 Θεοφόρος

183 2411 472 2489 ’ἰγνάτιος
515 2411 605 2474 ἦν.
676 2407 868 2484 Πέτρον
915 2407 1012 2482 μὲν
1064 2408 1162 2484 γὰρ
1194 2408 1283 2462 τὸν
1311 2406 1479 2483 μέγαν
1515 2405 1701 2470 Εὔοδος
1732 2404 1851 2461 δια-

184 2498 454 2578 δέχεται,
507 2495 695 2554 Εὕοδον
739 2494 793 2551 δὲ
835 2495 1121 2572 Ἰγνάτιος,
1156 2502 1247 2551 τοῦ
1297 2494 1492 2572 τρόπου
1533 2516 1592 2550 τε
1629 2495 1716 2550 καὶ
1751 2499 1850 2560 τῆς

185 2590 408 2666 ἀρετῆς
475 2585 725 2658 ζηλωτὴς
786 2586 988 2662 γίνεται
1057 2585 1265 2643 τούτου.
1347 2585 1423 2650 Δὴ
1483 2590 1558 2656 τῷ
1605 2583 1850 2660 Θεοφόρῳ

189 2679 334 2756 φασὶ
370 2673 569 2750 κομιδῇ
611 2674 720 2730 ὄντι
779 2673 954 2744 νηπίῳ
999 2674 1089 2728 τὸν
1146 2673 1372 2750 Χριστὸν
1403 2671 1478 2728 ἔτι
1511 2673 1602 2736 τὰς
1635 2671 1688 2726 ἐν
1747 2674 1846 2727 κό-

192 2789 335 2840 σμῳ
382 2763 652 2843 διατριϐὰς
698 2763 1018 2835 ποιούμενον
1082 2763 1176 2825 τὰς
1233 2762 1530 2840 ἆχράντους
1596 2782 1652 2817 τε
1707 2763 1848 2834 αὖτῷ

186 2855 469 2911 ἐπιθεῖναι
527 2864 722 2931 χεῖρας
770 2852 854 2906 καὶ
900 2851 1032 2927 πρὸς
1076 2852 1137 2905 τὸ
1184 2848 1384 2916 πλῆθος
1441 2847 1843 2924 ἀποϐλέψαντα,

188 2943 333 3000 Ἐὰν
371 2943 449 3018 μή
495 2964 598 3015 τις,
664 2942 858 3016 εἰπεῖν,
893 2939 1199 3015 ταπεινώσῃ
1230 2939 1416 2993 ἑαυτὸν
1445 2941 1518 3001 ὡς
1552 2939 1611 2994 τὸ
1642 2935 1846 2994 παιδίον

185 3038 384 3098 τοῦτο,
445 3031 505 3087 οὗ
563 3031 640 3104 μὴ
687 3027 897 3103 εἰσέλθῃ
943 3029 1014 3089 εἷς
1056 3031 1154 3092 τὴν
1212 3027 1486 3102 βασιλείαν
1529 3029 1634 3082 τῶν
1680 3030 1844 3103 οὖρα..

184 3123 351 3195 νίων,
391 3121 478 3175 καὶ
505 3120 559 3180 ὃς
594 3120 682 3176 ἐὰν
711 3117 769 3172 ἓν
818 3118 923 3172 τῶν
973 3117 1226 3173 τοιούτων
1270 3114 1493 3172 παιδίων
1537 3113 1747 3182 δέξηται
1791 3114 1844 3169 ἐν

185 3214 270 3284 τῷ
320 3210 441 3284 ἐμῷ
496 3208 742 3282 ὀνόματι,
796 3207 891 3281 ἐμέ
942 3205 1182 3284 δέχεται,
1218 3208 1406 3267 ὁποῖος
1462 3203 1610 3260 ἔσται
1641 3205 1844 3281 προγό-

186 3321 354 3354 πτων
439 3297 537 3364 τὴν
606 3295 818 3363 ἡλικίαν
879 3293 1137 3372 Ἰγνάτιος
1220 3292 1456 3349 ἐντεῦθεν
1523 3291 1847 3361 παραδηλῶν

184 3388 292 3444 καί
375 3386 476 3452 τὴν
554 3382 916 3450 ἀποστολικην
1006 3382 1208 3438 ἐκείνου
1269 3379 1609 3438 διδασκαλίαν
1666 3381 1848 3460 σαφῶς

192 3476 534 3554 ὑποφαίνων.

278 3564 346 3622 B'
361 3611 375 3626 .
425 3563 589 3623 Οὗτος
643 3561 811 3617 τοίνυν
843 3562 870 3616 ὁ
903 3564 1050 3624 θεῖος
1081 3560 1336 3637 Ἰγνοίτιος
1369 3560 1479 3634 ἅμα
1516 3557 1844 3638 [Ιολυκάρπῳ

192 3655 297 3722 τῆς
350 3653 488 3710 κατὰ
533 3651 770 3728 Σμύρναν
832 3648 1155 3716 Ἐκκλησίας
1219 3648 1548 3726 ἡγησαμένῳ
1598 3651 1842 3722 μαθητὴς

190 3741 454 3799 Ἰωάννου
501 3747 590 3796 τοῦ
633 3739 1012 3816 εὐαγγελιστοῦ
1067 3738 1290 3817 γίνεται,
1366 3741 1452 3794 καὶ
1507 3739 1650 3810 αὺτῷ
1697 3737 1842 3812 μόνῳ

192 3833 489 3910 φοιτήσας,
553 3828 725 3884 πᾶσάν
767 3849 824 3882 τε
885 3826 1076 3904 ἀρετῆς
1126 3825 1268 3882 ἰδέαν
1334 3827 1421 3882 καὶ
1480 3825 1714 3900 μάλιστα
1744 3827 1840 3893 τὴν

191 3908 335 3996 ἱερεῖ
393 3917 710 3997 πρέπουσαν.
766 3915 1066 3996 φιλοπόνως
1155 3915 1484 3996 ἐξατκηθεὶς,
1560 3916 1684 3971 εἶτα
1755 3908 1841 3970 καὶ

195 4009 372 4085 ἱερεὺς
408 4012 563 4082 κοινῇ
619 4007 832 4062 πάντων
870 4007 1004 4076 ὁμοῦ
1034 4011 1139 4060 τῶν
1173 4004 1489 4060 ἀποστόλων
1521 4006 1684 4083 ψήφῳ
1715 4014 1840 4084 χεί-

197 4109 510 4172 ροτονετται
555 4095 642 4151 καὶ
683 4100 781 4160 τῆς
842 4093 1169 4171 Ἀντιοχέων
1201 4093 1490 4156 ἐπίσκοπος
1523 4095 1835 4172 χειρίζεται.

200 4183 538 4262 Παραλαϐὼν
594 4181 647 4238 δὲ
731 4183 830 4248 τὴν
887 4183 1215 4249 Ἐκκλησίαν
1267 4185 1354 4238 καὶ
1426 4181 1604 4260 ἱδρῶτι
1658 4186 1842 4260 συχνῷ

197 4273 286 4327 καὶ
337 4273 533 4352 μόχθῳ
565 4277 627 4327 τὸ
680 4271 776 4338 τῆς
823 4270 1090 4334 εὒσεϐείας
1123 4271 1176 4326 ἐν
1206 4273 1340 4346 αὖτῇ
1370 4273 1616 4349 κήρυγμα
1666 4292 1838 4326 κατα-

195 4364 444 4440 σπείρας,
479 4360 836 4417 ἆποστολικον
863 4382 920 4416 τε
952 4359 1035 4414 διὰ
1093 4361 1301 4415 πάντων
1344 4360 1508 4429 ζὲιλον
1565 4362 1652 4415 καὶ
1699 4358 1839 4415 διδα-

197 4449 428 4507 σκαλίαν
473 4448 889 4523 ἐπιδειξάμενος,
923 4449 1009 4504 καὶ
1049 4448 1252 4508 τέλειος
1285 4447 1524 4511 διάκονος
1569 4446 1672 4515 ἤδη
1731 4455 1835 4504 τῶν

196 4546 291 4594 τοῦ
368 4545 594 4616 Χριστοῦ
681 4538 985 4614 μυστηρίων
1067 4537 1381 4615 ἀναφανεὶς,
1466 4538 1551 4592 καὶ
1638 4537 1836 4614 μάρτυς

194 4626 415 4704 ὕστερον
470 4629 693 4705 γίνεται⁷
738 4627 938 4704 θηρίοις
983 4623 1049 4680 δι’
1102 4625 1310 4680 ἐκεῖνον
1363 4623 1702 4703 παραδοθεὶς,
1759 4628 1834 4687 ὡς

197 4718 392 4792 μικρὸν
423 4715 620 4772 ἄνωθεν
651 4713 931 4771 ἀναλαϐὼν
963 4714 1123 4790 λόγος
1157 4713 1410 4780 δηλώσει,

279 4804 367 4864 Γ¹.
415 4811 663 4882 Τραϊαιῷ
731 4805 829 4881 γὰρ
901 4810 976 4876 τῷ
1037 4795 1313 4876 Ῥωμαίων
1359 4803 1700 4880 αὐτοκράτορι
1767 4810 1834 4880 τῇ

1935 2243 2068 2286 rum
2101 2227 2362 2307 imperii,
2397 2235 2522 2288 erat
2576 2226 2975 2288 Antiochena
3023 2222 3309 2285 Ecclesia
3345 2221 3579 2302 episco-

1937 2334 2070 2394 pus,
2102 2324 2160 2377 et
2189 2315 2435 2377 nomine
2496 2322 2555 2376 et
2614 2333 2682 2376 re
2715 2314 2917 2376 Deiter
2945 2313 3237 2392 Ignatius.
3275 2309 3420 2372 Nam
3448 2329 3575 2371 ma-

1933 2423 2050 2483 gno
2082 2404 2324 2484 quidem
2383 2403 2557 2464 Petro
2606 2403 2871 2464 succedit
2933 2400 3193 2472 Evodus,
3231 2399 3431 2461 Evodo
3461 2417 3574 2460 au-

1935 2503 2052 2555 tem
2115 2491 2400 2566 Ignatius,
2456 2492 2639 2570 {itque
2689 2499 2748 2552 et
2799 2508 3031 2551 morum
3089 2489 3220 2567 ejus
3250 2498 3308 2549 et
3338 2486 3572 2549 virtutis

1934 2581 2269 2642 amulator.
2305 2577 2456 2640 Huic
2490 2579 2688 2639 divino
2721 2579 2972 2656 lgnatio,
3021 2596 3155 2639 cum
3189 2585 3346 2637 esset
3375 2577 3572 2639 adhuc

1934 2671 2112 2748 plane
2140 2685 2309 2749 puer,
2347 2668 2514 2728 aiunt
2544 2667 2846 2729 Christum
2897 2667 3095 2727 adhuc
3133 2677 3472 2727 versantem
3506 2665 3567 2726 in

1933 2759 2182 2830 mundo,
2209 2757 2263 2817 ei
2295 2757 2681 2819 intemeratas
2737 2773 2951 2816 manus
2982 2754 3364 2833 imposuisse,
3399 2761 3460 2814 et
3494 2754 3568 2817 ad

1932 2846 2217 2925 populum
2253 2846 2614 2923 intuentem,
2665 2844 2893 2906 dixisse
2930 2862 2942 2906 :
2974 2844 3105 2906 Nisi
3135 2843 3271 2922 quis
3303 2848 3565 2921 seipsum

1929 2934 2336 2996 humiliaverit
2387 2943 2450 2994 ut
2480 2933 2580 2995 hic
2628 2935 2887 3013 puellus,
2939 2951 3058 2994 non
3090 2931 3338 2993 intrabit
3367 2932 3427 2992 in
3459 2950 3569 2994 re-

1927 3043 2109 3103 gnum
2144 3023 2431 3085 calorum
2461 3044 2477 3099 ;
2528 3031 2587 3084 et
2636 3023 2740 3103 qui
2789 3041 2972 3083 unum
3006 3040 3076 3083 ex
3109 3020 3330 3082 talibus
3362 3021 3570 3101 pueris

1926 3113 2264 3193 susceperit
2294 3112 2354 3172 in
2419 3111 2667 3173 nomine
2715 3130 2871 3185 meo,
2923 3129 3018 3172 me
3051 3109 3304 3189 suscipit
3333 3110 3379 3183 ί,
3413 3127 3565 3189 qua-

1928 3201 2146 3262 lisnam
2201 3201 2433 3261 futurus
2485 3207 2647 3262 esset
2697 3207 2872 3260 atate
2920 3198 3561 3278 proﬁcienslgnatius,

1928 3289 2072 3352 hinc
2101 3289 2452 3362 ostendens,
2507 3297 2566 3350 et
2613 3288 2998 3369 apostolicam
3033 3287 3197 3348 illius
3227 3286 3563 3348 doctrinam

1927 3387 2134 3460 aperte
2165 3378 2458 3440 indicans.

2006 3554 2082 3618 Il.
2116 3554 2226 3618 Hic
2259 3574 2399 3635 ergo
2431 3555 2665 3618 divinus
2687 3555 2970 3636 Ignatius,
3005 3553 3184 3615 simul
3215 3570 3350 3614 cum
3386 3551 3560 3633 Poly-

1925 3645 2236 3726 carpo,qui
2259 3646 2605 3726 Smyrnensi
2633 3654 2884 3726 praerat
2905 3643 3215 3717 Ecclesia,
3243 3641 3351 3702 fuit
3371 3641 3562 3704 disci-

1926 3735 2362 3812 pulusJoannis
2383 3733 2762 3813 evangelista
2795 3753 2808 3797 :
2837 3743 3050 3796 etcum
3085 3733 3156 3793 ad
3193 3750 3330 3794 eum
3363 3731 3557 3793 solum

1920 3825 2353 3898 ventitasset,et
2373 3842 2612 3884 omnem
2642 3823 2880 3885 virtutis
2904 3821 3261 3902 speciem,et
3283 3839 3412 3882 eam
3437 3838 3562 3882 ma-

1924 3913 2244 3992 xime,qua
2258 3911 3157 3991 decetsacerdotem,diligenter
3170 3910 3559 3986 exercuisset,

1925 4004 2196 4060 sacerdos
2211 4003 2417 4060 deinde
2439 4003 2675 4073 eligitur
2693 4004 2985 4058 communi
3003 4001 3283 4058 sententia
3301 3999 3561 4057 omnium

1923 4089 2100 4150 simul
2122 4089 2525 4167 apostolorum
2540 4097 2620 4159 ,et
2638 4087 3048 4150 Antiochenus
3068 4093 3312 4146 creatur
3329 4091 3559 4164 episco-

1925 4195 2034 4258 pus
2063 4177 2174 4256 (ἓ).
2210 4175 2355 4238 Cum
2388 4185 2587 4238 autem
2649 4177 3068 4254 assumpsisset
3114 4173 3468 4246 Ecclesiam,
3502 4181 3562 4236 et

1923 4267 2110 4327 multo
2141 4267 2362 4327 sudore
2393 4275 2454 4327 et
2484 4265 2692 4326 labore
2725 4266 2785 4325 in
2835 4283 2904 4326 ea
2954 4263 3311 4324 seminasset
3340 4281 3557 4342 preco-

1921 4359 2085 4416 nium
2120 4355 2446 4434 pietatis,et
2473 4355 2664 4414 zelum
2701 4372 2806 4434 per
2837 4355 3040 4414 omnia
3071 4351 3468 4431 apostolicum
3501 4359 3562 4414 et

1920 4446 2248 4506 doctrinam
2279 4445 2645 4506 ostendisset
2682 4453 2740 4504 et
2765 4443 3090 4504 exstitisset
3113 4441 3413 4522 perfectus
3444 4447 3558 4500 mi-

1920 4535 2111 4594 nister
2126 4534 2344 4597 Christi
2373 4533 2886 4613 mysteriorum,ﬁt
2911 4548 3148 4611 quoque
3182 4539 3383 4609 postea
3407 4547 3558 4590 mar-

1919 4631 2034 4703 tyr,
2070 4623 2280 4684 bestiis
2311 4631 2560 4704 propter
2591 4622 2754 4684 illum
2789 4621 3136 4696 traditus,ut
3173 4619 3349 4700 paulo
3379 4619 3558 4681 altius

1915 4719 2200 4789 repetens
2231 4711 2564 4773 declarabit
2597 4711 2812 4772 oratio.

1994 4800 2360 4880 llI.Trajano
2386 4801 2544 4861 enim
2563 4802 2965 4861 Romanorum
2992 4795 3546 4877 imperatori,quam

358 4863 361 4864 ν
458 4863 468 4882 ,
638 4863 647 4877 .
743 4863 753 4881 ,
804 4863 812 4880 .
951 4863 960 4876 .
1140 4863 1150 4876 .
1524 4863 1533 4878 .
1656 4863 1664 4880 ,
1810 4863 1830 4880 ,.

193 4894 331 4950 κατὰ
389 4897 603 4950 Σκυθῶν
651 4891 926 4969 ἓπαρθέντι
983 4893 1101 4969 νίκῃ
1164 4893 1371 4966 καὶμὴ
1430 4891 1594 4971 μέχρι
1647 4893 1830 4948 τούτου

1933 4894 1983 4950 le
2007 4863 2238 4964 Scythis
2262 4894 2560 4962 habuerat,
2586 4895 2734 4950 elato
2761 4863 3227 4956 victoria,etlnon
3245 4863 3552 4948 sustihenti

192 4987 389 5048 στῆσαι
422 4982 519 5049 τὴν
551 4981 886 5056 εὐδαιμονίαν
941 4981 1280 5060 ἀνεχομένῳ,
1329 4979 1467 5036 ἀλλὰ
1525 4981 1824 5059 περαιτέρω

191 5072 390 5137 ταύτην
439 5069 752 5147 βουλομένῳ
800 5083 1154 5148 προαγαγεῖν,
1215 5071 1308 5126 καὶ
1353 5069 1583 5132 πολλοὺς
1615 5071 1821 5148 ἐτέρους

188 5165 256 5234 τῇ
296 5152 572 5234 Ῥωμαίων
615 5161 763 5237 ἀρχῇ
817 5161 1282 5236 παραστήσασθαι,
1343 5169 1499 5218 τοῦτο
1559 5161 1658 5235 πρὸ
1719 5166 1822 5215 τῶν

189 5246 366 5304 ἄλλων
396 5252 422 5305 ὁ
485 5250 620 5305 κατὰ
676 5251 1026 5324 Χριστιανῶν,
1077 5247 1183 5303 εἴτ’
1227 5247 1316 5304 οὖν
1346 5247 1612 5310 εὐσεϐείας
1664 5247 1825 5303 πόλε-

187 5359 285 5410 μος
319 5339 595 5414 κράτιστον
655 5340 798 5410 αὖτῷ
853 5339 940 5394 καὶ
997 5335 1270 5400 λυσιτελὲς
1317 5337 1608 5411 ἐνομίζετο,
1642 5334 1822 5394 Ἐκεί-

273 5471 291 5519 ί
323 5471 526 5534 Matth.
567 5486 735 5545 xvm,
770 5471 831 5548 4,
863 5471 924 5534 5.

1905 4996 2070 5039 suam
2091 4980 2402 5059 hucusque
2424 4979 2638 5040 sistere
2663 4976 3148 5050 felicitatem,sed
3172 4975 3392 5036 volenti
3419 4994 3552 5037 eam

1906 5067 2163 5128 ulterius
2189 5068 3030 5146 producere,etRomanorum
3057 5065 3307 5146 imperio
3333 5065 3552 5126 multos

1905 5158 2054 5220 alios
2079 5157 2472 5236 subjungere,
2494 5158 2779 5220 adversus
2797 5157 3170 5220 Christianos
3199 5175 3304 5218 seu
3336 5157 3554 5219 adver-

1907 5265 2008 5308 sus
2041 5247 2317 5326 pietatem
2352 5246 2574 5308 bellum
2604 5248 2656 5308 ei
2695 5249 2881 5308 visum
2907 5257 2994 5308 est
3016 5246 3304 5326 optimum
3333 5264 3467 5308 esse
3497 5254 3556 5308 et

1907 5336 2214 5416 expedire.
2248 5336 2391 5398 Nam
2426 5337 2526 5398 illo
2580 5337 2818 5416 quidem
2857 5336 3034 5397 modo
3063 5337 3305 5416 putabat
3337 5351 3404 5399 se
3438 5336 3557 5398 soli

265 5576 349 5740 ΗΞ
377 5574 564 5670 Graeci
597 5575 812 5637 festum
844 5578 972 5656 ejus
1001 5576 1082 5636 ‘20
1112 5575 1468 5669 Decembris
1493 5574 1822 5658 celebrant,
1857 5586 1924 5646 ut
1953 5584 2118 5640 notat
2146 5577 2442 5645 Baronius
2471 5577 2536 5643 in
2565 5574 3011 5657 Martyrologio.

273 5656 325 5736 (2
380 5655 533 5722 Vide
560 5655 780 5721 Baron.
810 5657 886 5722 ad
910 5675 1008 5722 an.
1041 5655 1261 5723 Christi
1297 5658 1398 5723 71.

273 5655 349 5736 (2)
380 5655 533 5722 Vide
560 5655 780 5721 Baron.
810 5655 887 5722 ad
910 5675 1008 5722 an.
1041 5655 1261 5723 Christi
1297 5658 1398 5723 71.
