3954 6146
390 248 533 311 1271

1652 254 1934 317 MENSIS
1975 257 2483 321 FEBRUARIUS.

3609 257 3755 320 12⁸72

384 386 673 465 prodesse
704 385 1054 466 reipublicm
1090 409 1102 449 :
1140 387 1226 448 sic
1257 395 1452 448 autem
1489 388 1667 448 etiam
1700 387 1846 450 deos
1877 407 2016 449 suos

2120 413 2204 456 ’ως
2251 395 2349 468 μὲν
2391 396 2490 472 γὰρ
2534 395 2595 451 τὸ
2651 397 2828 452 κοινὸν
2872 394 3106 475 ὠφελεῖν
3170 395 3363 470 μόνον,
3402 395 3544 452 οὕτω
3589 393 3642 450 δὲ
3678 384 3756 450 τιαὲ

381 476 673 549 colere,et
705 495 808 537 eos
840 476 1152 547 inducere,
1190 485 1252 537 ut
1279 495 1454 555 opem
1488 477 1714 538 ferrent
1736 477 2020 539 adversus

383 565 864 629 hostes.Gravem
891 565 1091 645 itaque
1113 585 1180 626 ac
1203 565 1511 628 difﬁcilem
1540 567 2022 646 persecutionem

383 655 562 715 infert
583 655 867 716 adversus
894 655 1048 733 piam
1081 655 1355 728 fidem,et
1384 657 1664 734 proponit
1693 657 1893 717 edicta
1923 675 2027 735 per

386 745 723 807 universam
756 751 1000 815 terram,
1038 763 1169 823 quae
1201 747 1332 824 ejus
1373 744 1617 823 parebat
1651 745 1930 824 imperio,
1965 755 2024 804 ut

383 833 474 895 vel
501 840 706 892 essent
733 850 863 892 cum
889 850 960 892 eo
983 850 1194 892 omnes
1219 833 1545 912 impietatis
1579 832 2024 912 participes,vel

381 922 576 983 adhuc
629 929 943 982 manentes
997 921 1348 994 Christiani,
1410 922 1792 983 afﬁcerentur
1855 921 2024 983 variis

381 1011 692 1091 suppliciis
721 1019 783 1071 et
804 1010 1041 1072 acerbis
1064 1012 1386 1072 mortibus.
1423 1012 1860 1089 Contigerat,ut
1885 1021 2027 1071 tunc

380 1100 670 1179 Trajanus
698 1108 1035 1162 versaretur
1051 1101 1389 1162 Antiochia
1418 1122 1432 1159 :
1458 1108 1524 1160 ut
1547 1103 1650 1180 qui
1673 1110 1829 1162 esset
1851 1118 2026 1180 expe-

381 1189 672 1250 ditionem
694 1199 1083 1268 suscepturus
1109 1199 1313 1251 contra
1338 1191 1570 1257 Persas,
1605 1198 1663 1251 et
1686 1189 1909 1250 bellum
1942 1188 2025 1249 ibi

381 1285 643 1359 pararet.
665 1276 774 1338 Hic
801 1297 941 1357 ergo
966 1278 1020 1338 ei
1048 1277 1122 1339 de
1146 1278 1348 1339 divino
1375 1278 1745 1356 significatur
1768 1279 2018 1359 lgnatio,

380 1369 539 1448 quod
563 1375 622 1428 et
639 1366 988 1444 religionem
1006 1365 1744 1440 teneretChristianam,et
1767 1367 2023 1428 homini-

379 1459 491 1518 bus
517 1456 928 1535 persuaderet,
955 1465 1019 1516 ut
1048 1455 1348 1518 Christum
1384 1470 1662 1537 tanquam
1699 1459 1887 1518 Deum
1915 1457 2019 1517 ho-

381 1554 687 1618 norarent,
723 1543 900 1624 idque
934 1563 1068 1605 cum
1103 1546 1314 1606 fuisset
1357 1563 1390 1605 a
1443 1545 1632 1607 Pilato
1665 1563 1844 1607 cruce
1873 1563 2024 1606 con-

380 1635 698 1696 demnatus
729 1641 788 1694 et
847 1641 1060 1706 morte,
1098 1646 1166 1695 ut
1196 1635 1416 1696 docent
1449 1635 1577 1713 ejus
1608 1643 1736 1695 acta
1772 1651 1785 1696 :
1825 1642 1882 1694 et
1913 1635 2026 1695 fert

379 1725 572 1802 legem
598 1722 675 1784 de
695 1722 1367 1802 servandavirginitate,
1395 1733 1453 1784 et
1474 1725 1548 1784 de
1567 1723 2023 1785 contemnendis

2120 1723 2439 1782 διδάσκουσιν
2497 1729 2860 1801 ὑπομνήματα
2895 1745 2908 1758 ⁸

377 1812 600 1874 divitiis
628 1821 687 1872 et
717 1811 1047 1891 deliciis,et
1078 1813 1212 1872 aliis
1245 1831 1378 1890 quae
1400 1821 1539 1872 sunt
1571 1813 1632 1872 in
1665 1812 1782 1872 vita
1803 1813 2027 1890 jucun-

377 1901 492 1977 da;
525 1908 584 1960 et
615 1899 776 1980 quod
803 1911 897 1960 est
929 1901 1196 1960 omnium
1230 1900 1674 1977 gravissimum,
1711 1899 1868 1980 quod
1907 1918 2025 1960 non

379 1997 652 2069 oporteat
683 1997 894 2068 putare
925 2007 1059 2050 esse
1081 1989 1320 2063 deos,et
1342 1991 1563 2051 nullam
1597 1991 2023 2070 imperatorum

381 2079 604 2142 ducere
633 2078 930 2139 rationem
965 2078 1077 2156 (3).

461 2167 561 2230 IV.
626 2165 762 2229 Haec
817 2177 1125 2248 postquam
1181 2168 1410 2231 audivit
1456 2167 1776 2247 Trajanus,
1821 2177 2026 2229 sancto

379 2257 580 2319 statim
613 2257 932 2330 accersito,
967 2277 1100 2318 cum
1128 2276 1253 2322 una
1287 2259 1464 2321 etiam
1496 2257 1737 2320 adesset
1759 2268 2024 2320 senatus:

378 2349 545 2408 Tune
603 2364 691 2419 es,
753 2345 972 2425 inquit,
1031 2347 1133 2426 qui
1182 2349 1405 2410 diceris
1439 2347 1662 2420 Deifer,
1699 2349 1800 2428 qui
1827 2356 2030 2408 nostra

372 2437 544 2516 jusso
578 2434 927 2506 ludiﬁcaris,
967 2444 1026 2496 et
1075 2455 1316 2498 omnem
1372 2436 1592 2498 evertis
1622 2437 2024 2516 Antiochiam,

380 2531 438 2585 et
473 2542 685 2585 omnes
716 2523 885 2584 ducis
921 2533 1054 2604 post
1081 2526 1410 2600 Christum,
1446 2526 1547 2605 qui
1577 2544 1611 2586 a
1644 2534 1700 2587 te
1734 2526 2026 2606 praedica-

380 2622 499 2686 tur,
536 2622 736 2674 etnec
765 2613 892 2673 solo
928 2613 1172 2692 quidem
1236 2615 1383 2676 deos
1434 2614 1700 2692 dignaris
1733 2613 2028 2676 nomine?

378 2703 623 2763 Divinus
681 2712 879 2763 autem
941 2701 1228 2782 Ignatius,
1291 2705 1414 2782 Ego
1475 2723 1631 2775 sum,
1666 2705 1883 2784 inquit.
1918 2704 2026 2764 Ille

376 2809 541 2864 vero,
575 2791 644 2850 Et
676 2790 819 2870 quid
855 2790 972 2851 sibi
1007 2794 1157 2867 vult,
1192 2793 1409 2872 inquit,
1463 2793 1614 2854 illud
1646 2792 1891 2855 Deifer?
1923 2793 2030 2856 Cui

382 2888 606 2958 martyr
636 2894 653 2940 :
689 2880 800 2951 Qui
825 2878 1154 2953 Christum,
1192 2880 1409 2959 inquit,
1445 2881 1791 2943 circumfert
1822 2883 1877 2942 in
1907 2883 2032 2942 ani-

381 2986 499 3030 ma.
557 2967 890 3046 Imperator
939 2976 1136 3028 autem
1177 2989 1190 3028 :
1241 2968 1332 3030 Tu
1363 2988 1530 3046 ergo,
1569 2971 1782 3048 inquit,
1821 2969 2027 3032 Chris-

381 3065 504 3116 tum
539 3056 601 3116 in
633 3056 823 3137 teipso
877 3057 1282 3118 circumfers?
1337 3057 1536 3129 Certe,
1572 3059 1788 3139 inquit.
1821 3057 2025 3139 Scrip-

379 3153 501 3204 tum
555 3152 647 3205 est
698 3144 906 3206 enim:
948 3169 971 3200 (ι
1022 3143 1318 3208 Habitabo
1368 3145 1429 3206 in
1484 3153 1570 3207 eis
1602 3157 1661 3209 et
1688 3146 2024 3224 inambula-

380 3234 454 3295 bo
477 3234 526 3296 ε.
566 3258 588 3289 ι
629 3232 785 3305 Quid
819 3251 956 3294 vero
990 3241 1144 3296 nos?
1175 3254 1294 3296 non
1326 3235 1606 3297 videmur
1638 3236 1743 3297 tibi
1773 3237 2027 3297 deorum

377 3322 615 3384 assidue
648 3321 1024 3396 meminisse,
1063 3332 1122 3384 et
1172 3342 1276 3386 eos
1306 3343 1549 3405 semper
1580 3325 1639 3385 in
1675 3325 1873 3386 anima
1904 3345 2028 3388 cir-

378 3411 703 3485 cumferre,
765 3428 989 3491 eosque
1039 3412 1330 3473 inducere
1387 3413 1459 3473 ad
1509 3432 1683 3493 opem
1718 3414 2024 3477 ferendam

378 3510 591 3562 contra
623 3501 853 3575 hostes,
889 3508 953 3562 et
977 3517 1083 3580 per
1109 3519 1212 3562 eos
1243 3502 1449 3562 o’mnia
1479 3502 1702 3576 facere,
1737 3521 1869 3582 quae
1890 3512 2030 3565 sunt

376 3608 447 3649 ex
477 3589 660 3650 animi
719 3594 1062 3651 sententia?
1117 3589 1519 3669 Respondens
1563 3600 1760 3653 autem
1794 3591 2029 3653 divinus

376 3680 685 3758 lgnatius:
746 3675 860 3738 Hei
923 3678 1094 3753 mihi,
1157 3679 1372 3759 inquit,
1406 3680 1730 3742 simulacra
1759 3681 2026 3759 gentium

378 3767 524 3829 deos
558 3767 856 3828 nominas.
897 3765 1065 3830 Unus
1113 3768 1274 3829 enim
1325 3768 1510 3840 Deus,
1567 3771 1788 3849 inquit,
1824 3788 2021 3838 verus,

377 3856 480 3935 qui
511 3854 648 3917 caeli
681 3863 738 3914 et
798 3864 971 3915 terra;
1005 3863 1062 3917 et
1097 3857 1300 3930 maris,
1336 3865 1392 3918 et
1425 3858 1692 3919 omnium
1727 3877 1858 3938 qua;
1887 3866 2026 3919 sunt

375 3944 439 4003 in
472 3944 618 4023 ipsis
642 3950 734 4005 est
765 3951 1021 4007 creator.
1054 3943 1222 4006 Unus
1247 3945 1516 4008 Christus
1547 3949 1741 4027 Jesus,
1781 3947 1889 4008 Dei
1919 3947 2021 4007 Fi-

377 4032 495 4094 lios
527 4032 897 4110 unigenitus,
959 4037 1134 4112 cujus
1171 4036 1341 4114 regni
1375 4053 1492 4096 non
1525 4046 1616 4097 est
1644 4037 1799 4096 finis.
1835 4035 2020 4107 Quem

379 4122 429 4182 si
464 4130 523 4182 tu
555 4140 940 4201 agnosceres,
974 4142 1009 4184 ο
1037 4125 1384 4204 imperator,
1419 4134 1478 4186 et
1511 4143 1775 4205 purpura
1806 4125 2027 4204 ipsa,et

379 4211 675 4286 diadema,
737 4220 796 4274 et
852 4212 1106 4275 thronus
1151 4215 1382 4293 regius,
1443 4215 1711 4275 firmiora
1741 4227 1941 4276 essent
1968 4223 2027 4276 et

382 4299 717 4363 stabiliora.

464 4390 880 4470 V.Imperator
900 4391 1212 4464 γενολίωο
1237 4401 1356 4453 tarn
1385 4394 2022 4474 multa,inquit,mitta-

2107 482 2229 543 τοὺς
2277 485 2436 540 αὑτοῦ
2490 486 2639 548 θεοὺς
2697 486 3003 562 θεραπεύειν
3063 488 3152 540 καὶ
3215 486 3508 562 συνεργοὺς
3584 487 3756 547 αὖτοὺς

2106 574 2244 626 κατα
2300 579 2406 628 τῶν
2457 573 2730 637 πολεμίων
2763 575 3078 651 ἐπάγεσθαι.
3119 572 3343 646 Ἀμέλει
3390 573 3492 628 καί
3533 571 3758 648 διωγμέν

2105 662 2241 716 κατὰ
2300 667 2399 728 τῆς
2459 660 2705 728 εὐσεϐοῦς
2787 665 3016 725 πίστεως
3076 661 3328 742 χαλεπὸν
3383 664 3612 739 ἐπείγει,
3681 660 3755 717 καὶ

2107 746 2442 826 διατάγματα
2513 753 2650 808 κατὰ
2727 757 2826 818 τῆς
2905 753 3146 817 ὑπηκόου
3218 752 3402 818 πάσης
3481 752 3753 810 ἐκτίθεται.

2107 838 2246 894 ὥστε
2289 838 2324 906 ἢ
2368 839 2574 902 πάντας
2618 845 2760 914 αύτῷ
2792 843 3077 905 κοινωνοῦς
3110 841 3258 897 εἶναι
3291 864 3390 907 της
3425 839 3700 918 ἀσεϐείας,
3729 844 3756 905 ἦ

2112 930 2457 1004 Χριστιανοὺς
2529 930 2607 986 ἔτι
2679 931 2937 1004 μένοντας
3008 932 3293 1005 τιμωρίαις
3339 929 3635 990 ποικίλαις
3683 933 3756 983 καὶ

2109 1018 2355 1080 θανάτοις
2427 1019 2698 1098 χαλεποῖς
2769 1017 3084 1080 ἒκδίδοσθαι,

2113 1112 2362 1178 Τραϊανῷ
2403 1115 2471 1183 τῇ
2519 1108 2847 1186 Ἀντιοχέων
2891 1106 3201 1180 ἐπιδημεῖν,
3242 1109 3342 1164 οἶα
3390 1107 3461 1173 δὴ
3509 1107 3756 1180 μέλλοντι

2109 1196 2242 1250 κατὰ
2302 1202 2517 1273 Περσῶν
2576 1195 2944 1274 ἐκστρατεύειν
2987 1197 3081 1252 καί
3128 1197 3661 1273 παρεσκευαζομένῳ
3701 1201 3756 1251 τὰ

2108 1281 2365 1356 πολέμια.
2417 1283 2670 1340 Ἐνταῦθα
2728 1291 2852 1360 γοῦν
2897 1286 2984 1340 καὶ
3041 1287 3300 1360 μηνύεται
3348 1290 3499 1358 αὖτῷ
3535 1286 3604 1340 τὰ
3633 1287 3758 1340 κατα

2106 1374 2198 1426 τὸν
2241 1373 2493 1452 θεοφόρον
2553 1373 2837 1450 Ἰγνάτιον,
2898 1377 2971 1436 ὡς
3031 1374 3122 1440 εἴη
3186 1395 3245 1429 τε
3310 1375 3374 1429 τὰ
3424 1380 3756 1452 Χριστιανῶν

2105 1457 2407 1536 πρεσϐεύων
2469 1463 2558 1517 καὶ
2623 1463 2854 1538 Χριστὸν
2912 1461 3010 1518 ῗσα
3067 1464 3154 1517 καὶ
3210 1466 3358 1525 θεοῖς
3413 1467 3584 1534 τιμᾷ-θ
3641 1463 3761 1521 τοὺς

2106 1549 2410 1624 ἀνθρώπους
2456 1549 2774 1624 ἀναπείθων,
2835 1552 2922 1606 καὶ
2971 1551 3136 1607 ταῦτα
3186 1552 3412 1626 σταυρὸν
3445 1552 3555 1605 ὑπὸ
3593 1548 3762 1604 Πιλά-

2105 1657 2198 1692 του
2257 1639 2663 1717 κατακριθέντα,
2719 1640 2808 1695 καὶ
2877 1640 3096 1695 θάνατον
3156 1642 3228 1702 ὡς
3287 1641 3353 1696 τὰ
3416 1642 3544 1714 περὶ
3608 1640 3762 1693 αὐτοῦ

2995 1732 3270 1803 μονοθετεῐ
3345 1751 3404 1785 τε
3473 1730 3762 1805 παρθενίαν,

2108 1813 2205 1869 καί
2257 1814 2488 1872 πλούτου
2543 1818 2632 1872 καὶ
2689 1816 2887 1896 τρυφῆς
2959 1819 3046 1872 οιαὶ
3088 1821 3193 1874 τῶν
3249 1817 3432 1873 ἄλλων
3490 1825 3595 1872 τοὺ
3653 1819 3762 1891 βίου

2108 1906 2348 1980 τερπνῶν
2391 1904 2768 1982 κατολιγορετν
2801 1907 2978 1961 καὶτὸ
3037 1905 3101 1972 δὴ
3145 1905 3577 1985 χαλεπώτατον,
3628 1909 3764 1975 μήτε

2107 1993 2256 2053 θεοὺς
2300 1995 2577 2074 ἡγεῖσθαι,
2638 1995 2776 2067 μήτε
2820 1995 2937 2051 τινὰ
2979 1997 3070 2050 τὸν
3126 1993 3283 2073 λόγον
3314 2002 3424 2051 τῶν
3487 1995 3765 2073 αὖτοκρα-

2111 2083 2278 2160 τύρων
2309 2084 2557 2141 τίθεσθαι.

2196 2171 2277 2229 Δ’.
2336 2178 2510 2230 Ταῦτα
2565 2175 2637 2234 ὡς
2696 2171 2889 2238 ἤκουσε
2941 2175 3222 2250 Τραϊανὸς,
3258 2175 3768 2248 μεταπεμψάμενος

2113 2262 2296 2318 αὐτίκα
2345 2263 2436 2316 τὸν
2479 2260 2656 2339 ἅγιον,
2729 2263 3110 2338 συμπαρούσης
3155 2266 3297 2334 αὐτῷ
3340 2265 3430 2318 καὶ
3476 2269 3584 2328 τῆς
3633 2286 3769 2341 συγ-

2111 2348 2313 2417 κλήτου
2342 2349 2541 2425 βουλῆς
2579 2367 2592 2381 ⁸
2627 2350 2700 2404 Σὺ
2733 2349 2812 2420 εἴ,
2862 2353 3046 2429 φησὶν,
3085 2357 3111 2406 ὸ
3142 2349 3433 2428 λεγόμενος
3465 2354 3768 2430 Θεοφόρος,

2112 2439 2138 2492 ὁ
2199 2444 2304 2493 τῶν
2360 2438 2636 2515 ἡμετέρων
2693 2441 3034 2509 καταπαίζων
3089 2438 3431 2516 προστάξεων
3490 2444 3588 2496 καὶ
3662 2447 3764 2508 τὴν

2111 2523 2439 2604 Ἀντιοχέων
2470 2527 2762 2584 ἀνάστατον
2815 2534 2990 2583 πᾶσαν
3034 2535 3225 2600 ποιῶν,
3273 2529 3448 2585 ὀπίσω
3491 2552 3556 2586 τε
3623 2532 3768 2586 πάν-

2109 2637 2202 2678 τας
2262 2623 2354 2672 τοῦ
2407 2618 2508 2671 ὑπὸ
2552 2625 2646 2674 σοῦ
2702 2616 3005 2694 κηρυττομὲ
3024 2638 3099 2673 μου
3136 2625 3361 2695 Χριστοῦ
3392 2619 3764 2696 ἐπαγόμενος,

2108 2706 2197 2760 καὶ
2229 2703 2365 2778 μηδὲ
2409 2704 2570 2779 ψιλοῦ
2612 2708 2732 2766 τοὺς
2775 2707 2920 2767 θεοὺς
2983 2707 3245 2782 ὀνόματος
3301 2707 3464 2772 ἀξιῶν
3501 2728 3518 2780 ;
3581 2715 3681 2766 Καὶ
3743 2713 3766 2763 ὁ

2111 2796 2256 2852 θεῖος
2291 2792 2549 2870 Ἰγνάτιος
2587 2811 2600 2824 ⁸
2634 2794 2783 2870 Ἐγὼ
2814 2797 2947 2868 εἶμι,
2981 2795 3109 2874 ἔφη.
3147 2786 3203 2852 εΟ
3238 2794 3292 2850 δέ
3326 2811 3340 2824 ⁸
3402 2799 3501 2853 Καὶ
3554 2801 3610 2853 τί
3655 2799 3765 2855 ἐστι

2114 2884 2401 2960 Θεοφόρος,
2449 2881 2845 2940 διεπυνθάνετο.
2884 2885 3020 2959 Πρὸς
3069 2884 3127 2938 ’ὃν
3173 2886 3200 2939 ὁ
3245 2886 3448 2963 μάρτυρ
3482 2902 3495 2916 ⁸
3553 2877 3616 2943 Ὀ
3675 2890 3764 2942 τὸν

2114 2977 2338 3045 Χριστὸν
2389 2971 2442 3024 ἐν
2487 2977 2556 3046 τῇ
2598 2976 2754 3051 ψυχῇ
2811 2971 3133 3050 περιφέρων,
3187 2970 3310 3050 ἔφη.
3366 2976 3464 3029 Καὶ
3522 2976 3552 3030 ὁ
3600 2976 3760 3049 βασι-

2113 3058 2230 3120 λεὺς
2267 3079 2280 3093 ·
2319 3061 2390 3114 Σὺ
2419 3060 2507 3114 οῦν
2541 3060 2595 3115 ἐν
2627 3061 2797 3133 ἑαυτῷ
2827 3062 2918 3116 τὸν
2964 3063 3190 3138 Χριστὸν
3236 3062 3568 3139 περιφέρεις,
3638 3066 3756 3136 Ναὶ,

2112 3170 2243 3226 φησι
2278 3166 2292 3181 ⁸
2353 3148 2653 3226 γέγραπται
2685 3150 2784 3225 γάρ
2819 3167 2836 3184 ⁸
2888 3173 2914 3204 α
2950 3148 3251 3218 Ἐνοικήσω
3311 3150 3364 3205 ἐν
3409 3152 3627 3226 αὐτοῖς,
3672 3157 3760 3208 καὶ

2111 3235 2557 3314 ἐμπεριπατήσω.
2598 3259 2621 3292 ι
2663 3239 2717 3295 τί
2775 3235 2855 3293 δαὶ
2892 3240 3033 3312 ἡμᾶς
3069 3257 3086 3312 ;
3124 3237 3183 3294 οῦ
3212 3261 3296 3294 σοι
3329 3237 3597 3314 δοιοῦμεν
3625 3246 3758 3297 θεῶν

2112 3329 2412 3399 μεμνῆσθαι
2477 3325 2762 3396 διηνεκῶς,
2806 3327 2895 3382 καὶ
2928 3327 3146 3391 τούτους
3178 3327 3231 3382 ἐν
3277 3334 3345 3398 τῇ
3390 3334 3549 3408 ψυχῇ
3579 3332 3755 3409 φέρειν

2111 3415 2192 3470 ἀεὶ
2250 3416 2573 3494 συμμάχους
2631 3437 2686 3470 τε
2748 3417 2938 3479 αὖτοὺς
2968 3417 3106 3472 κατὰ
3145 3417 3252 3472 τῶν
3298 3418 3508 3496 ἐχθρῶν
3542 3419 3754 3496 ἐπαγό-

2113 3525 2284 3578 μενοι,
2332 3507 2421 3560 καὶ
2463 3503 2530 3558 δι’
2586 3505 2758 3562 αὐτῶν
2813 3503 2986 3560 πάντα
3017 3512 3292 3568 ποιοῦντες
3351 3509 3416 3562 τὰ
3445 3511 3586 3564 κατὰ
3624 3512 3754 3585 γνώ-

2110 3617 2220 3666 μην
2257 3613 2272 3672 ;
2325 3595 2420 3650 Καὶ
2463 3591 2746 3649 ὑπολαϐὼν
2776 3596 2803 3649 ὁ
2833 3597 2980 3655 θεῖος
3013 3594 3274 3672 Ἰγνάτιος
3306 3610 3321 3624 ⁸
3371 3603 3502 3669 Φεῦ,
3567 3597 3648 3653 ὅτι
3694 3602 3755 3653 τα

2111 3680 2333 3755 εἴδωλα,
2368 3681 2494 3760 ἔσοη,
2529 3683 2635 3738 τῶν
2668 3683 2833 3738 ὲθνῶν
2889 3683 3063 3762 θεοὺς,
3126 3685 3368 3759 βασιλεῦ,
3413 3687 3701 3760 ὀνομάζεις
3736 3686 3748 3744 Ξ

2112 3773 2208 3833 Εἷς
2265 3771 2365 3848 γὰρ
2433 3772 2562 3834 Θεὸς
2616 3770 2845 3843 ἀληθὴς,
2907 3772 2964 3832 ὃς
3027 3774 3248 3849 ούρανοῦ
3304 3794 3364 3828 τε
3407 3776 3633 3852 καὶ-(ἧς
3662 3777 3749 3831 καὶ

2107 3858 2380 3924 θαλάσσης
2424 3861 2647 3914 καὶτῶν
2688 3863 2741 3914 ὲν
2785 3864 2971 3924 αὐτοῖς
3017 3861 3230 3916 πάντων
3286 3861 3397 3917 ἐστὶ
3454 3867 3692 3933 ποιητής
3727 3884 3740 3896 ⁸

2107 3948 2192 4010 εἷς
2245 3949 2469 4024 Χριστὸς
2526 3947 2762 4020 Ἰησοῦς,
2809 3951 2836 4004 ὁ
2879 3949 2972 4004 τοῦ
3017 3956 3148 4005 Θεοῦ
3180 3952 3473 4026 μονογενὴς
3509 3954 3653 4030 Υἱὸς,
3687 3952 3744 4007 οὗ

2105 4041 2202 4102 τῆς
2258 4036 2531 4112 βασιλείας
2591 4039 2686 4092 οὒκ
2730 4037 2876 4093 ἔσται
2902 4037 3056 4100 τέλος
3093 4054 3104 4066 ⁸
3141 4039 3200 4093 ὃν
3235 4039 3280 4093 εί
3309 4043 3407 4094 καὶ
3455 4041 3613 4102 αὒτὸς
3645 4044 3742 4096 ἑπ-

2112 4125 2304 4201 έγνως,
2348 4128 2394 4178 ὠ
2450 4126 2693 4204 βασιλεῦ,
2749 4126 2937 4200 πολλῷ
2968 4125 3029 4181 ἂν
3061 4125 3096 4192 ἦ
3127 4149 3181 4182 τε
3215 4126 3464 4205 ἀλουργίς
3498 4151 3579 4184 σοι
3614 4131 3741 4195 αῦτη

2110 4213 2196 4269 καὶ
2252 4215 2313 4269 τὸ
2371 4212 2604 4288 διάδημα
2647 4216 2736 4270 καὶ
2779 4217 2806 4270 ὁ
2865 4214 3144 4289 βασιλικὸς
3194 4213 3379 4293 θρόνος
3430 4215 3738 4294 βεϐαιότερα

2107 4303 2243 4369 ⁹ἦσαν
2275 4304 2364 4358 καὶ
2392 4302 2592 4377 κομιδῇ
2623 4306 2988 4380 μονιμώτερα,

2193 4383 2270 4450 δ’.
2324 4402 2418 4450 Και
2473 4395 2500 4448 ὁ
2548 4392 2796 4468 βασιλεύς
2833 4411 2844 4423 ⁸
2896 4396 2972 4449 Τὰ
3001 4393 3100 4467 μὲν
3131 4393 3307 4450 πολλὰ
3337 4404 3503 4453 ταῦτα
3535 4399 3732 4476 χαίρειν

3175 1019 3412 1055 εἶ’-οζλςε
3649 1020 3734 1055 ολο

3203 1030 3415 1096 Γπηρξε
3504 1030 3565 1073 οε
3649 1030 3756 1073 ﬁt:

385 4477 639 4541 mus.Tu
663 4480 948 4551 autem,si
973 4480 1403 4560 velis,inquit,o
1426 4471 1794 4561 Ignati,meze
1817 4491 2023 4562 poten-

2120 4481 2304 4554 ἐῶμεν.
2353 4483 2426 4536 Σὺ
2470 4478 2547 4559 δὲ,
2610 4483 2654 4536 εἷ
2711 4481 2911 4556 βούλει,
2945 4483 3099 4560 φησὶ,
3145 4481 3398 4559 Ἰγνάτιε,
3431 4487 3499 4540 τὰ
3543 4487 3738 4562 μεγάλα

387 4567 486 4628 tiae
509 4584 636 4627 rem
662 4567 861 4628 facere
879 4568 1370 4645 gratissimam,et
1391 4571 1465 4631 de
1489 4582 1704 4632 cmtero
1729 4571 1939 4632 referri
1967 4573 2024 4631 in

387 4673 706 4716 numerum
734 4673 1000 4716 meorum
1025 4659 1380 4726 amicorum,
1412 4659 1521 4720 hac
1547 4668 1744 4720 mente
1779 4667 2022 4730 mutata,

386 4745 501 4805 diis
517 4743 827 4805 nobiscum
843 4746 1418 4809 sacrificazetstatim
1435 4747 1647 4820 (sciant
1666 4748 1778 4827 ipsi
1794 4759 2021 4818 omnes)

386 4841 443 4895 to
476 4834 669 4913 magni
699 4831 862 4895 Jovis
895 4835 1250 4896 constituam
1305 4837 1668 4915 pontificem,
1709 4847 1766 4897 et
1797 4845 2025 4914 patrem

390 4927 705 4984 nominabo
732 4927 1211 4986 senatus.Adbaec
1234 4928 1466 4986 divinus
1498 4931 1778 5000 lgnatius:
1805 4931 2027 4986 Gratias

388 5011 630 5092 quidem
665 5011 956 5090 praebere,
990 5032 1024 5074 o
1057 5013 1406 5092 imperator,
1467 5013 1744 5076 omnibus
1787 5012 2027 5093 quidem

390 5111 478 5162 est
530 5103 902 5181 pulchrum:
961 5105 1220 5164 maxime
1277 5111 1478 5164 autem
1541 5103 2027 5182 imperatoribus,

390 5192 546 5269 quod
577 5193 810 5272 possint
834 5192 1228 5272 ipsiamplius
1251 5192 1592 5271 gratificari:
1629 5193 1730 5252 sed
1767 5210 2023 5269 eas,quaa

2120 5190 2321 5247 δυνατοῖ
2378 5191 2445 5246 τὰ
2487 5191 2653 5263 μείζω
2707 5191 2866 5248 πάλιν
2930 5191 3373 5270 ἆντιχαρίσασθαι
3411 5211 3426 5225 ⁸

466 5349 496 5398 2
525 5353 574 5413 ll
607 5350 743 5412 Cor.
774 5367 857 5428 v1,
896 5352 993 5412 16.

2110 4576 2185 4640 τῷ
2247 4569 2362 4642 ἐμῷ
2417 4571 2598 4644 κράτει
2629 4573 2953 4649 χαρίοασθαι
2989 4572 3070 4627 καὶ
3104 4585 3222 4636 τοῖς
3254 4572 3413 4646 ἐμοῖς
3443 4583 3538 4629 τοῦ
3569 4575 3740 4630 λοιποῦ

2112 4659 2484 4715 συντάττεσθαι
2540 4659 2744 4737 φίλοις,
2791 4661 2886 4724 τῆς
2933 4660 3184 4725 τοιαύτης
3232 4662 3461 4737 γνώμης
3510 4661 3735 4735 μεταδα-

2110 4747 2243 4826 λὼν,
2300 4751 2456 4804 θῦσον
2502 4749 2591 4803 σὺν
2635 4751 2773 4820 ἡμῖν
2817 4760 2933 4810 τοῖς
2973 4748 3121 4810 θεοῖς
3157 4751 3243 4803 καὶ
3276 4752 3464 4806 αὐτίκα
3491 4752 3736 4826 (ἴστωσαν

2110 4836 2266 4892 αὐτοὶ
2310 4837 2536 4913 πάντες)
2595 4836 2850 4914 ἀρχιερέα
2898 4857 2956 4892 σε
2987 4845 3078 4892 τοῦ
3109 4836 3348 4913 μεγάλου
3405 4842 3531 4902 Διὸς
3585 4862 3738 4896 κατα-

2113 4927 2320 5002 στήσω,
2357 4923 2424 4978 δι’
2456 4927 2483 4979 ὃ
2540 4926 2628 4980 καὶ
2685 4924 2886 5000 πατέρα
2933 4930 3031 4990 τῆς
3062 4925 3260 5000 βουλῆς
3293 4928 3572 5001 ὀνομάσω.
3623 4931 3741 5003 [195;

2111 5021 2275 5069 ταῦτα
2309 5015 2336 5068 ὁ
2369 5013 2636 5091 Θεοφόρος
2673 5029 2686 5043 ⁸
2724 5015 2960 5090 Χάριτας
2997 5013 3094 5086 μὲν
3127 5015 3415 5094 παρέχειν,
3447 5018 3495 5073 ὦ
3516 5019 3741 5094 βατιὶεῦ,

2113 5105 2206 5156 καί
2254 5108 2382 5157 πᾶσι
2414 5101 2603 5169 καλὸν,
2638 5102 2873 5177 μάλιστα
2905 5101 2958 5156 δὲ
2990 5102 3320 5182 βασιλεῦσιν,
3344 5105 3459 5177 ὅσῳ
3489 5113 3575 5163 καὶ
3609 5107 3740 5165 αὖτοί

3489 5197 3626 5252 ἀλλὰ
3666 5199 3743 5256 τὰς

474 5485 549 5558 t3)
582 5481 876 5566 Egnatium
901 5492 1037 5543 ante
1062 5483 1612 5566 Trajanumietiam
1644 5505 1676 5546 a
1719 5484 2056 5566 Domitiano
2086 5481 2566 5561 persecutionem
2601 5499 2838 5565 passum
2877 5502 2948 5546 ex
2986 5483 3196 5565 Iguatii
3239 5484 3420 5566 epist.
3456 5487 3495 5548 4
3528 5486 3597 5547 ad
3639 5487 3742 5548 Ma-

392 5559 539 5619 riam
573 5559 1028 5642 Cassobolitem,
1064 5559 1356 5626 memorat
1397 5565 1689 5628 Batonius
1735 5565 1809 5628 ad
1852 5583 1951 5628 an.
1990 5559 2092 5628 93;
