3954 6146
204 301 350 370 1273

1362 301 1548 366 VITA
1592 301 1654 364 S.
1695 299 1997 364 IGNATII
2043 299 2374 364 DEIFERI.

3418 306 3569 372 1274

192 439 496 504 λυσιτελεῖς
553 438 766 502 πάντως
823 438 912 493 καὶ
972 434 1274 516 ὠφελίμους
1334 437 1676 514 ἄμφοτέροις,
1743 435 1868 497 τὰςι

1961 442 2063 497 unt
2092 436 2336 498 omnino
2378 436 2644 518 utrisque
2675 436 2852 498 utiles
2883 443 2940 498 et
2971 437 3381 503 conducibiles
3419 461 3433 506 :
3468 461 3569 504 eas

195 531 250 588 δὲ
306 529 566 606 βλάπτειν
609 528 698 583 καί
751 524 985 600 μάλιστά
1042 547 1104 602 γε
1159 524 1344 602 ψυχὴν
1405 523 1696 599 δυναμένας
1757 521 1848 580 καὶ

1967 541 2093 598 ero,
2125 543 2256 604 quae
2289 535 2540 606 possunt
2572 526 2787 588 laedere
2818 536 2875 587 et
2909 530 3164 590 maxime
3193 530 3478 605 animam,
3516 541 3573 593 et

195 619 552 701 σφοδροτέραν
602 618 736 687 αὒτῇ
767 620 859 670 τοῦ
907 616 1071 692 πυρὸς
1099 614 1198 680 τὴν
1247 613 1464 691 γέενναν
1494 615 1845 690 ὕπανάπτειν,

1969 613 2613 693 ehementioremignis
2641 617 2976 694 gehennam
3011 623 3064 677 ei
3097 620 3578 697 ascendere,non

198 712 304 788 οὐχ
334 712 361 765 6
413 706 579 770 διδοὺς
631 706 816 781 μόνον,
851 702 990 759 ἀλλὰ
1032 703 1121 760 καὶ
1171 705 1198 758 6
1248 705 1409 758 αἰτῶν
1440 702 1595 764 αὐτὸς
1647 701 1849 758 ἀθλιώ-

197 820 386 860 τατος.
433 795 727 870 Θαυμαστὴ
784 791 840 848 δὲ
900 814 1015 866 σου,
1046 791 1288 868 βασιλεῦ,
1342 794 1428 847 xui
1479 790 1852 869 μεγαλόδωρος

198 890 234 956 ἡ
280 883 619 962 ἐπαθγελεία.
655 883 715 939 Τί
757 881 856 958 γὰρ
912 881 1032 955 ἐμοὶ
1074 883 1136 936 τὸ
1165 888 1258 936 τοῦ
1301 881 1444 958 παρὰ
1475 880 1556 935 σοὶ
1600 880 1854 957 μεγίστου

203 979 328 1040 Διὸς
385 979 656 1039 καστῆναι
719 969 976 1050 ἀρχιερέα
1032 971 1118 1026 καὶ
1188 968 1386 1045 βουλῆς
1445 969 1646 1047 πατέρα
1711 967 1854 1034 κλη-

201 1071 380 1142 θῆναι²
414 1063 551 1141 ἱερεῖ
609 1083 666 1118 τε
725 1059 838 1116 ὅντι
893 1067 1118 1138 Χριστοῦ
1164 1061 1251 1114 καὶ
1307 1059 1486 1114 θυσίαν
1537 1058 1679 1128 αύτῷ
1737 1057 1855 1112 καθ’

200 1156 435 1219 ἑκάστην
489 1150 742 1213 αἰνέσεως
786 1149 984 1228 θύοντι,
1038 1147 1142 1214 ἤδη
1195 1145 1251 1202 δὲ
1294 1149 1384 1204 καὶ
1428 1147 1552 1202 ὅλον
1624 1147 1855 1220 ἐμαυτὸν

204 1245 516 1302 καταθύσειν
578 1239 912 1316 ἐπειγομένῳ
963 1239 1051 1294 xui
1109 1238 1376 1315 σύμγυτον
1406 1237 1584 1293 θέσθαι
1642 1236 1719 1310 τῷ
1765 1243 1856 1293 τοῦ

201 1333 429 1390 θανάτου
486 1329 650 1388 αὐτοῦ
707 1327 1036 1402 ὁμοιώματι.
1089 1327 1188 1384 Καὶ
1251 1329 1278 1381 6
1335 1323 1612 1402 βασιλεύςο
1657 1329 1769 1381 Τίνι
1801 1321 1855 1378 δὲ

203 1420 446 1484 σπεύδείς
502 1418 691 1473 ἑαυτὸν
733 1419 1045 1489 καταθῦσαι,
1079 1418 1157 1488 τῷ
1207 1414 1292 1470 ἐπὶ
1338 1416 1559 1472 Ποντίου
1611 1434 1855 1490 σταυρω-

205 1510 346 1568 θέντι
404 1507 688 1579 Πιλάτου;
751 1507 874 1579 Ναὶ,
935 1505 1095 1582 φησὶν
1152 1507 1179 1560 ὁ
1233 1503 1402 1581 μέγας
1461 1503 1745 1580 Ἰγνάτιος,
1786 1503 1865 1560 τῶ

206 1601 308 1666 τὴν
379 1597 641 1675 ἁμαρτίαν
685 1593 1152 1671 ἀνασταυρώσαντι
1203 1594 1285 1650 xui
1347 1594 1436 1648 τὸν
1493 1593 1714 1670 εὑρετὴν
1771 1591 1866 1646 αὖ-

207 1693 310 1754 τῆς
368 1683 616 1743 διάϐολον
662 1681 942 1740 καθελόντι
1003 1686 1090 1739 καὶ
1129 1689 1305 1738 πᾶσαν
1361 1681 1447 1738 διὰ
1505 1689 1599 1739 τοῦ
1641 1685 1866 1757 σταυροῦ

1934 702 2008 791 is
2039 704 2137 784 qui
2181 704 2280 764 dat
2327 705 2542 776 solum,
2600 705 2702 766 sed
2757 705 2933 767 etiam
2989 706 3088 786 qui
3135 709 3303 786 petit,
3338 719 3395 769 et
3449 710 3579 791 ipse

1935 790 2328 856 miserrimus.
2380 793 2764 856 Admirabilis
2811 806 3032 868 autem,
3071 815 3102 856 ο
3137 790 3484 877 imperator,
3520 812 3580 860 et

1937 879 2220 941 muniﬁca
2244 889 2328 941 est
2359 891 2451 943 tua
2477 882 2818 960 promissio.
2853 882 3006 954 Quid
3023 889 3184 944 enim
3213 904 3341 946 mea
3366 887 3570 961 refert,

1938 986 1972 1029 a
2002 975 2059 1030 te
2092 970 2330 1030 maximi
2371 971 2530 1033 Iovis
2559 971 2836 1032 constitui
2866 972 3208 1051 pontiﬁcem
3246 995 3261 1055 ;
3292 982 3350 1036 et
3381 978 3577 1038 vocari

1942 1065 2168 1138 patrem
2215 1067 2481 1140 senatus,
2512 1061 2614 1137 qui
2668 1077 2796 1121 sum
2833 1060 3049 1122 Christi
3097 1065 3401 1140 sacerdos,
3437 1073 3495 1126 et
3525 1065 3580 1125 ei

1936 1148 2206 1227 quotidie
2231 1149 2502 1210 sacriﬁco
2528 1149 2886 1212 sacrificium
2913 1150 3124 1231 laudis,
3153 1162 3210 1212 et
3225 1152 3350 1232 jam
3385 1161 3572 1215 totum

1941 1253 2033 1296 me
2063 1236 2256 1315 ipsum
2281 1255 2539 1318 propero
2569 1237 2904 1314 immolare,
2925 1247 2984 1300 et
3009 1241 3253 1302 efﬁcere
3277 1241 3580 1323 complan-

1939 1334 2122 1386 tatum
2146 1328 2276 1404 ejus
2310 1326 2516 1388 mortis
2547 1327 3005 1391 similitudini5‘!
3034 1329 3369 1408 Imperator
3389 1350 3525 1393 vero
3558 1351 3572 1392 :

1943 1413 2217 1493 Cuinam,
2252 1413 2733 1495 inquit,festinas
2760 1417 3018 1498 teipsum
3051 1419 3381 1492 immolare,
3418 1422 3576 1497 eine,

1945 1507 2041 1578 qui
2075 1521 2112 1562 a
2139 1507 2344 1564 Pontio
2374 1507 2554 1564 Pilato
2587 1509 2645 1564 in
2680 1522 2910 1566 crucem
2949 1510 3054 1567 fuit
3092 1513 3282 1568 actus?
3322 1513 3582 1578 Maxime.

1946 1589 2140 1671 inquit
2178 1608 2425 1669 magnus
2472 1593 2756 1671 Ignatius,
2792 1593 2870 1666 ei,
2904 1595 3006 1675 qui
3033 1605 3344 1674 peccatum
3390 1597 3588 1658 cruci-

1950 1680 2169 1754 ﬁxit,et
2200 1680 2328 1759 ejus
2350 1679 2720 1742 inventorem
2739 1681 3035 1746 destruxit
3057 1684 3449 1757 diabolum,et
3469 1704 3594 1747 om-

207 1774 421 1834 ἐκείνου
479 1773 702 1848 δύναμιν
733 1773 1156 1850 καταργήσαντι,
1201 1771 1352 1834 Αὖθις
1385 1771 1473 1826 οὖν
1506 1774 1532 1826 6
1588 1768 1862 1846 βασιλεύς⁶

1961 1785 2087 1829 nem
2121 1769 2251 1848 ejus
2284 1771 2606 1848 potentiam
2636 1789 2743 1849 per
2772 1789 3008 1832 crucem
3053 1772 3331 1834 abolevit.
3367 1773 3596 1836 Rursus

209 1863 440 1928 ’Έοικάς
494 1884 614 1937 μοι,
675 1859 870 1940 φησίν,
946 1860 1201 1940 Ἰγνάτιε,
1257 1860 1478 1937 κρίσεως
1548 1860 1708 1935 ὀρθῆς
1773 1852 1863 1914 καὶ

211 1955 402 2035 φρενὸς
458 1954 628 2028 ὑγιῶς
660 1951 900 2029 ἐχούσης
959 1949 1161 2027 ἕρημος
1205 1949 1521 2024 τοπαράπαν
1578 1952 1744 2003 εῖται⁹
1804 1947 1864 2003 οὒ

207 2045 310 2122 γὰρ
369 2041 429 2098 ἂν
461 2041 600 2098 οὕτω
630 2044 879 2117 φανερῶς
911 2051 1034 2101 ταῖς
1092 2045 1199 2094 τῶν
1231 2043 1576 2115 Χριστιανῶν
1626 2043 1863 2115 Γραφαῐς

216 2131 558 2208 ὶξηπάτησο,
589 2127 712 2184 ἀλλ’
761 2126 928 2204 ἔγνως
978 2127 1219 2201 πάντως,
1269 2126 1458 2193 ἡλίκον
1514 2126 1712 2202 ἀγαθὸν
1761 2126 1864 2201 βα-

212 2233 448 2283 σιλικοῖς
502 2220 768 2275 πείθεσθαι
825 2215 1148 2295 διατάγμασι
1221 2218 1311 2272 καὶ
1363 2219 1476 2280 θεῖς
1536 2216 1672 2289 μετὰ
1729 2214 1869 2273 πάν-

215 2332 320 2367 των
378 2306 696 2386 προσφέρειν
752 2305 957 2366 θυσίας.
1030 2307 1166 2382 Πρὸς
1227 2311 1394 2360 ταῦτα
1437 2305 1636 2379 μείζονι
1707 2301 1868 2358 πάλιν

213 2401 241 2455 6
300 2397 449 2476 ἅγιος
496 2397 844 2476 χρησάμενος
889 2392 1177 2471 παῤῥησίᾳο
1228 2395 1287 2450 Εἰ
1333 2395 1420 2448 καὶ
1478 2393 1680 2466 θηρίοις
1733 2391 1865 2446 ἀνα·-

214 2487 433 2560 λώσεις,
471 2485 598 2565 ἔφη,
631 2486 676 2540 εἰ
732 2484 820 2538 καὶ
873 2487 1083 2556 σταυρῷ
1122 2503 1190 2554 με
1249 2493 1617 2554 κατακρινεϊς,
1680 2481 1725 2534 εί
1783 2477 1867 2534 καὶ

215 2576 361 2637 αύτῷ
397 2573 530 2655 ξίφει
587 2574 677 2630 καὶ
735 2571 858 2649 πυρὶ
929 2569 1292 2647 παραδώσεις,
1339 2571 1372 2624 ἃ
1419 2571 1515 2644 τῇς
1576 2569 1674 2636 σῆς
1715 2567 1867 2633 ἐξου-

216 2665 358 2744 σίας,
393 2662 542 2720 ἒστίν
603 2663 699 2719 οὒκ
752 2659 816 2716 ἄν
864 2681 996 2716 ποτε
1056 2661 1236 2716 θυσίαν
1293 2658 1402 2737 ἐγὼ
1443 2657 1659 2732 δαίμοσι
1700 2679 1869 2736 προσ-

219 2767 467 2832 ενεγοιετν
511 2751 835 2830 ἂνάσχοιμι,
883 2748 1003 2805 οὕτε
1050 2749 1149 2826 γὰρ
1202 2748 1428 2804 θάνατον
1485 2746 1716 2818 δέδοικα,
1751 2747 1870 2802 οὔτε

218 2847 366 2900 ποθῶ
408 2843 476 2898 τὰ
532 2842 796 2918 παρόντα,
844 2843 918 2895 ὦν
989 2840 1147 2912 ὕμεϊς
1209 2839 1376 2914 κύριοι
1449 2836 1707 2914 παρέχειν
1771 2836 1867 2899 τὰς

216 2931 566 3008 ἀπολαύσεις,
601 2927 740 2984 ἀλλὰ
781 2934 886 2984 τῶν
933 2925 1242 3001 μελλόντων
1284 2925 1520 3004 ἐφίεμαι,
1556 2928 1644 2981 καὶ
1693 2946 1866 2981 σπου-

216 3020 282 3090 δή
327 3043 422 3095 μοι
472 3025 614 3076 πᾶσα
644 3018 776 3095 πρὸς
828 3018 923 3073 τὸν
951 3015 1081 3088 ὑπὲρ
1112 3014 1245 3090 έμοῦ
1292 3015 1624 3071 ἀποθανόντα
1670 3011 1864 3080 διαϐῆ-

219 3133 305 3168 ναι
337 3109 588 3186 Χριστόν,

299 3198 401 3273 ς’.
455 3196 576 3274 Ἐφ’
607 3196 698 3258 οἷς
732 3195 784 3260 ἐξ
816 3193 1098 3273 ἀγχινοίας
1145 3191 1302 3260 δῆθεν
1328 3195 1362 3260 ἡ
1398 3191 1702 3268 σύγκλητος
1744 3192 1868 3247 ἐπι-

220 3287 475 3345 λαϐέσθαι
532 3285 834 3361 βουλομένη
865 3290 958 3338 τοῦ
995 3283 1282 3359 μάρτυροςο
1345 3282 1402 3339 Τί
1459 3279 1514 3336 δὲ
1573 3280 1873 3356 συνομολο-

221 3390 344 3456 γεϊς
398 3376 626 3454 ἔφησαν,
658 3375 748 3431 καὶ
798 3375 980 3446 αὐτὸς,
1009 3373 1253 3428 τεθνάιαι
1315 3393 1408 3429 σου
1439 3372 1529 3425 τὸν
1576 3371 1727 3426 Θεόν*
1788 3371 1875 3427 καὶ

220 3474 338 3531 πῶς
393 3465 454 3522 ἂν
516 3466 543 3520 6
601 3465 826 3519 θάνατον
867 3463 1099 3526 ὑποστὰς
1171 3461 1260 3517 καὶ
1317 3461 1541 3516 θάνατον
1609 3460 1877 3536 ἒπάρατον

220 3556 415 3634 οὕτως,
451 3553 662 3631 ἑτέρους
719 3551 1000 3631 ὠφελῆσαι
1035 3550 1255 3613 δυνατὸς
1315 3549 1462 3605 ἔσται
1499 3570 1514 3620 ;
1581 3552 1625 3605 οἱ
1655 3550 1758 3605 θεοὶ
1819 3548 1872 3603 δὲ

219 3645 472 3703 ἀθάνατοί
513 3643 572 3699 τέ
603 3644 728 3715 εἱσι,
761 3643 854 3699 καὶ
913 3638 1040 3718 παρ’
1086 3642 1240 3714 ἡμῶν
1298 3638 1571 3716 λέγονται.
1609 3636 1703 3695 Ἐκ
1745 3638 1872 3693 τού-

219 3756 314 3790 του
346 3731 636 3806 Λαέόμενος
685 3731 934 3809 ἀφορμῆς
968 3731 994 3784 ὁ
1055 3732 1200 3789 θεῖος
1245 3724 1529 3803 Ἰγνάτιος,
1564 3725 1703 3782 ὥστε
1743 3728 1877 3800 ὁμοῦ

225 3823 330 3898 μὲν
387 3822 510 3883 τοὺς
562 3819 780 3875 ἐκείνων
834 3817 1242 3894 διαμυκτηρίσαι
1288 3819 1460 3894 θεοὺς,
1496 3818 1632 3888 ὁμοῦ
1676 3814 1730 3870 δὲ
1789 3817 1877 3871 καὶ

223 3914 319 3970 τοῦ
374 3911 472 3978 τῆς
529 3911 836 3982 οἰκονομίας
895 3907 1186 3984 μυστηρίου
1251 3906 1411 3981 θύραν
1464 3907 1647 3969 αὐτοῖς
1685 3927 1878 3983 παραν-

227 4000 363 4066 οίξαι
417 4000 506 4055 καὶ
567 3997 734 4060 οὕτως
805 3998 880 4060 εἰς
946 3998 1121 4052 πίστιν
1166 3994 1579 4073 χειραγωγῆσαι
1633 3994 1730 4060 τῆς
1786 4000 1878 4050 τοῦ

227 4097 360 4147 Θεοῦ
419 4088 696 4166 γνώσεως,
759 4085 898 4141 οὕτω
954 4083 1136 4140 διετθει
1182 4084 1305 4146 τοὺς
1366 4082 1582 4159 λόγους⁶
1632 4075 1688 4140 ιΟ
1748 4084 1877 4158 ξεμὸς

229 4178 420 4255 Κόριος
478 4178 589 4232 καιὶ
649 4179 779 4236 Θεὸς
843 4174 1052 4240 Ἰησοῦς
1104 4174 1328 4250 Χριστὸς
1395 4177 1577 4248 πρῶτα
1635 4172 1733 4245 μὲν
1777 4170 1877 4228 ὂίν-

228 4271 440 4345 θρωπος
499 4264 712 4343 ἐγένετο
767 4263 837 4320 δι’
907 4266 1074 4337 ἡμᾶς,
1135 4276 1222 4318 και
1285 4261 1384 4326 τὴν
1444 4261 1710 4327 σωτηρίαν
1780 4261 1882 4326 τὴν

227 4359 497 4434 ἡμετέραν
561 4357 643 4411 καὶ
709 4355 932 4430 σταυρὸν
996 4351 1299 4408 ἐθελούσιον
1355 4348 1444 4405 καὶ
1513 4350 1736 4404 θάνατον
1794 4350 1880 4404 καὶ

229 4448 408 4525 ταφὴν
457 4442 801 4522 κατεδέξαοο,
834 4442 979 4507 πλὴν
1029 4439 1152 4495 ἀλλ’
1183 4439 1378 4503 ἀνέστη
1440 4436 1600 4492 πάλιν
1631 4441 1705 4525 εἰς
1760 4441 1878 4513 τρίσ-

231 4524 334 4601 την
380 4533 610 4612 ἡμέραν,
645 4542 738 4592 τοῦ
795 4530 991 4610 ἐχθροῦ
1045 4531 1104 4584 τὸ
1163 4528 1355 4604 κράτος
1412 4524 1755 4606 καταλαϐὼν,
1789 4528 1880 4582 καί

236 4627 310 4686 εἷς
371 4623 624 4701 οὐρανοὺς
696 4620 948 4693 ἀνῆλθεν,
1006 4619 1122 4676 ὅθεν
1181 4617 1428 4689 ἐλήλυθε,
1485 4618 1885 4686 συναναστήσας

234 4715 384 4786 ἡμᾶς
444 4722 538 4770 τοῦ
591 4717 691 4778 τῆς
752 4710 1010 4785 ἁμαρτίας
1072 4707 1385 4781 πτώματος,
1432 4709 1528 4760 xui.
1587 4707 1886 4783 εἰσαγαγὼν

242 4801 382 4865 αἴθις
444 4804 517 4866 εἷς
573 4803 665 4857 τὸν
720 4798 1066 4876 παράδεισον,
1127 4797 1188 4852 οὗ
1258 4799 1440 4858 κακῶς
1499 4793 1883 4874 ὲξεϐλτξθημεν,

241 4893 332 4947 καὶ
400 4893 606 4965 μείζοσι
668 4894 775 4944 τῶν
849 4887 1118 4965 προτέρων
1191 4885 1416 4960 ἀγαθοῖς
1487 4881 1884 4960 δωρησάμενος,

240 4980 362 5038 ’Ὅτι
415 4979 470 5035 δὲ
501 4980 742 5037 τοιοῦτόν
771 5000 821 5034 τι
871 4977 978 5032 τξὸν
1007 4973 1136 5053 παρ’
1182 4976 1310 5046 ὑμῖν
1341 4973 1702 5048 νομιζομένων
1756 4979 1890 5032 θεῶν

243 5092 322 5131 τις
382 5068 700 5147 ἐπεδείξοτο,
755 5065 922 5129 οὖδεὶς
980 5071 1085 5119 τῶν
1132 5065 1346 5118 πάντων
1403 5063 1464 5116 ἃν
1529 5063 1887 5141 ὶσχυρίσαιτο.

242 5143 543 5234 ηΑσθρωποι
605 5143 705 5234 γὰρ
766 5155 933 5225 οὗτοι,
969 5153 1255 5225 κοκοῦργοι
1300 5148 1494 5226 κομιδῇ
1533 5152 1620 5208 καὶ
1676 5156 1889 5230 φθορεϊς

243 5247 548 5323 γενόμενοι,
585 5246 674 5300 καὶ
729 5242 906 5300 πολλὰ
957 5241 1043 5298 ἐπὶ
1096 5237 1271 5316 βλάϐῃ
1329 5241 1417 5294 καὶ
1485 5239 1738 5318 διαφθορᾷ
1793 5249 1892 5308 τῆς

242 5335 506 5411 ἡμετέρας
563 5339 707 5405 ζωῆς
755 5353 814 5388 τε
873 5333 961 5387 καὶ
1018 5332 1117 5396 τῆς
1150 5329 1529 5391 καταστάσεως
1584 5329 1889 5406 ἐργασάμε..

245 5446 324 5480 νοι
362 5425 554 5501 μικράν
597 5423 654 5479 τέ
703 5445 822 5479 τινα
880 5418 1028 5486 δόξον
1081 5417 1214 5476 θεῶν
1276 5416 1367 5472 καί
1424 5418 1713 5498 φαντασίαν
1775 5437 1892 5485 τοῖς

328 5602 361 5652 5
392 5604 571 5665 Rom.
601 5615 685 5676 v1,
719 5599 780 5663 5.

1948 1867 2148 1920 autem
2175 1858 2522 1936 imperator:
2556 1858 2820 1934 Videris,
2850 1861 3068 1941 inquit,
3106 1862 3278 1936 mihi,
3313 1881 3345 1923 ο
3375 1861 3590 1942 Ignati,

1948 1947 2194 2009 omnino
2225 1955 2390 2008 recto
2439 1965 2644 2009 carere
2673 1948 2904 2027 judicio
2937 1957 2996 2011 et
3030 1968 3168 2011 sana
3203 1960 3430 2014 mente.
3464 1951 3591 2013 Non

1949 2036 2110 2098 enim
2135 2045 2250 2098 tam
2269 2045 2476 2117 aperte
2509 2037 2721 2098 fuisses
2751 2037 3037 2119 deceptus
3068 2040 3396 2121 Scripturis
3427 2040 3597 2103 Chri-

1949 2128 2305 2200 stianorum,
2337 2126 2441 2188 sed
2473 2128 2855 2205 cognovisses
2893 2129 3166 2203 omnino,
3200 2140 3488 2208 quantum
3521 2132 3598 2193 sit

1950 2220 2168 2276 bonum
2194 2219 2397 2276 edictis
2421 2235 2623 2291 parere
2648 2223 3057 2293 imperatoriis,
3090 2232 3144 2282 et
3175 2224 3283 2280 diis
3315 2223 3592 2281 sacriﬁcia

1952 2305 2170 2366 offerre
2201 2323 2335 2366 cum
2368 2303 2669 2367 omnibus.
2703 2307 2796 2367 Ad
2822 2308 2948 2370 hznc
2969 2317 3231 2384 sanctus,
3270 2317 3444 2371 utens
3466 2326 3597 2370 rur-

1954 2413 2056 2456 sus
2103 2395 2329 2473 majore
2380 2393 2622 2456 dicendi
2685 2395 3009 2459 libertate:
3057 2398 3307 2460 Etiamsi
3358 2399 3592 2472 bestiis,

1953 2487 2162 2557 inquit,
2192 2487 2644 2557 consumpseris,
2675 2490 2898 2545 etiamsi
2932 2503 3019 2546 me
3044 2504 3214 2548 cruce
3244 2493 3598 2548 condemna-

1951 2571 2131 2645 veris,
2156 2571 2389 2633 etiamsi
2421 2573 2619 2651 gladio
2652 2582 2710 2634 et
2737 2574 2859 2652 igni
2916 2575 3263 2650 tradideris,
3297 2594 3428 2656 quae
3458 2587 3599 2638 sunt

1952 2660 2015 2721 in
2047 2667 2141 2724 tua
2173 2668 2486 2740 potestate,
2521 2680 2821 2741 nunquam
2856 2681 2962 2742 ego
3008 2665 3198 2743 patiar
3225 2664 3598 2735 daemonibus

1953 2750 2172 2813 oﬁ‘erre
2223 2751 2607 2823 sacriﬁcium,
2645 2771 2841 2833 neque
2884 2753 3042 2814 enim
3077 2762 3274 2816 metuo
3321 2761 3595 2827 mortem,

1952 2858 2146 2920 neque
2203 2840 2484 2901 desidero
2523 2843 2862 2921 praesentia,
2897 2861 3026 2922 qua;
3077 2843 3258 2904 estin
3308 2853 3601 2922 potestate

1951 2937 2144 2990 vestra
2175 2929 2444 3009 praebere
2477 2930 2753 3005 fruenda,
2777 2931 2881 2992 sed
2915 2932 3043 2992 sola
3076 2931 3352 2994 desidero
3374 2932 3596 3005 futura,

1952 3027 2011 3080 et
2064 3037 2133 3080 ea
2184 3035 2280 3079 me
2309 3037 2487 3080 omne
2526 3018 2822 3080 adhibere
2865 3020 3156 3094 studium,
3191 3028 3253 3081 ut
3304 3028 3601 3081 transeam

1952 3107 2026 3169 ad
2058 3107 2384 3182 Christum,
2421 3109 2520 3188 qui
2555 3126 2660 3186 pro
2693 3127 2788 3169 me
2814 3116 2904 3170 est
2933 3121 3227 3172 mortuus.

2035 3195 2134 3258 Vl.
2165 3197 2414 3277 Propter
2445 3216 2576 3277 quae
2620 3198 2824 3259 volens
2855 3207 3100 3259 senatus
3143 3207 3462 3278 martyrem
3496 3215 3596 3258 ar—

1956 3305 2139 3363 guere
2162 3285 2690 3364 ignorantiszuid
2711 3296 2906 3347 autem
2933 3296 2991 3347 tu
3015 3306 3275 3366 quoque,
3295 3286 3599 3361 dixerunt,

1959 3374 2264 3435 conﬁteris
2312 3374 2498 3436 Deum
2550 3393 2682 3435 esse
2734 3375 3082 3436 mortuum?
3111 3374 3418 3446 Quomodo
3462 3393 3603 3436 vero

1961 3465 2062 3544 qui
2088 3463 2268 3525 subiit
2299 3473 2577 3537 mortem,
2603 3482 2858 3543 eamque
2891 3465 3352 3539 exsecrandam,
3389 3465 3606 3543 poterit

1961 3552 2248 3632 prodesse
2278 3552 2462 3614 aliis?
2508 3552 2599 3613 Dii
2633 3562 2829 3613 autem
2864 3561 2922 3613 et
2951 3562 3089 3613 sunt
3116 3553 3510 3626 immortales,
3545 3563 3605 3614 et

1960 3642 2243 3703 dicuntur
2263 3661 2294 3702 a
2318 3642 2511 3702 nobis.
2549 3641 2690 3704 Cum
2717 3661 2787 3704 ex
2813 3643 2922 3703 hoc
2954 3642 3331 3704 occasionem
3366 3644 3604 3704 divinus

1961 3743 2278 3802 acceptsset
2303 3734 2574 3803 lgnatms.
2597 3732 2770 3789 simul
2797 3745 2856 3792 et
2879 3735 3153 3792 irridendi
3179 3735 3409 3791 illorum
3443 3734 3604 3798 deos,

1962 3828 2018 3881 et
2050 3821 2136 3880 eis
2160 3819 2472 3896 aperiendi
2511 3820 2751 3898 januam
2787 3821 3052 3900 mysterii
3086 3830 3377 3900 suscepta;
3408 3821 3606 3881 carnis

1961 3909 2454 3987 dispensationis,
2489 3916 2547 3968 et
2575 3909 2660 3969 sic
2692 3909 3034 3971 deducendi
3065 3910 3137 3970 ad
3172 3910 3349 3970 ﬁdem
3384 3907 3606 3970 Christi

1961 3998 2343 4075 cognitionis,
2379 3998 2464 4057 sic
2520 3997 2696 4056 verba
2727 3998 2952 4060 habuit:
3007 4000 3178 4060 Meus
3211 3998 3500 4058 Dominus
3551 4006 3607 4059 et

1961 4089 2121 4149 Deus
2149 4085 2324 4147 Jesus
2348 4085 2638 4162 Christus,
2677 4088 2927 4165 primum
2953 4087 3192 4166 quidem
3228 4095 3468 4166 propter
3500 4104 3609 4146 nos

1962 4177 2142 4237 homo
2175 4175 2362 4235 factus
2387 4185 2497 4249 est,
2533 4183 2589 4236 et
2614 4184 2854 4254 propter
2877 4183 3138 4236 nostram
3182 4175 3432 4234 salutem
3465 4194 3606 4235 cru-

1963 4283 2215 4344 cenique
2248 4273 2306 4325 et
2337 4277 2585 4324 mortem
2620 4274 2674 4324 et
2722 4265 3086 4343 sepulturam
3121 4283 3223 4324 sua
3269 4272 3482 4343 sponte
3514 4280 3610 4325 ac-

1964 4353 2442 4434 cepit.Caeterum
2468 4371 2674 4414 rursus
2698 4354 2872 4414 tertio
2900 4355 2996 4415 die
3023 4353 3608 4426 resurrexit,inimici

1967 4443 2197 4523 dejecta
2226 4451 2284 4504 et
2307 4449 2598 4522 prostrata
2622 4442 2905 4522 p0tentia,
2940 4450 2998 4502 et
3030 4441 3303 4504 ascendit
3335 4444 3392 4500 in
3426 4444 3609 4503 cmlos

1969 4531 2126 4592 unde
2177 4539 2440 4603 venerat,
2479 4549 2586 4590 nos
2617 4530 2800 4591 simul
2833 4549 2866 4590 a
2920 4531 3090 4610 lapsu
3125 4531 3349 4610 peccati
3384 4530 3609 4590 faciens

1969 4639 2305 4700 resurgere,
2337 4631 2394 4681 et
2415 4637 2622 4680 rursus
2643 4620 3032 4681 introducens
3057 4621 3112 4679 in
3141 4619 3505 4699 paradisum,
3541 4637 3610 4679 ex

1971 4732 2087 4792 quo
2119 4710 2272 4772 male
2304 4711 2608 4772 fueramus
2639 4711 2816 4789 ejecti
2848 4729 2861 4772 :
2896 4719 2954 4770 et
3005 4728 3114 4770 nos
3145 4709 3385 4770 donavit
3439 4708 3610 4769 bonis

1971 4799 2501 4880 majoribus,quam
2525 4808 2692 4860 erant
2714 4817 2784 4860 ea
2803 4819 2930 4879 qna:
2961 4806 3410 4880 praecesserant.
3440 4797 3612 4870 Quod

1971 4901 2167 4952 autem
2215 4909 2284 4950 ex
2316 4890 2388 4950 iis
2419 4889 2518 4969 qui
2549 4909 2579 4950 a
2624 4889 2792 4949 vobis
2818 4897 3140 4949 censentur
3171 4887 3276 4961 dii,
3311 4886 3467 4946 ullus
3494 4885 3611 4946 tale

1973 4979 2114 5061 quid
2145 4979 2586 5055 fecerit,nu|lus
2620 4977 2866 5038 omnino
2897 4975 3324 5039 assuerit.Nam
3353 4994 3485 5036 cum
3515 4975 3611 5035 isti

1972 5070 2220 5130 fuissent
2251 5069 2527 5130 homines
2557 5067 2809 5128 maleﬁci
2842 5075 2899 5128 et
2938 5065 3195 5142 exitiosi,
3223 5074 3280 5126 et
3311 5066 3497 5126 multa
3529 5065 3612 5125 fe-

1976 5160 2197 5221 cissent
2225 5157 2298 5218 ad
2321 5158 2600 5218 damnum
2628 5165 2684 5217 et
2715 5156 2962 5218 exitium
2997 5164 3213 5216 nostra}
3244 5155 3378 5216 vita;
3409 5162 3467 5215 et
3499 5161 3612 5215 sta-

1977 5257 2096 5319 tus,
2126 5263 2357 5325 pravam
2392 5254 2588 5306 autem
2612 5244 2860 5306 deorum
2888 5243 3230 5323 opinionem
3259 5253 3317 5304 et
3346 5242 3610 5322 speciem

1976 5333 2344 5416 hominibus,
2376 5334 2478 5415 qui
2533 5344 2669 5394 sunt
2699 5352 2733 5395 a
2779 5333 3014 5394 ratione
3047 5333 3219 5412 paulo
3265 5333 3609 5402 alieniores,

1975 5425 2125 5486 citra
2151 5423 2328 5485 ullam
2365 5424 2650 5484 rationem
2687 5421 3100 5504 praebuissent,
3139 5421 3461 5482 contractis
3500 5439 3610 5504 po-
