3954 6146
375 263 524 329 1275

1634 265 1798 328 ΜΕΝ
1804 265 1915 328 SIS
1956 264 2465 329 FEBRUARIUS.

3602 263 3740 331 1276

368 416 439 463 ea
489 399 634 462 velis
665 399 1040 480 deceptionis
1083 409 1140 461 et
1170 417 1350 462 scena
1398 399 1614 475 ablata,
1649 400 1998 479 deprehens

2102 399 2456 480 ἀλογωτέροις
2511 404 2616 459 τῶν
2660 401 2948 481 ἀνθρώπων
2999 401 3324 482 ἀλογώτατα
3382 404 3748 482 παρασχόμε-

371 489 599 550 suntid
631 489 787 570 quod
815 498 1004 562 erant,
1039 499 1100 550 ut
1129 489 1230 570 qui
1261 489 1513 569 turpiter
1542 507 1575 550 e
1603 489 1720 550 vita
1748 507 2018 552 excesse-

369 577 514 654 rint,
547 586 604 640 et
633 577 817 639 morti
847 577 1166 640 immortali
1219 577 1416 640 traditi
1449 578 1567 638 sint
1595 585 1839 657 propter
1869 579 2018 640 mul-

367 677 564 730 torum
613 668 947 730 interitum.
979 666 1214 746 Jupiter
1261 668 1502 746 quidem
1554 673 1739 740 certe,
1775 668 1876 747 qui
1927 675 2018 728 est

367 756 540 820 vobis
592 757 821 837 primus
855 765 913 818 et
966 755 1260 818 maximus
1293 757 1566 832 deorum,
1599 757 1660 818 in
1724 755 1898 819 Creta
1929 765 2019 819 est

367 846 637 927 sepultus
672 863 684 907 :
724 844 1102 926 IEscuIapius
1136 864 1274 908 vero
1307 846 1560 910 fulmine
1587 853 1645 906 et
1697 863 2013 925 persecus-

368 953 491 997 sus.
526 934 880 1016 Sepulcrum
914 933 1170 997 Veneris
1203 935 1542 997 ostenditur
1597 935 1657 996 in
1689 935 1916 1015 Papho,
1955 945 2016 996 et

365 1022 652 1086 Hercules
682 1024 792 1085 fuit
819 1023 892 1086 ab
918 1029 1054 1104 igne
1071 1034 1481 1105 consumptus.
1517 1022 1660 1084 Nam
1693 1042 1828 1085 cum
1863 1024 2012 1086 tales

364 1113 503 1185 sint,
537 1113 656 1174 imo
707 1131 846 1176 vero
897 1115 1073 1192 longe
1123 1113 1480 1188 deteriores,
1519 1131 1586 1175 ea
1638 1111 1725 1175 eis
1773 1111 2009 1192 obtige-

363 1208 525 1277 runt,
560 1221 693 1282 quae
724 1210 1048 1266 mereatur.

442 1379 573 1444 VII.
589 1379 734 1442 Cum
763 1381 889 1442 haec
912 1380 1070 1442 dicta
1092 1381 1345 1443 fuissent
1369 1380 1717 1461 athnatio,
1740 1380 2006 1462 impera-

363 1479 456 1532 tor
506 1469 682 1531 simul
717 1488 850 1531 cum
902 1477 1136 1544 senatu,
1175 1469 1394 1532 timens
1443 1488 1540 1544 ne,
1575 1470 1626 1530 si
1672 1477 1831 1532 esset
1881 1475 2013 1549 ejus

363 1577 563 1622 sermo
593 1559 902 1640 prolixior,
937 1577 1034 1621 res
1057 1558 1299 1639 quidem
1333 1559 1650 1637 gentilium
1684 1558 2010 1621 labefacta-

360 1656 593 1723 rentur,
628 1659 689 1711 et
740 1649 833 1711 vel
882 1667 1000 1710 non
1050 1648 1468 1728 crederentur,
1507 1648 1596 1710 vel
1653 1648 2014 1710 haberentur

2099 513 2200 565 νοι,
2235 495 2356 547 εἶτα
2407 495 2511 548 τῶν
2569 493 3074 568 παραπετασμάτων
3128 492 3349 572 ὕστερον
3380 493 3480 560 τῆς
3538 493 3748 561 ἀπάτης

2099 578 2579 655 συνελκυσθέντων,
2639 579 2992 658 ἐξαιρεθείσης
3053 604 3109 638 τε
3166 588 3270 650 τῆς
3329 587 3566 655 σκηνῆς,
3621 581 3747 660 ὅπερ

2097 669 2254 742 ἦσαν,
2316 668 2693 749 ἠλέγχθησαν,
2750 672 2992 751 αἰσχρῶς
3053 673 3143 728 νὸν
3203 672 3318 748 βίον
3386 672 3748 739 ἀπολιπόντες

2099 759 2181 815 οαὶ
2239 759 2449 833 θανάτῳ
2507 757 2592 814 διὰ
2645 760 2744 826 τὴν
2771 765 2877 816 τῶν
2921 759 3140 817 πολλῶν
3171 761 3449 818 ἀπώλειαν
3505 761 3748 834 ἀθανάτῳ

2096 844 2511 924 παραδοθέντες,
2570 845 2790 922 Ἀμέλει
2819 848 2910 904 καὶ
2965 851 3088 914 Ζεὺς
3143 849 3243 924 μὲν
3297 849 3576 927 ὁπρῶτος
3627 852 3750 923 ὗμϊν

2096 936 2183 991 καὶ
2215 935 2466 1012 μέγιστος
2495 942 2603 992 τῶν
2661 939 2794 992 θεῶν
2841 937 2895 991 ἐν
2957 939 3140 1014 Κρήτῃ
3187 939 3466 1012 τέθαπται,
3505 938 3748 1006 Ἀσκλη-

2095 1026 2218 1087 πιὸς
2275 1023 2328 1080 δὲ
2389 1032 2630 1102 κεραυνῷ
2685 1023 2970 1101 βέϐληται,
3012 1025 3325 1107 Ἀφροδίτης
3383 1031 3412 1084 ὃ
3471 1028 3641 1106 τὰιρος
3701 1033 3751 1085 ἐν

2095 1116 2262 1194 Πάφῳ
2319 1114 2607 1196 δείκνυται,
2670 1119 2757 1172 καὶ
2806 1117 2910 1172 ὑπὸ
2978 1118 3140 1196 πυρὸς
3204 1108 3474 1187 Ἡρακλῆς
3532 1119 3752 1176 ἀνάλω-

2093 1227 2205 1265 ται.
2266 1206 2531 1264 Τοιούτων
2591 1206 2690 1284 γὰρ
2747 1205 2984 1286 ἀληθῶς,
3031 1205 3238 1282 μᾶλλον
3288 1205 3346 1264 δὲ
3405 1211 3496 1265 καὶ
3563 1209 3752 1283 πολλῷ

2093 1318 2133 1374 χ
2138 1295 2354 1369 ειρὸνων
2383 1295 2449 1354 τά
2479 1294 2694 1351 ἐκείνων
2725 1293 2872 1360 ἀξια,

2171 1383 2258 1442 Z’.
2311 1385 2522 1442 Τούτων
2581 1383 2717 1442 οὕτω
2774 1384 3040 1461 ῥηθέντων
3087 1384 3330 1463 Ἰγνατίφ
3372 1393 3478 1443 τῶν
3543 1387 3748 1468 λόγων,

2092 1475 2118 1530 ὁ
2178 1471 2427 1549 βασιλεὺς
2455 1472 2568 1547 ἅμα
2617 1479 2685 1549 τῇ
2715 1472 3002 1550 συγκλήτῳ
3059 1474 3258 1555 δείσας,
3291 1477 3369 1550 μὴ
3403 1480 3504 1544 τῆς
3565 1475 3754 1533 διαλέ-

2092 1569 2224 1632 ζεως
2271 1564 2346 1625 εἰς
2416 1560 2580 1618 πλέον
2646 1562 3044 1638 ἐκτεινομένης,
3118 1561 3438 1631 διασεισθείη
3513 1566 3617 1640 μὲν
3693 1568 3757 1622 τα

2099 1642 2371 1718 Ἐλλήνων
2438 1651 2526 1706 καὶ
2585 1653 2716 1728 πρὸς
2789 1650 3039 1708 ἀπιστίαν
3110 1652 3146 1719 ἢ
3217 1654 3305 1709 καὶ
3373 1657 3762 1730 μυκτηρίσμὸν

361 1737 644 1814 ludibrio,
673 1745 731 1799 et
759 1755 895 1800 vera
915 1737 1158 1817 quidem
1196 1739 1436 1801 ﬂoreret
1455 1737 1758 1816 religio,et
1779 1737 1998 1800 tollere.

2102 1737 2476 1814 ἀποϐλέψειεν,
2540 1738 2747 1815 ἀνθήσῃ
2807 1737 2862 1795 δὲ
2920 1741 2985 1796 τὰ
3043 1745 3143 1808 τῆς
3201 1741 3468 1806 εὐσεϐείας
3548 1746 3635 1800 διαὶ
3701 1746 3760 1800 τὸ

361 1835 458 1889 tur
484 1826 674 1889 nubes
703 1827 950 1902 erroris,
985 1845 1116 1908 quae
1145 1827 1202 1888 ei
1232 1827 1490 1888 offundit
1535 1825 1839 1906 tenebras,
1877 1844 2012 1888 eum

363 1917 604 1997 quidem
639 1917 882 1998 conjicit
911 1919 972 1978 in
1006 1917 1262 1991 vincula,
1300 1924 1358 1977 et
1394 1919 1456 1977 in
1492 1917 1787 1979 tutissima
1819 1916 2011 1977 collo-

361 2014 452 2068 cat
482 2007 753 2069 custodia
800 2005 932 2086 ipse
963 2013 1159 2068 autem
1213 2025 1348 2068 cum
1381 2012 1504 2067 tota
1551 2014 1728 2067 nocte
1761 2006 1915 2086 apud
1947 2022 2013 2066 se

360 2097 698 2176 c0gitasset,
731 2114 992 2176 quonam
1046 2094 1222 2156 modo
1277 2113 1412 2156 eum
1449 2096 1847 2157 ulcisceretur
1900 2113 2008 2173 pro

363 2185 620 2258 meritis,
657 2193 716 2246 et
764 2203 1022 2266 quonam
1076 2184 1254 2246 modo
1304 2202 1338 2245 e
1386 2184 1670 2265 praesenti
1704 2202 1837 2245 eum
1893 2184 2011 2246 vita

360 2274 957 2350 subduceret,statuit
987 2291 1125 2336 eum
1153 2274 1294 2335 feris
1318 2273 1554 2335 tradere
1573 2272 2005 2344 devorandum,

360 2372 427 2425 ut
469 2363 786 2425 dilaniatus
817 2363 890 2424 ab
935 2363 1024 2423 eis
1074 2369 1340 2434 sanctus,
1374 2361 1674 2426 interiret.
1715 2363 1890 2423 Visus
1922 2371 2013 2424 est

362 2452 518 2513 enim
553 2453 899 2531 imperatori
935 2451 1034 2513 hic
1067 2451 1274 2513 mortis
1322 2451 1538 2512 modus
1572 2452 1748 2531 longe
1797 2450 2013 2530 gravis-

358 2540 728 2604 simus.Cnm
762 2542 922 2603 hanc
953 2559 1080 2603 rem
1114 2559 1254 2620 ergo
1278 2543 1508 2602 senatui
1543 2559 1719 2603 mane
1749 2559 2014 2602 commu-

359 2630 763 2710 nicasset,ipsi
797 2648 1038 2712 quoque
1070 2631 1202 2709 ejus
1253 2629 1571 2692 laudarunt
1605 2631 1958 2691 sententiam
1993 2652 2005 2689 :

357 2718 463 2780 sed
508 2720 963 2793 consuluerunt,
998 2737 1072 2780 ne
1122 2720 1250 2780 haec
1285 2718 1494 2780 bestiis
1548 2718 1808 2798 objectio
1841 2718 2011 2781 ﬁeret

355 2811 708 2889 Antiochiae,
744 2813 853 2891 Ne,
881 2811 1144 2885 aiebant,
1178 2810 1264 2871 sic
1294 2811 1484 2890 magis
1513 2810 1916 2872 desideratum
1950 2819 2010 2871 et

355 2899 683 2978 gloriosum
734 2901 890 2980 apud
945 2917 1088 2961 suos
1131 2900 1289 2960 cives
1338 2898 1660 2960 reddamus
1710 2901 2003 2977 Ignatum,

359 2988 669 3068 martyrico
725 2991 842 3050 ﬁne
875 2988 1077 3049 evita
1131 2989 1549 3051 excedentem.
1602 2987 2004 3060 Quamobrem

2097 1831 2418 1886 ἐπισκοτοῦν
2475 1829 2609 1896 αὐτῆ
2663 1828 2759 1895 τῆς
2816 1828 3024 1896 πλάνης
3062 1830 3217 1910 νέφος
3260 1831 3582 1911 ἐξαιρεθείη,
3623 1840 3756 1889 τοῦ-

2097 1941 2190 1975 τον
2248 1918 2344 1992 μὲν
2375 1920 2478 1974 ὑπὸ
2526 1916 2748 1992 δεσμοῖς
2803 1920 2890 1975 καὶ
2921 1925 3118 1998 φρουρᾶ
3146 1922 3429 1986 καθίστῆσι
3459 1927 3530 1993 τᾷ
3571 1922 3763 2000 ἀσφα-

2093 2009 2345 2083 λεστάτη.
2385 2007 2550 2073 Αὖτὸς
2606 2006 2661 2062 δὲ
2715 2006 2841 2084 παρ’
2893 2007 3028 2074 ὅλην
3059 2009 3220 2066 νύκτα
3280 2008 3756 2085 διασκεψάμενος,

2093 2103 2208 2162 πῶς
2265 2097 2326 2152 ἂν
2386 2099 2543 2155 αὐτὸν
2601 2095 2758 2162 ἀξίως
2805 2097 3064 2170 ἀμύναιτο
3113 2102 3202 2154 καὶ
3258 2103 3359 2155 τίνι
3407 2101 3598 2176 τρόπῳ
3655 2107 3760 2168 τῆς

2092 2189 2364 2264 παρούσης
2438 2185 2762 2264 ὑπεξαγάγοι
2835 2192 3005 2260 ζωῆς,
3076 2189 3284 2266 θηρίοις
3359 2190 3501 2267 ’έγνω
3564 2213 3762 2269 παρα-

2093 2274 2274 2332 δοῦναι
2334 2277 2494 2350 βορὰν
2554 2277 2643 2330 καὶ
2692 2275 2783 2330 ὑπ’
2844 2277 3060 2332 ἐκείνων
3126 2275 3599 2357 διασπαρᾶχθέντα
3661 2282 3759 2336 τὸν

2093 2367 2244 2441 ἅγιον
2300 2364 2613 2425 ἀπολέσθαι,
2649 2363 2815 2427 Οὗτος
2859 2365 2958 2442 γὰρ
3009 2366 3301 2443 βαρύτατος
3329 2368 3561 2427 θανάτου
3617 2370 3756 2444 τρό-

2095 2477 2194 2516 πος
2245 2453 2533 2533 διεσκέφγη
2588 2453 2665 2526 τῷ
2707 2451 2949 2529 βασιλεῖ.
3005 2454 3210 2512 ’Ἒωθεν
3267 2455 3355 2512 οὖν
3385 2459 3503 2532 περὶ
3561 2460 3757 2517 τούτου

2095 2546 2182 2600 καί
2233 2550 2300 2618 τῇ
2344 2541 2631 2619 συγκλήτῳ
2671 2542 3069 2617 κοινωσαμὲνου
3094 2543 3193 2610 τὴν
3240 2545 3338 2618 μὲν
3369 2546 3602 2621 γνώμην
3661 2549 3752 2602 καὶ

2095 2632 2241 2688 αὐτοὶ
2291 2631 2546 2708 ἐπῄνουν,
2581 2629 2725 2697 πλὴν
2776 2632 2871 2686 οὑκ
2923 2631 2978 2686 ἐν
3008 2630 3318 2712 Ἀντιοχείᾳ
3364 2631 3754 2692 συνεϐούλευον

2093 2720 2204 2778 δεῖν
2261 2721 2499 2799 γενέσθαι
2533 2720 2632 2786 τὴν
2691 2719 2920 2800 ἔκδοσιν,
2967 2719 3083 2777 ’Ίνα
3115 2723 3193 2796 μὴ
3252 2724 3519 2797 ποθεινὸν,
3557 2727 3746 2802 φησὶν,

2091 2810 2229 2867 οὕτω
2286 2813 2368 2867 καὶ
2416 2807 2622 2885 μᾶλϐον
2672 2807 2910 2875 ἐπίδοξον
2941 2811 3084 2887 παρά
3140 2823 3258 2874 τοῖς
3311 2813 3526 2877 οἰκείοις
3584 2814 3744 2870 πολί-

2090 2921 2208 2963 ταις
2279 2901 2369 2956 τὸν
2437 2899 2698 2976 Ἰγνάτιον
2767 2897 3140 2976 ἐργασώμεθα,
3215 2909 3529 2978 μαρτυρικῷ
3587 2901 3746 2970 δῆθεν

2090 2989 2232 3046 τέλει
2290 2989 2388 3056 τὴν
2417 2988 2562 3071 ζωὴν
2617 2985 2974 3049 καταλύοντα.
3034 2985 3202 3045 ’Ὥστε
3254 2991 3577 3071 προσήκειν,
3608 2991 3746 3069 3?...

357 3079 634 3140 dicebant
661 3085 938 3157 oportere
973 3097 1106 3138 eum
1129 3079 1383 3140 Romam
1417 3077 1632 3139 abduci
1657 3077 1998 3150 vinctum,et

2102 3100 2244 3148 σχον,
2303 3079 2377 3141 εἷς
2440 3068 2661 3152 ’Σώμην
2734 3078 2892 3134 αὐτὸν
2949 3077 3257 3156 ἐπαχθέντα
3297 3068 3587 3153 δεσμώτην
3628 3068 3747 3137 iis!

355 3167 482 3228 illic
515 3167 667 3228 tradi
712 3165 941 3228 bestiis.
976 3166 1077 3228 Sic
1101 3166 1258 3227 enim
1293 3174 1352 3228 et
1377 3165 1721 3247 prolixitate
1777 3165 1998 3226 itineris

2102 3180 2210 3230 τοῖς
2267 3168 2450 3243 θηρσὶν
2497 3163 2803 3233 ἐκδοθῆναι.
2869 3163 3021 3222 Οὕτω
3063 3166 3163 3243 γὰρ
3218 3167 3296 3240 τῷ
3324 3169 3486 3236 μήκει
3533 3190 3593 3224 τε
3642 3174 3742 3234 τῆς

354 3261 592 3337 gravius
616 3255 846 3319 subibit
877 3256 1331 3337 supplicium.et
1359 3255 1542 3316 simul
1573 3258 1862 3319 Romanis
1883 3254 1998 3336 qui-

2102 3257 2306 3334 πορείας
2361 3255 2749 3336 χαλεπωτέραν
2804 3252 2978 3332 ὑφέξει
3050 3255 3148 3321 τὴν
3205 3255 3425 3311 κόλασιδ
3492 3259 3587 3314 καὶ
3629 3259 3742 3332 ἅμα

355 3365 523 3407 snam
560 3345 634 3406 sit
665 3345 1101 3426 ignorantibus,
1137 3345 1432 3407 videbitur
1477 3364 1609 3407 esse
1643 3353 1998 3425 peremptus,

2102 3347 2370 3420 Ῥωμαίοις
2440 3343 2794 3421 ἀγνοούμενος
2841 3343 2986 3405 ὅστις
3059 3342 3178 3417 εἴη,
3212 3345 3448 3416 καθάπερ
3489 3347 3580 3410 εἷς
3635 3353 3740 3402 τῶν

354 3444 635 3515 tanquam
671 3455 824 3497 unus
849 3455 920 3498 ex
960 3435 1337 3510 maleﬁcis,et
1358 3452 1469 3496 nec
1501 3435 1748 3497 minima
1767 3435 1998 3514 quidem

2102 3434 2422 3512 κακούργων,
2495 3431 2831 3510 ἀναιρεθῆναι
2891 3431 3080 3505 δόξειε,
3143 3435 3232 3490 καὶ
3286 3433 3404 3493 οὐδὲ
3477 3436 3740 3514 βρετιείας

355 3525 466 3586 erit
493 3526 624 3604 ejus
654 3526 809 3604 apud
846 3526 979 3587 illos
1014 3525 1324 3586 memoria.
1366 3525 1516 3586 Cum
1553 3526 1665 3586 hoc
1697 3542 1839 3603 ergo
1874 3525 1998 3603 pla-

2102 3523 2148 3578 τὸ
2205 3522 2340 3595 μετά
2383 3528 2546 3578 ταῦτα
2605 3523 2828 3596 μνήμης
2885 3521 3012 3599 παρ’
3070 3520 3292 3585 ἐκείνοις
3354 3523 3733 3593 ἀξιωθήσεται,

354 3617 661 3689 cuisset,et
689 3613 748 3674 in
777 3618 967 3694 ipsum
1003 3615 1118 3675 lata
1148 3614 1357 3675 luisset
1381 3613 1656 3694 protinus
1680 3613 1998 3687 sententia,

2102 3617 2285 3669 Γοῠτου
2343 3618 2623 3690 τοιγαροῦν
2681 3610 2875 3686 ἀρέσαν
2930 3611 3018 3667 καὶ
3068 3611 3166 3679 τῆς
3215 3611 3336 3668 κατ’
3397 3612 3559 3668 αἴθτοῦ
3620 3615 3738 3687 ψήο

352 3703 680 3782 imperator
733 3722 868 3764 cum
929 3721 1135 3764 rursus
1189 3703 1462 3782 producit
1496 3721 1528 3763 e
1564 3702 1859 3775 custodia,
1891 3702 1998 3762 hoc

2102 3721 2187 3777 pou
2239 3700 2546 3756 παπαυτίκα
2606 3697 2976 3778 ἐξενεχθείσης
3004 3745 3020 3772 ,
3083 3700 3402 3777 παρίσνησιν
3475 3699 3586 3755 ἀπὸ
3641 3705 3739 3765 τῆς

351 3793 482 3870 ejus
533 3799 896 3870 postremum
931 3793 1156 3853 faciens
1209 3792 1564 3870 periculum.
1623 3793 1699 3854 Et
1747 3791 1998 3870 primum

2102 3786 2330 3867 ρυλακῆς
2401 3787 2559 3842 αὐτὸν
2627 3788 2716 3844 καὶ
2784 3785 2946 3846 πάλιν
3003 3789 3032 3842 ὃ
3103 3785 3374 3867 βασιλεὺς,
3433 3787 3738 3846 τελευταίαν

355 3881 595 3960 quidem
644 3880 847 3941 multis
901 3880 1190 3941 bonorum
1229 3879 1540 3959 promissis
1569 3879 1780 3941 crebro
1826 3896 1998 3939 sanc-

2102 3880 2232 3950 ιῦτῷ
2273 3876 2470 3935 ταόνην
2516 3876 2615 3942 τὴν
2652 3889 2841 3952 πεῖραν
2899 3875 3208 3954 προσάγων,
3265 3878 3362 3934 Καὶ
3391 3877 3584 3954 πρῶτα
3640 3877 3736 3950 μὲν

361 3979 483 4030 tum
521 3969 847 4030 deliniebat
877 3988 942 4030 ac
971 3968 1371 4038 demulcebat.
1406 3969 1626 4030 deinde
1665 3969 1844 4029 etiam
1874 3984 1998 4028 rur-

2102 3967 2254 4030 πολὺς
2300 3965 2354 4020 ἐν
2402 3977 2525 4026 ταῖς
2571 3965 2676 4021 τῶν
2728 3966 2927 4042 ἀγιθῶν
2980 3963 3322 4042 ἐπαγγελίαις
3353 3967 3444 4022 τὸν
3497 3964 3733 4032 ἀθλητὴν

361 4077 463 4119 sus
493 4058 672 4118 minis
697 4058 884 4137 magis
917 4057 1217 4120 territans.
1275 4061 1588 4137 Postquam
1620 4066 1819 4118 autem
1867 4073 1998 4117 cum

2102 4055 2386 4115 inooaivwv
2467 4053 2563 4110 καί
2649 4058 2928 4128 καταψῶν’
3017 4052 3201 4110 ἔπειτα
3257 4052 3311 4109 δὲ
3393 4056 3484 4110 καὶ
3539 4054 3732 4110 πλείων

361 4147 505 4209 vidit
534 4166 645 4214 nec
697 4148 916 4209 cedere
945 4149 1277 4228 promissis,
1309 4165 1503 4228 neque
1552 4146 1744 4207 minas
1800 4144 1998 4207 formi-

2102 4143 2248 4199 πάλιν
2314 4155 2429 4206 ταῖς
2460 4141 2716 4206 ἀπειλαῖς
2773 4140 3162 4216 δεδιττόμενος,
3195 4151 3287 4204 Ὡς
3336 4141 3392 4197 δὲ
3423 4144 3563 4217 μήτε
3608 4144 3732 4210 πρὸς

359 4237 524 4313 dare,
568 4239 896 4317 desperans
945 4237 1186 4298 omnino
1234 4237 1362 4298 fore
1411 4244 1475 4298 ut
1525 4244 1877 4308 mutaretur,
1925 4233 1998 4296 ad

2102 4233 2178 4296 τὰς
2236 4230 2558 4310 ὑποσχέσεις
2617 4229 2880 4287 ἐνδιδόντα
2926 4230 3063 4305 εἶδε,
3097 4233 3235 4300 μήτε
3278 4232 3408 4306 πρὸς
3446 4232 3540 4293 τὰς
3598 4232 3728 4286 ὓπο-

361 4327 636 4387 eti'ectum
671 4316 919 4388 deduxit
950 4345 1018 4387 ea
1042 4344 1172 4407 quae
1201 4325 1442 4388 decreta
1471 4325 1741 4387 fuerant:
1776 4333 1834 4386 et
1864 4342 1998 4385 cum

2102 4323 2417 4393 ττήσσοντα,
2447 4320 2755 4377 παντάπασι
2814 4319 2913 4386 τὴν
2972 4316 3280 4393 μεταϐολὴν
3327 4319 3619 4398 ἀπογνοὺς,
3659 4320 3728 4380 εἰς

352 4416 634 4496 jussisset
689 4415 989 4494 prioribus
1039 4406 1303 4495 graviora
1354 4414 1409 4475 ei
1458 4415 1683 4493 imponi
1740 4412 1992 4489 vincula,

2102 4412 2232 4488 ἷργον
2285 4411 2350 4466 τὰ
2405 4408 2752 4488 ἐψηφισμένα
2807 4406 2962 4484 ἐξῆγε
2992 4409 3081 4464 καὶ
3135 4409 3396 4496 βαρύτερα
3433 4415 3542 4466 τῶν
3595 4429 3726 4480 προ-

357 4495 541 4565 tradit
571 4521 706 4564 eum
741 4505 970 4566 cohorti
1003 4504 1266 4578 militari,
1299 4514 1360 4565 et
1391 4505 1567 4566 mittit
1596 4503 1842 4565 Romam
1890 4504 1994 4582 ju-

2102 4501 2245 4578 τέρων
2302 4500 2444 4572 αὒτῷ
2501 4496 2670 4572 δεσμά
2739 4501 3038 4573 περιθεῖναι
3103 4495 3439 4582 κελεύτετος,
3496 4498 3719 4574 τάγματι

357 4592 531 4666 hens,
576 4611 712 4653 cum
764 4593 1103 4655 advenisset
1159 4577 1387 4656 civibus
1440 4593 1568 4655 dies
1616 4593 1828 4666 fesms,
1879 4577 1996 4673 quo

2102 4577 2449 4666 repetiuitth
2517 4583 2865 4664 παραδίδωσι,
2939 4587 3028 4642 καὶ
3085 4587 3160 4649 εἷς
3236 4577 3452 4660 Ῥώμην
3521 4585 3719 4659 ἐκπέμ-

357 4690 516 4744 totus
571 4691 1036 4761 congregaretur
1092 4683 1366 4762 populus,
1403 4701 1537 4742 eum
1583 4683 1736 4743 tradi
1792 4681 1999 4742 bestiis

359 4773 431 4832 ad
482 4788 861 4833 communem
898 4772 1111 4833 theatri
1157 4772 1632 4842 delectationem,
1669 4779 1731 4832 ut
1778 4788 1998 4832 conve-

358 4861 598 4922 nienter
641 4862 720 4936 ei,
755 4862 914 4941 quod
962 4861 1104 4923 dicit
1135 4863 1205 4924 D.
1257 4861 1472 4923 Paulus
1503 4863 1553 4934 4,
1587 4861 1718 4941 ipse
1763 4879 2000 4942 quoque

358 4949 527 5012 fieret
555 4952 960 5030 spectaculum
994 4952 1242 5028 mundo,
1275 4950 1504 5030 angelis
1533 4959 1594 5013 et
1633 4949 1997 5012 hominibus.

429 5125 582 5189 VIII.
612 5127 823 5209 Martyr
847 5146 988 5208 ergo
1011 5148 1147 5191 cum
1176 5129 1446 5190 ultimam
1472 5129 1632 5190 illam
1666 5129 1996 5209 accepisset

350 5215 733 5292 sententiam,
770 5226 832 5282 et
864 5220 982 5280 Deo
1015 5237 1232 5296 magno
1264 5218 1550 5292 clamore,
1585 5225 1649 5278 ut
1679 5227 1998 5280 consenta-

351 5321 531 5365 neum
549 5307 933 5385 erat,egisset
961 5309 1341 5385 gratias,cum
1393 5325 1604 5385 magna
1627 5307 1923 5386 voluptate
1939 5315 2001 5368 et

357 5393 554 5456 laetitia
576 5395 693 5458 sibi
721 5397 975 5476 imponit
1004 5397 1264 5459 vincula.
1291 5395 1361 5458 Et
1387 5396 1718 5478 imperator
1751 5396 1996 5478 quidem

437 5557 521 5619 41
550 5558 685 5624 Cor.
719 5578 798 5623 Iv.

2081 4699 2169 4734 πει
2230 4676 2624 4750 ἐντειλάμενος,
2671 4674 2825 4742 ἡνίιιο
2883 4687 3002 4737 τοϊς
3067 4673 3308 4735 πολίταις
3367 4674 3544 4752 ἡμέρα
3593 4697 3720 4731 παν-

2081 4767 2323 4844 ηγύρεως
2381 4769 2602 4836 ἐπιστῇ,
2645 4765 2845 4839 θηρίοις
2891 4763 3046 4820 αὐτὸν
3099 4763 3174 4826 εἷς
3232 4762 3418 4839 τέρψιν
3460 4771 3556 4820 τοῦ
3609 4763 3722 4820 0rd-

2083 4878 2209 4934 τρου
2265 4855 2456 4922 κοινὴν
2509 4851 2807 4926 ἐκδοθῆναι,
2841 4851 2980 4910 ὥστε
3031 4852 3166 4907 κατά
3208 4853 3299 4908 τὸν
3331 4855 3483 4908 θετον
3531 4851 3721 4908 Παῦλον

2081 4946 2170 5002 καὶ
2217 4945 2374 5002 αὒτὸν
2403 4941 2620 5015 θέατρον
2673 4939 2913 5018 γενέσθαι
2958 4943 3036 5003 τῶ
3087 4941 3298 5018 κόσμῳ,
3331 4942 3421 4996 καὶ
3463 4941 3719 5020 ἀγγέλοις,

2082 5035 2171 5091 καὶ
2200 5033 2494 5110 ἀνθρώποις
2506 5079 2520 5093 ,

2164 5121 2252 5182 Η’.
2335 5113 2391 5179 Ὀ
2463 5119 2660 5199 μάρτυς
2720 5119 2892 5176 τοίνυν
2951 5119 3052 5186 τὴν
3095 5117 3406 5176 τελευταίαν
3465 5119 3719 5198 ἀπόφασιν

2079 5214 2289 5278 ἐκεινην
2335 5208 2540 5286 λαϐὼν,
2573 5212 2662 5267 καὶ
2714 5215 2790 5283 τῷ
2849 5216 2967 5284 Θεῷ
3027 5208 3238 5286 μεγάλῃ
3297 5210 3399 5284 βοῇ
3426 5209 3498 5264 τὰ
3554 5210 3718 5264 εἰκότα

2082 5301 2475 5382 εὐχαριστήσας
2520 5299 2637 5374 μεθ’
2690 5296 2892 5366 ἡδονῆς
2944 5298 3079 5365 ὅσης
3142 5300 3229 5354 καὶ
3258 5295 3611 5378 φαιδρότητος
3664 5297 3716 5352 τὰ

2082 5392 2253 5469 δεσμοὶ
2305 5391 2647 5469 περιτίθεται.
2715 5390 2810 5448 Καὶ
2868 5392 2896 5446 ὁ
2929 5389 3028 5464 μὲν
3084 5387 3332 5466 βασιλεὺς
3393 5386 3536 5466 ἐξῄει
3597 5388 3714 5444 κατε
