3954 6146
223 271 375 339 1277
1395 271 1577 337 VITA
1619 271 1680 335 S.
1729 268 2028 335 IGNATII
2073 268 2406 332 DEIFERI.
3437 263 3590 335 1278

218 416 437 490 Περσῶν
480 408 619 485 μετὰ
672 414 768 485 τῇς
824 405 914 464 ὑπ’
959 405 1119 463 αὐτοῦ
1163 411 1438 483 στρατιᾶς.
1489 406 1550 466 ’0
1596 407 1859 488 Θεοφόρος

1954 400 2252 478 egreditur
2280 407 2489 490 contra
2518 399 2730 464 Persas
2771 420 2906 464 cum
2940 419 3047 464 suo
3079 399 3345 465 exercitu
3381 420 3394 468 :
3427 403 3585 466 divi.

215 499 274 557 δὲ
302 489 398 577 τῇ
477 497 778 570 Ἐκκλησία
848 497 1112 576 πρότερον
1193 493 1546 571 ἐπευξάμενος
1629 497 1710 554 .ιαὶ
1765 496 1862 563 τὴν

1954 508 2058 552 nus
2089 498 2289 552 autem
2326 489 2612 567 Ignatius,
2639 511 2773 553 cum
2795 491 3080 554 Ecclesia
3114 493 3282 572 prius
3311 493 3464 556 bene
3494 512 3588 556 es-

215 591 455 665 ποίμνην
515 588 608 645 σόν
659 587 879 666 δάκρυσι
923 585 1292 663 παραθέμενος
1351 592 1428 658 τῷ
1475 593 1614 662 Θεῷ,
1645 585 1862 660 δέσμιος

1954 587 2036 641 set
2066 588 2366 660 precatus,
2402 588 2462 642 et
2490 599 2731 660 gregem
2766 601 2938 644 suum
2993 581 3117 644 Deo
3163 582 3584 645 commendas-

215 678 498 747 ἠκολούθει
554 690 674 740 τοῖς
733 672 1114 754 στρατιώταις.
1167 672 1286 732 Εἶτ’
1317 674 1486 740 οὕτως
1517 676 1618 744 τὴν
1661 675 1862 732 Σελεύ-

214 788 368 825 κειαν
423 767 482 825 οῦ
534 763 858 841 διαμέλλων,
937 767 1032 822 οὐκ
1091 763 1332 838 ἀθυμῶν,
1391 764 1451 822 οὐ
1511 765 1746 844 πάσχειν
1813 786 1864 820 τι

215 857 536 936 σκυθρωπὸν
593 855 733 918 ὅλως
789 855 1236 934 ὑποφαινόμενος,
1280 852 1418 910 ἀλλὰ
1468 856 1622 912 ποσὶν
1667 857 1863 932 εὐπρο-

211 948 412 1023 θύμοις
461 943 805 1018 καταλαϐὼν,
868 944 942 1008 είς
1003 942 1194 1000 πλοῖόν
1240 965 1297 1000 τε
1327 944 1430 1002 ὑπὸ
1463 950 1568 1000 τῶν
1597 966 1864 1023 στρατιω-

213 1043 322 1095 τῶν
378 1033 732 1110 ὲμϐάλλεται,
786 1033 875 1092 καὶ
919 1033 1014 1089 σὺν
1057 1034 1242 1097 αὐτοῖς
1292 1034 1367 1096 εἷς
1399 1038 1643 1112 Σμύρναν
1672 1035 1863 1090 καταί-

211 1147 318 1200 ριι.
409 1123 670 1184 Ἐνταῦθα
753 1122 1104 1200 Πολύκαρπον
1179 1122 1500 1202 ἀσπάζεται,
1563 1125 1657 1179 τὸν
1717 1127 1866 1180 θετον

219 1211 548 1288 ἀποστόλον,
598 1212 659 1268 ὃν
708 1212 1030 1290 προεστάναι
1087 1210 1186 1279 τῆς
1244 1215 1380 1268 κατὰ
1433 1212 1678 1290 Σμύρναν
1736 1207 1864 1269 Ἐκ-

219 1302 449 1370 κλησίας
501 1301 870 1379 συμφοιτηταὶν
942 1300 1187 1378 Ἰγνατίῳ
1272 1300 1562 1379 γενόμενον
1619 1299 1866 1378 ἀνωτέρω

219 1393 424 1471 φθάσας
493 1392 522 1446 ὁ
577 1389 742 1468 λόγος
805 1387 1068 1459 ἐδήλωσε.
1150 1397 1346 1448 Τοῦτον
1403 1389 1492 1446 οῦν
1545 1389 1864 1463 ἀσπάζεται,

219 1481 614 1556 σεμνυνόμενος
661 1478 754 1536 ἐπὶ
812 1491 932 1542 τοῖς
993 1476 1221 1554 δεσμοῖς
1281 1482 1372 1534 καὶ
1401 1479 1631 1558 χαίρων.
1678 1479 1737 1535 Τί
1765 1479 1866 1557 γὰρ

220 1575 383 1650 εἶχεν
427 1571 586 1627 αὐτὸν
636 1567 800 1625 πλέον
849 1570 1100 1642 σεμνῦναι
1133 1567 1169 1635 ἢ
1195 1568 1256 1624 τὸ
1286 1568 1418 1644 ὑπὲρ
1448 1566 1617 1632 οὕτως
1647 1567 1864 1646 ἀγαπή-

219 1681 412 1722 σαντος
473 1657 747 1715 Δεσπότου
812 1656 1098 1736 πάσχοντα
1156 1659 1528 1736 καθορᾶσθαι,
1590 1661 1727 1714 Εἶτα
1781 1664 1867 1718 καὶ

1955 678 2046 731 set
2077 687 2210 730 cum
2242 669 2547 750 lacrymis,
2581 670 2812 733 vinctus
2835 672 3198 752 sequebatur
3229 672 3453 736 milites
3479 671 3583 753 (4).

1947 757 2179 820 Deinde
2211 777 2344 820 cum
2378 758 2714 821 Seleuciam
2749 779 2866 823 non
2899 770 3214 836 cunctans,
3255 781 3372 823 non
3403 763 3579 838 ﬂens,

1949 865 2068 908 non
2103 867 2167 908 se
2197 847 2424 928 aliquid
2459 867 2633 928 grave
2664 850 2909 911 omnino
2966 851 3082 931 pati
3118 869 3236 932 pra
3262 870 3328 913 se
3356 852 3580 928 ferens,

1947 936 2053 998 sed
2087 937 2386 999 alacribus
2411 939 2668 1002 venisset
2699 940 2975 1021 pedibus,
3002 960 3036 1002 a
3068 941 3356 1003 militibus
3386 942 3446 1002 in
3479 959 3586 1002 na-

1947 1044 2077 1089 vem
2130 1027 2500 1105 immittitur,
2560 1037 2622 1091 et
2679 1048 2816 1090 cum
2851 1032 2937 1091 eis
2966 1031 3215 1112 appellit
3245 1034 3578 1112 Smyrnam.

1948 1115 2057 1178 Hic
2083 1115 2302 1179 salutat
2328 1117 2714 1198 Polycarpum
2748 1118 3012 1181 divinum
3037 1120 3584 1200 apostolum,quem

1949 1204 2298 1284 Smyrnensi
2353 1206 2444 1286 (5)
2508 1207 2816 1288 prafuisse
2873 1207 3180 1284 Ecclesia,
3209 1228 3342 1271 cum
3374 1208 3590 1287 Ignatii

1948 1293 2164 1357 fuisset.
2221 1295 2702 1379 condiscipulus,
2753 1299 3030 1378 superius
3103 1299 3380 1361 diximus.
3432 1297 3582 1358 Eum

1949 1401 2091 1464 ergo
2123 1384 2361 1460 salutat,
2423 1385 2688 1464 glorians
2738 1395 2798 1448 et
2857 1387 3170 1467 magniﬁce
3198 1388 3312 1450 sibi
3345 1387 3588 1468 placens

1948 1472 2240 1554 latusque
2271 1474 2348 1536 de
2396 1473 2681 1538 vinculis.
2730 1476 2883 1550 Quid
2918 1477 3078 1540 enim
3113 1477 3168 1540 ei
3201 1484 3430 1558 poterat
3455 1493 3588 1538 esse

1952 1563 2165 1642 majori
2197 1572 2583 1640 ornamento,
2634 1583 2811 1644 quam
2861 1566 3050 1646 aspici
3084 1567 3202 1646 pati
3237 1584 3344 1646 pro
3377 1563 3586 1627 Domi-

1951 1670 2053 1725 no,
2087 1651 2190 1732 qui
2248 1670 2386 1714 eum
2440 1653 2528 1714 sic
2582 1655 2920 1717 dilexerat?
2976 1655 3210 1718 Deinde
3241 1673 3374 1716 cum
3407 1654 3585 1716 etiam

220 1760 338 1813 τοῖς
379 1747 590 1810 λοιποῖς
637 1746 976 1825 ἐπισκόποις,
1030 1744 1404 1823 πρεσϐυτέροις
1452 1766 1508 1801 τε
1559 1747 1647 1801 καὶ
1677 1741 1866 1801 διακό-

1954 1739 2198 1821 reliquis
2227 1741 2527 1822 episcopis
2557 1753 2614 1805 et
2652 1744 3012 1825 presbyteris
3044 1753 3104 1807 et
3146 1744 3413 1806 diaconis
3443 1743 3588 1805 red-

223 1857 360 1916 ςοις,
439 1837 558 1901 τοὺς
645 1835 1013 1914 πρόσήκοντας
1072 1833 1386 1903 ἀσπασμοὺς
1441 1833 1693 1907 ἀποδοὺς,
1757 1833 1871 1890 ἐπεὶ

218 1925 415 1983 πολλοὶ
464 1925 708 1982 συνέθεον
790 1923 897 1980 ἀπὸ
957 1929 1063 1979 τῶν
1118 1928 1217 1990 τῆς
1285 1922 1470 1988 Ἀσίας
1534 1921 1870 1990 Ἐκιιλησιῶν

218 2016 316 2073 καὶ
371 2020 476 2072 τῶν
535 2012 770 2090 πόλεων,
831 2016 920 2069 καὶ
979 2012 1103 2088 ὄψιν
1168 2012 1380 2079 ἐκείνην
1422 2009 1556 2068 ἰδεῖν
1586 2013 1674 2068 καὶ
1704 2010 1870 2068 καλοῦ

223 2106 460 2179 νάματος
514 2103 814 2161 ἀπολαῦσαι
891 2101 1099 2179 ῥέοντος
1177 2107 1274 2169 τῆς
1333 2101 1534 2158 ἐκείνου
1592 2100 1862 2179 γλώττης,

224 2195 385 2258 αὒτὸς
446 2193 512 2250 τὰ
568 2192 910 2269 προσήκοντα
965 2191 1233 2268 παραινῶν
1283 2188 1531 2270 εὔχεσθαι
1585 2190 1712 2268 ὅπερ
1767 2192 1866 2246 αὒ-

221 2289 320 2340 τοῦ
374 2281 574 2348 πάντας
628 2281 793 2356 ἠξίου,
844 2280 984 2338 ὥστε
1013 2278 1098 2335 διὰ
1127 2281 1232 2336 τῶν
1264 2281 1459 2358 θηρίων
1501 2283 1691 2336 θᾶττον
1733 2279 1868 2335 ἂνα-

221 2371 377 2428 λῦσάι
432 2373 562 2450 πρὸς
631 2373 725 2428 τὸν
783 2369 1134 2450 ποθούμενον,
1203 2370 1288 2425 ιιαὶ
1356 2375 1430 2441 τῷ
1476 2368 1676 2424 ἐκείνου
1728 2369 1868 2426 θείου

225 2449 496 2537 προσώπω
546 2463 958 2540 ἔμφανισθῆναι.
1019 2449 1187 2531 Ὀρῶν
1243 2456 1298 2514 δὲ
1351 2462 1447 2513 καὶ
1508 2457 1624 2512 λίαν
1679 2458 1866 2522 αὐτοὺς

224 2553 531 2628 περιπαθῶς
587 2547 814 2629 ἔχοντας
883 2549 981 2605 καῖ
1051 2550 1215 2603 οἱονετ
1268 2552 1366 2614 τῆς
1418 2545 1622 2603 ἐκείνου
1679 2550 1868 2626 ψυχῆς

225 2637 684 2715 ἔκειρεμαμένους,
745 2637 833 2696 καὶ
886 2637 1084 2712 ζημίαν
1140 2635 1200 2692 οῦ
1246 2636 1485 2716 φορητὴν
1533 2635 1866 2714 ἡγουμένους

226 2732 324 2788 τὸν
382 2731 664 2810 χωρισμὸν
707 2731 888 2808 αὐτοῦ,
934 2729 1022 2784 καὶ
1066 2728 1158 2784 τὸν
1213 2729 1462 2806 θάνατον,
1491 2725 1664 2784 δείσας
1695 2749 1750 2782 τε
1782 2728 1867 2784 καὶ

229 2820 350 2896 περὶ
403 2820 510 2876 τῶν
564 2822 618 2876 ἑν
652 2825 720 2896 τῇ
752 2816 937 2895 Ῥώμῃ
983 2823 1214 2897 πιστῶν,
1261 2817 1336 2892 μὴ
1375 2816 1463 2872 καὶ
1493 2817 1637 2873 αὐτοὶ
1690 2837 1868 2892 παρα-

227 2908 473 2977 πλησίως
519 2907 850 2972 διατεθέντες
881 2909 976 2964 οὒκ
1005 2905 1278 2972 ἀνέξονται
1332 2902 1466 2961 ἰδεῖν
1509 2907 1670 2964 αὐτὸν
1720 2901 1868 2960 ἔκδι-

227 2996 453 3075 δόμενον
511 3011 631 3060 τοῖς
688 2996 916 3075 θηρίοις,
963 2993 1100 3051 ἄλλα
1159 3007 1354 3074 χεῖρας
1387 2991 1711 3060 ἀντιπάλους
1749 3007 1868 3058 τοῖς

227 3086 702 3166 ἰπιτετραμμένοις
746 3086 844 3153 τὴν
890 3081 1093 3142 ἔκδοσιν
1151 3081 1454 3171 ἐμϐάλωσιν
1500 3085 1586 3140 καὶ
1629 3084 1724 3151 τὴν
1753 3170 1759 3171 7
1784 3081 1932 3171 8t-c

233 3187 544 3253 ανοιγεῐσαν
587 3173 731 3248 αὐτῷ
773 3181 867 3230 τοῦ
910 3171 1194 3249 μαρτυρίου
1230 3169 1479 3228 κλείσωσι
1522 3172 1704 3250 θύραν,
1737 3170 1873 3249 ἔγνω

233 3267 360 3344 πρὸς
411 3263 598 3326 αὐτοὺς
643 3261 971 3336 ἐπιστεῖλαι,
1013 3261 1150 3318 ὥστε
1194 3261 1283 3317 καὶ
1322 3261 1538 3324 τούτους
1601 3263 1718 3338 περὶ
1776 3261 1872 3316 a6-

227 3361 322 3412 τοῦ
365 3350 638 3433 εῦχεσθαι,
689 3353 767 3428 μὴ
799 3351 1190 3428 ἐμποκισθῆναι
1226 3351 1316 3406 τὸν
1361 3347 1556 3428 δρόμον
1602 3353 1746 3424 αὒτῷ
1775 3353 1872 3416 τῆς

226 3441 529 3517 ἀθλήσεως,
604 3439 742 3498 ἀλλὰ
798 3439 881 3498 διά
937 3446 1043 3497 τῶν
1099 3439 1316 3517 θηρίων,
1377 3439 1556 3516 ὥσπερ
1625 3437 1867 3516 εἴρηται,

224 3538 416 3591 θᾶττον
470 3532 602 3609 πρὸς
681 3532 774 3586 τὸν
862 3530 1126 3608 ἐρώμενον
1217 3526 1474 3585 ἀναλῦσαι
1557 3529 1866 3596 Δεσπότην,

224 3620 413 3688 Ἀξιοδ
456 3619 511 3676 δὲ
556 3619 651 3676 ira?
697 3623 859 3686 αὐτῆς
925 3619 1135 3685 ὶχείνης
1193 3616 1585 3692 ἐπιμνησθῆναι
1647 3617 1869 3675 ἐπιστο-

225 3711 330 3780 λῆς
366 3726 381 3742 ⁶

311 3799 400 3858 Θ’.
457 3819 485 3858 ι
519 3795 786 3878 Ἰγνάτιος
822 3801 850 3855 ὁ
894 3799 982 3854 καὶ
1026 3797 1311 3876 Θεοφόρος,
1359 3795 1646 3861 ἐπίσκοπος
1693 3801 1792 3863 τῆς
1815 3794 1868 3852 ἒν

225 3889 541 3970 Ἀντιοχείᾳ
584 3889 735 3966 ἁγίας
793 3895 885 3944 τοῦ
927 3893 1060 3942 Θεοῦ
1116 3884 1460 3961 Ἐκκλησίας,
1495 3893 1562 3962 τῇ
1589 3884 1869 3962 ἧλεημένῃ

224 3980 284 4037 έν
327 3978 708 4058 μεγαλειότητι
755 3976 958 4054 Πατρὸς
999 3977 1222 4052 ὑψίστου
1265 3976 1352 4035 κάὶ
1411 3974 1593 4042 Ἰησοῦ
1639 3976 1869 4053 Χριστοῦ

226 4071 323 4126 τοῦ
381 4070 542 4145 μόνου
601 4069 724 4124 Υῐοῦ
800 4069 958 4126 αὺτοῦ
1028 4063 1323 4137 Ἐκκλησία
1393 4063 1722 4142 ἠγαπημένη
1781 4064 1870 4120 καὶ

227 4157 612 4237 πεφωτισμένη
650 4158 707 4212 iv
750 4154 1012 4228 θελήματι
1071 4161 1164 4211 τοῦ
1195 4152 1520 4222 θελήσαντος
1564 4154 1630 4209 τὰ
1671 4153 1866 4222 πάντα,

225 4246 263 4304 ἄ
290 4250 406 4305 ἱστι
436 4245 572 4303 κατά
604 4245 824 4322 ἀγάπην
867 4241 1048 4309 Ἰησοῦ
1091 4249 1320 4322 Χριστοῦ
1361 4249 1454 4300 τοῦ
1511 4249 1643 4298 Θεοῦ
1686 4243 1866 4318 ἡμῶν,

226 4337 268 4405 ἢ
313 4337 398 4394 καὶ
439 4335 774 4414 προκάθηται
806 4331 1032 4390 ἰντόπου
1079 4331 1282 4410 χωρίου
1316 4323 1616 4410 Ῥωμαίων,
1660 4330 1730 4399 ἢν
1772 4331 1866 4388 καί

1953 1829 2204 1892 didisset
2234 1847 2358 1904 eas,
2393 1849 2538 1911 quas
2567 1851 2672 1913 par
2701 1843 2851 1914 erat,
2877 1834 3284 1910 salutationes,
3306 1833 3586 1914 quoniam

1953 1917 2124 1980 multi
2156 1921 2596 1983 concurrebant
2628 1940 2699 1984 ex
2730 1921 3018 1985 Ecclesiis
3047 1923 3201 1984 Asia
3246 1932 3306 1985 et
3337 1923 3588 1983 civitati-

1953 2003 2062 2067 bus
2094 2006 2166 2067 ad
2225 2007 2551 2070 videndum
2583 2010 2728 2071 illud
2781 2011 3217 2090 spectaculum,
3271 2018 3328 2071 et
3358 2020 3419 2072 ut
3451 2009 3589 2090 pul-

1950 2096 2096 2157 chro
2127 2096 2472 2160 fruerentur
2497 2100 2720 2162 ﬂuento
2747 2101 2903 2182 quod
2931 2102 3151 2164 ﬂuebat
3174 2120 3248 2163 ex
3277 2099 3437 2162 illius
3466 2099 3587 2161 lin-

1949 2203 2086 2264 gua,
2118 2187 2247 2265 ipse
2280 2205 2513 2268 ea,qua
2543 2207 2648 2269 par
2677 2198 2824 2267 erat,
2860 2191 3144 2272 suadens,
3178 2189 3423 2270 rogabat
3451 2207 3585 2250 om-

1948 2292 2080 2347 nes,
2107 2285 2170 2336 ut
2199 2293 2306 2355 pro
2332 2276 2464 2356 ipso
2497 2289 2762 2354 orarent,
2798 2288 2863 2342 ut
2892 2299 2998 2360 per
3050 2281 3208 2342 feras
3238 2280 3356 2342 cito
3387 2278 3586 2341 resol-

1949 2371 2188 2425 veretur
2210 2365 2282 2426 ad
2315 2384 2477 2440 eum,
2513 2386 2692 2448 quem
2747 2367 3152 2445 desiderabat,
3184 2377 3242 2431 et
3269 2374 3588 2449 appareret

1949 2459 2085 2514 ante
2112 2452 2275 2515 illius
2323 2454 2560 2516 faciem.
2614 2455 2758 2519 Cum
2791 2458 3024 2520 videret
3053 2467 3250 2520 autem
3284 2476 3388 2520 eos
3417 2457 3588 2519 valde

1950 2541 2348 2620 perturbatos,
2381 2553 2442 2606 et
2473 2547 2916 2626 quodammodo
2946 2547 3279 2628 pendentes
3308 2547 3382 2608 ab
3425 2547 3588 2609 illius

1949 2630 2169 2704 anima,
2201 2639 2260 2693 et
2288 2651 2410 2695 non
2470 2633 2783 2696 ferendum
2843 2636 3126 2699 damnum
3181 2637 3591 2699 existimantes

1951 2721 2388 2799 separationem
2446 2723 2580 2802 ejus
2631 2731 2691 2786 et
2721 2733 3000 2802 mortem,
3056 2725 3132 2788 de
3181 2725 3282 2801 iis,
3316 2725 3417 2805 qui
3451 2735 3593 2788 sunt

1952 2807 2179 2888 Roma,
2213 2811 2456 2884 timens,
2494 2831 2570 2874 ne
2622 2813 2738 2895 ipsi
2786 2833 3026 2896 quoque
3057 2816 3338 2877 similiter
3366 2815 3585 2893 aﬁ‘ecti,

1953 2915 2073 2959 non
2127 2899 2496 2964 sustinerent
2546 2919 2682 2964 eum
2747 2903 2950 2966 videre
3007 2905 3157 2966 tradi
3219 2902 3452 2978 bestiis,
3482 2903 3584 2966 sed

1955 3003 2167 3049 manus
2194 2987 2283 3051 eis
2313 2990 2624 3068 afferrent,
2680 2991 2897 3073 quibus
2951 2995 3294 3056 mandatum
3355 2999 3480 3054 erat
3531 3000 3594 3054 ut

1956 3094 2092 3137 eum
2125 3077 2451 3156 traderent,
2489 3090 2546 3143 et
2575 3081 2632 3143 ei
2663 3081 3015 3144 clauderent
3053 3091 3317 3162 apertam
3343 3083 3591 3162 jauuam

1957 3165 2250 3245 martyrii,
2286 3169 2488 3229 statuit
2515 3169 2586 3230 ad
2617 3187 2720 3230 eos
2745 3170 3006 3244 mittere,
3050 3180 3116 3231 ut
3142 3172 3181 3231 ii
3211 3190 3452 3252 quoque
3487 3187 3590 3250 pro

1953 3269 2025 3312 eo
2057 3263 2323 3330 orarent,
2359 3275 2432 3318 ne
2465 3275 2678 3319 cursus
2735 3277 2858 3319 sua
2906 3258 3355 3321 exercitationis
3385 3260 3441 3320 ei
3473 3259 3552 3319 im
3573 3294 3594 3308 -

1955 3341 2285 3420 pediretur,
2321 3345 2428 3406 sed
2485 3365 2591 3424 per
2621 3346 2801 3421 feras,
2859 3348 3014 3408 sicut
3065 3347 3289 3410 dictum
3324 3356 3436 3419 est,
3472 3347 3590 3408 cito

1953 3431 2356 3495 resolveretur
2386 3435 2459 3496 ad
2498 3435 2785 3498 dilectum
2818 3434 3162 3498 Dominum.
3197 3434 3410 3515 Opera
3453 3454 3590 3516 pre-

1951 3520 2099 3582 tium
2133 3534 2227 3582 est
2258 3533 2456 3585 autem
2492 3523 2653 3585 illius
2685 3543 2928 3605 quoque
2983 3525 3330 3587 meminisse
3361 3525 3590 3606 episto-

1951 3608 2045 3684 la,
2080 3629 2210 3692 qua
2237 3612 2322 3674 sic
2354 3612 2534 3674 habet
2565 3613 2638 3675 ad
2673 3613 2916 3676 verbum
2953 3632 2967 3676 :

2033 3787 2135 3851 lX.
2171 3811 2194 3846 α
2227 3788 2512 3869 Ignatius,
2548 3791 2645 3871 qui
2679 3798 2737 3852 et
2759 3790 2982 3868 Deifer,
3019 3791 3340 3872 episcopus
3371 3799 3592 3852 sancta

1954 3875 2226 3960 Dei,qoa
2258 3889 2346 3942 est
2373 3880 2734 3956 Antiochia,
2760 3881 3207 3962 Ecclesia,qua
3240 3882 3586 3943 misericor—

1951 3966 2110 4028 diam
2136 3978 2227 4030 est
2247 3978 2574 4031 consecuta
2595 3971 2652 4031 in
2677 3971 2984 4050 majestate
3010 3971 3200 4034 Patris
3229 3971 3506 4032 altissimi
3534 3979 3592 4032 et

1950 4057 2092 4116 Jesu
2113 4055 2330 4120 Christi
2349 4059 2533 4120 solius
2563 4066 2694 4138 ejus
2716 4059 2876 4134 Filii,
2901 4060 3132 4122 dilecta
3153 4067 3212 4120 et
3242 4059 3594 4122 illuminata

1954 4143 2016 4205 in
2044 4147 2346 4210 voluntate
2370 4147 2525 4227 ejus,
2563 4146 2662 4228 qui
2695 4147 2882 4208 voluit
2909 4147 3130 4221 omnia,
3159 4166 3294 4228 qua
3321 4155 3461 4209 sunt
3488 4165 3592 4210 se-

1953 4233 2213 4296 cundum
2243 4236 2591 4298 charitatem
2651 4239 2790 4300 Jesu
2847 4237 3068 4300 Christi
3104 4237 3209 4300 Dei
3244 4237 3452 4311 nostri,
3489 4239 3592 4313 qui

1953 4323 2130 4384 etiam
2158 4325 2438 4404 prasidet
2459 4331 2518 4386 in
2550 4325 2680 4387 loco
2698 4325 2964 4405 regionis
2978 4325 3592 4406 Romanorumzquam

225 4411 538 4501 ἀσπάζομαι
592 4425 649 4480 ἒν
707 4423 928 4498 ὀνόματι
983 4419 1161 4489 Ἰησοῦ
1223 4422 1450 4493 Χριστοῦ
1508 4421 1644 4476 κατὰ
1701 4421 1867 4499 σάρκα

1954 4411 2142 4475 saluto
2167 4413 2227 4474 in
2253 4414 2497 4476 nomine
2517 4413 2656 4478 Jesu
2672 4414 3248 4496 Christi,secundum
3273 4432 3513 4477 carnem
3539 4423 3598 4478 et

225 4517 318 4572 καὶ
373 4515 581 4588 πνεῦμα
634 4511 911 4588 ἡνωμένον
958 4511 1106 4587 πάσῃ
1168 4509 1359 4586 ιντολῇ
1432 4510 1589 4566 αὐτοῦ
1648 4508 1871 4576 πεπλη-

227 4599 480 4680 ρωμένην
550 4599 776 4679 χάριτος
833 4605 966 4656 Θεοῦ
1030 4598 1084 4654 ἐν
1128 4605 1341 4677 Χριστῷ
1387 4598 1565 4665 Ἰησοῦ
1619 4604 1698 4672 τῷ
1758 4604 1874 4671 Θεῷ

229 4691 464 4770 χαίρειν.
514 4688 667 4746 Ἐπεὶ
722 4687 1004 4764 εὒξάμενος
1053 4695 1169 4762 Θεῷ
1231 4687 1494 4766 ἐπέτυχον
1549 4685 1682 4742 ἴδετν
1729 4687 1873 4762 ὑμῶν

227 4781 298 4836 τὰ
339 4777 618 4845 ἀξιοθέατα
659 4777 947 4857 πρόσωπα,
995 4774 1268 4851 δεδεμένος
1331 4776 1384 4832 ἐν
1444 4776 1653 4854 Χριστῷ
1695 4775 1877 4843 Ἰησοῦ

226 4865 426 4938 ὶλπίζω
469 4867 604 4941 δμᾶς
662 4866 1025 4946 ἀσπάσασθαι,
1084 4866 1276 4942 ἐάθπερ
1340 4863 1550 4938 θέλημα
1591 4871 1686 4920 τοῦ
1744 4871 1875 4946 Θεοῦ

228 4959 266 5033 ᾖ
314 4957 404 5012 τοῦ
444 4954 728 5025 ἀξιωθῆναί
766 4977 856 5032 με,
917 4944 1018 5015 καὶ.
1069 4957 1143 5018 εἷς
1188 4953 1338 5019 τέλος
1382 4952 1549 5016 οὕτως
1595 4957 1756 5015 εἶναι,
1807 4944 1868 5009 Ἠ

227 5046 328 5122 μὲν
376 5044 475 5124 γὰρ
525 5045 667 5125 εῦχῆ
713 5045 1126 5121 εὖοίκονόμητός
1179 5044 1315 5124 ἐστι,
1353 5043 1546 5120 ἐάνπερ
1574 5047 1673 5110 τῆς
1705 5043 1870 5122 χάρι-

225 5156 317 5200 τος
361 5134 606 5215 ἐπιτύχω
637 5137 730 5191 τὸν
771 5134 972 5214 κλῆρον
1039 5157 1140 5210 μου
1199 5131 1597 5209 ἀνεμποδίστως
1655 5130 1870 5190 ἀπολα-

226 5221 370 5284 ϐεῖν.
404 5223 679 5300 Φοϐοῦμαι
725 5225 826 5304 γὰρ
856 5225 953 5292 τὴν
1002 5225 1152 5282 ὑμῶν
1194 5223 1434 5302 ἀγάπην,
1488 5223 1566 5297 μὴ
1610 5223 1743 5290 αῦτή
1803 5243 1870 5297 με

229 5311 486 5390 ἀδικήσῃ,
538 5304 698 5388 ’Υμτν
741 5317 842 5392 γὰρ
887 5312 1106 5393 εὐχερές
1150 5311 1262 5369 ἐστι
1306 5313 1530 5378 ποιῆσᾶι
1588 5311 1617 5366 ’ὁ
1665 5309 1866 5390 θέλετε,

300 5481 375 5554 (4)
405 5482 574 5538 Anno
605 5479 709 5554 tO_9_
739 5481 976 5540 Romam
1009 5479 1275 5554 captivus
1307 5473 1729 5537 mittitur.Vide
1759 5477 1870 5538 Ba-

227 5553 459 5612 ronium
487 5557 626 5609 tom.
659 5550 735 5610 ll.

1956 4504 2230 4582 Spiritum
2280 4509 2503 4565 unitam
2556 4504 2722 4565 omni
2769 4506 2902 4582 ejus
2954 4504 3255 4578 mandato,
3287 4505 3592 4584 impletam

1957 4592 2148 4672 gratia
2182 4592 2289 4655 Dei
2323 4593 2393 4654 ad
2428 4593 2748 4655 latandum
2782 4595 2840 4654 in
2873 4592 3107 4657 Christo
3127 4592 3268 4656 Jesu
3295 4592 3595 4656 Deo.Cum

1956 4683 2144 4745 Deum
2181 4691 2482 4763 precatus,
2542 4682 2906 4746 obtinuerim
2963 4691 3026 4744 ut
3055 4682 3320 4744 viderem
3355 4690 3596 4763 specta-

1958 4771 2112 4834 biles
2141 4780 2375 4834 vestros
2403 4773 2622 4847 vultus,
2657 4773 2888 4834 vinctus
2919 4772 2977 4833 in
3011 4771 3245 4834 Christo
3275 4771 3415 4835 Jesu
3465 4788 3598 4850 spe-

1957 4880 2024 4922 ro
2056 4880 2152 4924 me
2186 4881 2286 4924 vos
2317 4861 2737 4934 salutaturum,
2771 4863 2818 4923 si
2856 4863 2962 4925 Dei
2994 4861 3178 4922 fuerit
3205 4861 3499 4936 voluntas,
3536 4869 3599 4922 ut

1956 4950 2169 5029 dignus
2197 4950 2442 5026 habear,
2476 4950 2688 5031 quisic
2713 4952 2826 5012 sim
2859 4969 3050 5032 usque
3081 4949 3151 5010 ad
3188 4948 3594 5011 tinem.Meum

1955 5041 2116 5102 enim
2149 5040 2264 5102 rite
2293 5040 2564 5101 succedit
2602 5049 2826 5117 votum,
2883 5043 2931 5101 si
2965 5039 3210 5119 gratiam
3243 5039 3411 5101 fuero
3445 5058 3594 5100 con-

1955 5137 2218 5204 secutus,
2248 5137 2315 5190 ut
2346 5136 2570 5190 sortem
2605 5147 2797 5191 meam
2829 5129 3123 5210 accipiam
3167 5130 3299 5191 sine
3330 5127 3595 5209 impedi-

1956 5225 2182 5280 mento.
2215 5216 2427 5280 Timeo
2457 5218 2618 5279 enim
2671 5226 2925 5280 vestram
2987 5219 3366 5293 cbaritatem,
3399 5237 3476 5279 ne
3528 5235 3598 5280 ea

1957 5326 2051 5370 me
2077 5306 2294 5372 efﬁciat
2323 5305 2565 5386 injuria.
2598 5304 2784 5371 Vobis
2830 5307 2989 5369 enim
3047 5307 3220 5370 facile
3243 5315 3334 5370 est
3368 5307 3591 5383 facere,

1953 5475 2435 5610 roiiiifmymm
2475 5488 2672 5536 mea“
2719 5476 2982 5550 Aususto
3020 5476 3266 5544 veninut
3295 5483 3454 5536 notat
3485 5475 3596 5534 Ba-
