3954 6146
399 206 421 270 1
436 207 552 271 279

1652 205 1930 270 MENSIS
1970 205 2480 274 FEBRUARIUS.

3622 205 3811 273 1280'

388 344 546 426 quod
570 341 767 406 vultis:
793 343 942 405 mihi
962 351 1156 404 autem
1179 337 1424 400 difﬁcile
1448 347 1537 400 est
1554 337 1738 399 Deum
1762 338 2024 412 assequi,

2124 345 2230 414 εμοὶ
2271 341 2326 398 δὲ
2381 342 2634 402 δύσκολόν
2689 344 2802 401 ἐστι
2858 351 2951 402 τοῦ
2995 343 3129 401 Θεοῦ
3204 343 3533 422 ἐπιτυχεῖν,
3585 343 3756 418 ἐάνπερ

391 434 443 495 si
467 452 576 495 vos
601 433 749 494 mihi
777 428 1329 512 peperceritis.Non
1353 433 1511 489 enim
1547 429 1677 490 volo
1710 447 1809 487 vos
1842 427 2031 486 homi-

389 522 570 583 nibus
600 521 975 602 placere,sed
1008 519 1152 590 Deo,
1195 520 1346 578 sicut
1378 516 1558 577 etiam
1595 515 1868 594 placetis.
1897 517 2030 576 Non

389 611 550 673 enim
578 629 684 689 ego
708 628 967 690 unquam
997 607 1230 668 habebo
1258 604 1418 664 aliud
1447 613 1681 679 tempus
1706 605 1894 664 Deum
1928 618 2030 661 as-

389 701 706 780 sequendi,
742 717 940 779 neque
973 716 1097 757 vos.
1148 694 1211 757 Si
1244 693 1530 755 silueritis
1562 709 1595 752 ι
1627 712 1742 763 me,
1781 710 1889 769 ego
1925 691 2032 752 Dei

390 790 618 853 efﬁciar
643 810 658 869 ;
685 790 776 849 sin
804 807 943 849 vero
969 804 1211 848 carnem
1239 801 1430 843 meam
1456 781 2034 842 amaveritis.rursus

392 899 496 942 ero
519 878 1007 940 currens.Potius
1027 884 1223 936 autem
1247 873 1392 933 mibi
1414 871 1771 950 praebete,ut
1787 873 1907 932 Deo
1928 870 2033 929 im-

391 969 582 1029 moler
618 987 634 1026 :
668 979 761 1030 est
787 967 947 1028 enim
979 983 1081 1026 ara
1116 971 1339 1042 parata,
1400 970 1462 1021 ut
1494 960 1690 1020 eti'ecti
1724 958 1942 1019 chorus
1974 958 2034 1018 in

389 1058 700 1130 charitate,
757 1056 990 1118 canatis
1049 1053 1207 1116 Patri
1272 1055 1330 1110 in
1384 1051 1624 1110 Christo
1676 1047 1840 1117 Jesu,
1876 1046 2035 1127 quod

390 1148 742 1228 episwpum
765 1143 950 1225 Syria:
975 1143 1254 1221 dignatus
1277 1141 1356 1201 sit
1379 1137 2036 1228 Dominus,utAinveni-

386 1223 553 1298 retur
583 1223 644 1296 in
693 1223 1052 1312 Occidente,
1112 1248 1247 1292 eum
1307 1245 1631 1290 accersens
1659 1228 1732 1288 ab
1763 1223 2030 1287 Oriente.

386 1324 713 1389 Pulchrum
741 1331 832 1384 est
861 1341 894 1382 ιι
926 1321 1150 1382 mundo
1181 1318 1462 1379 occidere
1495 1316 1569 1377 ad
1617 1319 1830 1388 Deum,
1866 1323 1930 1374 ut
1958 1315 2032 1375 ad

387 1415 582 1494 ipsum
615 1411 978 1474 exoriamur.
1012 1408 1171 1470 Nulli
1215 1423 1479 1484 unquam
1514 1404 1852 1479 invidistis;
1884 1403 2032 1464 alios

391 1503 705 1565 docuistis.

466 1619 666 1698 X.Ego
688 1626 890 1680 autem
917 1618 1045 1678 volo
1076 1616 1176 1676 illa
1200 1631 1436 1694 quoque
1461 1629 1596 1673 esse
1619 1611 1794 1671 ﬁrma
1818 1627 1884 1670 ac
1905 1617 2030 1670 sta-

2113 431 2271 504 ὑμεῖς
2330 434 2578 512 φείσησθέ
2643 455 2768 509 μου.
2826 436 2900 492 Οὖ
2968 436 3069 512 γὰρ
3125 433 3269 490 θέλω
3330 436 3477 508 ὑμᾶς
3535 433 3758 509 ἄνθρωπε

2113 522 2430 593 αρεσκῆσαι,
2466 523 2601 578 ἀλλὰ
2633 530 2748 596 Θεῷ
2781 523 2989 600 ἀρέσαι,
3023 525 3208 600 ὥσπερ
3255 521 3324 589 δὴ
3358 524 3455 578 καὶ
3501 522 3757 597 ἇρέσιεπο

2145 614 2163 646 ρ
2257 613 2267 624 ⁵
2348 612 2361 631 ν
2419 614 2432 632 I
2500 613 2524 632 ν
2697 613 2748 632 πρ
3381 620 3406 629 τ

2114 632 2173 668 ο)
2214 634 2313 687 γαρ
2345 635 2452 688 εγω
2495 612 2656 668 αλλον
2699 633 2797 677 εςω
2850 615 3035 691 καιρόν
3093 635 3230 670 ποτε
3271 623 3408 669 Θεοῦ
3457 611 3752 689 ἐπιτυχεῖν,

2115 700 2232 756 οὕτε
2275 703 2455 775 ὑμεῖς.
2504 702 2630 758 Ἐὰν
2661 703 2975 771 σιωπήσητε
3032 703 3128 758 ἀπ’
3175 702 3335 780 ἒμοῦ,
3389 701 3510 777 ἐγὼ
3541 705 3756 778 γενήσο-

2117 811 2212 861 μαι
2261 798 2415 862 Θεοῦ,
2462 791 2552 846 ἐὰν
2608 789 2664 847 δὲ
2721 791 2975 866 ἐρασθῆτε
3039 795 3137 856 τῆς
3185 792 3389 867 σαρκός
3433 812 3570 864 μου,
3620 789 3760 844 πάλιν
3823 842 3825 867 ι

2117 855 2305 952 ἔσομαι
2363 855 2595 958 τρέχων,
2655 855 2821 935 Πλέον
2884 855 2939 936 δέ
2998 901 3088 954 μοι
3141 855 3505 959 παρέσχεσθι
3555 855 3760 934 erui-.-
3823 855 3827 964 ll

2118 971 2305 1032 σθῆναι
2364 975 2502 1047 Θεῷ,
2535 971 2608 1033 ὡς
2638 968 2719 1025 ’ἐτι
2768 970 3143 1043 θυσιαστήριον
3187 968 3411 1042 ἕτοιμόν
3461 968 3642 1040 ἐστιν,
3689 969 3760 1021 in
3827 1024 3829 1026 .

2117 1056 2172 1111 ἐν
2203 1055 2386 1132 ἀγάπῃ
2446 1059 2612 1136 χορὸς
2656 1057 2937 1134 γενὸπενοι
2995 1057 3160 1128 ᾆσητε
3201 1064 3280 1130 τῷ
3335 1059 3516 1130 Πατρὶ
3544 1057 3601 1112 ἓν
3646 1064 3762 1131 Σίκα

2118 1147 2230 1219 στῷ
2282 1147 2483 1225 Ἰησοῦ,
2529 1145 2610 1201 ὅτι
2667 1149 2758 1202 τὸν
2809 1149 3100 1204 ἒπίσκοπον
3150 1148 3342 1224 Συρὲας
3376 1149 3404 1202 ὁ
3439 1148 3585 1209 Θεὸς
3641 1167 3762 1200 κατ-

2118 1233 2341 1300 ηξίωσεν
2388 1236 2658 1313 εὗρεθῆναι
2736 1237 2811 1300 εἷς
2880 1234 3025 1292 δόσιν
3095 1235 3201 1291 ἀπὸ
3245 1235 3528 1302 ἀνατολῆς
3584 1241 3765 1290 τοῦτον

2117 1325 2630 1398 μεταπεμψάμενος,
2686 1324 2862 1382 Καλὸν
2913 1327 2974 1380 τὸ
3016 1322 3161 1381 δῦναι
3207 1323 3311 1380 ἄπο
3361 1327 3584 1397 κόσμου
3641 1325 3763 1397 πρὸς

2117 1414 2268 1492 Θεὸν,
2301 1412 2395 1468 ἵνα
2428 1415 2501 1477 εἷς
2535 1412 2694 1468 αὒτὸν
2713 1413 3097 1488 ὰνατείλωμεν,
3132 1411 3399 1472 Ούδέποτε
3429 1411 3764 1479 ἑϐασιιὰνατε

2115 1499 2315 1581 οῦδενλι,
2352 1501 2544 1565 ἄλλους
2576 1501 2869 1567 ἐδιδάξατε.

2195 1605 2258 1671 ι’.
2293 1613 2438 1694 Ἐγὼ
2471 1613 2524 1670 δὲ
2565 1615 2728 1688 θέλω,
2765 1615 2860 1671 ἵνα
2895 1617 3120 1672 κάκεῖνα
3171 1613 3360 1691 βέϐαια
3410 1620 3476 1695 ᾗ,
3516 1616 3550 1670 ἃ
3581 1619 3765 1690 p.107.-
3842 1656 3843 1680 χ

390 1708 558 1790 bilia,
591 1726 722 1788 quae
747 1708 1038 1768 docentes
1092 1702 1437 1783 praecipitis.
1471 1700 1676 1763 Solum
1709 1707 1935 1790 rogate,
1970 1705 2032 1758 ut

2124 1703 2355 1767 εεύοντες
2438 1704 2710 1766 τέλλεσθε,
2799 1707 2962 1760 Μόνοι
3033 1727 3123 1780 μοι
3183 1703 3408 1778 δύναμιν
3474 1706 3764 1774 αἰτήσασθε
3844 1748 3845 1758 η

389 1787 781 1859 ὀεηῖιιτίῐῐιίῒιί
812 1795 965 1857 vires
997 1814 1030 1855 a
1086 1792 1360 1864 Domino,
1401 1799 1461 1849 ut
1495 1808 1612 1849 non
1643 1788 1835 1848 solum
1869 1787 2034 1848 dicar

389 1882 906 1957 Christianus,sed
939 1880 1115 1942 etiam
1150 1877 1419 1939 inveniar
1449 1888 1511 1936 et
1538 1875 1653 1936 dici
1690 1881 1942 1955 possim,
1977 1881 2035 1934 et

393 1981 534 2034 tunc
569 1970 823 2033 videbor
849 1988 979 2030 esse
1016 1964 1481 2046 ﬁdelis,quando
1515 1963 1739 2024 mundo
1771 1982 1890 2023 non
1925 1981 2034 2042 ap-

391 2058 806 2142 pareboNibil
833 2060 990 2120 enim
1017 2057 1175 2137 quod
1190 2064 1436 2136 apparet
1461 2063 1552 2113 est
1575 2051 2037 2123 aternumﬂuac

390 2150 551 2213 enim
585 2146 1182 2224 cernuntur,suntad
1221 2154 1497 2219 tempus:
1526 2161 1657 2220 quae
1687 2152 1880 2201 autem
1918 2157 2035 2199 non

389 2239 690 2315 videntur,
719 2248 966 2299 aeterna.
1002 2235 1124 2315 Ego
1151 2233 1352 2295 scribo
1386 2231 1694 2303 Ecclesiis,
1729 2238 1786 2290 et
1819 2229 2036 2289 mando

389 2331 689 2403 omnibus,
717 2328 875 2409 quod
906 2347 1016 2404 ego
1050 2326 1264 2385 lubens
1293 2342 1398 2404 pro
1431 2322 1667 2382 Christo
1701 2319 1950 2391 morior,
1987 2318 2035 2377 si

388 2438 492 2480 vos
515 2439 632 2480 non
665 2417 1118 2499 prohibueritis.
1152 2413 1320 2490 Rogo
1357 2431 1484 2480 vos,
1520 2428 1594 2471 ne
1620 2410 1698 2468 sit
1731 2409 2035 2487 intempe-

390 2511 536 2570 stiva
565 2497 764 2570 vestra
795 2507 857 2567 in
893 2525 987 2567 me
1019 2500 1439 2566 benevolentia
1465 2523 1476 2558 :
1504 2499 1684 2560 sinite
1721 2516 1814 2558 me
1845 2497 2032 2557 devo-

386 2599 507 2662 rari
534 2617 566 2659 a
589 2598 868 2676 feris,per
890 2614 1036 2676 quas
1055 2595 1197 2655 licet
1219 2595 1407 2654 Deum
1441 2585 1902 2676 consequi.Sum
1927 2584 2034 2676 Dei

391 2673 853 2756 frumentum,et
870 2673 1063 2744 molor
1086 2700 1192 2761 per
1213 2681 1426 2741 dentes
1449 2673 2033 2749 ferarum,utChristi

373 2777 670 2855 inveniar
701 2774 961 2835 mundus
990 2773 1180 2850 panis.
1215 2769 1384 2832 Feris
1420 2767 1614 2845 potius
1650 2764 2033 2836 blandimiui,

398 2877 464 2927 ut
496 2867 639 2927 ﬁant
671 2863 819 2924 mihi
847 2861 1219 2940 sepulcrum,
1254 2867 1313 2918 et
1341 2857 1490 2918 nihil
1539 2854 1887 2935 relinquant
1917 2852 2036 2914 mei

399 2954 696 3034 corporis,
730 2969 806 3012 ne
836 2951 1068 3028 sopitus
1099 2951 1239 3008 ﬁam
1272 2947 1494 3024 gravis.
1526 2942 1692 3004 Tunc
1725 2961 1827 3005 ero
1859 2959 2034 3001 verus

2116 1791 2332 1858 δοθῆναι
2363 1795 2504 1872 παρὰ
2549 1801 2700 1868 Θεοῦ,
2748 1793 2839 1848 ’ἵνα
2885 1795 2962 1868 μὴ
3013 1804 3175 1868 μόνον
3221 1792 3468 1870 λέγωμαι
3506 1801 3766 1870 Χριστια·
3846 1838 3847 1842 η

2119 1884 2228 1955 νὸς,
2290 1881 2428 1937 ἀλλὰ
2489 1885 2577 1938 καὶ
2639 1885 2829 1959 εὑρεθῶ
2886 1884 2975 1938 καὶ
3023 1882 3268 1958 λέγεσθαι
3339 1879 3622 1954 δύνωμαι,
3682 1886 3769 1940 Καὶ

2120 1972 2238 2027 τότε
2269 1973 2458 2035 πιστὸς
2502 1970 2646 2028 ἐῖναι
2697 1973 3024 2050 ὀφθήσομαι,
3071 1969 3157 2026 ὅτε
3215 1970 3403 2046 κόσμῳ
3454 1972 3543 2044 μή
3582 1974 3770 2052 φαίνοι

2122 2075 2264 2133 μαι·
2324 2059 2466 2118 οῦδὲν
2527 2061 2626 2137 γὰρ
2683 2063 3004 2139 φαινόμενον
3079 2059 3311 2136 αἰώνιον,
3374 2060 3492 2117 ἐπεὶ
3561 2063 3659 2117 καὶ
3715 2063 3772 2117 τα

2120 2149 2426 2225 βλεπόμενα
2477 2151 2797 2229 πρόσκαιρα,
2859 2150 2924 2204 τὰ
2967 2147 3022 2204 δὲ
3067 2150 3144 2223 μὴ
3175 2149 3488 2224 βλεπόμενα
3554 2150 3770 2211 αἰώνια,
3854 2201 3855 2210 ξ

2121 2237 2264 2315 Ἐγὼ
2319 2239 2505 2316 γράφω
2548 2251 2667 2302 ταῖς
2723 2236 3068 2304 Ἐκκλησῖαις
3129 2240 3218 2294 καὶ
3273 2237 3602 2314 ἐντέλλομαι
3662 2246 3771 2294 πί-
3856 2290 3857 2296 η

2118 2349 2224 2399 σιν,
2273 2325 2354 2382 ὅτι
2411 2327 2519 2404 ἐγὼ
2585 2329 2721 2382 ἑκὼν
2778 2327 2907 2404 ὑπὲρ
2967 2334 3098 2384 Θεοῦ
3157 2327 3508 2400 ἀποθνήσκω,
3574 2328 3770 2407 ἐάνπερ

2115 2418 2272 2488 ὑμεῖς
2331 2416 2409 2489 μὴ
2464 2415 2743 2481 κωλύσητε
2778 2432 2792 2446 ⁸
2860 2415 3158 2492 παρακαλῶ
3221 2418 3385 2494 ὑμᾶς,
3442 2419 3526 2492 μή
3591 2416 3768 2473 εὖνοια

2117 2504 2334 2580 ἄκαιρος
2367 2505 2604 2580 γένοισθέ
2637 2527 2740 2580 μου
2780 2523 2795 2538 ⁸
2830 2503 2990 2583 ἔφετὲ
3019 2526 3087 2578 με
3136 2507 3333 2582 θηρίων
3380 2507 3531 2561 εἶναι
3576 2509 3767 2582 βορὰν,

2117 2592 2190 2649 δι’
2223 2595 2297 2650 ὧν
2342 2593 2510 2650 ἔνεστι
2568 2601 2699 2650 Θεοῦ
2753 2594 3058 2672 ἐπιτυχεῖν,
3115 2600 3274 2658 Σϊτος
3326 2595 3433 2668 εἶμὶ
3466 2598 3632 2668 Θεοῦ,
3685 2599 3766 2651 καί

2117 2681 2184 2737 δι’
2241 2681 2471 2737 ὀδόντων
2530 2684 2725 2762 θηρίων
2785 2682 3074 2756 ἆλῆθομαι,
3141 2683 3236 2739 ’ἶνα
3294 2685 3527 2760 καθαρὸς
3606 2684 3764 2758 ἄρτος

2117 2774 2309 2848 εὗρεθῶ
2356 2779 2449 2828 τοῦ
2527 2772 2793 2850 Χριστοῦ·
2869 2770 3077 2846 μᾶλλον
3149 2769 3201 2826 δὲ
3276 2770 3645 2829 κολακεύσατε
3705 2778 3765 2830 τᾶ

2115 2861 2293 2939 θηρία,
2352 2863 2443 2916 ἳνα
2516 2884 2606 2935 μοι
2648 2862 2812 2940 τάφος
2868 2860 3126 2938 γένωνται
3171 2862 3260 2916 καὶ
3303 2859 3474 2936 μηδὲν
3532 2863 3764 2920 κατα.λί-

2117 2972 2256 3005 πωσι
2302 2957 2394 3006 τοῦ
2458 2949 2707 3022 σώματός
2774 2972 2898 3025 μου,
2966 2949 3059 3005 ἵνα
3118 2950 3196 3025 μὴ
3256 2953 3540 3026 κοιμηθεὶς
3599 2955 3762 3030 βαρὺς

399 3030 626 3106 Christi
675 3039 1030 3121 discipulus,
1063 3036 1302 3118 quando
1361 3052 1471 3095 nec
1522 3051 1738 3113 corpus
1793 3030 2034 3112 quidem

2124 3041 2392 3118 γένωμαι.
2423 3041 2553 3100 Τότε
2584 3041 2774 3116 ἔσομαι
2805 3041 3050 3116 μαθητὴς
3104 3041 3311 3108 ἀληθὴς
3353 3048 3446 3098 τοῦ
3507 3050 3762 3120 Χριστοῦ,

397 3151 596 3196 meum
651 3131 850 3192 adhuc
908 3127 1134 3189 videbit
1189 3123 1470 3185 mundus.
1533 3127 1646 3183 Pro
1679 3141 1775 3182 me
1800 3121 2034 3184 Christo

396 3222 749 3304 supplicate,
799 3228 863 3280 ut
897 3237 1002 3298 per
1033 3218 1158 3277 haec
1187 3215 1588 3275 instrumenta
1624 3210 1842 3271 munda
1870 3209 2039 3270 inve-

395 3297 528 3372 niar
587 3310 803 3370 hostia.
866 3297 993 3368 Non
1054 3305 1206 3364 sicut
1257 3302 1467 3362 Petrus
1525 3308 1585 3362 et
1615 3299 1836 3359 Paulus
1872 3297 2040 3358 vobis

398 3401 705 3481 przecipio.
742 3397 833 3458 Illi
869 3394 1290 3474 Apostoli,ego
1317 3391 1755 3481 condemnatus
1791 3407 1803 3450 :
1841 3387 1927 3481 illi
1961 3387 2037 3448 li-

400 3477 670 3566 beri,ego
693 3497 887 3547 autem
915 3503 1125 3544 servus
1155 3499 1348 3560 usque
1380 3481 1436 3539 in
1473 3479 1826 3540 hodiernum
1851 3477 2032 3537 diem:

399 3581 501 3640 sed
557 3579 606 3638 si
665 3575 998 3646 volueritis,
1065 3592 1173 3649 ego
1208 3572 1494 3631 liberatus
1523 3568 1664 3632 Jesu
1698 3566 1940 3640 Christi,
1979 3574 2038 3626 et

397 3686 713 3745 exsurgam
748 3666 807 3724 in
835 3666 960 3744 ipso
992 3663 1168 3722 liber.

473 3781 742 3844 XLNunc
772 3780 938 3840 disco
970 3779 1200 3838 vinctus
1231 3775 1381 3835 nihil
1420 3773 1787 3834 mundanum
1812 3789 2034 3851 cupere

395 3883 497 3934 aut
527 3873 727 3938 inane,
759 3889 791 3929 a
824 3869 996 3948 Syria
1054 3884 1241 3944 usque
1291 3867 1359 3926 ad
1412 3865 1662 3927 Romam
1698 3862 1884 3939 ipsam
1920 3880 2032 3940 pu-

394 3982 583 4041 gnans
615 3979 744 4022 cum
783 3960 1178 4028 bestiis,terra
1210 3965 1265 4014 et
1301 3954 1660 4026 mari,noctu
1687 3960 1746 4011 et
1775 3951 1872 4009 diu
1900 3950 2035 4010 vin-

396 4040 524 4112 etus
555 4053 762 4112 decem
801 4046 1127 4126 li-opardis,
1162 4045 1266 4118 qui
1299 4054 1436 4104 sunt
1465 4043 1686 4102 cohors
1720 4040 2029 4102 militaris:

397 4145 495 4222 qui
530 4146 708 4203 etiam
747 4141 792 4197 si
827 4136 1122 4198 beneﬁcio
1145 4128 2032 4204 afﬁcianturﬁuntdeteriores.

393 4217 458 4293 In
492 4250 696 4291 eorum
731 4248 868 4287 vero
902 4226 1138 4305 injuriis
1172 4225 1358 4301 magis
1381 4223 1569 4282 disco.
1609 4217 1840 4280 Utinam
1875 4220 2039 4280 lruar

398 4322 606 4381 bestiis
641 4319 785 4378 mihi
822 4317 1059 4394 paratis,
1125 4325 1184 4374 et
1234 4323 1397 4393 opto.
1430 4318 1492 4370 ut
1526 4329 1610 4370 ea}
1644 4309 1788 4369 mihi
1822 4318 2037 4388 paratae

402 4408 781 4471 inveniantur
817 4426 828 4461 :
865 4403 1082 4482 quibus
1114 4409 1289 4462 etiam
1317 4399 1686 4471 blandiar,ut
1722 4415 1816 4456 me
1845 4399 2034 4475 proti-

2125 4406 2332 4480 σμένων
2387 4406 2474 4461 καὶ
2537 4403 2770 4484 εὔχομαι
2833 4403 3027 4479 ἕτοιμα
3071 4425 3161 4478 μοι
3222 4404 3496 4480 εὑρεθῆναι
3533 4423 3544 4435 ·

400 4515 513 4556 nus
548 4497 856 4564 deviirent,
893 4511 1008 4552 non
1042 4491 1199 4552 sicut
1240 4490 1527 4568 quosdam
1567 4486 1783 4546 timore
1812 4487 2040 4547 aﬂ'ecta}

399 4605 518 4645 non
554 4579 1083 4658 tetigi«runt.Quod
1111 4580 1155 4637 si
1184 4596 1268 4639 ea;
1293 4583 1469 4638 etiam
1496 4577 1692 4636 invitae
1714 4575 2034 4650 noluerint,

399 4686 457 4737 at
488 4695 595 4753 ego
653 4674 710 4733 vi
741 4672 993 4749 adigam.
1035 4669 1334 4744 ignoscite
1372 4665 1542 4744 mihi,
1578 4665 1700 4724 scio
1733 4665 1875 4742 quid
1909 4683 2041 4726 mea

397 4765 658 4826 intersit.
697 4761 863 4824 Nunc
913 4759 1134 4836 incipio
1191 4775 1324 4818 esse
1355 4754 1710 4833 discipulus,
1744 4763 1806 4813 ut
1835 4755 2038 4816 Jesum

395 4856 705 4918 Christum
739 4847 1213 4929 assequar.lgnis
1246 4856 1304 4906 et
1335 4843 1842 4923 crux,bestiarum
1880 4844 2037 4904 irru-

397 4937 1442 5023 ptiones,dissectiones,divisiones,
1479 4932 1811 5012 amputatio
1844 4951 2037 4994 mem-

397 5021 902 5105 brorum,trituraa
922 5025 1473 5106 totiuscorporis,et
1495 5021 1718 5084 diaboli
1745 5032 2041 5084 tormenta

398 5141 579 5201 super
605 5141 698 5181 me
733 5121 993 5192 veniant,
1026 5115 1352 5178 dummodo
1374 5114 1578 5176 Jesum
1610 5110 1907 5173 Christum
1943 5130 2040 5173 as-

397 5209 802 5289 sequar.Nihil
837 5206 982 5268 mihi
1014 5207 1341 5286 proderunt
1378 5201 2032 5279 mundijucunditates,

399 5317 595 5376 neque
620 5315 800 5372 regna
833 5297 1008 5372 hujus
1037 5293 1483 5356 saaculiMelius
1507 5301 1593 5351 est
1622 5291 1766 5351 mihi
1799 5291 1950 5351 mori
1975 5290 2035 5350 in

400 5382 633 5442 Christo
664 5383 1018 5463 Jesu,quam
1050 5401 1297 5459 regnum
1327 5381 1600 5441 obtinere
1635 5397 1824 5459 usque
1854 5380 1924 5438 ad
1961 5379 2035 5438 ti-

401 5487 507 5533 nes
540 5478 736 5536 terrae.
789 5473 944 5545 Quid
997 5475 1160 5533 enim
1195 5471 1445 5552 prodest
1475 5471 1727 5545 homini,
1760 5471 1812 5532 si
1844 5478 2031 5533 totum

2123 3130 2209 3186 ὅτε
2245 3129 2362 3188 οῦδὲ
2405 3132 2464 3186 τὸ
2501 3135 2658 3205 σῶμα
2715 3152 2816 3203 μου
2863 3129 2942 3185 ’ἐτι
2989 3133 3016 3186 ὁ
3075 3131 3279 3205 κόσμος
3330 3129 3548 3205 ὄψεται.
3598 3140 3766 3188 Λιτα-

2123 3219 2340 3274 νεύσατε
2398 3223 2474 3292 τῷ
2532 3224 2742 3297 Χριστῷ
2792 3219 2923 3294 ὑπὲρ
2956 3218 3106 3292 ἐμοῦ,
3141 3219 3232 3274 ἵνα
3266 3217 3348 3273 διὰ
3377 3223 3484 3274 τῶν
3527 3220 3768 3298 ὁργένων

2121 3311 2322 3364 τούτων
2372 3309 2520 3364 θυσία
2585 3309 2786 3386 καθαρὰ
2850 3309 3065 3384 εὕρεϐὦ.
3127 3311 3245 3386 Οὖχ
3308 3309 3382 3373 ὡς
3426 3309 3624 3388 Πέτρος
3681 3319 3767 3367 καὶ

2124 3397 2331 3459 [Ιαῦλος
2389 3396 2743 3471 διατάσσομαι
2780 3414 2793 3427 ⁸
2833 3396 3027 3453 ἐκεῖνοι
3063 3397 3380 3477 ἀπόστολοι,
3425 3398 3536 3475 ἐγὼ
3595 3402 3764 3455 κατεί-

2121 3509 2295 3565 κριτος
2332 3503 2345 3517 ·
2383 3487 2580 3543 ἐκεῖνοι
2626 3485 2911 3563 ἐλεύθεροι,
2961 3485 3069 3563 ἐγὼ
3115 3484 3169 3540 δὲ
3217 3486 3382 3565 μέχρι
3415 3487 3504 3541 νῦν
3550 3485 3760 3550 δοῦλος.

2121 3574 2270 3632 Ἀλλ’
2328 3577 2416 3632 ἐὰν
2459 3575 2749 3648 θελήσητε,
2800 3574 3148 3654 ἀπελεύθερος
3194 3573 3372 3642 Ἰησοῦ
3417 3583 3648 3654 Χριστοῦ
3677 3584 3762 3635 καὶ

2117 3665 2486 3740 ἀναστήσομαι
2510 3665 2564 3721 ἐν
2589 3666 2730 3740 αότῷ
2761 3664 3053 3744 ἐλεύθερος.

2199 3781 2308 3840 IA'.
2371 3789 2474 3840 Νῦν
2533 3784 2780 3856 μανθάνω
2858 3779 3160 3858 δεδεμένος,
3234 3777 3402 3854 μηδὲν
3475 3780 3756 3856 ἐπιθυμεῖν

2118 3874 2375 3945 κοσμικὸν
2418 3870 2454 3939 ἢ
2499 3871 2746 3945 μάταιον,
2799 3869 2904 3926 ἀπὸ
2966 3869 3153 3947 Συρίας
3198 3867 3363 3948 μέχρι
3395 3869 3495 3936 τῆς
3542 3860 3680 3944 Ῥώμ
3698 3892 3755 3936 ης

2120 3961 2282 4027 αὐτῆς
2342 3962 2724 4038 θηριομαχῶν,
2772 3959 2879 4015 ἀπὸ
2923 3963 3027 4035 γῆς
3070 3961 3156 4014 καὶ
3210 3959 3509 4037 θαλάσσης,
3568 3963 3753 4021 νυκτὸς

2119 4051 2212 4106 καῖ
2273 4049 2475 4127 ἡμέρας
2560 4047 2870 4122 δεδεσμένος
2950 4047 3076 4104 δέκα
3156 4045 3500 4126 λεοπάρδοις,
3562 4047 3592 4104 ὃ
3648 4049 3755 4103 ἐστι

2122 4139 2502 4217 στρατιωτικὸν
2545 4138 2748 4216 τάγμα,
2818 4140 2871 4194 οἳ
2931 4136 3026 4193 καὶ
3070 4137 3500 4213 εὐεργετούμενοι
3545 4138 3753 4216 χείρους

2122 4229 2378 4306 γίνονται.
2413 4227 2504 4283 Ἐν
2550 4225 2603 4282 ’δὲ
2647 4241 2766 4290 τοῖς
2811 4225 3135 4296 ἀδικήμασιν
3180 4226 3352 4280 αὐτῶν
3383 4224 3591 4299 μᾶλλον
3645 4248 3752 4301 μα-

2121 4317 2414 4392 θητεύομαι
2446 4333 2460 4346 ·
2524 4316 2752 4391 ὀναίμην
2792 4321 2896 4371 τῶν
2955 4314 3150 4392 θηρίων
3207 4319 3312 4370 τῶν
3368 4315 3491 4387 ἱμοὶ
3537 4315 3749 4388 ἑτοιμα-

3596 4403 3627 4458 at
3671 4404 3748 4458 καὶ

2120 4495 2452 4572 κολακεύσω,
2516 4495 2791 4568 συντόμως
2848 4515 2915 4568 με
2986 4507 3347 4571 καταφαγεῖν,
3411 4494 3517 4571 οὐχ
3584 4493 3746 4568 ὥσπερ

2121 4587 2277 4640 τινῶν
2321 4582 2692 4658 δειλαινόμενα
2737 4584 2840 4661 οὔχ
2899 4581 3110 4655 ἥψαντο
3144 4598 3158 4613 '
3191 4580 3289 4637 κᾶν
3323 4582 3455 4638 αὐτὰ
3482 4580 3538 4636 δὲ
3569 4579 3744 4638 ἄκοντα

2123 4676 2201 4745 μὴ
2256 4670 2552 4741 θελήσειεν,
2634 4671 2743 4748 ἐγὼ
2799 4669 2854 4726 δὲ
2931 4668 3357 4748 παραὸιάσομαι.
3431 4677 3745 4747 Συγγνώμην

2126 4761 2282 4839 ἔχετέ
2327 4781 2419 4833 μοι
2453 4776 2466 4789 ’
2503 4761 2552 4816 τί
2598 4782 2688 4833 μοι
2737 4758 3012 4837 συμφέρει,
3060 4759 3168 4835 ἐγὼ
3213 4759 3485 4836 γινώσκω.
3523 4767 3624 4817 Νῦν
3663 4757 3742 4834 ἄρα

2124 4872 2297 4928 χομαι
2355 4851 2601 4923 μαθητὴς
2646 4849 2814 4919 εἶναι,
2848 4847 2942 4903 ἵνα
2985 4848 3166 4914 Ἰησοῦ
3219 4855 3448 4926 Χριστοῦ
3491 4848 3739 4926 ἐπιτύχω.

2125 4945 2231 5016 Πῦρ
2291 4940 2379 4994 καὶ
2432 4939 2680 5015 σταυρὸς,
2741 4938 2938 5015 θηρίων
2979 4958 3037 4992 τε
3110 4937 3418 5016 συστάσεις,
3484 4937 3742 5011 ἆνατομαί,

2123 5025 2433 5106 διαιρέσεις,
2521 5029 2848 5106 σκορπισμοί
2916 5026 3139 5100 ὀστέων,
3223 5027 3474 5104 συγκοπὴ
3559 5027 3741 5101 μελῶν,

2123 5117 2359 5189 ἀλησμοὶ
2402 5116 2525 5173 ὅλον
2577 5117 2670 5171 τοῦ
2729 5116 3002 5192 σώματος,
3040 5115 3069 5182 ἢ
3110 5114 3363 5178 κολάσεις
3395 5123 3494 5172 τοῦ
3523 5113 3741 5171 διαϐόλου

2123 5205 2205 5262 ἐπ’
2261 5207 2356 5282 ἐμὲ
2401 5204 2769 5285 ἐρχέσθωσαν,
2825 5204 2988 5279 μόνον
3019 5203 3114 5260 ’ἕνα
3157 5203 3339 5272 Ἰησοῦ
3376 5211 3605 5281 Χριστοῦ
3642 5204 3738 5258 ἐπι-

2121 5297 2294 5373 τύχω,
2343 5293 2500 5353 Οὐδέν
2570 5315 2638 5368 με
2709 5291 2980 5372 ὠφελήσει
3034 5293 3098 5349 τὰ
3156 5295 3250 5350 τοῦ
3295 5293 3499 5368 κόσμου
3571 5290 3738 5368 τερπνὰ

2119 5381 2234 5441 οὒδὲ
2266 5385 2316 5438 αἱ
2340 5381 2614 5456 βασιλεῖαι
2646 5387 2737 5439 τοῦ
2768 5382 2960 5446 αἰῶνος
2990 5381 3200 5444 τούτου,
3259 5379 3434 5438 Καλόν
3483 5402 3576 5455 μοι
3619 5381 3735 5436 ἆτο-

2117 5471 2300 5529 θανεῖν
2331 5473 2386 5527 ἒν
2430 5477 2642 5549 Χριστῷ
2675 5470 2872 5547 Ἰησοῦ,
2908 5469 2944 5539 ἢ
2974 5471 3271 5548 βασιλεύειν
3313 5475 3422 5527 τῶν
3467 5470 3694 5551 περάτων
3720 5503 3731 5517 ι
