3954 6146
127 289 333 366 1281
1349 293 1534 364 VITA
1579 297 1640 363 S.
1711 293 2016 364 IGNATII
2057 289 2390 362 DEIFERI.
3401 289 3552 358 1282

124 443 264 504 τῆς·
337 443 464 517 γῆς.
514 438 574 495 Τί
615 437 714 514 γὰρ
758 435 1050 515 ὠφελεῖται
1109 435 1408 514 ἅνθρωπος,
1460 437 1549 491 ἐὰν
1598 434 1831 515 κερδήσῃ

1999 431 2207 494 indum
2242 432 2529 505 lucretur,
2567 437 2624 490 et
2678 447 2800 492 suae
2831 429 3046 490 animae
3092 431 3344 509 patiatur
3375 429 3552 490 detri-

125 528 250 583 τὸν
333 529 536 603 κόσμον
601 525 746 596 ὅλον,
795 525 890 583 καὶ
955 529 1203 601 ζημιωθῇ
1245 527 1340 593 τὴν
1399 527 1583 606 ψυχὴν
1647 525 1828 597 α-δτοῦ,

1999 533 2183 586 tntum
2217 521 2243 584 ἲ
2289 521 2461 584 Illum
2497 538 2720 601 quaero,
2758 522 2856 602 qui
2919 539 3022 601 pro
3056 519 3230 581 nobis
3264 528 3354 580 est
3402 537 3557 580 mor-

131 611 427 673 Ἐκεῖνον
456 621 602 686 ζητῶ
633 615 722 670 τὸν
756 614 886 692 ὑπὲρ
919 615 1076 688 ἡμῶν
1108 613 1458 671 ἀποθανόντα.
1915 622 2070 675 tuus.

243 703 376 764 IB’.
441 701 724 781 Σύγγνωτέ
781 725 897 778 μοι,
951 701 1186 781 ἀδελφοὶ,
1219 703 1298 777 μὴ
1359 701 1681 777 ἐμποδίσητέ
1741 726 1831 779 μοι

1999 702 2126 767 XII.
2153 701 2447 781 Ignoscite
2473 700 2644 773 mihi,
2669 700 2900 762 fratres:
2932 717 3005 760 ne
3033 699 3159 759 sitis
3189 697 3336 760 mihi
3371 697 3560 778 impe-

134 797 366 872 ζῆσαι,
403 790 542 867 μηδὲ
593 791 858 861 θελήσητὲ
889 813 957 866 με
1016 791 1328 848 ἀποθανεῖν·
1364 791 1522 870 ἄφετέ
1564 813 1632 867 με
1663 796 1831 849 καθα-

1999 791 2542 870 nento,quominus
2561 791 2778 870 vivam,
2812 807 3007 869 neque
3039 807 3135 849 me
3166 788 3356 847 velitis
3380 787 3553 847 mori.

134 882 258 954 ρὸν
329 882 441 962 φῶς
485 878 696 938 λαϐεῖν*
757 877 874 936 ἐκεῖ
928 880 1026 958 γὰρ
1077 880 1510 958 παραγενόμενος
1560 879 1832 959 ἄνθρωπος

1999 881 2110 942 iite
2143 899 2237 941 me
2269 899 2476 959 puram
2509 883 2702 939 lucem
2735 875 3188 958 accipere.Cum
3224 876 3366 937 illuc
3397 876 3556 936 enim

141 977 318 1029 Θεοῦ
373 968 586 1042 ἔσομαι,
660 968 1022 1046 Ἐπιτρέψατέ
1081 991 1172 1044 μοι
1219 969 1462 1044 μιμητὴν
1530 971 1672 1026 εἶναι
1741 977 1835 1026 τοῦ

1999 988 2272 1044 uero,ero
2301 970 2478 1030 homo
2513 968 2988 1030 Dei.Permittite
3012 967 3258 1040 mihi,ut
3283 966 3391 1026 sim
3417 965 3558 1026 imi-

141 1060 382 1123 πάθοος
440 1067 534 1116 τοῦ
604 1065 850 1136 Χριστοῦ³
910 1058 962 1113 εἴ
1019 1079 1098 1122 τις
1157 1059 1314 1115 αὒτὸν
1370 1059 1423 1114 ὲν
1476 1059 1647 1132 ἑαυτῷ
1689 1058 1830 1139 ἔχει,

2003 1078 2070 1120 οι·
2126 1058 2421 1140 passionis
2478 1056 2798 1121 Christi.Si
2829 1059 2962 1137 quis
3013 1066 3208 1137 ipsum
3244 1055 3304 1115 in
3358 1055 3557 1134 seipso

148 1148 438 1215 νοησάτω
489 1148 519 1203 ’0‘
575 1147 714 1204 θέλω
774 1147 869 1203 καῖ
911 1149 1337 1221 ’συμπαθησάτω
1394 1170 1506 1222 μοι,
1569 1146 1717 1212 εἰδὼς
1771 1151 1834 1206 τὰ

1999 1149 2118 1214 bet.
2153 1148 2443 1225 intelligat
2492 1147 2655 1227 quod
2708 1147 2893 1208 volo:
2948 1155 3006 1206 et
3064 1145 3210 1205 mihi
3258 1154 3563 1204 moveatur

148 1236 486 1316 συνέχοντά
529 1259 620 1310 με.
671 1227 728 1293 Ὀ
773 1235 961 1315 ἅρχων
1005 1248 1097 1294 τοῦ
1156 1237 1343 1298 αἰῶνος
1375 1237 1561 1292 τούτου
1609 1237 1832 1310 διαρπά-

1999 1237 2466 1309 mmiseratione,
2495 1255 2628 1297 cum
2655 1237 2805 1296 sciat
2833 1255 2963 1315 qua:
2995 1254 3090 1296 me
3120 1233 3554 1312 constringant.

147 1347 262 1382 σαι
327 1347 394 1400 με
429 1325 695 1402 βούλεται,
733 1325 822 1381 καὶ
862 1327 961 1391 τὴν
1014 1327 1086 1390 εἷς
1118 1326 1248 1381 Θεόν
1306 1349 1410 1400 μου
1436 1326 1659 1403 γνώμην
1715 1325 1834 1382 δια-ο

1999 1329 2206 1408 inceps
2225 1328 2403 1407 hujus
2425 1325 2634 1388 smculi
2658 1345 2752 1386 me
2784 1326 2907 1386 vult
2924 1325 3276 1403 diripere.et
3296 1341 3562 1384 corrum-

147 1416 466 1490 φθαιρῆναι.
533 1411 728 1481 Μῆἃεὶς
760 1413 849 1469 οὗν
893 1413 999 1468 τῶν
1031 1413 1312 1489 παράντων
1351 1415 1614 1496 βοηθείτω
1665 1418 1829 1486 αύτῷ*

1999 1435 2064 1478 re
2092 1436 2284 1477 meam
2309 1418 2366 1475 in
2393 1415 2579 1476 Deum
2608 1416 2986 1474 sententiam.
3019 1415 3203 1474 Nemo
3229 1431 3368 1490 ergo
3395 1431 3462 1474 ex
3487 1411 3560 1471 iis

150 1501 391 1577 μᾶλλον
422 1503 540 1578 ἐμοὶ
586 1495 826 1582 γένεσθε,
859 1500 1002 1559 τοῦτ’
1037 1501 1147 1558 ἔστι
1178 1509 1270 1558 τοῦ
1300 1510 1453 1560 Θεοῦ.
1501 1504 1590 1570 Μὴ
1618 1502 1835 1560 λαλεῖτε

2004 1507 2022 1567 i
2055 1507 2291 1578 adsunt,
2319 1505 2374 1566 ei
2398 1523 2570 1583 opem
2604 1505 2776 1566 ferat.
2810 1503 3012 1565 Estote
3047 1508 3160 1563 mei
3197 1502 3412 1582 potius,
3448 1501 3561 1561 hoc

150 1589 394 1654 Ἰησοῦν
456 1593 705 1669 Χριστὸν,
773 1591 976 1667 κόσμου
1053 1590 1107 1646 δὲ
1169 1591 1498 1666 ἐπιθυμεῖτε’
1579 1594 1835 1669 βασκανία

1999 1605 2032 1669 t,
2054 1595 2183 1656 Dei.
2209 1594 2294 1655 Ne
2327 1595 2656 1674 loquamini
2685 1594 2986 1655 Christum
3015 1591 3243 1664 Jesum,
3274 1590 3558 1650 mundum

155 1679 224 1735 ἐν
265 1683 398 1756 δμῖν
443 1683 521 1756 μὴ
582 1683 918 1738 κατοικείτωο
980 1679 1108 1756 μηδ’
1156 1682 1217 1736 ἃν
1275 1682 1382 1757 ἐγὼ
1424 1685 1606 1760 παρὼν
1660 1706 1835 1761 παρα-

1999 1704 2057 1747 ro
2091 1685 2575 1746 desideretis.Ne
2597 1682 3000 1744 habitetinter
3033 1700 3132 1741 vos
3160 1680 3403 1742 invidia.
3439 1681 3562 1742 Nec

157 1768 335 1826 καλῶ
388 1771 549 1844 ὑμᾶς,
605 1769 857 1837 πείσθητέ
910 1784 1023 1845 μοι·
1091 1771 1296 1834 τούτοις
1359 1769 1408 1827 δὲ
1455 1771 1657 1846 μᾶλλον
1713 1772 1834 1828 πεί-

2002 1793 2108 1853 ego
2140 1775 2378 1855 quidem
2435 1791 2698 1853 praisens
2731 1792 2830 1835 vos
2861 1790 3092 1850 rogem,
3123 1779 3328 1851 parete
3361 1769 3558 1869 mihi:

157 1862 372 1938 σθητε,
405 1861 495 1921 οἷς
541 1859 656 1916 ἒπὼ
686 1861 874 1942 γράφω
903 1861 1058 1935 ὑμῖν⁰
1096 1859 1148 1926 ἐξ
1209 1863 1282 1916 ὧν
1313 1863 1412 1938 γὰρ
1445 1863 1631 1941 γράφω
1677 1863 1829 1936 ὑμῖν,

2012 1873 2213 1927 autem
2251 1872 2452 1942 parete
2472 1862 2690 1942 potius,
2713 1880 2843 1942 qua;
2875 1880 2982 1940 ego
3016 1861 3087 1921 ad
3120 1878 3224 1921 vos
3246 1856 3565 1921 scribo.Ex

155 1947 281 2027 ἐρῶ
331 1956 419 2005 νοῦ
457 1949 803 2012 ἀποθανεῖν,
855 1941 911 2008 Ὀ
973 1949 1103 2024 ἐμὸς
1171 1950 1302 2028 ἔρως
1359 1950 1682 2028 ἐσταύρωται
1745 1954 1832 2006 καὶ

156 2039 270 2094 οὐκ
317 2037 460 2096 ἔστιν
511 2037 566 2093 ἐν
599 2037 717 2111 ἐμοὶ
750 2046 851 2116 πῦρ
896 2039 1174 2117 gloom,
1206 2037 1342 2118 ὓδωρ
1374 2038 1428 2095 δὲ
1489 2039 1694 2112 μᾶλλον
1727 2043 1832 2111 ζὼν

158 2128 262 2185 καὶ
325 2126 522 2184 λαλοῦν
553 2127 608 2183 ἐν
663 2129 806 2200 ἐμοὶ,
842 2127 1033 2184 ἕσωθέν
1084 2151 1176 2202 μοι
1223 2127 1413 2204 λέγων’
1483 2136 1643 2205 Δεῦρο
1705 2132 1830 2207 πρὸς

160 2218 269 2274 τὸν
331 2217 563 2292 Πατέρα.
627 2217 744 2296 Οὐχ
795 2215 993 2292 ἥδομαι
1039 2224 1206 2297 τροφῇ
1237 2221 1430 2297 φθορᾶς
1464 2217 1580 2276 οὐδὲ
1610 2217 1833 2287 ἡδοναῖς

166 2319 308 2370 ταῖς
368 2313 462 2363 τοῦ
491 2306 606 2382 βίου
651 2311 864 2384 τούτου,
900 2305 1055 2384 ἄρτον
1092 2315 1221 2363 Θεοῦ
1272 2307 1433 2386 θέλω,
1467 2305 1623 2384 ἄρτον
1672 2309 1831 2387 οὖρά-

166 2417 317 2468 νιον,
380 2392 538 2471 ἄρτον
599 2401 770 2466 ζωῆς,
826 2395 853 2449 ὅ
896 2397 1010 2451 ἔστι
1057 2394 1182 2473 σὰρξ
1240 2399 1418 2462 Ἰησοῦ
1469 2403 1702 2474 Χριστοῦ
1745 2405 1835 2453 τοῦ

172 2485 311 2540 Υἱοῦ
363 2486 455 2539 τοῦ
508 2486 661 2558 Θεοῦ,
719 2486 812 2541 τοῦ
869 2485 1153 2560 γενομένου
1209 2483 1262 2538 ἓν
1308 2485 1519 2558 ὑστέρῳ-
1563 2486 1624 2542 ἐκ
1665 2508 1832 2565 σπερ-

173 2594 354 2646 ματος
415 2571 586 2629 Δαυ³ιδ
645 2575 731 2630 καὶ
778 2571 1042 2650 Ἀϐραὰμ,
1082 2576 1169 2629 καὶ
1224 2576 1372 2648 πόμα
1430 2581 1565 2631 Θεαῦ
1597 2575 1732 2631 θέλω
1774 2577 1833 2632 τὸ

173 2662 324 2735 αῖμο
386 2664 566 2736 αὐτοῦ,
631 2661 657 2716 ὅ
706 2665 848 2720 ἔστιν
919 2663 1104 2740 ἀγάπη
1161 2662 1419 2742 ἄερθορτος
1495 2667 1582 2720 καὶ
1644 2664 1834 2729 ἆὲανος

171 2752 319 2821 ζωή.
382 2751 490 2808 Ούιι
548 2749 626 2807 ἔτι
684 2751 822 2808 θέλω
875 2753 1012 2808 κατὰ
1063 2751 1364 2830 ἀνθρώπους
1415 2758 1532 2829 ζῇν’
1582 2761 1736 2809 τοῦτο
1779 2753 1834 2810 δὲ

173 2839 358 2918 ἔσται,
415 2839 507 2897 ἐὰν
564 2842 694 2915 ύμεῖ
762 2840 1051 2911 θελήσητε.
1115 2841 1386 2912 Θελήσατε
1437 2845 1552 2922 σὺν,
1613 2843 1705 2900 ἵνα
1752 2845 1836 2899 acati

176 2930 342 3005 ὑμεῖς
415 2929 704 2996 θεληθῆτε·
779 2929 850 2986 δι’
923 2931 1118 3008 ὀλίγων
1189 2932 1519 3011 γραμμάτων
1593 2934 1838 3007 αἰτοῦμαι

176 3019 346 3098 ὑμᾶς,
381 3021 696 3077 πιστεύσατὲ
725 3043 842 3095 μοι.
903 3024 1091 3086 Ιησοῦς
1123 3019 1178 3078 δὲ
1237 3024 1462 3097 Χριστὸς
1491 3024 1622 3098 ὑμῖν
1673 3031 1838 3080 ταῦτα

1917 1954 1991 2016 iis
2017 1954 2178 2016 enim
2203 1971 2336 2032 quae
2352 1951 2554 2013 scribo
2578 1951 2654 2013 ad
2686 1951 2970 2026 vos,mori
2994 1947 3367 2029 cupio.Meus
3399 1965 3567 2008 amor

1916 2055 2007 2104 est
2057 2043 2220 2105 cruci
2250 2042 2484 2115 afﬁxus,
2519 2050 2580 2104 et
2631 2057 2752 2102 non
2780 2049 2870 2102 est
2921 2040 2981 2100 in
3027 2057 3122 2099 me
3153 2038 3309 2117 ignis
3359 2055 3565 2098 amans

1915 2131 2232 2194 mundanas
2282 2131 2592 2192 materiae:
2648 2148 2801 2210 aqua
2849 2138 3045 2190 autem
3101 2130 3294 2209 potius
3337 2127 3461 2188 viva
3507 2133 3567 2187 et

1915 2222 1977 2282 in
2032 2240 2123 2282 me
2155 2221 2431 2301 loquens,
2464 2238 2600 2296 quae
2651 2219 2812 2280 intus
2865 2218 3010 2280 mihi
3062 2219 3255 2279 dicit:
3309 2215 3459 2278 Veni
3489 2215 3565 2277 ad

1915 2310 2173 2372 Patrem.
2223 2309 2350 2370 Non
2383 2310 2651 2371 delector
2702 2308 3097 2380 nutrimento,
3132 2305 3562 2386 corruptionis,

1918 2418 2113 2479 neque
2165 2399 2567 2478 voluptatibus
2601 2398 2781 2477 hujus
2811 2400 2963 2459 vitae.
3011 2396 3229 2458 Panem
3264 2395 3372 2457 Dei
3398 2395 3563 2470 volo,

1922 2507 2134 2569 panem
2188 2490 2516 2562 ctelestem,
2558 2507 2768 2566 panem
2802 2489 2955 2562 vitae,
2991 2487 3091 2567 qui
3141 2494 3230 2547 est
3256 2503 3395 2548 caro
3424 2484 3566 2549 Jesu

1921 2576 2139 2640 Christi
2193 2578 2297 2640 ﬁlii
2327 2578 2457 2654 Dei,
2495 2578 2594 2656 qui
2630 2589 2838 2658 postea
2889 2587 3061 2636 natus
3093 2585 3183 2636 est
3232 2593 3304 2637 ex
3334 2573 3567 2636 semine

1918 2667 2102 2730 David
2130 2667 2510 2730 etAbraham
2545 2689 2557 2730 :
2582 2677 2641 2726 et
2668 2676 2869 2746 potum
2889 2666 2996 2728 Dei
3017 2665 3146 2726 volo
3173 2665 3303 2745 ejus
3330 2665 3568 2744 sangui-

1921 2758 2189 2837 nem,qui
2223 2766 2314 2818 est
2338 2757 2597 2819 charitas
2626 2757 3000 2836 incorrupta,
3024 2763 3083 2816 et
3109 2755 3225 2816 vita
3258 2755 3564 2836 perennis.

1920 2844 2049 2908 Non
2073 2847 2332 2925 amplius
2353 2846 2484 2906 volo
2508 2846 2706 2907 vivere
2736 2845 2892 2907 sicut
2913 2845 3335 2918 homines,hoc
3365 2853 3567 2906 autem

1922 2937 2056 3011 erit,
2084 2935 2134 2996 si
2167 2955 2267 2996 vos
2302 2935 2634 2997 volueritis.
2667 2933 2877 2997 Velitis
2909 2953 3078 3014 ergo,
3108 2941 3173 2994 ut
3203 2952 3306 2995 vos
3334 2951 3570 3014 quoque

1921 3022 2082 3086 Deus
2112 3025 2276 3086 velit.
2312 3024 2602 3086 Brevibus
2661 3022 2873 3086 litteris
2901 3031 3041 3102 peto
3091 3041 3125 3083 a
3158 3022 3325 3084 vobis
3355 3043 3368 3084 :
3422 3020 3570 3082 mihi

177 3109 480 3187 φανερώσει
511 3109 572 3164 τὸ
603 3108 829 3185 ἀψεοδὲς
873 3111 1070 3189 στόμα,
1119 3113 1199 3167 ὃτι
1245 3111 1419 3179 ἁληθῆ
1461 3110 1630 3187 λέγω.
1670 3115 1838 3182 Αἰτή-

1999 3114 2175 3176 edite.
2228 3112 2404 3176 Jesus
2453 3131 2588 3175 vero
2648 3111 2916 3174 Christus
2964 3111 3130 3174 cobis
3185 3111 3432 3192 aperiet,
3471 3110 3572 3191 qui

180 3184 345 3253 σασθε
385 3197 502 3276 περί
529 3184 682 3273 ἐμοῦ,
717 3198 811 3256 ἵνα
867 3184 1132 3278 ἐπιτύχω.
1189 3201 1260 3258 Οὒ
1309 3201 1443 3256 κατὰ
1501 3184 1668 3279 σάρκα
1711 3203 1839 3276 ὑμῖν

1999 3210 2016 3263 ι
2067 3222 2136 3264 os
2165 3221 2285 3264 non
2341 3203 2619 3275 mendax,
2655 3201 2812 3280 quod
2857 3219 2995 3262 vera
3038 3201 3174 3263 dico
3218 3184 3572 3280 petendo-ut

178 3285 420 3365 ἔγραψα,
451 3287 590 3346 ἀλλὰ
621 3290 757 3347 κατὰ
789 3311 1009 3368 γνωμην
1044 3297 1196 3352 Θεου.

257 3464 371 3527 1Γ¹.
448 3464 576 3524 Ἐὰν
640 3468 817 3546 πάθω,
880 3469 1243 3543 μνημονεύετε
1319 3468 1373 3524 ἐν
1447 3474 1516 3544 τῇ
1558 3475 1837 3549 προσευχῇ

172 3557 328 3628 ὑμῶν
383 3561 480 3623 τῆς
512 3555 570 3614 ἐν
626 3559 789 3636 Συρίᾳ
820 3557 1171 3631 Ἐκκλησίας,
1203 3557 1322 3624 ἥτις
1365 3559 1481 3615 ἀντὶ
1525 3558 1657 3633 ἰμοῦ
1709 3583 1832 3616 ποι-

176 3645 308 3720 μένε
336 3645 413 3719 τῷ
447 3651 562 3720 Θεῷ
607 3645 898 3725 κέχρηται·
949 3647 1110 3721 μόνος
1141 3647 1307 3714 αὐτὴν
1367 3647 1575 3714 ἰησοῦς
1607 3653 1832 3725 Χριστὸς

177 3734 537 3804 ἆπισκοπήσει
605 3735 692 3790 καὶ
747 3735 782 3802 ἡ
832 3735 983 3810 ὑμῶν
1042 3735 1253 3813 ἀγάπη,
1306 3735 1633 3807 Ἀσπάζεται
1693 3739 1831 3810 ὑμᾶς

177 3825 242 3880 τὸ
273 3822 403 3897 ἐμὸν
455 3830 667 3895 πνεῦμα
722 3826 814 3880 καὶ
867 3826 902 3892 ἡ
947 3823 1131 3902 ἀγάπη
1176 3827 1284 3882 τῶν
1344 3824 1684 3892 Ἐκκλησιῶν
1727 3833 1834 3883 τῶν

181 3909 482 3986 δεξάμένων
537 3933 604 3986 με
637 3913 710 3975 εἷς
764 3911 930 3988 ὄνομα
964 3913 1140 3980 Ἰησοῦ
1189 3922 1411 3994 Χριστοῦ
1443 3915 1546 3994 οὺχ
1589 3918 1659 3981 ὡς
1690 3939 1831 3995 παρ-

183 4001 454 4059 οδεύονταο
523 4004 610 4059 καὶ
655 4004 754 4080 γὰρ
809 4013 886 4079 μὴ
930 4004 1295 4080 προσήκουσαί
1344 4028 1436 4080 μοι
1493 4012 1562 4082 τῇ
1623 4003 1727 4081 ὂδῴ
1769 4013 1836 4084 τῇ

185 4090 323 4146 κατὰ
394 4090 565 4168 σάρκα
633 4093 773 4148 κατὰ
818 4091 977 4148 πόλιν
1050 4115 1117 4168 με
1162 4100 1460 4173 προσῆγονο
1537 4117 1724 4174 γραφω
1780 4094 1835 4152 δὲ

187 4180 314 4254 ὑμῖν
373 4187 536 4238 ταῦτα
575 4180 682 4237 ἀπὸ
730 4182 976 4260 Σμύρνης
1037 4181 1110 4237 δι’
1154 4182 1410 4264 Ἐφεσίων
1455 4187 1555 4240 νῶν
1607 4183 1834 4259 ἀξιομά-

189 4289 476 4346 καριστων.
541 4267 702 4326 Ἔστι
773 4267 829 4326 δὲ
887 4271 980 4326 σὺν
1025 4271 1204 4334 ἄλλοις
1261 4272 1489 4336 πολλοῖς
1550 4274 1663 4348 ἅμα
1717 4274 1836 4340 ἐμοὶ

190 4359 279 4413 καὶ
337 4359 562 4436 Κρόκος,
597 4360 660 4415 τὸ
697 4362 932 4426 ποθητὸν
961 4360 1132 4436 ὄνομα
1183 4361 1291 4418 τῶν
1338 4360 1693 4418 συνελθόντων
1743 4385 1834 4436 μοι

191 4446 298 4504 ἀπὸ
339 4448 527 4526 Συρίας
571 4451 643 4513 εἰς
673 4447 825 4514 δόξαν
878 4457 1032 4512 Θεοῦ.
1088 4449 1342 4528 ’Ἔγραψα
1393 4453 1523 4526 ὑμῖν
1566 4459 1730 4508 ταῦτα
1768 4457 1836 4527 τῇ

1923 3311 2280 3372 consequar.
2315 3291 2444 3353 Non
2478 3291 2807 3354 secundum
2833 3308 3074 3352 carnem
3107 3290 3179 3352 ad
3213 3307 3316 3351 vos
3344 3289 3568 3367 scribo,

1922 3382 2026 3443 sed
2053 3381 2383 3443 secundum
2416 3380 2526 3442 Dei
2550 3379 2932 3440 sententiam.

1999 3469 2154 3533 Xlll.
2208 3471 2271 3534 Si
2304 3488 2510 3550 passus
2564 3469 2753 3545 fuero,
2790 3474 3158 3530 mementote
3189 3466 3250 3529 in
3299 3467 3570 3530 oratione

1919 3569 2110 3622 vestra
2159 3561 2450 3622 Ecclesiae
2478 3559 2696 3638 Syriae,
2733 3577 2864 3638 quae
2896 3576 3001 3639 pro
3048 3576 3142 3619 me
3173 3567 3409 3638 pastore
3440 3560 3566 3621 Deo

1917 3649 2149 3712 vivitur.
2185 3648 2363 3712 Solus
2385 3649 2620 3728 ipsam]
2631 3665 2768 3709 esus
2789 3648 3062 3710 Christus
3087 3647 3368 3719 visitabit,
3395 3649 3568 3728 ejus-

1915 3758 2034 3820 que
2061 3758 2265 3801 curam
2299 3748 2468 3818 geret
2519 3747 2579 3800 et
2609 3746 2811 3799 vestra
2872 3738 3156 3801 charitas.
3192 3737 3422 3800 Salutat
3466 3756 3569 3800 vos

1919 3848 2085 3890 meus
2117 3827 2728 3908 spiritus,etcharitas
2753 3828 3324 3908 Ecclesiarum,quaa
3356 3847 3452 3890 me
3477 3847 3570 3890 su-

1919 3926 2246 3998 sceperunt
2275 3919 2335 3978 in
2373 3917 2618 3978 nomine
2669 3918 2804 3978 Jesu
2839 3916 3084 3993 Christi,
3119 3936 3237 3977 non
3288 3925 3570 3999 tanquam

1921 4008 2606 4070 transeuntem.Etenim
2635 4024 2768 4086 quae
2790 4007 2863 4067 ad
2889 4025 2986 4068 me
3013 4025 3130 4068 nou
3161 4007 3496 4068 attinebant
3519 4009 3578 4069 in

1918 4099 2173 4178 via,quaa
2194 4106 2285 4159 est
2315 4098 2646 4158 secundum
2680 4115 2950 4168 carnem,
2977 4114 3071 4158 me
3101 4096 3479 4158 deduxerunt
3506 4097 3568 4158 in

1919 4188 2246 4250 civitatem.
2282 4187 2495 4249 Scribo
2519 4195 2714 4247 autem
2745 4188 2871 4247 haec
2902 4187 2973 4247 ad
2995 4206 3099 4248 vos
3123 4204 3155 4247 e
3186 4189 3437 4265 Smyrna
3459 4203 3566 4264 per

1919 4279 2238 4357 Ephesios,
2267 4276 2368 4357 qui
2393 4277 2556 4354 digni
2591 4277 2845 4356 suntqui
2877 4275 3037 4336 beati
3061 4275 3432 4354 judicentur.
3464 4275 3568 4336 Est

1917 4385 2060 4428 vero
2094 4385 2326 4427 mecum
2363 4384 2496 4425 cum
2533 4365 2734 4426 multis
2764 4366 2896 4425 aliis
2927 4365 3149 4426 Crocus
3181 4383 3564 4445 quoque,no-

1921 4474 2058 4517 men
2091 4455 2494 4517 desiderabile
2517 4473 2725 4515 eorum
2769 4455 2870 4534 qui
2903 4472 3137 4515 mecum
3160 4463 3569 4517 convenerunt

192 4539 292 4616 πρὸ
365 4538 517 4595 ἐννεα
591 4539 878 4598 Καλανδῶν
969 4541 1351 4619 Σεπτεμϐρίου.
1399 4542 1686 4621 ἺΞῤῥωσθε
1759 4546 1831 4608 εἷς

1999 4545 2148 4626 Syria
2178 4545 2249 4606 ad
2285 4545 2532 4624 gloriam
2569 4545 2702 4608 Dei.
2760 4543 2903 4606 Haec
2937 4544 3008 4605 ad
3038 4563 3137 4606 vos
3171 4545 3380 4625 scripsi
3410 4564 3570 4608 nono

193 4626 365 4708 τέλος,
399 4628 669 4707 ἀγαπητοὶ
728 4630 780 4686 ἐν
831 4630 1080 4708 ὑπομονῇ
1124 4632 1303 4699 Ἰησοῦ
1348 4639 1595 4712 Χριστοῦ.
1659 4631 1834 4708 Ἀμὴν

275 4813 382 4875 1Δ’.
443 4811 611 4872 Ἀλλὰ
640 4817 804 4874 ταῦτα
863 4817 962 4893 μὲν
1018 4819 1086 4876 τὰ
1142 4823 1240 4884 τῆς
1289 4818 1605 4887 ἐπιστολῆς.
1668 4819 1838 4883 Αὐτὸς

200 4904 326 4980 μετὰ
358 4905 535 4985 βραχὺ
585 4906 690 4963 ἀπὸ
724 4907 996 4984 Σμύρνης,
1032 4907 1136 4964 ἀπὸ
1166 4913 1273 4963 τῶν
1331 4914 1672 4984 στρατιωτῶν
1705 4911 1835 4966 ἄνα-

201 4996 348 5073 χθεῖς
401 4997 488 5050 καὶ
522 4996 816 5074 προσσχὼν
844 4999 913 5073 τῇ
961 4995 1164 5073 Τρωάδι
1195 4998 1281 5052 καὶ
1334 4996 1598 5055 Νεαπόλει
1645 4999 1840 5077 παρῄει

201 5081 280 5138 διὰ
319 5081 603 5140 Φιλίππων
657 5087 749 5142 καὶ
808 5084 1136 5148 Μακεδονίας
1193 5093 1352 5163 πεζῇ,
1405 5087 1500 5149 τὰς
1560 5089 1703 5165 παρὰ
1745 5090 1844 5155 τὴν

202 5173 316 5228 ὁοὺν
375 5171 701 5240 Ἐκκλησιας
732 5173 1042 5232 ἐπισκοπῶν
1090 5177 1178 5232 καὶ
1207 5174 1469 5234 διδάσκων
1515 5177 1570 5232 ἓν
1625 5177 1838 5256 αὐταῖς,

203 5260 547 5339 παρακαλῶν,
621 5261 1004 5341 διαλεγόμενος
1075 5265 1194 5329 τοὺς
1267 5267 1667 5345 ἀκεραιοτέρους
1737 5269 1842 5322 τῶν

207 5349 434 5430 ἂδελφῶν
490 5351 917 5430 ἀσφαλιζόμενος
949 5354 1036 5410 καὶ
1094 5355 1295 5419 πάντας
1343 5355 1692 5433 ἐγρηγορέναι
1751 5357 1840 5412 καὶ

207 5441 381 5519 νήφειν
437 5442 878 5520 παρασκευάζων,
913 5443 1125 5506 Φθάσας
1169 5441 1228 5499 δὲ
1289 5445 1386 5512 τὴν
1420 5444 1475 5499 ἐν
1530 5442 1841 5520 Ἐπιδάμνῳ

208 5527 454 5610 Ἤπειρον
499 5532 586 5587 καὶ
629 5531 690 5587 τὸ
739 5528 1074 5608 Ἀδριατικὸν
1123 5553 1180 5590 τε
1231 5534 1318 5592 καὶ
1375 5531 1695 5611 Τυῤῥηνικὸν
1745 5533 1841 5591 πέ-

209 5616 359 5698 λαγος
413 5617 758 5694 διαπλεύσας,
818 5621 893 5686 εἰς
951 5621 1069 5697 τὰς,
1102 5624 1159 5678 ἒν
1215 5627 1284 5700 τῇ
1315 5613 1499 5698 Ῥὣμῃ
1556 5623 1844 5689 Ποτιόλους

1918 4635 2049 4698 Kal.
2083 4634 2393 4714 Septemb.
2451 4632 2664 4695 Valete
2697 4642 3011 4714 perpetuo,
3045 4635 3283 4710 fratres,
3318 4634 3380 4696 in
3415 4637 3569 4700 tole-

1917 4725 2110 4786 rantia
2140 4726 2279 4787 Jesu
2311 4723 2558 4786 Christi.
2590 4726 2809 4785 Amen.

2000 4811 2149 4876 XIV.
2190 4812 2305 4875 Sed
2339 4821 2430 4876 est
2465 4814 2587 4875 haec
2621 4814 2862 4893 quidem
2896 4812 3169 4894 epistola.
3202 4812 3337 4892 Ipse
3369 4821 3568 4876 autem

1926 4904 2104 4983 paulo
2124 4911 2313 4984 poste
2337 4902 2589 4983 Smyrna
2609 4904 2902 4965 deductus
2923 4923 2956 4964 a
2990 4902 3318 4966 militibus:
3348 4911 3406 4964 et
3435 4923 3569 4965 cum

1925 4993 2251 5072 appulisset
2274 4993 2568 5054 Troadam
2602 5002 2660 5053 et
2684 4993 3259 5070 Neapolim,transiit
3282 4993 3434 5073 pede
3466 5012 3573 5074 per

1923 5081 2231 5162 Philippos
2255 5090 2312 5144 et
2336 5083 2880 5154 Macedoniam,cas
2904 5101 3036 5162 qua
3068 5092 3203 5144 sunt
3226 5084 3284 5143 in
3313 5084 3401 5143 via
3428 5084 3574 5144 invi-

1927 5189 2065 5232 sens
2096 5170 2416 5241 Ecclesiae,
2450 5181 2507 5233 et
2531 5171 2592 5231 in
2615 5177 2700 5231 eis
2723 5171 2970 5242 docens;
3000 5171 3344 5245 exhortans,
3373 5173 3572 5234 disse-

1924 5278 2088 5334 rens,
2121 5260 2334 5322 fratres
2355 5262 2455 5342 qui
2485 5270 2652 5322 eraut
2677 5263 2852 5340 paulo
2876 5261 3277 5339 simpliciores
3305 5271 3359 5321 ct
3386 5262 3574 5323 imbe‘

1924 5350 2206 5426 cilliores,
2236 5351 2622 5422 confirmans,
2643 5359 2701 5410 et
2733 5350 3003 5411 efﬁciens
3040 5359 3103 5410 ut
3125 5371 3335 5412 omnes
3368 5350 3573 5429 vigila—

1925 5449 2060 5503 rent
2083 5449 2139 5501 et
2164 5449 2362 5502 essent
2385 5441 2590 5502 sobrii.
2618 5443 2764 5504 Cum
2800 5458 2942 5502 vero
2968 5443 3282 5503 transisset
3303 5441 3574 5520 Epirum,

1930 5538 1987 5592 et
2043 5548 2208 5593 mare
2259 5531 2594 5594 transiisset
2642 5529 3018 5596 Adriaticum
3077 5539 3136 5590 et
3205 5529 3573 5610 Tyrhenum,

1932 5620 2179 5702 appellit
2205 5620 2508 5687 Puteolos.
2543 5619 2813 5699 Hospitio
2858 5626 3052 5680 autem
3087 5629 3369 5698 exceptus
3399 5617 3574 5680 simul
