3954 6146
251 290 416 371 1285

1422 291 1604 368 VITA
1671 288 1729 363 ε.
1782 285 2083 364 IGNATII
2126 284 2457 360 DEIFERI.

3466 289 3620 359 1286

339 439 450 503 1Η’.
497 445 748 499 Τοιοῦτον
794 440 892 516 μὲν
925 438 987 506 δὴ
1014 441 1076 497 τὸ
1113 449 1206 499 τοῦ
1243 441 1507 520 Θεοφόρου
1537 439 1716 512 τέλος,
1749 435 1880 494 οὗτοι

2055 432 2257 496 XVIII.
2292 433 2400 494 Hic
2433 431 2680 514 quidem
2707 429 2818 494 fuit
2845 429 3037 494 exitus
3070 423 3412 510 Theophori
3442 449 3454 494 :
3491 433 3618 494 haec

246 533 303 586 οἱ
362 532 589 608 ἀγῶνες,
629 537 858 586 τοιοῦτοι
905 532 952 586 οἱ
1001 532 1132 608 πρὸς
1187 534 1410 608 Χριστὸν
1455 531 1613 588 αὐτοῦ
1657 550 1891 605 περιμα-

243 635 366 683 νεῖς
400 619 616 696 ἔρωτες.
674 627 944 697 Μαρτυρεῖ
988 618 1042 674 δὲ
1089 621 1175 675 καὶ
1219 622 1246 674 6
1313 621 1621 697 Εἰρηναῖος,
1669 621 1696 675 6
1749 624 1889 676 Λουο

242 708 484 786 γδούνων
527 706 854 787 ἐπίσκοπος,
917 709 1052 786 ἀνὴρ
1109 706 1271 786 λόγου
1342 707 1507 785 ἄξιος,
1555 706 1640 762 διὰ
1683 706 1892 772 πολλῆς

243 799 475 872 μνήμης
507 798 572 855 τὰ
601 797 696 854 τοῦ
731 797 998 876 Θεοφόρου
1027 798 1346 872 ποιούμενος
1397 796 1559 876 [add.
1597 815 1612 858 ε
1652 798 1748 855 Καὶ
1791 795 1892 873 γὰρ

246 890 282 944 ὁ
343 885 708 964 Πολύκαρπος]
771 889 798 942 6
874 891 975 952 τῆς
1047 886 1183 943 κατᾶ
1270 887 1512 963 Σμύρναν
1567 884 1890 952 Ἐκκλησίας

244 977 512 1056 προστὰς,
571 974 627 1040 ὅς
684 997 742 1031 τε
801 975 946 1049 αὖτῷ
1000 976 1090 1032 καὶ
1148 976 1222 1038 εἷς
1304 974 1549 1032 Ἰωάννου
1615 975 1890 1054 συνεφοίτα

244 1075 347 1125 τοῦ
402 1063 787 1144 εὐαγγελιστοῦ
864 1063 959 1120 καί
1017 1062 1293 1140 θεολόγου,
1354 1067 1441 1120 καὶ
1499 1063 1780 1140 δεσμώτην
1839 1061 1891 1127 ἐξ

248 1153 595 1234 Ἀντιοχείας
638 1152 905 1230 ἀγόμενον
963 1155 1037 1216 εἷς
1101 1151 1317 1226 Ῥώμην
1362 1153 1667 1225 ἠσπάσατο,
1717 1153 1888 1214 καθὼς

249 1241 358 1310 ἤδη
393 1245 482 1300 καὶ
525 1244 938 1317 μεμαθήκαμεν,
985 1248 1203 1298 τοιαῦτα
1246 1264 1345 1298 που
1406 1243 1511 1299 τῶν
1559 1246 1718 1301 αὒτοῦ
1761 1242 1896 1321 γρά-

249 1354 366 1410 φων
428 1329 726 1388 ἐπιστολῶν
759 1347 774 1362 ⁸
826 1329 1128 1408 Παρακαλῶ
1171 1332 1330 1406 ὓμᾶς,
1394 1329 1632 1410 ἀδελφοὶ,
1671 1335 1894 1410 πειθαρ-

251 1434 384 1500 χεῖν
440 1422 526 1475 καὶ
575 1425 752 1476 πᾶσαν
814 1419 1092 1491 ὑπομονὴν
1149 1433 1360 1494 ασκεῖν,
1408 1420 1476 1488 ἣν
1547 1419 1719 1476 εἴδετε
1775 1419 1898 1476 κατ’

249 1508 557 1588 ὀφθαλμοὺς
616 1511 677 1566 ού
737 1509 899 1584 μόνον
952 1511 1009 1564 ἒν
1055 1522 1174 1574 τοῖς
1207 1510 1486 1588 μακαρίοις
1523 1507 1766 1586 Ἰγνατίῳ
1809 1503 1895 1564 καὶ

253 1589 461 1678 Ῥούφῳ
516 1600 604 1654 καὶ
661 1598 908 1672 Ζωσίμῳ,
984 1597 1122 1654 ἀλλὰ
1179 1601 1268 1654 καὶ
1333 1597 1387 1654 έν
1432 1598 1616 1662 ἄλλοις
1661 1597 1891 1661 πολλοῖς

243 1701 364 1749 τοῖς
398 1687 450 1752 ἐξ
479 1689 628 1762 ὑμῶν
660 1687 754 1744 καὶ
801 1686 856 1742 ἐν
888 1688 1031 1761 αὐτῷ
1075 1687 1270 1759 Παύλῳ
1311 1689 1398 1744 καὶ
1451 1701 1568 1753 τοῖς
1601 1688 1692 1744 σὺν
1749 1692 1890 1760 αὖτῷ

238 1777 681 1850 πεπιστευκόσιν,
729 1775 811 1832 ὅτι
869 1777 957 1832 καὶ
1001 1779 1144 1833 οὗτοι
1212 1778 1408 1840 πάντες
1458 1782 1553 1837 οὐκ
1606 1779 1681 1838 εἰς
1739 1779 1888 1833 κενὸν

243 1865 494 1944 ἔδραμον,
558 1864 677 1921 οὐδὲ
721 1867 794 1926 εἷς
851 1868 1007 1922 κενὸν
1050 1866 1363 1941 ἐκὸπίασαν,
1413 1865 1534 1922 ἀλλ’
1601 1866 1654 1921 ἐν
1714 1868 1887 1923 πίστει

244 1956 336 2012 καὶ
371 1954 674 2031 δικαιοσύνῃ
719 1960 788 2030 τῇ
833 1954 887 2010 ἐν
931 1956 1142 2033 Χριστῷ
1185 1955 1386 2022 Ἰησοῦ.
1438 1957 1532 2012 Διὸ
1576 1957 1664 2012 καὶ
1696 1958 1768 2020 εἷς
1797 1958 1888 2013 τὸν

246 2042 598 2123 ὀφειλόμενον
655 2043 821 2100 τόπον
877 2045 1006 2099 εἰσὶν
1063 2043 1178 2122 ἄρτι
1233 2045 1376 2122 παρὰ
1437 2044 1646 2124 Κυρίου,
1691 2046 1736 2120 ᾦ
1800 2047 1886 2102 καὶ

246 2132 540 2190 συνέπαθον
572 2148 586 2163 ⁶
650 2131 710 2188 οὔ
769 2133 868 2209 γὰρ
911 2135 1005 2190 τὸν
1048 2135 1135 2189 νῦν
1179 2135 1345 2190 αἷῶνά
1389 2134 1699 2212 ἠγάπησαν,
1749 2134 1886 2191 ἀλλὰ

246 2223 340 2279 τὸν
391 2221 520 2299 ὑπὲρ
575 2223 733 2297 ἡμῶν
773 2221 1104 2279 ἀποθανόντα
1150 2223 1234 2279 καὶ
1291 2223 1589 2280 ἀναστάντα
1635 2227 1881 2300 Χριστόν.

249 2309 400 2370 Οὕτω
458 2313 559 2386 μὲν
603 2313 692 2367 οὖν
738 2314 766 2368 6
809 2315 954 2377 θεῖος
1011 2310 1268 2390 Ἰγνάτιος
1301 2312 1356 2368 ἐν
1387 2325 1510 2376 ταῖς
1541 2315 1710 2388 ἱεραῖς
1743 2314 1884 2370 ὲκεί-

248 2421 353 2456 νωδ
404 2405 615 2478 ψυχαῖς
672 2402 871 2480 ἔκειτο,
931 2401 1020 2457 καὶ
1051 2403 1246 2477 θηρίων
1281 2401 1542 2478 γαστέρας
1574 2402 1746 2476 ἑαυτῷ
1796 2403 1884 2459 θέ-

250 2491 366 2546 σθαι
426 2490 593 2568 τάφον
667 2492 1027 2568 ἐπιθυμήσας,
1086 2489 1286 2567 ἀνδρῶν
1343 2488 1600 2569 φιλοθὲων
1683 2491 1886 2564 μᾶλλον

245 2583 458 2657 ψυχαῖς
489 2591 737 2636 κατοικεῖ
744 2625 760 2641 .

327 2666 439 2726 ῐΘ¹.
503 2667 756 2732 Βασιλεὺς
801 2667 855 2724 δὲ
912 2669 1171 2744 Τραϊανὸς
1223 2669 1290 2724 τὰ
1319 2669 1456 2724 κατὰ
1496 2670 1587 2724 τον
1621 2669 1884 2749 Θεοφόρον

241 2766 428 2816 τοῦτον
488 2755 745 2833 Ἰγνάτιον
800 2757 1019 2834 ὕστερον
1063 2759 1333 2836 ἔκμαθὼν,
1363 2758 1509 2821 ὅπως
1540 2779 1600 2836 γε
1629 2759 1883 2834 γενναίως

238 2848 335 2902 τὸν
397 2853 487 2902 τοῦ
545 2847 806 2925 μάρτυρος
867 2846 1025 2903 ἆθλον
1068 2847 1273 2902 ἀνύσειε
1325 2848 1412 2902 καὶ
1444 2846 1588 2910 ὅπως
1621 2847 1756 2904 κατᾶ
1784 2848 1883 2914 τὴν

243 2934 449 2993 ἐκείνου
534 2939 715 3014 ψῆφον
790 2937 986 3013 θηρίων
1056 2936 1186 3014 βορὰ
1245 2936 1476 3014 γένοιτο,
1551 2937 1778 3000 ἀκούσας
1829 2935 1883 2993 δὲ

238 3023 420 3081 πολλὰ
470 3025 562 3081 καὶ
630 3026 750 3102 περὶ
803 3030 910 3081 τῶν
963 3027 1098 3081 κατὰ
1157 3023 1343 3104 χώραν
1399 3032 1751 3105 Χριστιανῶν,
1811 3029 1882 3088 ὼς

1975 533 2113 583 sunt
2143 523 2474 585 certamina
2507 543 2520 582 :
2571 521 2630 582 hi
2665 530 2803 584 sunt
2835 520 3147 600 conspicui
3199 520 3330 599 ejus
3379 537 3618 583 amores

1975 611 2036 672 in
2068 611 2393 674 Christum.
2430 611 2498 672 Et
2548 610 2667 674 fert
2711 609 3122 672 testimonium
3160 608 3424 670 Irenaaus
3453 612 3614 690 Lug-

1975 705 2263 766 dunensis
2325 705 2668 785 episcopus,
2732 703 2820 764 vir
2874 703 3070 781 magni
3127 703 3460 778 faciendus,
3515 703 3616 783 qui

1974 792 2320 874 Theophori
2355 792 2570 855 crebro
2605 793 2902 854 meminit.
2936 791 3090 863 Quin
3123 792 3299 852 etiam
3333 792 3614 872 Polycar-

1975 900 2106 963 pus,
2149 883 2250 963 qui
2282 882 2641 962 Smyrnensi
2695 890 2948 958 praeerat
2980 879 3282 955 Ecclesiae,
3325 881 3427 960 qui
3475 900 3610 942 cum

1975 991 2044 1033 eo
2077 970 2402 1033 ventitabat
2447 970 2520 1032 ad
2568 973 2857 1031 Joannem
2890 969 3311 1048 evangelistam
3343 979 3400 1031 et
3435 970 3610 1032 theo-

1973 1061 2212 1140 logum;
2251 1069 2474 1123 etcum
2509 1058 2773 1139 captivus
2820 1060 3072 1122 Romam
3124 1059 3446 1119 duceretur
3481 1061 3612 1120 An-

1979 1149 2220 1224 tiochia,
2255 1168 2419 1222 eum,
2455 1151 2608 1210 sicut
2638 1148 2969 1220 diximuus,
3003 1147 3297 1224 salutavit,
3350 1148 3474 1209 haec
3504 1149 3616 1210 ali-

1977 1241 2111 1302 cubi
2145 1240 2492 1302 scribensin
2516 1240 2640 1300 suis
2666 1237 2935 1319 epistolis
2969 1259 2983 1298 :
3018 1237 3185 1314 Rogo
3203 1257 3341 1312 ‘vos,
3376 1239 3614 1314 fratres,

1978 1336 2042 1390 ut
2075 1328 2394 1401 obediatis,
2449 1338 2508 1389 et
2548 1347 2784 1388 omnem
2838 1329 3181 1388 exercitetis
3209 1327 3609 1402 tolerantiam,

1979 1435 2153 1498 quam
2188 1418 2420 1478 vidistis
2449 1416 2659 1492 oculis,
2712 1435 2829 1498 non
2873 1417 3064 1476 solum
3112 1417 3170 1475 in
3204 1415 3320 1478 ΒΒ.
3359 1417 3610 1496 Ignatio,

1979 1507 2135 1571 Rufo
2159 1515 2217 1568 et
2246 1507 2505 1581 Zosimo,
2531 1506 2637 1567 sed
2665 1506 2842 1566 etiam
2872 1506 2932 1565 in
2959 1506 3160 1566 multis
3176 1506 3307 1566 aliis
3329 1524 3398 1566 ex
3424 1507 3609 1580 vobis,

1977 1597 2117 1656 etin
2140 1595 2271 1676 ipso
2295 1595 2501 1670 Paulo,
2537 1604 2595 1655 et
2621 1593 2692 1654 iis
2723 1594 2824 1674 qui
2858 1613 2990 1656 cum
3025 1595 3154 1674 ipso
3190 1594 3605 1655 crediderunt:

1974 1684 2132 1764 quod
2157 1687 2193 1744 ii
2220 1703 2431 1744 omnes
2455 1702 2570 1745 non
2597 1682 2658 1743 in
2691 1701 2906 1744 vanum
2929 1693 3384 1760 concurrerunt,
3415 1702 3614 1763 neque

1973 1775 2035 1834 in
2068 1791 2282 1834 vanum
2337 1773 2784 1844 laboraverunt,
2833 1771 2938 1834 sed
2988 1774 3048 1832 in
3101 1773 3215 1834 ﬁde
3268 1780 3326 1833 et
3351 1772 3609 1852 justitia,

1972 1881 2108 1942 quae
2139 1871 2227 1923 est
2275 1863 2335 1922 in
2369 1863 2606 1924 Christo
2629 1861 2791 1924 Jesu.
2840 1858 3241 1932 Quamobrem
3266 1869 3404 1922 sunt
3433 1863 3612 1923 etiatn

1972 1953 2032 2012 in
2070 1952 2227 2027 loco,
2267 1950 2373 2028 qui
2403 1952 2490 2012 eis
2523 1949 2774 2011 debetur
2794 1950 3120 2026 aDomino,
3147 1968 3283 2011 cum
3313 1969 3430 2030 quo
3457 1952 3612 2030 passi

1969 2049 2129 2102 sunt.
2164 2039 2295 2102 Non
2320 2040 2480 2102 enim
2510 2057 2772 2120 praesens
2794 2039 3080 2100 saeculum
3113 2038 3475 2112 dilexerunt,
3504 2039 3610 2102 sed

1971 2127 2296 2205 Christum,
2323 2129 2426 2209 qui
2452 2147 2556 2210 pro
2578 2127 2752 2190 nobis
2775 2137 3044 2190 mortuus
3066 2137 3156 2190 est
3179 2137 3240 2189 et
3261 2130 3608 2193 resurrexit.

1969 2217 2068 2280 Sic
2115 2237 2257 2298 ergo
2307 2220 2455 2280 situs
2503 2228 2630 2282 erat
2679 2218 2914 2280 divinus
2963 2219 3227 2298 Ignatius
3302 2225 3360 2280 in
3425 2220 3612 2282 sacris

1971 2309 2209 2370 illorum
2243 2310 2506 2371 animis:
2561 2317 2619 2369 et
2664 2326 2800 2370 cum
2843 2308 3250 2370 desiderasset
3279 2307 3608 2372 bestiarum

1971 2407 2208 2460 ventres
2240 2399 2354 2459 sibi
2387 2398 2732 2478 sepulcrum
2773 2395 3041 2474 efficere,
3083 2399 3144 2458 in
3178 2399 3410 2478 piorum
3445 2401 3607 2462 viro-

1971 2505 2102 2548 rum
2138 2489 2325 2568 magis
2354 2487 2585 2549 habitat
2609 2486 2853 2548 animis.

2049 2663 2200 2727 XIX.
2234 2667 2566 2745 Imperator
2595 2670 2794 2725 autem
2825 2664 3118 2744 Trajanus
3151 2683 3285 2727 cum
3312 2665 3388 2728 de
3413 2666 3605 2730 Theo-

1970 2753 2159 2832 phoro
2191 2754 2304 2814 hoc
2337 2752 2562 2829 Ignatio
2593 2762 2797 2833 postea
2827 2751 3157 2828 didicisset,
3186 2763 3246 2815 et
3267 2772 3443 2834 quam
3475 2755 3606 2817 for-

1968 2843 2107 2904 titer
2140 2841 2473 2923 peregisset
2500 2846 2612 2904 hoc
2643 2852 2946 2904 certamen
2980 2842 3280 2922 martyrii,
3327 2850 3388 2904 et
3417 2845 3599 2924 quod,

1968 2940 2029 2991 ut
2062 2933 2192 3011 ipse
2225 2933 2437 2993 tulerat
2469 2932 2848 3007 sententiam,
2873 2950 2908 2993 a
2935 2930 3143 2993 bestiis
3176 2931 3386 2993 fuisset
3416 2933 3604 2996 devo—

1966 3033 2153 3104 ratus,
2191 3033 2248 3085 et
2279 3025 2464 3087 multa
2495 3025 2674 3086 etiam
2720 3024 3041 3086 audivisset
3087 3024 3162 3086 de
3215 3023 3601 3102 Christianis,

240 3112 344 3192 ἅρα
373 3111 519 3170 οὐδὲν
578 3114 720 3191 παρὰ
768 3113 888 3175 τοὺς
953 3115 1148 3188 νόμους
1202 3114 1504 3192 πράττοιεν,
1561 3116 1771 3172 ἀνόσιόν
1825 3137 1880 3171 τε

1969 3113 2071 3193 qui
2100 3122 2269 3174 erant
2311 3114 2373 3175 in
2419 3116 2690 3195 regione,
2741 3113 2899 3194 quod
2945 3113 3176 3176 scilicet
3205 3113 3355 3176 nihil
3388 3123 3608 3196 praeter

243 3201 437 3280 δρῶσιν
466 3200 636 3275 οὐδὲν,
672 3201 792 3257 ἀλλ’
839 3201 950 3278 ἅμα
981 3201 1054 3276 ἕῳ
1085 3200 1477 3278 διανιστάμενοι
1537 3205 1768 3283 Χριστόν
1823 3226 1880 3260 τε

1969 3181 2130 3283 leges
2160 3203 2448 3279 facerent,
2485 3181 2826 3285 nequerem
2860 3203 3044 3264 ullam
3071 3181 3601 3285 agerentimpiam;

243 3293 322 3355 ὼς
379 3293 499 3347 Υίὸν
555 3293 687 3347 Θεοῦ
744 3300 1126 3370 προσκυνοὸσιν
1183 3292 1494 3370 ἐγκράτειαν
1578 3314 1636 3349 τε
1707 3299 1880 3350 πᾶσαν

1969 3293 2070 3354 sed
2114 3291 2379 3356 diluculo
2426 3304 2768 3372 surgentes,
2824 3301 2884 3354 et
2931 3290 3232 3354 Christum
3283 3292 3604 3356 adorarent

243 3379 504 3437 ἀσκοῦσιν
563 3378 617 3433 ἕν
677 3399 734 3435 τε
777 3379 998 3456 βρωτῶν
1057 3379 1254 3454 δμοίως
1308 3381 1396 3436 καὶ
1438 3386 1616 3435 ποτῶν
1646 3380 1880 3455 μεταλή-

243 3473 363 3548 ψει,
433 3470 521 3526 καὶ
578 3469 677 3525 ὅσα
733 3469 894 3543 νόμος
977 3469 1323 3547 ἀπαγορεύει,
1396 3469 1598 3526 τούτων
1673 3469 1878 3534 οὒδενὸς

239 3558 526 3638 ἅπτονται,
587 3568 752 3617 ταῦτα
828 3559 1036 3614 ἐκεῖνον
1111 3559 1410 3614 ἀκούσαντα
1467 3559 1751 3632 μετάνοιαν
1820 3580 1878 3614 τε

240 3647 500 3704 εἰσελθεῖν
558 3655 664 3705 τῶν
695 3646 798 3716 ἤδη
860 3650 1236 3726 γεγενημένων
1291 3650 1378 3705 καὶ
1437 3647 1610 3724 δόγμα
1640 3656 1878 3705 τοιοῦτον

238 3739 476 3795 ἐκθεῖναι
528 3737 765 3815 λέγεται,
841 3737 979 3794 ὥστε
1035 3738 1098 3792 τὸ
1161 3744 1268 3794 τῶν
1330 3745 1656 3813 Χριστιανῶν
1716 3738 1877 3818 φῦλον

236 3827 580 3897 ἓκζητεὶσθαι
639 3827 737 3899 μὲν
803 3827 891 3883 καὶ
949 3827 1217 3905 γνώριμον
1288 3834 1566 3906 πανταχοῦ
1624 3831 1872 3884 καθίστα-

237 3919 384 3991 σθαι,
437 3916 799 3993 εὑρισκόμενοι
856 3913 911 3971 δὲ
977 3915 1054 3990 μή
1141 3916 1470 3994 ἀναιρεῖσθαι
1538 3916 1658 3991 μὲν,
1732 3916 1874 3984 πλὴν

234 4002 378 4082 μηδὲ
421 4003 582 4061 πάλιν
639 4004 810 4085 ἀρχὰς
866 4004 902 4070 ἣ
957 4003 1226 4079 δημοσίων
1278 4006 1608 4083 πραγμάτων
1641 4005 1876 4086 ἐγχειρί-

231 4097 415 4165 ζεσθαι
469 4093 786 4163 διοικήσεις.
856 4093 1038 4158 Οὕτως
1084 4098 1188 4173 οὐχ
1238 4094 1274 4161 ἡ
1332 4095 1444 4165 ζωὴ
1474 4096 1635 4168 μόνον
1688 4095 1872 4174 Ἰγκα-

232 4192 372 4259 τίου,
405 4180 509 4250 ἤδη
541 4181 594 4237 δὲ
630 4183 714 4239 καὶ
747 4185 781 4250 ἡ
831 4181 1054 4250 τελευτὴ
1119 4182 1334 4240 πολλῶν
1383 4182 1632 4262 πρόξενος
1664 4184 1873 4264 ἀγαθῶν

234 4271 498 4344 κατέστη,
557 4271 822 4352 καύχημα
879 4277 979 4338 τῆς
1031 4275 1084 4328 ἓν
1141 4277 1349 4349 Χριστῷ
1399 4273 1651 4346 πίστεως,
1719 4276 1874 4330 εὐσε-

232 4357 384 4425 ϐείας
441 4359 699 4436 ἐπίδοσις,
754 4359 1091 4438 παράκλησις
1161 4363 1293 4438 πρὸς
1378 4362 1498 4425 τοὺς
1557 4364 1692 4419 κατὰ
1744 4364 1874 4419 Θεόν

233 4450 431 4513 πόνους
489 4452 576 4507 καὶ
626 4449 728 4527 πρὸ
783 4457 966 4525 καιροῦ
1008 4455 1152 4521 ζωῆς
1197 4452 1612 4530 καταφρόνησις,
1676 4451 1871 4531 ἐγκρά-

1965 3391 2245 3461 tanquam
2291 3381 2397 3445 Dei
2432 3383 2668 3457 Filium,
2703 3391 2764 3443 et
2804 3399 3043 3444 omnem
3077 3389 3430 3444 exercerent
3459 3383 3600 3444 abs-

1963 3471 2271 3533 tinentiam
2325 3479 2384 3533 in
2439 3472 2572 3534 cibo
2623 3485 2684 3531 et
2737 3473 2794 3531 in
2842 3480 2981 3551 potu
3010 3470 3326 3548 sumendo,
3361 3479 3420 3532 et
3449 3472 3599 3534 nihil

1964 3567 2280 3639 tangerent
2313 3580 2383 3622 ex
2417 3561 2491 3622 iis
2521 3579 2659 3639 quas
2685 3559 2780 3622 lex
2813 3557 3132 3640 prohibet;
3171 3578 3304 3621 cum
3339 3561 3463 3636 ille,
3499 3568 3596 3623 in-

1963 3668 2168 3727 quam,
2204 3652 2331 3713 haec
2360 3650 2714 3725 audivisset,
2749 3659 2807 3711 et
2855 3648 3068 3710 ductus
3115 3658 3204 3710 est
3252 3650 3600 3730 ptenitentia

1962 3756 2192 3816 eorum,
2226 3756 2359 3820 qua;
2389 3739 2538 3801 facta
2581 3739 2836 3818 fuerant,
2891 3747 2948 3799 et
2979 3737 3198 3799 dicitur
3230 3737 3349 3801 tale
3379 3739 3597 3802 decre-

1962 3836 2084 3890 tum
2125 3829 2528 3909 proposuisse,
2567 3836 2624 3892 ut
2661 3847 2808 3905 gens
2840 3828 3084 3908 quidem
3119 3826 3594 3891 Christianorum

1959 3918 2374 3998 exquireretur
2405 3927 2463 3980 et
2494 3919 2774 3979 omnibus
2829 3926 2990 3980 esset
3032 3918 3312 3996 cognita;
3367 3921 3595 3982 inventi

1957 4015 2154 4070 autem
2188 4027 2304 4068 non
2338 4008 2860 4079 interficerentur;
2894 4008 3001 4070 sed
3042 4026 3236 4088 neque
3284 4009 3594 4087 magistra-

1959 4106 2052 4159 tus
2080 4104 2384 4177 gererent,
2410 4117 2609 4175 neque
2632 4099 3009 4177 susciperent
3033 4097 3215 4159 ullam
3247 4098 3597 4178 reipublicae

1958 4187 2561 4249 administrationem.
2589 4185 2688 4250 Sic
2719 4205 2837 4248 non
2867 4194 2982 4248 vita
3011 4187 3200 4248 solum
3234 4185 3595 4266 Ignatii,sed

1950 4276 2072 4356 jam
2102 4295 2261 4337 mors
2284 4279 2460 4338 etiam
2487 4277 2597 4336 fuit
2624 4279 2943 4337 multorum
2977 4276 3272 4337 bonorum
3301 4279 3594 4341 concilia-

1959 4365 2093 4447 trix,
2128 4364 2400 4444 gloriatio
2434 4365 2596 4440 ﬁdei,
2632 4384 2765 4446 quae
2796 4374 2886 4426 est
2914 4365 2974 4425 in
3006 4364 3266 4440 Christo,
3297 4385 3593 4446 augmen-

1959 4465 2078 4516 tum
2111 4455 2375 4535 pietatis,
2409 4455 2744 4517 adhortatio
2777 4454 2850 4516 ad
2901 4473 3004 4516 eos
3055 4457 3157 4535 qui
3196 4466 3332 4518 sunt
3365 4475 3436 4518 ex
3467 4456 3591 4520 Deo

233 4539 356 4595 τειά
397 4560 456 4596 τε
504 4545 610 4596 τῶν
668 4535 942 4616 βλαϐερῶν
994 4542 1082 4596 καὶ
1135 4541 1250 4617 βίου
1298 4540 1707 4618 καθαρειότητος
1740 4541 1871 4598 ἐπι-

1969 4541 2219 4618 labores,
2275 4552 2334 4604 et
2386 4545 2752 4624 contemptio
2811 4545 2940 4623 ejus
2993 4543 3148 4620 vitae,
3203 4563 3336 4626 quae
3385 4554 3475 4608 est
3517 4547 3592 4609 ad

235 4625 450 4703 μέλεια,
511 4627 693 4707 χάριτι
763 4628 851 4682 καὶ
907 4624 1272 4706 φιλανθρωπίᾳ
1327 4635 1418 4684 τοῦ
1473 4629 1657 4704 Κυρίου
1718 4631 1873 4704 ἡμῶν

229 4715 415 4783 Ἰησοῦ
453 4723 702 4795 Χριστοῦ,
765 4715 883 4791 μεθ’
936 4718 998 4771 οὗ
1034 4723 1111 4792 τῷ
1154 4717 1316 4796 Πατρὶ
1347 4715 1468 4781 δόξα
1500 4720 1692 4790 καὶτῷ
1735 4719 1871 4795 ἁγίῳ

224 4806 318 4864 καὶ
375 4809 623 4880 ζωοποιῴ
679 4805 969 4880 Πνεύματι,
1043 4812 1130 4863 νῦν
1199 4809 1288 4862 καὶ
1344 4805 1425 4862 ἀεὶ
1485 4807 1570 4860 καὶ
1624 4809 1696 4872 εἰς
1752 4809 1870 4873 τοὺς

226 4896 426 4958 αἰῶνας
451 4899 556 4950 τῶν
585 4895 818 4956 αἰώνων,
850 4892 1050 4969 Ἀμήν,

1959 4643 2220 4713 tempus,
2253 4642 2311 4694 et
2342 4634 2712 4695 continentia
2743 4634 2815 4695 ab
2866 4633 2938 4695 iis
2970 4653 3104 4716 qua:
3136 4643 3274 4695 sunt
3304 4637 3500 4713 noxia,
3536 4647 3596 4698 et

1954 4722 2218 4783 studium
2250 4722 2381 4782 vitai
2412 4724 2684 4801 puritatis
2718 4742 2732 4783 :
2769 4723 2960 4802 gratia
2992 4732 3050 4785 et
3075 4724 3443 4803 benignitate
3469 4724 3592 4786 Do-

1954 4810 2101 4872 mini
2131 4810 2319 4872 nostri
2343 4811 2486 4874 Jesu
2518 4811 2762 4886 Christi,
2801 4831 2935 4874 cum
2969 4832 3085 4894 quo
3116 4814 3278 4876 Patri
3310 4813 3502 4892 gloria
3533 4822 3593 4875 et

1952 4907 2158 4962 sancto
2187 4909 2249 4962 et
2281 4899 2512 4963 vivitlco
2546 4903 2793 4983 Spiritui
2844 4921 3003 4964 nunc
3055 4911 3114 4967 et
3163 4921 3406 4982 semper
3438 4909 3496 4965 et
3526 4903 3590 4965 in

1952 4988 2168 5050 saecula
2199 4991 2580 5053 saeculorum.
2606 4993 2827 5054 Amen.
