3954 6146
19 1409 48 1469 5.
68 1412 110 1469 ἔτι

303 318 458 385 1293

1013 594 1649 680 ΜΑΡΤΥΡΙΟΝ
1728 595 1950 680 ΤΟΥ

1344 319 1529 381 VITA
1576 320 1634 381 S.
1683 315 2046 381 CORNELII
2077 317 2625 383 CENTUBIONIS.

3514 323 3537 386 1
3550 321 3665 386 294

2018 593 2354 677 ΑΓΙΟΥ
2426 595 2956 680 ΕΝΔΟΞΟΥ

1658 785 2287 838 ΜΕΓΑΛΟΜΑΡΊὙΡΟΣ

301 965 1606 1130 ΚΟΡΝΕΛΙΟΥ
1751 963 3657 1134 ΕΚΑΤΟΝΤΑΡΧΟΥ·

1009 1349 1675 1435 MARTYRIUM
1750 1349 2145 1434 SANCTI
2217 1353 2350 1435 ET
2422 1354 2949 1440 GLORIOSI

1793 1536 1843 1594 M
1854 1533 2180 1598 ARTYRIS

689 1721 1668 1867 CORNELII
1809 1722 3267 1873 CENTURIONIS.

820 1988 1013 2060 (Graece
1049 2005 1184 2044 nunc
1214 1989 1429 2060 primum
1455 1988 1583 2060 typis
1617 1988 1882 2044 mandatur
1913 2005 1972 2043 ex
2004 1990 2116 2044 cod.
2151 2004 2250 2050 ms.
2273 1989 2437 2045 Paris.
2465 2005 2516 2043 ιι.
2555 1988 2710 2044 1489.
2745 1988 2900 2046 Εῡιτ.
2933 1991 3126 2060 PATn.)

1801 2263 2040 2328 CAPUT
2082 2264 2126 2327 I.

1396 2437 1457 2499 S.
1507 2434 1776 2499 Cornelii
1817 2434 2151 2506 conversio,
2201 2433 2548 2512 baptismus.

377 2600 457 2658 A'.
510 2597 655 2655 Marsi
713 2598 809 2664 τήν
848 2598 1107 2676 σωτήριον
1163 2598 1246 2654 ἐπὶ
1277 2602 1376 2675 γῆς
1407 2606 1497 2654 τοῦ
1530 2600 1702 2673 Λόγου
1730 2594 1923 2660 ἐπιόη-
1949 2607 1982 2651 Α

288 2691 416 2764 μίαν
471 2692 560 2746 τὸν
620 2688 862 2744 ἑκούσιόν

283 2783 512 2836 θάνατον
546 2779 630 2834 καὶ
665 2779 764 2843 τὴν
815 2779 885 2838 εἷς
951 2779 1199 2853 οὖρανοὺς
1234 2776 1488 2833 ἐπάνοῗον
1523 2776 1636 2832 ὅθεν
1669 2777 1926 2844 ἐπήλυθεν

287 2869 644 2944 οἰκοδομῆσαι
706 2867 803 2932 τὴν
839 2867 1046 2932 σκηνοῖιν
1084 2865 1276 2945 Δαυϊδ,
1309 2868 1444 2922 κατὰ
1474 2868 1594 2930 τοὺς
1625 2867 1954 2944 apag/,1ch

287 2962 390 3026 τὴν
445 2971 817 3031 πεπτωκυῖαν,
867 2957 952 3020 εἷς
1007 2959 1220 3035 ὑπῆρχε
1253 2959 1340 3010 καὶ
1385 2959 1410 3012 ὸ
1446 2956 1505 3012 ἐκ
1534 2956 1628 3023 τῆς
1661 2955 1927 3018 Ἰταλικῆς

285 3050 510 3124 σπείρης
573 3048 967 3125 ἑκατόνταρχος
1054 3048 1342 3124 Κορνήλιος
1405 3053 1506 3102 τῷν
1566 3045 1929 3116 ἐκζητούντων

293 3141 450 3196 αὐτὸν
496 3139 581 3194 καὶ
627 3139 691 3192 τὰ
750 3137 944 3212 ἀρεστὰ
1001 3138 1185 3208 ἐκείνῳ
1235 3137 1548 3212 ποιούιτων,
1607 3137 1695 3191 καὶ
1765 3133 1930 3196 πολὺς

288 3232 350 3283 ὲν
410 3229 632 3304 ἀγαθοῖς
692 3226 866 3304 ἔργοις
912 3229 1001 3297 ἦν,
1036 3227 1080 3280 εἰ
1134 3228 1221 3281 καὶ
1282 3224 1507 3300 μηδέπω
1556 3224 1650 3292 τῆς
1706 3224 1928 3302 χάριτος

287 3320 477 3374 τούτου
534 3322 634 3382 τῆς
680 3317 848 3388 θείας,
886 3313 1022 3389 μηδὲ
1054 3320 1152 3380 τῆς
1185 3316 1315 3392 πρὸς
1349 3313 1504 3369 αύτὸν
1546 3313 1736 3381 ἠξίωτο
1787 3312 1930 3381 κλή-

291 3428 456 3468 σεως,
519 3405 682 3482 Ἀνὴρ
745 3406 894 3466 οὗτος
949 3402 1170 3470 εύσεόἦς
1216 3406 1302 3459 καὶ
1367 3405 1455 3458 τὸν
1512 3404 1640 3458 Θεὸν
1673 3401 1824 3466 αὐτὸς
1876 3423 1930 3456 τε

287 3499 381 3553 καὶ
439 3499 466 3552 ὁ
524 3501 626 3558 πᾶς
691 3495 831 3566 αὐτῷ
887 3494 1043 3555 οἶκος
1077 3492 1418 3572 φοϐούμενοι,
1451 3493 1524 3549 ὧν
1559 3515 1617 3548 τε
1649 3493 1777 3570 εἶχε
1813 3506 1930 3554 τοτς

287 3585 560 3662 δεομένοις
622 3581 931 3658 μεταδιδοὺς
988 3586 1073 3638 καῖ
1127 3593 1219 3641 τοῦ
1252 3585 1382 3638 Θεοῦ
1413 3581 1497 3637 διὰ
1541 3583 1738 3645 παντὸς
1772 3581 1931 3638 πάλιν

288 3675 500 3736 ἐκεῖνος
557 3672 808 3747 δεόμενος
846 3690 858 3705 ·
896 3674 1068 3744 τούτῳ
1098 3671 1150 3726 ἐν
1205 3671 1492 3747 Καισαρείᾳ
1538 3669 1795 3748 διάγοντι,
1857 3671 1929 3732 ὡς

286 3768 317 3822 ὃ
375 3768 516 3828 Θεῖος
581 3768 784 3824 Λουκᾶς

293 3853 522 3930 ἅγγελος
585 3851 700 3928 περί
749 3873 850 3906 που
907 3850 1008 3916 τὴν
1067 3849 1260 3915 ἐνάτην
1331 3849 1472 3927 ὥραν
1527 3848 1774 3928 ἐφοίτησε
1835 3853 1931 3914 τῆς

870 3760 1177 3836 σαφέστατα
1265 3762 1380 3837 περὶ
1447 3762 1604 3816 αὐτου
1663 3759 1926 3830 διέξεισιν,

2089 2596 2132 2656 l.
2185 2593 2326 2655 “Post
2357 2595 2673 2657 salutarem
2717 2597 2892 2658 Verbi
2941 2598 2999 2657 in
3056 2607 3278 2660 terram
3331 2601 3647 2663 adventum

924 2709 977 2743 τε
1039 2689 1259 2762 σταυρὸν
1306 2690 1391 2742 καὶ
1449 2690 1538 2742 τὸν
1597 2686 1727 2763 ὓπερ
1777 2689 1926 2759 ἡμῶν

2021 2702 2371 2763 :rucemque
2405 2695 2460 2746 et
2494 2694 2742 2747 mortem
2773 2705 2878 2766 pro
2903 2688 3076 2747 nobis
3107 2707 3213 2749 sua
3241 2699 3452 2769 sponte
3484 2691 3556 2752 ab
3577 2709 3648 2752 eo

2011 2781 2373 2849 susceptam,
2396 2774 2529 2832 etin
2555 2774 2734 2834 caelos
2758 2775 3195 2856 ascensionem,
3224 2779 3380 2838 unde
3402 2779 3650 2840 descen-

2012 2861 2177 2920 derat
2206 2861 2276 2920 ad
2326 2861 2741 2922 aedificandum
2800 2863 3037 2924 Davidis
3083 2865 3534 2928 tabernaculum
3567 2874 3653 2940 (ut

2014 2967 2146 3008 cum
2179 2951 2485 3029 prophetis
2515 2951 2709 3012 dicam
2731 2954 2782 3032 ὅ)
2807 2953 2960 3032 quod
2990 2954 3312 3031 ceciderat;
3349 2976 3500 3018 unus
3524 2967 3652 3020 erat

2014 3057 2082 3100 ex
2109 3040 2352 3100 cohorte
2384 3039 2586 3102 Italica
2622 3043 2892 3102 centurio
2943 3045 3282 3115 Cornelius,
3329 3064 3397 3106 ex
3442 3047 3518 3107 iis
3550 3050 3647 3128 qui

2013 3128 2207 3208 ipsum
2235 3131 2600 3210 quaerebant,
2627 3139 2684 3192 et
2711 3132 3008 3193 faciebant
3037 3152 3169 3212 quae
3192 3133 3279 3195 illi
3307 3135 3647 3213 placebant,

2017 3227 2073 3278 et
2103 3221 2201 3297 qui
2226 3220 2407 3280 multa
2428 3220 2580 3280 bona
2603 3219 2858 3281 faciebat
2887 3240 3068 3300 opera
3099 3223 3356 3296 (etiamsi
3383 3227 3647 3288 nondum

2017 3306 2210 3368 divina
2245 3309 2464 3372 Christi
2497 3311 2706 3383 gratia,
2761 3328 2958 3388 neque
3010 3312 3317 3372 vocatione
3347 3313 3418 3372 ad
3453 3314 3646 3392 ipsum

2017 3404 2175 3456 esset
2206 3395 2480 3473 dignatus
2514 3397 2607 3457 hic
2637 3398 2723 3457 \ir
2759 3398 2912 3478 pius)
2946 3407 3007 3458 ut
3036 3399 3134 3478 qui
3179 3400 3362 3461 Deum
3414 3404 3651 3466 timeret

2017 3485 2167 3564 ipse,
2216 3495 2272 3545 et
2313 3494 2426 3546 tota
2480 3486 2609 3565 ejus
2654 3485 2902 3560 familia,
2954 3496 3010 3547 et
3057 3488 3152 3568 iis,
3202 3509 3336 3565 qua)
3367 3492 3646 3570 habebat,

2017 3574 2346 3652 impertiret
2379 3585 2663 3652 egentes;
2715 3594 3040 3656 rursusque
3075 3577 3258 3638 Deum
3307 3590 3651 3658 precaretur

2017 3663 2280 3727 assidue.
2319 3663 2408 3726 Ad
2450 3683 2585 3725 eum
2621 3674 2890 3744 agentem
2939 3666 3221 3728 Caesareae
3273 3671 3367 3745 (ut
3415 3670 3651 3733 divinus

2017 3756 2204 3818 Lucas
2237 3757 2312 3818 de
2342 3759 2469 3838 ipso
2501 3758 2684 3820 refert
2715 3759 3092 3839 apertissime
3123 3761 3170 3831 4)
3205 3762 3365 3822 ιθηίι
3404 3766 3654 3842 angelus

2018 3849 2176 3907 circa
2217 3865 2431 3907 nonam
2479 3850 2681 3908 horam
2736 3848 2878 3921 diei,
2926 3857 2983 3909 et
3033 3849 3182 3910 dixit
3229 3851 3333 3913 ei:
3387 3851 3649 3930 Corneli,

290 3943 522 4020 ἡμέρας,
575 3942 682 4016 καὶ,
728 3938 1009 4018 Κορνήλιε,
1045 3939 1170 4018 ἔφη,
1207 3942 1258 3993 αἱ
1303 3940 1598 4019 προσευχαί
1629 3959 1721 3993 σο)
1767 3939 1854 3994 καὶ
1887 3941 1935 3993 αἱ

2021 3937 2322 3998 orationes
2356 3948 2411 3998 (ιι
2442 3938 2833 4019 eleemosynze
2866 3947 2978 4000 tuae
3009 3939 3413 4002 ascenderunt
3441 3943 3501 4003 in
3535 3963 3655 4006 me-

290 4032 650 4108 ἐλεημοσύναι
711 4027 979 4096 ἀνέϐησαν
1053 4031 1122 4090 εἰς
1172 4031 1513 4102 μνημόσυνον
1560 4029 1785 4084 ἐνώπιον
1845 4035 1934 4083 τοῦ

290 4130 447 4201 Θεοῦ,
504 4122 591 4175 καὶ
650 4127 735 4176 νῦν
783 4117 996 4192 πέμψον
1059 4119 1130 4181 εἰς
1163 4117 1391 4184 Ἰόππην
1426 4115 1610 4189 ἄνδρας
1645 4119 1728 4173 καὶ
1763 4118 1932 4192 μετεὶ-

289 4216 503 4286 πεμψαι
563 4212 778 4285 Σίμωνα
831 4210 922 4263 τὸν
986 4206 1406 4281 ἐπικαλούμενον
1469 4207 1665 4284 Πέτρον
1702 4224 1714 4236 ·
1780 4207 1932 4269 οὗτος

290 4301 455 4358 ἐλθὼν
516 4298 743 4368 λαλήσει
805 4319 888 4353 σοι
940 4297 1154 4374 ῥήματα
1205 4299 1376 4368 ζωῆς.
1411 4304 1586 4354 Ταῦτα
1615 4299 1641 4352 ὃ
1675 4297 1770 4370 μέν
1806 4299 1932 4352 '57::-

290 4392 527 4464 σκήψεις,
565 4389 657 4444 οὒκ
687 4388 765 4443 ἔτι
815 4388 1038 4466 φανερὸς
1079 4385 1148 4452 ἧν
1182 4402 1195 4416 ·
1239 4383 1529 4463 Κορνήλιος
1562 4385 1615 4440 δὲ
1647 4392 1751 4441 τῶν
1785 4388 1932 4442 οἶκε-

290 4484 394 4536 τῶν
442 4477 528 4534 δύο
573 4479 660 4532 καὶ
711 4476 1041 4554 στρατιώτην
1097 4476 1282 4531 αὒτὶκα
1339 4473 1532 4541 εὐσεϐῆ
1594 4483 1700 4531 τῶν
1762 4499 1930 4552 προσ-

290 4568 687 4646 καρτερούντων
761 4569 901 4639 αύτῷ
988 4564 1077 4620 ἕνα
1168 4564 1396 4628 καλέσας
1457 4565 1820 4622 ἀνακαλύπτει
1881 4589 1934 4621 τε

297 4661 482 4721 αὐτοῖς
536 4656 671 4734 εἰπερ
719 4655 823 4712 ἴδοι
863 4675 875 4688 ·
923 4657 1010 4710 καὶ
1070 4656 1140 4719 εἰς
1199 4655 1426 4721 Ἰόππην
1477 4656 1762 4730 ἐκπέμπει·
1813 4655 1936 4732 τῇδε

293 4746 345 4803 δὲ
385 4750 484 4824 γὰρ
514 4744 796 4823 διατρίϐειν
841 4746 931 4800 τὸν
994 4745 1188 4822 Πέτρον
1235 4747 1260 4800 ὁ
1321 4744 1548 4822 ἄγγελος
1607 4745 1786 4821 εἶπεν,
1850 4748 1938 4802 καὶ

291 4839 388 4904 τὴν
450 4838 618 4901 ξενίαν
682 4833 918 4904 ἐδήλωσε
974 4835 1116 4912 παρα
1173 4857 1276 4890 τινι
1334 4835 1535 4908 Σίμωνι
1566 4836 1752 4914 βυρσεῖ
1785 4859 1935 4914 γινο-

297 4927 487 5003 μένην,
537 4925 731 4999 Πέτρος
779 4924 867 4978 οὖν
917 4926 1004 4979 καὶ
1046 4929 1146 5001 γῆν
1202 4923 1277 4998 τῷ
1308 4925 1612 5000 κηρύγματι
1646 4932 1820 4980 πᾶσαν
1850 4928 1936 4982 καὶ

293 5015 558 5076 Θάλατταν
610 5014 1001 5092 ἐπερχόμενος,
1065 5014 1149 5069 καὶ
1210 5023 1492 5092 πανταχοῦ
1534 5013 1634 5079 τὴν
1684 5013 1936 5083 ἀλήθειαν

293 5103 675 5184 καταγγέλλων
737 5102 933 5183 (ἔκειτο
974 5104 1075 5179 γὰρ
1121 5104 1194 5166 ὡς
1240 5100 1453 5168 ἀληθῶς
1515 5104 1586 5168 εἷς
1631 5109 1740 5181 φῶς
1774 5105 1934 5159 ἷεθνῶν

290 5196 378 5252 καὶ
434 5194 702 5270 σωτηρίαν
749 5191 996 5269 πολλῶν)
1047 5191 1189 5267 παρᾶ
1227 5191 1350 5254 τοὺς
1387 5199 1766 5256 κατοικοῦντας
1802 5190 1936 5247 Λύδ-

2023 4027 2268 4087 moriam
2304 4029 2362 4088 in
2397 4040 2720 4108 conspectu
2755 4029 2863 4091 Dei
2907 4052 2918 4088 :
2981 4038 3039 4089 et
3090 4048 3246 4091 nunc
3299 4038 3464 4092 mitte
3493 4036 3657 4096 viros

2020 4117 2272 4196 Joppen,
2309 4126 2366 4177 et
2394 4136 2635 4178 accerse
2667 4117 2997 4191 Simonem,
3032 4119 3131 4197 qui
3163 4121 3498 4198 appellatur
3538 4122 3654 4184 Pe-

2024 4213 2150 4265 trus
2182 4227 2194 4262 :
2232 4205 2280 4266 is
2314 4225 2446 4267 cum
2482 4211 2732 4279 venerit,
2788 4207 3063 4288 loquetur
3111 4206 3214 4268 tibi
3267 4209 3445 4271 verba
3497 4212 3651 4277 Vitae.

2021 4293 2159 4355 Huic
2207 4314 2340 4356 cum
2401 4297 2504 4358 ille
2553 4297 2796 4376 quidem
2847 4297 3214 4373 mandasset,
3254 4317 3371 4360 non
3403 4300 3658 4380 amplius

2016 4385 2360 4465 apparebat.
2397 4387 2708 4448 Cornelius
2741 4397 2938 4448 autem
2970 4389 3168 4448 statim
3203 4388 3434 4451 duobus
3478 4409 3657 4453 voca-

2020 4473 2094 4536 tis
2127 4474 2386 4548 famulis,
2416 4487 2475 4558 et
2508 4477 2600 4555 pio
2635 4477 2892 4555 quodam
2930 4477 3138 4553 milite,
3175 4497 3245 4540 ex
3297 4479 3372 4539 iis
3420 4483 3520 4561 qui
3570 4481 3658 4544 illi

2021 4573 2306 4643 perpetuo
2346 4565 2615 4639 aderant,
2652 4565 2772 4627 illis
2795 4568 3006 4646 aperit,
3035 4586 3167 4648 qua)
3199 4568 3448 4642 viderat,
3477 4579 3660 4634 eteos

2023 4652 2472 4732 mittitJoppen.
2502 4653 2630 4714 Illic
2664 4661 2820 4716 enim
2853 4657 3071 4716 versari
3109 4659 3345 4718 Petrum
3379 4660 3524 4720 dixit
3549 4679 3660 4722 an-

2021 4743 2209 4822 gelus,
2228 4743 2382 4821 apud
2411 4743 2728 4824 quemdam
2752 4745 3060 4806 Simonem
3079 4747 3421 4808 coriarium.
3451 4751 3662 4812 Petrus

2021 4841 2242 4906 autem,
2270 4833 2371 4912 qui
2402 4852 2642 4895 omnem
2673 4843 2891 4896 terram
2920 4845 2977 4897 et
3021 4855 3182 4898 mare
3214 4837 3416 4898 obibat
3440 4841 3659 4919 praedi-

2021 4922 2234 4998 cando,
2261 4930 2321 4982 et
2341 4923 2648 4985 veritatem
2678 4925 2898 5005 ubique
2919 4926 3477 5007 aununtiabat(erat
3497 4931 3660 4993 enim

2018 5030 2224 5073 revera
2254 5014 2483 5092 positus
2514 5014 2574 5074 in
2613 5015 2808 5076 lucem
2837 5017 3100 5092 gentium
3129 5026 3186 5078 et
3217 5018 3468 5080 salutem
3503 5021 3663 5083 mul—

2023 5110 2258 5190 tﬁorum),
2295 5103 2608 5182 ingressus
2638 5103 2709 5164 ad
2739 5114 2976 5166 sanctos
3005 5107 3107 5187 qui
3139 5106 3488 5170 habitabant
3517 5109 3669 5190 Lyd-

2021 5189 2178 5264 dam,
2237 5208 2368 5252 cum
2432 5193 2752 5271 quemdam
2804 5194 3082 5275 fEneam,
3145 5197 3243 5275 qui
3306 5206 3438 5259 octo
3492 5189 3667 5260 annis

291 5283 381 5341 δαν
441 5284 620 5360 ἁγίους
680 5281 844 5338 ἐλθὼν
903 5282 992 5337 καί
1022 5303 1146 5336 τινα
1181 5281 1334 5336 Αἰνέα
1367 5281 1688 5358 παρειμένον
1806 5282 1934 5337 ἑτῶν

2021 5279 2249 5360 iacebat
2309 5281 2694 5374 paralyticus,
2764 5282 3036 5374 fecisset
3079 5303 3373 5363 surgere,
3433 5287 3666 5369 Joppen

291 5375 433 5429 ὀκτὼ
492 5372 901 5450 κατακείμενον,
978 5369 1310 5444 ἀναστήσας,
1393 5371 1463 5431 εἰς
1525 5369 1751 5437 Ἰόππην
1813 5371 1931 5427 δια-

294 5460 415 5542 ϐὰς,
471 5463 566 5519 καί
625 5464 686 5518 τὸ
743 5463 883 5518 κατὰ
943 5458 1177 5532 Ταϐηθὰ,
1234 5457 1354 5526 ἥτις
1415 5459 1666 5516 ἐκαλεῖτο
1705 5464 1930 5543 Δορκὰς,

292 5556 464 5628 Ολῦμα
495 5551 818 5627 ῗιαεελέσας,
876 5551 1097 5609 ἐνταῦοα
1145 5551 1287 5628 παρὰ
1319 5555 1394 5621 τῷ
1423 5552 1609 5626 βυρσεῖ
1642 5555 1932 5632 κατήγετο,

371 5714 405 5762 ὃ
429 5713 618 5775 Amos
651 5729 730 5788 Ix,
765 5712 865 5774 14.
950 5709 982 5758 4
1010 5708 1144 5773 Act.
1176 5725 1236 5772 x.

2020 5369 2239 5431 deinde
2295 5369 2576 5442 venisset,
2643 5379 2701 5431 et
2761 5371 2821 5432 in
2895 5371 3169 5451 Tabitha,
3229 5394 3362 5455 qua;
3421 5387 3667 5441 vocatur

2021 5463 2264 5534 Dorcas,
2302 5459 2544 5521 fecisset
2600 5479 2884 5540 magnum
2942 5463 3087 5525 illud
3150 5464 3532 5546 miraculum,
3568 5469 3666 5534 hic

2021 5549 2277 5629 degebat
2310 5550 2467 5630 apud
2504 5551 2858 5614 coriarium.
