3954 6146
237 281 404 364 1285

1413 283 1595 360 VITA
1661 281 1720 356 s.
1772 277 2074 356 [GNATII
2118 277 2448 352 DEIFERI.

3456 281 3610 351 1286

325 431 439 494 IH'.
487 437 739 490 Τοιοῦτον
785 431 882 507 μὲν
915 430 977 499 δὴ
1005 432 1066 488 τὸ
1104 441 1196 491 τοῦ
1233 433 1497 512 Θεοφόρου
1527 431 1706 503 τέλος,
1739 427 1868 485 οὗτοι

2045 423 2247 488 XVIII.
2282 424 2391 486 Hic
2423 423 2671 512 quidem
2699 419 2808 486 fuit
2835 418 3028 486 exitus
3060 415 3402 502 Theophori
3431 441 3444 484 :
3481 424 3608 485 haec

233 525 287 579 oi
352 524 580 600 ἀγῶνες,
620 530 849 578 τοιοῦτοι
895 523 943 578 οἱ
992 523 1123 599 πρὸς
1177 527 1400 600 Χριστὸν
1445 522 1604 580 αύτοῦ
1648 542 1880 596 περιμα-

230 626 356 675 νεῖς
390 611 608 688 ἔρωτες.
666 619 935 690 Μαρτυρεῖ
979 609 1032 665 δὲ
1080 613 1165 666 καἱ
1210 613 1237 666 ὁ
1304 612 1612 688 Εἰρηναῖος,
1659 613 1686 666 ὁ
1740 615 1880 667 Λου⁶

229 700 474 778 γδούνων
518 698 844 779 ἐπίσκοπος,
908 701 1042 778 ἀνὴρ
1099 698 1261 777 λόγου
1333 698 1498 778 ἄξιος,
1546 697 1631 754 διὰ
1673 697 1882 764 πολλῆς

231 792 466 866 μνήμης
497 791 563 847 τὰ
593 789 686 846 τοῦ
721 789 989 867 Θεοφόρου
1018 789 1336 863 ποιούμενος
1388 787 1550 868 [add.
1588 807 1602 850 :
1643 789 1738 847 Καὶ
1782 788 1882 864 γὰρ

233 883 265 936 ὁ
333 878 699 956 Πολύκαρπος]
761 881 789 934 ὁ
864 882 965 944 τῆς
1038 878 1172 934 κατᾶ
1261 879 1503 955 Σμύρναν
1558 876 1880 943 Ἐκκλησίας

232 969 502 1047 προστὰς,
562 966 618 1032 ὅς
675 989 733 1023 τε
792 967 936 1040 αὒτῷ
991 968 1081 1023 καὶ
1139 969 1213 1030 εἷς
1295 967 1540 1024 Ἰωάννου
1605 967 1881 1046 συνεφοίτα

232 1068 337 1117 τοῦ
393 1055 777 1134 εὐαγγελιστοῦ
855 1054 950 1112 καί
1008 1054 1284 1133 θεολόγου,
1345 1059 1432 1112 καὶ
1490 1055 1771 1131 δεσμώτην
1831 1053 1882 1119 ἐξ

1965 523 2103 574 sunt
2133 515 2510 576 certamina:
2562 511 2621 573 hi
2655 521 2793 575 sunt
2826 512 3138 592 conspicui
3190 512 3321 590 ejus
3370 528 3608 575 amores

1966 603 2028 663 in
2059 601 2383 666 Christum.
2420 602 2488 664 Et
2538 602 2658 665 fert
2701 601 3113 664 testimonium
3151 600 3414 662 lrenaaus
3445 605 3605 682 Lug-

1966 697 2254 758 dunensis
2315 696 2658 777 episcopus,
2722 695 2809 755 vir
2865 695 3060 772 magni
3117 695 3451 769 faciendus,
3505 695 3606 775 qui

1965 784 2311 866 Theophori
2346 783 2561 846 crebro
2595 784 2892 846 meminit.
2926 782 3080 855 Quin
3113 784 3289 844 etiam
3324 784 3605 865 Polycar-

1965 893 2096 955 pus,
2139 875 2241 955 qui
2273 874 2631 954 Smyrnensi
2685 883 2938 950 praeerat
2969 871 3272 947 Ecclesiae,
3315 873 3418 953 qui
3466 892 3600 934 cum

1965 983 2035 1024 eo
2068 962 2393 1025 ventitabat
2438 963 2511 1024 ad
2559 964 2848 1023 Joannem
2880 961 3300 1040 evangelistam
3333 971 3391 1022 et
3425 963 3601 1024 theo-

1963 1053 2203 1132 logum;
2242 1061 2301 1114 et
2331 1070 2464 1113 cum
2499 1049 2764 1130 captivus
2811 1053 3062 1114 Romam
3115 1050 3435 1111 duceretur
3471 1054 3603 1112 An-

236 1145 586 1226 Ἀντιοχείας
629 1145 896 1222 ἀγόμενον
954 1146 1028 1208 εἷς
1092 1143 1308 1218 Ῥώμην
1353 1145 1658 1217 ἠσπάσατο,
1707 1146 1868 1201 καθὼς

1969 1141 2211 1216 tiochia,
2246 1159 2409 1214 eum,
2446 1142 2598 1202 sicut
2628 1140 2959 1211 diximuus,
2993 1139 3286 1216 salutavit,
3340 1140 3464 1201 haec
3493 1141 3605 1201 ali-

237 1233 348 1302 ἤδη
383 1237 472 1291 καὶ
516 1236 929 1309 μεμαθήκαμεν,
977 1240 1194 1290 τοιαῦτα
1237 1256 1336 1290 που
1397 1235 1502 1291 τῶν
1549 1238 1709 1294 αὐτοῦ
1751 1234 1868 1312 γρά·

1968 1233 2103 1294 cubi
2135 1232 2483 1293 scribensin
2507 1231 2630 1292 suis
2656 1229 2925 1310 epistolis
2959 1251 2973 1290 :
3009 1229 3175 1306 Rogo
3193 1249 3331 1303 vos,
3366 1231 3603 1306 fratres,

237 1345 357 1402 φων
418 1321 716 1380 ἐπιστολῶν
751 1339 765 1354 ·
817 1321 1118 1401 Παρακαλῶ
1163 1324 1322 1398 ὑμᾶς,
1386 1321 1623 1403 ἀδελφοὶ,
1662 1327 1868 1402 πειθαρ-

1968 1328 2033 1382 ut
2065 1320 2384 1392 obediatis,
2439 1329 2498 1380 et
2539 1338 2774 1380 omnem
2828 1321 3171 1380 exercitetis
3199 1318 3599 1394 tolerantiam,

238 1425 374 1492 χεῖν
431 1413 516 1468 καὶ
567 1417 742 1468 πᾶσαν
805 1411 1082 1484 ὑπομονὴν
1140 1425 1351 1486 ασκεῖν,
1399 1413 1466 1480 ἢν
1539 1411 1710 1468 εἴδετε
1766 1433 1866 1468 κατ

1970 1427 2143 1490 quam
2179 1409 2410 1470 vidistis
2439 1407 2650 1483 oculis,
2703 1427 2820 1490 non
2863 1409 3054 1468 solum
3102 1408 3160 1466 in
3195 1407 3310 1469 BB.
3351 1408 3600 1486 lgnatio,

237 1501 548 1580 ὀφθαλμοὺς
607 1503 667 1558 οὒ
728 1500 890 1576 μόνον
944 1503 1000 1556 ὲν
1046 1514 1165 1566 τοῖς
1198 1501 1476 1579 μακαρίοις
1514 1499 1756 1578 Ἰγνατίῳ
1799 1523 1865 1556 κα

1970 1499 2126 1563 Rufo
2150 1507 2207 1560 et
2236 1499 2495 1573 Zosimo,
2521 1497 2627 1558 sed
2656 1497 2832 1558 etiam
2862 1497 2922 1557 in
2949 1497 3150 1558 multis
3167 1497 3297 1557 aliis
3319 1515 3388 1558 ex
3414 1497 3600 1572 vobis,

240 1582 452 1669 Ῥούφῳ
507 1591 594 1646 καὶ
652 1590 899 1663 Ζωσίμῳ,
975 1590 1112 1646 ἀλλὰ
1170 1593 1258 1646 καὶ
1323 1589 1378 1646 ἐν
1422 1589 1606 1652 ἄλλοις
1651 1589 1868 1649 πολλοῖς

1967 1588 2107 1648 etin
2132 1587 2262 1667 ipso
2285 1586 2492 1660 Paulo,
2527 1595 2586 1647 et
2612 1585 2682 1645 iis
2713 1586 2814 1666 qui
2849 1604 2980 1647 cum
3015 1586 3144 1665 ipso
3180 1585 3596 1646 crediderunt:

232 1692 355 1740 τοῖς
388 1679 440 1744 ἐξ
469 1681 619 1754 ὑμῶν
652 1680 745 1736 καί
793 1679 847 1734 ἐν
879 1680 1022 1753 αὐτῷ
1066 1679 1261 1751 Παύλῳ
1301 1681 1389 1736 καὶ
1442 1693 1558 1745 τοῖς
1591 1681 1682 1735 σὺν
1739 1683 1868 1751 αὐτᾷ

1965 1675 2123 1756 quod
2149 1678 2183 1736 ii
2211 1695 2422 1736 omnes
2446 1693 2560 1736 non
2587 1674 2648 1734 in
2681 1693 2896 1735 vanum
2919 1684 3374 1750 concurrerunt,
3405 1694 3604 1755 neque

227 1769 672 1843 πεπιστευκόσιν,
720 1767 802 1824 ὅτι
859 1769 948 1825 καὶ
992 1770 1134 1825 οὗτοι
1203 1769 1398 1832 πάντες
1449 1773 1544 1828 οὐκ
1597 1771 1672 1830 είς
1729 1769 1868 1825 κενὸν

1965 1767 2026 1826 in
2059 1783 2273 1826 vanum
2327 1765 2774 1864 laboraverunt,
2823 1763 2929 1864 sed
2978 1764 3206 1864 inﬁde
3259 1771 3317 1825 et
3341 1764 3599 1844 justitia,

231 1857 485 1936 ἔδραμον,
549 1857 668 1914 οὒδὲ
711 1859 786 1919 είς
842 1860 998 1914 κενὸν
1041 1858 1354 1932 ἐκὸπίασαν,
1404 1857 1524 1914 ἀλλ’
1593 1857 1646 1913 ἐν
1705 1860 1878 1916 πίστει

233 1949 325 2005 καὶ
361 1945 666 2024 δικαιοσύνῃ
709 1953 779 2022 τῇ
823 1946 878 2002 ἐν
921 1947 1132 2025 Χριστῷ
1175 1946 1376 2014 Ἰησοῦ.
1429 1949 1523 2003 Διὸ
1567 1949 1654 2003 καὶ
1687 1950 1759 2012 εἷς
1787 1951 1878 2005 τὸν

235 2035 590 2116 ὀφειλόμενον
646 2037 812 2092 τόπον
869 2037 996 2091 εἰσὶν
1053 2035 1168 2113 ἄρτι
1223 2037 1367 2114 παρὰ
1428 2036 1636 2115 Κυρίου,
1682 2038 1727 2112 ᾦ
1791 2039 1877 2093 καὶ

234 2124 531 2183 ωνέπαθσν
563 2141 578 2156 ⁸
641 2124 701 2181 οὗ
760 2125 859 2201 γὰρ
902 2127 995 2182 τὸν
1039 2128 1125 2181 νῦν
1170 2127 1335 2181 αἰῶνα
1380 2126 1690 2203 ἠγάπησαν,
1740 2125 1878 2182 ἀλλὰ

233 2215 330 2271 τὸν
381 2214 510 2291 ὑπὲρ
565 2215 724 2288 ἡμῶν
763 2214 1095 2271 ἀποθανόντα
1139 2215 1224 2270 καὶ
1281 2214 1580 2271 ἀναστάντα
1626 2219 1872 2291 Χριστόν.

237 2301 391 2362 Οὕτω
449 2305 550 2378 μὲν
593 2305 682 2359 οὗν
729 2306 757 2359 ὁ
800 2307 944 2368 θεῖος
1001 2302 1258 2382 Ἰγνάτιος
1291 2303 1346 2359 ἐν
1378 2317 1500 2368 ταῖς
1532 2307 1700 2380 ἱεραῖς
1734 2307 1876 2361 ἐκεί-

237 2413 344 2448 νωο
395 2397 606 2471 ψυχαῖς
662 2394 862 2472 ἔκειτο,
922 2393 1011 2448 καὶ
1042 2395 1236 2469 θηρίων
1271 2392 1533 2470 γαστέρας
1565 2394 1737 2468 ἑαυτῷ
1787 2395 1875 2451 θέ-

240 2484 358 2537 σθαι
417 2482 584 2560 τάφον
658 2484 1018 2560 ἐπιθυμήσας,
1077 2481 1276 2559 ἀνδρῶν
1333 2480 1590 2562 φιλοθὲων
1674 2482 1877 2556 μᾶλλον

1963 1873 2098 1934 quze
2130 1862 2217 1915 est
2265 1854 2326 1914 in
2360 1855 2596 1916 Christo
2618 1852 2782 1916 Jesu.
2831 1850 3232 1924 Quamobrem
3256 1861 3394 1914 sunt
3424 1855 3602 1915 etiam

1964 1945 2023 2004 in
2061 1944 2218 2018 loco,
2259 1941 2364 2020 qui
2393 1944 2481 2004 eis
2514 1941 2765 2002 debetur
2784 1942 3112 2018 aDomino,
3137 1960 3273 2003 cum
3303 1961 3420 2021 quo
3447 1943 3602 2022 passi

1960 2041 2120 2094 sunt.
2155 2031 2286 2093 Non
2311 2033 2470 2094 enim
2501 2049 2762 2113 praesens
2785 2031 3071 2092 saeculum
3104 2030 3466 2104 dilexerunt,
3495 2031 3601 2094 sed

1962 2118 2286 2197 Christum,
2313 2121 2416 2200 qui
2443 2139 2547 2201 pro
2569 2119 2742 2182 nobis
2766 2129 3035 2182 mortuus
3056 2129 3146 2182 est
3170 2131 3231 2181 et
3253 2122 3598 2185 resurrexit.

1961 2209 2058 2272 Sic
2107 2229 2247 2290 ergo
2298 2212 2445 2272 situs
2494 2219 2621 2273 erat
2669 2210 2904 2272 divinus
2955 2211 3217 2290 lgnatius
3292 2217 3350 2271 in
3416 2211 3602 2274 sacris

1962 2301 2199 2362 illorum
2233 2302 2495 2363 animis:
2551 2309 2609 2360 et
2655 2318 2791 2362 cum
2834 2299 3239 2362 desiderasset
3269 2299 3598 2363 bestiarum

1961 2399 2198 2451 ventres
2230 2391 2344 2450 sibi
2377 2389 2722 2470 sepulcrum
2764 2388 3031 2465 efﬁcere,
3073 2391 3134 2450 in
3168 2390 3400 2469 piorum
3434 2393 3596 2454 viro-

1962 2497 2092 2540 rum
2129 2480 2315 2558 magis
2344 2479 2575 2540 habitat
2599 2477 2843 2539 animis.

236 2574 448 2649 ψυχαῖς
479 2583 728 2628 κατοικεῖ
735 2617 750 2632 .

319 2658 430 2718 ΙΘ’.
494 2659 747 2724 Βασιλεὺς
791 2659 846 2716 δὲ
903 2662 1162 2737 Τραϊανὸς
1214 2661 1280 2716 τὰ
1310 2661 1448 2717 κατὰ
1486 2661 1578 2716 τον
1611 2661 1874 2740 Θεοφόρον

232 2759 420 2808 τοῦτον
479 2748 736 2826 Ἰγνάτιον
791 2749 1010 2826 ὕστερον
1054 2751 1324 2829 ἔκμαθὼν,
1353 2751 1499 2814 ὅπως
1530 2771 1591 2827 γε
1620 2751 1874 2827 γενναίως

231 2840 326 2895 τὸν
388 2846 478 2894 τοῦ
536 2839 797 2917 μάρτυρος
859 2838 1016 2895 ἆθλον
1059 2838 1264 2894 ἀνύσειε
1315 2841 1403 2894 καὶ
1435 2838 1578 2902 ὅπως
1613 2839 1746 2895 κατὰ
1775 2840 1868 2906 τὴν

1961 2835 2098 2896 titer
2131 2833 2463 2914 peregisset
2490 2839 2602 2895 hoc
2633 2843 2936 2896 certamen
2970 2834 3270 2914 martyrii,
3319 2842 3378 2896 et
3407 2837 3590 2916 quod,

237 2926 440 2985 ἐκείνου
525 2932 706 3006 ψῆφον
780 2929 977 3005 θηρίων
1047 2928 1176 3006 βορὰ
1236 2928 1466 3006 γένοιτο,
1541 2929 1768 2992 ἀκούσας
1819 2927 1868 2984 δὲ

1961 2932 2021 2982 ut
2053 2925 2183 3002 ipse
2215 2925 2428 2986 tulerat
2459 2924 2838 2999 sententiam,
2863 2941 2898 2984 a
2927 2922 3133 2984 bestiis
3166 2923 3376 2985 fuisset
3407 2925 3595 2987 devo-

231 3016 411 3073 πολλὰ
461 3017 552 3074 καὶ
621 3019 741 3094 περὶ
794 3022 900 3073 τῶν
953 3019 1090 3073 κατὰ
1148 3015 1334 3096 χώραν
1389 3024 1742 3097 Χριστιανῶν,
1801 3020 1868 3079 ὡς

1961 3025 2144 3096 ratus,
2183 3025 2240 3078 et
2271 3018 2454 3079 multa
2485 3017 2665 3078 etiam
2711 3016 3032 3078 audivisset
3078 3016 3153 3077 de
3205 3014 3592 3094 Christianis,

234 3104 335 3184 ἄρα
363 3103 510 3162 οὐδὲν
569 3106 711 3183 παρὰ
758 3106 879 3167 τοὺς
944 3107 1139 3180 νόμοσς
1193 3107 1495 3184 πράττοιεν,
1552 3108 1761 3164 ἀνόσιόν
1816 3129 1868 3163 τε

1961 3105 2062 3185 qui
2091 3115 2261 3167 erant
2303 3107 2364 3167 in
2411 3108 2680 3187 regione,
2732 3105 2890 3186 quod
2936 3105 3166 3167 scilicet
3195 3105 3346 3167 nihil
3379 3115 3598 3188 praeter

237 3174 429 3272 δρῶσιν
457 3192 627 3267 οὒδὲν,
647 3174 782 3250 ’ἀλλ’
831 3193 942 3270 ἃμα
1076 3174 1494 3270 διανιάτάμενοιν
1528 3198 1759 3274 Χριστόν
1814 3218 1868 3252 τε

1961 3174 2122 3275 leges
2152 3195 2438 3271 facerent,
2476 3174 2672 3277 neque
2689 3174 2818 3258 rem
2851 3195 3034 3256 ullam
3060 3174 3592 3276 agerentimpiam;

239 3285 312 3348 ὡς
370 3285 491 3339 rte»
545 3285 678 3340 Θεοῦ
735 3293 1116 3362 προσκυνοὺσιν
1175 3284 1484 3362 ἐγκράτειαν
1569 3306 1625 3340 τε
1697 3291 1868 3342 πᾶσαν

1961 3286 2062 3346 sed
2105 3283 2370 3347 diluculo
2416 3296 2759 3364 surgentes,
2815 3293 2874 3345 et
2922 3282 3222 3346 Christum
3273 3284 3595 3347 adorarent

2040 2655 2189 2718 XIX.
2224 2659 2556 2736 Imperator
2585 2662 2784 2717 autem
2816 2656 3108 2735 Trajanus
3140 2675 3275 2718 cum
3301 2657 3378 2720 de
3402 2657 3594 2722 Theo-

1960 2745 2150 2824 phoro
2182 2746 2294 2806 hoc
2327 2744 2552 2822 Ignatio
2583 2753 2787 2825 postea
2817 2743 3148 2818 didicisset,
3176 2753 3236 2806 et
3257 2764 3433 2824 quam
3466 2747 3595 2809 for-

241 3371 494 3430 ἆσκοῦσιν
554 3370 608 3426 ἔν
667 3391 725 3427 τε
769 3371 989 3449 βρωτῶν
1048 3371 1245 3446 ὁμοίως
1299 3372 1387 3428 καὶ
1429 3377 1607 3427 ποτῶν
1637 3371 1871 3447 μεταλή-

239 3465 354 3540 ψει,
425 3461 512 3518 καὶ
568 3461 668 3518 ὅσα
724 3461 885 3536 νόμος
968 3461 1314 3539 ἀπαγορεύει,
1387 3461 1588 3517 τούτων
1664 3461 1869 3526 οὐδενὸς

237 3551 518 3630 ἅπτονται,
578 3560 743 3609 ταῦτα
819 3551 1028 3606 ἐκεῖνον
1102 3551 1401 3607 ἀκούσαντα
1457 3551 1742 3625 μετάνοιαν
1812 3572 1869 3606 τε

239 3640 492 3696 εἰσελθεῖν
549 3647 655 3697 τῶν
685 3638 790 3708 ἤδη
851 3642 1227 3718 γεγενημένων
1283 3643 1370 3697 καὶ
1428 3639 1600 3717 δόγμα
1630 3648 1869 3697 τοιοῦτον

238 3730 468 3787 ὶκθεῖναι
519 3729 756 3807 λέγεται,
832 3729 970 3786 ὥστε
1027 3730 1089 3784 τὸ
1153 3736 1260 3786 τῶν
1321 3736 1648 3806 Χριστιανῶν
1707 3730 1868 3810 φῦλον

236 3818 572 3890 ἑκζητεὶσθαι
630 3819 729 3890 μὲν
795 3820 883 3874 καὶ
940 3819 1208 3898 γνώριμον
1279 3827 1558 3898 πανταχοῦ
1615 3822 1863 3876 καθίστα-

239 3911 376 3984 σθαι,
427 3908 790 3984 εὑρισκόμενοι
847 3905 902 3963 δὲ
968 3907 1046 3982 μή
1132 3908 1461 3986 ἀναιρεῖσθαι
1528 3908 1649 3983 μὲν,
1723 3908 1866 3976 πλὴν

238 3995 368 4072 μηδὲ
412 3995 573 4053 πάλιν
630 3995 802 4076 ἀρχὰς
857 3997 894 4062 ἦ
949 3995 1218 4072 δημοσίων
1269 3998 1600 4074 πραγμάτων
1632 3996 1868 4078 ἐγχειρί-

235 4089 406 4156 ζεσθαι
460 4084 778 4154 διοικήσεις.
848 4084 1029 4150 Οὕτως
1075 4090 1179 4165 οὐχ
1229 4086 1265 4152 ἡ
1323 4087 1435 4156 ζωὴ
1464 4088 1626 4160 μόνον
1679 4086 1864 4165 ἰγκα-

237 4185 363 4252 τίου,
396 4172 501 4242 ἤδη
533 4172 585 4229 δὲ
621 4175 706 4231 καὶ
739 4176 772 4242 ἡ
822 4173 1046 4242 τελευτὴ
1111 4174 1324 4232 πολλῶν
1375 4174 1623 4254 πρόξενος
1655 4176 1864 4256 ἀγαθῶν

238 4263 490 4336 κατέστη,
549 4263 814 4343 καύχημα
870 4269 970 4330 τῆς
1022 4267 1076 4320 ἓν
1133 4268 1340 4341 Χριστῷ
1391 4264 1643 4338 πίστεως,
1711 4267 1866 4322 εὐσε-

237 4349 374 4417 ϐείας
431 4351 691 4428 ἐπίδοσις,
745 4351 1082 4429 παράκλησις
1152 4356 1284 4430 πρὸς
1370 4354 1490 4416 τοὺς
1548 4355 1684 4410 κατὰ
1736 4356 1866 4411 Θεὸν

237 4442 422 4505 πόνους
480 4443 568 4499 καὶ
618 4441 720 4518 πρὸ
775 4448 958 4517 καιροῦ
999 4447 1144 4512 ζωῆς
1188 4444 1604 4522 καταφρόνησις,
1668 4443 1862 4521 ἐγκρά-

1955 3382 2236 3453 tanquam
2283 3373 2388 3436 Dei
2423 3374 2659 3449 Filium,
2693 3382 2754 3435 et
2795 3390 3032 3435 omnem
3067 3381 3420 3435 exercerent
3450 3375 3590 3435 abs-

1955 3462 2262 3524 tinentiam
2316 3469 2375 3524 in
2429 3463 2562 3525 cibo
2613 3476 2674 3523 et
2727 3465 2785 3522 in
2833 3471 2970 3542 potu
3000 3461 3317 3539 sumendo,
3351 3471 3410 3524 et
3439 3463 3590 3525 nihil

1955 3559 2270 3630 tangerent
2304 3572 2374 3613 ex
2407 3552 2482 3613 iis
2511 3570 2649 3630 quae
2676 3551 2770 3614 lex
2803 3547 3124 3631 prohibet;
3161 3569 3294 3612 cum
3329 3552 3453 3627 ille,
3491 3559 3588 3614 in-

1955 3660 2158 3719 quam,
2195 3644 2322 3704 haac
2351 3641 2704 3716 audivisset,
2739 3651 2797 3702 et
2845 3639 3058 3702 ductus
3105 3649 3194 3702 est
3242 3641 3589 3720 ptenitentia

1953 3748 2183 3807 eorum,
2217 3747 2350 3811 quae
2379 3730 2529 3792 facta
2572 3730 2827 3810 fuerant,
2882 3737 2939 3790 et
2970 3729 3188 3790 dicitur
3220 3728 3340 3792 tale
3370 3729 3587 3793 decre-

1953 3828 2076 3882 tum
2116 3820 2518 3901 proposuisse,
2558 3828 2615 3882 ut
2652 3838 2798 3896 gens
2831 3819 3075 3900 quidem
3109 3817 3585 3882 Christianorum

1951 3910 2364 3990 exquireretur
2396 3919 2454 3970 et
2485 3910 2766 3970 omnibus
2820 3917 2980 3971 esset
3023 3909 3304 3987 cognita;
3358 3911 3587 3972 inventi

1949 4007 2145 4061 autem
2180 4019 2297 4060 non
2329 3999 2852 4070 interﬁcerentur;
2885 3999 2993 4061 sed
3033 4017 3227 4078 neque
3275 3999 3585 4078 magistra-

1950 4097 2044 4151 tus
2071 4095 2374 4169 gererent,
2401 4107 2600 4166 neque
2623 4090 3000 4169 susciperent
3025 4088 3206 4150 ullam
3238 4089 3588 4170 reipublicae

1949 4178 2552 4240 administrationem.
2581 4177 2680 4240 Sic
2710 4197 2828 4239 non
2858 4185 2973 4238 vita
3002 4177 3192 4238 solum
3225 4177 3586 4256 lgnatii,sed

1941 4269 2064 4348 jam
2094 4287 2253 4329 mors
2276 4270 2451 4330 etiam
2478 4267 2589 4328 fuit
2615 4270 2934 4328 multorum
2967 4267 3263 4328 bonorum
3293 4269 3585 4332 concilia-

1951 4357 2085 4438 trix,
2119 4355 2391 4435 gloriatio
2425 4356 2587 4432 ﬁdei,
2623 4375 2756 4436 quae
2787 4365 2878 4418 est
2905 4357 2965 4416 in
2997 4355 3257 4431 Christo,
3289 4376 3584 4437 augmen-

1950 4456 2070 4508 tum
2103 4446 2367 4526 pietatis,
2401 4447 2735 4508 adhortatio
2769 4445 2841 4507 ad
2893 4463 2995 4508 eos
3047 4448 3148 4527 qui
3187 4457 3324 4510 sunt
3357 4465 3427 4509 ex
3459 4447 3583 4510 Deo

239 4531 348 4586 τειά
389 4552 448 4588 τε
495 4537 602 4587 τῶν
660 4526 933 4609 βλαϐερῶν
986 4533 1074 4588 καὶ
1127 4533 1242 4608 βίου
1290 4532 1699 4610 καθαρειότητος
1732 4533 1863 4589 ἐπι-

1961 4533 2210 4609 labores,
2267 4543 2326 4595 et
2378 4536 2742 4615 contemptio
2803 4536 2931 4615 ejus
2985 4526 3140 4611 vitae,
3195 4555 3328 4617 quae
3377 4545 3468 4599 est
3509 4537 3584 4600 ad

239 4617 442 4706 μέλεια,
502 4619 684 4698 χάριτι
755 4620 842 4674 καὶ
899 4617 1263 4698 φιλανθρωπίᾳ
1318 4628 1410 4676 τοῦ
1464 4620 1649 4696 Κυρίου
1710 4622 1865 4695 ἡμῶν

1961 4634 2212 4704 tempus,
2245 4633 2303 4685 et
2334 4625 2704 4686 continentia
2735 4625 2807 4686 ab
2858 4625 2930 4686 iis
2962 4644 3094 4706 quae
3129 4634 3265 4687 sunt
3296 4628 3492 4704 noxia,
3528 4637 3588 4689 et

236 4705 405 4775 Ἰησοῦ
445 4715 694 4786 Χριστοῦ,
757 4706 874 4782 μεθ’
928 4709 990 4764 οὗ
1025 4715 1102 4783 τῷ
1145 4710 1308 4787 Πατρὶ
1338 4707 1459 4773 δόξα
1491 4711 1685 4781 καὶτῷ
1727 4710 1864 4786 ἁγίῳ

1961 4713 2210 4774 studium
2242 4713 2374 4774 vitae
2405 4715 2676 4794 puritatis
2710 4734 2723 4774 :
2761 4715 2951 4794 gratia
2981 4705 3042 4776 et
3067 4715 3434 4794 benignitate
3461 4715 3584 4776 Do-

231 4798 312 4854 καὶ
366 4801 616 4871 ζωοποιῴ
671 4797 961 4871 Πνεύματι,
1035 4804 1122 4855 νῦν
1190 4800 1278 4855 καὶ
1335 4798 1416 4854 ἀεὶ
1476 4799 1561 4852 καὶ
1615 4801 1688 4864 εἷς
1743 4800 1862 4863 τοὺς

1961 4801 2093 4864 nini
2124 4801 2312 4863 nostri
2336 4803 2478 4866 Jesu
2510 4803 2754 4878 Christi,
2793 4823 2928 4866 cum
2961 4823 3078 4884 quo
3107 4805 3270 4866 Patri
3301 4804 3492 4882 gloria
3524 4811 3584 4864 et

233 4887 417 4950 αἰῶνας
443 4891 548 4943 τῶν
577 4887 810 4948 αἰώνων.
841 4884 1041 4961 Ἀμήν.

1961 4899 2150 4954 sancto
2180 4900 2241 4954 et
2274 4891 2504 4954 viviﬁco
2539 4893 2786 4974 Spiritui
2836 4911 2994 4954 nunc
3046 4901 3105 4956 et
3155 4910 3396 4970 semper
3430 4899 3486 4954 et
3516 4892 3580 4954 in

1944 4980 2161 5042 saecula
2191 4981 2571 5043 saeculorum.
2598 4983 2818 5044 Amen.
