3954 6146
384 227 533 293 1287

1647 234 1929 298 MENSIS
1970 227 2476 302 FEBRUARIUS.

3611 235 3751 303 1288

710 517 888 624 DE
1024 515 1560 625 SANCTO
1686 519 2392 630 CORNELIO
2518 521 3429 632 CENTURIONE

1487 751 1719 816 EPISC.
1769 750 2170 852 C/ESAREiE
2220 753 2315 816 ET
2359 753 2635 819 scarsr.

845 908 1063 977 (Saecula
1097 922 1136 978 ι,
1169 910 1428 966 Februarii
1459 911 1538 966 die
1565 913 1620 969 2.
1652 944 1717 953 —
1747 915 1888 970 Acta
1917 913 2239 969 Sanctorum
2267 914 2524 973 Bolland.
2558 916 2798 973 Februar.
2835 923 2958 972 tom.
2987 917 3030 985 Ι,
3063 933 3114 989 p.
3148 915 3298 984 279)

787 1196 815 1275 §
859 1196 905 1258 Ι.
953 1196 1021 1259 S.
1074 1199 1346 1260 Cornelii
1375 1203 1602 1279 patria.

458 1310 518 1366 i.
556 1303 823 1365 Czesarea
848 1303 992 1364 urbs
1006 1303 1339 1379 Palestinaa,
1357 1306 1497 1366 olim
1514 1306 2022 1382 Stratonisturris,

391 1401 550 1456 teste
583 1395 772 1454 Plinio
799 1394 904 1453 lib.
940 1410 1000 1468 v,
1039 1412 1168 1473 cap.
1213 1397 1304 1464 13,
1339 1395 1412 1456 ab
1447 1396 1684 1457 Herode
1735 1421 1754 1450 ι
1805 1398 1876 1458 ad
1914 1398 2024 1459 ho—

394 1501 602 1542 norem
643 1479 944 1544 Octaviani
979 1483 1268 1562 principis
1295 1484 1720 1554 exaediﬁcata”
1761 1494 1823 1546 ut
1847 1487 2026 1548 habet

393 1571 749 1633 Ammianus
781 1571 1157 1632 Marcellinus
1189 1572 1293 1631 lib.
1336 1591 1451 1644 xrv,
1489 1574 1647 1635 unde
1681 1585 1739 1636 et
1769 1576 2028 1654 appella-

392 1660 612 1721 tionem
647 1661 851 1720 sortita
885 1681 897 1722 :
938 1671 1065 1740 post
1115 1686 1136 1714 (ι
1174 1661 1421 1722 Colonia
1453 1663 1667 1734 Fiavia,
1721 1682 1754 1724 a
1803 1663 2026 1745 Vespa.

391 1750 558 1810 siano
592 1749 738 1829 imp.
775 1749 1051 1823 deducta,
1093 1776 1110 1802 ι
1143 1749 1220 1810 ait
1252 1751 1502 1813 Plinius.
1538 1752 1806 1814 Retinuit
1829 1761 2026 1814 tamen

391 1841 679 1900 Caesareae
708 1838 780 1898 ad
815 1847 1083 1911 posteros
1134 1857 1352 1899 nomen
1401 1861 1414 1898 :
1473 1842 1792 1904 Ptolomaeo
1837 1843 1956 1905 tab.
1989 1847 2028 1903 4

377 1929 556 1999 Astae,
621 1929 911 2004 Καισάρεια
971 1929 1327 2004 Στράτωνος,
1403 1926 1670 1992 Caesarea
1733 1933 2028 1993 Stratonis

377 2016 678 2081 Stratonis
735 2016 916 2078 dicta.
979 2015 1078 2075 Est
1129 2034 1199 2076 ea
1270 2016 1577 2078 nobilitata
1631 2019 2023 2098 plurimorum

381 2112 710 2184 martyrum
737 2107 996 2184 tropaeis,
1027 2105 1359 2166 antistitum
1383 2107 1750 2181 eruditione,
1785 2127 1852 2170 ac
1877 2128 2025 2190 prae-

380 2195 586 2258 sertim
640 2195 895 2274 primum
942 2193 1121 2255 isthic
1169 2195 1447 2272 gentibus
1480 2197 1771 2276 patefacto
1801 2198 2023 2261 imme-

381 2284 540 2345 diato
572 2283 632 2343 in
663 2281 993 2344 Ecclesiam
1019 2283 1320 2362 ingressu,
1363 2284 1638 2347 Cornelio
1670 2288 2026 2350 centurione

381 2392 490 2454 per
516 2372 920 2452 apostolorum
957 2372 1296 2451 principiim
1334 2372 1695 2453 baptismate
1743 2377 1995 2439 initiato.

463 2465 522 2525 2.
557 2462 695 2524 Erat
729 2463 882 2523 sicut
913 2461 1121 2524 scribit
1143 2461 1201 2524 S.
1233 2462 1420 2524 Lucas
1444 2465 1575 2527 Act.
1609 2485 1664 2538 Χ,
1705 2491 1729 2522 τι
1757 2469 2028 2528 centurio

2045 1209 2082 1256 Α
2111 1209 2364 1263 exstant.
2398 1202 2471 1264 At
2497 1202 2603 1263 lib.
2639 1219 2716 1263 Lv
2765 1205 2872 1265 ista
2905 1203 3084 1265 habet
3117 1222 3131 1266 :
3176 1226 3196 1259 ι
3236 1202 3426 1266 Sexta?
3477 1200 3616 1262 dum
3652 1199 3754 1279 (le-

2111 1289 2362 1366 giones),
2397 1309 2510 1351 una
2540 1293 2598 1351 in
2628 1291 2898 1354 inferiori
2918 1293 3243 1366 Britannia,
3264 1291 3500 1353 Victrix
3529 1311 3545 1365 ;
3579 1289 3757 1352 altera

2112 1378 2173 1437 in
2202 1377 2404 1440 Judaaa
2431 1378 2666 1441 Ferreae
2700 1381 2984 1442 vocabulo
3017 1381 3292 1460 insignis.
3339 1403 3362 1436 ι
3395 1379 3477 1440 Et
3509 1379 3755 1458 quibus-

2112 1467 2245 1528 dam
2277 1468 2632 1548 interjectis,
2669 1495 2688 1525 σ
2737 1469 2893 1532 Nero
2927 1471 3226 1550 legionem
3265 1470 3557 1549 primam,
3598 1466 3755 1529 [tali-

2113 1573 2239 1616 cam
2300 1567 2728 1637 nuncupatam,
2792 1559 3070 1632 instituit,
3127 1561 3188 1620 in
3242 1558 3542 1619 inferiore
3587 1557 3760 1635 Mysia

2113 1646 2512 1726 hyemantem.
2568 1698 2581 1710 .
2634 1694 2650 1709 .
2700 1698 2714 1710 .
2769 1692 2784 1708 .
2831 1649 3121 1727 Trajanus
3152 1647 3489 1710 secundam
3545 1644 3762 1726 Egyp-

2115 1736 2282 1809 tiam,
2342 1736 2706 1800 tricesimam
2765 1738 3231 1812 Germanicam;
3290 1736 3520 1817 quibus
3574 1754 3610 1795 ι
3661 1753 3760 1794 suo

2116 1831 2356 1886 nomine
2382 1827 2672 1906 imposuit
2701 1829 2778 1889 M.
2817 1827 3195 1889 Antoninus:
3253 1828 3392 1887 item
3430 1823 3759 1886 secundam

2110 1915 2172 1976 in
2203 1914 2440 1990 Norico,
2487 1917 2725 1979 tertiam
2759 1918 2819 1978 in
2851 1917 3102 1991 Rhaetia,
3153 1935 3287 1995 quae
3317 1915 3505 1978 etiam
3543 1912 3763 1974 Italicae

2109 2013 2416 2066 vocantur.
2455 2030 2481 2061 ι
2517 2006 2606 2067 An
2640 2008 2736 2068 hic
2779 2006 2994 2067 mirum
3048 2005 3111 2066 in
3157 2005 3403 2066 modum
3458 2002 3762 2081 legionem

2109 2092 2368 2155 Italicam
2402 2096 2558 2156 inter
2586 2105 2832 2160 caeteras
2864 2095 3150 2157 micuisse
3192 2095 3299 2156 Dio
3331 2101 3600 2156 testatur
3623 2096 3652 2151 ‘?
3681 2088 3766 2149 An

2109 2182 2171 2243 in
2213 2182 2475 2246 Judaeam
2532 2185 2850 2246 deductam
2902 2183 2976 2245 ab
3030 2185 3295 2263 Augusto
3325 2201 3463 2263 quae
3498 2179 3764 2242 instituta

2110 2275 2376 2335 nondum
2409 2274 2585 2335 erat?
2613 2274 2690 2336 At
2719 2276 2769 2334 si
2801 2272 3002 2335 Italica
3029 2281 3176 2346 erat,
3216 2289 3348 2352 quae
3367 2270 3655 2334 Judaeum
3683 2275 3764 2327 tu-

2113 2361 2342 2422 tabatur
2372 2363 2552 2441 legio.
2581 2363 2720 2443 quid
2745 2381 2991 2424 necesse
3013 2374 3139 2424 erat
3173 2361 3546 2441 peculiarem
3584 2374 3757 2419 unam

2111 2450 2272 2513 illius
2311 2453 2624 2514 cohortem
2671 2453 2931 2514 Italicam
2967 2449 3291 2532 appellari?
3327 2447 3564 2511 Verum
3589 2446 3760 2508 Biva-

385 2553 647 2615 cohortis
674 2571 806 2632 quae
839 2551 1062 2612 dicitur
1099 2550 1326 2616 Italica.
1376 2578 1399 2608 »
1444 2534 1672 2626 Quibus
1717 2574 1784 2617 ex
1832 2541 2241 2632 verbisnrius
2292 2542 2593 2604 cohortem
2651 2560 2722 2632 ac
2779 2542 3107 2632 legionem
3135 2537 3502 2614 confundit;
3562 2534 3763 2632 scribit

387 2643 614 2719 colligit
643 2641 939 2703 Baronius
963 2650 1004 2703 t.
1043 2643 1063 2704 Ι
1095 2641 1337 2716 Annal.,
1363 2661 1462 2703 an.
1489 2642 1711 2706 Christi
1740 2648 1841 2718 41,
1879 2666 1940 2707 n.
1967 2648 2027 2722 Q,

386 2751 521 2795 eum
556 2748 778 2808 genere
825 2731 1160 2792 Romanum
1211 2731 1422 2805 fuisse,
1456 2734 1677 2796 milites
1719 2735 1942 2814 Italos;
1976 2747 2035 2798 et

388 2822 633 2902 quidem
667 2837 736 2881 ex
771 2820 1003 2897 legione
1053 2831 1243 2893 sexta,
1292 2821 1580 2897 Ferrera,
1635 2824 1726 2886 vel
1767 2827 2034 2888 [verram

389 2911 548 2972 dicta
604 2931 617 2966 ε
685 2927 818 2969 nam
866 2909 1222 2984 στρατόπεδον
1275 2914 1336 2967 τὸ
1390 2911 1669 2988 Σιδηροῦν,
1729 2913 2029 2993 legionem

390 3000 676 3064 Ferream
716 2997 774 3056 in
805 2995 1010 3059 Judaea
1051 2998 1400 3060 collocatam
1432 3000 1574 3062 inde
1605 3021 1638 3063 a
1664 3004 2032 3083 temporibus

387 3087 666 3168 Augusti,
691 3085 902 3148 scribit
933 3088 1040 3146 Dio
1073 3085 1311 3149 Cassius
1340 3089 1446 3153 lib.
1470 3107 1570 3152 ιν.
1594 3093 1831 3154 Tacitus
1862 3094 2034 3175 plura

391 3179 465 3240 ab
497 3196 571 3240 ea
599 3183 764 3255 gesta
793 3175 853 3236 in
885 3176 1060 3256 Syria
1104 3179 1508 3260 Armeniaque
1562 3180 1690 3261 (sed
1725 3191 1859 3263 post
1890 3184 2033 3246 Cor-

391 3267 539 3330 nelii
593 3265 1074 3347 conversionem)
1127 3275 1348 3332 narrat.
1403 3269 1764 3333 Chronicum
1809 3272 2031 3354 Hispa-

390 3359 626 3432 niense,
678 3355 835 3436 quod
883 3355 1081 3417 Flavio
1137 3355 1354 3420 Dextro
1408 3360 1718 3422 ascribunt
1761 3373 2034 3426 auctores

395 3446 689 3518 moderni,
719 3445 790 3506 ad
825 3465 1046 3507 annum
1080 3446 1299 3509 Christi
1342 3450 1420 3510 40
1471 3451 1813 3513 Cornelium
1845 3453 2030 3515 Itali-

389 3554 625 3600 ccnsem
677 3535 838 3598 facit.
899 3535 1098 3598 italica
1158 3555 1375 3618 nempe
1427 3539 1769 3615 oriundum,
1800 3542 2033 3605 Baeticae

394 3627 566 3696 urbe,
640 3624 798 3687 unde
857 3633 918 3685 et
974 3632 1108 3704 post
1155 3626 1443 3706 Trajanus
1504 3640 1678 3711 atque
1735 3631 2036 3694 Adrianus

395 3714 609 3796 Imps.,
635 3715 810 3792 cujus
833 3713 1002 3774 urbis
1019 3716 1220 3777 ruinas
1247 3717 1321 3776 ad
1349 3717 1557 3780 B'etim
1591 3721 1838 3796 ﬂumen,
1866 3722 2037 3784 leuca

398 3824 519 3866 una
549 3803 622 3866 ab
655 3803 901 3882 Hispali,
947 3805 1271 3864 etiamnum
1313 3809 1594 3884 spectari,
1631 3829 1698 3870 ac
1727 3809 2034 3891 HiSpalim

2115 2630 2325 2693 enim:
2393 2656 2417 2686 α
2472 2635 2539 2692 In
2586 2631 2790 2692 Judaea
2840 2650 2958 2692 una
3002 2629 3339 2709 eademque
3387 2636 3526 2689 erat
3555 2626 3761 2688 cohors

2117 2719 2371 2781 militum
2402 2719 2937 2784 Romanorum.....
2968 2723 3096 2782 sola
3125 2719 3287 2781 enim
3313 2716 3546 2779 cohors
3576 2720 3757 2786 sexta,

2114 2827 2250 2884 quae
2280 2817 2371 2870 est
2409 2809 2631 2882 Italica,
2686 2817 2745 2871 et
2787 2809 3052 2881 Ferrato,
3089 2809 3149 2870 in
3193 2807 3546 2886 Palmstina,
3582 2805 3760 2867 Dione

2116 2907 2288 2972 teste,
2326 2899 2599 2976 degebat.
2640 2923 2662 2956 ι
2721 2899 2930 2962 Dionis
2973 2899 3096 2978 jam
3140 2898 3320 2960 verba
3369 2893 3755 2977 protulimus.

2115 2989 2210 3050 An
2273 2996 2388 3049 tam
2453 2989 2852 3050 honoriﬁcum
2906 2995 3113 3049 censet
3168 2987 3462 3061 Bivarius,
3527 2981 3755 3047 Christo

2117 3076 2479 3139 truculentas
2512 3095 2721 3139 manus
2751 3076 3047 3147 intulisse,
3082 3076 3140 3137 id
3165 3093 3404 3157 quoque
3420 3073 3619 3135 decus
3641 3070 3757 3130 suis

2113 3166 2439 3246 gentilibus
2463 3177 2756 3230 assertum
2779 3166 2961 3229 velit?
2988 3167 3077 3228 An
3101 3165 3340 3248 quando
3360 3163 3752 3256 blattthatxvttz

2115 3265 2471 3336 congregata
2517 3264 2606 3318 est
2637 3281 2664 3312 σ
2702 3256 2981 3319 universa
3011 3257 3249 3331 cohors,
3293 3279 3317 3314 ο
3354 3254 3544 3317 etiam
3594 3254 3756 3310 acciti

2115 3355 2254 3408 sunt
2282 3346 2550 3408 Caesarea
2566 3365 2774 3408 omnes
2795 3346 3059 3408 Cornelii
3083 3347 3323 3422 milites,
3349 3345 3400 3406 si
3433 3341 3616 3403 unica
3638 3345 3756 3398 erat

2116 3438 2175 3498 in
2202 3434 2407 3499 Judaaa
2439 3437 2655 3498 cohors
2675 3435 2706 3476 θ
2735 3438 2871 3499 Non
2907 3436 3247 3498 inficiamur
3279 3448 3485 3496 tamen
3523 3438 3751 3493 sextarii

2117 3525 2372 3606 aliquam
2403 3526 2698 3605 legionem
2725 3527 2866 3605 legi,
2900 3535 3190 3589 versatam
3218 3526 3278 3587 in
3311 3525 3625 3607 Hispania,
3657 3519 3754 3584 sed

2119 3615 2192 3676 ab
2223 3617 2336 3677 hac
2366 3613 2608 3676 Ferrata
2636 3616 2961 3679 diversam.

2199 3719 2258 3781 3.
2287 3717 2558 3782 Validius
2579 3730 2671 3780 est
2691 3718 3191 3802 aliquanto,quod
3217 3738 3284 3781 ex
3311 3719 3374 3783 S.
3395 3722 3752 3806 Hieronymo

2120 3808 2389 3872 Bivarius
2436 3809 2605 3869 aﬂ‘ert
2657 3818 3093 3888 argumentum.
3154 3809 3266 3870 Hic
3319 3813 3498 3892 epist.
3561 3817 3640 3879 98
3689 3809 3754 3873 ad

401 3896 715 3972 antiquam
750 3892 890 3963 dici,
929 3892 1138 3980 scribit
1171 3893 1507 3956 Ludovicus
1537 3899 1767 3959 Nonius
1810 3901 2097 3980 Hispa-c
2123 3898 2434 3961 Lucinium
2490 3900 2800 3973 Bmticum,
2852 3899 3010 3961 inter
3049 3898 3160 3961 alia
3188 3899 3394 3962 scribit
3442 3923 3456 3966 :
3521 3928 3544 3962 ι
3608 3904 3752 3966 Vere

399 3985 666 4062 nicecap.
708 3983 800 4043 l7.
836 3979 1034 4052 Multis
1064 3985 1431 4060 argumentis
1451 3984 1794 4048 Cornelium
1821 3979 2038 4052 Italicae

398 4073 701 4134 vindicare
748 4071 955 4132 nititur
1001 4069 1365 4134 Franciscus
1395 4072 1660 4136 Bivarius
1693 4077 1752 4138 in
1797 4078 1920 4140 suis
1965 4080 2036 4142 ad

396 4162 546 4225 illud
579 4161 916 4225 Chronicon
951 4159 1434 4238 Commentariis,
1485 4166 1554 4226 ad
1608 4185 1704 4226 an.
1761 4167 1901 4232 Chr.
1936 4168 2034 4245 34,

400 4253 636 4315 Comm.
666 4253 723 4312 3.
758 4253 1001 4312 Sextam
1035 4250 1196 4310 enim
1234 4253 1554 4330 legionem,
1589 4255 1807 4318 Judaeae
1841 4258 2039 4338 impo~

402 4343 574 4402 sitam
635 4341 708 4401 ad
767 4338 1131 4419 praesidium,
1188 4341 1454 4402 Italicam
1513 4343 1735 4423 fuisse;
1798 4349 2036 4410 Sextam

401 4429 784 4510 appellatam,
838 4429 996 4509 quod
1031 4429 1185 4508 apud
1235 4432 1456 4493 Livium
1513 4434 1766 4514 uspiam,
1807 4438 2042 4514 provin»

403 4522 630 4582 ciarum
666 4517 842 4579 Sexta
872 4519 1103 4579 dicatur
1133 4518 1413 4597 Hispania
1445 4523 1716 4595 ulterior,
1764 4524 1866 4585 ubi
1897 4527 2043 4587 urbs

403 4607 648 4671 Italica:
714 4607 880 4686 quasi
938 4625 1076 4668 vero
1136 4608 1288 4686 legio
1349 4611 1520 4670 tertia
1571 4610 1818 4685 Gallica,
1869 4615 2042 4676 tertia

405 4698 750 4779 Cyrenaica,
785 4705 993 4775 quarta
1034 4697 1329 4776 Scythica,
1381 4697 1586 4777 quinta
1632 4703 2038 4779 Macedonica,

407 4794 760 4867 nuncupatas
791 4788 931 4856 sint,
958 4789 1097 4862 quia
1132 4784 1322 4848 Gallia
1353 4805 1421 4847 ac
1449 4785 1680 4866 Cyrene
1707 4792 1878 4852 tertia
1909 4811 2042 4871 pro-

407 4878 600 4939 vincia
630 4875 876 4950 fuerint,
913 4874 1147 4955 Scythia
1174 4884 1405 4954 quarta,
1441 4878 1646 4957 quinta
1677 4879 2038 4942 Macedonia.

409 4967 595 5039 Quam
651 4966 870 5028 deinde
931 4965 1074 5026 illud
1135 4965 1388 5027 ridicule
1439 4967 1513 5028 ah
1575 4988 1644 5030 eo
1703 4971 2035 5050 scriptum!

406 5058 680 5122 Micuisse
728 5077 867 5119 vero
919 5058 1131 5118 mirum
1186 5058 1247 5118 in
1296 5059 1535 5120 modum
1586 5060 1850 5123 Italicam
1887 5063 2045 5126 inter

411 5160 654 5211 caeteras
675 5148 975 5209 Romanas
997 5148 1266 5225 legiones
1299 5151 1498 5211 multis
1527 5159 1772 5214 testatur
1802 5153 1909 5215 Dio
1934 5154 2040 5216 lib.

415 5259 448 5295 ν
480 5240 638 5300 Hist.
677 5239 956 5317 Romam,
1005 5238 1105 5316 qui
1139 5239 1315 5299 etiam
1348 5248 1554 5301 auctor
1583 5249 1693 5313 est,
1729 5241 1801 5302 ab
1834 5245 2042 5323 Augu-

414 5338 502 5390 sto
518 5327 747 5390 Caesare
771 5347 899 5389 eam
924 5329 976 5389 id
994 5327 1256 5389 Judaiam
1284 5329 1624 5392 deductam.
1651 5353 1673 5386 ι
1697 5327 1891 5392 Voluit
1914 5334 2048 5394 Dio-

415 5419 507 5478 nis
531 5437 596 5478 ιγ
624 5417 840 5478 librum
867 5415 1073 5496 citare,
1100 5435 1235 5477 nam
1263 5415 1338 5480 34
1362 5419 1593 5498 priores
1616 5419 1754 5480 libri
1773 5421 1903 5500 ejus
1926 5441 2045 5485 non

494 5547 516 5588 ί
562 5545 770 5604 Matth.
810 5561 936 5618 νηί,
973 5546 1070 5606 ‘lt.
1157 5544 1189 5593 2
1220 5549 1397 5608 Rom.
1432 5567 1525 5622 xv,
1564 5547 1662 5612 24.

2122 4007 2280 4049 nunc
2333 3989 2391 4048 in
2449 3997 2508 4048 te
2565 4006 2760 4049 sermo
2819 3987 3167 4050 Dominicus
3219 3990 3505 4070 impletus
3557 4001 3648 4056 est
3684 3993 3749 4050 ίε

2122 4078 2303 4140 Multi
2335 4076 2410 4138 ab
2443 4077 2696 4140 Oriente
2725 4086 2778 4138 et
2817 4078 3136 4140 Occidente
3164 4080 3427 4154 uenient,
3447 4091 3505 4143 et
3528 4099 3748 4146 recum-

2122 4165 2261 4228 bent
2291 4168 2359 4228 in
2380 4168 2524 4228 sinu
2553 4166 2841 4229 Abrahae.
2869 4166 3206 4241 Cornelius,
3235 4171 3512 4234 centurio
3543 4172 3749 4233 cohor-

2124 4256 2198 4315 tis
2246 4255 2489 4333 Italicaa,
2539 4257 2662 4336 jam
2715 4264 2854 4317 tunc
2901 4257 3135 4319 Lucinii
3185 4258 3302 4318 mei
3355 4259 3747 4341 praeﬁgurabat

2123 4345 2327 4408 ﬁdem.
2363 4346 2684 4425 Apostolus
2731 4345 2947 4407 Paulus
2999 4344 3275 4408 scribens
3324 4350 3395 4410 ad
3440 4349 3742 4421 Romanos,

2129 4437 2279 4496 Cum
2328 4435 2548 4516 inquit,
2603 4436 2670 4496 in
2721 4436 3089 4515 Hispaniam
3143 4437 3459 4516 proﬁcisci
3510 4452 3738 4519 capere,

2124 4542 2298 4603 spero
2320 4525 2481 4605 quod
2500 4525 2869 4605 praeteriens
2891 4525 3134 4587 videam
3164 4543 3290 4601 vos,
3322 4535 3378 4589 ct
3404 4547 3444 4590 α
3470 4530 3636 4590 vobis
3651 4526 3740 4587 de-

2123 4606 2315 4677 ducor
2345 4613 2776 4676 illuclTantis
2809 4613 3103 4678 fructibus
3127 4618 3503 4699 approbavit,
3536 4614 3740 4698 quidde

2122 4703 2224 4766 illa
2255 4703 2560 4785 provincia
2591 4711 2906 4784 quaereret.
2935 4729 2958 4759 ι)
2997 4703 3118 4767 Cur
3147 4705 3306 4767 enim
3327 4725 3466 4769 vero
3497 4705 3739 4770 scribens

2123 4795 2195 4856 ad
2225 4794 2529 4854 hominem
2555 4792 2883 4874 Hispanum
2916 4794 3338 4875 Hieronymus,
3376 4799 3738 4874 referensque

2124 4883 2289 4946 Pauli
2345 4882 2649 4961 Hispania;
2706 4883 2996 4945 adeundae
3041 4883 3448 4960 desiderium,
3506 4877 3739 4950 Cornelii

2128 4972 2422 5047 meminit,
2457 4971 2571 5032 nisi
2603 4972 2756 5052 quod
2791 4972 2850 5032 in
2893 4991 2962 5033 eo
2992 4971 3329 5054 Hispanicae
3360 4976 3555 5053 gentis
3584 4967 3736 5034 veluti

2127 5070 2494 5124 consecratae
2515 5062 2793 5142 primitiae
2814 5065 2980 5122 sunt?
3009 5063 3156 5134 Quia
3186 5071 3384 5125 tamen
3409 5056 3737 5145 responderi

2128 5161 2342 5235 potest,
2392 5152 2452 5211 in
2502 5151 2782 5214 Cornelio
2814 5160 3078 5232 apertam
3110 5153 3412 5228 gentibus,
3447 5155 3620 5216 etiam
3652 5167 3734 5210 re—

2133 5243 2328 5315 motis,
2355 5248 2419 5301 ut
2443 5248 2616 5302 erant
2644 5242 2911 5321 Hispani,
2942 5241 3083 5302 ﬁdei
3109 5243 3352 5322 jauuam
3386 5263 3542 5316 esse,
3575 5255 3736 5320 eoque

2127 5333 2288 5393 illius
2319 5329 2391 5391 ab
2421 5331 2781 5410 Hieronymo
2813 5331 2886 5392 ad
2914 5332 3242 5412 Hispanum
3276 5335 3580 5396 scribente
3601 5329 3734 5392 rela-

2130 5429 2246 5484 tam
2279 5419 2771 5496 conversionem;
2817 5439 2924 5483 nos
2960 5422 3050 5503 (ut
3086 5441 3223 5484 cum
3255 5424 3556 5488 Rnderico
3588 5420 3730 5493 Caro,
