3954 6146
300 318 322 386 1
337 319 455 386 293

1340 316 1526 383 VITA
1572 321 1630 383 s.
1678 298 2042 383 CORNELII
2073 318 2622 385 CENTUBIONIS.

3509 300 3662 389 12'94

1009 595 1645 682 ΜΑΡΤΥΡΙΟΝ
1723 597 1947 682 ΤΟΥ
2013 594 2351 680 ΑΓΙΟΥ
2421 597 2952 683 ΕΝΔΟΞΟΥ

1655 786 2283 840 ΜΕΓΑΛΟΜΑΡΤΥΡΟΣ

297 966 1602 1132 ΚΟΡΝΕΛΙΟΥ
1746 965 3653 1136 ΕΚΑΤΟΝΤΑΡΧΟΥο

1004 1349 1672 1436 MARTYRIUM
1745 1350 2141 1435 SANCTI
2212 1355 2346 1437 ET
2417 1356 2944 1442 GLORIOSI

1788 1534 2175 1599 MABTYBIS

685 1721 1671 1868 CORNELII.
1804 1723 3263 1876 CENTURIONIS.

815 1989 1009 2062 (Grazce
1045 2006 1180 2046 nunc
1210 1990 1425 2062 primum
1450 1989 1578 2062 typis
1612 1988 1878 2047 mandatur
1908 2006 1968 2045 ex
1999 1991 2113 2046 cod.
2146 2006 2246 2052 ms.
2268 1990 2435 2048 Paris.
2461 2006 2512 2045 η.
2549 1990 2707 2047 1489.
2741 1990 2895 2048 Eutr.
2928 1993 3124 2063 PATR.)

1796 2264 2035 2330 CAPUT
2075 2265 2122 2329 Ι.

1390 2438 1453 2500 S.
1501 2434 1773 2500 Cornelii
1812 2435 2147 2508 conversio,
2194 2434 2545 2514 baptismus.

371 2600 453 2659 A'.
505 2598 650 2656 Μετέ
706 2598 806 2666 τῆν
843 2598 1103 2678 σωτήριον
1157 2598 1241 2655 ἐπὶ
1272 2602 1371 2676 γῆς
1402 2607 1492 2656 τοῦ
1524 2601 1697 2675 Λόγου
1725 2595 1918 2663 ἐπιδη-
1944 2607 1978 2653 Α

286 2691 411 2765 μίαν
465 2693 554 2747 τὸν
614 2688 857 2745 ἑκούσιόν
918 2709 973 2744 τε
1033 2690 1255 2764 σταυρὸν
1301 2690 1386 2744 καὶ
1444 2690 1533 2744 τὸν
1592 2687 1722 2765 ὺπέρ
1771 2690 1921 2761 ἡμῶν

281 2783 508 2837 θάνατον
540 2780 626 2836 καὶ
660 2779 760 2844 τὴν
810 2779 881 2839 εἷς
946 2779 1195 2855 οὖρα-δοὺς
1229 2776 1483 2834 Enim-30v
1516 2777 1631 2833 ὅθεν
1663 2777 1922 2844 ἐπήλυθεν

285 2870 640 2945 οἰκοδομῆσαι
700 2868 799 2933 τὴν
834 2868 1041 2934 σκηνὴν
1078 2865 1271 2947 Δαυ“ιό,
1304 2869 1439 2923 κατὰ
1468 2868 1589 2932 τοὺς
1619 2867 1920 2945 προφήτας,

285 2962 386 3026 τὴν
440 2971 813 3033 πεπτωκυῖαν,
862 2958 948 3021 εἷς
1002 2960 1216 3036 ὑπῆρχε
1249 2959 1336 3013 καὶ
1379 2960 1406 3013 ὃ
1440 2957 1501 3014 ἐκ,
1528 2957 1623 3024 τῆς
1655 2955 1923 3020 Ἰταλικῆς

284 3051 506 3126 σπείρης
568 3048 962 3126 ἑκατόνταρχος
1048 3048 1338 3125 Κορνήλιος
1399 3053 1502 3103 τῶν
1561 3047 1925 3118 ὲκζητούντων

289 3142 446 3198 αὐτὸν
490 3140 577 3195 καὶ
621 3139 686 3193 τὰ
744 3137 939 3213 ἀρεστὰ
995 3138 1180 3210 ἐκείνῳ
1229 3138 1543 3214 ποιούιτων,
1601 3138 1691 3192 καὶ
1760 3135 1925 3200 πολὺς

286 3232 345 3284 ἓν
405 3228 628 3305 ἀγαθοῖς
687 3226 862 3305 ἔργοις
906 3230 996 3298 ἦν,
1031 3227 1075 3282 εἰ
1128 3228 1217 3283 καὶ
1277 3225 1503 3302 μηδέπω
1551 3225 1646 3293 τῆς
1700 3225 1923 3304 χάριτος

284 3319 472 3375 τούτου
528 3322 630 3383 τῆς
675 3318 844 3389 θείας,
880 3314 1017 3390 μηδὲ
1048 3321 1148 3382 τῆς
1179 3316 1311 3394 πρὸς
1344 3314 1500 3372 αὒτὸν
1541 3315 1732 3383 ἠξίωτο
1782 3313 1925 3383 κλή-

288 3428 450 3469 σεως,
513 3406 678 3483 Ἀνὴρ
739 3407 889 3468 οὗτος
943 3402 1165 3471 εὗσεὸὴς
1210 3406 1298 3460 καὶ
1361 3405 1451 3460 τὸν
1507 3405 1636 3459 Θεὸν
1668 3402 1819 3468 αὐτός
1871 3424 1925 3459 τε

285 3500 377 3554 καὶ
434 3499 461 3553 ὃ
518 3501 622 3559 πᾶς
684 3495 827 3567 αὐτῷ
882 3494 1038 3556 οἶκος
1071 3493 1415 3574 φοϐούμενοι,
1446 3494 1521 3550 ὧν
1554 3515 1613 3549 τε
1644 3494 1773 3572 εἶχε
1807 3506 1926 3557 τοτς

284 3586 555 3663 δεομένοις
616 3581 927 3659 μεταδιδοὺς
982 3587 1068 3640 καὶ
1122 3594 1215 3643 τοῦ
1246 3585 1377 3640 Θεοῦ
1407 3581 1492 3638 διὰ
1535 3584 1733 3647 παντὸς
1767 3582 1927 3639 πάλιν

284 3676 495 3737 ἐκεῖνος
552 3672 803 3748 δεόμενος
841 3691 854 3707 ⁶
890 3674 1063 3746 τούτῳ
1092 3671 1144 3727 ἐν
1199 3672 1487 3749 Καισαρείᾳ
1532 3669 1791 3750 διάγοντι,
1853 3672 1925 3735 ὡς

283 3768 312 3823 ὃ
369 3767 512 3829 θεῖος
575 3768 779 3825 Λουθιάς
864 3761 1173 3839 σαφέστατα
1260 3763 1376 3839 περὶ
1441 3763 1600 3818 αὒτου
1658 3760 1922 3833 διέξεισιν,

287 3853 517 3932 ἄγγελος
579 3852 696 3930 περί
744 3874 846 3908 που
902 3851 1004 3918 τὴν
1061 3850 1256 3917 ἐνάτην
1326 3850 1468 3929 ὥραν
1521 3849 1771 3930 ἐφοίτησε
1831 3854 1927 3916 τῆς

2084 2597 2128 2658 1.
2188 2594 2322 2657 Post
2352 2596 2669 2658 salutarem
2711 2597 2886 2659 Verbi
2937 2599 2994 2659 in
3052 2608 3274 2663 terram
3326 2602 3643 2665 adventum

2004 2703 2367 2765 crucemque
2399 2696 2457 2747 et
2490 2696 2738 2749 mortem
2768 2706 2874 2768 pro
2898 2688 3072 2749 nobis
3102 2709 3208 2751 sua
3236 2701 3449 2771 sponte
3479 2692 3551 2754 ab
3571 2711 3643 2754 eo

2004 2782 2368 2852 susceptam,
2391 2784 2449 2835 et
2466 2775 2525 2834 in
2550 2775 2729 2836 caelos
2752 2777 3190 2858 ascensionem,
3218 2780 3377 2840 unde
3397 2781 3646 2843 descen-

2007 2862 2172 2922 derat
2201 2862 2273 2922 ad
2322 2863 2737 2924 aedificandum
2795 2864 3032 2927 Davidis
3078 2866 3529 2930 tabernaculum
3563 2874 3649 2943 (ut

2009 2968 2142 3011 cum
2175 2952 2481 3030 prophetis
2511 2952 2705 3014 dicam
2726 2955 2778 3035 5)
2802 2954 2956 3035 quod
2986 2955 3308 3033 ceciderat;
3345 2977 3497 3020 unus
3519 2967 3648 3022 erat

2010 3058 2079 3102 ex
2104 3042 2349 3102 cohorte
2379 3041 2582 3104 Italica
2618 3044 2889 3105 centurio
2938 3045 3277 3118 Cornelius,
3325 3066 3394 3108 ex
3438 3048 3514 3109 iis
3545 3051 3643 3130 qui

2007 3131 2202 3211 ipsum
2230 3132 2596 3213 quaerebant,
2622 3140 2681 3194 et
2706 3133 3005 3195 faciebant
3032 3154 3165 3214 quae
3188 3135 3275 3197 illi
3302 3136 3643 3215 placebant,

2011 3229 2069 3281 et
2098 3223 2197 3300 qui
2220 3221 2403 3282 multa
2422 3222 2576 3282 bona
2598 3220 2854 3284 faeiebat
2881 3241 3065 3302 opera
3095 3224 3352 3299 (etiamsi
3378 3228 3643 3289 nondum

2011 3308 2205 3370 divina
2239 3310 2460 3375 Christi
2492 3312 2702 3386 gratia,
2756 3329 2955 3389 neque
3006 3314 3312 3375 vocatione
3342 3315 3414 3375 ad
3447 3316 3641 3395 ipsum

2011 3405 2170 3458 esset
2200 3397 2475 3476 dignatus
2508 3398 2603 3460 hic
2632 3398 2719 3459 \ir
2754 3399 2908 3479 pius)
2940 3408 3003 3460 ut
3031 3400 3129 3480 qui
3172 3401 3358 3463 Deum
3409 3405 3647 3469 timeret

2011 3486 2162 3567 ipse,
2211 3497 2269 3548 et
2306 3496 2422 3548 tota
2475 3488 2604 3567 ejus
2650 3486 2898 3563 familia,
2949 3498 3006 3549 et
3051 3489 3147 3569 iis,
3197 3510 3331 3566 quae
3361 3494 3641 3573 habebat,

2010 3575 2342 3654 impertiret
2374 3586 2658 3655 egentes;
2710 3595 3037 3658 rursusque
3069 3578 3254 3640 Deum
3300 3592 3647 3661 precaretur

2012 3664 2275 3729 assidue.
2314 3665 2403 3729 Ad
2445 3684 2580 3727 eum
2615 3676 2885 3746 agentem
2934 3667 3217 3730 Caesareae
3267 3671 3362 3747 (ut
3410 3671 3647 3735 divinus

2011 3757 2200 3820 Lucas
2232 3759 2308 3820 de
2336 3759 2464 3839 ipso
2496 3759 2680 3822 refert
2709 3760 3088 3841 apertissime
3117 3763 3165 3835 4)
3200 3764 3361 3824 ιοηὶι
3399 3768 3650 3844 angelus

2013 3851 2171 3909 circa
2211 3866 2426 3909 nonam
2473 3851 2676 3911 horam
2731 3849 2873 3924 diei,
2920 3859 2979 3912 et
3027 3851 3177 3912 dixit
3223 3853 3328 3916 ei:
3382 3853 3644 3933 Corneli,

286 3943 518 4021 ἡμέρας,
569 3943 678 4018 καὶ,
722 3939 1005 4019 Κορνήλιε,
1039 3940 1166 4020 ἔφη,
1201 3943 1254 3996 αἱ
1298 3941 1595 4021 προσευχαί
1625 3961 1717 3996 σο)
1762 3940 1851 3996 καὶ
1880 3942 1928 3995 αἱ

2015 3938 2317 4000 orationes
2350 3948 2407 4000 ct
2436 3940 2829 4021 eleemosynae
2860 3949 2974 4003 tuae
3003 3941 3408 4004 ascenderunt
3436 3944 3497 4005 in
3530 3964 3651 4008 me-

286 4033 646 4109 ἐλεημοσύναι
706 4028 974 4098 ἀνέϐησαν
1047 4031 1118 4092 εἷς
1167 4031 1509 4104 μνημόσυνον
1555 4030 1780 4087 ἐνώπιον
1839 4036 1929 4085 τοῦ

286 4131 442 4203 Θεοῦ,
498 4123 586 4177 καὶ
645 4127 731 4177 νῦν
777 4118 992 4194 πέμψον
1054 4120 1125 4183 εἷς
1158 4118 1386 4187 ’[όππην
1421 4116 1606 4191 ἄνδρας
1640 4120 1723 4175 καὶ
1758 4118 1928 4194 μετά-

284 4217 498 4288 πεμψαι
557 4213 773 4286 Σίμωνα
825 4210 917 4265 τὸν
980 4207 1402 4283 ἐπικαλούμενον
1464 4209 1709 4285 Πέτρον·
1775 4208 1927 4271 οὗτος

286 4301 451 4359 ἐλθὼν
510 4299 739 4370 λαλήσει
800 4320 883 4355 σοι
934 4298 1150 4375 ῥήματα
1200 4300 1372 4369 ζωῆς.
1406 4305 1581 4356 Ταῦτα
1611 4301 1637 4354 ὅ
1669 4298 1765 4373 μὲν
1801 4300 1927 4354 επι-

285 4393 523 4467 σκήψας,
559 4389 652 4447 οὒκ
682 4388 760 4445 ’ἐτι
809 4389 1033 4467 φανερὸς
1074 4386 1144 4454 ἦν
1177 4402 1191 4418 ⁶
1232 4385 1525 4465 Κορνήλιος
1557 4386 1611 4442 δὲ
1642 4392 1747 4443 τῶν
1780 4389 1927 4444 οἰκε-

285 4484 389 4538 τῶν
435 4478 523 4536 δύο
567 4480 655 4534 καὶ
705 4476 1036 4555 στρατιώτην
1091 4477 1278 4533 αὗτίκα
1333 4474 1528 4542 εὐσεϐῆ
1590 4484 1696 4533 τῶν
1757 4500 1925 4553 προσ-

286 4569 682 4648 καρτερούντων
755 4570 896 4641 αὐτῷ
982 4564 1073 4622 ἕνα
1162 4565 1391 4631 καλέσας
1452 4563 1815 4624 ἀνακαλύπτει
1875 4590 1930 4623 τε

291 4662 478 4723 αὺτοῖς
530 4657 666 4736 ἅπερ
713 4655 819 4713 ἴδοι
857 4675 871 4691 ο
917 4658 1005 4712 καὶ
1064 4656 1136 4720 εἷς
1194 4656 1422 4723 Ἰόππην
1472 4657 1758 4732 ἒκπέμπει·
1807 4656 1931 4734 τῇδε

287 4746 341 4805 δὲ
381 4751 479 4827 γὰρ
508 4745 791 4826 διατρίϐειν
835 4747 927 4802 τὸν
988 4746 1183 4824 Πέτρον
1230 4748 1256 4802 ὁ
1315 4745 1544 4823 ἄγγελος
1602 4746 1782 4822 εἶπεν,
1845 4749 1934 4804 καὶ

285 4840 384 4907 τὴν
444 4839 613 4904 ξενίαν
676 4834 914 4906 ἐδήλωσε
968 4837 1112 4914 παρα
1168 4858 1271 4892 τινι
1329 4837 1531 4910 Σίμωνι
1561 4837 1747 4915 βυρσεῖ
1779 4859 1931 4916 γινο-

290 4929 482 5005 μένην.
532 4927 726 5002 Πέτρος
773 4925 862 4981 οὖν
911 4927 999 4982 καὶ
1040 4929 1142 5004 γῆν
1196 4924 1273 5001 τῷ
1303 4925 1607 5002 κηρύγματι
1640 4932 1815 4982 πᾶσαν
1845 4928 1931 4983 καὶ

287 5016 553 5079 θάλατταν
604 5015 996 5094 ἐπερχόμενος,
1059 5015 1144 5071 ⁸ιιτιιὶ
1204 5024 1487 5094 πανταχοῦ
1528 5013 1629 5081 τὴν
1678 5014 1931 5085 ἀλήθειαν

287 5105 671 5185 καταγγέλλων
732 5103 928 5186 (ἔκειτο
969 5105 1070 5182 γὰρ
1115 5105 1188 5168 ὡς
1234 5101 1448 5170 ἀληθῶς
1509 5105 1581 5169 εἷς
1625 5109 1737 5183 φῶς
1768 5105 1929 5161 tenet;

284 5198 373 5255 καὶ
429 5196 697 5273 σωτηρίαν
744 5192 992 5272 πολλῶν)
1042 5193 1184 5270 παρὰ
1221 5193 1345 5256 τοὺς
1381 5199 1761 5258 κατοικοῦντας
1796 5191 1931 5249 Λύδ-

2017 4028 2264 4089 moriam
2297 4030 2357 4090 in
2391 4041 2715 4110 conspectu
2750 4030 2858 4093 Dei
2902 4054 2914 4091 :
2975 4039 3035 4092 et
3084 4050 3241 4094 nunc
3293 4038 3459 4095 mitte
3488 4037 3653 4099 viros

2014 4118 2268 4198 Joppen,
2303 4127 2360 4178 et
2388 4137 2631 4180 accerse
2661 4118 2993 4193 Simonem,
3027 4121 3126 4199 qui
3156 4123 3493 4201 appellatur
3533 4124 3650 4187 Pe-

2018 4213 2145 4267 trus
2176 4227 2189 4263 :
2226 4206 2276 4267 is
2308 4226 2441 4269 cum
2476 4211 2727 4281 venerit,
2782 4208 3059 4290 loquetur
3106 4208 3209 4271 tibi
3261 4210 3440 4274 verba
3492 4214 3646 4279 vitae.

2015 4293 2154 4357 Haec
2201 4315 2335 4357 cum
2394 4298 2498 4359 ille
2547 4298 2791 4378 quidem
2841 4299 3210 4377 mandasset,
3248 4319 3366 4362 non
3397 4302 3654 4383 amplius

2011 4386 2355 4466 apparebat.
2390 4388 2704 4450 Cornelius
2735 4398 2933 4450 autem
2965 4391 3164 4450 statim
3197 4389 3430 4453 duobus
3472 4411 3653 4456 voca-

2014 4474 2089 4537 tis
2121 4474 2380 4550 famulis,
2409 4488 2471 4559 et
2502 4478 2596 4556 pio
2629 4479 2887 4557 quodam
2924 4478 3133 4556 milite,
3169 4498 3240 4542 ex
3291 4480 3368 4542 iis
3414 4484 3515 4563 qui
3564 4484 3653 4547 illi

2015 4574 2302 4645 perpetuo
2340 4565 2610 4641 aderant,
2647 4566 2767 4628 illis
2789 4569 3001 4647 aperit,
3030 4587 3162 4651 qua:
3193 4569 3443 4645 viderat,
3470 4581 3531 4634 et
3549 4592 3655 4637 eos

2018 4652 2468 4734 mittitJoppen.
2497 4654 2626 4717 Illic
2658 4662 2815 4717 enim
2847 4659 3066 4719 versari
3104 4661 3340 4721 Petrum
3374 4662 3519 4722 dixit
3543 4681 3656 4724 an-

2014 4744 2204 4823 gelus,
2223 4745 2377 4823 apud
2405 4745 2723 4826 quemdam
2747 4746 3056 4809 Simonem
3073 4748 3416 4810 coriarium.
3445 4752 3657 4814 Petrus

2015 4841 2237 4909 autem,
2265 4834 2368 4914 qui
2397 4854 2638 4897 omnem
2668 4845 2887 4899 terram
2914 4846 2973 4899 et
3016 4856 3177 4899 mare
3209 4838 3410 4900 obibat
3434 4842 3653 4921 praedi-

2016 4922 2230 5001 cando,
2256 4931 2317 4984 et
2337 4925 2644 4987 veritatem
2673 4927 2894 5007 ubique
2913 4927 3302 4991 annuntiabat
3317 4931 3472 5009 (erat
3492 4931 3655 4995 enim

2012 5030 2221 5074 revera
2249 5015 2479 5093 positus
2510 5015 2571 5076 in
2608 5016 2804 5078 lucem
2831 5018 3095 5094 gentium
3124 5027 3182 5080 et
3211 5019 3464 5081 salutem
3498 5023 3658 5085 mul-

2018 5111 2254 5191 torum),
2290 5103 2604 5183 ingressus
2633 5105 2706 5166 ad
2735 5113 2971 5167 sanctos
2999 5107 3102 5188 qui
3133 5107 3482 5189 habitabant
3511 5110 3664 5191 Lyd-

2015 5190 2173 5265 dam,
2231 5209 2365 5252 cum
2427 5193 2748 5273 quemdam
2798 5195 3078 5277 ZEneam,
3140 5197 3238 5277 qui
3301 5206 3433 5260 octo
3486 5190 3662 5262 annis

284 5284 376 5343 δαν
434 5285 615 5363 ἁγίους
675 5282 839 5341 ἐλθὼν
898 5284 988 5339 καί
1016 5304 1140 5338 τινα
1174 5282 1329 5339 Αἰνέα
1361 5280 1684 5375 παρειμένον
1715 5279 1767 5347 ἐξ
1800 5283 1928 5339 ἐτῶν

2015 5280 2244 5375 iacebat
2303 5282 2690 5375 paralyticus,
2759 5282 3032 5375 iecisset
3074 5303 3369 5364 surgere,
3428 5288 3661 5371 Joppen

284 5377 428 5433 ὀκτὼ
487 5373 896 5452 κατακείμενον,
972 5371 1305 5447 ἀναστήσας,
1387 5372 1459 5433 εἰς
1519 5369 1747 5439 Ἰόππην
1808 5371 1926 5428 δια-

287 5462 410 5545 ϐὰς,
466 5464 562 5522 καί
620 5466 681 5520 τὸ
737 5464 878 5519 κατὰ
937 5459 1171 5535 Ταϐηθὰ,
1228 5459 1349 5528 ἥτις
1409 5461 1661 5518 ἐκαλεῖτο
1699 5464 1926 5544 Δορκὰς,

285 5559 459 5630 Οαῦμα
488 5554 812 5628 διατελέσας,
870 5552 1091 5611 ἐνταῦθα
1138 5552 1282 5630 παρὰ
1313 5556 1388 5623 τῷ
1418 5553 1604 5628 βυρσεῖ
1637 5554 1928 5633 κατήγετο,

365 5716 400 5764 ³
424 5714 612 5777 Amos
645 5729 725 5789 Ix,
758 5713 860 5776 14.
944 5710 977 5760 4
1004 5709 1139 5775 Act.
1170 5726 1230 5772 α.

2015 5369 2234 5432 deinde
2289 5370 2572 5445 venisset,
2638 5379 2697 5432 et
2755 5372 2817 5433 in
2890 5372 3164 5451 Tabitha,
3224 5394 3358 5456 quae
3415 5369 3662 5442 vocatur

2017 5464 2260 5535 Dorcas,
2296 5459 2540 5521 fecisset
2596 5479 2878 5541 magnum
2936 5463 3082 5526 illud
3144 5464 3527 5547 miraculum,
3563 5469 3662 5535 hic

2016 5550 2273 5630 degebat
2305 5549 2463 5630 apud
2498 5551 2853 5615 coriarium.
