  <div class='ocr_page' id='page_1' title='image "/cluster/home/n/w/nwhite01/storage/ocr_20150623/114/mdp.39015028574344/671.png"; bbox 0 0 3954 6146; ppageno 0'>
   <div class='ocr_carea' id='block_1_1' title="bbox 430 262 583 363">
    <p class='ocr_par' dir='ltr' id='par_1_1' title="bbox 430 262 583 363">
     <span class='ocr_line' id='line_1_1' title="bbox 430 262 583 363; baseline 0.007 -3"><span class='ocrx_word' id='word_1_1' title='bbox 430 262 583 363; x_wconf 66' lang='grc'><strong>1295</strong></span> 
     </span>
    </p>
   </div>
   <div class='ocr_carea' id='block_1_2' title="bbox 425 520 2058 604">
    <p class='ocr_par' dir='ltr' id='par_1_2' title="bbox 425 520 2058 604">
     <span class='ocr_line' id='line_1_2' title="bbox 425 520 2058 604; baseline -0.001 -20"><span class='ocrx_word' id='word_1_2' title='bbox 425 524 717 604; x_wconf 80' lang='lat' dir='ltr'><strong>mysterii,</strong></span> <span class='ocrx_word' id='word_1_3' title='bbox 752 541 869 602; x_wconf 93' lang='lat' dir='ltr'><strong>quo</strong></span> <span class='ocrx_word' id='word_1_4' title='bbox 902 530 1028 584; x_wconf 88' lang='lat' dir='ltr'><strong>erat</strong></span> <span class='ocrx_word' id='word_1_5' title='bbox 1069 520 1399 582; x_wconf 91' lang='lat' dir='ltr'><strong>initiandus</strong></span> <span class='ocrx_word' id='word_1_6' title='bbox 1427 521 1784 584; x_wconf 85' lang='lat' dir='ltr'><strong>Cornelius:</strong></span> <span class='ocrx_word' id='word_1_7' title='bbox 1819 531 1921 584; x_wconf 90' lang='lat' dir='ltr'><strong>aut</strong></span> <span class='ocrx_word' id='word_1_8' title='bbox 1949 542 2058 602; x_wconf 89' lang='lat' dir='ltr'><strong>p0-</strong></span> 
     </span>
    </p>
   </div>
   <div class='ocr_carea' id='block_1_3' title="bbox 425 609 2057 691">
    <p class='ocr_par' dir='ltr' id='par_1_3' title="bbox 425 609 2057 691">
     <span class='ocr_line' id='line_1_3' title="bbox 425 609 2057 691; baseline -0.002 -17"><span class='ocrx_word' id='word_1_9' title='bbox 425 613 541 674; x_wconf 89' lang='lat' dir='ltr'><strong>tius</strong></span> <span class='ocrx_word' id='word_1_10' title='bbox 571 610 835 675; x_wconf 84' lang='lat' dir='ltr'><strong>Cornelii</strong></span> <span class='ocrx_word' id='word_1_11' title='bbox 856 610 1147 690; x_wconf 78' lang='lat' dir='ltr'><strong>justitiam</strong></span> <span class='ocrx_word' id='word_1_12' title='bbox 1169 617 1228 671; x_wconf 93' lang='lat' dir='ltr'><strong>et</strong></span> <span class='ocrx_word' id='word_1_13' title='bbox 1248 627 1457 688; x_wconf 82' lang='lat' dir='ltr'><strong>preces</strong></span> <span class='ocrx_word' id='word_1_14' title='bbox 1482 629 1601 672; x_wconf 91' lang='lat' dir='ltr'><strong>non</strong></span> <span class='ocrx_word' id='word_1_15' title='bbox 1620 609 1916 691; x_wconf 80' lang='lat' dir='ltr'><strong>despexit.</strong></span> <span class='ocrx_word' id='word_1_16' title='bbox 1941 610 2057 673; x_wconf 88' lang='lat' dir='ltr'><strong>Sed</strong></span> 
     </span>
    </p>
   </div>
   <div class='ocr_carea' id='block_1_4' title="bbox 422 699 2057 784">
    <p class='ocr_par' dir='ltr' id='par_1_4' title="bbox 422 699 2057 784">
     <span class='ocr_line' id='line_1_4' title="bbox 422 699 2057 784; baseline 0.001 -22"><span class='ocrx_word' id='word_1_17' title='bbox 422 702 704 784; x_wconf 90' lang='lat' dir='ltr'><strong>quoniam</strong></span> <span class='ocrx_word' id='word_1_18' title='bbox 738 700 776 760; x_wconf 89' lang='lat' dir='ltr'><strong>ii</strong></span> <span class='ocrx_word' id='word_1_19' title='bbox 818 699 918 780; x_wconf 93' lang='lat' dir='ltr'><strong>qui</strong></span> <span class='ocrx_word' id='word_1_20' title='bbox 963 707 1136 761; x_wconf 90' lang='lat' dir='ltr'><strong>erant</strong></span> <span class='ocrx_word' id='word_1_21' title='bbox 1168 716 1237 761; x_wconf 82' lang='lat' dir='ltr'><strong>ex</strong></span> <span class='ocrx_word' id='word_1_22' title='bbox 1273 699 1760 779; x_wconf 85' lang='lat' dir='ltr'><strong>circumcisione,</strong></span> <span class='ocrx_word' id='word_1_23' title='bbox 1792 699 2057 763; x_wconf 86' lang='lat' dir='ltr'><strong>disside-</strong></span> 
     </span>
    </p>
   </div>
   <div class='ocr_carea' id='block_1_5' title="bbox 420 790 2057 871">
    <p class='ocr_par' dir='ltr' id='par_1_5' title="bbox 420 790 2057 871">
     <span class='ocr_line' id='line_1_5' title="bbox 420 790 2057 871; baseline -0.002 -16"><span class='ocrx_word' id='word_1_24' title='bbox 420 792 568 855; x_wconf 88' lang='lat' dir='ltr'><strong>bant</strong></span> <span class='ocrx_word' id='word_1_25' title='bbox 593 791 669 854; x_wconf 90' lang='lat' dir='ltr'><strong>ab</strong></span> <span class='ocrx_word' id='word_1_26' title='bbox 698 791 774 853; x_wconf 88' lang='lat' dir='ltr'><strong>iis</strong></span> <span class='ocrx_word' id='word_1_27' title='bbox 803 791 903 871; x_wconf 91' lang='lat' dir='ltr'><strong>qui</strong></span> <span class='ocrx_word' id='word_1_28' title='bbox 928 791 1231 853; x_wconf 83' lang='lat' dir='ltr'><strong>habebant</strong></span> <span class='ocrx_word' id='word_1_29' title='bbox 1263 791 1619 871; x_wconf 65' lang='lat' dir='ltr'><strong>praeputium</strong></span> <span class='ocrx_word' id='word_1_30' title='bbox 1647 813 1662 869; x_wconf 89' lang='lat'><strong>;</strong></span> <span class='ocrx_word' id='word_1_31' title='bbox 1718 808 1795 853; x_wconf 93' lang='lat' dir='ltr'><strong>ne</strong></span> <span class='ocrx_word' id='word_1_32' title='bbox 1841 790 2057 854; x_wconf 79' lang='lat' dir='ltr'><strong>Petrus</strong></span> 
     </span>
    </p>
   </div>
   <div class='ocr_carea' id='block_1_6' title="bbox 420 878 2057 961">
    <p class='ocr_par' dir='ltr' id='par_1_6' title="bbox 420 878 2057 961">
     <span class='ocr_line' id='line_1_6' title="bbox 420 878 2057 961; baseline -0.002 -17"><span class='ocrx_word' id='word_1_33' title='bbox 420 897 550 956; x_wconf 90' lang='lat' dir='ltr'><strong>eos,</strong></span> <span class='ocrx_word' id='word_1_34' title='bbox 584 879 685 961; x_wconf 90' lang='lat' dir='ltr'><strong>qui</strong></span> <span class='ocrx_word' id='word_1_35' title='bbox 720 878 884 941; x_wconf 88' lang='lat' dir='ltr'><strong>missi</strong></span> <span class='ocrx_word' id='word_1_36' title='bbox 909 889 1078 942; x_wconf 86' lang='lat' dir='ltr'><strong>erant</strong></span> <span class='ocrx_word' id='word_1_37' title='bbox 1108 899 1141 941; x_wconf 88' lang='lat' dir='ltr'><strong>a</strong></span> <span class='ocrx_word' id='word_1_38' title='bbox 1173 879 1474 954; x_wconf 86' lang='lat' dir='ltr'><strong>Cornelio,</strong></span> <span class='ocrx_word' id='word_1_39' title='bbox 1527 889 1590 940; x_wconf 93' lang='lat' dir='ltr'><strong>ut</strong></span> <span class='ocrx_word' id='word_1_40' title='bbox 1632 880 1734 960; x_wconf 90' lang='lat' dir='ltr'><strong>qui</strong></span> <span class='ocrx_word' id='word_1_41' title='bbox 1766 879 2057 943; x_wconf 83' lang='lat' dir='ltr'><strong>haberent</strong></span> 
     </span>
    </p>
   </div>
   <div class='ocr_carea' id='block_1_7' title="bbox 416 969 2052 1051">
    <p class='ocr_par' dir='ltr' id='par_1_7' title="bbox 416 969 2052 1051">
     <span class='ocr_line' id='line_1_7' title="bbox 416 969 2052 1051; baseline -0.001 -19"><span class='ocrx_word' id='word_1_42' title='bbox 416 971 805 1051; x_wconf 73' lang='lat' dir='ltr'><strong>praeputium,</strong></span> <span class='ocrx_word' id='word_1_43' title='bbox 837 974 1141 1032; x_wconf 86' lang='lat' dir='ltr'><strong>incassum</strong></span> <span class='ocrx_word' id='word_1_44' title='bbox 1171 986 1380 1031; x_wconf 84' lang='lat' dir='ltr'><strong>rursus</strong></span> <span class='ocrx_word' id='word_1_45' title='bbox 1420 969 1774 1043; x_wconf 87' lang='lat' dir='ltr'><strong>remitteret,</strong></span> <span class='ocrx_word' id='word_1_46' title='bbox 1809 976 2052 1048; x_wconf 83' lang='lat' dir='ltr'><strong>propte-</strong></span> 
     </span>
    </p>
   </div>
   <div class='ocr_carea' id='block_1_8' title="bbox 418 1057 2052 1140">
    <p class='ocr_par' dir='ltr' id='par_1_8' title="bbox 418 1057 2052 1140">
     <span class='ocr_line' id='line_1_8' title="bbox 418 1057 2052 1140; baseline -0.002 -17"><span class='ocrx_word' id='word_1_47' title='bbox 418 1078 522 1123; x_wconf 89' lang='lat' dir='ltr'><strong>rea</strong></span> <span class='ocrx_word' id='word_1_48' title='bbox 554 1058 713 1140; x_wconf 91' lang='lat' dir='ltr'><strong>quod</strong></span> <span class='ocrx_word' id='word_1_49' title='bbox 746 1057 913 1120; x_wconf 86' lang='lat' dir='ltr'><strong>nefas</strong></span> <span class='ocrx_word' id='word_1_50' title='bbox 938 1057 1052 1119; x_wconf 91' lang='lat' dir='ltr'><strong>sibi</strong></span> <span class='ocrx_word' id='word_1_51' title='bbox 1085 1066 1319 1138; x_wconf 87' lang='lat' dir='ltr'><strong>putaret</strong></span> <span class='ocrx_word' id='word_1_52' title='bbox 1347 1057 1632 1136; x_wconf 82' lang='lat' dir='ltr'><strong>congredi</strong></span> <span class='ocrx_word' id='word_1_53' title='bbox 1664 1077 1800 1119; x_wconf 91' lang='lat' dir='ltr'><strong>cum</strong></span> <span class='ocrx_word' id='word_1_54' title='bbox 1834 1058 2052 1120; x_wconf 86' lang='lat' dir='ltr'><strong>alieni-</strong></span> 
     </span>
    </p>
   </div>
   <div class='ocr_carea' id='block_1_9' title="bbox 416 1146 2057 1230">
    <p class='ocr_par' dir='ltr' id='par_1_9' title="bbox 416 1146 2057 1230">
     <span class='ocr_line' id='line_1_9' title="bbox 416 1146 2057 1230; baseline -0.002 -19"><span class='ocrx_word' id='word_1_55' title='bbox 416 1167 591 1230; x_wconf 87' lang='lat' dir='ltr'><strong>gena,</strong></span> <span class='ocrx_word' id='word_1_56' title='bbox 627 1155 728 1210; x_wconf 89' lang='lat' dir='ltr'><strong>aut</strong></span> <span class='ocrx_word' id='word_1_57' title='bbox 762 1146 838 1210; x_wconf 90' lang='lat' dir='ltr'><strong>ad</strong></span> <span class='ocrx_word' id='word_1_58' title='bbox 886 1165 1023 1209; x_wconf 90' lang='lat' dir='ltr'><strong>eum</strong></span> <span class='ocrx_word' id='word_1_59' title='bbox 1071 1147 1405 1222; x_wconf 90' lang='lat' dir='ltr'><strong>accedere;</strong></span> <span class='ocrx_word' id='word_1_60' title='bbox 1459 1166 1594 1209; x_wconf 91' lang='lat' dir='ltr'><strong>cum</strong></span> <span class='ocrx_word' id='word_1_61' title='bbox 1652 1146 1738 1208; x_wconf 86' lang='lat' dir='ltr'><strong>illi</strong></span> <span class='ocrx_word' id='word_1_62' title='bbox 1787 1147 2057 1210; x_wconf 60' lang='lat' dir='ltr'><strong>Caesarea</strong></span> 
     </span>
    </p>
   </div>
   <div class='ocr_carea' id='block_1_10' title="bbox 416 1235 2053 1320">
    <p class='ocr_par' dir='ltr' id='par_1_10' title="bbox 416 1235 2053 1320">
     <span class='ocr_line' id='line_1_10' title="bbox 416 1235 2053 1320; baseline -0.002 -20"><span class='ocrx_word' id='word_1_63' title='bbox 416 1237 691 1320; x_wconf 86' lang='lat' dir='ltr'><strong>profecti,</strong></span> <span class='ocrx_word' id='word_1_64' title='bbox 727 1254 847 1299; x_wconf 89' lang='lat' dir='ltr'><strong>non</strong></span> <span class='ocrx_word' id='word_1_65' title='bbox 880 1236 1091 1317; x_wconf 90' lang='lat' dir='ltr'><strong>procul</strong></span> <span class='ocrx_word' id='word_1_66' title='bbox 1114 1244 1318 1299; x_wconf 84' lang='lat' dir='ltr'><strong>essent</strong></span> <span class='ocrx_word' id='word_1_67' title='bbox 1359 1235 1432 1299; x_wconf 88' lang='lat' dir='ltr'><strong>ab</strong></span> <span class='ocrx_word' id='word_1_68' title='bbox 1461 1235 1678 1316; x_wconf 87' lang='lat' dir='ltr'><strong>Joppe,</strong></span> <span class='ocrx_word' id='word_1_69' title='bbox 1706 1236 1967 1298; x_wconf 88' lang='lat' dir='ltr'><strong>ostendit</strong></span> <span class='ocrx_word' id='word_1_70' title='bbox 2000 1237 2053 1298; x_wconf 92' lang='lat' dir='ltr'><strong>ei</strong></span> 
     </span>
    </p>
   </div>
   <div class='ocr_carea' id='block_1_11' title="bbox 410 1323 2052 1405">
    <p class='ocr_par' dir='ltr' id='par_1_11' title="bbox 410 1323 2052 1405">
     <span class='ocr_line' id='line_1_11' title="bbox 410 1323 2052 1405; baseline -0.004 -13"><span class='ocrx_word' id='word_1_71' title='bbox 410 1330 575 1393; x_wconf 89' lang='lat' dir='ltr'><strong>Deus</strong></span> <span class='ocrx_word' id='word_1_72' title='bbox 602 1326 865 1391; x_wconf 88' lang='lat' dir='ltr'><strong>Cornelii</strong></span> <span class='ocrx_word' id='word_1_73' title='bbox 895 1328 1174 1389; x_wconf 85' lang='lat' dir='ltr'><strong>virtutem</strong></span> <span class='ocrx_word' id='word_1_74' title='bbox 1208 1334 1267 1389; x_wconf 92' lang='lat' dir='ltr'><strong>et</strong></span> <span class='ocrx_word' id='word_1_75' title='bbox 1296 1325 1691 1405; x_wconf 88' lang='lat' dir='ltr'><strong>agnitionem.</strong></span> <span class='ocrx_word' id='word_1_76' title='bbox 1739 1323 1883 1387; x_wconf 90' lang='lat' dir='ltr'><strong>Cum</strong></span> <span class='ocrx_word' id='word_1_77' title='bbox 1935 1325 2052 1387; x_wconf 90' lang='lat' dir='ltr'><strong>ita-</strong></span> 
     </span>
    </p>
   </div>
   <div class='ocr_carea' id='block_1_12' title="bbox 417 1415 2056 1502">
    <p class='ocr_par' dir='ltr' id='par_1_12' title="bbox 417 1415 2056 1502">
     <span class='ocr_line' id='line_1_12' title="bbox 417 1415 2056 1502; baseline -0.004 -19"><span class='ocrx_word' id='word_1_78' title='bbox 417 1438 535 1502; x_wconf 89' lang='lat' dir='ltr'><strong>que</strong></span> <span class='ocrx_word' id='word_1_79' title='bbox 564 1418 938 1482; x_wconf 87' lang='lat' dir='ltr'><strong>ascendisset</strong></span> <span class='ocrx_word' id='word_1_80' title='bbox 967 1418 1029 1479; x_wconf 89' lang='lat' dir='ltr'><strong>in</strong></span> <span class='ocrx_word' id='word_1_81' title='bbox 1057 1418 1429 1499; x_wconf 89' lang='lat' dir='ltr'><strong>superiorem</strong></span> <span class='ocrx_word' id='word_1_82' title='bbox 1464 1415 1678 1478; x_wconf 91' lang='lat' dir='ltr'><strong>domus</strong></span> <span class='ocrx_word' id='word_1_83' title='bbox 1708 1426 1961 1497; x_wconf 89' lang='lat' dir='ltr'><strong>partem,</strong></span> <span class='ocrx_word' id='word_1_84' title='bbox 1987 1428 2056 1477; x_wconf 93' lang='lat' dir='ltr'><strong>ut</strong></span> 
     </span>
    </p>
   </div>
   <div class='ocr_carea' id='block_1_13' title="bbox 415 1505 2053 1590">
    <p class='ocr_par' dir='ltr' id='par_1_13' title="bbox 415 1505 2053 1590">
     <span class='ocr_line' id='line_1_13' title="bbox 415 1505 2053 1590; baseline -0.001 -19"><span class='ocrx_word' id='word_1_85' title='bbox 415 1528 549 1590; x_wconf 77' lang='lat' dir='ltr'><strong>quae</strong></span> <span class='ocrx_word' id='word_1_86' title='bbox 578 1510 727 1571; x_wconf 88' lang='lat' dir='ltr'><strong>hora</strong></span> <span class='ocrx_word' id='word_1_87' title='bbox 770 1515 935 1570; x_wconf 87' lang='lat' dir='ltr'><strong>sexta</strong></span> <span class='ocrx_word' id='word_1_88' title='bbox 971 1507 1139 1581; x_wconf 87' lang='lat' dir='ltr'><strong>ﬁunt,</strong></span> <span class='ocrx_word' id='word_1_89' title='bbox 1191 1524 1401 1588; x_wconf 88' lang='lat' dir='ltr'><strong>preces</strong></span> <span class='ocrx_word' id='word_1_90' title='bbox 1449 1505 1757 1581; x_wconf 86' lang='lat' dir='ltr'><strong>redderet,</strong></span> <span class='ocrx_word' id='word_1_91' title='bbox 1810 1524 1876 1568; x_wconf 92' lang='lat' dir='ltr'><strong>se</strong></span> <span class='ocrx_word' id='word_1_92' title='bbox 1918 1507 2053 1569; x_wconf 91' lang='lat' dir='ltr'><strong>cibo</strong></span> 
     </span>
    </p>
   </div>
   <div class='ocr_carea' id='block_1_14' title="bbox 413 1595 2051 1677">
    <p class='ocr_par' dir='ltr' id='par_1_14' title="bbox 413 1595 2051 1677">
     <span class='ocr_line' id='line_1_14' title="bbox 413 1595 2051 1677; baseline -0.004 -15"><span class='ocrx_word' id='word_1_93' title='bbox 413 1599 668 1662; x_wconf 88' lang='lat' dir='ltr'><strong>reﬁcere</strong></span> <span class='ocrx_word' id='word_1_94' title='bbox 712 1615 861 1677; x_wconf 92' lang='lat' dir='ltr'><strong>opus</strong></span> <span class='ocrx_word' id='word_1_95' title='bbox 891 1596 1124 1673; x_wconf 87' lang='lat' dir='ltr'><strong>habuit,</strong></span> <span class='ocrx_word' id='word_1_96' title='bbox 1180 1604 1240 1657; x_wconf 92' lang='lat' dir='ltr'><strong>et</strong></span> <span class='ocrx_word' id='word_1_97' title='bbox 1288 1595 1526 1658; x_wconf 88' lang='lat' dir='ltr'><strong>esuriit.</strong></span> <span class='ocrx_word' id='word_1_98' title='bbox 1573 1595 1820 1658; x_wconf 90' lang='lat' dir='ltr'><strong>Interim</strong></span> <span class='ocrx_word' id='word_1_99' title='bbox 1853 1605 2051 1657; x_wconf 87' lang='lat' dir='ltr'><strong>autem</strong></span> 
     </span>
    </p>
   </div>
   <div class='ocr_carea' id='block_1_15' title="bbox 413 1683 2048 1767">
    <p class='ocr_par' dir='ltr' id='par_1_15' title="bbox 413 1683 2048 1767">
     <span class='ocr_line' id='line_1_15' title="bbox 413 1683 2048 1767; baseline -0.002 -18"><span class='ocrx_word' id='word_1_100' title='bbox 413 1687 556 1749; x_wconf 90' lang='lat' dir='ltr'><strong>dum</strong></span> <span class='ocrx_word' id='word_1_101' title='bbox 574 1686 750 1749; x_wconf 87' lang='lat' dir='ltr'><strong>Petro</strong></span> <span class='ocrx_word' id='word_1_102' title='bbox 770 1685 1091 1767; x_wconf 86' lang='lat' dir='ltr'><strong>parabatur</strong></span> <span class='ocrx_word' id='word_1_103' title='bbox 1112 1683 1302 1757; x_wconf 86' lang='lat' dir='ltr'><strong>cibus,</strong></span> <span class='ocrx_word' id='word_1_104' title='bbox 1333 1683 1490 1745; x_wconf 84' lang='lat' dir='ltr'><strong>videt</strong></span> <span class='ocrx_word' id='word_1_105' title='bbox 1513 1684 1727 1745; x_wconf 62' lang='lat' dir='ltr'><strong>caelum</strong></span> <span class='ocrx_word' id='word_1_106' title='bbox 1753 1692 2048 1765; x_wconf 89' lang='lat' dir='ltr'><strong>apertum,</strong></span> 
     </span>
    </p>
   </div>
   <div class='ocr_carea' id='block_1_16' title="bbox 1691 286 2516 363">
    <p class='ocr_par' dir='ltr' id='par_1_16' title="bbox 1691 286 2516 363">
     <span class='ocr_line' id='line_1_16' title="bbox 1691 286 2516 363; baseline -0.007 -2"><span class='ocrx_word' id='word_1_107' title='bbox 1691 294 1975 363; x_wconf 88' lang='lat' dir='ltr'><strong>MENSIS</strong></span> <span class='ocrx_word' id='word_1_108' title='bbox 2011 286 2516 360; x_wconf 77' lang='lat' dir='ltr'><strong>FEBBUARIUS.</strong></span> 
     </span>
    </p>
   </div>
   <div class='ocr_carea' id='block_1_17' title="bbox 502 429 2120 512">
    <p class='ocr_par' dir='ltr' id='par_1_17' title="bbox 502 429 2120 512">
     <span class='ocr_line' id='line_1_17' title="bbox 502 429 2120 512; baseline -0.002 -18"><span class='ocrx_word' id='word_1_109' title='bbox 502 432 577 497; x_wconf 91' lang='lat' dir='ltr'><strong>II.</strong></span> <span class='ocrx_word' id='word_1_110' title='bbox 612 431 729 496; x_wconf 89' lang='lat' dir='ltr'><strong>Sed</strong></span> <span class='ocrx_word' id='word_1_111' title='bbox 767 448 878 493; x_wconf 89' lang='lat' dir='ltr'><strong>nec</strong></span> <span class='ocrx_word' id='word_1_112' title='bbox 912 450 1048 494; x_wconf 92' lang='lat' dir='ltr'><strong>eum</strong></span> <span class='ocrx_word' id='word_1_113' title='bbox 1075 448 1310 512; x_wconf 89' lang='lat' dir='ltr'><strong>quoque</strong></span> <span class='ocrx_word' id='word_1_114' title='bbox 1339 429 1565 492; x_wconf 87' lang='lat' dir='ltr'><strong>dimisit</strong></span> <span class='ocrx_word' id='word_1_115' title='bbox 1589 429 1757 494; x_wconf 90' lang='lat' dir='ltr'><strong>Deus</strong></span> <span class='ocrx_word' id='word_1_116' title='bbox 1785 430 2057 510; x_wconf 89' lang='lat' dir='ltr'><strong>ignarum</strong></span> <span class='ocrx_word' id='word_1_117' title='bbox 2082 441 2120 490; x_wconf 69' lang='grc' dir='ltr'><strong>Α</strong></span> 
     </span>
    </p>
   </div>
   <div class='ocr_carea' id='block_1_18' title="bbox 3650 288 3780 363">
    <p class='ocr_par' dir='ltr' id='par_1_18' title="bbox 3650 288 3780 363">
     <span class='ocr_line' id='line_1_18' title="bbox 3650 288 3780 363; baseline 0.015 -2"><span class='ocrx_word' id='word_1_118' title='bbox 3650 288 3780 363; x_wconf 76' lang='lat'>1296</span> 
     </span>
    </p>
   </div>
   <div class='ocr_carea' id='block_1_19' title="bbox 2224 432 3778 513">
    <p class='ocr_par' dir='ltr' id='par_1_19' title="bbox 2224 432 3778 513">
     <span class='ocr_line' id='line_1_19' title="bbox 2224 432 3743 491; baseline 0 -2"><span class='ocrx_word' id='word_1_119' title='bbox 2224 433 2287 489; x_wconf 66' lang='grc' dir='ltr'><strong>ιιι</strong></span> <span class='ocrx_word' id='word_1_120' title='bbox 2341 432 2493 491; x_wconf 87' lang='grc' dir='ltr'>Ἀλλ’</span> <span class='ocrx_word' id='word_1_121' title='bbox 2589 432 2671 489; x_wconf 66' lang='grc' dir='ltr'><strong>’δι</strong></span> <span class='ocrx_word' id='word_1_122' title='bbox 2769 436 2791 473; x_wconf 71' lang='grc' dir='ltr'><strong>τ</strong></span> <span class='ocrx_word' id='word_1_123' title='bbox 2931 434 2944 453; x_wconf 79' lang='grc'>’</span> <span class='ocrx_word' id='word_1_124' title='bbox 3000 439 3049 466; x_wconf 85' lang='grc'><strong>·-</strong></span> <span class='ocrx_word' id='word_1_125' title='bbox 3186 434 3237 491; x_wconf 75' lang='grc' dir='ltr'>’λ</span> <span class='ocrx_word' id='word_1_126' title='bbox 3381 443 3408 453; x_wconf 83' lang='grc'><strong><em>-</em></strong></span> <span class='ocrx_word' id='word_1_127' title='bbox 3627 437 3639 451; x_wconf 73' lang='grc'><em>’</em></span> <span class='ocrx_word' id='word_1_128' title='bbox 3733 441 3743 453; x_wconf 85' lang='grc'><strong>·</strong></span> 
     </span>
     <span class='ocr_line' id='line_1_20' title="bbox 2292 455 3778 513; baseline -0.001 -21"><span class='ocrx_word' id='word_1_129' title='bbox 2292 474 2308 492; x_wconf 77' lang='grc' dir='ltr'><strong>ο</strong></span> <span class='ocrx_word' id='word_1_130' title='bbox 2554 455 2614 490; x_wconf 85' lang='grc' dir='ltr'><strong>ου</strong></span> <span class='ocrx_word' id='word_1_131' title='bbox 2651 468 2672 489; x_wconf 69' lang='grc' dir='ltr'>ε.</span> <span class='ocrx_word' id='word_1_132' title='bbox 2705 456 2890 491; x_wconf 64' lang='grc' dir='ltr'>τουτον</span> <span class='ocrx_word' id='word_1_133' title='bbox 2924 457 3098 513; x_wconf 76' lang='grc' dir='ltr'>αφηιιε</span> <span class='ocrx_word' id='word_1_134' title='bbox 3135 458 3205 491; x_wconf 87' lang='grc' dir='ltr'><strong>πα</strong></span> <span class='ocrx_word' id='word_1_135' title='bbox 3245 458 3292 491; x_wconf 86' lang='grc' dir='ltr'><strong>ιν</strong></span> <span class='ocrx_word' id='word_1_136' title='bbox 3341 458 3449 492; x_wconf 84' lang='grc' dir='ltr'><strong>των</strong></span> <span class='ocrx_word' id='word_1_137' title='bbox 3513 459 3653 492; x_wconf 82' lang='grc' dir='ltr'>κατα</span> <span class='ocrx_word' id='word_1_138' title='bbox 3702 460 3778 492; x_wconf 84' lang='grc' dir='ltr'><strong>τον</strong></span> 
     </span>
    </p>
   </div>
   <div class='ocr_carea' id='block_1_20' title="bbox 2149 523 3779 602">
    <p class='ocr_par' dir='ltr' id='par_1_20' title="bbox 2149 523 3779 602">
     <span class='ocr_line' id='line_1_21' title="bbox 2149 523 3779 602; baseline 0.001 -22"><span class='ocrx_word' id='word_1_139' title='bbox 2149 526 2435 602; x_wconf 72' lang='grc' dir='ltr'>Κορνήλιον</span> <span class='ocrx_word' id='word_1_140' title='bbox 2496 523 2734 597; x_wconf 76' lang='grc' dir='ltr'>ἀμύητον</span> <span class='ocrx_word' id='word_1_141' title='bbox 2782 526 2809 580; x_wconf 84' lang='grc' dir='ltr'>ὁ</span> <span class='ocrx_word' id='word_1_142' title='bbox 2844 526 2973 589; x_wconf 85' lang='grc' dir='ltr'>Θεός</span> <span class='ocrx_word' id='word_1_143' title='bbox 3009 543 3025 560; x_wconf 80' lang='grc'><strong><em>⁸</em></strong></span> <span class='ocrx_word' id='word_1_144' title='bbox 3087 524 3291 599; x_wconf 74' lang='grc' dir='ltr'>μᾶλλον</span> <span class='ocrx_word' id='word_1_145' title='bbox 3339 523 3388 581; x_wconf 73' lang='grc' dir='ltr'><strong>δὲ</strong></span> <span class='ocrx_word' id='word_1_146' title='bbox 3423 524 3552 581; x_wconf 64' lang='grc' dir='ltr'>οὔδε</span> <span class='ocrx_word' id='word_1_147' title='bbox 3585 527 3678 594; x_wconf 70' lang='grc' dir='ltr'><strong>τὴν</strong></span> <span class='ocrx_word' id='word_1_148' title='bbox 3704 530 3779 583; x_wconf 69' lang='grc' dir='ltr'><strong>τώ</strong></span> 
     </span>
    </p>
   </div>
   <div class='ocr_carea' id='block_1_21' title="bbox 2147 610 3777 695">
    <p class='ocr_par' dir='ltr' id='par_1_21' title="bbox 2147 610 3777 695">
     <span class='ocr_line' id='line_1_22' title="bbox 2147 610 3777 695; baseline 0 -25"><span class='ocrx_word' id='word_1_149' title='bbox 2147 612 2438 692; x_wconf 73' lang='grc' dir='ltr'><strong>Κορνηλίω</strong></span> <span class='ocrx_word' id='word_1_150' title='bbox 2489 610 2854 692; x_wconf 73' lang='grc' dir='ltr'>δικαιοσύνην,</span> <span class='ocrx_word' id='word_1_151' title='bbox 2913 612 3029 670; x_wconf 66' lang='grc' dir='ltr'>ουδὲ</span> <span class='ocrx_word' id='word_1_152' title='bbox 3077 615 3170 678; x_wconf 80' lang='grc' dir='ltr'><strong>τὰς</strong></span> <span class='ocrx_word' id='word_1_153' title='bbox 3215 615 3541 695; x_wconf 72' lang='grc' dir='ltr'>προσευχὰς</span> <span class='ocrx_word' id='word_1_154' title='bbox 3585 629 3777 691; x_wconf 80' lang='grc' dir='ltr'>περιεῖ-</span> 
     </span>
    </p>
   </div>
   <div class='ocr_carea' id='block_1_22' title="bbox 2141 700 3780 782">
    <p class='ocr_par' dir='ltr' id='par_1_22' title="bbox 2141 700 3780 782">
     <span class='ocr_line' id='line_1_23' title="bbox 2141 700 3780 782; baseline 0.002 -25"><span class='ocrx_word' id='word_1_155' title='bbox 2141 700 2227 758; x_wconf 81' lang='grc' dir='ltr'>δεν</span> <span class='ocrx_word' id='word_1_156' title='bbox 2262 718 2274 732; x_wconf 85' lang='grc'><em>’</em></span> <span class='ocrx_word' id='word_1_157' title='bbox 2310 701 2431 759; x_wconf 78' lang='grc' dir='ltr'>ἀλλ’</span> <span class='ocrx_word' id='word_1_158' title='bbox 2464 702 2581 759; x_wconf 78' lang='grc' dir='ltr'>ἐπεὶ</span> <span class='ocrx_word' id='word_1_159' title='bbox 2609 703 2657 757; x_wconf 76' lang='grc' dir='ltr'>οἱ</span> <span class='ocrx_word' id='word_1_160' title='bbox 2687 705 2749 758; x_wconf 69' lang='grc' dir='ltr'><strong>ὲκ</strong></span> <span class='ocrx_word' id='word_1_161' title='bbox 2790 703 3088 778; x_wconf 72' lang='grc' dir='ltr'>περιτομῆς</span> <span class='ocrx_word' id='word_1_162' title='bbox 3136 701 3465 782; x_wconf 77' lang='grc' dir='ltr'>διεκρίνοντο</span> <span class='ocrx_word' id='word_1_163' title='bbox 3514 706 3651 782; x_wconf 76' lang='grc' dir='ltr'>πρὸς</span> <span class='ocrx_word' id='word_1_164' title='bbox 3678 705 3780 769; x_wconf 72' lang='grc' dir='ltr'>τοὺς</span> 
     </span>
    </p>
   </div>
   <div class='ocr_carea' id='block_1_23' title="bbox 2141 789 3778 870">
    <p class='ocr_par' dir='ltr' id='par_1_23' title="bbox 2141 789 3778 870">
     <span class='ocr_line' id='line_1_24' title="bbox 2141 789 3778 870; baseline 0.002 -24"><span class='ocrx_word' id='word_1_165' title='bbox 2141 789 2489 870; x_wconf 76' lang='grc' dir='ltr'>ἀκροϐυστίαν</span> <span class='ocrx_word' id='word_1_166' title='bbox 2546 790 2796 870; x_wconf 77' lang='grc' dir='ltr'>ἔχοντας,</span> <span class='ocrx_word' id='word_1_167' title='bbox 2861 790 2955 848; x_wconf 71' lang='grc' dir='ltr'>’ίνα</span> <span class='ocrx_word' id='word_1_168' title='bbox 3013 792 3091 867; x_wconf 70' lang='grc' dir='ltr'>μὴ</span> <span class='ocrx_word' id='word_1_169' title='bbox 3149 794 3239 848; x_wconf 79' lang='grc' dir='ltr'>καὶ</span> <span class='ocrx_word' id='word_1_170' title='bbox 3298 793 3455 855; x_wconf 80' lang='grc' dir='ltr'>οὗτος</span> <span class='ocrx_word' id='word_1_171' title='bbox 3522 795 3650 857; x_wconf 75' lang='grc' dir='ltr'>τοὺς</span> <span class='ocrx_word' id='word_1_172' title='bbox 3694 795 3778 849; x_wconf 71' lang='grc' dir='ltr'><strong>ὑπὸ</strong></span> 
     </span>
    </p>
   </div>
   <div class='ocr_carea' id='block_1_24' title="bbox 2144 879 3777 960">
    <p class='ocr_par' dir='ltr' id='par_1_24' title="bbox 2144 879 3777 960">
     <span class='ocr_line' id='line_1_25' title="bbox 2144 879 3777 960; baseline 0.001 -23"><span class='ocrx_word' id='word_1_173' title='bbox 2144 881 2435 959; x_wconf 71' lang='grc' dir='ltr'>Κορνηλίου</span> <span class='ocrx_word' id='word_1_174' title='bbox 2512 881 2848 960; x_wconf 71' lang='grc' dir='ltr'><strong>πεμφθέντας</strong></span> <span class='ocrx_word' id='word_1_175' title='bbox 2935 883 3009 945; x_wconf 83' lang='grc' dir='ltr'>ὡς</span> <span class='ocrx_word' id='word_1_176' title='bbox 3093 879 3447 960; x_wconf 72' lang='grc' dir='ltr'>ἀκροϐόστους</span> <span class='ocrx_word' id='word_1_177' title='bbox 3547 880 3777 950; x_wconf 75' lang='grc' dir='ltr'>διακενῆς</span> 
     </span>
    </p>
   </div>
   <div class='ocr_carea' id='block_1_25' title="bbox 2138 969 3778 1049">
    <p class='ocr_par' dir='ltr' id='par_1_25' title="bbox 2138 969 3778 1049">
     <span class='ocr_line' id='line_1_26' title="bbox 2138 969 3778 1049; baseline 0.002 -24"><span class='ocrx_word' id='word_1_178' title='bbox 2138 969 2527 1045; x_wconf 72' lang='grc' dir='ltr'>ἀποπέμψαιτο</span> <span class='ocrx_word' id='word_1_179' title='bbox 2570 969 2755 1048; x_wconf 76' lang='grc' dir='ltr'>πάλιν,</span> <span class='ocrx_word' id='word_1_180' title='bbox 2792 970 2886 1026; x_wconf 78' lang='grc' dir='ltr'>οἶα</span> <span class='ocrx_word' id='word_1_181' title='bbox 2918 973 2977 1029; x_wconf 79' lang='grc' dir='ltr'>οὗ</span> <span class='ocrx_word' id='word_1_182' title='bbox 3006 971 3162 1045; x_wconf 76' lang='grc' dir='ltr'>θέμις</span> <span class='ocrx_word' id='word_1_183' title='bbox 3190 972 3249 1026; x_wconf 85' lang='grc' dir='ltr'>ὃν</span> <span class='ocrx_word' id='word_1_184' title='bbox 3280 977 3356 1044; x_wconf 85' lang='grc' dir='ltr'>τῷ</span> <span class='ocrx_word' id='word_1_185' title='bbox 3421 971 3618 1049; x_wconf 76' lang='grc' dir='ltr'>Πέτρῳ</span> <span class='ocrx_word' id='word_1_186' title='bbox 3664 972 3778 1028; x_wconf 66' lang='lat' dir='ltr'><strong>x01-</strong></span> 
     </span>
    </p>
   </div>
   <div class='ocr_carea' id='block_1_26' title="bbox 2137 1057 3780 1138">
    <p class='ocr_par' dir='ltr' id='par_1_26' title="bbox 2137 1057 3780 1138">
     <span class='ocr_line' id='line_1_27' title="bbox 2137 1057 3780 1138; baseline 0.001 -24"><span class='ocrx_word' id='word_1_187' title='bbox 2137 1058 2326 1115; x_wconf 85' lang='grc' dir='ltr'>λᾶσθαι</span> <span class='ocrx_word' id='word_1_188' title='bbox 2375 1060 2410 1127; x_wconf 77' lang='grc' dir='ltr'>ἢ</span> <span class='ocrx_word' id='word_1_189' title='bbox 2461 1057 2850 1135; x_wconf 65' lang='grc' dir='ltr'><strong>προσέρχεσθαι</strong></span> <span class='ocrx_word' id='word_1_190' title='bbox 2914 1058 3206 1138; x_wconf 72' lang='grc' dir='ltr'>ἀλλοφύλῳ</span> <span class='ocrx_word' id='word_1_191' title='bbox 3237 1077 3251 1091; x_wconf 82' lang='grc'>⁸</span> <span class='ocrx_word' id='word_1_192' title='bbox 3285 1062 3357 1126; x_wconf 82' lang='grc' dir='ltr'>ὡς</span> <span class='ocrx_word' id='word_1_193' title='bbox 3384 1058 3492 1127; x_wconf 67' lang='grc' dir='ltr'>ἤδη</span> <span class='ocrx_word' id='word_1_194' title='bbox 3532 1061 3637 1128; x_wconf 69' lang='grc' dir='ltr'><strong>τῆς</strong></span> <span class='ocrx_word' id='word_1_195' title='bbox 3670 1070 3780 1119; x_wconf 80' lang='grc' dir='ltr'>Και-</span> 
     </span>
    </p>
   </div>
   <div class='ocr_carea' id='block_1_27' title="bbox 2139 1147 3781 1228">
    <p class='ocr_par' dir='ltr' id='par_1_27' title="bbox 2139 1147 3781 1228">
     <span class='ocr_line' id='line_1_28' title="bbox 2139 1147 3781 1228; baseline -0.001 -25"><span class='ocrx_word' id='word_1_196' title='bbox 2139 1149 2348 1226; x_wconf 83' lang='grc' dir='ltr'>σαρείας</span> <span class='ocrx_word' id='word_1_197' title='bbox 2381 1147 2679 1224; x_wconf 73' lang='grc' dir='ltr'>ἀπάραντες</span> <span class='ocrx_word' id='word_1_198' title='bbox 2732 1147 2927 1204; x_wconf 73' lang='grc' dir='ltr'>ἐκεῖνοι</span> <span class='ocrx_word' id='word_1_199' title='bbox 2982 1152 3041 1206; x_wconf 73' lang='grc' dir='ltr'>οὔ</span> <span class='ocrx_word' id='word_1_200' title='bbox 3099 1147 3277 1226; x_wconf 77' lang='grc' dir='ltr'>πόῤῥω</span> <span class='ocrx_word' id='word_1_201' title='bbox 3334 1150 3577 1216; x_wconf 78' lang='grc' dir='ltr'>Ἰόππης</span> <span class='ocrx_word' id='word_1_202' title='bbox 3638 1150 3781 1228; x_wconf 71' lang='grc' dir='ltr'>ἦσαν,</span> 
     </span>
    </p>
   </div>
   <div class='ocr_carea' id='block_1_28' title="bbox 2137 1235 3783 1316">
    <p class='ocr_par' dir='ltr' id='par_1_28' title="bbox 2137 1235 3783 1316">
     <span class='ocr_line' id='line_1_29' title="bbox 2137 1235 3783 1316; baseline 0.004 -24"><span class='ocrx_word' id='word_1_203' title='bbox 2137 1235 2512 1314; x_wconf 78' lang='grc' dir='ltr'>παραδείκνυσι</span> <span class='ocrx_word' id='word_1_204' title='bbox 2571 1239 2669 1292; x_wconf 67' lang='grc' dir='ltr'><strong>καὶ</strong></span> <span class='ocrx_word' id='word_1_205' title='bbox 2730 1239 2873 1309; x_wconf 79' lang='grc' dir='ltr'><strong>αὐτῷ</strong></span> <span class='ocrx_word' id='word_1_206' title='bbox 2931 1238 3028 1304; x_wconf 80' lang='grc' dir='ltr'>τὴν</span> <span class='ocrx_word' id='word_1_207' title='bbox 3107 1237 3400 1316; x_wconf 76' lang='grc' dir='ltr'>Κορνηλίου</span> <span class='ocrx_word' id='word_1_208' title='bbox 3443 1239 3659 1313; x_wconf 68' lang='grc' dir='ltr'>ἀρετὴν</span> <span class='ocrx_word' id='word_1_209' title='bbox 3708 1248 3783 1299; x_wconf 76' lang='grc' dir='ltr'>καὶ</span> 
     </span>
    </p>
   </div>
   <div class='ocr_carea' id='block_1_29' title="bbox 2140 1322 3783 1401">
    <p class='ocr_par' dir='ltr' id='par_1_29' title="bbox 2140 1322 3783 1401">
     <span class='ocr_line' id='line_1_30' title="bbox 2140 1322 3783 1401; baseline 0.001 -21"><span class='ocrx_word' id='word_1_210' title='bbox 2140 1324 2235 1390; x_wconf 78' lang='grc' dir='ltr'><strong>την</strong></span> <span class='ocrx_word' id='word_1_211' title='bbox 2284 1323 2571 1401; x_wconf 76' lang='grc' dir='ltr'>ἐπίγνωσιν</span> <span class='ocrx_word' id='word_1_212' title='bbox 2629 1325 2658 1379; x_wconf 81' lang='grc' dir='ltr'>ὁ</span> <span class='ocrx_word' id='word_1_213' title='bbox 2706 1322 2861 1387; x_wconf 82' lang='grc' dir='ltr'><strong>Θεὸς.</strong></span> <span class='ocrx_word' id='word_1_214' title='bbox 2908 1324 3180 1382; x_wconf 82' lang='grc' dir='ltr'><strong>Ἐντεῦθεν</strong></span> <span class='ocrx_word' id='word_1_215' title='bbox 3214 1328 3238 1381; x_wconf 72' lang='grc' dir='ltr'><em>ὃ</em></span> <span class='ocrx_word' id='word_1_216' title='bbox 3271 1327 3369 1398; x_wconf 77' lang='grc' dir='ltr'>μὲν</span> <span class='ocrx_word' id='word_1_217' title='bbox 3401 1325 3491 1382; x_wconf 73' lang='grc' dir='ltr'><strong>ἐπὶ</strong></span> <span class='ocrx_word' id='word_1_218' title='bbox 3521 1328 3589 1383; x_wconf 80' lang='grc' dir='ltr'>τὸ</span> <span class='ocrx_word' id='word_1_219' title='bbox 3620 1325 3783 1401; x_wconf 73' lang='grc' dir='ltr'>δωμεὶο</span> 
     </span>
    </p>
   </div>
   <div class='ocr_carea' id='block_1_30' title="bbox 2136 1409 3781 1495">
    <p class='ocr_par' dir='ltr' id='par_1_30' title="bbox 2136 1409 3781 1495">
     <span class='ocr_line' id='line_1_31' title="bbox 2136 1409 3781 1495; baseline 0.002 -27"><span class='ocrx_word' id='word_1_220' title='bbox 2136 1434 2250 1468; x_wconf 89' lang='grc' dir='ltr'>τιον</span> <span class='ocrx_word' id='word_1_221' title='bbox 2300 1409 2518 1485; x_wconf 71' lang='grc' dir='ltr'>ἀναϐὰς,</span> <span class='ocrx_word' id='word_1_222' title='bbox 2570 1410 2656 1493; x_wconf 64' lang='grc' dir='ltr'><strong>ἐφ’</strong></span> <span class='ocrx_word' id='word_1_223' title='bbox 2697 1414 2743 1488; x_wconf 84' lang='grc' dir='ltr'>ᾧ</span> <span class='ocrx_word' id='word_1_224' title='bbox 2773 1415 2868 1477; x_wconf 77' lang='grc' dir='ltr'>τὰς</span> <span class='ocrx_word' id='word_1_225' title='bbox 2902 1413 2987 1471; x_wconf 79' lang='grc' dir='ltr'><strong>ἐπὶ</strong></span> <span class='ocrx_word' id='word_1_226' title='bbox 3020 1421 3088 1491; x_wconf 77' lang='grc' dir='ltr'><strong>τῇ</strong></span> <span class='ocrx_word' id='word_1_227' title='bbox 3119 1414 3250 1492; x_wconf 79' lang='grc' dir='ltr'>ἕκτῃ</span> <span class='ocrx_word' id='word_1_228' title='bbox 3283 1415 3396 1494; x_wconf 80' lang='grc' dir='ltr'><strong>ὥρᾳ</strong></span> <span class='ocrx_word' id='word_1_229' title='bbox 3439 1418 3622 1495; x_wconf 70' lang='grc' dir='ltr'>εὐχὰς</span> <span class='ocrx_word' id='word_1_230' title='bbox 3652 1416 3781 1473; x_wconf 82' lang='grc' dir='ltr'>ἀπο-</span> 
     </span>
    </p>
   </div>
   <div class='ocr_carea' id='block_1_31' title="bbox 2137 1502 3782 1582">
    <p class='ocr_par' dir='ltr' id='par_1_31' title="bbox 2137 1502 3782 1582">
     <span class='ocr_line' id='line_1_32' title="bbox 2137 1502 3782 1582; baseline 0.003 -26"><span class='ocrx_word' id='word_1_231' title='bbox 2137 1502 2249 1576; x_wconf 77' lang='grc' dir='ltr'>δῴη</span> <span class='ocrx_word' id='word_1_232' title='bbox 2283 1503 2419 1557; x_wconf 75' lang='grc' dir='ltr'>κατὰ</span> <span class='ocrx_word' id='word_1_233' title='bbox 2452 1503 2640 1581; x_wconf 78' lang='grc' dir='ltr'>χρείαν</span> <span class='ocrx_word' id='word_1_234' title='bbox 2668 1523 2725 1557; x_wconf 91' lang='grc' dir='ltr'><strong>τε</strong></span> <span class='ocrx_word' id='word_1_235' title='bbox 2757 1508 2961 1582; x_wconf 71' lang='grc' dir='ltr'>τροφῆς</span> <span class='ocrx_word' id='word_1_236' title='bbox 3015 1504 3252 1581; x_wconf 84' lang='grc' dir='ltr'>ἐγεγόνει</span> <span class='ocrx_word' id='word_1_237' title='bbox 3310 1506 3399 1560; x_wconf 81' lang='grc' dir='ltr'>καὶ</span> <span class='ocrx_word' id='word_1_238' title='bbox 3459 1509 3782 1579; x_wconf 69' lang='grc' dir='ltr'>πρόσπεινος</span> 
     </span>
    </p>
   </div>
   <div class='ocr_carea' id='block_1_32' title="bbox 2134 1588 3782 1674">
    <p class='ocr_par' dir='ltr' id='par_1_32' title="bbox 2134 1588 3782 1674">
     <span class='ocr_line' id='line_1_33' title="bbox 2134 1588 3782 1674; baseline 0.004 -30"><span class='ocrx_word' id='word_1_239' title='bbox 2134 1591 2224 1658; x_wconf 82' lang='grc' dir='ltr'><strong>ἧν,</strong></span> <span class='ocrx_word' id='word_1_240' title='bbox 2262 1590 2352 1648; x_wconf 73' lang='grc' dir='ltr'>Ἐν</span> <span class='ocrx_word' id='word_1_241' title='bbox 2383 1588 2492 1663; x_wconf 84' lang='grc' dir='ltr'>ὅσῳ</span> <span class='ocrx_word' id='word_1_242' title='bbox 2521 1589 2575 1646; x_wconf 79' lang='grc' dir='ltr'><strong>δὲ</strong></span> <span class='ocrx_word' id='word_1_243' title='bbox 2628 1592 2657 1658; x_wconf 74' lang='grc' dir='ltr'>ἡ</span> <span class='ocrx_word' id='word_1_244' title='bbox 2704 1592 2936 1656; x_wconf 73' lang='grc' dir='ltr'>ἑστίασις</span> <span class='ocrx_word' id='word_1_245' title='bbox 2971 1595 3046 1665; x_wconf 79' lang='grc' dir='ltr'><strong>τῷ</strong></span> <span class='ocrx_word' id='word_1_246' title='bbox 3101 1593 3282 1670; x_wconf 79' lang='grc' dir='ltr'>Πέτρῳ</span> <span class='ocrx_word' id='word_1_247' title='bbox 3330 1595 3782 1674; x_wconf 64' lang='grc' dir='ltr'>παρεσκευάζετο,</span> 
     </span>
    </p>
   </div>
   <div class='ocr_carea' id='block_1_33' title="bbox 2136 1679 3785 1759">
    <p class='ocr_par' dir='ltr' id='par_1_33' title="bbox 2136 1679 3785 1759">
     <span class='ocr_line' id='line_1_34' title="bbox 2136 1679 3785 1759; baseline 0 -23"><span class='ocrx_word' id='word_1_248' title='bbox 2136 1683 2232 1757; x_wconf 79' lang='grc' dir='ltr'>ὁρᾷ</span> <span class='ocrx_word' id='word_1_249' title='bbox 2258 1682 2351 1735; x_wconf 80' lang='grc' dir='ltr'><strong>τὸν</strong></span> <span class='ocrx_word' id='word_1_250' title='bbox 2383 1679 2602 1758; x_wconf 77' lang='grc' dir='ltr'>οὐρανὸν</span> <span class='ocrx_word' id='word_1_251' title='bbox 2634 1680 2932 1759; x_wconf 67' lang='grc' dir='ltr'>ἀνεῳγότα,</span> <span class='ocrx_word' id='word_1_252' title='bbox 2966 1683 3053 1736; x_wconf 86' lang='grc' dir='ltr'>καὶ</span> <span class='ocrx_word' id='word_1_253' title='bbox 3110 1683 3299 1743; x_wconf 76' lang='grc' dir='ltr'>σκεῦός</span> <span class='ocrx_word' id='word_1_254' title='bbox 3358 1706 3409 1738; x_wconf 89' lang='grc' dir='ltr'><strong>τι</strong></span> <span class='ocrx_word' id='word_1_255' title='bbox 3470 1685 3551 1746; x_wconf 82' lang='grc' dir='ltr'>ὡς</span> <span class='ocrx_word' id='word_1_256' title='bbox 3601 1685 3785 1749; x_wconf 77' lang='grc' dir='ltr'>ὀθόνην</span> 
     </span>
    </p>
   </div>
   <div class='ocr_carea' id='block_1_34' title="bbox 409 1767 2040 1858">
    <p class='ocr_par' dir='ltr' id='par_1_34' title="bbox 409 1773 2024 1858">
     <span class='ocr_line' id='line_1_35' title="bbox 409 1773 2024 1858; baseline -0.003 -20"><span class='ocrx_word' id='word_1_257' title='bbox 409 1784 468 1838; x_wconf 89' lang='lat' dir='ltr'><strong>et</strong></span> <span class='ocrx_word' id='word_1_258' title='bbox 495 1795 593 1838; x_wconf 91' lang='lat' dir='ltr'><strong>vas</strong></span> <span class='ocrx_word' id='word_1_259' title='bbox 614 1777 938 1858; x_wconf 80' lang='lat' dir='ltr'><strong>quoddam,</strong></span> <span class='ocrx_word' id='word_1_260' title='bbox 979 1785 1257 1857; x_wconf 88' lang='lat' dir='ltr'><strong>tanquam</strong></span> <span class='ocrx_word' id='word_1_261' title='bbox 1287 1792 1567 1852; x_wconf 83' lang='lat' dir='ltr'><strong>magnum</strong></span> <span class='ocrx_word' id='word_1_262' title='bbox 1597 1773 1870 1846; x_wconf 91' lang='lat' dir='ltr'><strong>linteum,</strong></span> <span class='ocrx_word' id='word_1_263' title='bbox 1906 1792 2024 1850; x_wconf 90' lang='lat' dir='ltr'><strong>qua</strong></span> 
     </span>
    </p>
   </div>
   <div class='ocr_carea' id='block_1_35' title="bbox 2121 1767 3785 1858">
    <p class='ocr_par' dir='ltr' id='par_1_35' title="bbox 2134 1767 3785 1849">
     <span class='ocr_line' id='line_1_36' title="bbox 2134 1767 3785 1849; baseline 0 -25"><span class='ocrx_word' id='word_1_264' title='bbox 2134 1769 2381 1845; x_wconf 77' lang='grc' dir='ltr'><strong>μεγάλην</strong></span> <span class='ocrx_word' id='word_1_265' title='bbox 2439 1767 2720 1846; x_wconf 73' lang='grc' dir='ltr'>τέσσαρσιν</span> <span class='ocrx_word' id='word_1_266' title='bbox 2777 1769 2981 1848; x_wconf 75' lang='grc' dir='ltr'>ἀρχαῖς</span> <span class='ocrx_word' id='word_1_267' title='bbox 3027 1769 3113 1826; x_wconf 77' lang='grc' dir='ltr'>ἐπὶ</span> <span class='ocrx_word' id='word_1_268' title='bbox 3157 1771 3257 1838; x_wconf 81' lang='grc' dir='ltr'>τῆς</span> <span class='ocrx_word' id='word_1_269' title='bbox 3299 1772 3402 1849; x_wconf 71' lang='grc' dir='ltr'>γῆς</span> <span class='ocrx_word' id='word_1_270' title='bbox 3466 1771 3785 1847; x_wconf 76' lang='grc' dir='ltr'>καθιέμενον</span> 
     </span>
    </p>
   </div>
   <div class='ocr_carea' id='block_1_36' title="bbox 411 1862 2043 1943">
    <p class='ocr_par' dir='ltr' id='par_1_36' title="bbox 411 1862 2043 1943">
     <span class='ocr_line' id='line_1_37' title="bbox 411 1862 2043 1943; baseline -0.003 -17"><span class='ocrx_word' id='word_1_271' title='bbox 411 1874 548 1927; x_wconf 90' lang='lat' dir='ltr'><strong>tuor</strong></span> <span class='ocrx_word' id='word_1_272' title='bbox 576 1866 764 1928; x_wconf 92' lang='lat' dir='ltr'><strong>initiis</strong></span> <span class='ocrx_word' id='word_1_273' title='bbox 796 1867 857 1927; x_wconf 91' lang='lat' dir='ltr'><strong>in</strong></span> <span class='ocrx_word' id='word_1_274' title='bbox 880 1873 1097 1927; x_wconf 78' lang='lat' dir='ltr'><strong>terram</strong></span> <span class='ocrx_word' id='word_1_275' title='bbox 1131 1863 1392 1943; x_wconf 84' lang='lat' dir='ltr'><strong>demitti,</strong></span> <span class='ocrx_word' id='word_1_276' title='bbox 1423 1863 1571 1925; x_wconf 88' lang='lat' dir='ltr'><strong>etad</strong></span> <span class='ocrx_word' id='word_1_277' title='bbox 1596 1862 1789 1941; x_wconf 90' lang='lat' dir='ltr'><strong>ipsum</strong></span> <span class='ocrx_word' id='word_1_278' title='bbox 1816 1862 2043 1924; x_wconf 90' lang='lat' dir='ltr'><strong>venire.</strong></span> 
     </span>
    </p>
   </div>
   <div class='ocr_carea' id='block_1_37' title="bbox 409 1951 2048 2028">
    <p class='ocr_par' dir='ltr' id='par_1_37' title="bbox 409 1951 2048 2028">
     <span class='ocr_line' id='line_1_38' title="bbox 409 1951 2048 2028; baseline -0.002 -12"><span class='ocrx_word' id='word_1_279' title='bbox 409 1952 529 2016; x_wconf 81' lang='lat' dir='ltr'><strong>Vas</strong></span> <span class='ocrx_word' id='word_1_280' title='bbox 558 1962 757 2017; x_wconf 85' lang='lat' dir='ltr'><strong>autem</strong></span> <span class='ocrx_word' id='word_1_281' title='bbox 790 1953 1133 2017; x_wconf 87' lang='lat' dir='ltr'><strong>continebat</strong></span> <span class='ocrx_word' id='word_1_282' title='bbox 1163 1951 1406 2028; x_wconf 86' lang='lat' dir='ltr'><strong>bestias,</strong></span> <span class='ocrx_word' id='word_1_283' title='bbox 1462 1959 1577 2013; x_wconf 91' lang='lat' dir='ltr'><strong>tam</strong></span> <span class='ocrx_word' id='word_1_284' title='bbox 1629 1969 1842 2015; x_wconf 89' lang='lat' dir='ltr'><strong>omnes</strong></span> <span class='ocrx_word' id='word_1_285' title='bbox 1874 1959 2048 2013; x_wconf 60' lang='lat' dir='ltr'><strong>terrae</strong></span> 
     </span>
    </p>
   </div>
   <div class='ocr_carea' id='block_1_38' title="bbox 410 2040 2043 2124">
    <p class='ocr_par' dir='ltr' id='par_1_38' title="bbox 410 2040 2043 2124">
     <span class='ocr_line' id='line_1_39' title="bbox 410 2040 2043 2124; baseline -0.001 -20"><span class='ocrx_word' id='word_1_286' title='bbox 410 2043 856 2124; x_wconf 82' lang='lat' dir='ltr'><strong>quadrupedes,</strong></span> <span class='ocrx_word' id='word_1_287' title='bbox 909 2050 968 2104; x_wconf 91' lang='lat' dir='ltr'><strong>et</strong></span> <span class='ocrx_word' id='word_1_288' title='bbox 1015 2041 1283 2122; x_wconf 84' lang='lat' dir='ltr'><strong>reptiles,</strong></span> <span class='ocrx_word' id='word_1_289' title='bbox 1343 2059 1518 2121; x_wconf 92' lang='lat' dir='ltr'><strong>quam</strong></span> <span class='ocrx_word' id='word_1_290' title='bbox 1572 2041 1842 2102; x_wconf 81' lang='lat' dir='ltr'><strong>volucres</strong></span> <span class='ocrx_word' id='word_1_291' title='bbox 1889 2040 2043 2103; x_wconf 69' lang='lat' dir='ltr'><strong>caeli.</strong></span> 
     </span>
    </p>
   </div>
   <div class='ocr_carea' id='block_1_39' title="bbox 410 2129 2039 2214">
    <p class='ocr_par' dir='ltr' id='par_1_39' title="bbox 410 2129 2039 2214">
     <span class='ocr_line' id='line_1_40' title="bbox 410 2129 2039 2214; baseline -0.001 -22"><span class='ocrx_word' id='word_1_292' title='bbox 410 2133 662 2214; x_wconf 84' lang='lat' dir='ltr'><strong>Voxque</strong></span> <span class='ocrx_word' id='word_1_293' title='bbox 687 2151 758 2196; x_wconf 79' lang='lat' dir='ltr'><strong>ex</strong></span> <span class='ocrx_word' id='word_1_294' title='bbox 793 2132 897 2194; x_wconf 92' lang='lat' dir='ltr'><strong>illo</strong></span> <span class='ocrx_word' id='word_1_295' title='bbox 927 2135 1057 2194; x_wconf 90' lang='lat' dir='ltr'><strong>visa</strong></span> <span class='ocrx_word' id='word_1_296' title='bbox 1105 2138 1196 2192; x_wconf 83' lang='lat' dir='ltr'><strong>est</strong></span> <span class='ocrx_word' id='word_1_297' title='bbox 1250 2130 1327 2192; x_wconf 90' lang='lat' dir='ltr'><strong>ad</strong></span> <span class='ocrx_word' id='word_1_298' title='bbox 1386 2148 1522 2191; x_wconf 88' lang='lat' dir='ltr'><strong>eum</strong></span> <span class='ocrx_word' id='word_1_299' title='bbox 1556 2130 1745 2205; x_wconf 82' lang='lat' dir='ltr'><strong>exire,</strong></span> <span class='ocrx_word' id='word_1_300' title='bbox 1779 2129 1989 2192; x_wconf 87' lang='lat' dir='ltr'><strong>dicens</strong></span> <span class='ocrx_word' id='word_1_301' title='bbox 2025 2150 2039 2191; x_wconf 91' lang='lat'>:</span> 
     </span>
    </p>
   </div>
   <div class='ocr_carea' id='block_1_40' title="bbox 414 2218 2041 2304">
    <p class='ocr_par' dir='ltr' id='par_1_40' title="bbox 414 2218 2041 2304">
     <span class='ocr_line' id='line_1_41' title="bbox 414 2218 2041 2304; baseline 0.001 -25"><span class='ocrx_word' id='word_1_302' title='bbox 414 2246 439 2279; x_wconf 75' lang='grc' dir='ltr'><strong>σι</strong></span> <span class='ocrx_word' id='word_1_303' title='bbox 480 2221 699 2304; x_wconf 85' lang='lat' dir='ltr'><strong>Surge,</strong></span> <span class='ocrx_word' id='word_1_304' title='bbox 739 2221 937 2295; x_wconf 89' lang='lat' dir='ltr'><strong>Petre,</strong></span> <span class='ocrx_word' id='word_1_305' title='bbox 975 2228 1166 2283; x_wconf 88' lang='lat' dir='ltr'><strong>macta</strong></span> <span class='ocrx_word' id='word_1_306' title='bbox 1196 2220 1541 2282; x_wconf 91' lang='lat' dir='ltr'><strong>etcomede.</strong></span> <span class='ocrx_word' id='word_1_307' title='bbox 1589 2243 1612 2276; x_wconf 65' lang='grc' dir='ltr'><strong>ι</strong></span> <span class='ocrx_word' id='word_1_308' title='bbox 1649 2218 1882 2282; x_wconf 90' lang='lat' dir='ltr'><strong>Deinde</strong></span> <span class='ocrx_word' id='word_1_309' title='bbox 1907 2238 2041 2283; x_wconf 91' lang='lat' dir='ltr'><strong>cum</strong></span> 
     </span>
    </p>
   </div>
   <div class='ocr_carea' id='block_1_41' title="bbox 404 2309 2039 2392">
    <p class='ocr_par' dir='ltr' id='par_1_41' title="bbox 404 2309 2039 2392">
     <span class='ocr_line' id='line_1_42' title="bbox 404 2309 2039 2392; baseline -0.003 -19"><span class='ocrx_word' id='word_1_310' title='bbox 404 2313 456 2373; x_wconf 87' lang='lat' dir='ltr'><strong>is</strong></span> <span class='ocrx_word' id='word_1_311' title='bbox 502 2311 774 2386; x_wconf 85' lang='lat' dir='ltr'><strong>dixisset,</strong></span> <span class='ocrx_word' id='word_1_312' title='bbox 828 2334 852 2368; x_wconf 76' lang='grc' dir='ltr'><strong>ι</strong></span> <span class='ocrx_word' id='word_1_313' title='bbox 915 2313 1331 2392; x_wconf 89' lang='lat' dir='ltr'><strong>Nequaquam,</strong></span> <span class='ocrx_word' id='word_1_314' title='bbox 1392 2309 1667 2383; x_wconf 89' lang='lat' dir='ltr'><strong>Domine;</strong></span> <span class='ocrx_word' id='word_1_315' title='bbox 1727 2334 1748 2365; x_wconf 81' lang='grc' dir='ltr'><strong><em>ι</em></strong></span> <span class='ocrx_word' id='word_1_316' title='bbox 1804 2317 1864 2371; x_wconf 93' lang='lat' dir='ltr'><strong>et</strong></span> <span class='ocrx_word' id='word_1_317' title='bbox 1907 2329 2039 2370; x_wconf 91' lang='lat' dir='ltr'><strong>cum</strong></span> 
     </span>
    </p>
   </div>
   <div class='ocr_carea' id='block_1_42' title="bbox 406 2397 2041 2479">
    <p class='ocr_par' dir='ltr' id='par_1_42' title="bbox 406 2397 2041 2479">
     <span class='ocr_line' id='line_1_43' title="bbox 406 2397 2041 2479; baseline -0.002 -16"><span class='ocrx_word' id='word_1_318' title='bbox 406 2401 627 2464; x_wconf 91' lang='lat' dir='ltr'><strong>deinde</strong></span> <span class='ocrx_word' id='word_1_319' title='bbox 676 2402 853 2464; x_wconf 89' lang='lat' dir='ltr'><strong>etiam</strong></span> <span class='ocrx_word' id='word_1_320' title='bbox 910 2417 1146 2462; x_wconf 90' lang='lat' dir='ltr'><strong>causam</strong></span> <span class='ocrx_word' id='word_1_321' title='bbox 1222 2398 1565 2479; x_wconf 89' lang='lat' dir='ltr'><strong>adjecisset,</strong></span> <span class='ocrx_word' id='word_1_322' title='bbox 1628 2423 1655 2455; x_wconf 74' lang='grc' dir='ltr'><strong>σ</strong></span> <span class='ocrx_word' id='word_1_323' title='bbox 1720 2397 2041 2476; x_wconf 86' lang='lat' dir='ltr'><strong>Nunquam</strong></span> 
     </span>
    </p>
   </div>
   <div class='ocr_carea' id='block_1_43' title="bbox 403 2489 2038 2571">
    <p class='ocr_par' dir='ltr' id='par_1_43' title="bbox 403 2489 2038 2571">
     <span class='ocr_line' id='line_1_44' title="bbox 403 2489 2038 2571; baseline -0.002 -20"><span class='ocrx_word' id='word_1_324' title='bbox 403 2490 585 2565; x_wconf 90' lang='lat' dir='ltr'><strong>enim,</strong></span> <span class='ocrx_word' id='word_1_325' title='bbox 620 2489 835 2571; x_wconf 77' lang='lat' dir='ltr'><strong>inquit,</strong></span> <span class='ocrx_word' id='word_1_326' title='bbox 879 2489 1113 2550; x_wconf 89' lang='lat' dir='ltr'><strong>comedi</strong></span> <span class='ocrx_word' id='word_1_327' title='bbox 1167 2506 1344 2549; x_wconf 90' lang='lat' dir='ltr'><strong>omne</strong></span> <span class='ocrx_word' id='word_1_328' title='bbox 1395 2505 1718 2549; x_wconf 89' lang='lat' dir='ltr'><strong>commune</strong></span> <span class='ocrx_word' id='word_1_329' title='bbox 1771 2494 1873 2549; x_wconf 88' lang='lat' dir='ltr'><strong>aut</strong></span> <span class='ocrx_word' id='word_1_330' title='bbox 1922 2489 2038 2548; x_wconf 86' lang='lat' dir='ltr'><strong>im-</strong></span> 
     </span>
    </p>
   </div>
   <div class='ocr_carea' id='block_1_44' title="bbox 402 2576 2040 2658">
    <p class='ocr_par' dir='ltr' id='par_1_44' title="bbox 402 2576 2040 2658">
     <span class='ocr_line' id='line_1_45' title="bbox 402 2576 2040 2658; baseline -0.001 -18"><span class='ocrx_word' id='word_1_331' title='bbox 402 2581 690 2642; x_wconf 90' lang='lat' dir='ltr'><strong>mundum</strong></span> <span class='ocrx_word' id='word_1_332' title='bbox 731 2604 784 2651; x_wconf 74' lang='grc' dir='ltr'><strong>ι,</strong></span> <span class='ocrx_word' id='word_1_333' title='bbox 839 2597 948 2639; x_wconf 80' lang='lat' dir='ltr'><strong>vox</strong></span> <span class='ocrx_word' id='word_1_334' title='bbox 1001 2583 1057 2640; x_wconf 88' lang='lat' dir='ltr'><strong>ei</strong></span> <span class='ocrx_word' id='word_1_335' title='bbox 1114 2596 1323 2639; x_wconf 90' lang='lat' dir='ltr'><strong>rursus</strong></span> <span class='ocrx_word' id='word_1_336' title='bbox 1381 2576 1750 2658; x_wconf 86' lang='lat' dir='ltr'><strong>respondit:</strong></span> <span class='ocrx_word' id='word_1_337' title='bbox 1809 2600 1836 2634; x_wconf 74' lang='grc' dir='ltr'>σ</span> <span class='ocrx_word' id='word_1_338' title='bbox 1899 2576 2040 2650; x_wconf 74' lang='lat' dir='ltr'><strong>Qum</strong></span> 
     </span>
    </p>
   </div>
   <div class='ocr_carea' id='block_1_45' title="bbox 399 2665 2035 2742">
    <p class='ocr_par' dir='ltr' id='par_1_45' title="bbox 399 2665 2035 2742">
     <span class='ocr_line' id='line_1_46' title="bbox 399 2665 2035 2742; baseline -0.002 -13"><span class='ocrx_word' id='word_1_339' title='bbox 399 2667 559 2731; x_wconf 91' lang='lat' dir='ltr'><strong>Deus</strong></span> <span class='ocrx_word' id='word_1_340' title='bbox 597 2667 925 2742; x_wconf 85' lang='lat' dir='ltr'><strong>mundavit,</strong></span> <span class='ocrx_word' id='word_1_341' title='bbox 957 2676 1017 2728; x_wconf 93' lang='lat' dir='ltr'><strong>tu</strong></span> <span class='ocrx_word' id='word_1_342' title='bbox 1050 2685 1125 2728; x_wconf 92' lang='lat' dir='ltr'><strong>ne</strong></span> <span class='ocrx_word' id='word_1_343' title='bbox 1158 2666 1381 2729; x_wconf 86' lang='lat' dir='ltr'><strong>dixeris</strong></span> <span class='ocrx_word' id='word_1_344' title='bbox 1408 2667 1769 2729; x_wconf 85' lang='lat' dir='ltr'><strong>communia.</strong></span> <span class='ocrx_word' id='word_1_345' title='bbox 1801 2689 1825 2721; x_wconf 73' lang='grc' dir='ltr'><strong>η</strong></span> <span class='ocrx_word' id='word_1_346' title='bbox 1855 2665 2035 2729; x_wconf 89' lang='lat' dir='ltr'><strong>Cum-</strong></span> 
     </span>
    </p>
   </div>
   <div class='ocr_carea' id='block_1_46' title="bbox 400 2757 2035 2839">
    <p class='ocr_par' dir='ltr' id='par_1_46' title="bbox 400 2757 2035 2839">
     <span class='ocr_line' id='line_1_47' title="bbox 400 2757 2035 2839; baseline -0.003 -19"><span class='ocrx_word' id='word_1_347' title='bbox 400 2776 517 2839; x_wconf 91' lang='lat' dir='ltr'><strong>que</strong></span> <span class='ocrx_word' id='word_1_348' title='bbox 548 2760 659 2820; x_wconf 90' lang='lat' dir='ltr'><strong>hoc</strong></span> <span class='ocrx_word' id='word_1_349' title='bbox 691 2767 782 2820; x_wconf 92' lang='lat' dir='ltr'><strong>ter</strong></span> <span class='ocrx_word' id='word_1_350' title='bbox 809 2757 1026 2819; x_wconf 83' lang='lat' dir='ltr'><strong>factum</strong></span> <span class='ocrx_word' id='word_1_351' title='bbox 1062 2766 1243 2829; x_wconf 86' lang='lat' dir='ltr'><strong>esset,</strong></span> <span class='ocrx_word' id='word_1_352' title='bbox 1274 2773 1379 2817; x_wconf 84' lang='lat' dir='ltr'><strong>vas</strong></span> <span class='ocrx_word' id='word_1_353' title='bbox 1419 2774 1628 2817; x_wconf 91' lang='lat' dir='ltr'><strong>rursus</strong></span> <span class='ocrx_word' id='word_1_354' title='bbox 1666 2764 2035 2835; x_wconf 87' lang='lat' dir='ltr'><strong>assumptum</strong></span> 
     </span>
    </p>
   </div>
   <div class='ocr_carea' id='block_1_47' title="bbox 2130 1857 3780 1939">
    <p class='ocr_par' dir='ltr' id='par_1_47' title="bbox 2130 1857 3780 1939">
     <span class='ocr_line' id='line_1_48' title="bbox 2130 1857 3780 1939; baseline 0.002 -26"><span class='ocrx_word' id='word_1_355' title='bbox 2130 1860 2220 1913; x_wconf 84' lang='grc' dir='ltr'>καὶ</span> <span class='ocrx_word' id='word_1_356' title='bbox 2263 1860 2336 1921; x_wconf 76' lang='grc' dir='ltr'>ὥς</span> <span class='ocrx_word' id='word_1_357' title='bbox 2386 1857 2544 1913; x_wconf 76' lang='grc' dir='ltr'>αὒτὸν</span> <span class='ocrx_word' id='word_1_358' title='bbox 2599 1857 2736 1925; x_wconf 79' lang='grc' dir='ltr'>ἧκον</span> <span class='ocrx_word' id='word_1_359' title='bbox 2771 1873 2785 1888; x_wconf 84' lang='grc'><strong>⁹</strong></span> <span class='ocrx_word' id='word_1_360' title='bbox 2834 1861 2895 1915; x_wconf 80' lang='grc' dir='ltr'>τὸ</span> <span class='ocrx_word' id='word_1_361' title='bbox 2940 1858 2991 1914; x_wconf 76' lang='grc' dir='ltr'>δὲ</span> <span class='ocrx_word' id='word_1_362' title='bbox 3038 1867 3226 1923; x_wconf 74' lang='grc' dir='ltr'>σκεῦος</span> <span class='ocrx_word' id='word_1_363' title='bbox 3286 1860 3350 1916; x_wconf 82' lang='grc' dir='ltr'><strong>τά</strong></span> <span class='ocrx_word' id='word_1_364' title='bbox 3380 1881 3437 1915; x_wconf 89' lang='grc' dir='ltr'><strong>τε</strong></span> <span class='ocrx_word' id='word_1_365' title='bbox 3467 1863 3639 1939; x_wconf 73' lang='grc' dir='ltr'>θηρία</span> <span class='ocrx_word' id='word_1_366' title='bbox 3697 1866 3780 1917; x_wconf 76' lang='grc' dir='ltr'><strong>καί</strong></span> 
     </span>
    </p>
   </div>
   <div class='ocr_carea' id='block_1_48' title="bbox 2128 1946 3785 2026">
    <p class='ocr_par' dir='ltr' id='par_1_48' title="bbox 2128 1946 3785 2026">
     <span class='ocr_line' id='line_1_49' title="bbox 2128 1946 3785 2026; baseline 0.001 -22"><span class='ocrx_word' id='word_1_367' title='bbox 2128 1949 2195 2004; x_wconf 80' lang='grc' dir='ltr'><strong>τὰ</strong></span> <span class='ocrx_word' id='word_1_368' title='bbox 2254 1946 2552 2019; x_wconf 71' lang='grc' dir='ltr'>τετράποδα</span> <span class='ocrx_word' id='word_1_369' title='bbox 2593 1950 2690 2016; x_wconf 78' lang='grc' dir='ltr'>τῆς</span> <span class='ocrx_word' id='word_1_370' title='bbox 2736 1953 2840 2025; x_wconf 81' lang='grc' dir='ltr'>γῆς</span> <span class='ocrx_word' id='word_1_371' title='bbox 2885 1950 3058 2004; x_wconf 76' lang='grc' dir='ltr'>πάντα</span> <span class='ocrx_word' id='word_1_372' title='bbox 3104 1952 3202 2005; x_wconf 65' lang='grc' dir='ltr'>καῖ</span> <span class='ocrx_word' id='word_1_373' title='bbox 3251 1950 3317 2005; x_wconf 68' lang='grc' dir='ltr'><strong>τὰ</strong></span> <span class='ocrx_word' id='word_1_374' title='bbox 3362 1950 3569 2026; x_wconf 77' lang='grc' dir='ltr'>ἑρπετὰ</span> <span class='ocrx_word' id='word_1_375' title='bbox 3608 1952 3699 2006; x_wconf 79' lang='grc' dir='ltr'>καὶ</span> <span class='ocrx_word' id='word_1_376' title='bbox 3727 1952 3785 2006; x_wconf 65' lang='lat' dir='ltr'><strong>ti</strong></span> 
     </span>
    </p>
   </div>
   <div class='ocr_carea' id='block_1_49' title="bbox 2128 2035 3782 2117">
    <p class='ocr_par' dir='ltr' id='par_1_49' title="bbox 2128 2035 3782 2117">
     <span class='ocr_line' id='line_1_50' title="bbox 2128 2035 3782 2117; baseline 0.001 -24"><span class='ocrx_word' id='word_1_377' title='bbox 2128 2037 2345 2095; x_wconf 82' lang='grc' dir='ltr'>πετεινᾶ</span> <span class='ocrx_word' id='word_1_378' title='bbox 2403 2035 2497 2091; x_wconf 72' lang='grc' dir='ltr'><strong>τοῦ</strong></span> <span class='ocrx_word' id='word_1_379' title='bbox 2554 2038 2778 2113; x_wconf 74' lang='grc' dir='ltr'>οὐρανοῦ</span> <span class='ocrx_word' id='word_1_380' title='bbox 2835 2035 2890 2091; x_wconf 80' lang='grc' dir='ltr'>ὲν</span> <span class='ocrx_word' id='word_1_381' title='bbox 2950 2037 3123 2108; x_wconf 78' lang='grc' dir='ltr'>ἑαυτῳ</span> <span class='ocrx_word' id='word_1_382' title='bbox 3166 2037 3321 2117; x_wconf 80' lang='grc' dir='ltr'>εἶχε,</span> <span class='ocrx_word' id='word_1_383' title='bbox 3375 2040 3466 2093; x_wconf 79' lang='grc' dir='ltr'><strong>καὶ</strong></span> <span class='ocrx_word' id='word_1_384' title='bbox 3518 2040 3679 2117; x_wconf 69' lang='grc' dir='ltr'>φωνή</span> <span class='ocrx_word' id='word_1_385' title='bbox 3708 2061 3782 2103; x_wconf 73' lang='grc' dir='ltr'>τις,</span> 
     </span>
    </p>
   </div>
   <div class='ocr_carea' id='block_1_50' title="bbox 2128 2124 3781 2207">
    <p class='ocr_par' dir='ltr' id='par_1_50' title="bbox 2128 2124 3781 2207">
     <span class='ocr_line' id='line_1_51' title="bbox 2128 2124 3781 2207; baseline 0.002 -26"><span class='ocrx_word' id='word_1_386' title='bbox 2128 2126 2333 2183; x_wconf 77' lang='grc' dir='ltr'>ἐκεῖθεν</span> <span class='ocrx_word' id='word_1_387' title='bbox 2364 2125 2554 2191; x_wconf 75' lang='grc' dir='ltr'>ἐξιέναι</span> <span class='ocrx_word' id='word_1_388' title='bbox 2585 2129 2714 2203; x_wconf 77' lang='grc' dir='ltr'>πρὸς</span> <span class='ocrx_word' id='word_1_389' title='bbox 2750 2125 2907 2182; x_wconf 75' lang='grc' dir='ltr'>αὖτὸν</span> <span class='ocrx_word' id='word_1_390' title='bbox 2963 2124 3134 2183; x_wconf 59' lang='grc' dir='ltr'>ἐδόκει</span> <span class='ocrx_word' id='word_1_391' title='bbox 3177 2147 3188 2159; x_wconf 86' lang='grc'><em>’</em></span> <span class='ocrx_word' id='word_1_392' title='bbox 3251 2147 3275 2181; x_wconf 77' lang='grc' dir='ltr'><strong>α</strong></span> <span class='ocrx_word' id='word_1_393' title='bbox 3315 2127 3611 2207; x_wconf 75' lang='grc' dir='ltr'>Ἀναστὰς,</span> <span class='ocrx_word' id='word_1_394' title='bbox 3678 2128 3781 2184; x_wconf 76' lang='grc' dir='ltr'><strong>Πέ-</strong></span> 
     </span>
    </p>
   </div>
   <div class='ocr_carea' id='block_1_51' title="bbox 2128 2215 3776 2296">
    <p class='ocr_par' dir='ltr' id='par_1_51' title="bbox 2128 2215 3776 2296">
     <span class='ocr_line' id='line_1_52' title="bbox 2128 2215 3776 2296; baseline 0.002 -24"><span class='ocrx_word' id='word_1_395' title='bbox 2128 2238 2241 2296; x_wconf 89' lang='grc' dir='ltr'>τρε,</span> <span class='ocrx_word' id='word_1_396' title='bbox 2274 2215 2527 2296; x_wconf 84' lang='grc' dir='ltr'>λέγουσα,</span> <span class='ocrx_word' id='word_1_397' title='bbox 2560 2219 2715 2272; x_wconf 84' lang='grc' dir='ltr'>θῦσον</span> <span class='ocrx_word' id='word_1_398' title='bbox 2746 2217 2834 2272; x_wconf 79' lang='grc' dir='ltr'>καὶ</span> <span class='ocrx_word' id='word_1_399' title='bbox 2864 2216 2999 2296; x_wconf 74' lang='grc' dir='ltr'>φάγε</span> <span class='ocrx_word' id='word_1_400' title='bbox 3035 2239 3062 2272; x_wconf 67' lang='grc' dir='ltr'><strong>ι</strong></span> <span class='ocrx_word' id='word_1_401' title='bbox 3106 2238 3133 2271; x_wconf 72' lang='grc' dir='ltr'><strong>α</strong></span> <span class='ocrx_word' id='word_1_402' title='bbox 3159 2215 3431 2292; x_wconf 79' lang='grc' dir='ltr'><strong>Μηδαμῶς</strong></span> <span class='ocrx_word' id='word_1_403' title='bbox 3462 2242 3485 2275; x_wconf 72' lang='grc' dir='ltr'>ι</span> <span class='ocrx_word' id='word_1_404' title='bbox 3527 2216 3588 2273; x_wconf 84' lang='grc' dir='ltr'><em>δέ</em></span> <span class='ocrx_word' id='word_1_405' title='bbox 3616 2222 3776 2291; x_wconf 73' lang='grc' dir='ltr'>αὐτῷ,</span> 
     </span>
    </p>
   </div>
   <div class='ocr_carea' id='block_1_52' title="bbox 2133 2306 3775 2385">
    <p class='ocr_par' dir='ltr' id='par_1_52' title="bbox 2133 2306 3775 2385">
     <span class='ocr_line' id='line_1_53' title="bbox 2133 2306 3775 2385; baseline 0.004 -25"><span class='ocrx_word' id='word_1_406' title='bbox 2133 2307 2387 2382; x_wconf 75' lang='grc' dir='ltr'>«Κύριε,)</span> <span class='ocrx_word' id='word_1_407' title='bbox 2427 2308 2654 2384; x_wconf 74' lang='grc' dir='ltr'>εἷπρντι,</span> <span class='ocrx_word' id='word_1_408' title='bbox 2687 2309 2809 2363; x_wconf 80' lang='grc' dir='ltr'>εἶτα</span> <span class='ocrx_word' id='word_1_409' title='bbox 2840 2308 2932 2361; x_wconf 78' lang='grc' dir='ltr'><strong>καὶ</strong></span> <span class='ocrx_word' id='word_1_410' title='bbox 2963 2306 3060 2373; x_wconf 75' lang='grc' dir='ltr'>τὴν</span> <span class='ocrx_word' id='word_1_411' title='bbox 3092 2308 3259 2362; x_wconf 82' lang='grc' dir='ltr'>αὶτίαν</span> <span class='ocrx_word' id='word_1_412' title='bbox 3281 2307 3595 2385; x_wconf 63' lang='grc' dir='ltr'>πρόσθεν-δι’</span> <span class='ocrx_word' id='word_1_413' title='bbox 3641 2312 3775 2385; x_wconf 70' lang='grc' dir='ltr'><strong>«Οὐ,</strong></span> 
     </span>
    </p>
   </div>
   <div class='ocr_carea' id='block_1_53' title="bbox 2130 2393 3774 2475">
    <p class='ocr_par' dir='ltr' id='par_1_53' title="bbox 2130 2393 3774 2475">
     <span class='ocr_line' id='line_1_54' title="bbox 2130 2393 3774 2475; baseline 0 -23"><span class='ocrx_word' id='word_1_414' title='bbox 2130 2396 2395 2468; x_wconf 79' lang='grc' dir='ltr'>Δέσποτα,</span> <span class='ocrx_word' id='word_1_415' title='bbox 2445 2396 2570 2475; x_wconf 80' lang='grc' dir='ltr'>γὰρ,</span> <span class='ocrx_word' id='word_1_416' title='bbox 2615 2393 2807 2474; x_wconf 79' lang='grc' dir='ltr'>φησίν,</span> <span class='ocrx_word' id='word_1_417' title='bbox 2855 2394 3053 2474; x_wconf 76' lang='grc' dir='ltr'>ἔφαγον</span> <span class='ocrx_word' id='word_1_418' title='bbox 3099 2401 3204 2451; x_wconf 84' lang='grc' dir='ltr'><strong>πᾶν</strong></span> <span class='ocrx_word' id='word_1_419' title='bbox 3248 2398 3427 2453; x_wconf 84' lang='grc' dir='ltr'>κοινὸν</span> <span class='ocrx_word' id='word_1_420' title='bbox 3480 2394 3608 2456; x_wconf 68' lang='grc' dir='ltr'>οὐδὲ</span> <span class='ocrx_word' id='word_1_421' title='bbox 3641 2396 3774 2453; x_wconf 56' lang='lat' dir='ltr'><strong>{usi-</strong></span> 
     </span>
    </p>
   </div>
   <div class='ocr_carea' id='block_1_54' title="bbox 2123 2483 3773 2563">
    <p class='ocr_par' dir='ltr' id='par_1_54' title="bbox 2123 2483 3773 2563">
     <span class='ocr_line' id='line_1_55' title="bbox 2123 2483 3773 2563; baseline -0.001 -22"><span class='ocrx_word' id='word_1_422' title='bbox 2123 2489 2332 2562; x_wconf 86' lang='grc' dir='ltr'>θαρτον,</span> <span class='ocrx_word' id='word_1_423' title='bbox 2372 2508 2398 2539; x_wconf 69' lang='grc' dir='ltr'><strong>ν</strong></span> <span class='ocrx_word' id='word_1_424' title='bbox 2466 2487 2499 2551; x_wconf 78' lang='grc' dir='ltr'><strong>ἡ</strong></span> <span class='ocrx_word' id='word_1_425' title='bbox 2560 2485 2711 2563; x_wconf 68' lang='grc' dir='ltr'><strong>(ρὼνή</strong></span> <span class='ocrx_word' id='word_1_426' title='bbox 2772 2484 3095 2560; x_wconf 78' lang='grc' dir='ltr'>ἀπεκρίνατο</span> <span class='ocrx_word' id='word_1_427' title='bbox 3139 2483 3302 2541; x_wconf 72' lang='grc' dir='ltr'>πάλιν</span> <span class='ocrx_word' id='word_1_428' title='bbox 3334 2501 3349 2515; x_wconf 89' lang='grc'><strong>·</strong></span> <span class='ocrx_word' id='word_1_429' title='bbox 3387 2509 3411 2539; x_wconf 75' lang='grc' dir='ltr'><strong>α</strong></span> <span class='ocrx_word' id='word_1_430' title='bbox 3447 2485 3521 2542; x_wconf 76' lang='lat' dir='ltr'><strong>&quot;A</strong></span> <span class='ocrx_word' id='word_1_431' title='bbox 3578 2489 3607 2543; x_wconf 80' lang='grc' dir='ltr'>ὁ</span> <span class='ocrx_word' id='word_1_432' title='bbox 3650 2489 3773 2547; x_wconf 67' lang='grc' dir='ltr'>Θεὸς</span> 
     </span>
    </p>
   </div>
   <div class='ocr_carea' id='block_1_55' title="bbox 2122 2573 3770 2654">
    <p class='ocr_par' dir='ltr' id='par_1_55' title="bbox 2122 2573 3770 2654">
     <span class='ocr_line' id='line_1_56' title="bbox 2122 2573 3770 2654; baseline 0.001 -24"><span class='ocrx_word' id='word_1_433' title='bbox 2122 2574 2464 2652; x_wconf 71' lang='grc' dir='ltr'>ἆκαθείρισεν,</span> <span class='ocrx_word' id='word_1_434' title='bbox 2524 2573 2601 2648; x_wconf 80' lang='grc' dir='ltr'><strong>μὴ</strong></span> <span class='ocrx_word' id='word_1_435' title='bbox 2660 2574 2840 2629; x_wconf 84' lang='grc' dir='ltr'>κοίνου</span> <span class='ocrx_word' id='word_1_436' title='bbox 2891 2574 2974 2630; x_wconf 75' lang='grc' dir='ltr'><strong>σύ.</strong></span> <span class='ocrx_word' id='word_1_437' title='bbox 3014 2596 3042 2628; x_wconf 77' lang='grc' dir='ltr'><strong>ι)</strong></span> <span class='ocrx_word' id='word_1_438' title='bbox 3083 2579 3179 2631; x_wconf 79' lang='grc' dir='ltr'>Καὶ</span> <span class='ocrx_word' id='word_1_439' title='bbox 3222 2580 3377 2630; x_wconf 82' lang='grc' dir='ltr'>τοῦτο</span> <span class='ocrx_word' id='word_1_440' title='bbox 3410 2573 3500 2631; x_wconf 78' lang='grc' dir='ltr'><strong>ἐπὶ</strong></span> <span class='ocrx_word' id='word_1_441' title='bbox 3529 2577 3650 2654; x_wconf 79' lang='grc' dir='ltr'>τρὶς</span> <span class='ocrx_word' id='word_1_442' title='bbox 3681 2597 3770 2652; x_wconf 83' lang='grc' dir='ltr'>γε·</span> 
     </span>
    </p>
   </div>
   <div class='ocr_carea' id='block_1_56' title="bbox 2121 2661 3767 2742">
    <p class='ocr_par' dir='ltr' id='par_1_56' title="bbox 2121 2661 3767 2742">
     <span class='ocr_line' id='line_1_57' title="bbox 2121 2661 3767 2742; baseline -0.001 -23"><span class='ocrx_word' id='word_1_443' title='bbox 2121 2664 2302 2740; x_wconf 76' lang='grc' dir='ltr'>γονὸς,</span> <span class='ocrx_word' id='word_1_444' title='bbox 2356 2664 2428 2726; x_wconf 84' lang='grc' dir='ltr'><strong>εἰς</strong></span> <span class='ocrx_word' id='word_1_445' title='bbox 2484 2663 2577 2717; x_wconf 78' lang='grc' dir='ltr'><strong>τὸν</strong></span> <span class='ocrx_word' id='word_1_446' title='bbox 2634 2663 2854 2739; x_wconf 68' lang='grc' dir='ltr'>οὖρανὶν</span> <span class='ocrx_word' id='word_1_447' title='bbox 2910 2664 2972 2718; x_wconf 84' lang='grc' dir='ltr'>τὸ</span> <span class='ocrx_word' id='word_1_448' title='bbox 3026 2669 3213 2724; x_wconf 83' lang='grc' dir='ltr'>σκεῦος</span> <span class='ocrx_word' id='word_1_449' title='bbox 3243 2661 3522 2742; x_wconf 67' lang='grc' dir='ltr'>ἀνελήφθη</span> <span class='ocrx_word' id='word_1_450' title='bbox 3590 2664 3767 2725; x_wconf 69' lang='grc' dir='ltr'>πᾶλιν,</span> 
     </span>
    </p>
   </div>
   <div class='ocr_carea' id='block_1_57' title="bbox 2123 2750 3769 2832">
    <p class='ocr_par' dir='ltr' id='par_1_57' title="bbox 2123 2750 3769 2832">
     <span class='ocr_line' id='line_1_58' title="bbox 2123 2750 3730 2809; baseline 0.001 -38"><span class='ocrx_word' id='word_1_451' title='bbox 2123 2755 2181 2809; x_wconf 66' lang='lat' dir='ltr'><strong>T‘</strong></span> <span class='ocrx_word' id='word_1_452' title='bbox 2228 2751 2276 2807; x_wconf 52' lang='grc' dir='ltr'>δῖ</span> <span class='ocrx_word' id='word_1_453' title='bbox 2354 2751 2377 2773; x_wconf 79' lang='grc' dir='ltr'><strong><em>ν</em></strong></span> <span class='ocrx_word' id='word_1_454' title='bbox 2543 2752 2557 2768; x_wconf 75' lang='lat'>‘</span> <span class='ocrx_word' id='word_1_455' title='bbox 2644 2750 2668 2806; x_wconf 76' lang='grc' dir='ltr'>ἐ</span> <span class='ocrx_word' id='word_1_456' title='bbox 2912 2752 2925 2773; x_wconf 75' lang='lat'><strong><em>\</em></strong></span> <span class='ocrx_word' id='word_1_457' title='bbox 3184 2786 3188 2791; x_wconf 25' lang='grc' dir='ltr'><em>ῃ</em></span> <span class='ocrx_word' id='word_1_458' title='bbox 3279 2777 3288 2788; x_wconf 53' lang='grc'><strong>1</strong></span> <span class='ocrx_word' id='word_1_459' title='bbox 3432 2757 3446 2773; x_wconf 74' lang='lat'><strong><em>\</em></strong></span> <span class='ocrx_word' id='word_1_460' title='bbox 3508 2761 3583 2789; x_wconf 60' lang='grc' dir='ltr'><strong>ὀ</strong></span> <span class='ocrx_word' id='word_1_461' title='bbox 3720 2755 3730 2769; x_wconf 69' lang='grc'><strong><em>⁵</em></strong></span> 
     </span>
     <span class='ocr_line' id='line_1_59' title="bbox 2167 2751 3769 2832; baseline -0.001 -24"><span class='ocrx_word' id='word_1_462' title='bbox 2167 2775 2194 2808; x_wconf 95' lang='grc' dir='ltr'><strong>ο</strong></span> <span class='ocrx_word' id='word_1_463' title='bbox 2261 2774 2281 2807; x_wconf 89' lang='grc' dir='ltr'><strong>ε</strong></span> <span class='ocrx_word' id='word_1_464' title='bbox 2347 2774 2446 2829; x_wconf 88' lang='grc' dir='ltr'><strong>αρα</strong></span> <span class='ocrx_word' id='word_1_465' title='bbox 2511 2773 2602 2818; x_wconf 83' lang='grc' dir='ltr'><strong>την</strong></span> <span class='ocrx_word' id='word_1_466' title='bbox 2669 2774 2970 2832; x_wconf 11' lang='grc' dir='ltr'>,πιστροφην</span> <span class='ocrx_word' id='word_1_467' title='bbox 3018 2751 3307 2831; x_wconf 55' lang='grc' dir='ltr'>Κορνηλίου</span> <span class='ocrx_word' id='word_1_468' title='bbox 3361 2776 3448 2809; x_wconf 80' lang='grc' dir='ltr'>και</span> <span class='ocrx_word' id='word_1_469' title='bbox 3522 2778 3625 2809; x_wconf 59' lang='grc' dir='ltr'>κων</span> <span class='ocrx_word' id='word_1_470' title='bbox 3686 2776 3769 2810; x_wconf 88' lang='grc' dir='ltr'><strong>συν</strong></span> 
     </span>
    </p>
   </div>
   <div class='ocr_carea' id='block_1_58' title="bbox 401 2831 2040 2923">
    <p class='ocr_par' dir='ltr' id='par_1_58' title="bbox 401 2831 2040 2922">
     <span class='ocr_line' id='line_1_60' title="bbox 401 2831 2040 2922; baseline -0.005 -14"><span class='ocrx_word' id='word_1_471' title='bbox 401 2831 491 2909; x_wconf 73' lang='lat' dir='ltr'><strong>est</strong></span> <span class='ocrx_word' id='word_1_472' title='bbox 517 2850 577 2909; x_wconf 90' lang='lat' dir='ltr'><strong>in</strong></span> <span class='ocrx_word' id='word_1_473' title='bbox 607 2848 849 2909; x_wconf 73' lang='lat' dir='ltr'><strong>caelum.</strong></span> <span class='ocrx_word' id='word_1_474' title='bbox 882 2849 1010 2909; x_wconf 86' lang='lat' dir='ltr'><strong>Hoc</strong></span> <span class='ocrx_word' id='word_1_475' title='bbox 1042 2852 1240 2906; x_wconf 88' lang='lat' dir='ltr'><strong>autem</strong></span> <span class='ocrx_word' id='word_1_476' title='bbox 1273 2845 1645 2922; x_wconf 86' lang='lat' dir='ltr'><strong>signiﬁcabat</strong></span> <span class='ocrx_word' id='word_1_477' title='bbox 1687 2831 2040 2906; x_wconf 59' lang='lat' dir='ltr'><strong>conversio.</strong></span> 
     </span>
    </p>
   </div>
   <div class='ocr_carea' id='block_1_59' title="bbox 2121 2831 3769 2923">
    <p class='ocr_par' dir='ltr' id='par_1_59' title="bbox 2125 2831 3769 2923">
     <span class='ocr_line' id='line_1_61' title="bbox 2125 2831 3769 2923; baseline 0.001 -27"><span class='ocrx_word' id='word_1_478' title='bbox 2125 2842 2266 2916; x_wconf 72' lang='grc' dir='ltr'>αὖτῷ</span> <span class='ocrx_word' id='word_1_479' title='bbox 2322 2839 2613 2911; x_wconf 78' lang='grc' dir='ltr'>ὑπεδήλου.</span> <span class='ocrx_word' id='word_1_480' title='bbox 2664 2831 2729 2897; x_wconf 67' lang='grc' dir='ltr'><em>Ἠ</em></span> <span class='ocrx_word' id='word_1_481' title='bbox 2775 2842 2873 2915; x_wconf 81' lang='grc' dir='ltr'>μὲν</span> <span class='ocrx_word' id='word_1_482' title='bbox 2914 2843 3015 2920; x_wconf 78' lang='grc' dir='ltr'>γὰρ</span> <span class='ocrx_word' id='word_1_483' title='bbox 3056 2848 3156 2908; x_wconf 85' lang='grc' dir='ltr'><strong>της</strong></span> <span class='ocrx_word' id='word_1_484' title='bbox 3217 2848 3416 2922; x_wconf 71' lang='grc' dir='ltr'>τροφῆς</span> <span class='ocrx_word' id='word_1_485' title='bbox 3445 2850 3546 2900; x_wconf 77' lang='grc' dir='ltr'>τού</span> <span class='ocrx_word' id='word_1_486' title='bbox 3580 2844 3769 2923; x_wconf 79' lang='grc' dir='ltr'>Πέτρου</span> 
     </span>
    </p>
   </div>
   <div class='ocr_carea' id='block_1_60' title="bbox 399 2932 2034 3015">
    <p class='ocr_par' dir='ltr' id='par_1_60' title="bbox 399 2932 2034 3015">
     <span class='ocr_line' id='line_1_62' title="bbox 399 2932 2034 3015; baseline -0.003 -17"><span class='ocrx_word' id='word_1_487' title='bbox 399 2955 537 2998; x_wconf 89' lang='lat' dir='ltr'><strong>nem</strong></span> <span class='ocrx_word' id='word_1_488' title='bbox 572 2936 855 3009; x_wconf 85' lang='lat' dir='ltr'><strong>Cornelii,</strong></span> <span class='ocrx_word' id='word_1_489' title='bbox 886 2943 944 2996; x_wconf 93' lang='lat' dir='ltr'><strong>et</strong></span> <span class='ocrx_word' id='word_1_490' title='bbox 969 2953 1178 2997; x_wconf 91' lang='lat' dir='ltr'><strong>eorum</strong></span> <span class='ocrx_word' id='word_1_491' title='bbox 1212 2935 1313 3010; x_wconf 90' lang='lat' dir='ltr'><strong>qui</strong></span> <span class='ocrx_word' id='word_1_492' title='bbox 1347 2942 1518 2995; x_wconf 90' lang='lat' dir='ltr'><strong>erant</strong></span> <span class='ocrx_word' id='word_1_493' title='bbox 1545 2952 1679 2995; x_wconf 92' lang='lat' dir='ltr'><strong>cum</strong></span> <span class='ocrx_word' id='word_1_494' title='bbox 1712 2939 1867 3015; x_wconf 90' lang='lat' dir='ltr'><strong>ipso.</strong></span> <span class='ocrx_word' id='word_1_495' title='bbox 1891 2932 2034 2995; x_wconf 86' lang='lat' dir='ltr'><strong>Nam</strong></span> 
     </span>
    </p>
   </div>
   <div class='ocr_carea' id='block_1_61' title="bbox 402 3022 2037 3107">
    <p class='ocr_par' dir='ltr' id='par_1_61' title="bbox 402 3022 2037 3107">
     <span class='ocr_line' id='line_1_63' title="bbox 402 3022 2037 3107; baseline -0.001 -20"><span class='ocrx_word' id='word_1_496' title='bbox 402 3027 632 3088; x_wconf 91' lang='lat' dir='ltr'><strong>esuries</strong></span> <span class='ocrx_word' id='word_1_497' title='bbox 662 3025 929 3107; x_wconf 87' lang='lat' dir='ltr'><strong>quidem,</strong></span> <span class='ocrx_word' id='word_1_498' title='bbox 969 3043 1087 3104; x_wconf 90' lang='lat' dir='ltr'><strong>qua</strong></span> <span class='ocrx_word' id='word_1_499' title='bbox 1118 3022 1422 3085; x_wconf 87' lang='lat' dir='ltr'><strong>laborabat</strong></span> <span class='ocrx_word' id='word_1_500' title='bbox 1465 3025 1705 3098; x_wconf 84' lang='lat' dir='ltr'><strong>Petrus,</strong></span> <span class='ocrx_word' id='word_1_501' title='bbox 1738 3023 2037 3101; x_wconf 85' lang='lat' dir='ltr'><strong>signiﬁca-</strong></span> 
     </span>
    </p>
   </div>
   <div class='ocr_carea' id='block_1_62' title="bbox 2121 2930 3769 3012">
    <p class='ocr_par' dir='ltr' id='par_1_62' title="bbox 2121 2930 3769 3012">
     <span class='ocr_line' id='line_1_64' title="bbox 2121 2930 3769 3012; baseline 0.002 -26"><span class='ocrx_word' id='word_1_502' title='bbox 2121 2932 2277 3011; x_wconf 84' lang='grc' dir='ltr'>χρεία</span> <span class='ocrx_word' id='word_1_503' title='bbox 2335 2931 2432 2998; x_wconf 76' lang='grc' dir='ltr'>τὴν</span> <span class='ocrx_word' id='word_1_504' title='bbox 2494 2931 2695 2988; x_wconf 83' lang='grc' dir='ltr'>ἐκείνου</span> <span class='ocrx_word' id='word_1_505' title='bbox 2751 2933 2868 3009; x_wconf 82' lang='grc' dir='ltr'>περὶ</span> <span class='ocrx_word' id='word_1_506' title='bbox 2912 2932 3011 2998; x_wconf 80' lang='grc' dir='ltr'>τὴν</span> <span class='ocrx_word' id='word_1_507' title='bbox 3072 2930 3341 2988; x_wconf 74' lang='grc' dir='ltr'>εὗσεϐειαν</span> <span class='ocrx_word' id='word_1_508' title='bbox 3397 2934 3660 3012; x_wconf 76' lang='grc' dir='ltr'>πρόθεσιν</span> <span class='ocrx_word' id='word_1_509' title='bbox 3689 2935 3769 2991; x_wconf 71' lang='grc' dir='ltr'><strong>ιισὶ</strong></span> 
     </span>
    </p>
   </div>
   <div class='ocr_carea' id='block_1_63' title="bbox 2118 3019 3763 3095">
    <p class='ocr_par' dir='ltr' id='par_1_63' title="bbox 2118 3019 3763 3095">
     <span class='ocr_line' id='line_1_65' title="bbox 2118 3019 3763 3095; baseline 0.001 -18"><span class='ocrx_word' id='word_1_510' title='bbox 2118 3025 2216 3088; x_wconf 78' lang='grc' dir='ltr'>τὴν</span> <span class='ocrx_word' id='word_1_511' title='bbox 2277 3019 2514 3087; x_wconf 69' lang='grc' dir='ltr'>σπουδὴν</span> <span class='ocrx_word' id='word_1_512' title='bbox 2580 3022 2915 3095; x_wconf 77' lang='grc' dir='ltr'>ὑπεσήμαινε</span> <span class='ocrx_word' id='word_1_513' title='bbox 2950 3041 2963 3054; x_wconf 94' lang='grc'><strong>·</strong></span> <span class='ocrx_word' id='word_1_514' title='bbox 3036 3024 3126 3078; x_wconf 82' lang='grc' dir='ltr'><strong>καὶ</strong></span> <span class='ocrx_word' id='word_1_515' title='bbox 3197 3023 3270 3084; x_wconf 85' lang='grc' dir='ltr'>ὡς</span> <span class='ocrx_word' id='word_1_516' title='bbox 3342 3023 3560 3088; x_wconf 74' lang='grc' dir='ltr'>οὖόενὸς</span> <span class='ocrx_word' id='word_1_517' title='bbox 3621 3027 3763 3087; x_wconf 68' lang='grc' dir='ltr'>οὗτος</span> 
     </span>
    </p>
   </div>
   <div class='ocr_carea' id='block_1_64' title="bbox 401 3108 2040 3208">
    <p class='ocr_par' dir='ltr' id='par_1_64' title="bbox 401 3113 2037 3208">
     <span class='ocr_line' id='line_1_66' title="bbox 401 3113 2037 3208; baseline -0.002 -31"><span class='ocrx_word' id='word_1_518' title='bbox 401 3115 500 3178; x_wconf 85' lang='lat' dir='ltr'><strong>bat</strong></span> <span class='ocrx_word' id='word_1_519' title='bbox 532 3117 692 3208; x_wconf 80' lang='lat' dir='ltr'><strong>illius</strong></span> <span class='ocrx_word' id='word_1_520' title='bbox 723 3116 1092 3208; x_wconf 76' lang='lat' dir='ltr'><strong>inpietatem</strong></span> <span class='ocrx_word' id='word_1_521' title='bbox 1137 3113 1534 3208; x_wconf 67' lang='lat' dir='ltr'><strong>propositum</strong></span> <span class='ocrx_word' id='word_1_522' title='bbox 1555 3122 1614 3175; x_wconf 92' lang='lat' dir='ltr'><strong>et</strong></span> <span class='ocrx_word' id='word_1_523' title='bbox 1644 3113 1946 3208; x_wconf 80' lang='lat' dir='ltr'><strong>studium;</strong></span> <span class='ocrx_word' id='word_1_524' title='bbox 1980 3122 2037 3175; x_wconf 90' lang='lat' dir='ltr'><strong>et</strong></span> 
     </span>
    </p>
   </div>
   <div class='ocr_carea' id='block_1_65' title="bbox 2121 3108 3758 3208">
    <p class='ocr_par' dir='ltr' id='par_1_65' title="bbox 2121 3108 3758 3190">
     <span class='ocr_line' id='line_1_67' title="bbox 2121 3108 3758 3190; baseline 0 -24"><span class='ocrx_word' id='word_1_525' title='bbox 2121 3120 2371 3169; x_wconf 71' lang='grc' dir='ltr'>τοσοῦτον</span> <span class='ocrx_word' id='word_1_526' title='bbox 2416 3110 2618 3183; x_wconf 78' lang='grc' dir='ltr'>ἐπείνα,</span> <span class='ocrx_word' id='word_1_527' title='bbox 2664 3108 2783 3167; x_wconf 70' lang='grc' dir='ltr'>οὐδὲ</span> <span class='ocrx_word' id='word_1_528' title='bbox 2835 3112 3044 3190; x_wconf 75' lang='grc' dir='ltr'>ἠφίετο,</span> <span class='ocrx_word' id='word_1_529' title='bbox 3107 3114 3180 3175; x_wconf 86' lang='grc' dir='ltr'>ὡς</span> <span class='ocrx_word' id='word_1_530' title='bbox 3225 3112 3322 3179; x_wconf 76' lang='grc' dir='ltr'><strong>τῆς</strong></span> <span class='ocrx_word' id='word_1_531' title='bbox 3366 3113 3475 3169; x_wconf 78' lang='grc' dir='ltr'><strong>τῶν</strong></span> <span class='ocrx_word' id='word_1_532' title='bbox 3524 3113 3758 3169; x_wconf 74' lang='grc' dir='ltr'>ἀπίστων</span> 
     </span>
    </p>
   </div>
   <div class='ocr_carea' id='block_1_66' title="bbox 400 3199 2040 3287">
    <p class='ocr_par' dir='ltr' id='par_1_66' title="bbox 400 3201 2034 3287">
     <span class='ocr_line' id='line_1_68' title="bbox 400 3201 2034 3287; baseline -0.002 -21"><span class='ocrx_word' id='word_1_533' title='bbox 400 3207 558 3287; x_wconf 92' lang='lat' dir='ltr'><strong>quod</strong></span> <span class='ocrx_word' id='word_1_534' title='bbox 597 3209 644 3267; x_wconf 88' lang='lat' dir='ltr'><strong>is</strong></span> <span class='ocrx_word' id='word_1_535' title='bbox 675 3205 822 3267; x_wconf 88' lang='lat' dir='ltr'><strong>nihil</strong></span> <span class='ocrx_word' id='word_1_536' title='bbox 857 3204 1006 3266; x_wconf 93' lang='lat' dir='ltr'><strong>adeo</strong></span> <span class='ocrx_word' id='word_1_537' title='bbox 1055 3203 1357 3265; x_wconf 91' lang='lat' dir='ltr'><strong>esuriebat</strong></span> <span class='ocrx_word' id='word_1_538' title='bbox 1399 3217 1459 3265; x_wconf 89' lang='lat' dir='ltr'><strong>et</strong></span> <span class='ocrx_word' id='word_1_539' title='bbox 1502 3201 1907 3281; x_wconf 85' lang='lat' dir='ltr'><strong>desiderabat,</strong></span> <span class='ocrx_word' id='word_1_540' title='bbox 1941 3213 2034 3264; x_wconf 92' lang='lat' dir='ltr'><strong>at-</strong></span> 
     </span>
    </p>
   </div>
   <div class='ocr_carea' id='block_1_67' title="bbox 2121 3199 3758 3287">
    <p class='ocr_par' dir='ltr' id='par_1_67' title="bbox 2121 3199 3758 3279">
     <span class='ocr_line' id='line_1_69' title="bbox 2121 3199 3758 3279; baseline 0 -22"><span class='ocrx_word' id='word_1_541' title='bbox 2121 3200 2482 3279; x_wconf 77' lang='grc' dir='ltr'>ἐπιγνώσεως,</span> <span class='ocrx_word' id='word_1_542' title='bbox 2529 3201 2615 3257; x_wconf 83' lang='grc' dir='ltr'><strong>καὶ</strong></span> <span class='ocrx_word' id='word_1_543' title='bbox 2666 3209 2761 3260; x_wconf 81' lang='grc' dir='ltr'>τοῦ</span> <span class='ocrx_word' id='word_1_544' title='bbox 2798 3201 2897 3266; x_wconf 79' lang='grc' dir='ltr'>τὴν</span> <span class='ocrx_word' id='word_1_545' title='bbox 2939 3199 3208 3259; x_wconf 68' lang='grc' dir='ltr'>εὐσέϐειαν</span> <span class='ocrx_word' id='word_1_546' title='bbox 3258 3203 3514 3259; x_wconf 73' lang='grc' dir='ltr'>ἑκάστοτε</span> <span class='ocrx_word' id='word_1_547' title='bbox 3568 3204 3662 3258; x_wconf 81' lang='grc' dir='ltr'><strong>καί</strong></span> <span class='ocrx_word' id='word_1_548' title='bbox 3705 3204 3758 3257; x_wconf 81' lang='grc' dir='ltr'>τὸ</span> 
     </span>
    </p>
   </div>
   <div class='ocr_carea' id='block_1_68' title="bbox 398 3292 2035 3376">
    <p class='ocr_par' dir='ltr' id='par_1_68' title="bbox 398 3292 2035 3376">
     <span class='ocr_line' id='line_1_70' title="bbox 398 3292 2035 3376; baseline -0.002 -18"><span class='ocrx_word' id='word_1_549' title='bbox 398 3314 515 3376; x_wconf 88' lang='lat' dir='ltr'><strong>que</strong></span> <span class='ocrx_word' id='word_1_550' title='bbox 546 3296 878 3357; x_wconf 92' lang='lat' dir='ltr'><strong>inﬁdelium</strong></span> <span class='ocrx_word' id='word_1_551' title='bbox 926 3292 1313 3373; x_wconf 83' lang='lat' dir='ltr'><strong>agnitionem,</strong></span> <span class='ocrx_word' id='word_1_552' title='bbox 1368 3300 1426 3354; x_wconf 88' lang='lat' dir='ltr'><strong>et</strong></span> <span class='ocrx_word' id='word_1_553' title='bbox 1484 3294 1570 3355; x_wconf 90' lang='lat' dir='ltr'><strong>eis</strong></span> <span class='ocrx_word' id='word_1_554' title='bbox 1617 3293 1861 3354; x_wconf 90' lang='lat' dir='ltr'><strong>omnino</strong></span> <span class='ocrx_word' id='word_1_555' title='bbox 1891 3292 2035 3355; x_wconf 89' lang='lat' dir='ltr'><strong>dare</strong></span> 
     </span>
    </p>
   </div>
   <div class='ocr_carea' id='block_1_69' title="bbox 397 3381 2030 3462">
    <p class='ocr_par' dir='ltr' id='par_1_69' title="bbox 397 3381 2030 3462">
     <span class='ocr_line' id='line_1_71' title="bbox 397 3381 2030 3462; baseline -0.002 -17"><span class='ocrx_word' id='word_1_556' title='bbox 397 3404 600 3448; x_wconf 91' lang='lat' dir='ltr'><strong>verum</strong></span> <span class='ocrx_word' id='word_1_557' title='bbox 652 3385 761 3447; x_wconf 92' lang='lat' dir='ltr'><strong>Dei</strong></span> <span class='ocrx_word' id='word_1_558' title='bbox 795 3384 1022 3446; x_wconf 91' lang='lat' dir='ltr'><strong>cultum</strong></span> <span class='ocrx_word' id='word_1_559' title='bbox 1078 3391 1134 3444; x_wconf 91' lang='lat' dir='ltr'><strong>et</strong></span> <span class='ocrx_word' id='word_1_560' title='bbox 1174 3381 1655 3462; x_wconf 73' lang='lat' dir='ltr'><strong>praedicationem</strong></span> <span class='ocrx_word' id='word_1_561' title='bbox 1708 3381 2030 3461; x_wconf 84' lang='lat' dir='ltr'><strong>Evangelii.</strong></span> 
     </span>
    </p>
   </div>
   <div class='ocr_carea' id='block_1_70' title="bbox 395 3472 2034 3557">
    <p class='ocr_par' dir='ltr' id='par_1_70' title="bbox 395 3472 2034 3557">
     <span class='ocr_line' id='line_1_72' title="bbox 395 3472 2034 3557; baseline -0.004 -19"><span class='ocrx_word' id='word_1_562' title='bbox 395 3475 825 3557; x_wconf 87' lang='lat' dir='ltr'><strong>Quadrupedes</strong></span> <span class='ocrx_word' id='word_1_563' title='bbox 847 3483 1046 3535; x_wconf 86' lang='lat' dir='ltr'><strong>autem</strong></span> <span class='ocrx_word' id='word_1_564' title='bbox 1069 3481 1127 3533; x_wconf 79' lang='lat' dir='ltr'><strong>et</strong></span> <span class='ocrx_word' id='word_1_565' title='bbox 1146 3482 1461 3553; x_wconf 84' lang='lat' dir='ltr'><strong>serpentes</strong></span> <span class='ocrx_word' id='word_1_566' title='bbox 1484 3472 1845 3535; x_wconf 86' lang='lat' dir='ltr'><strong>acvolucres</strong></span> <span class='ocrx_word' id='word_1_567' title='bbox 1867 3480 2034 3534; x_wconf 89' lang='lat' dir='ltr'><strong>erant</strong></span> 
     </span>
    </p>
   </div>
   <div class='ocr_carea' id='block_1_71' title="bbox 394 3562 2030 3645">
    <p class='ocr_par' dir='ltr' id='par_1_71' title="bbox 394 3562 2030 3645">
     <span class='ocr_line' id='line_1_73' title="bbox 394 3562 2030 3645; baseline -0.002 -20"><span class='ocrx_word' id='word_1_568' title='bbox 394 3566 629 3645; x_wconf 81' lang='lat' dir='ltr'><strong>signum</strong></span> <span class='ocrx_word' id='word_1_569' title='bbox 656 3564 1055 3627; x_wconf 87' lang='lat' dir='ltr'><strong>multitudinis</strong></span> <span class='ocrx_word' id='word_1_570' title='bbox 1075 3577 1280 3624; x_wconf 88' lang='lat' dir='ltr'><strong>eorum</strong></span> <span class='ocrx_word' id='word_1_571' title='bbox 1309 3562 1412 3642; x_wconf 89' lang='lat' dir='ltr'><strong>qui</strong></span> <span class='ocrx_word' id='word_1_572' title='bbox 1444 3570 1613 3623; x_wconf 87' lang='lat' dir='ltr'><strong>erant</strong></span> <span class='ocrx_word' id='word_1_573' title='bbox 1643 3562 2030 3623; x_wconf 82' lang='lat' dir='ltr'><strong>convertendi</strong></span> 
     </span>
    </p>
   </div>
   <div class='ocr_carea' id='block_1_72' title="bbox 394 3655 2028 3730">
    <p class='ocr_par' dir='ltr' id='par_1_72' title="bbox 394 3655 2028 3730">
     <span class='ocr_line' id='line_1_74' title="bbox 394 3655 2028 3730; baseline -0.003 -11"><span class='ocrx_word' id='word_1_574' title='bbox 394 3677 527 3720; x_wconf 91' lang='lat' dir='ltr'><strong>cum</strong></span> <span class='ocrx_word' id='word_1_575' title='bbox 560 3657 865 3719; x_wconf 89' lang='lat' dir='ltr'><strong>Cornelio.</strong></span> <span class='ocrx_word' id='word_1_576' title='bbox 916 3658 1034 3716; x_wconf 87' lang='lat' dir='ltr'><strong>Vas</strong></span> <span class='ocrx_word' id='word_1_577' title='bbox 1063 3664 1259 3717; x_wconf 89' lang='lat' dir='ltr'><strong>autem</strong></span> <span class='ocrx_word' id='word_1_578' title='bbox 1293 3674 1324 3715; x_wconf 94' lang='lat' dir='ltr'><strong>e</strong></span> <span class='ocrx_word' id='word_1_579' title='bbox 1356 3655 1507 3716; x_wconf 67' lang='lat' dir='ltr'><strong>caelo</strong></span> <span class='ocrx_word' id='word_1_580' title='bbox 1553 3663 1644 3716; x_wconf 92' lang='lat' dir='ltr'><strong>ter</strong></span> <span class='ocrx_word' id='word_1_581' title='bbox 1674 3655 2028 3730; x_wconf 80' lang='lat' dir='ltr'><strong>demissum,</strong></span> 
     </span>
    </p>
   </div>
   <div class='ocr_carea' id='block_1_73' title="bbox 393 3747 2026 3830">
    <p class='ocr_par' dir='ltr' id='par_1_73' title="bbox 393 3747 2026 3830">
     <span class='ocr_line' id='line_1_75' title="bbox 393 3747 2026 3830; baseline -0.001 -19"><span class='ocrx_word' id='word_1_582' title='bbox 393 3750 768 3830; x_wconf 86' lang='lat' dir='ltr'><strong>signiﬁcabat</strong></span> <span class='ocrx_word' id='word_1_583' title='bbox 823 3754 1059 3812; x_wconf 82' lang='lat' dir='ltr'><strong>ternam</strong></span> <span class='ocrx_word' id='word_1_584' title='bbox 1119 3748 1178 3808; x_wconf 91' lang='lat' dir='ltr'><strong>in</strong></span> <span class='ocrx_word' id='word_1_585' title='bbox 1236 3747 1528 3827; x_wconf 89' lang='lat' dir='ltr'><strong>baptismo</strong></span> <span class='ocrx_word' id='word_1_586' title='bbox 1559 3749 2026 3811; x_wconf 83' lang='lat' dir='ltr'><strong>demersionem.</strong></span> 
     </span>
    </p>
   </div>
   <div class='ocr_carea' id='block_1_74' title="bbox 390 3837 2032 3917">
    <p class='ocr_par' dir='ltr' id='par_1_74' title="bbox 390 3837 2032 3917">
     <span class='ocr_line' id='line_1_76' title="bbox 390 3837 2032 3917; baseline -0.001 -16"><span class='ocrx_word' id='word_1_587' title='bbox 390 3838 705 3901; x_wconf 87' lang='lat' dir='ltr'><strong>Mundatas</strong></span> <span class='ocrx_word' id='word_1_588' title='bbox 735 3846 930 3898; x_wconf 88' lang='lat' dir='ltr'><strong>autem</strong></span> <span class='ocrx_word' id='word_1_589' title='bbox 966 3857 1067 3898; x_wconf 91' lang='lat' dir='ltr'><strong>eas</strong></span> <span class='ocrx_word' id='word_1_590' title='bbox 1094 3856 1226 3898; x_wconf 76' lang='lat' dir='ltr'><strong>esse</strong></span> <span class='ocrx_word' id='word_1_591' title='bbox 1259 3856 1294 3898; x_wconf 90' lang='lat' dir='ltr'><strong>a</strong></span> <span class='ocrx_word' id='word_1_592' title='bbox 1320 3839 1464 3913; x_wconf 91' lang='lat' dir='ltr'><strong>Deo,</strong></span> <span class='ocrx_word' id='word_1_593' title='bbox 1490 3837 1863 3917; x_wconf 85' lang='lat' dir='ltr'><strong>signiﬁcabat</strong></span> <span class='ocrx_word' id='word_1_594' title='bbox 1890 3840 2032 3900; x_wconf 87' lang='lat' dir='ltr'><strong>Cor-</strong></span> 
     </span>
    </p>
   </div>
   <div class='ocr_carea' id='block_1_75' title="bbox 390 3926 2031 4008">
    <p class='ocr_par' dir='ltr' id='par_1_75' title="bbox 390 3926 2031 4008">
     <span class='ocr_line' id='line_1_77' title="bbox 390 3926 2031 4008; baseline -0.001 -17"><span class='ocrx_word' id='word_1_595' title='bbox 390 3929 537 3991; x_wconf 90' lang='lat' dir='ltr'><strong>nelii</strong></span> <span class='ocrx_word' id='word_1_596' title='bbox 578 3929 866 4008; x_wconf 81' lang='lat' dir='ltr'><strong>justitiam</strong></span> <span class='ocrx_word' id='word_1_597' title='bbox 922 3932 983 3989; x_wconf 85' lang='lat' dir='ltr'><strong>et</strong></span> <span class='ocrx_word' id='word_1_598' title='bbox 1034 3926 1515 3987; x_wconf 85' lang='lat' dir='ltr'><strong>misericordiam</strong></span> <span class='ocrx_word' id='word_1_599' title='bbox 1569 3946 1703 3988; x_wconf 92' lang='lat' dir='ltr'><strong>cum</strong></span> <span class='ocrx_word' id='word_1_600' title='bbox 1757 3928 2031 3989; x_wconf 88' lang='lat' dir='ltr'><strong>universa</strong></span> 
     </span>
    </p>
   </div>
   <div class='ocr_carea' id='block_1_76' title="bbox 390 4016 2026 4099">
    <p class='ocr_par' dir='ltr' id='par_1_76' title="bbox 390 4016 2026 4099">
     <span class='ocr_line' id='line_1_78' title="bbox 390 4016 2026 4099; baseline 0.001 -19"><span class='ocrx_word' id='word_1_601' title='bbox 390 4019 590 4095; x_wconf 91' lang='lat' dir='ltr'><strong>domo,</strong></span> <span class='ocrx_word' id='word_1_602' title='bbox 634 4027 693 4080; x_wconf 91' lang='lat' dir='ltr'><strong>et</strong></span> <span class='ocrx_word' id='word_1_603' title='bbox 718 4017 874 4099; x_wconf 91' lang='lat' dir='ltr'><strong>quod</strong></span> <span class='ocrx_word' id='word_1_604' title='bbox 906 4016 949 4077; x_wconf 94' lang='lat' dir='ltr'><strong>ii</strong></span> <span class='ocrx_word' id='word_1_605' title='bbox 980 4034 1220 4097; x_wconf 84' lang='lat' dir='ltr'><strong>quoque</strong></span> <span class='ocrx_word' id='word_1_606' title='bbox 1256 4017 1378 4077; x_wconf 93' lang='lat' dir='ltr'><strong>Deo</strong></span> <span class='ocrx_word' id='word_1_607' title='bbox 1421 4017 1653 4096; x_wconf 89' lang='lat' dir='ltr'><strong>accepti</strong></span> <span class='ocrx_word' id='word_1_608' title='bbox 1687 4023 2026 4082; x_wconf 89' lang='lat' dir='ltr'><strong>evaserunt.</strong></span> 
     </span>
    </p>
   </div>
   <div class='ocr_carea' id='block_1_77' title="bbox 468 4104 2027 4187">
    <p class='ocr_par' dir='ltr' id='par_1_77' title="bbox 468 4104 2027 4187">
     <span class='ocr_line' id='line_1_79' title="bbox 468 4104 2027 4187; baseline -0.004 -14"><span class='ocrx_word' id='word_1_609' title='bbox 468 4111 574 4173; x_wconf 92' lang='lat' dir='ltr'><strong>Ill.</strong></span> <span class='ocrx_word' id='word_1_610' title='bbox 598 4107 903 4187; x_wconf 87' lang='lat' dir='ltr'><strong>Cogitante</strong></span> <span class='ocrx_word' id='word_1_611' title='bbox 925 4116 1121 4167; x_wconf 87' lang='lat' dir='ltr'><strong>autem</strong></span> <span class='ocrx_word' id='word_1_612' title='bbox 1145 4104 1409 4178; x_wconf 83' lang='lat' dir='ltr'><strong>Pelro,et</strong></span> <span class='ocrx_word' id='word_1_613' title='bbox 1441 4124 1558 4167; x_wconf 88' lang='lat' dir='ltr'><strong>non</strong></span> <span class='ocrx_word' id='word_1_614' title='bbox 1585 4106 1817 4168; x_wconf 89' lang='lat' dir='ltr'><strong>valente</strong></span> <span class='ocrx_word' id='word_1_615' title='bbox 1842 4106 2027 4168; x_wconf 90' lang='lat' dir='ltr'><strong>visio-</strong></span> 
     </span>
    </p>
   </div>
   <div class='ocr_carea' id='block_1_78' title="bbox 386 4194 2021 4278">
    <p class='ocr_par' dir='ltr' id='par_1_78' title="bbox 386 4194 2021 4278">
     <span class='ocr_line' id='line_1_80' title="bbox 386 4194 2021 4278; baseline -0.001 -18"><span class='ocrx_word' id='word_1_616' title='bbox 386 4217 524 4260; x_wconf 88' lang='lat' dir='ltr'><strong>nem</strong></span> <span class='ocrx_word' id='word_1_617' title='bbox 551 4198 875 4278; x_wconf 88' lang='lat' dir='ltr'><strong>conjicere,</strong></span> <span class='ocrx_word' id='word_1_618' title='bbox 913 4195 1014 4277; x_wconf 90' lang='lat' dir='ltr'><strong>qui</strong></span> <span class='ocrx_word' id='word_1_619' title='bbox 1046 4195 1212 4256; x_wconf 89' lang='lat' dir='ltr'><strong>missi</strong></span> <span class='ocrx_word' id='word_1_620' title='bbox 1245 4194 1480 4256; x_wconf 81' lang='lat' dir='ltr'><strong>fuerant</strong></span> <span class='ocrx_word' id='word_1_621' title='bbox 1510 4213 1542 4256; x_wconf 90' lang='lat' dir='ltr'><strong>a</strong></span> <span class='ocrx_word' id='word_1_622' title='bbox 1576 4195 2021 4276; x_wconf 89' lang='lat' dir='ltr'><strong>Corneli0,jam</strong></span> 
     </span>
    </p>
   </div>
   <div class='ocr_carea' id='block_1_79' title="bbox 385 4284 2026 4366">
    <p class='ocr_par' dir='ltr' id='par_1_79' title="bbox 385 4284 2026 4366">
     <span class='ocr_line' id='line_1_81' title="bbox 385 4284 2026 4366; baseline -0.001 -17"><span class='ocrx_word' id='word_1_623' title='bbox 385 4288 459 4349; x_wconf 91' lang='lat' dir='ltr'><strong>ad</strong></span> <span class='ocrx_word' id='word_1_624' title='bbox 481 4289 639 4350; x_wconf 87' lang='lat' dir='ltr'><strong>fores</strong></span> <span class='ocrx_word' id='word_1_625' title='bbox 652 4296 958 4349; x_wconf 90' lang='lat' dir='ltr'><strong>venerant.</strong></span> <span class='ocrx_word' id='word_1_626' title='bbox 986 4286 1059 4350; x_wconf 89' lang='lat' dir='ltr'><strong>Et</strong></span> <span class='ocrx_word' id='word_1_627' title='bbox 1081 4285 1351 4366; x_wconf 85' lang='lat' dir='ltr'><strong>protinus</strong></span> <span class='ocrx_word' id='word_1_628' title='bbox 1372 4284 1647 4348; x_wconf 90' lang='lat' dir='ltr'><strong>incidens</strong></span> <span class='ocrx_word' id='word_1_629' title='bbox 1669 4286 1949 4365; x_wconf 84' lang='lat' dir='ltr'><strong>Spiritus,</strong></span> <span class='ocrx_word' id='word_1_630' title='bbox 1967 4294 2026 4348; x_wconf 90' lang='lat' dir='ltr'><strong>et</strong></span> 
     </span>
    </p>
   </div>
   <div class='ocr_carea' id='block_1_80' title="bbox 381 4374 2022 4455">
    <p class='ocr_par' dir='ltr' id='par_1_80' title="bbox 381 4374 2022 4455">
     <span class='ocr_line' id='line_1_82' title="bbox 381 4374 2022 4455; baseline 0 -19"><span class='ocrx_word' id='word_1_631' title='bbox 381 4377 624 4440; x_wconf 89' lang='lat' dir='ltr'><strong>illorum</strong></span> <span class='ocrx_word' id='word_1_632' title='bbox 649 4377 966 4438; x_wconf 88' lang='lat' dir='ltr'><strong>adventum</strong></span> <span class='ocrx_word' id='word_1_633' title='bbox 994 4375 1309 4455; x_wconf 86' lang='lat' dir='ltr'><strong>signiﬁcat,</strong></span> <span class='ocrx_word' id='word_1_634' title='bbox 1338 4384 1397 4436; x_wconf 92' lang='lat' dir='ltr'><strong>et</strong></span> <span class='ocrx_word' id='word_1_635' title='bbox 1431 4376 1605 4455; x_wconf 87' lang='lat' dir='ltr'><strong>jubet</strong></span> <span class='ocrx_word' id='word_1_636' title='bbox 1645 4374 1885 4438; x_wconf 88' lang='lat' dir='ltr'><strong>Petrum</strong></span> <span class='ocrx_word' id='word_1_637' title='bbox 1921 4394 2022 4437; x_wconf 88' lang='lat' dir='ltr'><strong>eos</strong></span> 
     </span>
    </p>
   </div>
   <div class='ocr_carea' id='block_1_81' title="bbox 385 4465 2344 4568">
    <p class='ocr_par' dir='ltr' id='par_1_81' title="bbox 385 4465 2344 4568">
     <span class='ocr_line' id='line_1_83' title="bbox 385 4465 2344 4568; baseline -0.002 -41"><span class='ocrx_word' id='word_1_638' title='bbox 385 4467 706 4527; x_wconf 89' lang='lat' dir='ltr'><strong>convenire</strong></span> <span class='ocrx_word' id='word_1_639' title='bbox 740 4465 986 4527; x_wconf 87' lang='lat' dir='ltr'><strong>minime</strong></span> <span class='ocrx_word' id='word_1_640' title='bbox 1016 4466 1416 4526; x_wconf 58' lang='lat' dir='ltr'><strong>haesitantem.</strong></span> <span class='ocrx_word' id='word_1_641' title='bbox 1451 4467 1646 4544; x_wconf 86' lang='lat' dir='ltr'><strong>Atque</strong></span> <span class='ocrx_word' id='word_1_642' title='bbox 1673 4465 1728 4525; x_wconf 91' lang='lat' dir='ltr'><strong>ei</strong></span> <span class='ocrx_word' id='word_1_643' title='bbox 1753 4465 2017 4545; x_wconf 89' lang='lat' dir='ltr'><strong>quidem,</strong></span> <span class='ocrx_word' id='word_1_644' title='bbox 2046 4468 2295 4568; x_wconf 71' lang='grc' dir='ltr'>Ομηνύει</span> <span class='ocrx_word' id='word_1_645' title='bbox 2330 4483 2344 4498; x_wconf 74' lang='grc' dir='ltr'><strong><em>ο</em></strong></span> 
     </span>
    </p>
   </div>
   <div class='ocr_carea' id='block_1_82' title="bbox 2117 3288 3759 3371">
    <p class='ocr_par' dir='ltr' id='par_1_82' title="bbox 2117 3288 3759 3371">
     <span class='ocr_line' id='line_1_84' title="bbox 2117 3288 3759 3371; baseline 0.002 -27"><span class='ocrx_word' id='word_1_646' title='bbox 2117 3291 2369 3368; x_wconf 80' lang='grc' dir='ltr'>κήρυγμα</span> <span class='ocrx_word' id='word_1_647' title='bbox 2424 3292 2517 3345; x_wconf 73' lang='grc' dir='ltr'>τοῦ</span> <span class='ocrx_word' id='word_1_648' title='bbox 2577 3288 2902 3367; x_wconf 71' lang='grc' dir='ltr'>Εὖαγγελίου</span> <span class='ocrx_word' id='word_1_649' title='bbox 2969 3288 3287 3352; x_wconf 80' lang='grc' dir='ltr'>ἐπιδιδόναι.</span> <span class='ocrx_word' id='word_1_650' title='bbox 3331 3293 3406 3349; x_wconf 77' lang='grc' dir='ltr'><strong>Τὰ</strong></span> <span class='ocrx_word' id='word_1_651' title='bbox 3450 3289 3507 3349; x_wconf 76' lang='grc' dir='ltr'><strong>δὲ</strong></span> <span class='ocrx_word' id='word_1_652' title='bbox 3573 3293 3759 3371; x_wconf 73' lang='grc' dir='ltr'>τετράο</span> 
     </span>
    </p>
   </div>
   <div class='ocr_carea' id='block_1_83' title="bbox 2117 3375 3757 3456">
    <p class='ocr_par' dir='ltr' id='par_1_83' title="bbox 2117 3375 3757 3456">
     <span class='ocr_line' id='line_1_85' title="bbox 2117 3375 3757 3456; baseline 0 -22"><span class='ocrx_word' id='word_1_653' title='bbox 2117 3375 2278 3453; x_wconf 76' lang='grc' dir='ltr'>ποδα,</span> <span class='ocrx_word' id='word_1_654' title='bbox 2323 3378 2409 3433; x_wconf 73' lang='grc' dir='ltr'>καὶ</span> <span class='ocrx_word' id='word_1_655' title='bbox 2458 3378 2521 3433; x_wconf 77' lang='grc' dir='ltr'><strong>τὰ</strong></span> <span class='ocrx_word' id='word_1_656' title='bbox 2563 3378 2755 3456; x_wconf 80' lang='grc' dir='ltr'>ἐρπτὰ,</span> <span class='ocrx_word' id='word_1_657' title='bbox 2806 3383 2892 3436; x_wconf 82' lang='grc' dir='ltr'><strong>καὶ</strong></span> <span class='ocrx_word' id='word_1_658' title='bbox 2923 3380 2988 3435; x_wconf 80' lang='grc' dir='ltr'><strong>τὰ</strong></span> <span class='ocrx_word' id='word_1_659' title='bbox 3013 3381 3232 3437; x_wconf 82' lang='grc' dir='ltr'>πετεινὰ</span> <span class='ocrx_word' id='word_1_660' title='bbox 3262 3388 3355 3439; x_wconf 81' lang='grc' dir='ltr'>τοῦ</span> <span class='ocrx_word' id='word_1_661' title='bbox 3387 3380 3633 3451; x_wconf 72' lang='grc' dir='ltr'>πλήθους</span> <span class='ocrx_word' id='word_1_662' title='bbox 3662 3389 3757 3437; x_wconf 79' lang='grc' dir='ltr'>τῶν</span> 
     </span>
    </p>
   </div>
   <div class='ocr_carea' id='block_1_84' title="bbox 2115 3466 3758 3551">
    <p class='ocr_par' dir='ltr' id='par_1_84' title="bbox 2115 3466 3758 3551">
     <span class='ocr_line' id='line_1_86' title="bbox 2115 3466 3758 3551; baseline 0.002 -29"><span class='ocrx_word' id='word_1_663' title='bbox 2115 3468 2251 3541; x_wconf 86' lang='grc' dir='ltr'>μετᾶ</span> <span class='ocrx_word' id='word_1_664' title='bbox 2320 3466 2610 3544; x_wconf 80' lang='grc' dir='ltr'>Κορνηλίου</span> <span class='ocrx_word' id='word_1_665' title='bbox 2688 3467 2997 3542; x_wconf 80' lang='grc' dir='ltr'>μελλόντων</span> <span class='ocrx_word' id='word_1_666' title='bbox 3068 3469 3399 3551; x_wconf 77' lang='grc' dir='ltr'>ἐπιστρέφειν</span> <span class='ocrx_word' id='word_1_667' title='bbox 3471 3473 3758 3551; x_wconf 72' lang='grc' dir='ltr'>τεκμήριον</span> 
     </span>
    </p>
   </div>
   <div class='ocr_carea' id='block_1_85' title="bbox 2114 3555 3750 3640">
    <p class='ocr_par' dir='ltr' id='par_1_85' title="bbox 2114 3555 3750 3640">
     <span class='ocr_line' id='line_1_87' title="bbox 2114 3555 3750 3640; baseline 0.004 -28"><span class='ocrx_word' id='word_1_668' title='bbox 2114 3556 2180 3623; x_wconf 82' lang='grc' dir='ltr'><strong>ἧν</strong></span> <span class='ocrx_word' id='word_1_669' title='bbox 2211 3572 2227 3588; x_wconf 78' lang='grc'>⁸</span> <span class='ocrx_word' id='word_1_670' title='bbox 2288 3558 2350 3613; x_wconf 84' lang='grc' dir='ltr'>τὸ</span> <span class='ocrx_word' id='word_1_671' title='bbox 2394 3555 2450 3612; x_wconf 80' lang='grc' dir='ltr'><strong>δὲ</strong></span> <span class='ocrx_word' id='word_1_672' title='bbox 2495 3558 2581 3613; x_wconf 72' lang='grc' dir='ltr'>οιαὶ</span> <span class='ocrx_word' id='word_1_673' title='bbox 2621 3559 2731 3633; x_wconf 78' lang='grc' dir='ltr'>τρὶς</span> <span class='ocrx_word' id='word_1_674' title='bbox 2788 3559 3028 3615; x_wconf 84' lang='grc' dir='ltr'>καθίσθαι</span> <span class='ocrx_word' id='word_1_675' title='bbox 3070 3567 3165 3616; x_wconf 80' lang='grc' dir='ltr'><strong>τοῦ</strong></span> <span class='ocrx_word' id='word_1_676' title='bbox 3196 3560 3419 3640; x_wconf 69' lang='grc' dir='ltr'>οὐρανοῦ</span> <span class='ocrx_word' id='word_1_677' title='bbox 3452 3563 3513 3618; x_wconf 80' lang='grc' dir='ltr'><strong>τὸ</strong></span> <span class='ocrx_word' id='word_1_678' title='bbox 3549 3570 3750 3637; x_wconf 78' lang='grc' dir='ltr'>σκεῦος,</span> 
     </span>
    </p>
   </div>
   <div class='ocr_carea' id='block_1_86' title="bbox 2113 3646 3753 3724">
    <p class='ocr_par' dir='ltr' id='par_1_86' title="bbox 2113 3646 3753 3724">
     <span class='ocr_line' id='line_1_88' title="bbox 2113 3646 3753 3724; baseline 0.003 -22"><span class='ocrx_word' id='word_1_679' title='bbox 2113 3647 2176 3703; x_wconf 81' lang='grc' dir='ltr'>τὸ</span> <span class='ocrx_word' id='word_1_680' title='bbox 2236 3646 2452 3724; x_wconf 81' lang='grc' dir='ltr'>τρισσὸν</span> <span class='ocrx_word' id='word_1_681' title='bbox 2505 3651 2604 3713; x_wconf 78' lang='grc' dir='ltr'>τῆς</span> <span class='ocrx_word' id='word_1_682' title='bbox 2661 3647 2714 3702; x_wconf 69' lang='grc' dir='ltr'>ἓν</span> <span class='ocrx_word' id='word_1_683' title='bbox 2760 3654 2837 3720; x_wconf 83' lang='grc' dir='ltr'>τῷ</span> <span class='ocrx_word' id='word_1_684' title='bbox 2885 3648 3227 3724; x_wconf 82' lang='grc' dir='ltr'>βαπτίσματϊ</span> <span class='ocrx_word' id='word_1_685' title='bbox 3279 3649 3624 3710; x_wconf 71' lang='grc' dir='ltr'>καταδύσεως</span> <span class='ocrx_word' id='word_1_686' title='bbox 3654 3654 3753 3707; x_wconf 78' lang='grc' dir='ltr'><strong>ὓπ-</strong></span> 
     </span>
    </p>
   </div>
   <div class='ocr_carea' id='block_1_87' title="bbox 2114 3734 3749 3818">
    <p class='ocr_par' dir='ltr' id='par_1_87' title="bbox 2114 3734 3749 3818">
     <span class='ocr_line' id='line_1_89' title="bbox 2114 3734 3749 3818; baseline 0.003 -28"><span class='ocrx_word' id='word_1_687' title='bbox 2114 3737 2356 3812; x_wconf 80' lang='grc' dir='ltr'>ῃνίττετο</span> <span class='ocrx_word' id='word_1_688' title='bbox 2389 3754 2404 3771; x_wconf 78' lang='grc'><strong>⁸</strong></span> <span class='ocrx_word' id='word_1_689' title='bbox 2464 3737 2520 3793; x_wconf 77' lang='grc' dir='ltr'><strong>τὸ</strong></span> <span class='ocrx_word' id='word_1_690' title='bbox 2560 3734 2614 3792; x_wconf 76' lang='grc' dir='ltr'><strong>δὲ</strong></span> <span class='ocrx_word' id='word_1_691' title='bbox 2657 3738 3027 3814; x_wconf 78' lang='grc' dir='ltr'>κεκαθαρίσθαι</span> <span class='ocrx_word' id='word_1_692' title='bbox 3089 3741 3221 3797; x_wconf 78' lang='grc' dir='ltr'>αὖτὰ</span> <span class='ocrx_word' id='word_1_693' title='bbox 3260 3741 3403 3818; x_wconf 70' lang='grc' dir='ltr'>παρὰ</span> <span class='ocrx_word' id='word_1_694' title='bbox 3448 3748 3543 3797; x_wconf 79' lang='grc' dir='ltr'>τοῦ</span> <span class='ocrx_word' id='word_1_695' title='bbox 3604 3746 3749 3813; x_wconf 72' lang='grc' dir='ltr'>Θεοῦ,</span> 
     </span>
    </p>
   </div>
   <div class='ocr_carea' id='block_1_88' title="bbox 2113 3824 3752 3903">
    <p class='ocr_par' dir='ltr' id='par_1_88' title="bbox 2113 3824 3752 3903">
     <span class='ocr_line' id='line_1_90' title="bbox 2113 3824 3752 3903; baseline 0.001 -22"><span class='ocrx_word' id='word_1_696' title='bbox 2113 3827 2213 3893; x_wconf 81' lang='grc' dir='ltr'>τὴν</span> <span class='ocrx_word' id='word_1_697' title='bbox 2266 3824 2605 3893; x_wconf 77' lang='grc' dir='ltr'>δικαιοσύνην</span> <span class='ocrx_word' id='word_1_698' title='bbox 2662 3824 2958 3903; x_wconf 78' lang='grc' dir='ltr'>Κορνηλίου</span> <span class='ocrx_word' id='word_1_699' title='bbox 3015 3829 3103 3884; x_wconf 82' lang='grc' dir='ltr'><strong>καὶ</strong></span> <span class='ocrx_word' id='word_1_700' title='bbox 3136 3829 3227 3884; x_wconf 82' lang='grc' dir='ltr'>τὸν</span> <span class='ocrx_word' id='word_1_701' title='bbox 3260 3827 3408 3885; x_wconf 80' lang='grc' dir='ltr'>ἔλεον</span> <span class='ocrx_word' id='word_1_702' title='bbox 3462 3831 3559 3885; x_wconf 75' lang='grc' dir='ltr'>σὺν</span> <span class='ocrx_word' id='word_1_703' title='bbox 3605 3833 3752 3886; x_wconf 82' lang='grc' dir='ltr'>παντὶ</span> 
     </span>
    </p>
   </div>
   <div class='ocr_carea' id='block_1_89' title="bbox 2112 3912 3749 3995">
    <p class='ocr_par' dir='ltr' id='par_1_89' title="bbox 2112 3912 3749 3995">
     <span class='ocr_line' id='line_1_91' title="bbox 2112 3912 3749 3995; baseline 0.001 -24"><span class='ocrx_word' id='word_1_704' title='bbox 2112 3917 2189 3989; x_wconf 80' lang='grc' dir='ltr'><strong>τῷ</strong></span> <span class='ocrx_word' id='word_1_705' title='bbox 2240 3912 2379 3989; x_wconf 74' lang='grc' dir='ltr'>οῗκῳ</span> <span class='ocrx_word' id='word_1_706' title='bbox 2427 3913 2644 3985; x_wconf 79' lang='grc' dir='ltr'>ἐδήλου·</span> <span class='ocrx_word' id='word_1_707' title='bbox 2680 3917 2767 3972; x_wconf 83' lang='grc' dir='ltr'><strong>καὶ</strong></span> <span class='ocrx_word' id='word_1_708' title='bbox 2795 3916 2871 3979; x_wconf 82' lang='grc' dir='ltr'>ὡς</span> <span class='ocrx_word' id='word_1_709' title='bbox 2902 3913 3001 3995; x_wconf 79' lang='grc' dir='ltr'>ἄρα</span> <span class='ocrx_word' id='word_1_710' title='bbox 3034 3915 3210 3975; x_wconf 66' lang='grc' dir='ltr'>δεδιτοὶ</span> <span class='ocrx_word' id='word_1_711' title='bbox 3237 3918 3315 3992; x_wconf 82' lang='grc' dir='ltr'><strong>τῷ</strong></span> <span class='ocrx_word' id='word_1_712' title='bbox 3345 3924 3462 3993; x_wconf 81' lang='grc' dir='ltr'><strong>Θεῷ</strong></span> <span class='ocrx_word' id='word_1_713' title='bbox 3490 3920 3583 3976; x_wconf 82' lang='grc' dir='ltr'>καὶ</span> <span class='ocrx_word' id='word_1_714' title='bbox 3613 3939 3749 3977; x_wconf 87' lang='grc' dir='ltr'>οττοι</span> 
     </span>
    </p>
   </div>
   <div class='ocr_carea' id='block_1_90' title="bbox 2111 4005 2452 4083">
    <p class='ocr_par' dir='ltr' id='par_1_90' title="bbox 2111 4005 2452 4083">
     <span class='ocr_line' id='line_1_92' title="bbox 2111 4005 2452 4083; baseline 0 -24"><span class='ocrx_word' id='word_1_715' title='bbox 2111 4005 2452 4083; x_wconf 70' lang='grc' dir='ltr'>γεγένηνται,</span> 
     </span>
    </p>
   </div>
   <div class='ocr_carea' id='block_1_91' title="bbox 2192 4107 3742 4188">
    <p class='ocr_par' dir='ltr' id='par_1_91' title="bbox 2192 4107 3742 4188">
     <span class='ocr_line' id='line_1_93' title="bbox 2192 4107 3742 4188; baseline 0.004 -24"><span class='ocrx_word' id='word_1_716' title='bbox 2192 4107 2279 4168; x_wconf 82' lang='lat' dir='ltr'><strong>I&quot;.</strong></span> <span class='ocrx_word' id='word_1_717' title='bbox 2358 4108 2795 4185; x_wconf 70' lang='grc' dir='ltr'>Διενθυμουμένῳ</span> <span class='ocrx_word' id='word_1_718' title='bbox 2876 4111 3051 4167; x_wconf 82' lang='grc' dir='ltr'>τοίνυν</span> <span class='ocrx_word' id='word_1_719' title='bbox 3111 4116 3188 4184; x_wconf 88' lang='grc' dir='ltr'><strong>τῷ</strong></span> <span class='ocrx_word' id='word_1_720' title='bbox 3258 4111 3461 4188; x_wconf 73' lang='grc' dir='ltr'>Πέτρῳ,</span> <span class='ocrx_word' id='word_1_721' title='bbox 3524 4113 3616 4169; x_wconf 77' lang='grc' dir='ltr'><strong>καὶ</strong></span> <span class='ocrx_word' id='word_1_722' title='bbox 3671 4110 3742 4185; x_wconf 74' lang='grc' dir='ltr'><strong>μὴ</strong></span> 
     </span>
    </p>
   </div>
   <div class='ocr_carea' id='block_1_92' title="bbox 2106 4196 3740 4282">
    <p class='ocr_par' dir='ltr' id='par_1_92' title="bbox 2106 4196 3740 4282">
     <span class='ocr_line' id='line_1_94' title="bbox 2106 4196 3740 4282; baseline -0.001 -27"><span class='ocrx_word' id='word_1_723' title='bbox 2106 4211 2342 4256; x_wconf 76' lang='grc' dir='ltr'>συνεῖναι</span> <span class='ocrx_word' id='word_1_724' title='bbox 2400 4198 2495 4266; x_wconf 82' lang='grc' dir='ltr'><strong>τὴν</strong></span> <span class='ocrx_word' id='word_1_725' title='bbox 2544 4196 2668 4274; x_wconf 76' lang='grc' dir='ltr'>δ’ψιν</span> <span class='ocrx_word' id='word_1_726' title='bbox 2723 4197 2861 4275; x_wconf 78' lang='grc' dir='ltr'>μηδὲ</span> <span class='ocrx_word' id='word_1_727' title='bbox 2919 4197 3219 4275; x_wconf 75' lang='grc' dir='ltr'>συμϐαλεῖν</span> <span class='ocrx_word' id='word_1_728' title='bbox 3274 4201 3485 4282; x_wconf 75' lang='grc' dir='ltr'>ἔχοντι,</span> <span class='ocrx_word' id='word_1_729' title='bbox 3541 4203 3593 4257; x_wconf 77' lang='lat' dir='ltr'><strong>oi</strong></span> <span class='ocrx_word' id='word_1_730' title='bbox 3647 4202 3740 4256; x_wconf 77' lang='grc' dir='ltr'><strong>ὑπὸ</strong></span> 
     </span>
    </p>
   </div>
   <div class='ocr_carea' id='block_1_93' title="bbox 2110 4286 3732 4369">
    <p class='ocr_par' dir='ltr' id='par_1_93' title="bbox 2110 4286 3732 4369">
     <span class='ocr_line' id='line_1_95' title="bbox 2110 4286 3732 4369; baseline -0.001 -23"><span class='ocrx_word' id='word_1_731' title='bbox 2110 4286 2406 4366; x_wconf 83' lang='grc' dir='ltr'>Κορνηλίου</span> <span class='ocrx_word' id='word_1_732' title='bbox 2465 4287 2748 4353; x_wconf 80' lang='grc' dir='ltr'>σταλέντες</span> <span class='ocrx_word' id='word_1_733' title='bbox 2826 4291 2955 4369; x_wconf 77' lang='grc' dir='ltr'>πρὸς</span> <span class='ocrx_word' id='word_1_734' title='bbox 3013 4303 3135 4356; x_wconf 80' lang='grc' dir='ltr'>ταῖς</span> <span class='ocrx_word' id='word_1_735' title='bbox 3192 4293 3369 4368; x_wconf 80' lang='grc' dir='ltr'>θύραις</span> <span class='ocrx_word' id='word_1_736' title='bbox 3436 4291 3573 4357; x_wconf 77' lang='grc' dir='ltr'>ἧκον</span> <span class='ocrx_word' id='word_1_737' title='bbox 3616 4288 3732 4363; x_wconf 77' lang='grc' dir='ltr'>ἤδη,</span> 
     </span>
    </p>
   </div>
   <div class='ocr_carea' id='block_1_94' title="bbox 2105 4378 3735 4460">
    <p class='ocr_par' dir='ltr' id='par_1_94' title="bbox 2105 4378 3735 4460">
     <span class='ocr_line' id='line_1_96' title="bbox 2105 4378 3735 4460; baseline -0.001 -28"><span class='ocrx_word' id='word_1_738' title='bbox 2105 4379 2191 4434; x_wconf 84' lang='grc' dir='ltr'><strong>καὶ</strong></span> <span class='ocrx_word' id='word_1_739' title='bbox 2221 4380 2282 4434; x_wconf 82' lang='grc' dir='ltr'>τὸ</span> <span class='ocrx_word' id='word_1_740' title='bbox 2313 4384 2528 4454; x_wconf 72' lang='grc' dir='ltr'>Πνεῦμα</span> <span class='ocrx_word' id='word_1_741' title='bbox 2558 4378 2785 4437; x_wconf 75' lang='grc' dir='ltr'>ἔπιπτὰν</span> <span class='ocrx_word' id='word_1_742' title='bbox 2817 4379 3001 4437; x_wconf 73' lang='grc' dir='ltr'>αὖτίκα</span> <span class='ocrx_word' id='word_1_743' title='bbox 3033 4381 3133 4450; x_wconf 72' lang='grc' dir='ltr'><strong>τήν</strong></span> <span class='ocrx_word' id='word_1_744' title='bbox 3182 4401 3239 4436; x_wconf 87' lang='grc' dir='ltr'><strong>τε</strong></span> <span class='ocrx_word' id='word_1_745' title='bbox 3299 4380 3477 4460; x_wconf 76' lang='grc' dir='ltr'>ἄφιξιν</span> <span class='ocrx_word' id='word_1_746' title='bbox 3534 4380 3735 4436; x_wconf 64' lang='grc' dir='ltr'>ἐκείνων</span> 
     </span>
    </p>
   </div>
   <div class='ocr_carea' id='block_1_95' title="bbox 2401 4466 3731 4549">
    <p class='ocr_par' dir='ltr' id='par_1_95' title="bbox 2401 4466 3731 4549">
     <span class='ocr_line' id='line_1_97' title="bbox 2401 4466 3731 4549; baseline -0.001 -25"><span class='ocrx_word' id='word_1_747' title='bbox 2401 4470 2487 4524; x_wconf 86' lang='grc' dir='ltr'>καὶ</span> <span class='ocrx_word' id='word_1_748' title='bbox 2532 4466 2805 4526; x_wconf 82' lang='grc' dir='ltr'>συνελθεῖν</span> <span class='ocrx_word' id='word_1_749' title='bbox 2857 4471 3041 4534; x_wconf 68' lang='grc' dir='ltr'>αὐτοῖς</span> <span class='ocrx_word' id='word_1_750' title='bbox 3093 4470 3365 4549; x_wconf 77' lang='grc' dir='ltr'>ἐπιτρέπει</span> <span class='ocrx_word' id='word_1_751' title='bbox 3394 4471 3489 4527; x_wconf 80' lang='grc' dir='ltr'>τὸν</span> <span class='ocrx_word' id='word_1_752' title='bbox 3550 4470 3731 4548; x_wconf 78' lang='grc' dir='ltr'>Πέτρον</span> 
     </span>
    </p>
   </div>
   <div class='ocr_carea' id='block_1_96' title="bbox 382 4552 2040 4639">
    <p class='ocr_par' dir='ltr' id='par_1_96' title="bbox 382 4552 2012 4634">
     <span class='ocr_line' id='line_1_98' title="bbox 382 4552 2012 4634; baseline -0.001 -17"><span class='ocrx_word' id='word_1_753' title='bbox 382 4574 520 4617; x_wconf 90' lang='lat' dir='ltr'><strong>cum</strong></span> <span class='ocrx_word' id='word_1_754' title='bbox 548 4555 621 4616; x_wconf 89' lang='lat' dir='ltr'><strong>ad</strong></span> <span class='ocrx_word' id='word_1_755' title='bbox 648 4574 753 4617; x_wconf 89' lang='lat' dir='ltr'><strong>eos</strong></span> <span class='ocrx_word' id='word_1_756' title='bbox 783 4553 1216 4626; x_wconf 74' lang='lat' dir='ltr'><strong>descendisset,</strong></span> <span class='ocrx_word' id='word_1_757' title='bbox 1251 4573 1379 4634; x_wconf 71' lang='lat' dir='ltr'><strong>quae</strong></span> <span class='ocrx_word' id='word_1_758' title='bbox 1405 4553 1647 4615; x_wconf 85' lang='lat' dir='ltr'><strong>vidisset</strong></span> <span class='ocrx_word' id='word_1_759' title='bbox 1677 4552 2012 4630; x_wconf 87' lang='lat' dir='ltr'><strong>Cornelius,</strong></span> 
     </span>
    </p>
   </div>
   <div class='ocr_carea' id='block_1_97' title="bbox 2121 4552 3727 4639">
    <p class='ocr_par' dir='ltr' id='par_1_97' title="bbox 2121 4555 3727 4639">
     <span class='ocr_line' id='line_1_99' title="bbox 2121 4555 3727 4639; baseline 0 -25"><span class='ocrx_word' id='word_1_760' title='bbox 2121 4557 2280 4631; x_wconf 63' lang='grc' dir='ltr'>μηδὲν</span> <span class='ocrx_word' id='word_1_761' title='bbox 2339 4555 2762 4635; x_wconf 83' lang='grc' dir='ltr'>διακρινόμενον.</span> <span class='ocrx_word' id='word_1_762' title='bbox 2809 4559 2939 4615; x_wconf 82' lang='grc' dir='ltr'>Τότε</span> <span class='ocrx_word' id='word_1_763' title='bbox 2969 4560 3067 4634; x_wconf 79' lang='grc' dir='ltr'>μὲν</span> <span class='ocrx_word' id='word_1_764' title='bbox 3095 4558 3160 4627; x_wconf 77' lang='grc' dir='ltr'><strong>δὴ</strong></span> <span class='ocrx_word' id='word_1_765' title='bbox 3193 4561 3319 4639; x_wconf 75' lang='grc' dir='ltr'>πρὸς</span> <span class='ocrx_word' id='word_1_766' title='bbox 3352 4561 3541 4625; x_wconf 74' lang='grc' dir='ltr'>αὐτοὺς</span> <span class='ocrx_word' id='word_1_767' title='bbox 3575 4580 3727 4616; x_wconf 62' lang='lat'><strong>4111-</strong></span> 
     </span>
    </p>
   </div>
   <div class='ocr_carea' id='block_1_98' title="bbox 381 4642 2017 4723">
    <p class='ocr_par' dir='ltr' id='par_1_98' title="bbox 381 4642 2017 4723">
     <span class='ocr_line' id='line_1_100' title="bbox 381 4642 2017 4723; baseline 0 -17"><span class='ocrx_word' id='word_1_768' title='bbox 381 4651 441 4706; x_wconf 91' lang='lat' dir='ltr'><strong>et</strong></span> <span class='ocrx_word' id='word_1_769' title='bbox 472 4663 606 4723; x_wconf 68' lang='lat' dir='ltr'><strong>quas</strong></span> <span class='ocrx_word' id='word_1_770' title='bbox 624 4642 695 4705; x_wconf 92' lang='lat' dir='ltr'><strong>ab</strong></span> <span class='ocrx_word' id='word_1_771' title='bbox 714 4643 921 4723; x_wconf 79' lang='lat' dir='ltr'><strong>angelo</strong></span> <span class='ocrx_word' id='word_1_772' title='bbox 946 4643 1497 4710; x_wconf 83' lang='lat' dir='ltr'><strong>audivisset,omnia</strong></span> <span class='ocrx_word' id='word_1_773' title='bbox 1515 4644 1879 4705; x_wconf 88' lang='lat' dir='ltr'><strong>renuntiant.</strong></span> <span class='ocrx_word' id='word_1_774' title='bbox 1906 4647 2017 4707; x_wconf 86' lang='lat' dir='ltr'><strong>Ita-</strong></span> 
     </span>
    </p>
   </div>
   <div class='ocr_carea' id='block_1_99' title="bbox 379 4732 2016 4817">
    <p class='ocr_par' dir='ltr' id='par_1_99' title="bbox 379 4732 2016 4817">
     <span class='ocr_line' id='line_1_101' title="bbox 379 4732 2016 4817; baseline 0.001 -21"><span class='ocrx_word' id='word_1_775' title='bbox 379 4754 497 4817; x_wconf 92' lang='lat' dir='ltr'><strong>que</strong></span> <span class='ocrx_word' id='word_1_776' title='bbox 520 4735 616 4797; x_wconf 92' lang='lat' dir='ltr'><strong>die</strong></span> <span class='ocrx_word' id='word_1_777' title='bbox 635 4733 913 4810; x_wconf 89' lang='lat' dir='ltr'><strong>sequenti</strong></span> <span class='ocrx_word' id='word_1_778' title='bbox 932 4732 1107 4793; x_wconf 86' lang='lat' dir='ltr'><strong>simul</strong></span> <span class='ocrx_word' id='word_1_779' title='bbox 1128 4732 1373 4793; x_wconf 86' lang='lat' dir='ltr'><strong>veniunt</strong></span> <span class='ocrx_word' id='word_1_780' title='bbox 1393 4736 1746 4796; x_wconf 70' lang='lat' dir='ltr'><strong>Caesaream.</strong></span> <span class='ocrx_word' id='word_1_781' title='bbox 1765 4734 1910 4796; x_wconf 90' lang='lat' dir='ltr'><strong>Cum</strong></span> <span class='ocrx_word' id='word_1_782' title='bbox 1930 4734 2016 4797; x_wconf 90' lang='lat' dir='ltr'><strong>eis</strong></span> 
     </span>
    </p>
   </div>
   <div class='ocr_carea' id='block_1_100' title="bbox 378 4822 2017 4904">
    <p class='ocr_par' dir='ltr' id='par_1_100' title="bbox 378 4822 2017 4904">
     <span class='ocr_line' id='line_1_102' title="bbox 378 4822 2017 4904; baseline -0.001 -17"><span class='ocrx_word' id='word_1_783' title='bbox 378 4834 582 4887; x_wconf 90' lang='lat' dir='ltr'><strong>autem</strong></span> <span class='ocrx_word' id='word_1_784' title='bbox 616 4825 850 4886; x_wconf 85' lang='lat' dir='ltr'><strong>obviam</strong></span> <span class='ocrx_word' id='word_1_785' title='bbox 876 4822 1272 4903; x_wconf 87' lang='lat' dir='ltr'><strong>processisset</strong></span> <span class='ocrx_word' id='word_1_786' title='bbox 1292 4822 1628 4894; x_wconf 87' lang='lat' dir='ltr'><strong>Cornelius,</strong></span> <span class='ocrx_word' id='word_1_787' title='bbox 1650 4835 1707 4883; x_wconf 86' lang='lat' dir='ltr'><strong>et</strong></span> <span class='ocrx_word' id='word_1_788' title='bbox 1731 4824 2017 4904; x_wconf 80' lang='lat' dir='ltr'><strong>procidis.</strong></span> 
     </span>
    </p>
   </div>
   <div class='ocr_carea' id='block_1_101' title="bbox 375 4910 2016 4994">
    <p class='ocr_par' dir='ltr' id='par_1_101' title="bbox 375 4910 2016 4994">
     <span class='ocr_line' id='line_1_103' title="bbox 375 4910 2016 4994; baseline 0.001 -19"><span class='ocrx_word' id='word_1_789' title='bbox 375 4921 467 4976; x_wconf 91' lang='lat' dir='ltr'><strong>set</strong></span> <span class='ocrx_word' id='word_1_790' title='bbox 486 4913 560 4975; x_wconf 88' lang='lat' dir='ltr'><strong>ad</strong></span> <span class='ocrx_word' id='word_1_791' title='bbox 583 4914 714 4994; x_wconf 90' lang='lat' dir='ltr'><strong>ejus</strong></span> <span class='ocrx_word' id='word_1_792' title='bbox 732 4912 938 4994; x_wconf 91' lang='lat' dir='ltr'><strong>pedes,</strong></span> <span class='ocrx_word' id='word_1_793' title='bbox 966 4912 1137 4991; x_wconf 80' lang='lat' dir='ltr'><strong>erigit</strong></span> <span class='ocrx_word' id='word_1_794' title='bbox 1159 4929 1294 4973; x_wconf 89' lang='lat' dir='ltr'><strong>eum</strong></span> <span class='ocrx_word' id='word_1_795' title='bbox 1321 4910 1550 4985; x_wconf 88' lang='lat' dir='ltr'><strong>Petrus,</strong></span> <span class='ocrx_word' id='word_1_796' title='bbox 1573 4912 1817 4975; x_wconf 90' lang='lat' dir='ltr'><strong>dicens:</strong></span> <span class='ocrx_word' id='word_1_797' title='bbox 1845 4935 1868 4971; x_wconf 79' lang='grc' dir='ltr'>(ι</span> <span class='ocrx_word' id='word_1_798' title='bbox 1897 4916 2016 4994; x_wconf 88' lang='lat' dir='ltr'><strong>Ego</strong></span> 
     </span>
    </p>
   </div>
   <div class='ocr_carea' id='block_1_102' title="bbox 375 5001 2017 5084">
    <p class='ocr_par' dir='ltr' id='par_1_102' title="bbox 375 5001 2017 5084">
     <span class='ocr_line' id='line_1_104' title="bbox 375 5001 2017 5084; baseline 0 -19"><span class='ocrx_word' id='word_1_799' title='bbox 375 5021 614 5084; x_wconf 91' lang='lat' dir='ltr'><strong>quoque</strong></span> <span class='ocrx_word' id='word_1_800' title='bbox 638 5021 767 5066; x_wconf 93' lang='lat' dir='ltr'><strong>sum</strong></span> <span class='ocrx_word' id='word_1_801' title='bbox 793 5002 997 5067; x_wconf 89' lang='lat' dir='ltr'><strong>homo.</strong></span> <span class='ocrx_word' id='word_1_802' title='bbox 1028 5022 1056 5061; x_wconf 72' lang='grc' dir='ltr'><strong>ι</strong></span> <span class='ocrx_word' id='word_1_803' title='bbox 1094 5001 1326 5064; x_wconf 90' lang='lat' dir='ltr'><strong>Deinde</strong></span> <span class='ocrx_word' id='word_1_804' title='bbox 1358 5020 1492 5062; x_wconf 90' lang='lat' dir='ltr'><strong>cum</strong></span> <span class='ocrx_word' id='word_1_805' title='bbox 1526 5001 1583 5063; x_wconf 89' lang='lat' dir='ltr'><strong>in</strong></span> <span class='ocrx_word' id='word_1_806' title='bbox 1619 5019 1690 5064; x_wconf 91' lang='lat' dir='ltr'><strong>eo</strong></span> <span class='ocrx_word' id='word_1_807' title='bbox 1721 5003 2017 5067; x_wconf 90' lang='lat' dir='ltr'><strong>seminas-</strong></span> 
     </span>
    </p>
   </div>
   <div class='ocr_carea' id='block_1_103' title="bbox 373 5091 2018 5174">
    <p class='ocr_par' dir='ltr' id='par_1_103' title="bbox 373 5091 2018 5174">
     <span class='ocr_line' id='line_1_105' title="bbox 373 5091 2018 5174; baseline 0.001 -20"><span class='ocrx_word' id='word_1_808' title='bbox 373 5101 463 5155; x_wconf 89' lang='lat' dir='ltr'><strong>set</strong></span> <span class='ocrx_word' id='word_1_809' title='bbox 489 5092 733 5155; x_wconf 85' lang='lat' dir='ltr'><strong>verbum</strong></span> <span class='ocrx_word' id='word_1_810' title='bbox 769 5092 1033 5173; x_wconf 91' lang='lat' dir='ltr'><strong>pietatis,</strong></span> <span class='ocrx_word' id='word_1_811' title='bbox 1071 5099 1128 5153; x_wconf 90' lang='lat' dir='ltr'><strong>et</strong></span> <span class='ocrx_word' id='word_1_812' title='bbox 1159 5098 1220 5152; x_wconf 88' lang='lat' dir='ltr'><strong>in</strong></span> <span class='ocrx_word' id='word_1_813' title='bbox 1252 5091 1470 5153; x_wconf 86' lang='lat' dir='ltr'><strong>animis</strong></span> <span class='ocrx_word' id='word_1_814' title='bbox 1501 5110 1709 5154; x_wconf 88' lang='lat' dir='ltr'><strong>eorum</strong></span> <span class='ocrx_word' id='word_1_815' title='bbox 1741 5093 1842 5174; x_wconf 88' lang='lat' dir='ltr'><strong>qui</strong></span> <span class='ocrx_word' id='word_1_816' title='bbox 1871 5113 2018 5156; x_wconf 91' lang='lat' dir='ltr'><strong>con-</strong></span> 
     </span>
    </p>
   </div>
   <div class='ocr_carea' id='block_1_104' title="bbox 373 5178 2016 5263">
    <p class='ocr_par' dir='ltr' id='par_1_104' title="bbox 373 5178 2016 5263">
     <span class='ocr_line' id='line_1_106' title="bbox 373 5178 2016 5263; baseline 0.002 -21"><span class='ocrx_word' id='word_1_817' title='bbox 373 5190 678 5257; x_wconf 85' lang='lat' dir='ltr'><strong>venerant,</strong></span> <span class='ocrx_word' id='word_1_818' title='bbox 717 5190 1027 5263; x_wconf 88' lang='lat' dir='ltr'><strong>postquam</strong></span> <span class='ocrx_word' id='word_1_819' title='bbox 1062 5180 1205 5242; x_wconf 90' lang='lat' dir='ltr'><strong>vidit</strong></span> <span class='ocrx_word' id='word_1_820' title='bbox 1248 5178 1506 5261; x_wconf 88' lang='lat' dir='ltr'><strong>Spiritus</strong></span> <span class='ocrx_word' id='word_1_821' title='bbox 1538 5182 1784 5261; x_wconf 81' lang='lat' dir='ltr'><strong>gratiam</strong></span> <span class='ocrx_word' id='word_1_822' title='bbox 1817 5181 1877 5243; x_wconf 91' lang='lat' dir='ltr'><strong>in</strong></span> <span class='ocrx_word' id='word_1_823' title='bbox 1913 5201 2016 5246; x_wconf 83' lang='lat' dir='ltr'><strong>eos</strong></span> 
     </span>
    </p>
   </div>
   <div class='ocr_carea' id='block_1_105' title="bbox 369 5270 2006 5352">
    <p class='ocr_par' dir='ltr' id='par_1_105' title="bbox 369 5270 2006 5352">
     <span class='ocr_line' id='line_1_107' title="bbox 369 5270 2006 5352; baseline 0.002 -20"><span class='ocrx_word' id='word_1_824' title='bbox 369 5271 672 5352; x_wconf 89' lang='lat' dir='ltr'><strong>illapsum,</strong></span> <span class='ocrx_word' id='word_1_825' title='bbox 721 5280 781 5333; x_wconf 92' lang='lat' dir='ltr'><strong>et</strong></span> <span class='ocrx_word' id='word_1_826' title='bbox 826 5270 1188 5352; x_wconf 90' lang='lat' dir='ltr'><strong>baptismum</strong></span> <span class='ocrx_word' id='word_1_827' title='bbox 1242 5271 1722 5352; x_wconf 59' lang='lat' dir='ltr'><strong>praecipientem,</strong></span> <span class='ocrx_word' id='word_1_828' title='bbox 1782 5288 1886 5334; x_wconf 91' lang='lat' dir='ltr'><strong>eos</strong></span> <span class='ocrx_word' id='word_1_829' title='bbox 1935 5273 2006 5335; x_wconf 90' lang='lat' dir='ltr'><strong>ad</strong></span> 
     </span>
    </p>
   </div>
   <div class='ocr_carea' id='block_1_106' title="bbox 370 5360 1645 5441">
    <p class='ocr_par' dir='ltr' id='par_1_106' title="bbox 370 5360 1645 5441">
     <span class='ocr_line' id='line_1_108' title="bbox 370 5360 1645 5441; baseline 0.002 -20"><span class='ocrx_word' id='word_1_830' title='bbox 370 5362 679 5423; x_wconf 88' lang='lat' dir='ltr'><strong>veritatem</strong></span> <span class='ocrx_word' id='word_1_831' title='bbox 712 5360 979 5434; x_wconf 90' lang='lat' dir='ltr'><strong>deducit,</strong></span> <span class='ocrx_word' id='word_1_832' title='bbox 1015 5368 1072 5423; x_wconf 90' lang='lat' dir='ltr'><strong>et</strong></span> <span class='ocrx_word' id='word_1_833' title='bbox 1098 5360 1396 5441; x_wconf 90' lang='lat' dir='ltr'><strong>baptismo</strong></span> <span class='ocrx_word' id='word_1_834' title='bbox 1428 5362 1645 5425; x_wconf 86' lang='lat' dir='ltr'><strong>initiat.</strong></span> 
     </span>
    </p>
   </div>
   <div class='ocr_carea' id='block_1_107' title="bbox 2108 4646 3722 4727">
    <p class='ocr_par' dir='ltr' id='par_1_107' title="bbox 2108 4646 3722 4727">
     <span class='ocr_line' id='line_1_109' title="bbox 2108 4646 3722 4727; baseline -0.001 -23"><span class='ocrx_word' id='word_1_835' title='bbox 2108 4646 2258 4704; x_wconf 80' lang='grc' dir='ltr'>ϐάντι</span> <span class='ocrx_word' id='word_1_836' title='bbox 2291 4646 2389 4704; x_wconf 82' lang='grc' dir='ltr'><strong>ὅσα</strong></span> <span class='ocrx_word' id='word_1_837' title='bbox 2419 4669 2476 4706; x_wconf 87' lang='grc' dir='ltr'><strong>τε</strong></span> <span class='ocrx_word' id='word_1_838' title='bbox 2525 4647 2818 4727; x_wconf 76' lang='grc' dir='ltr'>Κορνήλιος</span> <span class='ocrx_word' id='word_1_839' title='bbox 2866 4647 2971 4705; x_wconf 78' lang='grc' dir='ltr'>ἴδοι</span> <span class='ocrx_word' id='word_1_840' title='bbox 3026 4651 3112 4706; x_wconf 81' lang='grc' dir='ltr'>καὶ</span> <span class='ocrx_word' id='word_1_841' title='bbox 3144 4649 3242 4707; x_wconf 83' lang='grc' dir='ltr'>ὅσα</span> <span class='ocrx_word' id='word_1_842' title='bbox 3280 4652 3423 4727; x_wconf 81' lang='grc' dir='ltr'>παρὰ</span> <span class='ocrx_word' id='word_1_843' title='bbox 3448 4652 3545 4707; x_wconf 79' lang='grc' dir='ltr'>τοῦ</span> <span class='ocrx_word' id='word_1_844' title='bbox 3574 4648 3722 4727; x_wconf 75' lang='grc' dir='ltr'>ἀγγέ-</span> 
     </span>
    </p>
   </div>
   <div class='ocr_carea' id='block_1_108' title="bbox 2109 4736 3727 4817">
    <p class='ocr_par' dir='ltr' id='par_1_108' title="bbox 2109 4736 3727 4817">
     <span class='ocr_line' id='line_1_110' title="bbox 2109 4736 3727 4817; baseline -0.001 -23"><span class='ocrx_word' id='word_1_845' title='bbox 2109 4736 2203 4794; x_wconf 86' lang='grc' dir='ltr'><strong>λου</strong></span> <span class='ocrx_word' id='word_1_846' title='bbox 2251 4738 2553 4817; x_wconf 79' lang='grc' dir='ltr'>ἀκούσειεν,</span> <span class='ocrx_word' id='word_1_847' title='bbox 2614 4737 3043 4816; x_wconf 82' lang='grc' dir='ltr'>ἀπαγγέλλουσιν</span> <span class='ocrx_word' id='word_1_848' title='bbox 3100 4739 3244 4815; x_wconf 80' lang='grc' dir='ltr'><strong>αὖτῷ</strong></span> <span class='ocrx_word' id='word_1_849' title='bbox 3303 4740 3499 4816; x_wconf 80' lang='grc' dir='ltr'>πάντα,</span> <span class='ocrx_word' id='word_1_850' title='bbox 3559 4741 3727 4812; x_wconf 79' lang='grc' dir='ltr'><strong>καίτῇ</strong></span> 
     </span>
    </p>
   </div>
   <div class='ocr_carea' id='block_1_109' title="bbox 2111 4826 3721 4907">
    <p class='ocr_par' dir='ltr' id='par_1_109' title="bbox 2111 4826 3721 4907">
     <span class='ocr_line' id='line_1_111' title="bbox 2111 4826 3721 4907; baseline -0.001 -24"><span class='ocrx_word' id='word_1_851' title='bbox 2111 4826 2230 4896; x_wconf 75' lang='grc' dir='ltr'><strong>ἑξῆς</strong></span> <span class='ocrx_word' id='word_1_852' title='bbox 2274 4827 2361 4884; x_wconf 82' lang='grc' dir='ltr'>ἐπὶ</span> <span class='ocrx_word' id='word_1_853' title='bbox 2424 4828 2741 4906; x_wconf 82' lang='grc' dir='ltr'>Καισάρειαν</span> <span class='ocrx_word' id='word_1_854' title='bbox 2799 4827 3164 4907; x_wconf 76' lang='grc' dir='ltr'>ἀφικνοῦνται.</span> <span class='ocrx_word' id='word_1_855' title='bbox 3227 4832 3721 4906; x_wconf 73' lang='grc' dir='ltr'>Προϋπαντήσαντος</span> 
     </span>
    </p>
   </div>
   <div class='ocr_carea' id='block_1_110' title="bbox 2108 4915 3720 4997">
    <p class='ocr_par' dir='ltr' id='par_1_110' title="bbox 2108 4915 3720 4997">
     <span class='ocr_line' id='line_1_112' title="bbox 2108 4915 3720 4997; baseline 0.001 -25"><span class='ocrx_word' id='word_1_856' title='bbox 2108 4915 2163 4972; x_wconf 74' lang='grc' dir='ltr'><strong>δὲ</strong></span> <span class='ocrx_word' id='word_1_857' title='bbox 2224 4915 2516 4996; x_wconf 80' lang='grc' dir='ltr'>Κορνηλίου</span> <span class='ocrx_word' id='word_1_858' title='bbox 2573 4919 2661 4973; x_wconf 82' lang='grc' dir='ltr'>καὶ</span> <span class='ocrx_word' id='word_1_859' title='bbox 2704 4916 2962 4980; x_wconf 86' lang='grc' dir='ltr'>πεσόντος</span> <span class='ocrx_word' id='word_1_860' title='bbox 2994 4920 3125 4997; x_wconf 81' lang='grc' dir='ltr'>πρὸς</span> <span class='ocrx_word' id='word_1_861' title='bbox 3181 4919 3301 4984; x_wconf 81' lang='grc' dir='ltr'>τοὺς</span> <span class='ocrx_word' id='word_1_862' title='bbox 3354 4919 3523 4983; x_wconf 74' lang='grc' dir='ltr'>πόδας</span> <span class='ocrx_word' id='word_1_863' title='bbox 3555 4923 3720 4994; x_wconf 69' lang='grc' dir='ltr'>αὒτοῦ,</span> 
     </span>
    </p>
   </div>
   <div class='ocr_carea' id='block_1_111' title="bbox 2101 5006 3723 5088">
    <p class='ocr_par' dir='ltr' id='par_1_111' title="bbox 2101 5006 3723 5088">
     <span class='ocr_line' id='line_1_113' title="bbox 2101 5006 3723 5088; baseline 0.002 -25"><span class='ocrx_word' id='word_1_864' title='bbox 2101 5007 2379 5075; x_wconf 78' lang='grc' dir='ltr'>ἀνίστησιν</span> <span class='ocrx_word' id='word_1_865' title='bbox 2440 5007 2594 5066; x_wconf 74' lang='grc' dir='ltr'>αὐτὸν</span> <span class='ocrx_word' id='word_1_866' title='bbox 2657 5006 2855 5084; x_wconf 74' lang='grc' dir='ltr'>Πέτρος</span> <span class='ocrx_word' id='word_1_867' title='bbox 2889 5023 2905 5039; x_wconf 85' lang='grc'><strong>⁰</strong></span> <span class='ocrx_word' id='word_1_868' title='bbox 2958 5030 2986 5063; x_wconf 77' lang='grc' dir='ltr'><strong>α</strong></span> <span class='ocrx_word' id='word_1_869' title='bbox 3038 5008 3199 5087; x_wconf 81' lang='grc' dir='ltr'>Κάγὼ</span> <span class='ocrx_word' id='word_1_870' title='bbox 3239 5008 3399 5073; x_wconf 70' lang='grc' dir='ltr'>αὐτὸς</span> <span class='ocrx_word' id='word_1_871' title='bbox 3467 5007 3723 5088; x_wconf 73' lang='grc' dir='ltr'>ἅνθρωπός</span> 
     </span>
    </p>
   </div>
   <div class='ocr_carea' id='block_1_112' title="bbox 2100 5095 3721 5173">
    <p class='ocr_par' dir='ltr' id='par_1_112' title="bbox 2100 5095 3721 5173">
     <span class='ocr_line' id='line_1_114' title="bbox 2100 5095 3721 5173; baseline -0.001 -21"><span class='ocrx_word' id='word_1_872' title='bbox 2100 5098 2234 5171; x_wconf 77' lang='grc' dir='ltr'>εἶμι,</span> <span class='ocrx_word' id='word_1_873' title='bbox 2270 5120 2297 5152; x_wconf 68' lang='grc' dir='ltr'>ι»</span> <span class='ocrx_word' id='word_1_874' title='bbox 2336 5096 2520 5154; x_wconf 75' lang='grc' dir='ltr'>εἰπών.</span> <span class='ocrx_word' id='word_1_875' title='bbox 2554 5099 2689 5153; x_wconf 81' lang='grc' dir='ltr'>Εἶτα</span> <span class='ocrx_word' id='word_1_876' title='bbox 2732 5097 2824 5152; x_wconf 81' lang='grc' dir='ltr'><strong>τὸν</strong></span> <span class='ocrx_word' id='word_1_877' title='bbox 2874 5095 3038 5173; x_wconf 80' lang='grc' dir='ltr'>λόγον</span> <span class='ocrx_word' id='word_1_878' title='bbox 3064 5104 3163 5165; x_wconf 80' lang='grc' dir='ltr'>τῆς</span> <span class='ocrx_word' id='word_1_879' title='bbox 3196 5095 3463 5160; x_wconf 77' lang='grc' dir='ltr'>εὐσεϐείας</span> <span class='ocrx_word' id='word_1_880' title='bbox 3497 5099 3640 5173; x_wconf 62' lang='grc' dir='ltr'><strong>ώτῷ</strong></span> <span class='ocrx_word' id='word_1_881' title='bbox 3673 5114 3721 5151; x_wconf 81' lang='grc' dir='ltr'><strong>τε</strong></span> 
     </span>
    </p>
   </div>
   <div class='ocr_carea' id='block_1_113' title="bbox 2097 5184 3721 5266">
    <p class='ocr_par' dir='ltr' id='par_1_113' title="bbox 2097 5184 3721 5266">
     <span class='ocr_line' id='line_1_115' title="bbox 2097 5184 3721 5266; baseline 0.003 -25"><span class='ocrx_word' id='word_1_882' title='bbox 2097 5187 2186 5242; x_wconf 83' lang='grc' dir='ltr'><strong>καὶ</strong></span> <span class='ocrx_word' id='word_1_883' title='bbox 2234 5199 2359 5250; x_wconf 76' lang='grc' dir='ltr'>ταῖς</span> <span class='ocrx_word' id='word_1_884' title='bbox 2402 5185 2509 5241; x_wconf 83' lang='grc' dir='ltr'><strong>τῶν</strong></span> <span class='ocrx_word' id='word_1_885' title='bbox 2541 5184 2977 5252; x_wconf 86' lang='grc' dir='ltr'>συνεληλυθότων</span> <span class='ocrx_word' id='word_1_886' title='bbox 3007 5189 3219 5266; x_wconf 78' lang='grc' dir='ltr'>ψυχαῖς</span> <span class='ocrx_word' id='word_1_887' title='bbox 3247 5190 3631 5261; x_wconf 79' lang='grc' dir='ltr'>κατασπείρας,</span> <span class='ocrx_word' id='word_1_888' title='bbox 3660 5187 3721 5246; x_wconf 79' lang='grc' dir='ltr'><strong>ὣς</strong></span> 
     </span>
    </p>
   </div>
   <div class='ocr_carea' id='block_1_114' title="bbox 2095 5275 3718 5356">
    <p class='ocr_par' dir='ltr' id='par_1_114' title="bbox 2095 5275 3718 5356">
     <span class='ocr_line' id='line_1_116' title="bbox 2095 5275 3718 5356; baseline 0 -23"><span class='ocrx_word' id='word_1_889' title='bbox 2095 5277 2185 5334; x_wconf 84' lang='grc' dir='ltr'>καὶ</span> <span class='ocrx_word' id='word_1_890' title='bbox 2241 5276 2341 5344; x_wconf 83' lang='grc' dir='ltr'>τὴν</span> <span class='ocrx_word' id='word_1_891' title='bbox 2396 5282 2489 5333; x_wconf 81' lang='grc' dir='ltr'><strong>τοῦ</strong></span> <span class='ocrx_word' id='word_1_892' title='bbox 2553 5276 2856 5351; x_wconf 85' lang='grc' dir='ltr'>Πνεύμονος</span> <span class='ocrx_word' id='word_1_893' title='bbox 2900 5276 3060 5356; x_wconf 80' lang='grc' dir='ltr'>χάριν</span> <span class='ocrx_word' id='word_1_894' title='bbox 3123 5275 3497 5356; x_wconf 69' lang='grc' dir='ltr'>ἐφιπταμὲνην</span> <span class='ocrx_word' id='word_1_895' title='bbox 3553 5277 3718 5334; x_wconf 68' lang='grc' dir='ltr'>αὐτοῖς</span> 
     </span>
    </p>
   </div>
   <div class='ocr_carea' id='block_1_115' title="bbox 2093 5363 3715 5446">
    <p class='ocr_par' dir='ltr' id='par_1_115' title="bbox 2093 5363 3715 5446">
     <span class='ocr_line' id='line_1_117' title="bbox 2093 5363 3715 5446; baseline 0 -25"><span class='ocrx_word' id='word_1_896' title='bbox 2093 5363 2205 5421; x_wconf 85' lang='grc' dir='ltr'>εἶδε</span> <span class='ocrx_word' id='word_1_897' title='bbox 2257 5367 2345 5421; x_wconf 80' lang='grc' dir='ltr'><strong>καὶ</strong></span> <span class='ocrx_word' id='word_1_898' title='bbox 2401 5367 2464 5422; x_wconf 84' lang='grc' dir='ltr'>τὸ</span> <span class='ocrx_word' id='word_1_899' title='bbox 2522 5365 2800 5443; x_wconf 79' lang='grc' dir='ltr'>βάπτισμα</span> <span class='ocrx_word' id='word_1_900' title='bbox 2852 5371 3263 5446; x_wconf 80' lang='grc' dir='ltr'>παρεγγυῶσαν,</span> <span class='ocrx_word' id='word_1_901' title='bbox 3325 5368 3400 5433; x_wconf 86' lang='grc' dir='ltr'><strong>εἰς</strong></span> <span class='ocrx_word' id='word_1_902' title='bbox 3465 5367 3561 5434; x_wconf 81' lang='grc' dir='ltr'><strong>τὴν</strong></span> <span class='ocrx_word' id='word_1_903' title='bbox 3592 5365 3715 5432; x_wconf 77' lang='grc' dir='ltr'>ἀλή-</span> 
     </span>
    </p>
   </div>
   <div class='ocr_carea' id='block_1_116' title="bbox 2089 5452 3715 5535">
    <p class='ocr_par' dir='ltr' id='par_1_116' title="bbox 2089 5452 3715 5535">
     <span class='ocr_line' id='line_1_118' title="bbox 2089 5452 3715 5535; baseline 0.002 -25"><span class='ocrx_word' id='word_1_904' title='bbox 2089 5455 2235 5511; x_wconf 81' lang='grc' dir='ltr'>θειάν</span> <span class='ocrx_word' id='word_1_905' title='bbox 2290 5476 2348 5512; x_wconf 88' lang='grc' dir='ltr'><strong>τε</strong></span> <span class='ocrx_word' id='word_1_906' title='bbox 2392 5455 2583 5521; x_wconf 76' lang='grc' dir='ltr'>αὐτοὺς</span> <span class='ocrx_word' id='word_1_907' title='bbox 2642 5455 3007 5534; x_wconf 74' lang='grc' dir='ltr'>ἐπαναγαγεῖν</span> <span class='ocrx_word' id='word_1_908' title='bbox 3065 5456 3155 5513; x_wconf 80' lang='grc' dir='ltr'>καὶ</span> <span class='ocrx_word' id='word_1_909' title='bbox 3183 5454 3393 5514; x_wconf 80' lang='grc' dir='ltr'>τελειοτ</span> <span class='ocrx_word' id='word_1_910' title='bbox 3420 5457 3505 5532; x_wconf 77' lang='grc' dir='ltr'>τῷ</span> <span class='ocrx_word' id='word_1_911' title='bbox 3537 5452 3715 5535; x_wconf 81' lang='grc' dir='ltr'>βαπτί-</span> 
     </span>
    </p>
   </div>
   <div class='ocr_carea' id='block_1_117' title="bbox 2090 5566 2275 5618">
    <p class='ocr_par' dir='ltr' id='par_1_117' title="bbox 2090 5566 2275 5618">
     <span class='ocr_line' id='line_1_119' title="bbox 2090 5566 2275 5618; baseline 0.005 -18"><span class='ocrx_word' id='word_1_912' title='bbox 2090 5566 2275 5618; x_wconf 85' lang='grc' dir='ltr'>σματι.</span> 
     </span>
    </p>
   </div>
  </div>
