3954 6146
238 312 266 374 i
288 309 409 377 301

1298 311 1487 375 VITA
1532 311 1591 374 S.
1637 309 2001 375 CORNELII
2029 309 2578 374 CENTURIONIS.

3470 301 3622 370 1302

229 450 348 505 καὶ
393 447 708 525 σδνέτριψας
765 448 833 505 τᾶ
874 446 1209 525 ἀγάλματας
1267 443 1403 502 ἀλλὰ
1471 445 1792 522 βαρυτάταις
1836 461 1952 509 σεΑ

1989 443 2296 524 praestigiis
2318 442 2604 524 templum
2628 442 2978 521 evertlsti,et
3000 446 3224 502 statuas
3241 436 3624 519 confregisti?

234 539 304 593 οἱ
369 539 477 594 θεοὶ
538 538 769 601 ἅπαντες
825 537 1069 593 ’ίστωσαν
1141 543 1420 613 τιμωρίαις
1478 532 1752 593 ὑποϐαλῶ.
1806 536 1903 591 Καὶ

234 628 447 683 αὐτίκα
506 627 795 684 ἐσκέπτετο
866 627 917 682 τί
990 624 1052 679 ἂν
1131 631 1299 680 ποιῶν
1357 625 1686 702 πικροτάτην
1758 626 1903 695 αὖτῷ

233 717 359 782 τὴν
402 715 622 773 κόλασιν
668 714 885 792 ἐπάγοι.
932 714 1196 791 Ἐσπέρας
1246 712 1301 768 δὲ
1332 712 1435 780 ἤδη
1466 712 1899 787 καταλαϐούσης,

237 805 467 862 κελεύει
512 804 721 860 δεθέντα
790 817 985 882 χεῖρας
1042 805 1176 877 ὁμοῦ
1237 805 1324 858 καὶ
1385 801 1550 866 πόδας
1609 803 1699 857 τόν
1750 801 1904 878 ἅγιον

240 895 621 973 ἀναρτηθῆναι
665 892 808 969 παρὰ
851 898 918 968 τῇ
976 890 1210 970 φυλακῇ,
1259 895 1344 949 καὶ
1391 892 1528 948 οὕτω
1588 890 1712 969 παρ’
1768 891 1905 957 ὅλην

238 984 359 1050 τὴν
416 984 577 1039 νύκτα
635 980 930 1038 διατελέσαι
1004 982 1361 1057 κρεμάμενον.
1410 989 1584 1039 Ταῑτα
1631 979 1757 1059 ἔφη,
1817 981 1904 1036 καὶ

241 1074 353 1127 τὸν
384 1072 537 1149 ἅγιον
568 1074 714 1134 εὒθὺς
747 1070 909 1151 εἶχεν
945 1070 975 1136 ἦ
1007 1069 1242 1151 solum}.

1983 532 2100 594 Sed
2144 541 2205 595 te
2243 532 2615 612 gravissimis
2659 532 2878 611 (sciant
2907 549 3121 592 omnes
3145 528 3259 609 dii)
3302 527 3619 609 subjiciam

1984 622 2616 703 suppliciis.Etstatim
2649 620 3056 693 consultabat,
3093 618 3381 700 quidnam
3411 637 3618 697 agens,

1984 729 2120 771 cum
2145 710 2540 773 acerbissimo
2564 711 2828 772 afﬁceret
2857 709 3333 789 supplicio.Cum
3352 709 3477 787 jam
3512 727 3621 770 au-

1987 809 2103 861 tem
2128 800 2504 862 adventasset
2525 803 2975 880 vespera,jubet
3000 806 3271 861 sanctum
3313 798 3511 875 ligatis
3533 798 3619 859 si-

1990 889 2111 949 mul
2136 887 2387 969 pedibus
2402 897 2462 952 et
2481 891 2754 951 manibus
2776 887 3063 968 suspendi
3084 889 3144 949 in
3167 886 3625 961 custodia,etita

1986 986 2167 1039 totam
2202 986 2436 1040 noctem
2468 996 2711 1040 manere
2739 995 3127 1059 suSpensum.
3181 979 3320 1040 Haec
3345 977 3519 1051 dixit,
3566 986 3621 1039 et

1988 1067 2186 1131 statim
2216 1077 2456 1131 sanctus
2486 1067 2593 1130 fuit
2624 1069 2933 1146 conjectus
2965 1069 3026 1127 in
3057 1084 3384 1129 carcerem.

1746 1232 1995 1299 CAPUT
2041 1233 2139 1298 III.

1177 1370 1597 1452 Srepsworum
1649 1370 1979 1433 conversio.
2050 1369 2116 1432 S.
2165 1367 2435 1432 Cornelii
2476 1369 2699 1431 obitus.

348 1526 413 1580 Π.
477 1526 822 1601 Παραχρῆμα
880 1520 935 1577 δὲ
980 1526 1086 1577 τῶν
1131 1520 1340 1601 οἰκείων
1382 1542 1462 1583 τις
1522 1519 1897 1594 ἐπικαταλαμ-

254 1606 408 1664 Sive:
439 1608 641 1685 σπουδῇ
674 1608 921 1687 Τελεφῶν
975 1612 1037 1665 τὸ
1090 1606 1280 1678 ὄνομα.
1309 1599 1373 1663 Ὦ
1405 1608 1658 1680 δέσποτα,
1703 1608 1897 1685 λέγων,

253 1700 293 1764 ἠ
327 1697 577 1754 δέσποινα
620 1702 653 1767 ἡ
716 1699 821 1771 ipsi;
874 1701 962 1756 καὶ
993 1703 1023 1755 ὁ
1052 1700 1349 1777 μονογενὴς
1381 1702 1490 1763 υίὸς
1521 1696 1897 1776 διεφθάρησαν,

255 1786 789 1850 ἐπικαταστισ¹ὶέντος
867 1788 1050 1851 αὒτοϊς
1096 1794 1189 1845 τοῦ
1260 1787 1383 1849 νεώ,
1452 1789 1759 1864 Δημήτριος
1811 1788 1899 1841 οὖν

255 1877 407 1938 ε’ἶιθός
464 1878 694 1942 ἀκούσας
753 1879 1130 1956 περιερρήξατο
1186 1879 1283 1944 τὴν
1334 1877 1531 1943 ἐσθῆτα
1574 1880 1662 1933 καὶ
1720 1877 1896 1932 πένθει

256 1965 481 2043 μεγάλῳ
525 1971 825 2045 συνείχετο.
876 1967 1080 2031 Μεταξὺ
1127 1966 1296 2023 δὲκαὶ
1340 1968 1430 2022 τὸν
1460 1971 1593 2045 χοῦν
1626 1966 1699 2029 εἰς
1732 1967 1898 2043 τάχος

253 2070 377 2119 τοῖς
422 2054 510 2110 ὑπ’
564 2057 721 2112 αὖτὸν
764 2054 1004 2111 ἐκέλευεν
1040 2056 1310 2132 ἐκφορεῖν,
1359 2053 1503 2112 ’Ἕως
1535 2054 1599 2109 τὰ
1641 2054 1737 2120 τῆς
1768 2054 1897 2131 ἂγαο

2063 1515 2212 1579 Vlll.
2245 1515 2524 1577 Protinus
2554 1523 2748 1576 autem
2798 1512 2959 1575 venit
2989 1529 3243 1593 propere
3273 1512 3516 1593 quidam
3549 1532 3620 1576 ex

1981 1605 2358 1677 domesticis,
2393 1604 2637 1665 nomine
2662 1603 2997 1681 Telephon,
3047 1601 3257 1663 dicens
3291 1623 3304 1663 :
3340 1603 3617 1677 Domine,

1982 1695 2224 1757 domina
2258 1712 2391 1755 mea
2422 1701 2481 1754 et
2510 1692 2668 1754 filius
2700 1701 2839 1753 tuus
2869 1692 3129 1769 unigena
3150 1689 3617 1770 perierunt,cum

1987 1793 2161 1846 terrae
2192 1797 2356 1844 motu
2388 1800 2742 1843 concussum
2775 1782 2887 1842 fuit
2936 1781 3247 1861 templum.
3283 1782 3625 1843 Demetrius

1984 1882 2184 1934 autem
2234 1890 2369 1933 cum
2423 1872 2682 1951 primum
2743 1871 2855 1933 hoc
2887 1870 3239 1945 audivisset,
3275 1869 3457 1929 scidit
3483 1887 3619 1930 ves-

1986 1968 2127 2037 tem,
2163 1970 2222 2022 et
2252 1979 2465 2038 magno
2496 1959 2607 2020 fuit
2638 1959 2799 2020 luctu
2851 1976 3198 2038 Oppressus.
3234 1956 3480 2019 Interim
3512 1976 3622 2019 au-

1985 2057 2102 2111 tem
2130 2050 2309 2128 jussit
2341 2049 2464 2110 suis
2514 2049 2811 2129 pulverem
2864 2046 3307 2127 quamprimum
3341 2054 3623 2126 exporta—

252 2148 356 2209 θῆς
414 2146 568 2219 ἐμοὶ,
602 2144 796 2223 λέγων,
835 2145 924 2199 καὶ
956 2150 1151 2209 πιστῆς
1200 2142 1419 2220 συζύγου
1457 2145 1544 2199 καὶ
1572 2149 1664 2198 τοῦ
1694 2142 1896 2218 γλυκυε-
1922 2161 1957 2209 Β

1989 2157 2069 2201 re.
2101 2138 2304 2201 Donec
2335 2157 2485 2200 meae
2515 2139 2712 2211 bonae,
2745 2137 2960 2218 inquit,
3009 2146 3068 2197 et
3098 2134 3293 2197 ﬁdelis
3321 2135 3617 2215 conjugis,

258 2235 422 2290 τάτου
462 2234 647 2296 παιδὸς
714 2241 807 2289 τοῦ
873 2243 1189 2310 μονογενοῦς
1243 2233 1550 2310 ἀνευρόντες
1594 2230 1774 2302 ὀστέα,
1822 2232 1896 2293 εἷς

258 2322 393 2395 ἔμας
453 2336 647 2401 χεῖρας
728 2322 996 2396 κομίσετε.
1071 2330 1246 2379 Ταῦτα
1324 2325 1458 2396 ὁμοῦ
1522 2333 1654 2395 πρὸς
1709 2319 1897 2382 αὐτοὺς

261 2412 413 2487 ἔλεγε
472 2412 558 2468 καὶ
615 2413 751 2486 μετὰ
803 2417 901 2477 τῆς
974 2415 1156 2488 φωνῆς
1232 2410 1365 2488 ἔρῤει
1409 2411 1475 2465 τὰ
1532 2409 1751 2488 δάκρυα,
1811 2411 1895 2465 καὶ

258 2503 524 2577 βαρύτατα
555 2500 755 2577 ἔστενε,
808 2502 897 2557 καὶ
955 2499 1184 2579 ἐπένθει,
1237 2502 1324 2556 καί
1354 2500 1474 2562 τοὺς
1508 2499 1706 2555 ἐκείνου
1748 2499 1896 2561 θεοὺς

259 2592 471 2666 ᾐτιᾶτο,
506 2589 586 2646 ὅτι
618 2592 722 2660 ζῶν
773 2592 845 2653 εἷς
898 2589 1048 2667 δεῦρο
1084 2591 1372 2667 τετήρητο,
1417 2589 1670 2653 τοιαύτην
1729 2587 1899 2664 ἄγγεα-

256 2679 375 2735 λίαν
437 2681 659 2736 ἀκοῦσαι
746 2680 957 2754 πικράν.
1061 2677 1559 2756 Περικαθισαμένων
1629 2675 1685 2732 δὲ
1743 2679 1898 2735 αὒτὸν

255 2775 367 2824 τῶν
427 2768 480 2823 ἐν
540 2775 609 2844 τῇ
653 2767 808 2825 πόλει
846 2767 1072 2843 πρώτων
1116 2768 1387 2823 καὶτοῦτο
1432 2767 1528 2840 μὲν
1561 2767 1901 2842 συνθρηνούν-

255 2879 386 2927 των,
446 2863 604 2913 τοῦτο
679 2855 734 2911 δὲ
816 2860 903 2912 καὶ
977 2856 1418 2935 παρεκαλούντων
1474 2857 1562 2911 καὶ
1621 2858 1683 2911 τὸ
1736 2856 1899 2920 πάθος

258 2944 617 3002 έπισϐεινύειν
674 2945 839 3024 αύτῷ,
895 2946 1115 3001 καθόσον
1174 2943 1390 3001 δυνατὸν
1419 2945 1506 3017 ἧν,
1542 2942 1895 3017 σπευδόντων,

254 3037 327 3095 ὡς
357 3033 458 3101 ἤδη
492 3036 576 3090 γαὶ
621 3036 648 3089 ί»
679 3036 815 3090 κατὰ
865 3041 960 3089 τοῦ
1007 3032 1300 3111 Κορνηλίου
1348 3033 1529 3097 αὒτοτς
1563 3031 1899 3106 μεμελέτητο

253 3126 479 3186 θάνατος
517 3144 534 3160 ο
572 3124 872 3200 ἀπήρτιστο
902 3121 955 3177 δὲ
986 3126 1073 3179 καὶ
1127 3125 1188 3178 τὸ
1232 3127 1442 3200 μνῆμα,
1494 3122 1615 3177 ἔνθα
1672 3122 1706 3188 ἡ
1741 3123 1898 3192 σύζυ-

255 3233 356 3291 γος
417 3214 551 3275 μετὰ
623 3221 716 3270 τοῦ
785 3209 971 3273 παιδὸς
1031 3210 1253 3285 ἔμελλεν
1310 3213 1565 3288 ταφῆναι,
1622 3209 1899 3288 ἀρχιερεύς

257 3325 342 3363 τις
401 3303 509 3356 τῶν
570 3291 846 3368 Ἐλλήνων
888 3303 1019 3356 θεῶν
1065 3300 1231 3375 ὄνομα
1285 3298 1575 3377 Βαρϐάτος,
1624 3301 1652 3354 ὁ
1681 3300 1768 3354 καὶ
1799 3298 1898 3364 τὴν

248 3392 605 3467 ἀνακάθαρσιν
657 3390 740 3445 τοῦ
784 3396 887 3445 νεώ
946 3389 1405 3466 ἐπιτετραμμένος
1463 3391 1589 3466 πρὸς
1650 3388 1772 3450 τοὺς
1805 3393 1899 3442 τοῦ

1981 2238 2039 2292 et
2064 2227 2401 2290 suavissimi
2433 2227 2711 2305 unigena;
2740 2226 2848 2287 filii
2877 2243 3012 2287 ossa
3059 2226 3317 2297 inventa,
3364 2226 3423 2285 in
3458 2242 3625 2286 meas

1981 2335 2191 2379 manus
2247 2316 2651 2396 portaveritis.
2708 2314 2847 2377 Haec
2909 2313 3088 2375 simul
3149 2313 3237 2373 eis
3266 2312 3523 2384 dicebat,
3562 2322 3621 2375 et

1981 2425 2116 2467 cum
2151 2423 2293 2467 voce
2325 2404 2650 2466 efﬂuebant
2700 2403 2997 2484 lacrymze,
3035 2411 3094 2463 et
3141 2403 3490 2481 gravissime
3519 2402 3619 2463 in-

1980 2495 2348 2574 gemiscebat
2396 2507 2459 2555 et
2509 2493 2771 2572 lugebat,
2826 2501 2885 2553 et
2935 2492 3082 2554 deos
3111 2510 3253 2553 suos
3277 2491 3617 2565 accusabat,

1982 2586 2139 2664 quod
2170 2583 2332 2646 vivus
2357 2584 2431 2646 ad
2465 2585 2578 2645 hoc
2619 2602 2807 2664 usque
2840 2591 3073 2663 tempus
3105 2591 3269 2643 esset
3294 2599 3616 2643 conserva-

1982 2683 2171 2745 tus,ut
2200 2674 2438 2735 audiret
2468 2685 2586 2735 tam
2619 2671 2904 2734 acerbum
2938 2671 3389 2734 nuntium.Cum
3423 2678 3477 2733 ei
3508 2690 3620 2733 au-

1982 2771 2099 2825 tem
2136 2762 2502 2824 assedissent
2535 2764 2823 2843 primates
2845 2760 3121 2835 civitatis,
3158 2768 3213 2822 et
3248 2762 3460 2840 partim
3493 2763 3625 2843 qui-

1983 2850 2120 2911 dem
2169 2849 2347 2910 simul
2408 2852 2900 2922 lamentarentur,
2963 2849 3179 2927 partim
3217 2857 3413 2910 autem
3440 2850 3617 2911 etiam

1983 2940 2460 3009 consolarentur,
2497 2947 2556 2998 et
2587 2939 2780 3019 quoad
2814 2939 2946 3018 ejus
2976 2938 3107 2999 fieri
3167 2948 3387 3017 posset,
3443 2940 3618 3001 dolo-

1982 3046 2109 3089 rem
2142 3028 2457 3091 studerent
2485 3028 2894 3105 exstinguere,
2929 3036 2987 3088 et
3008 3028 3132 3107 jam
3164 3027 3240 3089 de
3267 3039 3457 3092 morte
3483 3031 3624 3097 Cor-

1983 3116 2140 3178 nelio
2172 3116 2483 3178 inferenda
2513 3126 2802 3193 agerent;
2840 3127 3116 3197 essetque
3144 3118 3474 3199 perfectum
3499 3140 3620 3183 mo-

1984 3204 2415 3276 nimentum,in
2439 3224 2556 3285 quo
2591 3204 2943 3285 sepelienda
2974 3212 3102 3265 erat
3129 3207 3345 3285 conjux
3379 3227 3511 3269 cum
3546 3211 3621 3270 ti-

1982 3294 2113 3370 lio;
2167 3293 2425 3374 pontifex
2477 3294 2717 3374 quidam
2771 3294 3018 3354 deorum
3048 3295 3338 3372 gentium,
3374 3298 3621 3360 nomine

1984 3381 2294 3455 Barbatus,
2329 3382 2424 3442 cui
2446 3382 2768 3443 commissa
2791 3381 2986 3443 fuerat
3016 3384 3220 3462 templi
3248 3389 3617 3464 repurgatio,

254 3481 573 3554 Δημητρίου
626 3479 920 3556 ὑπηρέτας,
984 3476 1099 3544 ἥκει
1145 3476 1347 3552 σπουδῇ
1397 3476 1480 3556 (οὐ
1523 3477 1622 3553 γὰρ
1653 3473 1956 3560 παριέναιο

1989 3488 2241 3560 propere
2266 3471 2423 3532 venit
2445 3471 2518 3533 ad
2539 3471 2799 3533 famulos
2821 3470 3105 3532 Demetrii
3135 3472 3276 3551 (non
3301 3476 3459 3536 enim
3495 3495 3623 3556 per-

247 3567 377 3646 παρ’
422 3569 578 3625 αὺτὸν
622 3567 707 3623 διὰ
760 3568 820 3623 τὸ
878 3566 1066 3630 πένθος
1100 3563 1515 3644 συνεχωρεῖτο),
1549 3564 1732 3641 φωνην
1775 3558 1941 3618 ἀνα-ἠ

1989 3558 2326 3621 mittebatur
2357 3560 2429 3621 ad
2461 3580 2595 3622 eum
2626 3560 2918 3621 accedere
2942 3568 3186 3641 propter
3207 3561 3484 3644 luctum),
3516 3585 3620 3628 re-

248 3657 480 3714 δίδοσθαι
525 3663 616 3713 τοῦ
659 3656 921 3736 χώματος
972 3654 1330 3732 ἀπαγγέλλων
1388 3654 1632 3715 Εὖανθίας
1666 3652 1761 3708 καί
1808 3659 1901 3709 τοῦ

1989 3648 2363 3724 nuntians,ex
2387 3649 2671 3711 ruderum
2687 3649 2926 3711 cumulo
2946 3649 3128 3710 fuisse
3141 3651 3403 3712 auditam
3419 3672 3619 3717 vocem

247 3750 364 3807 υἷοῦ
397 3766 411 3781 ⁸
472 3750 570 3812 τὴν
614 3744 668 3800 δὲ
721 3747 901 3825 φωνὴν
946 3752 1110 3801 ταῦτα
1151 3743 1518 3818 διασημαίνειν
1548 3759 1562 3773 ⁶
1629 3743 1807 3819 Μέγας
1870 3744 1898 3797 ὁ

1989 3738 2288 3800 Evantbiaa
2322 3751 2379 3800 et
2408 3739 2536 3813 filii,
2571 3756 2775 3799 vocem
2816 3744 3014 3800 autem
3059 3739 3189 3800 haec
3237 3740 3618 3819 signiﬁcare:

252 3839 384 3894 Θεὸς
443 3840 551 3890 τῶν
615 3840 973 3909 Χριστιανῶν,
1011 3836 1067 3898 ὃς
1099 3832 1348 3911 spetam
1379 3834 1521 3907 ἡμᾶς
1552 3831 1611 3888 ἐκ
1642 3840 1734 3889 τοῦ
1776 3851 1897 3887 κινο

1989 3829 2231 3905 Magnus
2264 3830 2422 3890 Deus
2453 3827 2945 3903 Christianorum,
3008 3826 3109 3907 qui
3161 3846 3269 3889 nos
3300 3831 3522 3911 eripuit
3552 3853 3623 3896 ex

251 3924 403 3981 δύνου
448 3925 634 3981 τούτου
695 3922 781 3978 διὰ
838 3930 930 3979 τοῦ
998 3924 1316 3998 θεράποντος
1360 3921 1520 3979 αὐτοῦ
1585 3919 1898 3999 Κορνηλίου,

253 4017 340 4070 καὶ
402 4017 462 4071 οὒ
504 4011 681 4084 τελείᾳ
723 4009 1094 4089 παραδέδωκεν
1152 4010 1412 4083 ἀπωλείᾳ.
1450 4012 1685 4066 Σπεῦσον
1730 4008 1902 4065 τοίνυν

254 4105 344 4159 καὶ
404 4104 490 4177 σὺ,
560 4103 862 4180 Δημήτριε,
919 4103 1010 4157 καὶ
1079 4098 1306 4178 ἓξάγαγε
1363 4100 1460 4166 τῆς
1519 4103 1761 4178 φυλακῆς
1811 4101 1905 4154 τὸν

254 4193 409 4269 ἅγιον
469 4190 631 4270 ἄνδρα
711 4198 921 4263 τοῦτον,
989 4194 1076 4246 καὶ
1136 4191 1508 4267 προσκύνησον
1566 4188 1709 4263 αὐτῷ
1767 4190 1905 4263 μετὰ

256 4284 473 4338 πάντων
527 4288 635 4337 τῶν
691 4280 745 4335 ἐν
787 4283 864 4352 τῷ
922 4278 1060 4350 οἴκῳ
1106 4280 1258 4352 ἡμῶν
1302 4280 1388 4334 καὶ
1431 4284 1537 4333 τῶν
1583 4276 1904 4355 ἐγγιζόντων

255 4372 415 4446 ἡμῖν,
450 4372 539 4426 καὶ
595 4368 814 4438 δεήθητι
875 4368 1054 4445 αύτοῠ,
1090 4365 1237 4431 ὅπως
1272 4366 1437 4422 ἐλθὼν
1468 4366 1522 4421 ἐν
1553 4373 1630 4437 τῷ
1663 4364 1902 4422 καταλύ-

260 4482 389 4536 ματι
423 4459 597 4530 τούτῳ
627 4457 777 4534 σώσῃ
809 4458 953 4529 ἡμᾶς
985 4457 1079 4511 καί
1117 4455 1350 4533 ἐξαγάγῃ
1400 4456 1541 4521 ημᾶς
1584 4464 1678 4514 τοῦ
1720 4453 1903 4533 χαλά-

258 4569 462 4620 σματος
496 4548 683 4603 τούτου
732 4546 822 4600 καὶ
860 4544 953 4600 τοῦ
1005 4544 1183 4623 βυθοῦ,
1215 4542 1308 4600 ἵνα
1340 4544 1418 4617 μὴ
1449 4541 1628 4599 τέλεον
1679 4541 1902 4598 ἀπολώο

259 4641 416 4712 μεθα.
467 4634 687 4711 Μεγάλα
746 4634 846 4710 γὰρ
889 4633 1155 4706 θαυμάσια
1213 4638 1306 4688 τοῦ
1347 4638 1478 4688 Θεοῦ
1509 4632 1727 4687 ἐνταῦθα
1761 4631 1901 4705 ὁρῶ-

260 4747 379 4801 μεν,
408 4726 496 4780 καὶ
526 4722 771 4800 ἀγγέλων
798 4722 1124 4799 κραζόντων·
1170 4740 1196 4779 ι
1233 4720 1369 4785 Δόξα
1404 4720 1458 4776 ἐν
1485 4720 1726 4795 ὑψίστοις
1761 4724 1899 4798 Θεῷ,

259 4817 349 4870 καὶ
379 4814 465 4870 ἐπὶ
491 4818 592 4889 γῆς
625 4810 839 4890 εἰρήνη,
873 4810 926 4865 ἐν
958 4810 1252 4887 ἀνθρώποις
1285 4808 1517 4869 εὔδοκία,

346 4904 434 4964 ΘΙ,
471 4902 682 4959 Τούτων
740 4900 1064 4961 ἀκούσαντες
1120 4901 1166 4956 οἱ
1225 4898 1507 4975 ὑπηρέται,
1562 4897 1898 4975 ἀποτρέχου-

263 5015 346 5048 σιν
390 4991 538 5054 εὒθῖις
595 4988 710 5061 ἅμα
759 4986 1010 5066 Βαρϐάτῳ
1052 4988 1302 5065 ἀρχιερεῖ
1373 4988 1505 5062 πρὸς
1569 4987 1903 5066 Δημήτριον,

263 5086 361 5138 καὶ
407 5064 842 5155 ἀπαγγέλλωσιν
882 5078 1024 5149 αὖτῴ
1080 5078 1215 5150 μετὰ
1272 5073 1507 5141 σπουδῆς
1565 5074 1787 5136 ἕκαστα,
1848 5064 1906 5129 εΟ

265 5171 320 5226 δὲ
365 5180 633 5244 περιεῖναι
679 5165 755 5221 ἔτι
798 5167 897 5233 τὴν
942 5178 1172 5243 γυναῖκα
1214 5167 1304 5221 καὶ
1343 5167 1434 5221 τὸν
1464 5162 1635 5221 παῖδα
1668 5163 1905 5236 πῦθόμε-

262 5281 375 5329 νος,
437 5256 643 5331 μεστήν
702 5275 758 5309 τε
815 5253 1011 5322 ἡδονῆς
1057 5255 1168 5327 ἅμα
1208 5255 1296 5309 καὶ
1340 5252 1503 5309 σάλου
1560 5255 1657 5311 τὴν
1690 5250 1906 5329 καρδίαν

264 5348 415 5425 εἶχε.
457 5347 551 5402 Καὶ
581 5342 840 5419 δρομαῖος
872 5343 1015 5418 παρα
1047 5348 1112 5419 τῇ
1156 5341 1366 5422 φυλακῇ
1399 5342 1586 5415 ἐλθὼν,
1620 5340 1906 5414 καταλαμ-

263 5434 410 5490 ϐανει
456 5438 851 5505 περιπατοῦντα
883 5434 973 5486 τὸν
1020 5434 1168 5487 θεῖον
1231 5431 1549 5507 Κορνήλιον,
1598 5427 1802 5506 βιϐλίον
1851 5449 1907 5482 τε

264 5525 346 5580 διὰ
417 5524 602 5601 χειρὸς
663 5519 863 5599 ἔχοντα
922 5522 1011 5576 καὶ
1070 5521 1238 5595 ταύτῃ
1294 5521 1384 5574 τὸν
1446 5521 1576 5575 Θεὸν
1639 5520 1905 5581 αἰτοῦντα,

265 5610 533 5691 ’Ἄγγελος
567 5611 668 5687 γὰρ
715 5611 856 5681 αὒτῷ
893 5610 1118 5673 amna;
1166 5608 1316 5664 ἔλυσε
1365 5607 1469 5664 τῶν
1525 5607 1759 5684 δεσμῶν,
1821 5609 1910 5663 καὶ

1983 3917 2096 3979 hoc
2121 3916 2384 3997 periculo
2406 3935 2511 3998 per
2531 3916 2817 3978 famulum
2841 3934 3015 3977 suum
3041 3917 3473 3995 Cornelium,et
3505 3941 3624 3984 non

1984 4025 2093 4069 nos
2109 4005 2273 4068 dedit
2296 4006 2544 4067 omnino
2588 4006 2790 4067 exitio.
2820 4004 3060 4067 Festina
3090 4024 3232 4084 ergo
3268 4017 3326 4069 tu
3360 4028 3620 4091 quoque,

1986 4095 2347 4167 Demetri,et
2367 4097 2559 4156 virum
2600 4096 2760 4157 hunc
2792 4104 3061 4156 sanctum
3088 4095 3239 4157 educ
3265 4115 3299 4157 e
3330 4100 3623 4174 custodia,

1987 4194 2046 4246 et
2065 4185 2249 4247 adora
2267 4203 2403 4246 eum
2426 4204 2559 4245 cum
2585 4183 2871 4245 omnibus
2892 4184 2991 4263 qui
3022 4192 3160 4244 sunt
3190 4186 3247 4246 in
3281 4186 3460 4248 domo
3493 4196 3634 4249 nos-’

1987 4283 2099 4346 tra,
2135 4283 2194 4335 et
2217 4274 2292 4334 iis
2313 4274 2416 4353 qui
2441 4284 2577 4334 sunt
2600 4272 2776 4334 nobis
2798 4273 3143 4353 propinqui:
3168 4284 3230 4335 et
3254 4293 3398 4354 roga
3427 4277 3623 4356 ipsum

1988 4363 2393 4424 utveniensin
2421 4363 2533 4423 hoc
2554 4362 2979 4434 habitaculum,
3007 4380 3117 4422 nos
3138 4373 3355 4439 servet,
3381 4374 3440 4425 et
3468 4366 3624 4427 edu-

1988 4461 2080 4514 cat
2111 4471 2180 4513 ex
2214 4452 2308 4513 his
2336 4451 2620 4524 ruinis,et
2650 4470 2683 4512 ο
2719 4450 3036 4531 profundo,
3072 4470 3148 4513 ne
3175 4470 3492 4532 pereamus
3518 4474 3628 4536 pe-

1987 4541 2149 4602 nitus
2186 4561 2200 4601 :
2235 4557 2446 4620 magna
2477 4539 2636 4601 enim
2673 4539 2778 4603 Dei
2815 4540 2910 4601 hic
2941 4539 3216 4602 videmus
3247 4542 3629 4625 miracula,et

1988 4632 2265 4692 videmur
2294 4629 2506 4691 audire
2528 4629 2777 4708 angelos
2799 4630 3146 4691 clamantes:
3191 4630 3426 4693 «Gloria
3449 4634 3506 4694 in
3528 4653 3631 4694 ex-

1987 4720 2165 4782 celsis
2198 4722 2345 4794 Deo,
2379 4729 2436 4781 et
2483 4719 2543 4780 in
2599 4727 2760 4780 terra
2809 4736 2945 4797 pax,
2998 4722 3057 4781 in
3093 4719 3441 4782 hominibus
3476 4724 3631 4784 bona

1986 4809 2280 4870 voluntas.
2322 4831 2346 4867 ι

2069 4898 2173 4960 lX.
2202 4895 2348 4959 Cum
2380 4898 2505 4957 haec
2533 4895 2899 4958 audivissent
2934 4897 3473 4969 ministri,currunt
3488 4916 3630 4979 pro-

1990 4985 2150 5046 tinus
2180 5003 2314 5046 cum
2344 4984 2601 5047 Barbato
2635 4986 2918 5065 pontifice
2947 4987 3019 5047 ad
3051 4985 3448 5069 Demetrium,
3485 4996 3546 5049 et
3575 4988 3633 5050 ei

1989 5073 2223 5153 singula
2250 5073 2573 5152 diligenter
2596 5076 2965 5137 renuntiant.
3002 5076 3108 5137 llle
3136 5085 3505 5150 autem,cum
3539 5095 3635 5139 ac-

1990 5163 2251 5243 cepisset
2281 5180 2413 5224 esse
2433 5163 2628 5224 adhuc
2648 5164 3032 5243 superstitem
3055 5183 3297 5227 uxorem
3331 5174 3393 5228 et
3416 5166 3630 5242 filium,

1991 5270 2096 5313 cor
2127 5251 2369 5331 plenum
2404 5250 2611 5314 habuit
2639 5252 2841 5315 laetitia
2872 5254 3046 5315 simul
3071 5265 3131 5316 et
3162 5255 3632 5334 perturbatione:

1991 5350 2049 5402 et
2078 5340 2298 5401 cursim
2334 5341 2584 5402 veniens
2610 5341 2671 5402 in
2698 5343 3053 5415 custodiam,
3087 5344 3338 5407 offendit
3366 5345 3634 5407 divinum

1992 5429 2329 5492 Cornelium
2358 5429 2858 5506 ambulantem,et
2880 5432 3099 5493 librum
3125 5435 3183 5493 in
3218 5452 3397 5496 manu
3430 5443 3639 5495 tenen-

1994 5527 2208 5593 tem,et
2234 5518 2321 5579 sic
2349 5521 2536 5582 Deum
2562 5520 3203 5601 laudantcmzAngelus
3221 5524 3381 5583 enim
3405 5526 3480 5585 ad
3499 5541 3636 5585 eum

1993 5608 2520 5691 accedens,ipsum
2548 5609 2805 5672 solverat
2830 5628 2863 5672 a
2890 5610 3187 5676 vinculis:
3220 5620 3280 5674 et
3307 5630 3442 5678 cum
3481 5614 3639 5675 mul-
