3954 6146
369 225 523 294 1303

1622 230 1902 297 MENSIS
1945 229 2454 294 FEBRUARIUS,
3607 225 3731 291 130'1

365 364 643 440 titudine,
677 383 810 444 quas
859 365 1040 428 simul
1088 374 1500 439 concurrerat,
1529 369 1752 428 cadens
1775 367 1846 428 ad
1876 367 2008 445 ejus

2126 367 2269 422 ιεσὼν
2326 366 2438 436 ἅμα
2495 373 2573 440 τῷ
2642 365 3099 444 συνδεδραμηκότι
3159 365 3365 436 πλήθει
3452 366 3585 440 προς
3639 366 3732 426 τοὶς

370 454 581 536 pedes,
615 455 1015 518 exclamavit:
1079 455 1322 533 Magnus
1383 465 1473 516 est
1516 456 1677 518 Deus
1726 456 2010 528 Cornelii,

370 543 472 624 qui
505 562 696 607 meam
729 545 1045 624 conjugem
1093 543 1447 606 Evanthiam
1481 553 1540 605 et
1573 545 1759 606 ﬁlium
1796 548 2016 608 Deme—

371 633 552 695 trium
612 633 883 695 liberavit
931 652 966 694 a
1024 634 1235 712 templi
1279 633 1592 696 eversione
1653 655 1666 693 :
1725 643 1783 695 et
1835 632 2016 696 simul

371 731 644 783 sanctum
677 724 883 791 oravit.
912 721 1120 784 dicens
1157 741 1170 784 :
1201 724 1391 784 Serve
1423 723 1529 786 Dei
1561 724 2016 801 altissimi,cre-

372 809 569 872 dimus
601 810 661 871 in
685 811 1074 886 Cruciiixum,
1111 830 1290 892 quem
1337 821 1397 872 tu
1431 812 1741 892 praedicas,
1775 822 1832 872 et
1867 811 2016 889 ipse,

372 909 432 961 et
461 917 670 961 omnes
700 899 803 980 qui
831 909 969 961 sunt
1009 919 1275 978 mecum,
1307 901 1355 960 si
1389 901 1646 974 veneris,
1682 913 1743 962 et
1775 919 2017 962 uxorem

371 987 587 1058 vivam,
641 997 701 1048 et
751 989 936 1050 filium
973 989 1141 1051 illinc
1173 988 1474 1051 eduxeris.
1509 989 1618 1051 llle
1649 999 1872 1062 autem,
1902 991 2020 1051 Ac-

371 1077 580 1158 cipite,
633 1077 855 1155 inquit,
913 1079 1080 1157 prius
1112 1079 1332 1141 Christi
1366 1080 1770 1157 signaculum,
1798 1087 1856 1140 et
1883 1089 2022 1138 tunc

370 1174 604 1229 veniam
637 1167 968 1241 vobiscum,
1019 1177 1078 1228 et
1111 1167 1353 1228 dabitur
1380 1169 1548 1229 vobis
1597 1169 1796 1229 cordis
1841 1167 2020 1228 vestri

375 1256 769 1318 desiderium.
802 1255 1080 1318 Protinus
1111 1257 1312 1336 itaque
1361 1258 1706 1319 Demetrius
1733 1276 1866 1317 cum
1900 1275 2023 1316 om-

376 1345 552 1407 nibus
584 1346 685 1426 qui
716 1364 851 1408 cum
883 1346 1012 1427 ipso
1045 1356 1234 1419 erant,
1266 1365 1400 1406 cum
1434 1365 1644 1409 rursus
1671 1346 2018 1417 dixisssent,

373 1434 625 1513 Magnus
656 1442 746 1496 est
778 1437 937 1498 Deus
965 1433 1469 1509 Christianorum,
1505 1435 1864 1516 baptismum
1890 1453 2021 1496 sus-

380 1523 634 1604 cipiunt.

456 1611 769 1675 X.Deinde
789 1631 925 1674 cum
949 1629 1054 1674 eos
1075 1612 1499 1694 assumpsisset
1518 1613 2023 1688 Cornelius,stetit

2095 455 2262 521 πόδας
2309 461 2488 535 αὖτοῦ,
2554 456 2730 534 Μέγας
2790 460 2817 512 ὃ
2868 459 3024 528 Θεὸς,
3061 456 3273 528 ἔκραζε,
3313 454 3652 536 Κορνηλζοδ,
3697 456 3736 516 δῖ

2094 544 2344 623 ὶῤῥόσατο
2399 550 2498 610 την
2549 545 2683 619 ἐμὴν
2740 547 2961 622 σύζυγον
3019 547 3271 602 Εὖανθιαν
3343 546 3449 601 καὶ
3511 545 3602 598 τὸν
3654 545 3738 596 υἱὶιν

2103 636 2412 711 Δημήτριον
2445 635 2548 690 ἀπὸ
2578 639 2676 700 τῆς
2722 636 3097 714 καταστροφῆς
3155 643 3248 692 τοὸ
3293 643 3445 692 ναοῦ
3481 651 3494 663 '
3546 633 3632 687 καὶ
3657 630 3741 703 ἅμα

2099 721 2271 779 ἐδεῖτο
2301 733 2392 782 τοῦ
2423 725 2571 802 ἁγίου
2605 745 2618 757 ·
2659 724 2822 782 Δοῦλε
2854 731 2946 780 τοῦ
2978 731 3109 782 Θεοῦ
3140 731 3235 780 τοῦ
3264 725 3546 798 ὕψίστω,
3578 721 3743 796 λέγων,

2099 813 2422 885 πιστεύομεν
2480 815 2554 874 εἷς
2611 815 2701 868 τὸν
2732 812 3193 890 Ἐσταυρωμένον,
3234 815 3293 868 ὃν
3329 814 3404 867 σὺ
3455 811 3744 888 κηρύσσεις,

2101 903 2189 956 καὶ
2219 903 2401 979 αὐτὸς,
2451 904 2536 957 καὶ
2567 902 2761 967 πάντες
2795 905 2840 957 οἱ
2902 903 3020 976 μετ’
3081 902 3236 976 ἐμοῦ,
3298 902 3405 957 ἐὰν
3460 900 3631 955 ἐλθὼν
3672 903 3747 962 τὴν

2104 1004 2334 1067 γυναῖκα
2361 997 2534 1060 ζῶσαν
2567 994 2650 1046 καὶ
2682 994 2771 1046 τὸν
2805 993 2916 1046 υἱὸν
2948 992 3152 1048 ἐκεῖθεν
3215 991 3540 1066 ἐξαγαγῃς.
3582 978 3638 1045 Ὀ
3664 986 3710 1041 δέ
3735 1007 3746 1021 ·

2106 1079 2333 1158 Λάϐετε,
2394 1080 2518 1157 ἔφη,
2595 1081 2850 1158 πρότερον
2912 1082 3011 1146 τὴν
3069 1081 3121 1135 ἐν
3187 1086 3413 1156 Χριστῷ
3477 1075 3749 1158 σφραγῖδα,

2105 1169 2200 1226 καὶ
2257 1177 2546 1234 τηνικαῦτα
2605 1168 2888 1243 ἐλεύσομαι
2944 1170 3060 1241 μεθ’
3121 1173 3293 1248 ὑμῶν,
3330 1171 3437 1225 καὶ
3495 1171 3533 1234 ἡ
3593 1167 3753 1221 ἐπιθυ-

2105 1259 2198 1334 μία
2253 1263 2351 1324 τῆς
2410 1257 2622 1336 καρδίας
2679 1260 2828 1332 ὑμῶν
2888 1257 3167 1326 δοθήσεται
3221 1261 3386 1332 ὑμῖν,
3450 1259 3622 1318 Εὖθὺς
3686 1257 3755 1310 cii

2109 1350 2416 1423 Δημήτριος
2477 1349 2610 1422 μετὰ
2666 1354 2771 1403 τῶν
2817 1350 2907 1404 σῦν
2949 1351 3092 1420 αὒτῷ
3153 1348 3372 1403 πάντων
3414 1365 3431 1378 ⁸

2107 1440 2234 1500 Θεὸς
2267 1441 2372 1493 τῶν
2403 1439 2849 1514 Χριστιανῶν,καὶ
2883 1435 3042 1494 πάλιν
3073 1437 3339 1510 εἰπόντες,
3377 1459 3412 1492 τ

2104 1525 2376 1605 δέχονται.

2186 1616 2244 1674 l'.
2283 1619 2415 1670 Εἶτα
2474 1615 2796 1693 παραλαὸὼν
2854 1619 3040 1679 αὐτοὺς
3075 1619 3102 1674 ὁ
3138 1616 3474 1692 Κορνήλιος,
3517 1616 3656 1680 ἔστη
3687 1613 3765 1667 ἐπὶ

380 1719 564 1780 super
580 1701 1162 1776 babitaculum,etad
1188 1703 1480 1763 orientem
1503 1702 1710 1763 oculos
1732 1702 2017 1763 tullensin

2126 1709 2179 1775 ῖῴ
2220 1702 2574 1777 καταλύματι,
2620 1707 2714 1760 καί
2759 1706 2882 1768 τοὺς
2923 1705 3228 1785 ὀφθαλμοὺς
3293 1708 3444 1762 κατὰ
3505 1702 3766 1761 ἀνατολὰς

379 1790 623 1862 οωιοιη,
653 1790 850 1867 inquit
885 1811 899 1853 :
945 1789 1199 1852 Domine
1231 1792 1389 1852 Deus
1421 1791 1726 1865 virtutum,
1757 1791 1858 1870 qui
1887 1809 2018 1852 res-

382 1878 531 1958 picis
552 1897 734 1959 super
757 1888 1066 1952 terram,et
1084 1878 1230 1940 facis
1251 1897 1381 1940 eam
1407 1880 2023 1960 tremere;quiaspec-

381 1976 557 2029 tutuo
583 1976 815 2029 montes
841 1967 1247 2048 liquefacis,et
1269 1968 1607 2030 visitatiune
1634 1978 1730 2028 tua
1754 1970 2022 2030 exsiccas

379 2056 666 2136 abyssos;
697 2055 826 2135 ipse
857 2075 946 2130 es,
999 2057 1252 2120 Domine
1287 2076 1302 2116 :
1337 2056 1466 2135 ipse
1491 2057 1705 2119 exaudi
1733 2059 2018 2135 gemitum

379 2145 737 2220 vinctorum,
766 2155 824 2206 et
845 2145 997 2207 educ
1019 2165 1052 2206 e
1080 2154 1237 2208 terra
1259 2145 1631 2220 Evauthiam,
1659 2157 1716 2209 et
1743 2166 1817 2209 ne
1845 2166 2021 2208 aver-

382 2245 469 2297 tas
491 2233 707 2297 faciem
741 2243 899 2296 tuam
934 2253 968 2296 a
999 2235 1121 2296 filio
1153 2254 1286 2315 ejus
1322 2253 1334 2298 :
1386 2236 1489 2296 sed
1540 2237 1780 2298 attende
1810 2239 2025 2298 animas

383 2341 614 2399 eorum,
663 2330 723 2385 et
751 2322 942 2385 libera
973 2341 1077 2385 eos
1109 2332 1354 2404 propter
1388 2343 1607 2385 nomen
1663 2335 1852 2387 tuum.
1886 2325 2024 2387 Hzec

381 2431 515 2474 cum
549 2422 826 2491 precatus
857 2421 1014 2475 esset
1043 2413 1389 2488 Carnelius,
1443 2423 1499 2475 et
1531 2415 1632 2494 qui
1665 2415 2021 2475 circumsta-

382 2502 524 2562 bant
545 2501 1373 2575 dixissent,Amen,continuo
1399 2512 1558 2565 terra
1575 2502 2025 2576 divisa,incolu-

384 2609 540 2652 mem
559 2598 806 2652 matrem
834 2590 1050 2652 emittit
1072 2610 1207 2652 cum
1231 2592 1378 2654 filio.
1407 2591 1477 2654 Et
1505 2593 1666 2653 illico
1693 2594 2026 2654 clamarunt

383 2698 519 2742 cum
540 2678 1090 2744 circumstantibus:
1111 2679 1356 2759 Magnus
1379 2683 1635 2754 es,Deus
1659 2681 2026 2743 Christiano-

383 2767 648 2848 rum,qui
673 2787 782 2829 nos
803 2785 837 2828 a
865 2768 1248 2847 deceptione,
1282 2779 1343 2830 et
1363 2770 1435 2829 ab
1465 2769 1574 2832 hac
1597 2769 1813 2832 acerba
1837 2779 2026 2832 morte

385 2856 650 2919 liberasti
684 2875 790 2936 per
817 2864 979 2917 tuum
1013 2857 1299 2918 famulum
1355 2856 1724 2931 Cornelium,
1760 2867 1816 2919 et
1866 2867 2024 2919 tuam

383 2945 707 3025 potentiam
743 2953 802 3004 et
824 2944 1135 3006 brachium
1161 2945 1336 3006 nobis
1359 2955 1563 3006 notum
1587 2945 2024 3008 retldidisti.Si-

386 3035 629 3112 mulque
658 3031 906 3094 ducenti
939 3041 996 3094 et
1053 3041 1282 3111 septem
1333 3031 1567 3094 Christo
1616 3044 2086 3119 accesserunt.c

385 3121 614 3184 Exhinc
645 3130 840 3184 autem
870 3121 942 3182 ad
966 3121 1309 3184 Cornelium
1336 3122 1646 3184 sedentem
1674 3123 1732 3183 in
1768 3123 2024 3203 quodam

387 3211 652 3293 loco,qui
677 3219 920 3273 vocatur
941 3209 1304 3278 Stailium,et
1327 3213 1642 3273 docentem
1671 3231 1774 3272 eos
1805 3220 1902 3292 qui
1935 3232 2028 3274 ac-

382 3301 698 3374 ce-tebant,
735 3300 1072 3362 Demetrius
1097 3310 1155 3360 et
1178 3299 1465 3362 Evanthia
1489 3301 1860 3362 ventitabant
1891 3322 2025 3363 cum

381 3390 529 3451 lilio.
565 3388 682 3452 Sed
711 3399 770 3451 et
801 3389 1016 3469 reiiqui
1048 3407 1286 3470 quoque
1319 3390 1571 3468 gentiles
1605 3410 1722 3450 non
1751 3391 1870 3468 jam
1906 3411 2027 3451 am-

382 3481 537 3560 plius
567 3479 1077 3560 gentiles,quippe
1101 3479 1292 3561 spinis
1324 3480 1762 3542 incredulitatis
1787 3499 1820 3541 a
1845 3481 2028 3541 Corde

379 3588 487 3632 suo
518 3572 882 3648 expurgatis,
917 3579 980 3630 ut
1010 3577 1168 3630 terra
1191 3569 1368 3644 bona,
1396 3580 1796 3649 susceperunt
1820 3589 2025 3631 semcn

382 3659 639 3739 pietatis,
673 3668 732 3720 et
762 3658 1058 3738 baptismo
1087 3660 1334 3721 fuerunt
1367 3659 1690 3738 obsignati.

2105 1795 2178 1854 εἷς
2239 1794 2329 1849 τὸν
2374 1796 2593 1870 οὐρανὸν
2639 1795 2768 1872 ἄρας
2809 1811 2821 1825 ·
2862 1797 3039 1872 Κύριε,
3075 1798 3102 1851 ὁ
3149 1797 3280 1858 Θεὸς
3312 1798 3426 1850 τῶν
3463 1793 3765 1865 δυνάμεων,

2104 1884 2287 1956 εἶπεν,
2347 1885 2374 1938 ὁ
2421 1881 2724 1940 ἐπιϐλέπων
2781 1885 2867 1940 ἐπὶ
2914 1886 3010 1953 τὴν
3070 1885 3170 1961 γῆν
3215 1888 3302 1941 καὶ
3364 1891 3558 1941 ποιῶν
3619 1882 3771 1946 αὒτὴν

2104 1973 2339 2047 τρέμειν,
2388 1973 2415 2027 ὃ
2462 1980 2534 2045 τῷ
2577 1973 2847 2048 βλέμματι
2907 1995 2997 2029 σου
3042 1976 3221 2037 τήκων
3253 1975 3352 2052 ὅρη
3385 1972 3491 2029 καί
3538 1978 3614 2048 τῇ
3647 1970 3770 2025 ἐπι-

2106 2067 2282 2136 σκοπῇ
2311 2083 2404 2118 σου
2434 2060 2692 2138 ξηραίνων
2749 2060 3029 2142 ἀϐύσσους,
3093 2063 3246 2125 αὐτὸς
3294 2064 3348 2118 εἷ
3418 2063 3629 2138 Κύριος
3691 2063 3770 2114 καὶ

2106 2153 2262 2211 αὐτὸς
2324 2152 2629 2208 εἰσάκουσον
2702 2161 2795 2208 του
2839 2174 3140 2230 στεναγμου
3182 2156 3290 2208 τὼν
3333 2150 3763 2222 πεπεδημένων,

2106 2242 2194 2295 καὶ
2225 2239 2450 2318 ἐξάγαγε
2485 2241 2735 2297 Εὖανθίαν
2768 2241 2874 2297 ἀπὸ
2909 2247 3000 2307 τῆς
3045 2243 3169 2317 γῆς,
3218 2243 3304 2297 καὶ
3360 2241 3444 2314 μὴ
3496 2236 3770 2311 ἀποστρέ-

2110 2333 2218 2403 ψῃς
2280 2331 2340 2384 τὸ
2386 2330 2672 2406 πρόσωπόν
2721 2354 2814 2388 σου
2857 2331 2962 2386 ἀπὸ
3007 2338 3099 2386 τοῦ
3142 2329 3330 2393 παιδὸς
3378 2335 3586 2398 α-Βτῆς,
3640 2326 3768 2382 ἀλλὰ

2109 2418 2348 2496 πρόσχες
2395 2425 2462 2494 τῇ
2495 2425 2648 2497 ψυχῇ
2712 2424 2906 2493 Ξιῦτῶν,
2939 2423 3028 2476 καί
3057 2420 3323 2488 λύτρωσαι
3358 2421 3563 2482 αὖτοὺς
3601 2418 3765 2472 ἕνεκεν

2110 2508 2199 2562 τοῦ
2256 2508 2520 2580 ὀνόματός
2567 2532 2680 2569 σο).
2723 2517 2896 2566 Ταῦτα
2929 2512 3021 2564 τοῦ
3077 2512 3217 2585 ἱεροῦ
3258 2509 3566 2586 Κορνηλίου
3617 2505 3764 2570 εὖξα-

2109 2597 2268 2670 μένου
2316 2599 2400 2652 καὶ
2444 2605 2550 2653 τῶν
2607 2600 2979 2674 περιεστώτων
3022 2600 3083 2654 τὸ
3137 2599 3312 2673 Ἀμὴν
3370 2596 3765 2674 ἐπιφωνησάν-

2109 2707 2238 2764 των,
2285 2684 2582 2764 διασχοῦσα
2626 2690 2660 2754 ἦ
2693 2688 2763 2763 γῆ
2795 2688 3014 2759 εόθέως,
3050 2690 3172 2763 ὑγιᾶ
3205 2691 3303 2753 τὴν
3348 2687 3573 2764 μητέρα
3634 2685 3761 2759 μετὰ

2110 2784 2200 2833 τοῦ
2243 2773 2430 2839 παιδὸς
2462 2775 2742 2832 ἀναδίδωσι
2778 2796 2792 2810 ⁸
2827 2777 2915 2833 καὶ
2961 2777 3169 2843 αὐτίκα,
3209 2777 3387 2855 Μέγας
3423 2779 3450 2832 ὁ
3490 2777 3630 2836 Θεὸς
3667 2779 3762 2828 τῶν

2110 2871 2468 2943 Χριστιανῶν,
2529 2866 2667 2938 μετὰ
2708 2869 2815 2921 τῶν
2863 2865 3236 2938 περιεστώτων
3269 2868 3353 2921 καὶ
3387 2865 3466 2921 ἔτι
3505 2863 3704 2934 ἐϐόων,
3739 2862 3761 2914 ὁ

2107 2953 2208 3017 τῆς
2254 2952 2466 3019 ἀπάτης
2536 2953 2672 3028 ἡμᾶς
2748 2957 2837 3011 καὶ
2895 2962 2986 3012 τοῦ
3041 2963 3229 3030 πικροῦ
3285 2956 3475 3012 τούτου
3538 2952 3763 3008 (lxvi-.03

2109 3038 2194 3096 διὰ
2277 3048 2370 3098 τοῦ
2441 3053 2535 3101 σοῦ
2618 3045 2938 3120 θεράποντος
3006 3046 3300 3119 Κορνηλίου
3363 3043 3755 3119 ἐλευθερώσας,

2110 3138 2199 3186 καί
2241 3131 2334 3198 τὴν
2381 3133 2480 3197 σὴν
2526 3131 2830 3191 δυναστείαν
2887 3135 2976 3190 καὶ
3033 3136 3123 3188 τὸν
3180 3135 3444 3212 βραχίονα
3496 3131 3756 3206 γνωρίσας

2110 3219 2246 3288 ἡμῖν
2284 3236 2296 3248 ⁸
2342 3223 2438 3276 Καὶ
2467 3220 2577 3291 ἅμα
2624 3223 2696 3281 εἰς
2741 3223 2878 3278 ἑπτα
2909 3225 2994 3278 καὶ
3026 3221 3323 3282 διακοσίους
3358 3223 3645 3277 συνέθεντο
3689 3223 3758 3287 τῷ

2110 3314 2343 3384 Χριστῷ.
2409 3309 2497 3374 ἘΞ
2562 3311 2765 3368 ἐκείνου
2823 3313 2997 3368 τοίνυν
3042 3311 3128 3367 ἐπί
3187 3335 3328 3371 τινος
3376 3312 3551 3367 τόπου
3619 3317 3754 3363 Στα-

2109 3394 2218 3451 δίου
2272 3397 2600 3472 καλουμένου
2664 3403 2952 3474 καθημένῳ
3015 3405 3091 3472 τῷ
3155 3400 3432 3476 Κορνηλίῳ
3496 3402 3589 3455 καὶ
3646 3398 3756 3457 τοὺς

2110 3487 2428 3563 προσιόντας
2488 3487 2809 3562 διδασκοντι,
2875 3492 3191 3564 Δημήτριός
3252 3513 3310 3546 τε
3370 3493 3459 3546 καὶ
3542 3487 3755 3545 Εὖανθῖα

2111 3575 2248 3647 μετα
2279 3586 2372 3634 τοῦ
2415 3575 2604 3640 παιδὸς
2638 3578 2884 3656 ἐφοίτων,
2914 3581 3000 3634 καὶ
3032 3577 3148 3634 οὐδὲ
3178 3582 3224 3634 οἱ
3259 3578 3428 3634 λοιποῖ
3492 3576 3755 3640 ’Ἑλλήνες

2111 3666 2189 3720 ἔτι
2237 3663 2504 3730 ’Έλληνες
2537 3671 2672 3734 ἦσαν
2703 3683 2716 3697 ⁸
2770 3666 2908 3722 ἀλλὰ
2955 3669 3048 3732 τὰς
3082 3667 3310 3730 ἀκάνθας
3343 3670 3432 3722 καὶ
3478 3668 3633 3720 οὗτοι
3664 3668 3753 3726 τῆς

380 3750 626 3814 ἀπιστίας
671 3749 777 3804 ἀπὸ
807 3755 904 3814 τῆς
964 3749 1162 3807 ἑαυτῶν
1193 3749 1407 3826 καρδίας
1465 3752 1812 3828 καθάραντες,
1861 3749 2040 3825 ὥσπερ
2071 3773 2150 3815 τις
2185 3755 2253 3828 γῆ
2286 3753 2458 3830 ἀγαθὴ
2487 3757 2578 3810 τὸν
2612 3761 2709 3821 τῆς
2756 3755 3021 3819 εὐσεϐείας
3077 3755 3386 3821 ὕπεδέξαντο
3415 3757 3642 3832 σπόρον,
3677 3748 3757 3807 καὶ

381 3844 457 3911 τῷ
485 3839 810 3912 βαπτίσματι
843 3837 1286 3916 ἐσφραγίσθησαν,

461 3925 762 4006 XLAtque
787 3925 887 3988 ille
909 3927 1500 4006 quidem,postquam
1525 3925 1759 3989 Christo
1782 3928 2023 3988 univer-

2190 3931 2306 3994 Μ’.
2343 3923 2400 3990 ιΟ
2434 3935 2528 3992 μὲν
2556 3937 2644 3990 οὖν
2675 3935 2790 3992 ἐπεὶ
2821 3936 2916 4003 τὴν
2946 3935 3101 3992 πόλιν
3133 3935 3349 4002 ἐκείνην
3401 3942 3581 3991 πᾶσαν
3630 3940 3754 4004 Χρι-

382 4034 507 4079 sam
542 4015 860 4078 obtulisset
893 4015 1283 4089 civitatem,et
1314 4035 1582 4078 errorem
1618 4016 2021 4096 expulisset,el

2126 4028 2219 4095 [τῷ
2277 4024 2610 4100 προσήνεγκε
2651 4026 2737 4080 καὶ
2796 4028 2896 4090 τὴν
2952 4026 3160 4091 πλάνην
3198 4023 3464 4096 ἀπήλασε,
3528 4025 3618 4079 καὶ
3664 4023 3747 4076 τὸν

383 4105 634 4168 verbum
669 4104 905 4186 pietatis
939 4105 997 4165 in
1031 4123 1099 4166 ea
1125 4105 1505 4178 seminassct,
1535 4105 1785 4166 eil‘ectus
1817 4105 2021 4184 plenus

2126 4111 2270 4184 ιόγον
2334 4116 2432 4177 τῆς
2506 4110 2768 4175 εὕσεϐείας
2848 4113 3185 4188 κατέσπειρε,
3250 4112 3463 4188 πλήρης
3542 4113 3750 4184 ἡμερῶν

383 4195 618 4258 dierum
652 4193 1073 4274 spiritualium,
1110 4193 1436 4255 ferventius
1473 4194 1717 4255 vocabat
1749 4193 2021 4269 orationi,

2126 4198 2400 4276 γενόμενος
2447 4204 2552 4256 τῶν
2592 4212 2684 4260 τοῦ
2741 4203 3068 4280 Πνεύματος,
3104 4203 3242 4280 εὒχῇ
3289 4205 3375 4256 καὶ
3407 4199 3588 4267 δεήσει
3633 4203 3746 4269 05;-

384 4294 446 4347 et
469 4283 706 4345 totusin
733 4302 803 4344 ea
827 4283 1279 4354 versabatur,ad
1308 4283 1456 4345 nihil
1490 4302 1560 4344 ex
1593 4283 1689 4357 iis,
1720 4283 1938 4362 quibus
1971 4284 2021 4344 in

2126 4291 2312 4367 αοτὲρᾳ
2355 4291 2689 4368 προσέκειτο,
2744 4293 2833 4347 καὶ
2890 4291 3014 4354 ὂλος
3073 4294 3139 4356 ἦν
3171 4297 3268 4357 τῆς
3304 4291 3512 4345 ἐκεῖθεν
3559 4290 3746 4362 δια¹ε¹⁰⁶

385 4372 671 4453 praesenti
695 4373 811 4434 vita
831 4373 1277 4444 studctur,suos
1303 4372 1582 4433 attollens
1605 4371 2030 4434 oculos.Dein-

385 4479 528 4540 ceps
557 4470 755 4521 autem
781 4461 837 4522 ei
868 4479 1109 4540 quoque
1143 4480 1290 4522 suus
1322 4461 1616 4522 revelatur
1647 4462 2029 4541 excessus,ad

386 4567 564 4630 quem
587 4557 706 4610 toto
730 4549 945 4610 animae
967 4550 1138 4611 oculo
1175 4551 1570 4629 spectabat,et
1593 4561 1718 4612 erat
1741 4561 1978 4630 paratus
2010 4567 2023 4612 :

387 4647 446 4701 et
477 4639 553 4701 de
583 4639 821 4717 superis
851 4656 1056 4700 vocem
1085 4638 1250 4700 audit
1274 4639 1602 4702 dicentem:
1629 4639 2030 4710 Corneli,veni

383 4727 458 4789 ad
491 4725 771 4788 me.Ecce
815 4726 975 4787 enim
1012 4733 1102 4787 est
1135 4726 1242 4786 tibi
1277 4737 1478 4806 parata
1511 4745 1734 4788 corona
1759 4728 2028 4806 justitiaa.

388 4817 542 4890 Quid
569 4815 822 4880 deinde?
856 4814 1004 4879 Cum
1036 4834 1432 4895 omnes,quos
1464 4815 1789 4889 obtulerat,
1826 4815 2032 4878 Chris—

387 4910 578 4971 tianos
606 4918 1016 4988 convocasset,
1049 4915 1108 4970 et
1138 4925 1243 4970 eos
1277 4907 1605 4989 perfectius
1628 4912 1902 4986 pietatem
1930 4907 2033 4968 da-

387 4999 698 5072 cuisset,et
718 4998 970 5060 firmiter
987 4997 1272 5059 doctrina:
1292 4998 1360 5058 ad
1374 4998 1602 5058 haerere
1623 4997 2028 5076 praecepisset,

389 5097 449 5151 et
477 5108 542 5151 se
571 5097 874 5169 postremo
910 5097 1099 5148 totum
1157 5087 1230 5148 ad
1266 5087 1632 5166 precandum
1664 5085 2027 5162 collegisset,

389 5178 576 5239 flectit.
599 5185 890 5256 genu.et:
924 5175 1178 5238 Domine
1231 5179 1389 5238 Deus
1421 5185 1646 5247 noster,
1682 5177 1898 5255 inquit,
1932 5173 2034 5255 qui

391 5283 484 5328 me
502 5266 744 5345 dignum
773 5267 1058 5339 fecisti,ut
1078 5265 1257 5327 fidem
1285 5273 1798 5339 conservarem,et
1823 5275 1884 5324 ut
1909 5283 2036 5326 cer-

2113 4384 2241 4455 γῆς,
2293 4379 2424 4454 πρὸς
2469 4377 2618 4436 οὖδέν
2663 4383 2770 4434 τῶν
2815 4379 2868 4434 ἐν
2911 4386 2979 4454 τῇ
3011 4380 3254 4455 παρούσῃ
3299 4386 3411 4451 ζωῇ
3467 4376 3740 4444 σπουῖαζο-

2115 4465 2288 4538 μένων
2333 4468 2667 4542 μετεωρίζων
2703 4471 2792 4524 τὸν
2851 4468 3148 4547 ὀφθαλμόν,
3213 4467 3486 4524 Ἐντεῦθεν
3518 4469 3611 4522 καὶ
3659 4465 3742 4527 τὴν

2114 4552 2372 4626 ἐκδημίαν
2431 4571 2674 4630 μυεῖται,
2719 4561 2846 4634 πρὸς
2895 4559 2959 4625 ἢν
3005 4557 3112 4632 ὅλῳ
3162 4560 3229 4630 τῷ
3260 4561 3355 4622 τῆς
3413 4561 3603 4634 ψυχῆς
3650 4554 3742 4626 ὃμ-

2115 4665 2243 4716 ματι
2304 4644 2441 4715 ἐώρα
2501 4649 2588 4701 καὶ
2645 4649 3044 4723 παρεσκεύαστο
3079 4664 3092 4677 '

2115 4733 2294 4789 ἀκούει
2355 4732 2619 4810 λεγούσης
2655 4752 2667 4764 ·

3177 4647 3262 4701 καὶ
3319 4645 3501 4724 φιυνῆς
3562 4645 3741 4699 ἄνωθεν

2721 4735 3003 4813 Κορνήλιε,
3073 4736 3240 4813 ἔρχου
3292 4735 3424 4811 πρός
3486 4751 3601 4806 με·
3651 4729 3742 4786 ἰδοὺ

2116 4823 2216 4898 γὰρ
2266 4824 2586 4896 ἡτοίμασταί
2631 4846 2712 4878 σοι
2759 4827 2786 4879 ὁ
2831 4829 2928 4889 τῆς
2973 4823 3312 4889 δικαιοσύνης
3344 4825 3630 4900 στέφανος,
3661 4815 3738 4876 καί

2115 4912 2175 4965 τὸ
2233 4911 2402 4976 ἐξῆς⁵
2464 4911 2620 4974 ὅσους
2709 4913 2914 4976 ἐκεῖνος
2992 4913 3324 4988 προσήνεγκε
3414 4910 3741 4987 Χριστιανοὺς

2116 4999 2618 5074 προσκαλεσάμενος
2665 5003 2867 5066 πάντας
2933 5003 3020 5057 καὶ
3073 5000 3393 5076 τελεώτερον
3454 5004 3644 5063 αὖτοὺς
3691 4997 3742 5050 τά

2114 5093 2214 5153 τῆς
2274 5087 2540 5154 εὗσεϐείας
2569 5089 2898 5170 ἀναδιδαξας,
2962 5092 3048 5146 καὶ
3106 5089 3356 5168 ἂσφαλώς
3396 5089 3620 5167 ἔχεσθαι
3664 5089 3740 5150 τῆς

2115 5175 2454 5241 διδασκαλίας
2488 5181 2864 5257 παρεγγυήσας
2905 5199 2917 5213 ’
2974 5180 3097 5235 εἶτα
3153 5181 3241 5233 καὶ
3278 5177 3402 5234 ὅλον
3445 5178 3740 5255 συναγαγὼν

2118 5267 2301 5322 ἑαυτὸν
2363 5267 2675 5324 τελευταῖον
2735 5270 2808 5332 εἷς
2871 5269 3183 5347 προσευχὴν
3227 5267 3394 5324 κλίνει
3436 5268 3587 5343 γόνυ,
3624 5267 3738 5321 καί·

389 5361 590 5416 tamen
623 5372 999 5434 peragerem,
1033 5362 1092 5416 et
1121 5354 1426 5415 vincerem
1458 5353 1888 5425 adversarium,
1923 5371 2021 5431 ego

2126 5361 2295 5430 Κύριε,
2358 5358 2384 5410 ὁ
2439 5357 2568 5420 Θεὸς
2645 5359 2799 5430 ἡμῶν
2851 5362 3118 5426 Δέσποτα,
3179 5355 3305 5433 ἔφη,
3356 5356 3383 5409 ὁ
3435 5357 3536 5420 τὴν
3587 5356 3741 5409 πίστιν

391 5440 499 5501 tibi
526 5444 745 5519 gratias
780 5464 794 5503 :
829 5442 934 5504 sed
969 5443 1044 5504 ad
1074 5451 1206 5503 tuos
1237 5461 1440 5504 servos
1469 5461 1502 5503 e
1533 5441 1683 5504 ccelo
1711 5443 1935 5521 aspice,
1970 5450 2021 5501 et

2126 5442 2340 5517 τηρῆσαί
2392 5467 2456 5518 με
2518 5445 2851 5509 καταξιώσας
2910 5448 2997 5500 καὶ
3057 5447 3146 5500 τὸν
3207 5444 3386 5521 ἀγῶνα
3434 5441 3645 5498 τελέσαι
3675 5445 3742 5495 καὶ

388 5543 494 5589 eos
526 5531 767 5611 suscipe
796 5549 829 5591 a
855 5539 1057 5592 sancta
1087 5536 1188 5594 tua
1212 5529 1616 5608 altitudine,et
1638 5549 1740 5592 eos
1766 5538 1865 5593 tua
1888 5549 2021 5594 cont

2126 5536 2325 5598 νικῆσαι
2371 5535 2462 5588 τὸν
2506 5533 2893 5610 ἀντικείμενον,
2942 5535 3244 5613 εὐχαριστώ
3276 5553 3380 5594 σοι,
3425 5530 3581 5586 Ἀλλ’
3612 5527 3736 5587 ἔπιδε
