3954 6146
241 312 423 380 1305
458 315 462 319 ’

1305 315 1492 378 VITA
1531 315 1592 377 S.
1639 313 2002 379 CORNELII
2041 311 2582 376 CENTURIONIS.

3482 313 3501 376 1
3517 309 3633 378 306

234 452 343 509 καὶ
394 451 479 509 ἐπὶ
507 452 632 516 τοὺς
682 451 804 516 σοὺς
836 448 1052 514 δούλους
1097 449 1150 516 ἐξ
1197 452 1436 530 οὗρανοῦ,
1473 453 1561 508 καὶ
1621 449 1889 508 ἀντιλαϐοῐ

2037 449 2256 510 ιεείοηθ
2287 456 2344 510 et
2396 449 2647 510 nomine
2710 447 2909 511 stabili
2941 456 3000 512 et
3051 446 3360 525 conﬁrma,
3399 457 3464 510 ut
3507 451 3639 514 sine

235 544 436 601 αὒτῶν
485 541 537 607 ἕξ
568 542 731 618 ὕψους
767 541 919 618 ἁγίου
963 563 1056 598 σου
1087 542 1175 598 καὶ
1224 547 1290 616 τῇ
1351 547 1421 617 σῇ
1453 542 1638 605 αὐτοὺς
1703 545 1908 615 ὁμολο-

233 631 344 707 γίᾳ
407 633 495 687 καὶ
566 637 643 705 τῷ
711 631 932 705 ὀνόματι
1002 628 1272 709 στήριξον,
1335 629 1482 692 ὅπως
1552 629 1905 694 ἀδιαλείπτως

232 717 514 792 δοξάζωσι
571 722 633 777 τὸ
666 720 759 777 σὸν
788 719 956 793 ὅνᾶμα
1011 721 1074 776 τὸ
1103 717 1388 797 πανάγιον,
1437 720 1522 776 νῦν
1553 722 1646 777 καῖ
1679 723 1752 783 εἷς
1784 721 1905 784 τοὺς

227 811 477 874 αἰῶναςο
537 812 625 868 καὶ
676 811 890 867 πάντων
934 809 1122 874 εὐθέως
1171 812 1232 866 τὸ
1284 811 1459 886 Ἀμὴν
1516 811 1904 887 ἐπιφωνησάν-

223 921 387 971 των,
421 901 482 956 τὸ
507 902 712 976 πνεῦμα
742 900 952 980 χαίρων
983 904 1051 966 τῆ
1084 898 1334 956 καλοῦντι
1367 899 1644 976 παρέθετο.

329 979 447 1048 ΙΒ’.
513 979 822 1067 Δημήτριος
881 990 1058 1062 μένεοι
1117 990 1211 1046 σὸν
1259 989 1482 1061 Εὐανθίᾳ
1548 990 1635 1047 καὶ
1685 993 1761 1064 τῷ
1813 991 1910 1064 υἱῷ

227 1083 606 1156 Χριστιανοῖς
674 1101 733 1135 τε
799 1085 930 1136 πᾶσι
996 1081 1121 1141 τοῖς
1179 1077 1607 1156 συνειλεγμένοις
1679 1080 1768 1136 καὶ
1831 1087 1908 1153 σῷ

227 1165 596 1246 πρεσϐυτέρῳ
660 1169 898 1243 Εὗνομίῳ
937 1175 1005 1246 τῇ
1052 1170 1147 1226 τοῦ
1193 1167 1510 1226 διδασκάλου
1561 1167 1790 1243 ἒκδημίᾳ
1844 1171 1910 1228 τὰ

232 1258 438 1314 εἰκότα
495 1256 965 1336 ὲπιδακρόσαντες,
1000 1257 1127 1314 εἶτα
1186 1259 1272 1314 καὶ
1318 1259 1514 1328 κηροὺς
1571 1259 1907 1334 ἀναψάμενοι

231 1348 337 1403 καὶ
401 1346 598 1422 ὕμνους
655 1346 946 1426 ἐξιτηρίους
1007 1347 1300 1421 ἐπᾴσαντες
1358 1349 1444 1404 καὶ
1489 1347 1589 1404 ὅσα
1650 1355 1908 1427 Χριστια-

233 1448 368 1502 νοῖς
431 1437 487 1492 ἐν
531 1438 678 1513 νόμῳ
734 1437 1072 1513 τελέσαντες,
1104 1436 1230 1514 παρ’
1291 1438 1434 1511 αὐτῷ
1476 1444 1553 1512 τῷ
1601 1459 1906 1516 καταστρα-

229 1526 401 1607 φέντι
452 1531 564 1600 ναῷ
605 1533 696 1584 τοῦ
749 1529 872 1592 Διὸς
932 1527 986 1583 ἐν
1027 1534 1095 1604 τῇ
1145 1534 1305 1603 καινῇ
1343 1535 1484 1605 σορῷ
1532 1535 1719 1584 τοῦτον
1766 1549 1903 1585 κατ-

229 1615 464 1695 ἔθεσαν,
525 1615 645 1683 ἥτις
702 1617 804 1673 ὑπὸ
880 1617 1195 1694 Δημητρίου
1249 1623 1319 1692 τῇ
1372 1619 1579 1694 συζύγῳ
1646 1618 1902 1694 πρότερον

226 1706 668 1768 γατεσκεύαστο.
716 1706 884 1764 Βάτον
918 1704 972 1762 δὲ
1025 1711 1060 1778 ἡ
1112 1708 1183 1783 γῆ
1230 1706 1422 1769 εὒθέως
1453 1704 1680 1762 ἀνέδωκε
1741 1708 1901 1785 μεγί-

1991 538 2438 599 intermissione
2477 539 2923 600 sanctissimum
2958 547 3120 600 tuum
3156 557 3376 600 nomen
3405 540 3638 619 gloriﬁ-

1990 637 2147 702 cent,
2185 647 2345 688 nunc
2371 637 2429 689 et
2458 629 2520 688 in
2571 628 2787 690 saecula
2817 630 3200 690 smculorum.
3248 627 3313 690 Et
3348 648 3483 692 cum
3517 650 3640 691 om-

1990 733 2122 791 nes,
2183 717 2420 797 Amen,
2473 718 2757 779 continuo
2827 719 3302 796 acclamassent,
3365 719 3640 801 Spiritum

1993 804 2193 868 libens
2222 806 2278 868 ei
2308 807 2413 883 qui
2445 805 2692 868 vocabat
2725 808 2992 870 tradidit.

2031 982 2358 1065 XIl.Atque
2380 986 2722 1048 Demetrius
2744 987 2982 1067 quidem
3008 996 3069 1049 et
3088 985 3635 1067 Evantbia(3),cum

1991 1071 2115 1133 ﬁlio
2139 1088 2198 1135 et
2229 1074 2586 1137 Christianis
2609 1076 2888 1138 omnibus
2906 1081 3374 1157 congregatis,et
3392 1077 3635 1158 presbyv

1992 1168 2120 1222 tero
2141 1161 2609 1238 Eunomio,cum
2636 1165 2904 1244 magistri
2928 1175 3335 1240 excessum,ut
3359 1184 3462 1246 par
3486 1174 3635 1240 erat,

1991 1250 2501 1332 deplorassent,et
2522 1253 2743 1314 deinde
2769 1273 2979 1316 cereos
2999 1255 3510 1327 accendissent,et
3526 1255 3638 1334 hy-

1991 1345 2418 1416 mnos,quidici
2452 1346 2642 1403 solent
2661 1348 2718 1403 in
2745 1349 3448 1414 excessu,cecinissent,et
3476 1362 3636 1419 quae-

1991 1450 2230 1513 cunque
2262 1433 2336 1494 de
2367 1453 2531 1495 more
2562 1435 2888 1497 Christiani
2943 1437 3186 1511 faciunt,
3223 1435 3591 1518 peregissent
3617 1457 3632 1508 ;

1988 1524 2142 1602 apud
2177 1523 2371 1602 ipsum
2406 1541 2682 1586 eversum
2713 1527 2869 1588 Jovis
2902 1527 3191 1606 templum
3221 1544 3354 1586 eum
3386 1526 3448 1586 in
3479 1542 3635 1586 novo

1986 1611 2184 1674 loculo
2231 1614 2665 1694 deposuerunt,
2701 1616 2802 1695 qui
2836 1615 3002 1696 prius
3033 1635 3066 1677 a
3111 1615 3415 1678 Demetrio
3446 1615 3636 1680 fuerat

1986 1710 2370 1765 constructus
2400 1703 2910 1783 conjugi.Rubum
2934 1715 3131 1767 autem
3158 1705 3481 1766 maximum
3504 1711 3630 1765 ter-

222 1797 376 1861 στῆν
451 1796 540 1851 καὶ
623 1795 719 1863 τὴν
803 1796 959 1874 σορὸν
1043 1794 1222 1867 κύκλῳ
1306 1795 1749 1874 περιεσκέπασεν,
1824 1798 1889 1860 ὡς

2037 1810 2051 1852 ι
2075 1794 2358 1854 continuo
2383 1793 2591 1870 edidit,
2621 1803 2679 1855 et
2702 1798 2760 1854 in
2785 1794 2989 1857 orbem
3023 1795 3164 1856 texit
3184 1793 3630 1870 loculum,adeo

223 1883 452 1960 μηδένα
495 1887 589 1941 τοῦ
616 1883 809 1942 λοιποῦ
857 1883 1071 1960 εἰδέναι,
1107 1883 1241 1960 μηδὲ
1270 1883 1351 1940 ὅτι
1411 1887 1566 1964 σορὸν
1598 1883 1741 1943 ἔνδον
1773 1885 1892 1961 εἴη,

223 1973 388 2042 πλὴν
432 1973 614 2049 μόνων
657 1980 765 2031 τῶν
797 1975 932 2044 μετὰ
984 1975 1296 2052 Δημητρίου
1329 1975 1447 2031 τότε
1491 1974 1893 2050 διακονησαμέ-

223 2086 340 2120 νων
393 2064 524 2141 πρὸς
554 2063 655 2128 τὴν
692 2063 888 2141 ταφήν,
925 2066 984 2120 Οἱ
1013 2062 1078 2130 δὴ
1111 2070 1180 2140 τῇ
1231 2064 1379 2139 βάτῳ
1409 2071 1699 2143 φοιτῶντες
1762 2065 1894 2121 ἐκά-

226 2172 400 2209 στοτε
458 2153 570 2230 ἱερά
599 2173 656 2207 τε
714 2152 930 2226 ᾅσματα
989 2151 1114 2228 ᾖδον
1173 2154 1259 2208 καὶ
1290 2154 1639 2226 θυμιαμάτων
1701 2156 1896 2227 μεστὸν

228 2242 326 2298 καὶ
390 2240 608 2303 εὐωδίας
674 2241 765 2296 τὸν
809 2239 895 2296 ἐπ’
942 2241 1076 2317 αὐτῇ
1130 2241 1258 2318 άέρα
1315 2241 1600 2298 ἒδείκνυον*
1657 2244 1723 2299 τὰ
1762 2245 1896 2299 θαύ-

231 2353 392 2404 ματα
450 2330 632 2402 μέντοι
707 2331 907 2410 συχνὸν
981 2331 1185 2388 ἐκεῖθεν
1252 2331 1487 2410 ἐπήγαζε
1557 2333 1774 2412 χρόνον,
1823 2335 1895 2397 ὡς

233 2419 429 2476 δοκεῖν
475 2433 593 2484 τοῖς
625 2418 853 2483 πολλοῖς
905 2419 1059 2484 ὅσους
1090 2419 1237 2477 ἔνδον
1281 2425 1308 2478 6
1340 2423 1586 2495 μαθητὴς
1646 2421 1895 2480 ἐλάνθανε

229 2512 514 2588 κείμενος,
573 2511 719 2566 θετόν
774 2531 823 2565 τι
883 2511 973 2565 καὶ
1029 2519 1115 2569 νῦν
1173 2511 1275 2578 τὴν
1331 2511 1492 2586 βάτον
1553 2512 1889 2586 αἰνίττεσθαι,

227 2599 423 2677 ὥσπερ
467 2597 533 2666 δὴ
563 2601 658 2656 καῖ
691 2600 777 2656 ἐπὶ
822 2600 1071 2663 Μοϋσέως
1099 2601 1302 2678 ξγίνετο
1343 2603 1625 2680 πρότερον.

1981 1891 2044 1942 ut
2067 1880 2270 1943 nullus
2296 1883 2480 1943 sciret
2502 1882 2576 1944 de
2594 1884 3001 1964 caatero,quod
3027 1885 3182 1945 intus
3201 1893 3358 1946 esset
3375 1882 3625 1954 loculus.

1982 1980 2199 2052 praeter
2222 1991 2328 2034 eos
2355 1973 2519 2034 solus
2543 1975 2642 2054 qui
2668 1994 2802 2035 cum
2835 1975 3140 2035 Demetrio
3177 1983 3315 2035 tunc
3346 1975 3632 2035 inservie-

1978 2070 2118 2122 runt
2149 2061 2220 2123 ad
2258 2063 2656 2143 sepulturam.
2685 2063 2795 2135 Qui
2820 2063 3060 2144 quidem
3083 2064 3156 2124 ad
3186 2062 3400 2124 rubum
3425 2066 3630 2139 quoti-

1979 2151 2077 2212 die
2107 2151 2509 2225 ventitantes,
2545 2171 2712 2214 sacra
2735 2155 3031 2215 canebant
3052 2153 3284 2213 cantica
3309 2151 3633 2214 sufﬁtibus-

1979 2259 2098 2318 que
2123 2248 2181 2302 et
2201 2240 2358 2302 bono
2383 2241 2568 2302 odore
2587 2241 3034 2322 replebant,qui
3057 2259 3239 2321 super
3257 2241 3450 2321 ipsum
3476 2251 3628 2315 erat,

1979 2347 2204 2392 aerem.
2243 2332 2442 2410 Atque
2476 2331 2765 2393 miracula
2814 2332 3057 2410 quidem
3091 2331 3258 2392 illinc
3286 2330 3631 2411 frequenter

1980 2419 2312 2491 scatebant,
2348 2419 2496 2481 adeo
2550 2429 2609 2481 ut
2644 2421 2844 2481 multis
2877 2421 3208 2493 videretur,
3241 2421 3343 2500 qui
3390 2421 3629 2482 nescie-

1979 2507 2120 2569 bant
2150 2508 2314 2570 intus
2337 2509 2544 2587 jacere
2570 2519 3079 2590 martyrem,nunc
3101 2528 3339 2590 quoque
3364 2509 3627 2571 divinum

1975 2597 2215 2679 aliquod
2267 2596 2455 2658 rubus
2506 2598 2870 2678 signiﬁcare,
2921 2599 3076 2660 sicut
3127 2607 3397 2680 tempore
3446 2599 3626 2660 Mosis

1977 2689 2144 2768 prius
2176 2687 2391 2749 factum
2419 2687 2632 2752 fuerat.

1723 2855 1864 2920 CAP
1873 2855 1966 2920 UT
2024 2854 2125 2919 IV.

1205 2983 1276 3046 S.
1337 2983 1618 3048 Cornelii
1673 2985 1972 3058 inventio,
2021 2981 2376 3059 translatio,
2423 2983 2654 3064 imago.

311 3109 425 3182 ιε’.
463 3122 572 3178 Οὐκ
604 3120 772 3197 ὂλίγῳ
801 3119 856 3177 δὲ
884 3121 1099 3199 ὕστερον
1123 3123 1210 3178 καὶ
1236 3125 1263 3179 ὂ
1313 3124 1618 3202 Δημήτριος
1650 3120 1874 3194 ἀπεϐίω,
1898 3128 1938 3178 Γ]

228 3211 321 3267 καὶ
374 3208 566 3267 πολλοὶ
614 3215 716 3266 τῶν
765 3211 868 3266 ὑπὸ
924 3209 1217 3289 Κορνηλίου
1268 3212 1345 3286 τῷ
1393 3213 1515 3284 θείῳ
1571 3211 1883 3267 τελειωθέν-

228 3321 342 3357 των
389 3299 718 3374 βαπτίσματι
768 3302 855 3356 καὶ
885 3299 1031 3356 αὐτοὶ
1090 3300 1266 3376 οἱμὲν
1320 3302 1410 3357 τὸν
1455 3301 1568 3376 βίον
1598 3301 1885 3374 ἀπέλιπον,

231 3393 282 3447 οἱ
341 3388 399 3446 δέ
445 3389 532 3444 καὶ
584 3391 715 3464 πρὸς
763 3388 946 3468 ἐτέρας
996 3390 1181 3469 χώρας
1229 3390 1538 3469 ἐφοίτησαν.
1602 3390 1740 3446 Εἶτα
1789 3398 1886 3446 Σι-

231 3478 419 3552 λυανῷ
476 3500 578 3535 τινι
624 3479 978 3556 ἀσπαζομένῳ
1021 3501 1078 3538 τε
1133 3480 1323 3556 ἀρετήν
1381 3477 1523 3557 ἀνδρὶ
1563 3482 1650 3536 καὶ
1707 3481 1884 3558 θεοφί-

231 3567 347 3641 λετ,
413 3567 474 3632 ’ὃς
515 3570 584 3643 τῇ
627 3567 830 3647 Τρωάδι
876 3568 1188 3631 ἕπεσκόπει.
1253 3569 1524 3646 γενομένῳ
1567 3570 1695 3626 ποτὲ
1752 3571 1888 3626 κατὰ

229 3659 337 3723 τὴν
373 3661 662 3732 Σκεψαίων
690 3657 878 3737 πόλιν,
913 3661 940 3715 'o
969 3662 1112 3720 θεῖος
1144 3658 1274 3736 ἅναρ
1309 3658 1596 3736 Κορνήλιος
1641 3659 1883 3723 ἐπιστάς

229 3745 438 3824 Πολὺν,
485 3745 660 3824 ἔλεγε,
695 3747 892 3825 χρόνον
946 3749 1167 3804 ενταῦθα
1223 3747 1374 3821 οἰκῶ,
1422 3749 1508 3802 καὶ
1565 3747 1729 3811 οὐδεὶς
1787 3748 1888 3804 ἐπ·-

228 3835 503 3911 εσκέψατό
564 3857 656 3909 με,
690 3835 835 3904 πλὴν
889 3836 1068 3912 μόνων
1115 3840 1219 3893 τῶν
1249 3838 1339 3894 ὑπ’
1385 3837 1514 3913 ἐμοῦ
1562 3838 1884 3914 βαπτισθέν-

227 3947 360 3984 των.
431 3923 853 3982 Ἀνασκοποῦντι
909 3926 1025 4000 μεθ’
1084 3926 1289 4003 ἡμέραν
1345 3933 1420 4000 τῷ
1477 3927 1756 4002 ἐπισκόπιρ
1799 3929 1884 3984 καὶ

221 4014 287 4069 τὸ
353 4014 564 4090 ὄνειρον
624 4015 719 4071 οῦκ
784 4014 971 4094 ἔχοντι
1030 4014 1350 4091 συμϐαλεῖν,
1427 4018 1687 4086 φοιτήσας
1746 4023 1883 4092 οὐτῷ

221 4101 390 4159 πάλιν
452 4102 661 4180 ὁᾶγιος
719 4106 792 4168 εἰς
849 4105 945 4171 τὴν
1017 4105 1237 4162 ἐπιοῦσα
1311 4105 1494 4161 νύκτα’
1572 4105 1717 4183 Ἐγώ
1773 4109 1879 4175 εἶμι

229 4189 534 4262 Κορνήλιος
591 4194 618 4248 6
676 4193 1103 4272 ἑκατοντάρχης,
1140 4197 1315 4250 εἶπεν·
1376 4193 1485 4249 ἔστι
1546 4192 1601 4249 δέ
1645 4218 1735 4269 μοι
1794 4198 1882 4252 καὶ

224 4279 386 4344 οἶκος
445 4279 674 4346 πλησίον
707 4289 798 4337 τοῦ
850 4289 976 4338 ναοῦ
1007 4292 1098 4340 τοῦ
1152 4283 1274 4346 Διὸς
1324 4283 1378 4338 ἓν
1424 4283 1489 4358 τῇ
1522 4283 1684 4360 βάτῃ³
1745 4284 1882 4342 ἀλλὰ

223 4369 288 4424 σὺ
334 4371 613 4447 εὖκτήριον
671 4369 850 4448 ἕτερον
909 4373 1051 4448 παρᾶ
1109 4379 1186 4446 τῷ
1246 4375 1345 4428 ταῦ
1377 4373 1686 4449 Εημητρίου
1733 4374 1882 4449 τόπῳ

226 4467 319 4517 τοῦ
361 4456 552 4518 δούλου
597 4465 689 4516 τοῦ
722 4466 854 4516 Θεοῦ
898 4459 1272 4535 οἰκοδόμησον’
1329 4468 1574 4518 καλεῖται
1633 4460 1687 4518 δὲ
1735 4471 1880 4520 Παν-

224 4544 455 4626 δόχεῖον
487 4549 514 4603 ὁ
547 4548 735 4627 τόπος,
771 4549 891 4606 ἔνθα
921 4551 1010 4606 καὶ
1044 4548 1219 4607 πολλὰ
1267 4557 1373 4606 τῶν
1404 4549 1509 4619 ἢδη
1567 4551 1880 4610 τελειωθέν-

222 4657 331 4692 των
361 4637 527 4715 ἁγίων
559 4635 798 4716 ἀδελφῶν
839 4639 1181 4704 κατάκεινται
1214 4640 1461 4712 σώματα,

313 4814 434 4877 ΙΔ¹,
487 4815 692 4874 ’Ἐωθεν
753 4817 841 4873 οὖν
872 4819 899 4873 6
932 4818 1032 4892 μὲν
1081 4817 1374 4884 ἓπισκοιιος
1414 4818 1498 4876 διά
1541 4823 1601 4877 τὸ
1652 4819 1877 4887 πολλοῖς

227 4902 290 4958 τὺ
349 4903 689 4985 Πανδοχεῖον
739 4906 995 4963 πάντοθεν
1039 4904 1326 4987 διωρύχθαι
1379 4909 1587 4988 τάφοις,
1623 4909 1874 4990 ἑτέρωθεν

226 4991 321 5046 τὸν
387 4994 511 5049 ναὸν
570 4993 876 5070 οἰκοδομεῖν
945 4995 1231 5071 ἐσκέψατο’
1298 4995 1420 5053 ἀλλ’
1482 5001 1510 5055 6
1569 4999 1721 5076 ἅγιος
1781 5005 1874 5060 οὐκ

318 5116 372 5188 3)
403 5119 462 5175 S.
514 5118 796 5195 Evantliia
831 5119 1043 5195 colitur
1073 5137 1099 5177 a
1152 5121 1362 5181 Grzecis
1393 5125 1414 5178 t
1455 5123 1777 5195 Septembr.
1810 5133 1871 5184 ut

225 5186 420 5246 videre
479 5201 563 5247 est
595 5193 654 5264 in
686 5192 894 5264 Menol.
929 5204 983 5250 et
1034 5195 1281 5252 Menasis.
1313 5195 1446 5253 Haec
1503 5186 1572 5253 an
1605 5199 1718 5255 alia
1776 5201 1868 5264 sit,

225 5271 344 5333 non
378 5271 462 5333 (st
493 5262 646 5318 unde
676 5263 1034 5333 colligamus.

298 5331 464 5407 (iis.
490 5333 704 5407 §_ilvani
735 5331 846 5407 ep;
864 5335 1276 5404 Philippopolis
1305 5338 1361 5394 in
1397 5339 1874 5407 Thracia,deinde

226 5400 935 5480 Troadis,Vitam,ex'[list.
961 5400 1088 5480 ccci.
1112 5400 1364 5480 Socratis
1389 5410 1487 5465 lib.
1517 5423 1614 5478 vn,
1633 5400 1758 5480 cap.
1781 5411 1869 5476 36,

228 5472 493 5550 dabimus
529 5480 555 5550 l_
586 5476 946 5541 Decembris,
973 5479 1234 5550 adquam
1259 5479 1410 5536 diem
1441 5472 1870 5538 Itomano'Mar;

229 5547 511 5624 tyrologio
542 5547 857 5624 inscriptus
887 5559 991 5624 (ει.
1025 5547 1161 5606 cum
1194 5553 1362 5608 fuerit
1396 5553 1444 5608 is
1472 5551 1542 5608 ad
1578 5553 1871 5624 Philippo-

231 5614 378 5688 polis
396 5614 742 5688 cathedram
769 5637 796 5678 a
920 5622 1105 5678 Attico
1138 5632 1446 5688 evectus,et
1472 5625 1543 5679 ab
1574 5614 1872 5683 eodem'ad

228 5682 613 5750 Troadeusem
640 5692 974 5758 translatus.
1005 5695 1130 5765 qui,
1164 5702 1225 5754 ut
1257 5694 1291 5750 8
1321 5682 1557 5754 Januar.
1594 5682 1868 5765 diximus,

2042 3116 2339 3181 XIII.Non
2365 3119 2552 3180 multo
2578 3127 2712 3199 post
2737 3127 2934 3180 autem
2963 3119 3128 3180 evita
3154 3118 3335 3181 etiam
3362 3126 3625 3182 excessit

1973 3205 2336 3282 Demetrius,
2370 3217 2428 3269 et
2460 3208 2635 3270 multi
2678 3227 2748 3270 ex
2784 3209 2857 3270 iis
2885 3209 2988 3285 qui
3020 3228 3052 3270 a
3081 3209 3362 3270 Cornelio
3388 3210 3626 3272 fuerant

1971 3296 2170 3359 divino
2195 3297 2410 3357 initiati
2436 3297 2881 3378 baptismo,ipsi
2907 3317 3142 3377 quoque
3166 3299 3377 3377 partim
3415 3317 3447 3358 e
3478 3298 3622 3359 vivis

1971 3385 2392 3461 decesserunt,
2429 3388 2647 3465 partim
2678 3398 2877 3447 autem
2922 3386 3176 3465 profecti
3209 3394 3349 3447 sunt
3391 3389 3445 3448 in
3478 3387 3624 3448 alias

1972 3475 2488 3554 regionethaque
2512 3475 2745 3536 cuidam
2782 3476 3019 3538 Silvano
3047 3475 3286 3554 (4),viro
3312 3476 3495 3555 pio,et
3519 3477 3623 3553 qui

1973 3563 2245 3624 virtutem
2271 3564 2836 3642 amplectebatur,et
2860 3573 2984 3625 erat
3005 3566 3328 3644 cpiscopus
3347 3564 3621 3642 Troadis,

1974 3671 2108 3714 cum
2133 3653 2397 3713 venisset
2420 3653 2742 3732 aliquando
2772 3655 2829 3713 in
2863 3653 3157 3714 civitatem
3183 3651 3617 3732 Scepszeorum,

1974 3742 2212 3803 divinus
2237 3743 2294 3802 in
2329 3742 2557 3804 somnis
2588 3762 2883 3823 apparens
2906 3742 3250 3804 Cornelius:
3281 3744 3500 3822 Longo,
3526 3744 3619 3806 di-

1971 3833 2356 3911 xit,tempore
2381 3833 2475 3893 liic
2499 3833 2796 3908 habito,et
2818 3833 3017 3894 nullus
3043 3851 3138 3894 me
3166 3832 3444 3909 visitavit,
3463 3853 3618 3914 ρι’ωσ

1969 3929 2060 3981 ter
2089 3938 2193 3980 eos
2224 3921 2383 3982 solos
2409 3922 2507 4000 qui
2540 3941 2571 3982 a
2599 3941 2692 3983 me
2725 3922 2964 3984 fuerunt
2996 3921 3301 4002 baptizati.
3336 3923 3479 3985 Cum
3504 3925 3618 3984 ita-

1966 4029 2082 4090 que
2105 4009 2369 4071 interdiu
2400 4012 2524 4073 liaac
2549 4021 2750 4073 mente
2768 4012 3184 4075 consideraret
3213 4013 3622 4092 episcopus,et

1965 4099 2106 4179 quid
2155 4099 2272 4159 sibi
2305 4100 2484 4162 vellet
2510 4101 2834 4174 somnium,
2873 4121 2991 4162 non
3043 4111 3238 4181 posset
3268 4102 3612 4184 conjicere;

1967 4197 2149 4248 nocte
2200 4189 2480 4268 sequenti
2509 4189 2582 4249 ad
2635 4209 2768 4250 eum
2804 4208 3011 4252 rursus
3055 4189 3303 4251 veniens
3351 4199 3615 4266 sanctus,

1967 4277 2090 4354 Ego
2124 4295 2280 4349 sum,
2318 4277 2530 4355 inquit,
2567 4277 2880 4338 Cornelius
2914 4280 3186 4340 centurio
3223 4299 3239 4353 ;
3275 4287 3365 4339 est
3418 4289 3616 4340 autem

1963 4365 2109 4425 mihi
2141 4365 2351 4426 domus
2378 4382 2564 4445 prope
2598 4366 2880 4444 templum
2915 4369 3074 4428 lovis
3121 4367 3180 4427 in
3217 4366 3518 4429 rubo.Sed
3557 4378 3616 4428 tu

1905 4491 1942 4544 ί,
1966 4453 2195 4514 aediﬁca
2244 4455 2496 4544 alterum
2531 4455 2855 4544 oratorium
2911 4475 3096 4536 prope
3148 4457 3345 4516 locum
3395 4456 3616 4518 Deme-

1967 4542 2064 4605 trii
2112 4544 2204 4621 (5)
2234 4548 2388 4604 servi
2439 4543 2570 4606 Dei.
2620 4542 2880 4605 Vocatur
2928 4554 3122 4605 autem
3175 4546 3338 4606 locus
3379 4543 3613 4606 Pando-

1966 4631 2166 4693 chium
2202 4633 2287 4712 (6)
2326 4650 2338 4691 :
2396 4652 2509 4713 quo
2545 4633 2606 4693 in
2639 4632 2768 4694 loco
2820 4633 2928 4693 sita
2960 4643 3100 4694 sunt
3133 4634 3321 4694 multa
3368 4654 3621 4715 corpora

1967 4730 2307 4782 sanctorum
2341 4722 2588 4783 fratrum
2615 4723 2738 4802 jam
2778 4732 3356 4784 consummatorum.

2047 4808 2204 4873 XIV.
2241 4813 2414 4873 Mane
2449 4829 2590 4887 ergo
2637 4812 2959 4891 episcopus
2991 4813 3262 4893 quidem,
3301 4821 3620 4892 propterea

1959 4899 2117 4978 quod
2152 4899 2210 4958 in
2245 4901 2586 4962 Pandochio
2638 4909 2840 4960 essent
2871 4903 3034 4961 omni
3086 4919 3155 4962 ex
3193 4911 3356 4980 parte
3387 4899 3611 4963 infossa

1959 4987 2141 5048 multa
2163 4989 2461 5068 sepulcra,
2490 4991 2547 5049 in
2573 4989 2771 5049 animo
2803 4989 3011 5052 habuit
3044 4991 3331 5070 templum
3358 4989 3501 5053 alibi
3526 5010 3609 5052 a3-

1955 5119 2197 5175 decessit
2222 5120 2546 5177 Theodosio
2569 5121 2815 5177 Juniore
2838 5133 2896 5177 x1
2919 5131 2972 5178 et
3009 5123 3408 5180 Valentiniano
3433 5122 3610 5180 coss.’

1956 5191 2013 5264 i_d
2045 5201 2320 5264 estanno
2355 5191 2564 5249 Christi
2607 5191 2732 5256 425,
2767 5191 2906 5249 hinc
2946 5204 3097 5264 patet
3131 5195 3362 5264 quando
3394 5197 3515 5252 haec
3551 5193 3610 5251 S'

1955 5261 2207 5336 Cornelii
2249 5263 2506 5336 inventio
2536 5271 2588 5319 et
2625 5261 3299 5336 translatio'contin'gere
3339 5269 3610 5336 patuerit'

2025 5332 2286 5406 (Sil-line
2321 5334 2544 5390 videtur
2574 5334 2767 5405 colligi
2796 5348 2988 5406 posse,
3024 5332 3210 5406 ipsum
3247 5332 3478 5406 qudque
3501 5339 3609 5392 De-

1957 5404 2227 5460 metrium
2262 5405 2319 5459 in
2351 5410 2565 5462 sanctis
2598 5404 2992 5463 numeratum:
3027 5404 3113 5464 ast
3137 5409 3190 5462 in
3226 5404 3608 5465 nullo'adhuc

1956 5475 2366 5564 Martyrologio
2400 5491 2529 5532 eum
2548 5479 2914 5564 reperimus.

2049 5491 2093 5530 ri
2142 5491 2366 5564 rorogio
2400 5491 2529 5532 eum
2565 5491 2914 5556 reperimus.
3030 5549 3041 5560 _
3262 5547 3275 5560 .

2041 5491 2133 5626 (δῖ
2162 5554 2497 5634 Πανοοχεΐον
2529 5547 2747 5608 dieitur
2775 5550 2950 5628 vulgo
2985 5549 3406 5626 diversorium,
3448 5551 3606 5634 quod

1956 5641 2158 5685 omnes
2191 5627 2397 5700 capiat.
