3954 6146
394 277 418 344 1
430 274 545 344 307

1661 275 1940 376 MENSIS
1979 277 2489 340 FEBRUARIUS.

3650 272 3783 340 i308

389 416 656 480 diﬁcare:
686 414 792 479 sed
820 419 1072 481 Sanctus
1096 435 1212 478 non
1249 415 1543 496 permisit.
1581 413 1725 477 Cum
1753 433 1895 494 ergo
1913 412 2040 474 cle-

2155 412 2281 474 ενίει,
2343 412 2446 469 Τὸν
2473 410 2564 468 ὑπ’
2624 412 2767 485 αὖτῷ
2807 411 2979 469 τοίνυν
3027 410 3236 491 κλῆρον
3288 411 3644 490 συναγαγὼν,
3677 420 3786 479 61-.-

387 525 523 570 rum
550 506 650 588 qui
673 507 784 569 sub
807 526 877 568 eo
897 500 2040 584 erat,c0ngregasset.Filii,inquit,mihi

390 616 645 675 magnus
673 599 971 659 revelatus
1003 604 1092 657 est
1118 596 1473 656 thesaurus:
1512 594 1616 656 sed
1640 594 1867 670 adeste,
1903 609 2039 654 eum

388 689 828 750 t0llamus.Hoc
850 703 987 747 cum
1013 685 1098 746 illi
1124 684 1452 760 audissent,
1479 692 1751 764 prompto
1776 690 1835 744 et
1863 680 2042 743 alacri

392 777 591 840 animo
616 795 826 838 omnes
858 783 1378 856 processerunt,et
1403 775 1752 854 episc0pum
1783 772 2042 834 libenter

391 874 535 930 sunt
573 865 788 928 secuti.
827 863 971 928 Cum
1005 873 1203 927 autem
1240 864 1655 945 pervenissent
1694 863 1766 925 ad
1797 861 2037 936 rubum,

392 954 590 1019 statim
623 954 901 1016 dixerunt
940 954 1151 1016 clerici
1189 957 1515 1034 episcopo:
1548 952 1744 1015 Gratia
1772 952 2043 1033 quaedam

389 1046 513 1108 huc
538 1044 773 1105 advolat
823 1044 1048 1123 divina,
1083 1062 1117 1105 0
1150 1043 1415 1119 domine,
1449 1051 1510 1105 et
1561 1043 1779 1104 multos
1823 1041 2046 1103 scimus

390 1137 510 1199 huc
531 1133 985 1209 c0nﬂuxisse,et
1006 1134 1191 1196 fuisse
1212 1132 1495 1195 liberatos
1513 1150 1547 1194 a
1573 1132 1889 1202 morbis,et
1913 1149 2041 1191 ma-

391 1226 467 1288 lis
487 1223 948 1301 daemonibus,et
970 1225 1324 1304 ascripsisse
1343 1222 1497 1286 rubo
1519 1219 2040 1285 sanationem.Sed

394 1315 521 1377 sive
544 1314 622 1375 sit
645 1315 706 1376 in
730 1313 903 1385 rubo.
927 1333 1033 1377 seu
1062 1313 1171 1376 sub
1205 1312 1355 1375 rubo
1383 1314 1720 1393 thesaurus,
1743 1311 1880 1393 quis
1904 1329 2038 1372 eum

391 1404 615 1485 poterit
639 1402 944 1485 excidere,
969 1410 1027 1464 et
1050 1404 1281 1477 tollere,
1305 1422 1439 1465 cum
1464 1403 1594 1465 ﬁeri
1617 1420 1735 1463 non
1763 1402 2041 1482 possit,ut

391 1500 631 1555 secetur
664 1505 914 1573 pr0pter
945 1492 1442 1571 magnitudinem,
1478 1500 1537 1552 et
1558 1490 1780 1572 alioqui
1808 1509 1919 1551 nec
1954 1489 2042 1551 sic

393 1590 707 1645 attrectatu
729 1582 1019 1657 facilis,ut
1041 1583 1141 1663 qui
1163 1583 1240 1644 sit
1257 1582 1459 1644 multis
1483 1582 1767 1644 terribilis
1798 1588 2044 1661 pr0pter

395 1672 822 1735 miraculorum
855 1673 1315 1753 operationem?
1347 1672 1493 1735 Cum
1527 1680 1723 1733 autem
1769 1678 2043 1751 precatus

2127 501 2315 577 σαυρός
2387 524 2481 575 μοι
2508 548 2524 580 ,
2595 502 2778 561 τέκνα.
2853 501 2991 582 ἔφη,
3064 503 3523 560 ἀποκεκᾶλυπται
3596 501 3783 580 μέγας·

2126 591 2262 645 ἀλλὰ
2316 589 2496 665 ⁵δευτε,
2563 591 2649 647 καὶ
2707 590 3019 667 ἀνελώμεθα
3078 602 3294 652 τοῦτον.
3358 598 3530 650 Τοῦτο
3592 591 3785 648 ἐκεῖνοι

2126 679 2472 753 ἀκούσαντες,
2531 680 2791 758 πρόθυμοί
2850 702 2909 737 τε
2965 681 3182 759 ὥρησαν
3259 682 3490 754 πάντες,
3553 681 3649 738 καὶ
3714 688 3785 751 τῷ

2128 768 2405 843 ἐπισκόπῳ
2462 768 2632 837 ἡδέως
2694 770 2939 834 εἵποντό.
2995 761 3086 834 Ὠς
3144 770 3201 828 δέ
3254 776 3358 839 τήν
3410 772 3583 848 βάτον
3631 770 3785 836 crinis

2125 857 2505 931 καταλάϐοιεν,
2539 860 2687 922 εὐθὺς
2749 862 2796 917 οἱ
2847 860 2940 917 106
2976 859 3164 932 κλέρου
3223 862 3354 939 πρὸς
3406 861 3505 918 τὸν
3566 863 3786 917 ἐπίσκο-

2123 965 2247 1004 πον·
2314 948 2634 1029 Ἐφίπταταί
2689 971 2772 1015 τις
2819 952 3041 1008 ἐνταῦθα
3097 950 3337 1030 θειοτέρα
3370 952 3569 1031 χάρις,
3605 953 3784 1022 εἶπον,

2127 1040 2171 1093 ὦ
2236 1036 2503 1095 Δέσποτα*
2569 1040 2660 1096 καὶ
2730 1037 2962 1105 πολλοὺς
3019 1038 3121 1097 ὧδε
3175 1039 3569 1118 συρῤεύσαντας
3633 1040 3789 1115 ἴσμεν

2127 1128 2215 1183 καὶ
2260 1129 2430 1184 νόσων
2488 1149 2548 1183 τε
2596 1129 2685 1185 καὶ
2716 1127 2964 1206 πονῆρῶν
3022 1127 3285 1204 δαιμόνων
3336 1128 3785 1207 ἀπαλλαγέντας.

2126 1214 2277 1273 Ἀλλ’
2337 1218 2501 1274 εἶκαὶ
2549 1217 2747 1284 ταύτης
2808 1216 2956 1276 ἔνδον
3002 1219 3057 1275 εἶ
3110 1219 3197 1275 καὶ
3226 1219 3329 1275 ὑπὸ
3366 1222 3469 1286 τὴν
3530 1219 3702 1295 βάτον
3760 1221 3786 1273 ὁ

2122 1306 2405 1383 θησαυρός·
2466 1308 2542 1372 τίς
2601 1311 2662 1362 ἄν
2720 1306 2975 1383 ἐκτεμεῖν
3035 1307 3202 1375 αὐτὴν
3270 1305 3483 1382 δύνατο,
3546 1307 3785 1388 ἔφησαν,

2125 1395 2216 1452 καῖ
2260 1402 2447 1452 τοῦτον
2492 1397 2612 1475 ἆραι
2655 1396 2925 1471 τμηθῆναί
2970 1418 3029 1454 τε
3073 1397 3235 1454 οὖσαν
3284 1395 3370 1453 διὰ
3426 1398 3491 1454 τὸ
3553 1397 3783 1475 μέγεθος

2124 1483 2375 1542 ἀδύνατον
2432 1488 2520 1542 καὶ
2570 1484 2749 1551 ἄλλως
2806 1491 2867 1545 οὒ
2919 1485 3097 1564 ῥᾳδίαν
3142 1487 3338 1561 ψαῦσαι
3382 1485 3622 1567 φοϐερὰν
3666 1501 3787 1550 τοῖς

2125 1572 2352 1637 πο)λοτς
2412 1581 2569 1631 οὖσαν
2633 1573 2718 1630 διὰ
2784 1576 2885 1642 τὴν
2951 1582 3057 1633 τῶν
3125 1576 3404 1651 θαυμάτων
3481 1575 3784 1654 ἐνέργεισνο

2127 1661 2408 1737 εὐξάμενος
2468 1667 2556 1719 οὗν
2611 1664 2900 1727 ἐπίσκοπος
2950 1668 3027 1739 τῷ
3085 1672 3203 1739 Θεῷ
3260 1664 3347 1720 καὶ
3402 1666 3498 1722 τὸν

395 1768 558 1825 esset
596 1751 937 1842 episcopus,
977 1771 1036 1823 et
1084 1780 1323 1824 crucem
1361 1762 1586 1823 ﬁxisset
1611 1762 1670 1822 in
1703 1770 1951 1833 terram,
1987 1766 2045 1820 et

2155 1753 2255 1842 πρὸς
2288 1758 2354 1827 τῇ
2511 1751 2677 1819 πήξας
2709 1755 2799 1809 καὶ
2840 1754 2941 1820 τὴν
2987 1767 3151 1833 χεῖρα
3178 1760 3245 1830 τῇ
3286 1756 3432 1831 βάτῳ
3475 1753 3787 1828 ἐπιϐαλὼν,

395 1871 640 1915 manum
665 1851 817 1913 rubo
850 1851 1352 1932 injecisset,ipsas
1380 1851 1604 1913 excidit
1634 1850 2044 1912 radices.Ani-

399 1961 499 2003 m0
541 1943 738 2021 itaque
769 1942 1106 2003 conﬁrmati
1140 1941 1365 2014 clerici,
1399 1959 1547 2020 opus
1595 1939 1874 2001 continuo
1907 1946 2048 2000 sunt

396 2032 695 2111 aggressi:
732 2040 790 2091 et
820 2030 1312 2092 convellebantur
1341 2028 1836 2109 rubus,tanquam
1859 2027 2047 2089 herlia

398 2120 667 2202 quaedam
715 2119 937 2194 mollis,
968 2138 1168 2199 neque
1197 2126 1323 2181 erat
1371 2119 1629 2199 amplius
1659 2117 1845 2179 rubus
1876 2139 1889 2175 :
1939 2117 2044 2178 sed

401 2218 460 2272 et
488 2227 663 2288 capsa
691 2208 975 2270 continuo
1009 2208 1355 2291 apparebat,
1392 2218 1451 2270 et
1499 2208 1693 2269 adhuc
1726 2206 1893 2268 valde
1920 2207 2047 2266 ins-

398 2299 560 2362 tabat
609 2298 955 2380 episcopus,
990 2317 1212 2377 urgens
1266 2298 1616 2360 fossionem.
1654 2297 1797 2360 Cum
1849 2305 2044 2358 autem

390 2389 517 2469 jam
567 2388 908 2450 advenisset
938 2407 1206 2469 vespera,
1242 2395 1518 2469 precatus
1562 2390 1879 2466 episcopus
1917 2404 2050 2447 rur-

398 2498 499 2541 sus
549 2479 713 2541 clero
768 2487 1120 2541 nocturnam
1173 2488 1413 2540 cantare
1465 2476 1880 2557 psalmodiam,
1935 2476 2047 2556 hy.

399 2568 703 2650 mnisque,
739 2568 1114 2649 lampadibus
1142 2577 1203 2630 et
1234 2567 1527 2630 sufﬁtibus
1557 2564 1932 2627 honorabant
1957 2582 2048 2626 ca-

399 2677 589 2739 psam.

479 2747 603 2809 XV.
656 2748 801 2811 Cum
854 2764 992 2808 vero
1040 2755 1387 2826 sumptuum
1439 2764 1676 2825 quoque
1721 2745 1924 2824 inopia
1971 2742 2044 2805 ad

399 2836 818 2897 aediﬁcandum
853 2834 1167 2914 templum,
1203 2834 1521 2895 sollicitum
1556 2844 1614 2894 et
1661 2833 1860 2894 animo
1906 2851 2047 2913 per-

403 2926 643 3005 plexum
691 2932 928 2985 teneret
969 2924 1324 3003 episc0pum
1363 2945 1377 2996 ;
1430 2941 1558 2983 eam
1612 2942 1850 3003 quoque
1881 2923 2053 2984 solvit

405 3012 662 3077 Sanctus
710 3011 1143 3073 dubitationem
1183 3030 1196 3074 :
1255 3022 1313 3073 et
1359 3012 1594 3073 cuidam
1646 3030 1714 3073 ex
1774 3011 2052 3072 divitibus

2129 1841 2320 1905 αὐταϊς
2351 1840 2564 1916 ἐξέτεμε
2608 1842 2796 1919 ρίζὰις⁶
2841 1844 2928 1899 καὶ
2986 1845 3344 1920 θαρσήσαντες
3384 1845 3429 1900 οἱ
3483 1850 3583 1900 τοῦ
3640 1843 3789 1912 κλῆ-

2129 1952 2217 2006 ρου
2249 1931 2395 1994 $606;
2427 1928 2581 2008 ἔργου
2625 1932 2713 1988 καὶ
2742 1933 2889 1990 αὐτοὶ
2938 1932 3166 2012 εἴχοντο
3222 1934 3312 1990 καὶ
3365 1935 3399 2000 ἦ
3459 1933 3632 2008 βάτος
3694 1933 3793 1989 οἷά

2129 2042 2207 2084 τις
2259 2019 2442 2087 ἁπαλὴ
2489 2021 2690 2096 βοτάνη
2750 2019 3009 2094 ἐτίλλετο,
3044 2022 3132 2077 καὶ
3175 2023 3269 2078 οὐκ
3320 2022 3401 2078 ’ἑτι
3458 2022 3631 2097 βάτος
3694 2025 3789 2088 ἦν·

2130 2106 2249 2165 ἀλλ’
2309 2111 2343 2177 ἡ
2377 2111 2529 2189 σορός
2589 2131 2647 2166 τε
2693 2109 2746 2167 ἐν
2808 2110 2974 2188 ὀλίγῳ
3030 2110 3178 2174 εὐθὺς
3234 2111 3577 2190 ὑπεφαίνετο,
3615 2110 3711 2166 καὶ
3768 2112 3795 2164 ὀ

2131 2199 2420 2264 ἐπίσκοπος
2465 2199 2630 2263 πολὺς
2691 2200 2939 2257 ἐπέκειτο
2982 2198 3057 2255 ἔτι
3107 2199 3205 2266 τὴν
3238 2200 3473 2276 ἆνόρυξιν
3527 2200 3795 2256 ἐπισπεύ-

2131 2287 2255 2344 δων·
2317 2288 2577 2367 Ἐσπέρας
2632 2289 2687 2346 δὲ
2746 2287 2849 2356 ἤδη
2902 2288 3307 2368 ἐπιγινομένης,
3354 2288 3793 2367 προσευξάμενος

2132 2381 2159 2433 ὁ
2205 2378 2491 2443 ἐπίσκοπος
2545 2381 2633 2435 καὶ
2661 2379 2805 2443 αὖθις
2858 2379 3132 2457 πάννυχόν
3161 2401 3219 2435 τε
3267 2378 3585 2455 ψαλμῳδίαν
3640 2402 3789 2456 παρ-

2132 2466 2382 2545 αγγέλλει
2442 2474 2518 2541 τῷ
2551 2467 2732 2544 κλήρῳ
2788 2471 2877 2524 καὶ
2905 2467 3091 2543 ὕμνοις
3124 2465 3250 2546 παρ’
3295 2467 3427 2535 ὃλην
3458 2468 3555 2537 τὴν
3622 2470 3789 2525 νύκτα

2130 2558 2216 2612 καὶ
2248 2556 2492 2632 λαμπάσι
2522 2558 2610 2613 καὶ
2639 2558 2932 2633 θυμιάμασι
2960 2557 3059 2625 τὴν
3085 2560 3242 2638 σορὸν
3268 2558 3490 2633 ἐτίμων.

2209 2733 2317 2794 ΙΕ’.
2379 2727 2473 2800 Ὠς
2505 2734 2558 2791 δὲ
2589 2737 2678 2793 καὶ
2706 2738 2741 2805 ἡ
2784 2742 2891 2792 τῶν
2922 2735 3295 2811 ἀναλωμάτων
3325 2736 3455 2814 πρὸς
3483 2736 3586 2795 τὴν
3634 2739 3786 2794 οἰκο-

2134 2823 2446 2901 δομὴ-θῖτοῦ
2497 2826 2599 2881 νεὼ
2657 2827 2850 2902 ἀπορία
2905 2823 3135 2904 φροντίδι
3196 2827 3288 2881 τὸν
3343 2825 3639 2882 ἐπίσκοπον
3702 2826 3789 2881 καὶ

2134 2915 2417 2995 ἀμηχανίᾳ
2473 2914 2660 2990 ἐδίδου,
2727 2914 2837 2972 λύει
2886 2916 2976 2971 καὶ
3018 2916 3217 2981 ταύτην
3250 2917 3277 2971 ὁ
3334 2914 3491 2992 ἅγιος
3533 2918 3628 2971 καὶ
3684 2937 3788 2970 τινι

2135 3012 2240 3061 τῶν
2315 3005 2682 3062 πλουτούντων
2754 3004 3020 3084 ἐπιφανεὶς
3097 3002 3308 3060 εὐσεϐεῖ
3382 3002 3553 3083 ἀνδρὶ,
3612 3003 3787 3078 ὄνομα

407 3102 533 3164 viro
582 3101 676 3182 pio
728 3118 1048 3181 apparens,
1112 3100 1206 3162 cui
1260 3120 1477 3163 nomen
1546 3110 1672 3163 erat
1729 3099 2049 3179 Eugenius,

2155 3096 2393 3173 Ξῦγενίῳ,
2448 3097 2590 3167 αὖτῷ
2649 3095 2748 3161 τὴν
2806 3101 2897 3150 τοῦ
2953 3095 3058 3150 νεὼ
3117 3091 3408 3169 οἰκοδομὴν
3459 3093 3787 3163 ἐπισκήπτει

406 3192 649 3254 mandat
710 3191 766 3253 ei
797 3191 1007 3271 templi
1038 3190 1518 3267 aediﬁcationem,
1555 3200 1613 3252 et
1670 3190 1958 3252 describit
2002 3191 2055 3251 ei

404 3281 641 3344 aediﬁcii
675 3281 922 3359 ﬁguram
952 3289 1009 3341 et
1042 3282 1536 3357 magnitudinem.
1572 3284 1742 3341 Mane
1773 3298 1912 3358 ergo
1944 3279 2058 3340 Eu-

406 3371 616 3450 genius
646 3371 892 3431 veniens
936 3371 1007 3431 ad
1042 3370 1417 3451 episcopum,
1454 3372 1508 3431 ei
1541 3370 1841 3431 renuntiat
1872 3369 2055 3430 visio-

407 3479 570 3534 nem,
607 3470 664 3520 et
710 3459 878 3539 operi
910 3460 1106 3521 statim
1168 3459 1418 3539 praeﬁcit
1468 3459 1882 3532 aediﬁcatores,
1918 3476 2054 3519 cum

410 3549 499 3612 eis
531 3550 697 3630 prius
728 3550 1152 3629 descripsisset
1183 3560 1241 3611 et
1291 3548 1687 3627 signiﬁcasset
1718 3548 1921 3628 templi
1967 3549 2055 3609 al-

406 3638 724 3701 titudinem
774 3647 833 3699 et
861 3639 1325 3718 longitudinem,
1364 3647 1422 3699 et
1480 3638 1704 3698 aditum
1737 3637 1939 3698 altaris
1969 3643 2055 3697 eis

399 3728 683 3808 jussisset
714 3728 1024 3791 latitudine
1059 3729 1184 3791 lieri
1217 3743 1411 3807 capsa;
1440 3727 1727 3808 aequalem
1755 3748 1768 3785 :
1807 3727 1859 3787 ci
1893 3726 2052 3788 enim

403 3818 596 3880 visum
628 3818 819 3880 fuerat
848 3818 1154 3899 deponere
1187 3835 1425 3898 capsam
1457 3816 1616 3879 intra
1645 3834 1833 3880 aram.

459 4002 917 4073 XVI.Postquam
939 4010 1132 4059 autem
1158 4000 1437 4073 templum
1462 4000 1566 4057 fuit
1586 4001 1697 4057 cito
1718 3999 2054 4070 perfectum.

409 4085 521 4144 hoc
543 4102 775 4159 quoque
809 4087 927 4143 Deo
958 4086 1206 4143 faciente
1239 4084 1586 4142 miraculum
1623 4085 1680 4140 in
1714 4085 1930 4150 iocum,
1960 4084 2060 4154 qui

412 4172 626 4231 dicitur
645 4171 1163 4243 Trigoni,\enienu
1184 4187 1209 4226 s
1227 4170 1603 4228 aediﬁcatores
1636 4169 1751 4239 (hic
1774 4167 1926 4224 enim
1950 4166 2055 4224 Sil-

410 4276 597 4319 vanus
615 4259 938 4338 episcopus
965 4257 1288 4335 peragebat
1310 4256 1523 4317 festum
1541 4256 1608 4317 B.
1627 4255 1886 4316 Andreae
1908 4254 2067 4333 Apo-

414 4350 563 4423 toli),
598 4350 654 4410 ei
699 4348 1114 4427 signiﬁcabant
1147 4349 1478 4429 perfectura
1513 4365 1646 4408 esse
1694 4345 2010 4407 aediﬁcium
2047 4365 2061 4407 :

414 4452 475 4503 et
494 4440 623 4502 Jam
653 4450 885 4520 tempus
905 4451 1021 4521 est,
1040 4441 1207 4502 aiunt
1233 4441 1541 4502 transferri
1576 4458 1839 4519 capsam,
1865 4438 2064 4520 prius-

415 4548 590 4611 quam
612 4529 906 4607 ingressui
931 4529 1275 4610 imponatur
1298 4526 1890 4609 superliminare.Sic
1905 4529 2063 4588 enim

415 4618 649 4682 facilius
700 4619 1136 4681 introducelur.
1192 4619 1487 4683 Continuo
1527 4638 1665 4695 ergo
1723 4617 2061 4697 episcopus,

417 4729 555 4773 cum
588 4707 767 4770 simul
823 4727 959 4769 cum
995 4708 1089 4787 pio
1140 4706 1406 4787 Eugenio
1443 4722 1676 4769 sacrum
1711 4705 2067 4783 sumpsisset

415 4799 822 4878 Evangelium,
860 4798 1008 4860 fusis
1042 4798 1206 4878 prius
1233 4796 1536 4879 precibus,
1564 4794 1745 4856 simul
1777 4804 1835 4855 et
1863 4793 2063 4855 Trisa-

417 4894 577 4965 gium
600 4893 775 4964 cmpit
804 4906 1033 4955 canere,
1061 4898 1117 4948 et
1138 4905 1267 4947 cum
1294 4906 1360 4947 co
1383 4904 1585 4947 omnes
1607 4886 1780 4944 simul
1798 4886 2064 4943 eumdem

419 4977 705 5050 hymnum
727 4976 1135 5034 concinebant:
1169 4986 1222 5032 et
1246 4976 1459 5047 (gressi
1495 4983 1627 5031 sunt
1651 4972 2063 5043 supplicantes.

419 5062 640 5119 Deinde
662 5063 833 5119 etiam
869 5077 1036 5133 capsa
1064 5065 1118 5131 (ο
1145 5074 1352 5131 magna
1379 5070 1496 5127 tua,
1519 5058 1789 5124 Domine,
1816 5058 2069 5114 miracu-

421 5147 534 5223 la!)
568 5155 768 5209 secuta
801 5154 888 5207 est
917 5153 1194 5226 tanquam
1237 5145 1518 5214 animata,
1551 5143 1793 5205 nemine
1825 5143 2068 5201 omnino

421 5258 554 5302 eam
608 5248 903 5315 movente,
940 5258 1051 5300 nec
1107 5248 1410 5318 tangente.
1444 5237 1513 5299 Et
1557 5254 1772 5299 omnes
1819 5234 2066 5311 quidem

423 5334 617 5415 primo
638 5344 886 5414 propter
918 5352 1211 5395 summam
1237 5332 1843 5405 admirationem,nec
1876 5329 2069 5390 mira-

422 5421 556 5482 culo
588 5423 856 5501 quidem,
889 5422 1048 5502 quod
1102 5420 1454 5498 cernebant,
1492 5419 1763 5481 volebant
1790 5418 2064 5479 credere:

421 5507 642 5567 deinde
670 5509 839 5587 quasi
866 5511 1328 5573 essentadducti
1359 5511 1420 5570 in
1444 5508 2067 5581 exstasim,exclama-

422 5602 653 5655 verunt:
688 5596 968 5677 Sanctus,
1004 5606 1267 5675 sanctus,
1302 5608 1540 5662 sanctus
1584 5596 1876 5659 Dominus
1907 5596 2068 5659 Deus

2139 3186 2225 3241 καὶ
2262 3187 2322 3241 τὸ
2375 3208 2472 3253 της
2518 3182 2821 3259 οἰκοδομίας
2874 3184 3066 3262 σχῆμα
3123 3186 3211 3240 καὶ
3269 3185 3330 3240 τὸ
3381 3182 3611 3261 μέγεθος
3668 3182 3789 3238 δια-

2138 3274 2349 3352 γράφει,
2413 3274 2617 3332 Ἵῖωθεν
2648 3274 2819 3332 τοίνυν
2873 3275 3004 3351 πρὸς
3036 3273 3126 3329 τὸν
3174 3272 3465 3330 ἐπίσκοπον
3524 3277 3551 3329 ὁ
3619 3272 3786 3349 Εὖγέ-

2140 3386 2249 3427 νιος
2306 3364 2653 3444 ἀφικόμενος*
2722 3361 3053 3442 ἀπαγγέλλει
3111 3363 3254 3437 αὒτῷ
3312 3363 3412 3427 τὴν
3467 3360 3593 3437 ὄψιν
3626 3409 3643 3437 ,
3700 3364 3789 3416 καὶ

2141 3452 2448 3528 οἰκοδόμους
2510 3453 2697 3510 αὐτίκα
2753 3461 2828 3526 τῷ
2884 3452 3024 3530 ἔργῳ
3080 3451 3377 3531 ἐφίστησιν,
3435 3451 3789 3513 ὕποτυπώσας

2139 3544 2392 3621 πρότερον
2425 3545 2606 3603 αὐτοῖς
2667 3543 2754 3598 καὶ
2784 3539 3118 3616 διασημᾶνας
3161 3541 3221 3597 τό
3253 3563 3310 3597 τε
3340 3543 3442 3607 τῆς
3501 3539 3789 3616 οἰκοδομῆς

2138 3632 2423 3706 ἀνάστημα
2478 3632 2655 3687 καὶτὸ
2716 3636 2889 3705 μῆκος
2945 3632 3034 3686 καὶ
3063 3630 3160 3697 τὴν
3216 3629 3432 3687 εἴσοδον
3461 3637 3554 3686 106
3601 3633 3787 3685 θυσια-

2139 3723 2354 3795 στηρίου
2414 3718 2543 3786 ἴσην
2603 3720 2665 3775 τὸ
2705 3718 2905 3782 πλάτος
2960 3718 3143 3782 αὐτοῖς
3192 3725 3260 3796 τῇ
3311 3724 3454 3797 σορῷ
3505 3718 3781 3784 ἐπιτάξας

2139 3808 2378 3867 ἐδέδοκτο
2424 3810 2524 3888 γὰρ
2555 3809 2718 3884 αὐτῷ,
2767 3808 2903 3864 ε’ίσω
2932 3815 3025 3864 τοῦ
3076 3809 3447 3886 θυσιαστηρίου
3477 3808 3577 3874 τήν
3630 3811 3787 3888 σορὸν

2137 3903 2426 3957 καταθεῖναι
2440 3923 2476 3961 ι,

2224 3989 2355 4063 ις’.
2392 3990 2542 4045 Ἐπεὶ
2592 3986 2647 4043 δὲ
2706 3991 2733 4045 ὁ
2794 3990 2917 4052 ναὸς
2962 3990 3034 4053 εἷς
3076 3988 3248 4068 τάχος
3298 3986 3621 4068 ἆπῆρτιστο,
3654 3995 3780 4045 Θεοῦ

2143 4080 2229 4136 γαὶ
2304 4087 2396 4137 τοῦ
2437 4081 2959 4155 θαυματουργουντος
3019 4078 3075 4134 ἐν
3136 4079 3322 4156 χωρίῳ
3378 4078 3666 4156 Τριγώνοις
3734 4079 3779 4135 οἱ

2149 4166 2418 4243 οἰκοδόμοι
2493 4168 2795 4244 γενόμενον
2833 4166 3052 4225 ἐνταῦθα
3096 4168 3197 4246 γὰρ
3257 4170 3280 4223 ὃ
3340 4167 3629 4229 ἐπίσκοπος
3688 4175 3781 4222 Σι-

2149 4259 2338 4321 λυανὸς
2396 4279 2493 4323 την
2537 4266 2628 4314 τοῦ
2686 4257 2948 4331 μακαρίου
3005 4255 3307 4316 ἀποστόλου
3350 4255 3594 4335 Ἀνδρέου
3649 4279 3779 4313 παν-

2149 4350 2336 4425 ήγυριν
2394 4345 2661 4402 ἐτελεῖτο·
2730 4348 2791 4404 τὸ
2850 4344 3000 4409 τέλος
3060 4367 3117 4402 τε
3177 4346 3319 4420 αὐτῷ
3377 4350 3633 4421 μηνύουσι
3687 4351 3779 4411 τῆς

2150 4434 2450 4511 οίκοδομίας
2505 4435 2611 4491 καί·
2648 4434 2810 4513 ”Ωρα
2840 4434 2969 4510 ἤδη,
3001 4436 3149 4515 φασὶ,
3197 4436 3293 4502 τὴν
3334 4437 3500 4514 σοφὸν
3553 4455 3771 4511 μετακο-

2150 4528 2422 4602 μισθῆναι·
2503 4525 2626 4602 ῥᾷον
2695 4527 2795 4604 γὰρ
2867 4526 2928 4581 ἃν
2999 4523 3137 4580 οὕτω
3208 4524 3556 4602 είσενεχθείη,
3630 4524 3766 4586 Εὐθὺς

2150 4617 2237 4674 οὖν
2282 4617 2308 4671 ὁ
2366 4613 2655 4678 ἐπίσκοπος
2701 4615 2812 4688 ἅμα
2855 4621 2932 4688 τῷ
2990 4612 3202 4670 εὒσεὸεϊ
3246 4614 3476 4690 Εὖγενίῳ
3539 4615 3599 4669 τὸ
3644 4614 3762 4689 ἱερὸν

2151 4702 2481 4783 Εὗαγγάλιον
2538 4701 2842 4777 ἀναλαϐὼν,
2918 4707 3087 4781 εὐχῆς
3159 4705 3413 4781 πρότερον
3471 4701 3754 4780 γενομένης,

2149 4798 2282 4870 ἐμμοῦ
2336 4815 2394 4849 τε
2423 4795 2483 4849 τὸ
2538 4795 2822 4873 Τρισάγιον
2869 4791 3092 4869 ἤρξαντο
3136 4790 3299 4864 ᾅδειν
3347 4792 3433 4848 καὶ
3476 4795 3606 4868 ὁμοῦ
3643 4790 3758 4847 πάν-

2147 4907 2239 4947 τας
2298 4882 2442 4955 αὒτῷ
2474 4883 2563 4939 τὸν
2620 4881 2782 4957 ὕμνον
2814 4880 3034 4959 συνῇδον
3091 4882 3180 4938 καὶ
3208 4879 3571 4945 λιτανεύοντες
3626 4877 3753 4953 ἐξῂε-

2150 4989 2267 5031 σαν⁶
2302 4972 2427 5029 εἶτα
2470 4974 2558 5028 καὶ
2605 4974 2634 5040 ἦ
2666 4972 2828 5051 σοφὸς
2858 4971 2926 5051 (ὣ
2955 4977 3058 5028 οῶν
3091 4969 3342 5048 μεγάλων
3374 4994 3488 5043 σου,
3526 4971 3750 5038 Δέσποτα,

2148 5063 2447 5138 θαυμασίων
2483 5060 2526 5142 ί)
2567 5062 2662 5119 οἶά
2705 5084 2784 5125 τις
2832 5061 3079 5140 ἔμψυχος
3111 5061 3302 5117 ε’ίπετο
3332 5063 3431 5117 καί
3470 5060 3620 5135 αὕτη,
3649 5054 3755 5134 μηδ’

2151 5155 2267 5216 sibi;
2328 5153 2704 5217 θποκινοῦντος
2737 5149 2875 5226 μηδὲ
2931 5151 3235 5225 ἀπτομένοῦ
3292 5150 3352 5205 τὸ
3385 5150 3627 5227 παράπαν
3675 5147 3750 5201 αὖε·

2150 5246 2273 5315 τῆς,
2333 5238 2468 5315 μηδὲ
2527 5241 2786 5319 θίγοντος⁹
2862 5241 2951 5296 καὶ
3024 5239 3217 5305 πάντες
3285 5239 3388 5295 ί)πό
3456 5248 3546 5297 τοῦ
3595 5232 3751 5315 σφόδρι

2149 5328 2379 5406 θάμϐους
2439 5335 2622 5409 πρῶτα
2681 5330 2780 5405 μὲν
2838 5327 2950 5388 οὐδὲ
2988 5327 3237 5407 ὁρωμένῳ
3266 5334 3342 5402 τῷ
3398 5321 3617 5401 θαύματι
3671 5344 3746 5379 πι-

2152 5421 2352 5477 στεύειν
2396 5420 2596 5488 ἠξίουν,
2644 5418 2875 5477 Ἔπειτα
2940 5416 3307 5492 ἐξεστηκότες,
3344 5416 3559 5495 ”Αγιος,
3616 5414 3747 5492 ἅγιος.

2150 5509 2323 5588 ἅγιος,
2385 5510 2569 5587 Κύριος
2649 5506 2896 5582 Σαϐαὼθ,
2957 5507 3199 5586 ἔκραζον
3261 5510 3289 5563 ὁ
3367 5505 3452 5563 διὰ
3534 5513 3616 5562 τοῦ
3682 5508 3752 5555 σοῦ

2149 5600 2467 5680 θεράποντος
2502 5596 2793 5679 Κορνηλίου
2835 5598 2903 5657 τὰ
2958 5598 3024 5655 σὰ
3052 5597 3317 5674 θαυμάσια
3367 5597 3577 5661 καὶτὰς
3628 5588 3749 5650 δυνὰ-
