3954 6146
150 314 334 383 1309

1219 307 1407 373 VITA
1450 310 1514 373 S.
1558 300 1924 373 CORNELII
1952 298 2405 374 CENTURION
2415 310 2512 371 IS.

3406 307 3566 375 1310

142 454 356 520 στείας
423 454 563 529 ἡμῖν
618 449 955 532 φανερώσας·
1025 448 1260 506 ἐντεῦθεν
1331 448 1418 505 καὶ
1477 448 1525 503 οἱ
1591 443 1866 523 περιλεισι

1975 438 2206 532 abaoth,
2232 440 2334 521 qui
2368 460 2477 522 per
2496 441 2783 507 famulum
2807 450 2970 506 tuum
3005 443 3349 510 Cornelium
3378 447 3566 510 ntira-

162 545 405 626 σφθὲντες
436 550 545 601 τῶν
577 539 706 602 Ἐλλ
718 539 854 608 άνων
898 539 1230 602 ἐπίστευσαν,

270 722 353 782 IZ'
368 766 382 782 .
447 723 544 780 Καί
572 722 607 789 ἡ
659 719 783 789 λιτὴ
812 719 971 777 πάλιν
1015 719 1100 775 ἐπὶ
1128 719 1220 775 τὸν
1274 719 1399 775 ναὸν
1430 716 1626 798 ἐχώρει
1658 716 1745 771 καὶ
1803 714 1837 780 ἡ

173 816 347 892 σορὸς
387 810 599 875 εἴπετό.
636 809 787 867 Ἐπεὶ
817 806 872 866 δὲ
920 810 991 874 ὡς
1022 810 1112 865 τὸν
1171 808 1297 864 ναὸν
1328 807 1603 888 ἀφίκοντο,
1639 806 1685 861 οἱ
1740 802 1837 878 μὲν

174 904 337 961 ’ἐνθεν
388 900 483 960 καί
541 900 686 958 ἔνθεν
745 899 1002 978 ἔστησαν,
1036 901 1262 977 ὁρῶντες
1308 896 1430 955 ὅποι
1489 894 1614 961 τεῆ
1677 894 1839 971 σοφὸς

175 991 524 1072 προϐήσεται
579 990 676 1048 καί
725 1002 819 1047 ποῖ
862 987 1141 1055 στήσεται,
1191 977 1254 1043 Ἠ
1312 985 1397 1043 διὰ
1427 985 1605 1061 μέσωθ
1667 982 1839 1042 αὐτῶν

179 1083 285 1140 καὶ
332 1081 432 1150 τῆς
503 1078 734 1157 πλαγίας
794 1076 968 1145 πύλης
1026 1077 1249 1135 ἐλθοῦσα
1299 1080 1395 1145 τῆς
1455 1073 1649 1149 δεξιᾶς,
1706 1073 1837 1138 ἔστη

1925 528 2061 592 cula
2084 540 2180 593 tua
2225 541 2283 592 et
2330 532 2584 596 virtutes
2608 534 2787 596 nobis
2817 536 3126 616 aperuisti.
3167 538 3319 599 Hinc
3348 538 3568 600 factum

1922 629 2039 692 est,
2074 629 2138 682 ut
2168 622 2270 702 qui
2302 634 2715 685 remanserant
2745 642 2816 686 ex
2848 625 3151 704 gentibus,
3186 628 3530 691 crederent.

2004 709 2190 775 XVII.
2226 710 2297 773 Et
2336 731 2545 774 rursus
2575 713 2634 775 in
2683 715 2969 795 templum
3004 719 3296 797 processit
3332 717 3568 800 suppli-

1921 800 2099 875 catio,
2139 810 2198 862 et
2229 820 2408 880 capsa
2444 803 2831 883 sequebatur.
2871 806 3194 883 Postquam
3227 819 3426 871 autem
3461 826 3566 869 ve-

1923 898 2146 954 nerunt
2198 895 2259 951 in
2312 891 2595 971 templum
2656 893 2744 954 illi
2804 895 3049 973 quidem
3105 898 3245 959 hinc
3290 905 3350 959 et
3395 897 3564 960 illinc

1923 981 2345 1053 constiterunt,
2381 981 2673 1055 videntes,
2707 1003 2964 1062 quonam
3008 995 3167 1048 esset
3206 1005 3383 1068 capsa
3423 1005 3565 1068 pro-

1924 1089 2190 1146 cessura,
2222 1078 2279 1131 et
2306 1069 2549 1132 ubinam
2593 1080 2836 1136 statura.
2883 1072 2988 1135 Illa
3037 1083 3235 1139 autem
3268 1094 3376 1159 per
3409 1084 3572 1157 ipsos

189 1171 428 1239 πλησίον
487 1177 582 1227 τοῦ
608 1170 1011 1247 θυσιαστηρίου,
1043 1168 1132 1225 καὶ
1190 1171 1449 1247 μηχανῆς
1480 1165 1694 1231 ἁπάσης
1745 1184 1842 1241 γε-

1975 1160 2162 1222 iedios
2193 1167 2248 1222 et
2281 1160 2583 1222 lateralem
2620 1172 2846 1241 portam
2890 1170 3158 1246 veniens,
3210 1185 3340 1247 quae
3371 1175 3501 1229 erat
3538 1185 3572 1229 a

191 1262 463 1338 νομένης,
516 1259 656 1316 ὥστε
713 1258 881 1326 αὐτὴν
938 1256 1074 1313 εἵσω
1129 1266 1223 1315 τοῦ
1280 1256 1652 1333 θυσιαστηρίου
1709 1275 1845 1328 μετ-

1975 1260 2199 1324 extera,
2237 1248 2397 1311 stetit
2429 1268 2616 1330 pr0pe
2646 1270 2807 1314 aram
2839 1276 2851 1312 :
2898 1254 2990 1315 cui
3023 1255 3302 1318 omnibus
3331 1256 3569 1318 adhibi-

186 1362 463 1428 ενεγκετν.
542 1340 605 1405 Ἠ
650 1346 705 1404 δὲ
738 1345 1120 1423 ἐμετακίνητος
1163 1346 1250 1402 καὶ
1307 1346 1379 1409 είς
1408 1343 1486 1400 ’ἐτι
1545 1341 1714 1421 μένέι,
1743 1344 1847 1408 θη-

1980 1359 2008 1401 s
2040 1339 2357 1419 machinis,
2418 1347 2480 1401 ut
2530 1358 2601 1402 ea
2657 1341 3080 1406 transferretur
3129 1344 3201 1407 ad
3249 1364 3438 1426 aram,
3470 1347 3573 1408 illa

188 1440 389 1519 σαυρὸς
446 1438 736 1515 θαυμάτων
801 1437 894 1493 οὒκ
950 1434 1264 1508 ἐπιλείπων,
1297 1431 1592 1495 ἀπόλαυσις
1638 1429 1844 1497 πολλῆς

1975 1437 2135 1490 lauet
2163 1428 2490 1491 immobilis
2534 1448 2723 1512 usque
2754 1433 2812 1492 in
2843 1433 3204 1495 hodiernum
3233 1434 3416 1507 diem,
3454 1435 3570 1497 mi-

1930 1518 2271 1580 raculorum
2316 1518 2638 1581 thesaurus
2669 1539 2786 1581 non
2840 1522 3150 1598 deﬁciens,
3185 1543 3255 1586 ex
3286 1543 3400 1605 quo
3432 1542 3573 1605 per-

1934 1608 2152 1689 cipitur
2184 1625 2398 1685 magna
2427 1609 2711 1689 spiritalis
2744 1611 2964 1673 utilitas
2996 1621 3055 1674 et
3086 1615 3296 1693 gratia.

285 1706 398 1780 IH',
445 1704 705 1762 Σιλυαδοῦ
773 1704 826 1761 δὲ
898 1712 992 1763 τοῦ
1048 1701 1345 1761 ἐπισκόπου
1406 1699 1848 1772 τελευτήσαντος,

2014 1694 2249 1786 XVIII;
2266 1695 2416 1758 Cum
2441 1708 2640 1759 autem
2676 1697 2948 1763 Silvanus
2977 1701 3339 1766 decessisset
3359 1705 3432 1777 (7)
3453 1705 3579 1786 epi-

196 1801 306 1867 τὴν
377 1776 474 1873 μὲν
544 1792 835 1873 Τρωαδέων
893 1792 1191 1860 ἐπισκοπὴν
1248 1790 1584 1863 Ἀθανάσιος,
1641 1791 1741 1871 τήν
1798 1786 1853 1843 δὲ

1975 1804 2180 1867 copns,
2204 1784 2639 1848 Troadensium
2667 1789 2907 1868 quidem
2932 1793 3298 1873 episcopatui
3323 1776 3576 1857 Athana.

199 1888 488 1963 Σκεψαίων
533 1882 921 1960 Φιλοστόργιος
981 1882 1393 1961 ἐγχειρίζονται,
1444 1879 1597 1939 Ἐπεὶ
1654 1877 1707 1935 δὲ
1766 1881 1854 1935 καὶ

1975 1877 2086 1951 ius,
2122 1873 2556 1955 Philostorgius
2586 1878 2672 1958 (8)
2722 1889 2920 1941 autem
2950 1880 3381 1962 Scepszeorum,
3420 1903 3577 1964 pra-.-

199 1982 233 2037 ὁ
306 1971 614 2058 φιλευσέϐτὶς
650 1973 860 2037 ἐκεῖνος
923 1971 1173 2049 Εὖγένιος
1236 1971 1493 2028 κατέλυσε
1553 1972 1640 2027 καὶ
1697 1974 1855 2034 αὐτὸς

1984 1966 2253 2029 cinntur.
2284 1969 2594 2058 Postquam
2627 1983 2764 2029 vero
2798 1970 2959 2048 prius
2992 1991 3230 2053 quoque
3259 1973 3359 2034 ille
3388 1975 3580 2052 Euge-

200 2056 492 2143 tovvﬂiov,
547 2061 902 2140 προτρέπεταί
962 2082 1078 2116 τινα
1126 2061 1406 2141 ζωγράφον
1466 2062 1491 2116 ὁ
1555 2060 1851 2137 Φιλοστορ-

1975 2056 2077 2116 ius
2106 2057 2363 2117 excessit
2392 2074 2424 2115 e
2456 2057 2593 2130 vita,
2628 2058 2946 2138 quemdam
2985 2061 3274 2140 pictorem
3308 2063 3579 2125 hortatur

204 2179 356 2236 γιος,
388 2154 558 2213 πάντο
617 2173 674 2208 τε
704 2152 909 2230 γράψαι
940 2151 1032 2206 τὸν
1076 2151 1200 2206 ναὸν
1232 2151 1319 2206 καὶ
1377 2151 1474 2217 τὴν
1503 2156 1596 2206 τοῦ
1644 2159 1855 2222 Κοριη-

1975 2145 2403 2223 'hilostorgius,
2438 2153 2497 2205 ut
2529 2156 2588 2207 el
2630 2155 2816 2208 totum
2872 2150 3155 2230 templum
3188 2152 3487 2233 depingat,
3524 2161 3583 2214 et

206 2247 326 2303 λίου
382 2244 561 2301 είκύνα
617 2239 918 2303 σπουδαίως
975 2239 1028 2295 ἐν
1084 2241 1229 2315 αὒσῷ
1272 2241 1602 2312 ἕκτοπῶσαι,
1638 2239 1724 2294 καὶ
1783 2241 1858 2302 ὡς

1975 2236 2204 2298 lornelii
2264 2236 2515 2314 eﬂigiem
2574 2236 2634 2299 in
2686 2257 2756 2299 eo
2804 2239 3125 2318 diligenter
3173 2243 3487 2323 exprimat,
3524 2251 3583 2305 et

208 2334 433 2392 δυνατὸν
505 2336 597 2388 σὺν
666 2329 904 2408 ἀκριϐείᾳ
960 2328 1402 2404 κεκοσμημένην,
1459 2327 1606 2392 ὅπως
1678 2335 1858 2404 γηρῷν

1975 2344 2116 2407 ;nam
2152 2326 2278 2386 ﬁeri
2313 2334 2512 2406 posset
2542 2329 2988 2391 accuratissime
3029 2340 3202 2393 ornet
3228 2351 3241 2394 :
3271 2352 3488 2413 nempe
3518 2341 3581 2394 ut.

213 2447 277 2482 τε
307 2423 412 2492 ἤδη
446 2422 672 2502 γραφείη
705 2420 794 2477 καὶ
837 2420 1008 2494 ἑαυτῷ
1050 2419 1386 2475 παντάπασιν
1430 2416 1640 2479 ἐόικώς⁸
1687 2414 1859 2473 ἐδεῖτο

1975 2420 2176 2474 setiam
2200 2431 2377 2474 senex
2399 2419 2825 2489 pingeretur,et
2844 2421 2925 2477 illi
2949 2422 3060 2492 ipsi
3085 2426 3325 2480 omnino
3348 2424 3578 2482 similis.

217 2519 308 2572 οὖν
368 2516 396 2571 δ
429 2501 747 2591 Ἐγκράτιος
786 2511 871 2566 τοῦ
928 2509 1078 2586 ἁγίου
1108 2509 1288 2587 (τοῦτο
1323 2508 1420 2585 γὰρ
1478 2511 1545 2576 ἦν
1575 2506 1744 2581 ὄνομα
1791 2511 1866 2579 τῷ

1975 2501 2215 2582 togabat
2248 2520 2391 2580 ergo
2420 2512 2688 2566 sanctum
2721 2503 3033 2569 Encratius
3062 2509 3205 2588 (hoc
3246 2510 3408 2571 enim
3456 2518 3582 2572 erat

220 2600 508 2683 ζωγράφῳ)
573 2598 870 2675 ἐκκαλύψαι
924 2600 1066 2673 αὖτῷ
1134 2598 1236 2664 την
1295 2597 1502 2683 οὒκείαν
1569 2595 1732 2676 ἰδέαν,
1793 2598 1866 2659 ὡς

1975 2610 2165 2654 nomen
2180 2596 2498 2666 pictori),ut
2513 2598 2565 2654 ei
2579 2613 2741 2655 suam
2760 2600 3030 2658 revelaret
3048 2603 3443 2675 speciem.quo
3458 2620 3582 2660 eam

222 2694 285 2749 ἂν
343 2682 617 2769 ἐπιτυχῶς
668 2710 725 2744 τε
784 2687 948 2756 αὐτην
1006 2688 1094 2743 καὶ
1149 2687 1281 2764 πρὸς
1338 2682 1604 2764 ἀκρίϐειαν
1646 2686 1866 2761 γράψειε

1975 2690 2089 2762 ῳιο
2113 2689 2170 2743 οι
2190 2689 2468 2743 accurate
2490 2682 2877 2763 depingeret:
2902 2695 2958 2746 et
2978 2686 3155 2749 simul
3171 2706 3328 2768 aegre
3350 2688 3582 2751 ferebat

221 2784 311 2839 καὶ
341 2782 454 2857 ἅμα
497 2777 870 2858 ἐδυσχέραινεν
926 2778 1021 2833 ἐπὶ
1082 2775 1148 2842 τῆ
1185 2782 1273 2832 τοῦ
1305 2774 1600 2831 ἐπισκόπου
1653 2773 1864 2851 ἐντελῇ,

1975 2774 2286 2832 nandatum
2311 2775 2591 2845 episcopi,
2617 2785 2669 2833 et
2690 2778 2968 2848 quasdam
2990 2792 3106 2837 non
3134 2782 3310 2837 nimis
3340 2781 3580 2839 honori-

224 2873 316 2928 καὶ
364 2842 512 2933 τινας
558 2842 663 2926 οὐκν
717 2867 1010 2945 εὐφήμους,
1053 2863 1147 2920 καί
1191 2865 1323 2942 πρὸς
1381 2865 1470 2920 τὸν
1529 2864 1680 2940 ἇίγιον
1727 2864 1866 2942 ἠφίει

1975 2860 2097 2920 icas
2129 2876 2307 2920 voces
2339 2842 2651 2922 emittebat
2680 2842 2740 2921 in
2772 2870 3062 2938 sanctum,
3098 2865 3296 2926 animo
3321 2884 3391 2928 ex
3424 2865 3589 2926 omni

225 2980 429 3040 φωνας,
465 2955 826 3034 ἀπορούμενος
883 2954 1140 3010 πάντοθεν
1195 2954 1282 3008 καὶ
1328 2950 1511 3017 δεινῶς
1555 2952 1728 3008 ἀλύων
1786 2950 1866 3008 διά

1975 2958 2121 3040 iarte
2152 2949 2490 3040 perplexius,
2516 2959 2578 3011 et
2593 2950 2763 3012 valde
2786 2952 2990 3026 tristis,
3021 2962 3081 3014 et
3099 2964 3413 3035 propterea
3432 2955 3586 3034 quod

222 3038 276 3104 τε
332 3047 432 3115 τὴν
462 3045 665 3102 ἐκείνου
715 3049 812 3111 τῆς
842 3041 984 3105 ἰδέας
1040 3040 1283 3120 ἄγνοιαν,
1332 3045 1430 3097 καὶ
1463 3043 1524 3097 τὸ
1569 3041 1645 3115 μὴ
1690 3040 1865 3120 ἔχειν,

1975 3038 2218 3100 nesciret
2243 3038 2405 3099 illius
2424 3040 2709 3118 speciem,
2743 3049 2802 3101 et
2831 3043 2985 3121 quod
3009 3062 3127 3105 non
3153 3053 3587 3124 posseteonse-

220 3137 370 3200 ὅπως
435 3134 497 3191 ἂν
529 3140 635 3191 τῶν
664 3139 764 3200 τῆς
797 3132 971 3204 ὅψεως
1016 3131 1378 3210 χαρακτήρων
1411 3129 1668 3210 ἐφίκοιτο.
1734 3131 1866 3187 [Ιοτὲ

1975 3127 2054 3204 [ui
2074 3128 2455 3189 characteres
2482 3135 2538 3189 et
2568 3130 2788 3205 figuras
2819 3131 3035 3194 vultus.
3062 3135 3209 3195 Cum
3238 3132 3442 3214 itaque
3474 3134 3590 3196 ali-

219 3226 395 3284 τοίνυν
462 3230 562 3291 τῆς
632 3222 896 3298 κλίμακος
966 3221 1234 3294 ἐκπεσὼν,
1309 3219 1390 3298 ἐφ’
1461 3224 1527 3289 ἧς
1598 3219 1864 3292 ἐϐεϐήκει,

1975 3216 2191 3297 [nando
2206 3217 2526 3277 cecidisset
2551 3236 2583 3278 e
2601 3218 2960 3299 scalis,quas
2976 3221 3350 3303 ascenderat,
3353 3223 3593 3302 jacebat

227 3317 428 3377 Simon:
485 3335 542 3370 τε
591 3312 765 3370 ἔκειτο
821 3311 908 3367 καὶ
952 3309 1233 3377 σκώληκες
1267 3314 1313 3365 oi
1356 3310 1454 3383 μὶν
1498 3308 1740 3385 ἐξεῖρπον
1785 3308 1866 3365 διὰ

1975 3325 2072 3366 ton
2097 3307 2362 3386 spirans:
2401 3317 2459 3367 et
2491 3325 2723 3368 vermes
2752 3308 2850 3369 alii
2884 3311 3125 3389 quidem
3160 3331 3265 3391 per
3293 3330 3360 3373 os
3393 3330 3597 3391 prore-

227 3413 323 3463 τοῦ
379 3409 670 3478 στόματος.
707 3403 768 3460 Οἱ
815 3399 870 3456 δὲ
898 3399 1058 3457 πάλιν
1102 3400 1372 3475 εἰσῄεσαν·
1404 3396 1627 3472 ὲῴδεσον
1656 3397 1711 3454 δὲ
1770 3398 1866 3476 ἄρα

1975 3395 2194 3470 iebant,
2240 3395 2321 3456 aii
2372 3403 2569 3456 autem
2616 3415 2823 3460 rursus
2873 3398 3386 3478 ingrediebantur.
3453 3401 3592 3462 Visa

226 3501 337 3552 τῶν
395 3491 686 3572 δυσφήμων
745 3491 960 3548 ἐκείνων
1014 3488 1190 3568 λόγων
1250 3489 1396 3545 εἷται
1438 3490 1666 3567 καρπὸς,
1700 3490 1788 3553 οὓς
1843 3490 1866 3544 ὁ

1975 3492 2102 3546 sunt
2130 3493 2324 3545 autem
2358 3484 2483 3547 hinc
2516 3504 2651 3546 esse
2699 3487 2925 3549 fructus
2976 3488 3217 3551 illorum
3271 3490 3591 3552 verborum

190 1532 569 1606 πνευματικῆς
600 1525 859 1607 ὡφελείας
892 1525 981 1583 καὶ
1012 1524 1263 1605 χάριτος.

229 3584 515 3663 ζωγράφος
573 3582 867 3657 ἀνιώμενος
900 3579 1105 3657 ἔλεγεν·
1152 3576 1303 3636 Ἀλλ’
1348 3579 1503 3637 αὐτὸς
1549 3580 1629 3658 ε’ί,
1665 3581 1875 3658 Κορνή-

230 3676 344 3751 λιε,
414 3671 653 3735 πάντως*
729 3673 756 3726 ὁ
828 3671 916 3727 καὶ
986 3665 1208 3747 σφοδρὸν
1276 3669 1415 3725 κατὰ
1505 3675 1597 3725 σοῦ
1667 3669 1877 3725 πνέοντι

234 3764 495 3840 πρότερον
552 3759 847 3838 Δημητρίῳ
873 3760 974 3826 τὴν
1030 3770 1260 3836 γυναῖκα
1318 3759 1406 3815 καὶ
1434 3759 1526 3814 τὸν
1576 3760 1684 3817 υἱὸν
1714 3781 1879 3838 χαρι-

234 3855 494 3928 σάμενος,
553 3850 787 3907 ἐντεῦθεν
834 3847 941 3907 οὐδ’
997 3848 1084 3905 ἐπὶ
1130 3846 1293 3904 πλέον
1351 3848 1416 3903 τὰ
1473 3852 1569 3915 τῆς
1624 3850 1879 3923 τιμωρίας

235 3945 463 4008 ταθῆναι
520 3945 598 4014 τῷ
655 3938 918 4018 ζωγράφῳ
985 3936 1236 4016 ἠνέσχου.
1296 3935 1603 4016 Ἐπιφανεὶς
1650 3938 1750 4015 γὰρ
1809 3939 1879 4002 είς

236 4032 340 4099 τὴν
414 4029 689 4103 ἐπιοῦσαν,
763 4028 852 4084 καὶ
929 4031 1027 4094 τῆς
1103 4024 1272 4092 δεξιᾶς
1344 4027 1500 4082 αὐτὸν
1563 4024 1881 4102 λαϐόμενος,

1961 3572 2416 3649 maledicorum,
2446 3594 2578 3655 quae
2608 3574 2816 3638 dolore
2845 3578 3099 3640 affectus
3124 3581 3316 3659 pictor
3336 3580 3593 3643 dixerat.

1962 3662 2080 3726 Sed
2103 3664 2228 3743 ipse
2251 3682 2317 3726 es
2339 3665 2607 3738 omnino,
2641 3685 2674 3727 ο
2699 3666 2958 3743 Corneli,
2990 3670 3090 3749 qui
3124 3670 3425 3732 Demetrio
3456 3689 3597 3748 gra-

1963 3752 2116 3815 viter
2136 3753 2197 3814 in
2221 3759 2278 3815 te
2299 3754 2463 3833 prius
2486 3755 2741 3835 Spiranti
2767 3775 3013 3819 uxorem
3039 3768 3096 3819 et
3119 3759 3306 3820 ﬁlium
3332 3760 3598 3834 donasti;

1966 3853 2329 3924 quapropter
2350 3861 2466 3904 non
2492 3844 2853 3926 sustinuisti,
2869 3857 2933 3907 ut
2955 3847 3096 3909 huic
3114 3849 3325 3928 pictori
3349 3849 3604 3931 amplius

1967 3932 2399 4013 produceretur
2430 3933 2814 4014 supplicium.
2841 3937 2987 3998 Cum
3020 3940 3177 3999 enim
3203 3940 3302 4001 die
3332 3939 3605 4020 sequenti

1966 4021 2025 4084 ei
2043 4022 2442 4103 apparuisset,
2464 4031 2524 4084 et
2541 4043 2780 4086 manum
2801 4026 2933 4105 ejus
2955 4028 3254 4090 dexteram
3273 4031 3607 4110 apprehen-

240 4116 504 4185 ἀνέστησὲ
562 4139 618 4172 τε
651 4117 808 4174 οἱονεὶ
864 4113 1200 4174 καθεύδοντασ
1248 4115 1335 4170 καὶ
1393 4113 1480 4171 δύο
1522 4122 1685 4172 ταῦτα
1723 4116 1866 4193 μείγι⁴

1975 4111 2177 4188 disset,
2212 4130 2349 4173 eum
2384 4130 2627 4192 surgere
2670 4114 2833 4187 fecit,
2884 4117 3041 4178 velut
3072 4117 3469 4181 dormientem
3502 4141 3514 4182 :
3550 4127 3608 4181 et

234 4230 344 4265 στα
400 4204 768 4285 κατεπράξατο
824 4207 922 4272 τὴν
979 4202 1279 4261 ἀκόλαστόν
1322 4225 1376 4259 τε
1428 4204 1529 4281 γὰρ
1579 4204 1866 4283 ἐπαιδαγώ·

1975 4202 2097 4263 hazc
2115 4201 2233 4262 duo
2250 4203 2391 4264 fecit
2410 4203 2698 4282 maxima;
2726 4223 2861 4266 nam
2879 4207 3459 4285 etintemperantem
3476 4210 3608 4289 ejus

239 4317 411 4376 γησεν
470 4299 613 4370 αὐτῷ
645 4293 892 4374 γλῶτταν
922 4295 1013 4351 καὶ
1059 4294 1158 4360 τὴν
1192 4293 1279 4350 ἐπὶ
1307 4298 1375 4369 τῇ
1404 4293 1596 4372 ἀπορίᾳ
1623 4299 1722 4362 τῆς
1754 4317 1866 4372 γραι

1975 4291 2233 4368 linguam
2250 4293 2585 4374 castigavit,
2601 4302 2659 4355 et
2679 4295 2907 4356 curavit
2923 4297 3190 4358 dolorem
3215 4317 3283 4360 ac
3305 4300 3603 4378 aegritudi-

240 4387 349 4465 φῆς
403 4385 579 4451 λύπην
653 4385 740 4440 καὶ
801 4384 897 4451 τὴν
968 4383 1188 4459 ἀθυμίαν
1258 4383 1624 4459 ἐθεράπευσεν,
1685 4388 1780 4443 οὒκ
1832 4388 1866 4440 ἐπ

1975 4399 2315 4455 nem,quam
2340 4396 2656 4455 acceperat,
2682 4397 2982 4457 propterea
3006 4391 3158 4461 quod
3187 4394 3605 4465 nesciret,quo-

241 4450 408 4532 εἰκόνι
466 4474 568 4530 τινὶ
626 4474 716 4529 καὶ
758 4473 908 4546 τύπῳ
957 4474 1045 4527 καὶ
1105 4471 1435 4549 ὁμοιώματι,
1468 4470 1585 4527 ἀλλ’
1619 4473 1777 4534 αὐτός
1831 4496 1866 4529 τι

1976 4450 2494 4550 modo-pingeret,
2515 4490 2633 4531 non
2664 4472 2727 4532 in
2760 4473 2976 4551 ﬁgura,
3011 4450 3272 4554 imagine
3303 4485 3363 4538 et
3391 4450 3611 4539 siniili-

243 4565 390 4638 αὒτῷ
445 4562 857 4641 συγγενόμενος,
895 4561 976 4617 καὶ
1031 4562 1153 4625 οἶος
1194 4561 1259 4628 ἦν
1291 4560 1391 4627 τὴν
1434 4561 1645 4641 μορφὴν
1687 4561 1888 4619 ἐπιδεί-

243 4650 361 4714 ξαςο
421 4648 609 4725 ἀμέλει
641 4651 731 4706 καὶ
777 4650 932 4726 ὑγιὴς
968 4652 1111 4713 αὖθις
1161 4651 1189 4705 ὁ
1248 4648 1522 4728 ξωγράφος
1574 4651 1748 4728 ὡρᾶτο
1802 4651 1891 4707 καὶ

245 4740 413 4812 σῶος,
447 4739 534 4795 καὶ
589 4737 732 4803 ὅλως
786 4740 890 4794 τῶν
945 4735 1246 4803 σκωλήκων
1303 4735 1745 4815 ἀπηλλαγμένος,
1796 4740 1893 4797 καί

243 4830 345 4895 τῆς
378 4827 581 4907 τέχνης
625 4823 793 4884 πάλιν
823 4827 1146 4903 ἁπτόμενος.
1185 4827 1369 4882 Ἔνθεν
1425 4848 1506 4882 τοι
1537 4826 1631 4882 καῖ
1663 4828 1891 4906 ἀνέγρα-

247 4923 348 4990 ψεν
407 4915 569 4972 αὒτὸν
621 4916 812 4972 ὁποῖον
859 4913 999 4992 εἶδε,
1031 4913 1240 4981 πολλὴν
1297 4914 1395 4980 τὴν
1450 4913 1702 4983 ἀλήθειαν
1760 4918 1896 4993 μετὰ

249 5011 348 5072 τῆς
406 5005 613 5083 τέχνης
665 5002 913 5079 ἐμϐαλὼν
970 5010 1039 5081 τῇ
1096 5008 1294 5084 γραφῇ,
1355 5003 1545 5083 εὐχαῖς
1606 5005 1764 5064 αἶ)τοῦ
1805 5017 1898 5066 τοῦ

250 5095 405 5172 ἁγίου
475 5094 661 5173 χάριτι
720 5093 819 5148 καῖ
891 5090 1253 5173 φιλανθρωπίᾳ
1320 5095 1414 5149 τοῦ
1488 5094 1672 5170 Κυρίου
1739 5099 1895 5171 ἡμῶν

314 5222 396 5295 (7)
427 5221 537 5295 Hic
567 5230 655 5279 est
676 5222 1067 5295 fortassisqui
1117 5223 1366 5295 sessioni
1393 5223 1677 5280 6roncilii
1703 5223 1895 5295 Ephe.

242 5293 358 5351 sini
418 5293 810 5365 subscripsit;
874 5293 1223 5365 Athanasius
1275 5297 1586 5365 episcopus
1643 5293 1895 5361 civitatis

245 5366 669 5443 Scepsiorumg
698 5364 948 5443 indeque
971 5364 1253 5443 Troadem
1286 5365 1625 5443 translatus:
1650 5368 1894 5443 ideoque

247 5435 382 5494 cum
413 5435 828 5505 Pbilostorgio,
854 5435 969 5494 suo
1002 5438 1062 5493 in
1121 5437 1239 5491 sedi
1262 5452 1314 5492 ω
1346 5435 1725 5506 Scepseusem
1759 5435 1892 5501 suo-

249 5520 503 5578 cessare,
542 5507 633 5563 hic
657 5509 778 5578 agit
800 5506 868 5563 de
890 5508 947 5565 S.
975 5507 1217 5564 Cornelii
1241 5507 1637 5576 Scepsaeorum
1665 5520 1894 5578 patroni

248 5577 538 5660 pingenda
598 5577 974 5660 imaginezﬁt
1020 5579 1290 5660 quisquis
1324 5577 1898 5660 fueritnTrogadensis

251 5648 756 5715 hie’Athanasins’,
790 5649 933 5709 obiit
965 5648 1118 5708 certe
1148 5648 1282 5708 ante
1312 5648 1630 5708 concilium
1654 5650 1898 5718 Chalco-

1976 4558 2200 4635 tudine,
2225 4560 2330 4620 sed
2358 4578 2495 4622 vere
2517 4580 2650 4622 cum
2677 4581 2746 4623 eo
2772 4581 3128 4642 congressus
3151 4576 3209 4627 et
3228 4567 3421 4629 forma
3451 4569 3614 4649 quali

1974 4659 2133 4711 esset
2157 4649 2508 4712 ostendens.
2544 4649 2702 4723 Quin
2734 4653 2907 4713 etiam
2957 4654 3085 4733 ipse
3117 4657 3305 4736 pictor
3334 4657 3489 4720 visus
3525 4668 3614 4720 est

1974 4756 2185 4799 rursus
2204 4757 2386 4801 sanus
2408 4748 2467 4800 et
2488 4740 2707 4816 salvus,
2731 4750 2793 4802 et
2822 4750 3066 4804 omnino
3099 4745 3384 4808 liberatus
3412 4767 3446 4809 a
3475 4767 3611 4812 ver-

1977 4828 2195 4905 mibus,
2230 4838 2289 4890 et
2325 4848 2531 4891 rursus
2559 4840 2746 4893 artem
2772 4851 2939 4894 suam
2974 4853 3271 4914 egressus.
3302 4838 3454 4899 Hinc
3485 4839 3610 4901 fac-

1976 4925 2106 4978 tum
2141 4926 2252 4991 est,
2284 4930 2349 4979 ut
2381 4938 2515 4981 enin
2551 4919 2725 4982 talem
2760 4921 3056 5001 pingeret,
3090 4925 3326 5004 qualem
3360 4927 3611 5002 viderat,

1976 5005 2168 5086 ipsam
2195 5006 2367 5085 plane
2399 5009 2706 5071 veritatem
2750 5029 2884 5072 cum
2915 5020 3041 5073 arte
3084 5015 3364 5093 injiciens
3391 5016 3454 5077 in
3483 5017 3615 5099 pic-

1978 5104 2195 5172 turam,
2249 5097 2542 5177 praacibus
2585 5098 2776 5179 ipsius
2823 5100 3044 5174 Sancti,
3092 5106 3282 5182 gratia
3329 5097 3526 5169 autem
3560 5116 3618 5170 et

1980 5234 2580 5316 donense,_nam_huic
2604 5235 2955 5307 subscripsit
2984 5256 3008 5291 ι
3034 5237 3278 5297 Pionius
3312 5243 3619 5316 episcopus

1979 5306 2223 5362 civitatis
2264 5305 2521 5363 Troadis.
2560 5325 2584 5358 ι

2050 5377 2126 5455 (8)
2146 5378 2385 5455 Conci_l_ii
2428 5377 2913 5455 Chalcedonensis
2937 5378 3146 5455 actioni
3179 5382 3246 5438 t6
3273 5402 3297 5436 ε
3323 5384 3619 5455 piogenes

1977 5452 2281 5527 episcopus
2310 5449 2494 5527 Cynici
2553 5449 2889 5527 metropolis
2919 5450 3209 5527 dtﬁniens
3252 5449 3616 5527 subscripsit,

1978 5530 2032 5576 et
2061 5520 2609 5593 profabsentibus...
2661 5520 3050 5590 Philostorgio
3105 5523 3400 5593 Scepsii...
3440 5520 3524 5587 uti
3566 5520 3621 5589 et

1978 5591 2189 5647 actioni
2216 5592 2251 5649 6
2291 5591 2407 5661 ubi,
2442 5611 2467 5642 ιι
2502 5591 2847 5665 Eustorgius
2892 5614 2913 5645 υ
2950 5591 3294 5666 appellatur.
