3954 6146
408 221 553 289 1311
1661 233 1944 297 MENSIS
1985 236 2496 303 FEBRUARIUS.
3664 243 3815 310 l3i2

399 358 723 463 clementia
765 360 1010 463 Domini
1060 363 1254 463 nostri
1296 366 1436 463 {esu
1488 365 1734 463 Christi,
1767 388 1905 431 cum
1939 390 2017 452 qu

2141 373 2321 442 Ἰησοῦ
2375 382 2622 463 Χριστοῦ,
2687 376 2804 452 μεθ’
2862 377 2922 435 οὗ
2994 384 3073 451 τῷ
3126 380 3308 460 Πατρὶ
3364 379 3496 455 ἅμα
3559 387 3638 455 τῷ
3687 382 3818 463 ἁγίῳ

400 451 561 550 Patri
606 453 781 550 simul
816 472 950 550 cum
980 462 1189 550 sancto
1219 453 1470 550 Spiritu,
1505 456 1717 550 gloria,
1753 460 2018 550 potentia

2128 464 2390 540 Πνεύμοτι
2424 451 2590 538 νδόξα,
2650 451 2868 543 κράτος,
2930 467 3065 544 τιμῆ
3138 451 3263 528 καὶ.
3297 451 3697 550 προσκύνησις

402 540 597 603 honor
626 552 684 603 et
713 542 982 605 adoratio
1014 544 1075 604 in
1104 545 1324 605 saecula
1354 546 1736 610 saeculorum.
1763 548 1978 615 Amen.

2127 553 2248 618 τοὺς
2292 554 2511 618 αἰῶνας,
2546 540 2744 630 Ἀμήν,

839 896 1493 985 ΜΑΡΤΥΡΙΟΝ
1580 900 1805 987 ΤΟΥ
1867 903 2207 990 ΑΓΙΟΥ
2272 905 3340 997 ΜΕΓΑΛΟΜΑΡΤΥΡΟΣ

876 1524 1549 1612 MARTYRIUM
1620 1524 2017 1612 SANCTI
2085 1528 2222 1612 ET
2293 1529 2646 1617 MAGNI
2714 1531 3289 1618 MARTYRIS

1632 1758 2478 1879 .TRYPHONIS.

392 1986 591 2057 (Latine
636 1987 767 2061 apud
797 1989 1002 2048 Surium
1032 1988 1093 2045 ad
1122 1989 1255 2046 diem
1288 1990 1321 2045 2
1368 1989 1627 2047 Februarii
1653 2006 1672 2062 ;
1708 1991 2046 2119 GraecaErangc
2069 1992 2295 2133 Eligit?
2342 1994 2595 2067 prodeunt
2623 2013 2685 2052 ex
2717 1996 2864 2055 codd.
2894 2011 3021 2053 mss.
3054 1994 3200 2051 Paris
3248 2011 3304 2052 n.
3358 1997 3507 2055 1178
3536 2004 3595 2055 et
3628 1997 3799 2055 1450.

466 2356 513 2417 Ι.
531 2353 679 2418 Cum
696 2354 985 2420 Dominus
1006 2367 1064 2421 et
1082 2358 1240 2422 Deus
1255 2368 1312 2421 et
1333 2357 1614 2422 Servalor
1630 2365 1835 2422 noster
1857 2358 1887 2423 J
1895 2377 2022 2421 esus

2200 2361 2291 2423 A'.
2351 2368 2455 2419 Τοῦ
2487 2365 2673 2439 Κυρίου
2702 2366 2791 2422 καὶ
2824 2369 2956 2422 Θεοῦ
3012 2362 3107 2420 καί
3141 2364 3394 2441 Σωτῆρος
3435 2366 3602 2440 ἡμῶν
3667 2364 3791 2431 ἰη-

386 2441 682 2520 Christus,
707 2455 1019 2528 postquam
1045 2449 1205 2512 Deus
1229 2457 1289 2512 et
1309 2450 1489 2511 homo
1516 2449 1587 2511 ad
1622 2449 1897 2511 homines
1918 2450 2022 2512 ad-

2123 2461 2208 2511 306
2267 2460 2494 2531 Χριστοῦ
2550 2455 2686 2528 μετά
2746 2455 2842 2511 τὶν
2913 2451 3221 2531 θεανδρικῆν
3277 2456 3437 2512 αὐτοῦ
3487 2456 3627 2530 πρὸς
3692 2455 3790 2510 ἀν-

388 2534 668 2611 venisset,
705 2545 766 2597 et
796 2538 969 2599 tertio
1001 2538 1096 2600 die
1125 2559 1159 2600 a
1192 2540 1436 2601 mortuis
1470 2538 1853 2619 surrexisset,
1884 2541 2022 2602 etad

2123 2542 2351 2614 θρώπους
2421 2540 2731 2620 ἐπιφάνειαν
2803 2543 2891 2600 καὶ
2946 2543 3045 2608 τὴν
3107 2542 3168 2599 ἐκ
3225 2550 3425 2617 νεκρῶν
3482 2545 3785 2621 τριήμερόν

385 2624 623 2686 Patrem
648 2644 783 2688 cum
813 2628 1005 2707 gloria
1027 2638 1186 2690 esset
1210 2639 1572 2710 assumptus,
1608 2629 1668 2690 in
1702 2629 2022 2710 discipulos

2123 2633 2321 2709 ἔγερσιν
2379 2634 2465 2688 καὶ
2497 2634 2628 2708 πρὸς
2682 2634 2775 2688 τὸν
2825 2632 3032 2709 Πατέρα
3075 2633 3214 2705 μετά
3240 2630 3398 2699 δόξης
3456 2632 3781 2708 ἀνάληψιν,

384 2712 594 2774 effudit
626 2712 915 2795 Spiritum
943 2726 1217 2781 sanctum
1248 2727 1309 2780 et
1330 2736 1434 2779 eos
1466 2717 1669 2778 divina
1691 2719 2022 2797 cognitione

2123 2723 2204 2777 imi.
2256 2722 2376 2784 τούς
2449 2722 2691 2795 μαθητὰς
2743 2722 2832 2779 καὶ
2890 2719 3225 2785 ἀποστόλους
3283 2723 3347 2778 τὸ
3419 2721 3641 2797 Πνεῦμα
3716 2723 3775 2777 τὸ

382 2800 653 2882 implevit
707 2812 764 2865 et
811 2806 1046 2883 virtute,
1102 2824 1172 2868 ex
1223 2808 1351 2884 ejus
1399 2806 1775 2885 plenitudine
1804 2806 2022 2885 accepil

2123 2812 2265 2889 ἲγιον
2338 2810 2673 2889 ἐκχεαμένου
2717 2813 2805 2867 καὶ
2875 2811 3126 2888 γνώσεως
3183 2809 3408 2890 ⁴πλήρεις
3462 2812 3773 2890 ἐργασαμέ-

384 2891 663 2953 universa
699 2903 884 2970 terra,
919 2902 977 2957 et
1009 2914 1219 2957 omnes
1250 2895 1529 2957 homines
1570 2895 1813 2957 fuerunt
1845 2899 2022 2975 parti~

2123 2924 2225 2979 νου,
2281 2900 2341 2956 ἐκ
2399 2910 2493 2958 τοῦ
2548 2900 2911 2979 πληρώματος
2979 2902 3150 2957 αὒτῶν
3224 2903 3256 2969 ἡ
3315 2901 3574 2975 σὺμπασα
3636 2922 3772 2976 μιτ-

383 2979 547 3058 cipes
569 2981 710 3043 doni
743 2984 902 3063 quod
936 3004 1001 3046 ex
1040 3003 1111 3046 eo
1143 2984 1500 3047 emanabat:
1538 2993 1595 3044 et
1622 2983 1856 3046 liberati
1888 2987 2028 3066 qui-

2113 2988 2270 3046 ἑλαϐε
2328 2991 2399 3067 γῆ
2433 2991 2521 3046 καὶ
2577 2990 2769 3054 πάντες
2803 2991 3067 3068 ἅνθρωποι
3099 2996 3197 3057 τῆς
3255 2988 3306 3055 ἐξ
3338 2990 3511 3047 αὒτῶν
3574 3012 3770 3069 πηγα-

390 3070 529 3132 dem
557 3080 696 3133 sunt
725 3091 759 3134 a
790 3074 1055 3135 tenebris
1086 3076 1433 3154 ignorantiae
1464 3082 1521 3136 et
1551 3074 1746 3136 cultus
1773 3076 2028 3137 simula-

2112 3080 2306 3151 ζοόσης
2384 3078 2711 3159 μετέχοντες
2779 3078 3000 3156 δωρεὰν,
3071 3080 3166 3136 τοῦ
3226 3080 3421 3136 σκότου
3492 3079 3594 3154 μὲν
3663 3084 3767 3145 τῆς

394 3179 667 3223 crorum:
698 3181 846 3225 verte
875 3176 1075 3227 autem
1108 3165 1231 3226 luci
1262 3164 1370 3226 Dei
1397 3164 1756 3243 cognitionis
1786 3184 2030 3226 evasere

392 3250 741 3315 familiares.
776 3256 922 3317 Nam
956 3274 1090 3317 cum
1124 3273 1243 3317 non
1275 3273 1452 3315 secus
1486 3273 1552 3315 ac
1580 3253 1778 3315 divina
1808 3263 1867 3314 et
1896 3255 2029 3317 luce

390 3340 667 3403 micantia
692 3343 946 3420 fulgura,
976 3364 1082 3425 per
1103 3365 1313 3407 omnes
1335 3346 1485 3406 ﬁnes
1521 3354 1944 3423 percurrentes
1971 3354 2028 3406 et

382 3449 501 3491 non
531 3449 768 3511 parvam
828 3436 1146 3497 afferentes
1196 3436 1745 3514 illuminationem,
1800 3437 2026 3513 egressi

383 3530 585 3583 essent
608 3524 882 3602 apostoli,
941 3544 1151 3588 eorum
1205 3527 1308 3606 qui
1366 3524 1671 3601 videbant,
1703 3525 2027 3588 illustratos

383 3611 612 3687 oculos,
648 3633 723 3675 ne
756 3625 1059 3678 momento
1090 3616 1334 3696 quidem
1382 3615 1672 3693 temporis
1709 3634 1841 3676 mox
1874 3623 2027 3677 sive-

2113 3170 2327 3246 ἀγνοίας
2372 3168 2807 3245 ἅπηλλάττοντο,
2855 3176 2933 3242 τῷ
2989 3168 3226 3242 ἀληθινῷ
3281 3166 3336 3224 δὲ
3366 3170 3465 3234 τῆς
3520 3171 3764 3246 θεογνω-

2112 3260 2226 3320 σίας
2286 3265 2708 3335 προσῳκειοῦντο
2779 3259 2935 3333 φωτί.
3013 3261 3258 3327 Καθάπερ
3326 3259 3425 3335 γὰρ
3498 3257 3763 3335 ἀστραπαῖ

2109 3352 2250 3404 θεῖαι
2296 3349 2385 3404 καὶ
2442 3345 2715 3427 διαφανεῖς
2743 3352 2793 3405 οἱ
2838 3348 3126 3405 ἀπόστολοι
3168 3348 3235 3403 τὰ
3284 3346 3486 3425 πέρατα
3542 3345 3761 3421 διαδρα-

2112 3440 2324 3514 μόντες,
2362 3441 2449 3493 καὶ
2492 3436 2651 3503 ἄλλος
2707 3437 2840 3495 ἄλλο
2911 3437 3009 3504 τῆς
3042 3436 3359 3511 οἰκουμένης
3418 3436 3579 3514 μέρος
3636 3433 3762 3491 δια-

2109 3526 2548 3605 κληρωσάμενοι,
2619 3528 2708 3583 καὶ
2772 3533 2877 3583 πᾶν
2941 3526 3084 3591 ἔθνος
3156 3525 3250 3582 ιιαῖ
3322 3532 3493 3582 πῦσαν
3563 3524 3759 3604 χώραν

2110 3620 2323 3679 ἑαυτοῖς
2367 3619 2454 3673 καὶ
2510 3616 2667 3673 πόλιν
2725 3614 3148 3694 διανειμάμενοι,
3210 3616 3302 3671 τὸν
3344 3620 3444 3681 τῆς
3499 3614 3763 3684 ἀληθείας

379 3710 517 3761 runt
547 3701 763 3764 sedere
787 3704 848 3764 in
876 3705 1165 3768 tenebris.
1196 3705 1364 3766 Alius
1381 3713 1481 3766 aut
1511 3704 1687 3766 aliam
1713 3703 1874 3764 orbis
1894 3723 2022 3785 par-

2123 3710 2377 3783 τπινθῶρα
2416 3706 2621 3769 τούτοις
2676 3703 2948 3780 ἐνέϐαλον,
2984 3706 3042 3770 ὃς
3096 3704 3218 3761 κατ’
3275 3703 3454 3782 ὀλίγον
3516 3703 3569 3760 ἐν
3631 3716 3754 3766 τοῖς

384 3798 500 3851 tem
525 3790 742 3862 sortiti,
785 3812 919 3854 cum
953 3814 1189 3857 omnem
1219 3803 1482 3874 gentem,
1516 3796 1821 3873 regionem
1854 3806 1912 3857 et
1945 3795 2024 3856 ci-

384 3879 618 3939 vitatem
653 3881 771 3943 sibi
800 3881 1278 3954 distribuissent,
1328 3885 1415 3945 eis
1448 3884 1791 3963 injecerunt
1822 3902 2022 3945 veram

382 3968 702 4032 scintillam
731 3973 993 4034 veritatis
1021 3991 1034 4035 :
1062 3992 1194 4054 quae
1226 3973 1503 4054 paulatim
1534 3992 1640 4052 per
1657 3991 1760 4034 eos
1782 3972 1880 4053 qui
1902 3972 2024 4052 apti

383 4068 550 4121 erant
577 4062 920 4139 accensa,in
940 4064 1160 4126 claram
1189 4070 1248 4125 et
1267 4063 1586 4125 sublimem
1605 4061 2017 4124 evasitfacem.

463 4150 539 4214 ll.
561 4153 681 4213 lloc
706 4151 1061 4233 principium
1089 4172 1222 4214 cum
1246 4153 1581 4231 accepisset
1602 4153 1775 4227 ﬁdes,
1794 4154 1865 4213 ad
1896 4162 2024 4213 lan-

382 4251 508 4302 tum
526 4243 1038 4323 processitsplend
1049 4251 1581 4323 orem,ut,consum
1591 4249 1705 4323 ptis
1719 4243 2026 4322 profundis

384 4333 652 4395 tenebris
677 4336 1049 4412 ignorantia),
1074 4335 1131 4396 in
1159 4336 1375 4397 divina:
1400 4335 1550 4396 lucis
1580 4343 1792 4396 statum
1824 4338 2027 4398 omnia

388 4425 890 4487 transmutaverit.
908 4427 1096 4505 Hujus
1127 4434 1259 4505 post
1285 4425 1583 4505 apostolos
1598 4443 1791 4486 causa:
1810 4435 1869 4487 et
1886 4445 2026 4488 auc-

388 4518 547 4571 tores
566 4510 735 4573 fuere
764 4513 947 4576 divini
982 4525 1299 4595 martyres:
1327 4514 1429 4594 qui
1459 4532 1593 4575 cum
1619 4514 1793 4575 veluti
1813 4534 2022 4577 semen

384 4598 536 4661 lucis
557 4598 631 4661 ab
657 4602 746 4662 eis
766 4603 1161 4682 accepissent,
1189 4602 1409 4665 deinde
1442 4612 1719 4683 tauquam
1750 4602 2026 4666 violentis

386 4689 578 4750 ventis
610 4691 812 4752 traditi
836 4693 1258 4766 tentatoribus,
1293 4692 1351 4753 id
1385 4712 1503 4754 non
1534 4692 1725 4753 solum
1750 4712 1868 4755 non
1895 4713 2026 4756 exs-

386 4778 688 4842 tinxerunt
710 4781 891 4844 illatis
912 4782 1173 4863 injuriis,
1190 4783 1294 4843 sed
1318 4781 1498 4844 etiam
1515 4781 1692 4843 variis
1708 4785 2023 4846 tormentis

386 4869 582 4932 eil‘ecti
607 4872 920 4948 clariores,
938 4872 1053 4953 ipsi
1072 4871 1320 4950 quidem
1340 4881 1615 4953 tanquam
1642 4872 1840 4933 lucida
1852 4874 2019 4935 side-

381 4978 470 5034 ra,
515 4960 591 5023 de
621 4973 838 5025 caatero
869 4971 1010 5024 sunt
1039 4962 1308 5025 collocati
1332 4961 1395 5023 in
1427 4962 1562 5024 οωιὶ
1592 4963 1971 5024 firmamento
1996 5011 2013 5036 ,

382 5055 534 5124 quod
549 5057 862 5128 percipitur
878 5057 1281 5130 intelligentia.
1298 5056 1467 5114 Illinc
1488 5064 1678 5114 autem
1695 5056 2018 5114 clarissime

2108 3795 2428 3862 ἐπιτηδείοις
2486 3795 2929 3871 διαναπτόμενος,
2976 3797 3049 3860 εἷς
3106 3797 3371 3873 περιφανῆ
3427 3793 3516 3850 καὶ
3580 3793 3757 3871 ἀέριον

2106 3885 2282 3953 ἀπεόη
2327 3886 2548 3965 πυρσόν,

2192 4143 2273 4212 Β’.
2309 4152 2551 4220 Οὕτωςή
2582 4153 2758 4217 πίστις
2817 4151 2915 4218 τὴν
2971 4151 3150 4230 ἀρχὴν
3209 4146 3470 4227 λαϐοῦσα,
3518 4149 3593 4213 εἰς
3652 4170 3756 4215 τη.

2108 4242 2368 4309 λιοιαύτην
2416 4240 2647 4319 προῆλθε
2719 4242 2990 4320 περιφανῆ
3049 4238 3291 4316 δύναμιν,
3352 4238 3560 4305 Ταύτης
3622 4240 3757 4311 μετὰ

2107 4334 2230 4397 τοὺς
2285 4330 2616 4396 ἀποστόλους
2646 4332 2692 4386 οἱ
2735 4334 2872 4387 θεῖοι
2903 4329 3162 4407 μάρτυρες
3221 4327 3386 4384 αἴτιοι
3415 4332 3514 4394 τῆς
3568 4330 3755 4385 θεοσε-

2105 4423 2249 4499 βείας
2309 4423 2630 4499 πεφήνασιν,
2664 4422 2719 4477 οἳ
2775 4419 3011 4497 καθάπερ
3071 4418 3282 4497 σπέρμα
3336 4418 3499 4495 πυρὸς
3538 4418 3603 4473 ἒκ
3654 4417 3750 4473 αὖ-

2106 4519 2211 4569 τῶν
2267 4509 2544 4585 λαϐόντες,
2607 4510 2793 4567 ἔπειτα
2847 4521 2964 4573 τοῖς
3037 4519 3321 4581 πειραταῖς
3390 4508 3463 4571 ὡς
3535 4506 3750 4582 ἀνέμοις

2104 4601 2402 4663 ἓκδοθέντες
2435 4602 2652 4676 βιαίοις,
2689 4601 2751 4656 οὗ
2781 4598 2944 4674 μόνον
3010 4609 3135 4662 ταῐς
3183 4596 3459 4672 ἐπηρείαις
3523 4593 3750 4653 ἀπεσόέο

2108 4697 2330 4770 σθησαν,
2393 4690 2532 4747 ἀλλὰ
2584 4691 2670 4748 καὶ
2742 4687 3133 4767 λαμπρότεροι,
3184 4685 3394 4761 μᾶλλον
3450 4682 3520 4741 δι’
3583 4685 3747 4744 αὖτῶν

2107 4781 2525 4860 ἀπεδείχθησαν,
2588 4778 2875 4843 θάλλοντες
2945 4780 3020 4841 ὡς
3083 4774 3315 4852 ἄμπελοι
3368 4787 3497 4838 ταῖς
3555 4776 3748 4849 τομαῖς

2104 4874 2200 4928 καὶ
2253 4873 2372 4934 τοὺς
2406 4868 2594 4934 ἄλλους
2651 4869 2846 4931 πόνους
2896 4867 3218 4946 εὐφροσύνης
3271 4865 3522 4944 ἀῳρμᾶς
3567 4866 3752 4920 ποιού-

2104 4981 2277 5038 μενοι,
2311 4958 2449 5015 ὥστε
2508 4959 2700 5020 πόνους
2758 4956 2979 5021 ἐκείνοις
3029 4960 3171 5013 εἶναι
3214 4955 3276 5010 τὸ
3331 4960 3412 5027 μὴ
3445 4966 3634 5010 πονεῖν
3669 4958 3748 5012 καὶ

2101 5050 2336 5129 πάσχειν
2397 5048 2598 5120 κακῶς,
2658 5046 2817 5115 ἡνίκα
2875 5046 2953 5121 μὴ
3012 5042 3102 5102 διὰ
3170 5043 3397 5118 Χριστὸν
3468 5043 3745 5122 πάσχωσι.

379 5141 768 5220 refulgentes,
786 5151 961 5206 terra;
980 5144 1274 5204 universae
1301 5142 1493 5204 lucem
1520 5142 1809 5224 praebent.
1828 5142 1907 5204 Ex
1922 5143 2018 5204 his

2123 5140 2310 5197 Γοότων
2367 5137 2453 5202 εἷς
2513 5138 2603 5193 καὶ
2660 5138 2686 5191 ὁ
2742 5135 3001 5212 μακάριος
3066 5134 3376 5212 γνωρίζεται
3443 5133 3747 5212 Τρύφων,ὀ

380 5250 534 5292 unus
564 5242 653 5294 est
678 5232 852 5295 etiam
872 5232 1445 5312 beatusThryphon,
1467 5222 1622 5313 quia
1644 5233 1864 5294 divinis
1880 5242 1938 5294 et
1957 5234 2018 5294 in

2123 5234 2199 5295 γῆς
2263 5227 2532 5304 ἀκηράτου
2591 5226 2730 5289 θείας
2789 5228 2987 5303 τρυφῆς
3038 5223 3336 5313 ἐπώνυμος,
3370 5222 3432 5277 τὸ
3464 5310 3473 5313 Α
3490 5222 3746 5299 μακάριον

382 5340 529 5400 quas
560 5340 677 5383 non
712 5322 870 5384 cadit
892 5323 1195 5395 interitus,
1231 5323 1462 5384 deliciis
1494 5340 1712 5383 nomen
1748 5323 2015 5395 sortitus,

382 5409 726 5487 frugiferum
755 5430 1003 5489 germen
1034 5412 1344 5475 Ecclesia}.
1391 5410 1501 5483 Qui
1534 5429 1566 5471 e
1598 5412 1852 5490 Phrygia
1881 5414 2019 5493 qui-

384 5496 519 5556 dem
552 5500 811 5576 primum
863 5500 970 5561 fuit
1003 5501 1227 5574 editus,
1275 5502 1410 5561 Vi‘SO
1470 5519 1609 5562 vero
1666 5502 2020 5582 Campsade,

385 5585 484 5660 qui
515 5592 606 5643 est
624 5585 851 5649 vicinus
874 5589 1090 5652 civitati
1114 5592 1420 5671 Apameae.
1455 5591 1506 5652 A
1538 5590 1656 5669 piis
1685 5600 1883 5653 autem
1917 5611 2023 5674 pa-

2103 5318 2268 5381 ὅντως
2328 5319 2427 5382 τῆς
2484 5314 2810 5381 Ἐκκλησίας
2862 5314 3046 5392 φυτὸν,
3079 5314 3239 5390 ὃγῆς
3281 5310 3380 5386 μὲν
3428 5310 3493 5366 τὸ
3545 5315 3747 5385 πρῶτον

2105 5406 2325 5473 ἀνεδόθη
2410 5408 2656 5484 Φρυγῶν,
2720 5402 2914 5479 κώμης
2972 5400 3027 5457 δὲ
3108 5398 3427 5476 Καμψάδου,
3487 5399 3745 5474 Ἀπαμείᾳ

2106 5497 2173 5573 τῇ
2228 5494 2383 5552 πόλει
2433 5494 2806 5571 γειτονούσης.
2871 5489 3113 5548 Εὒσεϐῶν
3170 5488 3225 5546 δέ
3284 5489 3488 5567 γονέων
3534 5486 3742 5545 εὖσεϐέο

2108 5609 2292 5665 στερον
2352 5583 2533 5641 τέκνον
2564 5582 2744 5664 ἐκφὺς,
2777 5579 2946 5647 οῧτως
2980 5582 3040 5637 ἐκ
3098 5581 3312 5659 πρώτης
3355 5577 3581 5647 ἡλικίας
3615 5577 3741 5645 ἀξιό-
