3954 6146
136 325 362 397 1313
1492 330 1680 397 VITA
1725 333 1787 396 S.
1823 331 1842 394 Ἴ

1932 324 2289 394 YPHONIS.
3425 330 3576 399 1314

125 467 298 528 Geo:
380 464 471 543 ἦν,
532 465 606 526 ὡς
666 461 922 527 πλουσίας
978 465 1276 540 παραυτίκα
1308 478 1500 544 τυχεῖν
1554 468 1649 532 τῆς
1708 467 1842 537 ἔτερ·

1941 461 2213 523 rentibus
2242 467 2403 523 ortus
2445 463 2630 542 magis
2657 461 2790 544 pius
2818 462 2996 541 ﬁlius,
3030 464 3103 527 ab
3147 466 3390 529 ineunte
3411 475 3580 531 relate

133 556 349 630 γείικς
413 561 507 611 τοῦ
535 554 863 624 πνεύματος.
931 554 1027 610 Καὶ
1065 551 1150 609 διά
1191 561 1346 610 τοῦτο
1392 554 1629 611 ποικίλαι
1660 578 1716 612 τε
1762 557 1842 611 νό-

1942 553 2101 613 visus
2128 559 2215 613 est
2233 554 2356 615 Deo
2380 552 2527 613 adeo
2551 571 2680 614 esse
2702 563 2923 633 gratus,
2952 567 3018 615 ut
3029 554 3323 633 judicatus
3345 557 3419 617 sit
3448 557 3579 619 ido-

133 663 254 699 σοι
339 647 618 718 σωμάτων
670 643 757 699 καὶ
806 640 1072 717 δαιμὸνων
1128 643 1271 699 ἅπαν
1322 645 1384 699 τὸ
1431 643 1592 723 φῦλον
1636 646 1857 721 ὀνόματι

137 732 374 808 μόνον
433 733 713 811 Τρύφωνος
785 729 1153 813 ἐδραπέτευον,
1200 732 1338 791 οὕτω
1394 734 1673 814 πάγκαλος
1718 734 1859 809 αὖτῲ

133 821 184 888 ἧ
249 821 502 902 νεότης,
538 823 598 879 οὗ
643 823 778 901 πρὸς
827 820 1045 902 ἥλικας,
1078 823 1138 878 οὐ
1187 824 1317 900 πρὸς
1365 822 1555 902 ἄνδρας
1588 825 1860 904 μαχίμους

134 907 660 987 διαγωνιζομένη,
723 910 861 966 ἀλλὰ
924 912 1057 990 πρὸς
1117 909 1369 984 δαίμονάς
1412 934 1469 968 τε
1528 914 1616 969 καὶ
1676 913 1859 976 νόσους

133 997 584 1079 ἂνδριζομένη.
648 999 820 1055 Ἀλλᾶ
871 1003 997 1078 περὶ
1050 1002 1266 1057 πάντων
1296 1001 1395 1075 μὲν
1440 1001 1602 1059 αὐτοῦ
1658 1003 1860 1076 θαυμά-

133 1110 278 1147 των
342 1088 468 1169 ἄρτι
513 1086 815 1162 διαλαϐεῖν,
854 1090 914 1146 οὐ
972 1096 1066 1145 τοῦ
1121 1112 1385 1168 παροντος
1443 1091 1649 1169 καιροῦ.
1708 1082 1854 1153 ιΕνὸς

139 1176 213 1234 δὲ
254 1177 448 1254 μόνου
495 1179 754 1254 μνησθεὶς
801 1179 890 1235 καὶ
948 1175 1115 1244 δείξας
1159 1178 1339 1257 ὥσπερ
1401 1178 1453 1245 ἐξ
1487 1179 1667 1258 ὀλίγου
1723 1181 1852 1258 γεύ-

140 1290 371 1345 ματος
430 1269 491 1325 τὸ
552 1268 682 1347 πὰν,
717 1267 803 1325 ἐπὶ
845 1267 946 1335 τὴν
990 1268 1278 1347 μαρτυρίαν
1329 1269 1532 1327 ἐκείνου
1586 1269 1842 1347 τρέψομαι

1938 1268 2248 1343 miracula,
2277 1286 2409 1349 quae
2428 1268 2501 1331 ab
2527 1287 2598 1330 eo
2630 1269 2783 1330 facta
2810 1279 2972 1346 sunt,
3004 1289 3122 1331 non
3158 1279 3248 1334 est
3265 1271 3575 1352 praesentis

150 1359 280 1426 τὴν
339 1357 620 1435 διήγησιν.

1938 1362 2249 1437 temporis.
2283 1358 2427 1420 Cum
2465 1358 2642 1420 unius
2676 1367 2873 1422 autem
2916 1361 2975 1420 in
3028 1363 3344 1440 praesentia
3371 1360 3573 1423 fecero

152 1447 599 1519 mentionem,
633 1462 743 1525 per
792 1443 953 1525 quod
986 1444 1213 1525 gratia),
1250 1465 1388 1527 quae
1435 1447 1497 1509 in
1528 1465 1601 1510 eo
1657 1454 1807 1524 erat,
1840 1447 2029 1509 virtus
2059 1447 2242 1528 possit
2296 1465 2427 1510 esse
2472 1447 2739 1523 evidens,
2779 1450 2852 1511 ad
2904 1450 3254 1530 martyrium
3303 1446 3576 1531 praeclari

156 1536 441 1600 athletae
475 1553 569 1597 me
601 1535 931 1598 conferam.

268 1617 372 1689 I".
440 1626 654 1705 Χρόνων
713 1624 1030 1692 ἐνενήκοντα
1073 1628 1161 1683 καὶ
1227 1625 1510 1685 διακοσίων
1568 1628 1705 1703 μετὰ
1757 1627 1842 1695 rip

2016 1624 2113 1687 IlI.
2147 1629 2322 1689 Anno
2345 1626 2483 1702 2%,
2506 1637 2638 1707 post
2658 1628 2908 1708 Augusti
2930 1637 3206 1703 mortem,
3233 1618 3575 1693 Gordianus

170 1716 514 1794 Λῦγούστου
563 1714 669 1783 ἠδη
730 1717 1166 1794 παρῳχηκότων,
1227 1715 1504 1794 Γυρδιανὸς
1562 1720 1667 1772 τῶν
1712 1718 1842 1786 σκή-

1936 1715 2396 1798 accipitsceptra
2415 1718 2668 1780 Romani
2684 1719 2943 1799 imperii,
2960 1720 3051 1781 vir
3070 1719 3315 1800 quidem
3338 1720 3575 1800 gentilis

165 1827 387 1882 πτρων
440 1802 885 1880 ἐπιλαμϐάνεται,
942 1805 1075 1884 ἀνὴρ
1131 1804 1341 1872 ’Ἕλλην
1404 1808 1502 1882 μὲν
1564 1808 1664 1873 τὴν
1721 1809 1842 1885 θρη.

1937 1794 2244 1879 religione,
2262 1794 2359 1867 sed
2380 1812 2724 1869 Christianis
2747 1794 2867 1870 non
2889 1794 3032 1870 adeo
3050 1794 3391 1884 gravichvn
3417 1817 3572 1872 enim

166 1896 410 1974 σκείαν,
446 1897 506 1951 οὔ
563 1896 723 1974 βαρὺς
782 1893 837 1950 δὲ
894 1903 1143 1952 τοσοῦτον
1198 1907 1315 1961 τοῖς
1369 1903 1732 1971 Χριστιανοτς.
1782 1900 1842 1954 ΟΕ

1937 1894 2161 1959 is,sicut
2187 1895 2416 1964 reliqui,
2437 1897 2609 1952 movit
2629 1897 3089 1965 persecutionem
3106 1897 3385 1955 adversus
3405 1898 3575 1955 Chri-

169 1986 293 2062 γὰρ
364 1985 504 2040 κατὰ
563 1986 687 2049 τοὺς
749 1983 946 2047 ἄλλους
998 1988 1084 2042 καὶ
1142 1986 1295 2048 οὗτος
1350 1984 1587 2063 διωγμὸν
1638 1989 1842 2065 ὑπῆρχε

1934 1978 2179 2040 stianos.
2214 1978 2280 2039 Ei
2314 1980 2582 2041 nascitur
2610 1980 2789 2043 unica
2823 1981 2969 2058 ﬁlia,
3008 1982 3282 2063 corporis
3325 1983 3569 2063 quidem

170 2075 527 2138 κενινηκώς.
590 2074 773 2149 Τούτῳ
816 2075 1015 2154 γίνεται
1068 2076 1303 2154 θυγάτηρ
1357 2098 1680 2156 μονογενης,
1742 2076 1842 2153 ὥρᾳ

1935 2073 2125 2141 specie
2143 2079 2197 2129 et
2212 2074 2646 2142 pulchritudine
2666 2075 2934 2146 insignis,
2954 2077 3190 2147 ingenio
3213 2081 3402 2132 autem
3418 2085 3473 2134 et
3489 2078 3572 2133 in-

1943 660 2091 702 neus
2104 641 2174 701 ad
2189 641 2685 703 administrandas
2701 647 3076 723 operationes
3088 642 3581 725 Spiritus.Quam-

1943 729 2149 792 obrem
2174 730 2320 792 varii
2341 731 2580 811 quidem
2606 731 2798 793 morbi
2815 733 3119 812 fugiebant
3141 752 3174 795 a
3194 735 3567 815 corporibus:

1944 819 2373 881 daemoniorum
2403 838 2542 881 vero
2574 820 2848 884 universa
2874 822 3220 885 hominibus
3243 824 3456 886 infesta
3481 842 3581 886 na-

1944 917 2097 981 tura,
2123 908 2248 969 solo
2273 910 2515 970 nomine
2546 908 2886 991 Tryphonis
2916 912 3231 991 ﬂagellata,
3265 914 3352 975 vel
3378 914 3579 995 potius

1940 1005 2070 1059 usta
2092 998 2305 1059 virtute
2325 1000 2470 1077 ejus.
2500 999 2686 1079 quiin
2712 1017 2782 1061 eo
2806 1008 2953 1076 erat,
2977 1001 3241 1080 spiritus,
3268 1001 3582 1082 fugabatur

1939 1088 2178 1169 quidem
2204 1088 2277 1149 ab
2310 1088 2678 1166 hominibus,
2703 1089 3054 1170 abigebatur
3069 1104 3269 1152 autem
3289 1092 3351 1154 in
3372 1092 3579 1154 intima

1938 1178 2162 1239 deserti
2183 1176 2532 1258 penetralia.
2558 1179 2752 1260 Atque
2771 1181 2967 1241 omnia
2991 1180 3234 1261 quidem
3257 1200 3578 1245 recensere

169 2164 286 2240 μὲν
324 2164 582 2240 σώματος
626 2165 714 2220 καὶ
744 2164 931 2221 κάλλει
973 2163 1303 2244 διαπρεπὴς³
1338 2165 1530 2244 εὐφυΐᾳ
1560 2164 1613 2220 δὲ
1664 2167 1848 2244 ψυχῆς

170 2254 275 2310 καὶ
343 2254 562 2311 συνέσαι
607 2252 795 2328 πολλῷ
852 2254 1058 2329 μᾶλλον
1112 2253 1465 2333 περικαλλὴς,
1498 2254 1526 2308 ’6
1571 2256 1661 2310 καὶ
1716 2257 1846 2332 πρὶς

168 2344 532 2422 γραμμάτων
587 2357 779 2422 πεῖραι
826 2345 911 2399 οιαὶ
958 2342 1196 2409 παιδείας
1253 2345 1446 2409 κτῆσιν
1492 2344 1656 2411 αὐτὴν
1702 2342 1845 2419 ἤγα-

173 2454 282 2510 γεν
333 2431 550 2508 ἀμέλει.
603 2435 697 2493 Καὶ
741 2432 906 2495 πολὺς
954 2434 1051 2508 μὲν
1095 2434 1226 2511 ὑπὲρ
1277 2437 1442 2499 αὐτῆς
1488 2445 1603 2495 τοῖς
1635 2440 1844 2511 γονεῦσι

171 2520 386 2601 λόγος,
420 2520 626 2595 μηδένα
682 2526 872 2598 μῶμον
928 2521 1265 2601 ἐπιτριϐῆναι
1309 2523 1504 2588 ταύτης
1557 2523 1609 2577 ὲ)
1640 2526 1842 2600 παρθε-

172 2613 291 2685 νίᾳ⁶
334 2611 510 2675 πολὺς
541 2610 596 2668 δὲ
627 2625 747 2677 τοῖς
792 2615 1021 2692 πρώτοις
1053 2617 1151 2681 τῆς
1184 2612 1394 2675 πόλεως
1425 2615 1452 2668 6
1484 2613 1668 2685 ζῆλος,
1705 2613 1843 2669 ὥστε

168 2709 278 2759 τοῦ
349 2703 528 2781 γάμου
606 2703 807 2769 ταύτης
865 2703 1144 2782 ἐπινυχεϊν
1213 2703 1301 2758 καὶ
1355 2701 1439 2758 διὰ
1492 2711 1645 2761 τοῦτο
1708 2703 1844 2759 κατὰ

168 2791 417 2868 κλεῖθρά
462 2813 519 2847 τε
554 2790 718 2860 αὐτὴν
749 2791 913 2871 εἶχον
944 2796 1030 2848 καὶ
1053 2790 1106 2846 ἐν
1140 2792 1277 2863 eiiciat
1305 2791 1365 2846 τὸ
1406 2789 1627 2847 σύνολον
1667 2791 1839 2872 despa-

171 2880 337 2947 λετς,
391 2872 487 2945 ιΩς
525 2881 589 2936 ἃν
634 2879 688 2937 δὲ
750 2883 838 2937 καὶ
894 2887 963 2958 τῇ
1018 2880 1173 2937 πόλει
1221 2873 1494 2955 Ῥωμαίων
1539 2883 1565 2936 6
1624 2883 1841 2960 Τρύφων

174 2971 519 3051 διαγνωσθῇ,
559 2969 763 3045 μᾶλλον
816 2971 871 3025 δὲ
920 2970 1015 3027 ἵνα
1062 2971 1151 3027 καὶ
1201 2971 1425 3049 Χριστὸς
1474 2973 1528 3025 ἐν
1574 2972 1716 3044 αύτῷ
1746 2970 1839 3027 δο-

178 3060 388 3138 ξασθῇ,
423 3060 700 3136 δαιμόνιόν
730 3082 779 3116 τι
830 3061 1065 3135 πονηρὸν
1106 3059 1355 3127 ἐξαπίνης
1401 3066 1469 3137 τῇ
1513 3060 1644 3135 κόρῃ
1676 3062 1839 3138 τςύτῃ

1937 2156 2266 2237 lelligentia
2290 2159 2563 2235 leminas,
2599 2180 2731 2241 qua}
2753 2169 2921 2223 erant
2948 2181 3053 2222 suo
3086 2168 3375 2241 tempore,
3402 2180 3575 2243 supe-

1932 2265 2093 2326 rans,
2131 2266 2333 2324 neque
2362 2249 2470 2311 ulli
2501 2250 2753 2312 cedebat
2780 2252 2842 2312 in
2884 2251 3155 2313 doctrina
3206 2251 3566 2314 litterarum.

1934 2339 2212 2406 Quocirca
2231 2356 2584 2413 magnopere
2605 2345 3033 2401 contendebant
3054 2354 3342 2413 parentes,
3366 2355 3424 2400 ut
3446 2359 3570 2402 eam

1932 2426 2224 2506 integram
2251 2435 2309 2488 et
2332 2428 2581 2490 illaesam
2601 2438 3046 2493 conservarent.
3073 2428 3307 2490 Primos
3322 2447 3463 2490 vero
3488 2429 3571 2492 ci-

1925 2521 2400 2591 Vitatis,quieam
2424 2523 2999 2594 ambiebant,magna
3030 2523 3229 2580 urebat
3255 2524 3563 2589 aamulatio;

1930 2608 2054 2684 ipsa
2074 2613 2273 2666 autem
2296 2606 2353 2666 in
2371 2607 2779 2669 munitislocis
2794 2606 3351 2685 clausa,diligenter
3364 2617 3422 2669 et
3446 2615 3568 2669 tuto

1926 2695 2398 2757 custodiebatur.
2422 2694 2496 2757 Ut
2517 2715 2654 2758 vero
2685 2715 2718 2758 a
2749 2697 2983 2758 civitate
3008 2698 3417 2758 Romanorum
3436 2715 3570 2759 san-

1925 2793 2053 2846 ctus
2077 2785 2965 2867 cognoscereturTryphon,vel
2991 2785 3185 2866 potius
3211 2795 3273 2846 ut
3296 2785 3568 2848 Christus

1924 2875 1985 2935 in
2008 2875 2718 2956 eolaudaretur,repeute
2735 2875 3173 2939 exsecrandum
3196 2876 3563 2938 daamonium

1924 2965 2142 3026 dictam
2175 2962 2430 3027 Caesaris
2463 2966 2640 3027 ﬁliam
2672 2965 2983 3040 invadens,
3010 2982 3139 3025 eam
3172 2964 3563 3044 impudenter

1924 3054 2194 3131 vexabat,
2221 3056 2460 3117 assidue
2492 3056 2899 3135 discerpebat,
2934 3055 2997 3116 in
3029 3072 3249 3131 aquam
3280 3063 3339 3117 et
3366 3052 3567 3134 ignem

179 3150 562 3226 ἐπιμηδῆσαν,
597 3151 647 3206 τί
696 3150 775 3225 μὴ
827 3150 995 3207 ἐποίει
1039 3157 1146 3206 τῶν
1184 3148 1445 3230 χαλεπῶν
1480 3171 1495 3224 ;
1559 3150 1717 3227 ἐπῄει
1752 3153 1842 3229 γὰρ

1936 3145 2313 3226 projiciebat,
2335 3147 2571 3206 etomni
2593 3146 2828 3207 ratione
2848 3146 2979 3225 ejus
3001 3143 3565 3206 vitaainsidiabatur.

183 3238 452 3314 ἀναιδῶς,
500 3240 796 3318 ἐσπάραττε
852 3238 1104 3320 ἀφειδῶς,
1137 3241 1257 3319 πυρὶ
1300 3240 1389 3296 καὶ
1449 3237 1629 3295 ὕδασιν
1689 3240 1849 3319 ἐπεῤ-

193 3330 378 3406 ρίπτει
419 3331 506 3387 καὶ
563 3330 693 3386 πᾶσι
738 3330 954 3408 τρόποις
1013 3333 1177 3396 αὐτῆς
1236 3332 1537 3405 ἐνεμαίνετο
1594 3336 1661 3406 τῇ
1714 3337 1848 3407 ζωῇο

1936 3236 2131 3313 Atque
2160 3234 2514 3296 dubitabant
2533 3234 2774 3315 quidem
2800 3252 3009 3295 omnes
3030 3234 3353 3309 sapientes,
3381 3234 3571 3297 heare.

1936 3322 2197 3404 bantque
2211 3323 2790 3404 etmanebantplane
2804 3322 3033 3384 attoniti
3050 3322 3571 3395 medici,videntes

187 3418 316 3476 ἀλλ’
399 3417 567 3483 οὕτως
627 3419 790 3486 atth
851 3429 949 3495 μὲν
994 3422 1022 3474 ὅ
1095 3417 1320 3493 δαίμων.
1370 3417 1529 3476 Οὐδὲν
1589 3418 1645 3474 δὲ
1688 3421 1842 3486 ἦττον

1933 3413 2313 3475 affectionem
2337 3431 2471 3476 esse
2492 3412 2917 3487 miserabilem,
2939 3430 3056 3473 non
3081 3410 3348 3473 valentes
3368 3421 3568 3475 autem

184 3510 333 3578 αὐτὴ
390 3514 500 3566 τῶν
530 3509 732 3588 γονέων
762 3508 1023 3568 ἐδείκνυτο
1054 3506 1269 3583 μάστιξ,
1304 3508 1370 3563 τά
1427 3509 1598 3565 αὐτῶν
1629 3508 1840 3588 σπλαγ-

183 3621 303 3679 χνα
382 3600 761 3674 σπαράττουσα
833 3600 918 3656 καὶ
990 3599 1084 3655 τὸν
1142 3604 1272 3655 πᾶσι
1337 3600 1565 3674 μισητὸν
1623 3599 1847 3655 θάνατον

183 3691 383 3748 εὖκτὸν
455 3691 641 3753 αὐτοῖς
714 3691 907 3769 χρῆμα
950 3696 1200 3747 ποιοῦσαο
1253 3688 1319 3756 ἦν
1382 3689 1483 3767 γὰρ
1542 3690 1604 3744 τό
1676 3693 1844 3752 παθος

186 3780 330 3855 μετὰ
389 3782 490 3845 τῆς
522 3778 787 3858 αἰσχύνης
837 3779 926 3835 καὶ
981 3777 1115 3857 πρός
1172 3778 1451 3855 θεραπείαν
1501 3778 1842 3836 ἀνέλπιστον·

182 3869 288 3927 Καὶ
349 3867 453 3947 γὰρ
502 3867 680 3946 ἰατροὲ
734 3867 827 3944 μὲν
876 3867 1106 3932 ἅπαντες
1166 3866 1524 3946 ἀπηγόρευον,
1580 3870 1733 3949 σοφοὶ
1788 3869 1843 3926 δὲ

182 3958 451 4037 ἠπόρουν·
517 3955 724 4014 ἐπίνοια
788 3956 846 4013 δε
904 3955 1120 4032 οὖδεμία
1176 3958 1307 4036 πρὸς
1378 3967 1631 4017 τοσοῦτον
1689 3959 1842 4038 ἐξαρ-

183 4057 359 4107 κοῦσα
388 4048 555 4105 καρτὸν
600 4047 691 4127 ἦν,
725 4045 827 4110 ἕως
872 4048 1000 4104 αὐτὸ
1029 4049 1091 4103 τὸ
1150 4048 1384 4126 πονηρὸν
1415 4048 1621 4124 πνεῦμα
1666 4051 1845 4128 κρείτ-

188 4157 310 4194 τονι
375 4135 593 4213 δυνάμει
626 4135 833 4205 δηλαδὴ
882 4137 1304 4212 συνωθούμενον⁶
1338 4135 1466 4194 ἐϐόα
1523 4135 1581 4193 δὲ
1612 4140 1847 4219 ἰσχυρῶς

194 4227 282 4284 καὶ
362 4227 454 4283 τὸν
524 4228 724 4284 οἰκεῖον
790 4225 1062 4306 ὡμολόγει
1125 4224 1377 4295 διώκνηνο
1451 4226 1683 4296 διώκτην
1751 4229 1847 4303 μὲν

1936 3503 1987 3563 ei
2015 3504 2259 3564 omnino
2290 3522 2463 3584 opem
2496 3502 2678 3565 ferre.
2712 3503 2927 3564 Animo
2977 3519 3117 3564 vero
3172 3499 3385 3562 anxius
3438 3510 3569 3563 erat

1931 3598 2119 3671 pater,
2145 3592 2451 3653 aﬂ‘ectioni
2483 3610 2777 3673 nusquam
2819 3590 3007 3652 ullum
3050 3589 3369 3651 inveniens
3392 3590 3567 3653 auxi-

1929 3681 2100 3754 lium,
2137 3682 2323 3743 tristis
2355 3689 2503 3756 erat,
2529 3700 2685 3760 aegre
2707 3679 2957 3754 ferebat,
2985 3678 3351 3750 tabescebat,
3371 3680 3568 3743 donec

1929 3772 2059 3850 ipse
2090 3771 2282 3833 malus
2304 3771 2572 3853 spiritus,
2598 3772 2806 3852 majori
2827 3768 3060 3832 scilicet
3082 3776 3374 3849 potestate
3397 3789 3566 3832 coac-

1928 3872 2043 3942 tus,
2092 3880 2263 3924 suum
2292 3861 2608 3924 invocabat
2636 3860 3017 3942 expulsorem
3049 3877 3063 3923 ε
3094 3876 3267 3920 suum
3320 3859 3565 3940 quidem

1932 3969 2372 4033 percussorem,
2401 3952 2612 4032 puellm
2630 3959 2851 4025 autem,
2876 3967 3014 4029 qua:
3036 3948 3109 4011 ab
3131 3966 3202 4010 eo
3217 3948 3561 4027 vexabatur,

1929 4045 2272 4127 appellabat
2328 4053 2691 4107 curatorem.
2743 4043 2907 4117 Nisi,
2968 4041 3186 4123 inquit,
3239 4044 3569 4105 accesserit

1930 4135 2237 4217 Tryphon,
2273 4135 2533 4215 puellam
2586 4152 2709 4195 non
2758 4131 3006 4195 cessabo
3040 4142 3323 4193 terrere:
3373 4131 3446 4191 ab
3496 4149 3569 4194 ea

1932 4245 2054 4288 non
2087 4225 2394 4305 recedam,
2431 4224 2549 4285 nisi
2577 4223 2784 4286 videro
2812 4221 3127 4284 advenisse
3155 4218 3567 4301 Tryphonem.

196 4316 425 4392 ἐκείνου,
484 4321 581 4383 τῆς
635 4314 726 4373 ὑπ’
790 4320 950 4376 αὐτοῦ
1021 4315 1077 4373 δὲ
1134 4314 1558 4396 στρεϐλουμένης
1628 4318 1792 4395 κόρης
1851 4318 2201 4398 θεραπευτὴν,
2268 4318 2323 4373 Εἰ
2380 4315 2458 4389 μὴ
2517 4315 2734 4395 Τρύφων
2784 4312 2948 4389 ἔλθοι,
3011 4311 3164 4390 φησί,
3227 4310 3321 4368 οὔκ
3380 4311 3567 4381 ἀνήσω

193 4407 297 4474 τὴν
339 4404 512 4463 παῖδα
543 4403 737 4463 σοϐῶν
773 4410 870 4466 οὒκ
898 4405 1227 4482 ἐκστήσομαι
1258 4407 1481 4483 ταύτης,
1530 4409 1574 4464 εἰ
1605 4409 1682 4484 μὴ
1730 4411 1981 4491 Τρύσξωνα
2011 4406 2111 4464 ὦδε
2143 4406 2429 4483 γενόμενον
2456 4402 2580 4463 ἴδω.
2984 4489 2993 4491 ξ
3049 4409 3052 4412 ’

287 4496 376 4557 Δ’.
437 4496 634 4554 Αὐτίκα
663 4498 836 4555 τοίνυν
885 4496 1175 4577 γράμματά
1218 4518 1275 4554 τε
1308 4496 1559 4572 βασιλικὰ
1604 4501 1689 4555 καὶ
1734 4488 1842 4576 μὴ.

1997 4494 2389 4561 IV.Protinus
2410 4513 2548 4573 ergo
2554 4493 2741 4573 jussis
2760 4489 3119 4554 exeuntibus
3134 4488 3560 4570 imperatoriis,

204 4585 416 4660 νύματα
476 4587 616 4665 παρὰ
659 4592 834 4644 πᾶσαν
879 4586 1062 4668 ἐφοίτα
1091 4587 1191 4653 τὴν
1246 4588 1588 4668 οἰκουμένην,
1623 4590 1711 4644 καὶ
1740 4596 1845 4655 πᾶς

201 4677 463 4755 ἠρευνᾶτο
525 4676 714 4757 τόπος,
779 4676 875 4734 καῖ
932 4674 1017 4732 διὸ.
1076 4677 1253 4744 πάσης
1314 4676 1561 4756 γλώττης
1628 4679 1844 4758 Τρύφων

199 4764 380 4844 ᾔδετο,
414 4766 632 4845 Τρύφων
688 4766 1028 4824 ἀνεκα).εϊτο’
1085 4768 1173 4822 καὶ
1231 4766 1426 4832 πάντες
1485 4766 1667 4844 ὅσοιγε
1716 4770 1843 4848 ὅπὲρ

198 4856 300 4932 γῆν
354 4855 517 4930 ἦσαν,
549 4856 623 4921 εἰς
682 4853 771 4914 δύο
815 4854 1093 4937 διῃροῦντο
1125 4855 1314 4933 ταῦτα,
1352 4856 1386 4925 ἢ
1432 4857 1689 4938 Τρύφωνα
1737 4866 1840 4931 ζη-

196 4956 313 5001 τεῖν
351 4944 386 5014 ἢ
418 4946 537 5021 περὶ
591 4946 871 5026 Τρύφωνος
923 4945 1240 5024 ἐρωτᾶσθαι.
1275 4944 1428 5003 Ἐπεὶ
1458 4944 1512 5002 δὲ
1544 4949 1632 5003 καὶ
1674 4949 1845 5029 μέχρι

197 5035 425 5113 Φρυγὶας
483 5037 517 5104 ἡ
565 5036 792 5107 ζήτησις
848 5035 940 5110 ἦν,
996 5033 1153 5103 δῆλος
1211 5037 1239 5092 6
1298 5036 1517 5116 Τρύφων
1548 5036 1653 5105 ἤδη
1711 5041 1844 5095 καθ-

201 5121 404 5181 ίσταται
444 5124 533 5181 καὶ
592 5125 721 5204 πρὸς
769 5130 837 5202 τῇ
883 5122 1180 5200 Καμψοίδου
1227 5145 1389 5200 κῳμῃ
1433 5123 1710 5206 διατρίϐων
1753 5126 1844 5182 εὗ-

199 5210 442 5295 ρίσκεται
495 5217 682 5295 χηνῶν
723 5212 1065 5291 ἐπιμελητὴς
1110 5216 1203 5271 καί
1266 5217 1459 5291 νομεὺς
1507 5218 1534 5272 6
1568 5223 1843 5281 τοσοῦτος,

201 5291 577 5382 Ὀμολογήσάς
636 5302 691 5360 δὲ
752 5304 913 5368 αὐτὸς
972 5303 1116 5361 εἶναι
1174 5304 1420 5384 Τρύφων,
1467 5306 1622 5372 αὐτός
1671 5309 1699 5362 6
1741 5313 1844 5377 ζη-

203 5391 480 5473 τούμενος,
526 5395 947 5474 παραπέμψεται
1008 5394 1104 5470 μὲν
1166 5394 1351 5452 αὐτίκα
1406 5393 1492 5451 διὰ
1519 5403 1626 5452 τῶν
1684 5397 1846 5474 εὕρη-

205 5480 370 5538 κότων
426 5496 546 5547 τοῖς
591 5482 882 5564 ὑπάρχοις,
920 5490 1283 5562 [Πομπηΐανῷ
1337 5486 1428 5541 καὶ
1474 5484 1843 5563 [Ιροτεστάτῳ’

208 5568 349 5628 αὖτοὶ
379 5570 435 5629 δὲ
492 5579 681 5631 τοῦτον
709 5573 905 5638 ἵπποις
936 5586 1054 5634 τοῖς
1083 5571 1364 5649 δημοσίοις
1409 5570 1841 5649 ἐπιϐιϐάσαντες,

212 5659 281 5724 εἰς
345 5651 560 5738 Ῥώμην
632 5664 786 5720 αὐτὸν
845 5664 975 5742 πρός
1037 5664 1128 5719 τὸν
1181 5663 1547 5742 αὒτοκράαορα
1610 5661 1842 5739 διαπέμ-

1931 4586 2253 4666 missisque
2284 4584 2701 4666 frequentibus
2748 4582 2988 4655 litteris,
3042 4580 3321 4642 universo
3366 4589 3567 4644 autem

1927 4676 2074 4739 orbe
2106 4684 2281 4737 terrae
2309 4676 2435 4736 fere
2478 4692 2763 4755 percurso
2813 4673 2885 4735 ad
2937 4670 3369 4752 inquirendum
3413 4670 3568 4751 Try-

1927 4768 2191 4848 phonem
2218 4787 2232 4827 :
2271 4774 2328 4827 et
2360 4765 2562 4827 multis
2594 4764 2835 4846 quidem
2870 4762 3072 4825 multis
3102 4778 3134 4821 e
3164 4760 3311 4821 locis
3332 4759 3570 4823 emissis

1925 4859 1999 4919 ad
2034 4875 2138 4919 eos
2170 4854 2506 4918 evocandos
2539 4856 2640 4935 qui
2672 4855 2786 4916 hoc
2818 4851 3271 4934 appellarentur
3297 4850 3564 4926 nomine,

1928 4947 2081 5009 nihil
2102 4955 2301 5009 autem
2334 4946 2672 5007 valentibus
2697 4944 2954 5018 efﬁcere,
2984 4938 3257 5021 pervenit
3286 4938 3463 5001 etiam
3491 4943 3566 5004 ad

1928 5044 2129 5115 partes
2153 5037 2423 5117 Phrygiae
2440 5036 2567 5096 hwc
2584 5033 2917 5114 inquisitio.
2940 5029 3326 5109 Signiﬁcalur
3344 5028 3567 5092 deinde

1928 5125 2004 5201 is,
2030 5126 2135 5202 qui
2168 5126 2480 5203 quaeritur,
2516 5141 2696 5203 agere
2731 5122 2793 5183 in
2824 5123 2949 5184 vico
2992 5118 3325 5199 Campsade
3351 5135 3365 5181 :
3392 5119 3565 5181 inve-

1930 5215 2095 5276 nitur
2125 5223 2371 5295 propter
2404 5213 2681 5295 paludem
2714 5212 2905 5291 lacus,
2939 5214 3040 5290 qui
3082 5215 3174 5269 est
3203 5208 3356 5271 situs
3384 5227 3571 5290 prope

1928 5323 2063 5365 eum
2117 5304 2341 5379 locum,
2392 5320 2674 5365 anserum
2725 5319 2931 5363 curam
2975 5316 3213 5379 gerens.
3244 5298 3570 5361 Confessus

1928 5403 2128 5457 autem
2162 5396 2233 5471 is,
2279 5395 2386 5471 qui
2420 5392 2828 5471 quaerebatur,
2882 5410 2945 5453 se
2977 5407 3110 5451 esse
3154 5385 3562 5469 Tryphonem,

1930 5485 2129 5547 statim
2165 5484 2408 5565 quidem
2444 5481 2879 5544 transmittitur
2924 5497 3031 5561 per
3062 5495 3188 5550 eos,
3236 5477 3335 5555 qui
3364 5476 3563 5558 ipsum

1929 5575 2309 5649 invenerunt,
2344 5573 2413 5634 ad
2449 5572 2761 5654 praefectos
2788 5567 3223 5654 Pompeianum
3249 5574 3309 5625 et
3332 5567 3563 5628 Protes-

1930 5672 2139 5727 tatum.
2194 5662 2309 5744 lpsi
2361 5652 2502 5725 vero
2533 5679 2668 5723 cum
2702 5678 2841 5722 eum
2877 5658 3051 5736 equis
3083 5652 3340 5737 publicis
3371 5657 3563 5737 proti-
