3954 6146
488 274 639 344 1315

475 432 587 475 nus
612 412 1063 492 imposuissent,
1092 411 1337 474 Romam
1366 411 1829 474 transmiserunt
1877 414 1956 476 ad
2007 420 2123 476 im-

488 511 852 584 peratorem.
889 505 1078 583 Atque
1110 500 1209 561 ille
1232 500 1475 581 quidem
1503 500 1619 563 iter
1644 511 1808 564 recta
1830 504 2123 566 confecit:

1760 276 2042 346 MENSIS
2087 278 2572 350 FEBRUARIUS

3713 285 3818 351 ms
3861 233 3866 255 Ὗ

2147 424 2421 479 Απουσιν,
2487 409 2544 476 Ὀ
2590 419 2688 493 μὲν
2731 419 2819 476 οὖν
2875 414 2998 486 ἤνυε
3062 418 3321 495 ὀξύτατα,
3363 418 3493 483 ἔτος
3556 416 3610 473 δὲ
3651 420 3819 492 ἦνύσῴ

2212 507 2330 562 τότε
2365 512 2462 575 τῆς
2507 506 2718 576 ἧλικὶας
2766 507 3240 567 ἑπτακαιδέκατον
3301 511 3374 565 τὸ
3422 512 3637 582 πνεῦμα
3677 506 3721 564 δὲ
3762 515 3820 577 τῆς

484 592 696 669 agebat
726 600 924 654 autem
960 597 1100 651 tunc
1144 590 1272 652 fere
1322 589 1510 652 aetatis
1553 609 1777 652 annum
1824 593 2097 656 decimun

2210 599 2369 656 αὒτοῦ
2425 601 2710 677 παρουσίας
2770 598 3106 676 αἰσθόμενον,
3173 599 3383 657 αὒτότε
3438 604 3622 663 κακῶς
3677 597 3823 677 ἔπισχε

482 681 831 761 septimum.
865 679 1152 759 Malignus
1183 698 1324 743 vero
1357 681 1603 760 spiritus
1634 700 1771 743 cum
1804 683 1937 763 ejus
1979 701 2125 745 sen-

474 770 655 832 sisset
695 769 1042 842 adventum,
1078 778 1219 831 tunc
1265 770 1528 848 graviter
1570 771 1848 847 vexabat,
1905 782 1964 835 et
2015 791 2124 853 per

474 860 735 941 puellam
763 859 1192 921 effervescebat
1220 881 1233 922 :
1263 869 1323 923 et
1345 879 1505 941 swpe
1531 861 1769 939 ejulans
1801 861 2119 937 clamabat,

473 969 542 1012 se
573 967 690 1010 non
718 968 894 1030 posse
911 950 1172 1030 amplius
1198 952 1327 1030 ejus
1349 969 1602 1032 corpore
1635 952 1718 1011 uti
1747 952 2117 1014 habitacula:

471 1058 660 1120 prope
690 1040 851 1100 enim
878 1039 1116 1114 adesse,
1144 1040 1245 1115 qui
1280 1041 1506 1120 potenti
1534 1059 1713 1101 manu
1743 1060 1876 1103 eum
1908 1042 2121 1123 expel-

471 1131 573 1190 lat.
607 1128 825 1190 Adhuc
878 1129 1064 1203 enim,
1121 1129 1339 1209 inquit,
1396 1139 1517 1191 tres
1575 1130 1732 1205 dies,
1781 1139 1840 1193 et
1887 1131 2124 1193 accedit

474 1216 782 1299 Tryphon,
818 1219 919 1298 qui
950 1218 1011 1279 in
1048 1237 1155 1279 nos
1186 1219 1419 1300 accepit
1443 1226 1826 1299 potestatem.
1863 1222 2008 1284 Cum
2035 1221 2122 1282 sic

475 1307 729 1370 multum
760 1308 1101 1387 clamasset,
1137 1318 1201 1370 et
1232 1327 1361 1370 eam
1396 1308 1844 1390 discerpsisset,
1879 1310 2047 1373 exiit.

552 1395 625 1461 V.
649 1397 854 1460 Tertio
876 1415 1017 1459 vero
1038 1397 1135 1458 die
1152 1397 1226 1459 ab
1250 1416 1497 1460 excessu
1520 1398 1837 1475 dazmonis,
1861 1400 2115 1462 Romam

470 1487 718 1569 quidem
732 1488 895 1549 venit
918 1498 1184 1558 sanctus,
1207 1487 1525 1549 adducitur
1543 1504 1741 1550 autem
1770 1497 2021 1571 repente
2043 1489 2115 1550 ad

471 1576 1056 1649 Gordianum.Quem
1082 1577 2119 1660 cumlibenterexcepisset,agnovit

469 1687 607 1729 eum
643 1685 798 1747 esse,
832 1667 932 1747 qui
965 1665 1325 1729 Gordianam
1360 1687 1526 1729 suam
1555 1668 1739 1729 ﬁliam
1777 1679 2109 1744 curaverat,

2208 687 2296 742 καὶ
2356 694 2537 749 κακῶς
2595 686 2765 746 ἐποίει
2809 688 2909 756 τὴν
2971 690 3158 766 κόρην⁹
3220 688 3437 747 ἔπειτα
3493 688 3584 743 καὶ
3636 685 3825 766 ὁλοσφ-

2210 775 2356 851 μὲνῳ
2400 777 2584 850 ἑῴκειο
2620 779 2716 834 οὒκ
2746 778 2825 834 ἔτι
2870 801 2962 853 μοι
2993 778 3203 858 ἐφεῖται
3265 778 3454 856 Αὲγον
3489 774 3625 850 τῷδε
3654 780 3718 849 τῷ
3753 778 3825 833 τύ-

2207 887 2340 939 ματι
2400 869 2473 931 ὡς
2534 868 2672 939 οίκίᾴ
2717 871 2976 947 χρῆσθαι,
3014 867 3135 923 ἀλλ’
3191 867 3328 925 ὅσον
3380 865 3552 924 οὔπω
3602 866 3688 923 καί
3737 867 3827 923 ἄων

2206 954 2641 1033 ἀπελαθήσομαι.
2708 968 2864 1034 Τρεῖς
2898 959 2997 1036 γὰρ
3055 956 3253 1032 ἡμέραι
3297 959 3364 1013 τὸ
3405 957 3559 1031 μετά
3600 963 3744 1011 ταῦτα
3775 960 3829 1010 ui

2207 1046 2423 1124 Τρύνρων
2468 1049 2495 1102 6
2542 1051 2639 1114 την
2671 1046 2792 1103 καθ’
2833 1049 2987 1122 ἡμῶν
3044 1047 3284 1112 ἐξουσίαν
3338 1044 3667 1126 ἀνειληφὼς
3705 1068 3826 1122 παρσ-

2206 1134 2427 1211 γίνεται·
2496 1134 2663 1196 οὕτως
2738 1135 2913 1193 πολλά
2987 1136 3202 1214 πράξαν,
3280 1140 3397 1205 τὴν
3479 1137 3654 1212 κόρην
3715 1135 3827 1212 ἐξῄει,

2207 1221 2374 1299 μηδὲν
2408 1224 2569 1293 αῦτὴν
2615 1227 2905 1302 ὑπομεῖναι
2962 1227 3227 1304 θα.ῥήσας
3288 1228 3406 1295 τὴν
3443 1232 3547 1282 τοῦ
3609 1226 3826 1304 Τρύιξαωης

2203 1314 2513 1390 παρουσίαν.

2286 1404 2363 1464 Ε’.
2391 1404 2537 1460 Μετά
2568 1405 2746 1482 τρίτην
2773 1402 2825 1461 δὲ
2857 1411 2957 1471 τῆς
2985 1403 3305 1484 ἀπαλλαγῆς
3324 1407 3410 1481 {ap
3427 1407 3589 1484 ἐραν,
3616 1402 3831 1477 mulsp-

2201 1491 2348 1549 ϐάνει
2381 1494 2479 1569 μὲν
2507 1493 2607 1560 τὴν
2636 1492 2878 1549 ϐασιλίδα
2907 1493 3124 1565 Ῥώμην
3170 1497 3197 1550 6
3227 1493 3421 1573 ἄγιος⁵
3462 1495 3779 1572 προσάγεται
3798 1491 3832 1546 ἴε

2199 1588 2537 1662 παραχρῆμα
2584 1582 2872 1661 Γορδιανῷ,
2909 1583 3099 1662 χρῆμα
3131 1586 3415 1663 ποθεινὸν,
3452 1584 3523 1639 ’ὃν
3582 1583 3833 1658 ασμένωςὸ

2199 1670 2449 1748 βασιλεὺς
2482 1669 2790 1751 δεξάμενος,
2822 1672 2917 1728 οὒκ
2946 1672 3239 1750 ἠγνόησεν,
3275 1674 3453 1729 αὑτὸν
3488 1673 3643 1729 εἶναι
3670 1672 3760 1738 τῆς
3779 1674 3835 1725 ὓδ-

470 1777 541 1821 ex
561 1757 819 1819 adventu
851 1756 1185 1835 conjiciens
1219 1758 1521 1838 praefixum
1564 1759 1890 1819 terminum
1928 1760 2097 1821 lriun

2199 1762 2392 1838 γατρὸς
2428 1761 2629 1817 εκείνου
2650 1761 3002 1838 Θεραπευτην,
3029 1768 3095 1838 τῇ
3118 1764 3385 1839 παρουσίᾳ
3410 1758 3746 1836 συμϐάλλων
3768 1760 3835 1825 τὴν

468 1847 731 1908 dierum.
757 1843 831 1908 Ut
853 1864 952 1908 res
977 1864 1114 1908 vero
1133 1854 1290 1907 esset
1313 1848 1535 1908 certior
1558 1854 1614 1907 et
1635 1848 1994 1922 evidentior,
2020 1867 2115 1908 ro.

468 1935 722 2015 gabatut
744 1936 1077 1997 daemonem
1102 1936 1294 1997 oculis
1318 1936 1638 1997 videndum
1668 1938 2115 2016 produceret,et

469 2043 607 2087 eum
625 2025 1167 2103 interrogaret.Sex
1186 2025 1389 2105 itaque
1404 2026 1535 2088 dies
1540 2027 1776 2106 jejunio
1791 2027 2115 2088 etintensis

467 2113 543 2175 ad
564 2112 883 2174 Dominum
921 2125 1185 2175 nostrum
1212 2115 1414 2176 .lesum
1441 2113 1740 2177 Christum
1767 2116 2116 2177 virsanctus

465 2221 682 2265 vacans
697 2201 1831 2285 precibus,illucescenteseptimo,jam
1848 2205 2117 2285 desuper

468 2294 756 2373 majorem
776 2302 834 2353 et
860 2292 1208 2355 validiorem
1240 2293 1532 2356 adversus
1556 2294 1865 2356 daemones
1888 2313 2110 2356 conse-

462 2384 665 2462 quitur
702 2388 1081 2459 potestatem.
1122 2384 1272 2445 Nam
1307 2400 1440 2444 cum
1477 2400 1588 2446 nox
1623 2383 1867 2463 quidem
1901 2384 2109 2463 procul

460 2471 725 2551 abesset,
750 2471 837 2533 sol
865 2480 1065 2534 autem
1092 2472 1220 2534 suis
1250 2473 1435 2533 radiis
1463 2472 1525 2533 in
1558 2482 1715 2535 terra
1738 2472 2102 2550 subrideret,

458 2561 668 2624 aderat
682 2561 927 2641 quidem
944 2564 1300 2642 imperator,
1326 2562 1577 2623 aderant
1598 2581 1809 2624 omnes
1822 2563 2107 2625 satellites

464 2660 522 2712 et
553 2651 654 2730 qui
686 2653 814 2730 ejus
839 2652 1124 2731 parebant
1164 2652 1445 2732 imperio,
1493 2653 1566 2713 ab
1614 2670 1685 2714 eo
1710 2662 2008 2731 petentes,
2044 2662 2109 2714 ut

463 2740 740 2802 viderent
767 2741 994 2820 aliquid
1028 2742 1405 2804 admirabile.
1443 2741 1695 2804 Divinus
1726 2751 1922 2804 autem
1956 2746 2104 2824 Try-

461 2831 624 2911 phon
651 2849 787 2891 cum
812 2840 972 2891 esset
995 2832 1209 2913 plenus
1224 2832 1426 2893 divino
1451 2832 1700 2912 Spiritu,
1729 2834 1789 2893 in
1814 2838 1945 2914 ipso
1970 2851 2109 2895 vero

457 2919 842 2981 immundum
857 2938 1094 3000 quoque
1124 2921 1287 2983 illum
1317 2922 1595 3000 spiritum
1634 2922 1978 2983 intueretur
2007 2921 2103 2983 in-

462 3007 821 3088 telligentia,
873 3008 1006 3069 Tibi
1059 3009 1220 3085 dico,
1273 3010 1499 3089 inquit,
1549 3010 1612 3071 in
1667 3011 1918 3072 nomine
1966 3012 2105 3072 .lesu

460 3097 707 3171 Christi,
741 3116 962 3178 appare
985 3098 1055 3159 iis
1079 3098 1180 3180 qui
1209 3097 1448 3172 adsunt,
1477 3106 1535 3161 et
1557 3099 1645 3161 eis
1667 3101 1922 3162 ostende
1944 3109 2100 3161 tuam

458 3163 887 3267 turpitudinem
905 3198 961 3248 et
978 3163 1478 3253 imbecillitatem.
1495 3187 1879 3270 Simulatque
1903 3198 2101 3252 autem
2123 3163 2164 3215 ο

456 3277 573 3338 hoc
594 3275 1019 3352 dixisset,ecce
1043 3286 1322 3359 tanquam
1344 3286 1507 3341 canis
1522 3289 1767 3361 aspectu
1790 3280 2101 3354 deformis,

457 3367 631 3445 niger
649 3367 874 3442 colore,
899 3367 1108 3430 oculos
1139 3368 1370 3431 habens
1391 3377 1677 3449 tanquam
1702 3371 1905 3448 ignem
1931 3370 2103 3432 emit-

451 3463 680 3529 tentes,
718 3464 779 3518 et
811 3466 985 3538 caput
1029 3458 1195 3519 humi
1225 3458 1511 3536 deﬁxum,
1567 3478 1769 3523 coram
1819 3458 2101 3523 omnibus

454 3545 750 3626 apparuit.

456 3636 757 3714 ὀφθαλμοὺς
793 3636 939 3716 ’έχων
972 3640 1045 3701 ὡς
1075 3646 1175 3715 πῦρ
1218 3639 1492 3718 ἀφιέντας,
1525 3641 1624 3708 τὴν
1660 3640 1715 3696 δὲ
1751 3642 1987 3721 ιὲιραλὴν
2032 3650 2100 3721 τῇ

533 3723 635 3786 Vl.
662 3723 790 3798 Cui,
816 3725 915 3805 qui
936 3735 1213 3804 precatus
1238 3728 1264 3789 f
1266 3737 1456 3807 uerat,
1474 3727 1583 3789 Dei
1606 3747 1815 3791 servus
1839 3747 1853 3792 :
1873 3732 2099 3808 Dic,in-

459 3813 611 3894 quit,
640 3813 1028 3889 exsecrande,
1066 3815 1199 3895 quis
1225 3824 1280 3877 te
1315 3815 1506 3877 misit?
1538 3815 1681 3890 Quis
1703 3819 2002 3899 permisit,
2036 3829 2100 3882 ut

453 3904 609 3964 hanc
632 3902 947 3965 invaderes
969 3904 1476 3968 adolescentulam
1491 3907 1521 3967 ?
1542 3916 1600 3968 et
1630 3909 1930 3988 quomodo
1962 3929 2096 3972 cum

453 3993 539 4054 sis
572 3992 960 4075 talis,nempe
984 3993 1342 4057 tenebrosus
1366 4003 1422 4057 et
1443 3996 1863 4071 imbecillus,et
1886 3998 2099 4079 plenus

461 4082 620 4144 omni
655 4080 875 4163 probro
926 4092 985 4144 et
1027 4082 1268 4164 decore,
1300 4084 1452 4145 adeo
1499 4086 1687 4148 audes
1730 4088 2101 4169 contemptui

452 4177 667 4233 habere
690 4183 746 4233 et
767 4178 1149 4248 vexare,quod
1176 4178 1390 4235 factum
1425 4187 1509 4235 est
1533 4179 1603 4235 ad
1628 4180 1726 4235 Dei
1755 4180 2102 4251 imaginem?

453 4258 695 4324 Daemon
743 4270 940 4323 autem
975 4264 1369 4344 respondens,
1406 4263 1623 4342 Mittor,
1650 4266 1862 4347 inquit,
1900 4284 1933 4327 a
1967 4284 2101 4332 meo

455 4359 652 4431 patre.
689 4350 936 4412 Dicebat
957 4370 1096 4413 vero
1130 4371 1263 4414 esse
1286 4354 1402 4415 sibi
1427 4363 1680 4435 patrem,
1715 4365 2019 4419 auctorem
2043 4365 2102 4419 et

2196 1858 2304 1907 τῶν
2362 1853 2577 1929 ἡμερῶν
2612 1851 2960 1930 προθεσμίαν
3020 1852 3114 1908 ἵνα
3151 1849 3207 1907 δὲ
3247 1855 3337 1909 καὶ
3402 1852 3644 1928 μείζονα
3671 1848 3742 1922 δῷ
3784 1856 3834 1921 τᾷ

2198 1941 2469 2018 πράγματι
2502 1943 2705 2015 πίστιν,
2742 1942 2899 1997 αὐτὸν
2931 1940 3143 1997 ἐκεῖνον
3174 1942 3265 1997 τὸν
3295 1940 3546 2016 δαίμονα
3578 1941 3759 1996 θεατὸν
3782 1959 3837 2014 τε·

2198 2030 2372 2086 νεῖσθαι
2398 2030 2654 2109 Τρύφωνα
2687 2029 2857 2110 ἠξίου,
2885 2031 2969 2085 καὶ
2990 2032 3112 2108 περὶ
3132 2033 3207 2087 ὧν
3237 2030 3627 2108 ἀνερωτηθείη
3649 2029 3726 2104 μὴ
3745 2049 3837 2102 συγ

2197 2118 2456 2194 καλύψαι,
2492 2118 2611 2174 ἀλλ’
2645 2121 2718 2183 εἷς
2750 2121 2861 2198 φὼς
2896 2121 3146 2198 ἀγαγεῖν.
3181 2119 3276 2177 Ἐν
3305 2118 3361 2185 ἓξ
3398 2125 3703 2197 τοιγαροῦν
3728 2116 3839 2190 ἦμέ-

2197 2232 2312 2274 ραις
2347 2209 2563 2280 νηστείᾳ
2592 2209 2679 2265 καὶ
2712 2206 2890 2278 δεήσει
3020 2211 3153 2288 πρὸς
3189 2210 3321 2265 Θεὸν
3353 2212 3381 2265 6
3420 2209 3656 2288 Τρύρων
3684 2207 3834 2262 ἑαυτὸν

2195 2294 2400 2367 ἐκδοὺς,
2436 2293 2540 2362 ἤδη
2595 2301 2695 2363 τῆς
2741 2293 2976 2371 ἑϐδόμης
3021 2295 3414 2375 ἐφισταμένης,
3481 2297 3727 2372 μείζονος
3762 2294 3836 2357 τῆς

2193 2386 2327 2441 κατά
2388 2383 2655 2459 δαιμόνων
2702 2385 2936 2451 ἐξουσίας
2996 2384 3192 2443 ἄνωθεν
3237 2386 3510 2452 ἀξιοῦται’
3569 2384 3717 2443 Ἐπεὶ
3759 2404 3833 2459 γαρ

2193 2474 2376 2532 ἐλύετο
2433 2476 2531 2549 μὲν
2587 2476 2647 2531 τὸ
2707 2476 2808 2541 τῆς
2856 2476 3039 2540 νυκτὸς
3091 2476 3311 2549 σειότος,
3342 2475 3515 2543 ἥλιος
3571 2473 3628 2529 δὲ
3687 2471 3832 2547 βαλὼν

2192 2566 2373 2621 ἀκτῖσι
2418 2563 2517 2631 τὴν
2561 2570 2665 2642 γῆν
2708 2563 2923 2644 φαιδρὸν
2970 2564 3198 2640 ἐμειδία,
3233 2572 3407 2642 πορῆν
3457 2566 3567 2641 μὲν
3623 2566 3650 2620 ὁ
3697 2563 3825 2639 βασι-

2190 2654 2330 2728 λεῦς,
2362 2658 2539 2732 παρῆν
2570 2652 2625 2709 δὲ
2657 2658 2744 2711 καὶ
2774 2661 2880 2711 πᾶν
2913 2654 3038 2712 ὅσον
3074 2653 3419 2735 δτρυφορικόν
3469 2656 3569 2711 καὶ
3597 2654 3825 2726 ὑπήκοον,

2191 2744 2449 2821 μετέωροι
2504 2745 2597 2809 τὰς
2631 2744 2814 2824 ψυχὰς
2866 2743 3060 2808 πάντες
3094 2746 3226 2823 πρὸς
3257 2746 3354 2812 τὴν
3411 2764 3714 2810 καινοτητα
3752 2746 3817 2795 τιν]

2193 2834 2575 2913 γενησομένου.
2611 2837 2672 2891 '0
2724 2834 2822 2905 μὲν
2868 2838 3013 2899 θεῖος
3062 2835 3279 2913 Τρύφων
3325 2835 3484 2914 ἁγίου
3533 2833 3809 2906 Πνεύματος

2190 2924 2407 3001 πλήρης
2437 2923 2536 2998 ὢν,
2572 2923 2684 2998 ἅμα
2715 2921 2770 2979 δὲ
2803 2926 2889 2982 καὶ
2933 2927 2993 2981 τὸ
3026 2924 3322 2997 ἀκάθαρτον
3364 2933 3592 2998 πνεῦμα
3621 2922 3815 2997 ὄμμασιν

2190 3016 2432 3079 ἀθεάτοις
2467 3014 2563 3070 οἶα
2588 3013 2985 3091 παριστάμενον
3016 3014 3161 3089 αύτῷ
3182 3016 3446 3096 καθορῶν,
3468 3009 3819 3090 μετεστείλατο

2188 3104 2289 3182 γὰρ
2328 3105 2417 3160 καὶ
2472 3102 2668 3163 ἄκοντα
2711 3102 2899 3176 πάλιν,
2933 3104 3112 3180 ὥσπερ
3156 3103 3344 3169 ἐξωθεῖ
3401 3105 3495 3161 καὶ
3529 3103 3611 3176 μὴ
3652 3096 3818 3176 βουλό-

2189 3212 2374 3267 μενον*
2411 3193 2504 3248 Σοὶ
2533 3191 2701 3268 λέγω,
2727 3193 2914 3273 φησὶν,
2941 3191 2997 3247 ἐν
3019 3199 3093 3267 τῷ
3124 3193 3349 3267 ὀνόματι
3381 3191 3568 3259 Ἰησοῦ
3600 3191 3817 3268 Χριστοῦ,

2188 3282 2448 3360 ἐμφάνηθι
2480 3295 2600 3347 τοῖς
2632 3292 2889 3360 παροῦσιν
2935 3283 3030 3339 καὶ
3062 3282 3161 3350 τὴν
3193 3282 3593 3362 ἀσχημοσύνην
3624 3279 3708 3345 τήν
3736 3276 3817 3340 σήν

2186 3369 2328 3451 ἄρτι,
2362 3372 2448 3427 καὶ
2477 3371 2576 3439 τὴν
2607 3370 2882 3427 ἀσθένειαν
2912 3370 3085 3441 δήλην
3114 3370 3355 3428 λενέσθαι
3384 3377 3521 3428 πᾶσι
3554 3370 3639 3426 καὶ
3664 3386 3812 3424 κατα-

2183 3461 2323 3541 φανῆ
2368 3460 2801 3539 παρασκεύασον.
2835 3459 2999 3519 Οὔπω
3059 3460 3222 3540 πέρας
3251 3460 3413 3541 εἶχεν
3449 3462 3477 3517 ὁ
3541 3451 3817 3538 λόγος,καὶ
3888 3451 3891 3505 l

2180 3551 2321 3608 κύων
2365 3551 2540 3628 ὼρᾶτο
2571 3547 2769 3630 σφόδρα
2826 3548 3090 3629 δυσειδὴς,
3123 3551 3185 3606 τὸ
3235 3552 3439 3629 χρῶμα
3471 3547 3664 3627 μελας,
3706 3542 3806 3603 τοὺς

2143 3646 2214 3721 γῇ
2244 3641 2568 3715 καθήμενος.

2260 3728 2370 3803 ς’.
2443 3738 2485 3808 ῼ
2530 3730 2789 3808 προσχὼν
2841 3730 2868 3785 6
2914 3728 3152 3807 Τρύφωνι
3202 3738 3334 3808 Τεγε
3381 3751 3500 3807 μνη,
3538 3726 3714 3810 φησὶν,
3741 3721 3800 3785 τίς

2181 3823 2209 3877 6
2247 3818 2466 3895 πέμψας
2513 3835 2616 3894 σε;
2664 3818 2750 3883 Τίς
2794 3821 2821 3875 6
2872 3818 2969 3887 τῆς
3007 3816 3238 3882 νεάνιδος
3295 3819 3493 3886 ταύτης
3540 3811 3800 3893 ἐπιτρέψις

2181 3906 2496 3987 ἐπιδραμεῖν
2532 3929 2549 3981 ;
2595 3909 2683 3964 καὶ
2742 3913 2857 3973 πῶς
2918 3909 3089 3983 τούτῷ
3131 3916 3276 3988 ζόφῳ
3332 3909 3569 3989 κάτοχος
3613 3904 3682 3963 ὧν
3730 3899 3799 3989 καὶ

2180 4001 2280 4067 τὴν
2327 3996 2546 4072 δύναμιν
2603 3997 2828 4064 ἀσθενὴς
2885 3998 2981 4054 καί
3041 3997 3252 4072 ἄτιμος,
3314 3988 3542 4073 πλάσμα
3599 3999 3720 4051 Θεοῦ
3755 3988 3799 4044 τδ

2184 4088 2360 4163 τίμιον
2399 4088 2485 4143 καὶ
2527 4087 2648 4144 κατ’
2704 4087 2881 4144 εἰκόνα
2925 4087 3025 4154 τὴν
3065 4090 3223 4146 αὐτοῦ
3266 4086 3578 4164 γενόμενον,
3610 4083 3796 4156 ἀτιμοῦν

2186 4178 2323 4235 οὕτω
2383 4178 2466 4234 ταὶ
2508 4175 2936 4252 διαλυμαίνεσθαι
2988 4176 3049 4233 σὺ
3093 4175 3351 4256 τολμᾷς;
3413 4167 3471 4235 Ὀ
3516 4174 3575 4232 δὲ
3629 4170 3799 4245 δαίμων

2185 4267 2366 4346 ὥσπερ
2427 4265 2529 4323 ὑπό
2587 4288 2745 4323 τινων
2802 4265 2976 4342 βελῶν
3033 4263 3409 4341 πληττόμενος
3472 4271 3579 4322 τῶν
3630 4260 3794 4318 ἐκείνου

2184 4355 2362 4436 λόγων
2429 4357 2530 4413 ὕπὸ
2600 4354 2694 4412 τοῦ
2767 4355 2960 4413 οἰκείου
3030 4353 3128 4429 μὲν
3201 4354 3527 4412 ἀπεστάλθαι
3600 4347 3789 4451 πατρὸς,

455 4456 699 4500 causam
725 4439 1151 4521 malorum,qui
1181 4442 1360 4503 etiam
1382 4443 1717 4525 appellatur
1734 4443 2005 4521 Satan,et
2025 4445 2097 4507 ab

2193 4446 2328 4503 εἶναι
2382 4442 2435 4501 δὲ
2467 4446 2624 4502 αὐτοῦ
2655 4446 2747 4501 τὸν
2778 4444 2982 4524 πατέρα
3038 4444 3129 4501 τὸν
3160 4443 3338 4502 αἴτιον
3368 4451 3474 4501 τῶν
3533 4444 3719 4509 κακῶν,
3740 4439 3788 4525 βξ

449 4544 523 4587 eo
546 4526 780 4606 iussum
808 4546 942 4589 esse
965 4529 1117 4590 hanc
1144 4530 1400 4610 puellam
1425 4533 2096 4615 torquere.thuaanam

452 4623 545 4677 est
568 4616 621 4677 ei
647 4624 933 4696 potestas,
960 4635 1172 4680 rursus
1194 4620 1338 4680 dicit
1361 4618 1641 4701 Tryphon
1678 4640 1691 4684 :
1721 4623 2092 4699 malitiaa,in-

452 4710 909 4782 quam,principi
935 4711 1208 4770 adversus
1230 4711 1590 4784 ﬁgmentum,
1616 4717 1769 4787 quod
1796 4718 2096 4777 constituit

453 4795 839 4877 omnipotens
869 4794 1106 4857 bonitas
1128 4804 1188 4857 et
1221 4797 1435 4858 muniit
1457 4809 1661 4861 sancto
1692 4802 1960 4881 Spiritu?
1991 4802 2097 4866 Ille

450 4893 648 4946 autem
673 4886 1106 4966 canis,etiamsi
1136 4887 1349 4962 nollet,
1376 4888 1576 4951 divina
1610 4898 1807 4952 tamen
1840 4893 2094 4972 quadam

455 4976 807 5055 operatione
838 4992 979 5037 vera
1016 4977 1328 5058 respondit
1359 4978 1638 5041 omnibus
1667 4980 2053 5046 audientibus
2081 5006 2093 5044 :

458 5062 575 5123 Nos
599 5065 818 5123 nullam
845 5066 1127 5124 habemus
1156 5075 1494 5139 potestatem
1520 5073 1577 5127 in
1620 5087 1702 5129 os
1724 5074 1822 5144 qui
1854 5084 1990 5132 sunt
2018 5074 2098 5145 pii

444 5150 507 5210 in
540 5150 729 5211 Deum
761 5152 1260 5231 omnipotentem,
1292 5159 1354 5214 et
1378 5152 1439 5215 in
1471 5156 1603 5235 ejus
1625 5154 1953 5234 Cbristum,
1990 5176 2098 5239 pro

446 5255 569 5311 quo
593 5242 800 5299 Petrus
816 5252 870 5300 et
893 5241 1108 5301 Paulus
1135 5245 1229 5300 hic
1250 5245 1593 5317 praeclarum
1611 5263 1927 5321 suscepere
1950 5265 2101 5308 mar-

451 5325 821 5405 tyrium.Eos
845 5346 983 5390 \ero
1008 5338 1354 5392 reverentes
1381 5331 1750 5414 fugeremus,
1771 5335 1883 5396 nisi
1919 5334 2092 5397 nobis

446 5424 606 5505 esset
627 5417 983 5493 permissum
1010 5418 1190 5480 alicui
1221 5421 1597 5484 extrinsecus
1619 5423 1806 5485 levem
1831 5424 2089 5505 aliquam

448 5504 656 5561 oﬁerre
681 5510 1141 5567 tentationemln
1167 5524 1266 5568 eos
1281 5523 1472 5571 autem
1488 5517 1728 5573 omnino
1752 5519 1902 5576 vires
1924 5504 2095 5577 nobis

448 5583 671 5660 vigent,
708 5598 765 5650 et
795 5590 855 5652 in
888 5611 992 5654 eos
1041 5596 1413 5674 tyrannidem
1445 5597 1810 5679 obtinemus,
1847 5603 1949 5684 qui
1981 5621 2093 5666 suo

2178 4537 2267 4593 καὶ
2299 4535 2473 4591 Σατάν
2516 4521 2965 4613 προσηγόρευται-ι’
3000 4532 3126 4613 παρ’
3186 4533 3347 4592 αὖτοῦ
3389 4532 3485 4590 καί
3515 4534 3615 4602 τὴν
3650 4521 3782 4613 παῖδα

2178 4625 2403 4705 ταύτην,
2455 4621 2663 4703 ἔλεγεν,
2698 4612 3091 4704 ἐπιτετραμμαι
3152 4624 3460 4701 βασανίσαι,
3499 4624 3627 4679 Ποία
3672 4612 3778 4705 δέ,ξ²

2180 4698 2419 4794 Τρύφων,
2454 4698 2682 4788 ἐξουσία,
2718 4698 2894 4793 quisi,-
3044 4698 3265 4792 ἄρχοντι
3319 4718 3419 4780 τῆς
3467 4716 3646 4775 κακίας
3677 4698 3778 4763 κατᾶ

2178 4810 2272 4861 τοῦ
2315 4802 2632 4877 πλάσματος
2660 4809 2753 4859 τοῦ
2807 4809 2978 4883 Θεοῦς
3016 4794 3073 4861 Ὀ
3118 4800 3175 4857 δὲ
3218 4802 3357 4859 κύων
3389 4801 3623 4870 ἐκεῖνος,
3648 4796 3775 4853 καίτοι

2179 4894 2328 4972 φύσει
2385 4891 2712 4973 φιλοψευδὴς
2758 4891 2856 4968 ὢν,
2890 4895 3203 4950 συνωθεττᾶι
3237 4893 3321 4948 καὶ
3382 4890 3459 4967 μὴ
3502 4888 3774 4968 βουλόμενος

2180 4987 2311 5063 πρός
2371 4981 2625 5052 ἀλήθειαν
2656 4983 2745 5039 καὶ
2788 4982 3068 5060 ἀκρύπτειν
3102 4979 3256 5048 ἤθελε
3302 4982 3392 5037 καὶ
3419 4983 3491 5042 ὡς
3551 4975 3775 5055 ἀπόῤῥητι

2182 5084 2491 5152 συντηρεῖν,
2536 5077 2700 5129 ταῦτα
2760 5074 2848 5128 καὶ
2912 5071 3054 5128 ἄκων
3114 5071 3202 5126 ἐπὶ
3260 5070 3476 5127 πάντων
3537 5066 3769 5145 ὁμολογεν

2185 5155 2378 5242 Ἡμῖν,
2414 5161 2603 5236 εἰπὼν,
2637 5159 2755 5218 οῦδὲ
2808 5162 2903 5235 μία
2954 5161 3032 5221 τίς
3082 5160 3228 5215 ἑστιν
3283 5157 3488 5224 ἐξουσία
3531 5160 3663 5216 κατὰ
3703 5155 3774 5242 τῷν

2183 5250 2562 5326 εὐσεϐούντων,
2595 5249 2680 5314 εἴς
2738 5270 2799 5329 γε
2830 5250 2921 5307 σὸν
2967 5249 3374 5328 παντοκράτορα
3433 5249 3565 5305 Θεὸν
3602 5248 3676 5304 καὶ
3711 5239 3771 5295 τὸ*

2183 5344 2339 5400 αὐτοῦ
2398 5343 2517 5397 Υἱὸν
2562 5341 2652 5397 τὸν
2714 5340 2961 5413 Χριστὸν,
2996 5339 3053 5393 ὃν
3087 5337 3284 5416 Πέτρος
3345 5339 3434 5393 καὶ
3466 5337 3667 5399 Παῦλος
3708 5329 3768 5385 ἓν·

2175 5431 2339 5488 ταῦθα
2398 5430 2657 5505 λαμπρῶς
2706 5428 2988 5503 ἐκήρυξαν,
3037 5426 3157 5483 ἀλλ’
3200 5428 3668 5497 ὑποπτήσσοντεσς
3710 5417 3770 5476 ἴδ’

2177 5521 2296 5586 τοὺς
2356 5518 2735 5599 διαφεύγομεν,
2769 5520 2813 5575 εἰ
2856 5520 2934 5593 μή
2995 5539 3114 5575 τινα
3169 5529 3360 5596 πεῖραν
3393 5514 3579 5581 ἔξωθεν
3634 5517 3769 5607 αὐτοῖς

2179 5610 2475 5689 ἐπαγαγεῖν
2548 5609 3001 5687 προτραπείημεν·
3075 5607 3211 5663 κατά
3285 5606 3486 5662 τούτων
3557 5603 3609 5661 δὲ
3678 5603 3766 5678 μετά
