3954 6146
284 302 439 371 1317

271 439 450 506 πάσης
506 438 741 504 ἔξουσίας
829 448 1149 518 κρατοῦμεν,

274 542 393 594 τοῖς
451 531 589 603 ἡμῖν
648 530 821 609 φίλοις
894 528 1294 607 προσκειμένων
1352 528 1527 607 ἔργοις
1591 529 1741 585 ἁτινα
1787 552 1920 605 προσ

276 617 601 696 ηγουμένως
645 619 799 692 εἰσὶν,
832 616 1263 696 εἰδωλολατρεία,
1295 617 1635 698 βλασφημία,
1670 620 1911 697 μοιχεία,

274 708 599 787 φαρμακεία,
649 708 827 787 φόνοι,
887 708 1091 787 φθόνοι,
1140 709 1494 788 ὑπερηφανίαι
1528 727 1544 743 ⁸
1599 705 1684 762 διὰ
1715 710 1915 764 τούτων

278 797 374 873 γὰρ
431 797 527 853 καί
581 803 688 853 τῶν
746 797 999 854 τοιούτων
1060 797 1107 853 οἱ
1167 795 1433 874 ἅνθρωποι
1492 798 1581 853 καὶ
1647 798 1741 851 τοῦ
1785 802 1917 852 Θεοῦ

273 884 593 963 αὐθαιρέτως
676 885 1079 964 ἁλλοτριοῦνται
1169 887 1253 941 καὶ
1336 888 1474 960 ἡμῖν
1532 886 1910 948 συνάπτονται.

274 976 485 1031 Τούτων
525 974 617 1032 ὑπ’
650 977 807 1031 αὖτοῦ
850 974 1218 1050 λαλουμένων,
1271 975 1429 1032 αὐτόν
1483 997 1540 1030 τε
1570 974 1913 1052 τὸνβασιλέα

271 1066 359 1120 καὶ
415 1064 538 1128 τοὺς
598 1064 862 1142 παρόντας
925 1066 1062 1140 μετὰ
1137 1072 1229 1122 τοῦ
1302 1065 1588 1140 θαυμάζειν
1650 1066 1737 1119 καὶ
1795 1063 1914 1128 δέος

274 1153 468 1228 εἰσῄει,
547 1155 637 1210 καὶ
692 1153 882 1212 πολλοὶ
941 1156 1040 1228 μὲν
1121 1162 1227 1212 τῶν
1285 1155 1526 1212 ἀπίστων
1599 1154 1911 1210 ἐπίστευσαν

272 1243 422 1306 εὐθὺς
455 1262 531 1316 τῳ
575 1250 809 1323 Χριστῷ,
844 1256 966 1307 τοῖς
1014 1242 1069 1299 δὲ
1114 1257 1333 1310 πιστοῖς
1364 1242 1647 1321 βεϐαίωσις
1683 1242 1759 1299 ’ἐτι
1791 1244 1911 1313 περὶ

274 1331 374 1398 τὴν
432 1334 609 1389 πίστιν
651 1332 711 1389 ἐκ
777 1339 875 1400 τῆς
932 1333 1026 1391 τοῦ
1078 1332 1274 1414 ἐχθροῦ
1318 1332 1536 1412 γέγονεν
1596 1333 1906 1412 μαρτδρίας,

269 1422 333 1476 τὸ
390 1420 572 1495 μέντοι
643 1425 880 1501 πονηρὸν
957 1422 1234 1499 δαιμόνιον
1315 1423 1633 1498 ἐπιτιμηθὲν
1714 1424 1909 1503 ἀφανὲς

271 1531 454 1589 ῳχετο
467 1557 478 1570 .

1542 303 1730 369 VITA
1774 302 1838 363 S.
1887 302 2353 368 TRYPHONIS.

1237 445 1343 494 τῶν
1403 439 1646 517 προθέσει
1722 443 1903 518 ψυχῆς

1993 437 2177 498 animi
2210 437 2515 518 proposito
2550 444 2855 501 sectantur
2894 455 3097 518 Opera,
3132 456 3264 520 quae
3295 447 3437 501 sunt
3463 438 3637 504 nobis

3486 303 3637 369 1318

1999 538 2187 607 grata.
2216 526 2465 588 Maxime
2487 545 2629 588 vero
2649 536 2816 607 grata
2839 527 3013 589 nobis
3036 547 3218 608 opera
3248 537 3411 604 sunt,
3439 528 3637 592 cultus

1999 616 2483 691 simulacrorum,
2536 616 2934 695 blaSphemia,
2985 617 3375 693 adulterium,
3409 621 3637 682 veneﬁ-

1999 704 3080 786 cium,invidia,cazdes.superbia.Per
3098 709 3223 769 haec
3243 711 3400 769 enim
3429 715 3489 770 et
3507 727 3640 790 quae

2000 812 2069 857 ea
2091 796 2848 876 consequuntur,homines
2876 815 2985 858 sua
3007 806 3223 876 sponte
3246 798 3419 859 nobis
3441 798 3641 861 eﬂecti

1998 884 2468 953 familiares.suis
2491 884 2663 948 factis
2687 896 2963 968 tanquam
2984 887 3214 968 laqueis
3230 888 3635 967 implicantur:

1998 976 2056 1035 et
2078 975 2153 1035 ab
2177 976 2308 1055 ejus
2330 975 2715 1054 quidem,qui
2740 977 2904 1056 ipsos
2928 976 3438 1051 fecit,alienantur
3459 977 3637 1039 boni-

1999 1071 2140 1138 tate,
2177 1064 2580 1145 illaqueantur
2627 1075 2822 1127 autem
2864 1066 3084 1126 nostris
3117 1065 3454 1130 maleﬁciis.
3489 1065 3639 1129 Cum

1999 1154 2128 1215 base
2150 1152 2224 1215 ab
2260 1173 2330 1215 eo
2363 1154 3070 1235 dicerentur,imperator
3091 1163 3149 1216 et
3172 1174 3387 1217 omnes
3405 1156 3507 1236 qui
3527 1155 3636 1217 ad-

1995 1244 2290 1317 erant,his
2311 1244 2558 1318 auditis,
2592 1244 2806 1324 repleti
2831 1250 2973 1306 sunt
2998 1244 3247 1306 horrore
3278 1254 3335 1307 et
3369 1244 3637 1307 admira-

1994 1331 2259 1393 tione.Et
2281 1332 2456 1393 multi
2478 1333 2721 1413 quidem
2746 1350 2817 1394 ex
2841 1331 3211 1406 inﬁdelibus,
3238 1332 3475 1395 Christo
3507 1340 3634 1395 sta-

1995 1423 2099 1483 tim
2124 1420 2539 1483 crediderunt:
2565 1422 2778 1485 ﬁdeles
2797 1431 2995 1484 autem
3023 1420 3268 1483 stabiliti
3293 1430 3352 1483 et
3377 1422 3640 1487 testimo-

1995 1511 2093 1571 nio
2124 1510 2357 1572 inimici
2390 1511 2576 1588 magis
2608 1510 3126 1589 conﬁrmati,Regi
3159 1510 3363 1589 glorias
3393 1510 3638 1587 laudem

271 1598 607 1662 emiserunt
656 1608 717 1663 et
746 1599 1022 1680 gloriam.
1075 1602 1428 1682 Increpatus
1457 1619 1597 1664 vero
1646 1600 1749 1664 ille
1801 1598 2148 1663 immundus
2180 1607 2239 1662 et
2296 1601 2627 1663 sceleratus
2658 1601 2916 1679 daemon,
2955 1600 3232 1682 protinus
3278 1601 3520 1662 evanuit
3566 1620 3639 1663 ex

272 1689 486 1753 oculis.

350 1773 743 1839 z"08éx
1132 1779 1868 1817 '-'

420 1829 434 1843 .
622 1824 645 1836 ..
750 1785 913 1859 αἴσαρ
970 1784 1247 1856 θαυμασα..
1277 1803 1369 1838 τον
1402 1796 1564 1859 ανορα
1595 1803 1691 1847 τη,
1725 1802 1903 1837 τοιαυ-

2071 1777 2399 1842 VII.Caesar
2417 1781 2760 1856 autem,hoc
2784 1778 3081 1842 beneficio
3099 1780 3441 1852 affectus,et
3464 1780 3631 1843 valde

271 1893 371 1937 της
402 1871 539 1927 κατὰ
568 1869 835 1945 δαιμόνων
864 1870 1081 1950 ἰσχύος,
1114 1884 1303 1944 τιμαῖς
1335 1893 1415 1947 τε,
1449 1872 1522 1934 ὼς
1582 1873 1779 1950 ἐχρῆν,
1823 1871 1910 1925 καὶ

270 1959 508 2023 πολλαῖς
567 1960 844 2038 θεραπεύει
923 1973 1047 2025 ταῖς
1105 1959 1356 2039 δωρεαῖς.
1428 1962 1485 2017 Εἰ
1547 1961 1648 2037 γὰρ
1705 1961 1793 2016 καὶ
1854 1960 1912 2014 τὸ

268 2047 429 2114 σέϐας
485 2047 734 2127 διάφορος
766 2049 855 2128 ἦν,
888 2047 1008 2105 ἀλλ’
1041 2051 1075 2117 ἡ
1110 2050 1273 2127 ἀρετή
1329 2056 1490 2106 πᾶσιν
1534 2050 1730 2124 ὁμοίως
1764 2047 1908 2105 αἰδέ-

273 2159 449 2213 αιμος.
502 2136 745 2194 ’Ἔπειτα
801 2139 889 2194 καὶ
968 2138 1104 2212 μετὰ
1162 2138 1540 2209 προσηκούσης
1601 2138 1756 2193 αὐτὸν
1812 2136 1912 2203 τῆς

266 2227 550 2303 θεραπείας
591 2225 778 2284 οἴκαδε
838 2225 1209 2303 παραπέμπει,
1243 2227 1383 2285 ’Ὅσα
1413 2226 1595 2302 μέντοι
1629 2228 1760 2304 πρὸς
1807 2227 1910 2301 βα-

271 2317 467 2381 σιλέως
528 2318 671 2390 αὖτῷ
728 2315 998 2394 ἐδωρήθη,
1058 2329 1250 2395 χεῖρες
1309 2318 1455 2381 εὐθὺς
1512 2318 1758 2385 πενήτων
1815 2315 1915 2370 ἀνὰ

267 2407 371 2474 τὴν
413 2403 533 2463 ὁδὸν
581 2406 746 2487 εἶχον
781 2420 796 2436 '
854 2405 1011 2468 αὐτὸς
1056 2406 1111 2461 δὲ
1156 2403 1302 2463 οἴκοι
1350 2405 1661 2484 γενὸμενος,
1706 2403 1811 2461 τῶν
1855 2426 1912 2462 τε

267 2498 509 2567 συνήθων
562 2501 661 2559 τῆς
719 2496 948 2557 πίστεως
1009 2495 1202 2575 εἴχετο
1264 2494 1456 2573 ἔργων,
1503 2494 1716 2572 ὁδηγῶν
1774 2496 1905 2567 πρὸς

1996 1888 2057 1927 ea
2086 1873 2564 1940 admiratus,cum
2590 1873 2861 1945 plurimis
2883 1874 3054 1931 donis
3077 1885 3129 1931 et
3154 1874 3477 1931 honoribus
3498 1875 3639 1932 bea-

1995 1965 2115 2018 tum
2147 1958 2528 2038 Tryphonem
2561 1968 2719 2020 esset
2774 1966 3150 2039 prosecutus.
3208 1976 3353 2021 cura
3385 1977 3637 2021 suorum

1997 2050 2411 2128 praefectorum
2445 2067 2581 2110 eum
2606 2048 2729 2110 suis
2752 2051 3240 2130 restituit.Atque
3263 2066 3634 2130 quascunque

1995 2136 2240 2218 quidem
2274 2155 2346 2199 ex
2376 2138 2470 2199 his
2494 2138 2568 2199 ad
2594 2157 2734 2200 eum
2758 2139 3095 2214 redierunt,
3131 2140 3192 2200 in
3218 2139 3306 2201 via
3332 2138 3634 2201 distribuit

1997 2226 2363 2309 pauperibus
2389 2228 2553 2308 :ipse
2578 2246 2715 2290 vero
2741 2247 2873 2289 cum
2902 2229 3142 2289 domum
3173 2230 3454 2305 venisset,
3478 2248 3630 2292 con-

1995 2324 2163 2379 sueta
2193 2316 2333 2378 ﬁdei
2355 2335 2618 2398 sequens
2641 2329 2915 2397 0pera,et
2936 2336 3149 2379 vacans
3181 2318 3472 2381 beneﬁcio
3495 2318 3635 2395 afﬁ-«g

1996 2405 2229 2468 ciendis
2258 2406 2352 2483 iis,
2417 2406 2516 2486 qui
2571 2405 2942 2479 laborabant,
2980 2415 3241 2468 erectam
3272 2408 3470 2471 solum
3517 2409 3627 2472 ha-

1992 2494 2169 2557 bebat
2200 2505 2459 2556 mentem
2493 2496 2566 2557 ad
2628 2495 2893 2556 bravium
2945 2513 3230 2576 superum
3277 2497 3624 2563 vocationis.

264 2584 524 2656 ἀλήθειαν
580 2586 703 2647 τοὺς
763 2584 1234 2658 πεπλανημένους,
1297 2586 1386 2641 καὶ
1449 2586 1578 2655 πρὸς
1642 2584 1741 2651 τὴν
1799 2586 1903 2639 τῶν

1993 2586 2136 2649 Cum
2167 2591 2364 2646 autem
2398 2585 2764 2647 decessisset
2804 2584 3161 2660 Gordianus,
3198 2584 3630 2669 Philippusque

262 2681 442 2739 κακῶς
484 2674 808 2754 πασχόντων
862 2673 1182 2748 ἐπιμέλειαν
1233 2675 1423 2731 ἑαυτὸν
1452 2671 1640 2732 ἐδίδου.
1675 2671 1903 2751 Γορδιατ

1993 2675 2078 2735 vir
2101 2674 2232 2755 pius
2255 2674 2308 2735 ei
2335 2674 2728 2736 successisset
2747 2675 2808 2734 in
2832 2674 3111 2755 imperio,
3139 2683 3197 2736 et
3228 2681 3353 2756 ipse
3384 2695 3625 2758 quoque

263 2774 359 2823 νου
413 2762 470 2820 δὲ
526 2762 972 2843 τελευτήσαντος,
1017 2765 1091 2826 εἰς
1140 2763 1409 2820 Φίλιππον
1465 2764 1556 2819 τὸν
1605 2761 1797 2830 εὒσεϐἧ
1840 2763 1903 2818 τὰ

1993 2770 2107 2826 cito
2125 2764 2334 2825 fuisset
2357 2765 2705 2826 interfectus
2732 2765 2792 2825 in
2819 2764 2974 2825 bello
3000 2765 3284 2826 adversus
3306 2764 3626 2847 Troglody-

259 2854 359 2922 τῆς
416 2851 689 2930 βασιλείας
771 2850 1078 2927 μεταϐαίνει
1161 2857 1410 2931 σκῆπτρα
1440 2873 1454 2887 ·
1546 2852 1792 2908 κάκείνου
1853 2850 1903 2907 δὲ

1993 2864 2103 2934 tas,
2135 2853 2355 2915 Decius
2388 2869 2521 2932 p051
2549 2872 2685 2915 eum
2731 2855 3129 2928 renuntiatur,
3154 2855 3244 2916 vir
3273 2855 3539 2917 crudelis
3568 2864 3628 2918 et

261 2949 454 3002 θᾶττον
510 2943 565 2999 ἐν
624 2942 849 3018 πολέμῳ
924 2949 1031 2999 τῶν
1099 2940 1478 3021 Τρογλοδυτῶν
1535 2942 1903 3019 ἀνῃρημένου,

1993 2943 2192 3005 animo
2221 2943 2569 3023 impudens,
2601 2951 2662 3004 et
2693 2942 2930 3007 fervens
2958 2944 3202 3024 quidem
3236 2944 3437 3007 furore
3468 2948 3631 3010 circa

265 3030 452 3095 Δέκιος
512 3034 633 3109 μετ’
712 3034 869 3090 αὐτὸν
944 3032 1326 3111 ἀναγορεύεται
1408 3033 1683 3112 βασιλεὺς,
1757 3032 1903 3105 ὠμός

1993 3031 2508 3106 simulacra,rabie
2531 3042 2729 3095 autem
2756 3033 3122 3096 intolerabili
3145 3033 3218 3096 ab
3252 3033 3630 3099 inhabitante

263 3123 422 3203 ἀνὴρ,
456 3121 678 3191 ἀναιδὴς
712 3120 891 3201 ψδχῇ,
938 3121 1135 3196 αθίμασι
1191 3131 1279 3178 καὶ
1329 3135 1566 3199 σφαγαῖς
1611 3123 1699 3177 καὶ
1729 3121 1903 3197 βασά-

1993 3128 2048 3183 in
2073 3129 2201 3197 ipso
2225 3127 2486 3184 daemone
2509 3135 2698 3185 metus
2718 3127 2994 3185 adversus
3018 3143 3117 3185 eos
3134 3130 3230 3197 qui
3247 3127 3628 3187 nolebanteis

260 3234 375 3278 νοις
433 3211 572 3274 ὅλως
629 3212 1128 3290 ἒνευφραινόμενος,
1191 3210 1324 3282 ζέων
1398 3211 1495 3285 μὲν
1540 3217 1608 3286 τῇ
1662 3211 1781 3288 περὶ
1838 3212 1903 3266 τὰ

1993 3212 2348 3274 sacriﬁcare.
2382 3215 2517 3275 Fuit
2544 3229 2684 3273 vero
2716 3212 2827 3274 hoc
2860 3230 3036 3290 grave
3083 3210 3312 3274 bellum
3343 3214 3628 3276 adversus

262 3300 465 3358 εἴδωλα
504 3301 690 3377 μανίᾳ,
722 3299 868 3375 δεινῇ
898 3297 955 3355 δὲ
986 3298 1149 3377 λύττῃ
1205 3304 1340 3355 κατα
1400 3303 1506 3354 τῶν
1571 3305 1901 3377 Χριστιανῶν

1993 3300 2521 3365 ChristianosNon
2554 3302 2715 3363 enim
2750 3300 3116 3381 parabantur
3146 3319 3315 3362 arma
3341 3303 3628 3366 adversus

262 3394 477 3448 πάντων
520 3389 896 3465 κεκινημένος,
930 3391 993 3447 τὸ
1025 3388 1123 3465 μὲν
1166 3387 1305 3445 ὅπλα
1349 3385 1469 3444 κατ’
1511 3387 1719 3465 ἐχθρῶν
1750 3388 1896 3466 ἆραι,

259 3480 395 3558 βέλη
426 3481 565 3561 φημὶ
620 3481 712 3537 καὶ
752 3477 950 3557 δόρατα
1004 3480 1090 3535 κα)
1151 3478 1440 3557 ῥομφαίαν,
1475 3479 1665 3554 μικρὸν
1726 3477 1897 3554 ἡγού-

259 3590 420 3646 μενος
481 3570 658 3647 ἔργον,
724 3570 813 3624 καὶ
883 3573 1076 3647 μικρᾶς
1135 3566 1388 3643 δεόμενον
1445 3565 1541 3633 τῆς
1601 3564 1893 3645 φροντίδος,

255 3662 320 3718 τὸ
366 3657 422 3715 δὲ
465 3660 695 3739 τροχοὺς
740 3660 828 3715 καὶ
869 3655 1208 3720 καταπέλτας
1279 3656 1480 3735 ὄνυχάς
1538 3677 1595 3711 τε
1654 3653 1898 3734 σιδηροῦς

256 3752 347 3807 καὶ
414 3754 520 3805 πᾶν
589 3746 737 3813 εἶδος
793 3747 925 3808 ἄλλο
982 3746 1354 3825 κολαστηρίων
1412 3746 1710 3821 ἑτοιμάζειν
1760 3747 1898 3802 κατὰ

256 3844 366 3895 τῶν
419 3835 774 3894 εὐσεϐούντων
817 3844 973 3894 τοῦτο
1019 3836 1159 3914 μέγα
1217 3836 1360 3892 εἶναι
1405 3836 1634 3909 νομίζων
1664 3837 1751 3892 καὶ
1789 3857 1892 3911 με-

254 3928 430 4008 γάλην
472 3932 617 4002 αὐτῷ
660 3928 971 4006 περιποιοῦν
1021 3928 1122 3994 τὴν
1153 3925 1427 3986 εὔκλειαν.
1462 3920 1559 3983 Ἦν
1592 3925 1681 3982 οὖν
1726 3924 1896 3991 δεινὸς

254 4019 377 4075 τότε
432 4019 567 4075 κατὰ
617 4019 949 4094 Χριστιανῶν
1007 4019 1034 4073 '0
1092 4015 1358 4091 πόλεμος,
1418 4018 1506 4074 καὶ
1557 4016 1735 4084 πολλὴ
1765 4038 1892 4072 συν-

255 4109 457 4187 έχουσα
504 4107 809 4183 σκοτομένη
864 4108 962 4175 τὴν
1019 4105 1363 4183 οἰκουμένην.
1430 4108 1528 4165 Καὶ
1586 4105 1670 4165 διὰ
1738 4114 1896 4164 τοῦτο

258 4202 433 4275 παρῆν
462 4200 587 4274 ὁρᾷν
614 4199 711 4264 τήν
743 4203 838 4254 τοῦ
868 4204 1001 4255 Θεοῦ
1029 4195 1230 4272 ἅλωνα,
1270 4196 1345 4260 ὥς
1406 4218 1509 4252 τινι
1568 4197 1717 4269 πτύῳ
1772 4194 1893 4255 δια-

254 4286 646 4365 καθαιρομένην
687 4288 777 4343 καὶ
832 4287 956 4350 τοὺς
991 4286 1091 4362 μὲν
1150 4284 1341 4354 εὐσεϐῆ
1394 4286 1575 4343 πίστιν
1629 4284 1889 4351 ὑποδεξα-

1983 3391 2377 3471 alienigenas,
2410 3409 2530 3453 non
2562 3391 2680 3452 tela
2710 3399 2768 3451 et
2800 3391 3174 3467 lanceae,n0n
3197 3392 3547 3471 rhomphzea
3566 3401 3624 3454 et

1982 3481 2218 3559 gladius
2238 3479 2628 3544 vibrabantur
2644 3480 2930 3542 adversus
2951 3498 3055 3542 eos
3078 3481 3179 3561 qui
3198 3480 3495 3543 faciebant
3518 3482 3621 3544 in-

1973 3570 2221 3651 juriam:
2249 3570 2355 3632 sed
2379 3579 2526 3631 rota;
2549 3577 2606 3630 et
2628 3569 3327 3651 catapultaunguesque
3348 3570 3532 3633 ferrei
3556 3580 3619 3634 et

1982 3666 2317 3735 pectines,ei
2333 3677 2504 3720 omne
2529 3676 2713 3734 genus
2736 3660 3160 3733 suppliciorum
3180 3665 3626 3735 comparabatur

1981 3749 2264 3812 adversus
2294 3749 2670 3812 innocentes.
2701 3746 2895 3811 Unum
2928 3759 3127 3811 autem
3160 3750 3223 3811 in
3256 3768 3360 3813 eos
3389 3751 3625 3814 crimen

1981 3838 2658 3919 intendebatur,nempe
2681 3843 2740 3898 in
2763 3837 2954 3900 Deum
2980 3840 3445 3904 sanctitas.Cum
3478 3858 3618 3920 ergo

1982 3928 2105 3990 illic
2132 3929 2316 3990 multa
2337 3938 2684 4008 erumperet
2705 3928 2998 4002 confusio,
3038 3928 3273 3992 dicebat
3303 3949 3369 3991 se
3391 3927 3617 4004 videre,

1981 4019 2162 4080 veluti
2186 4018 2636 4099 quodam,quod
2661 4019 3062 4098 intelligentia
3085 4020 3623 4102 percipitur,venti-

1981 4107 2150 4170 labro
2179 4108 2418 4190 purgari
2442 4126 2641 4170 aream
2676 4108 2932 4170 Domini.
2959 4109 3315 4190 Quicunque
3338 4109 3500 4172 enim
3526 4111 3619 4173 le-

1976 4199 2158 4260 vitate
2181 4199 2403 4260 mentis
2425 4207 2484 4260 et
2507 4198 2848 4261 stramiueis
2879 4199 3341 4278 cogitationibus
3371 4198 3620 4262 verbum

1978 4293 2112 4350 ﬁdei
2138 4292 2484 4350 videbantur
2506 4296 2855 4364 suscepisse,
2887 4295 2924 4350 ii
2952 4294 3198 4365 perinde
3226 4308 3292 4351 ac
3315 4295 3366 4350 vi
3415 4306 3620 4354 vento-

253 4375 468 4453 μένους,
530 4376 772 4442 ἀσθενεῖς
823 4375 880 4432 δὲ
934 4377 1057 4439 τοὺς
1113 4374 1404 4454 λογισμοὺς
1434 4376 1587 4442 ὄντας
1612 4378 1700 4433 καὶ
1744 4376 1890 4456 ἀχυ-

1993 4396 2107 4439 rum
2128 4377 2392 4439 ventilati
2418 4376 3352 4453 tentationibus,reservabantur
3369 4379 3490 4460 igni
3516 4380 3623 4462 qui

252 4464 461 4546 ρώδεις,
508 4467 612 4522 ὑπὸ
667 4472 766 4543 τῇς
837 4472 946 4524 τῶν
1001 4472 1314 4545 πειρασμῶν
1371 4468 1512 4542 βίας,
1557 4466 1743 4539 ὥσπερ
1791 4466 1891 4524 δπό

1993 4487 2097 4529 mon
2115 4467 2655 4545 exstinguitur.Qui
2676 4479 2878 4531 autem
2900 4477 3065 4531 recta
3096 4470 3397 4532 sententia
3418 4478 3477 4532 et
3496 4473 3623 4534 ani-

254 4578 393 4621 τινος
424 4555 637 4633 ἀνέμων
688 4563 852 4637 φορᾶς
906 4555 1368 4636 ἒχριπιζομένους,
1426 4557 1562 4625 ὅλην
1616 4564 1693 4631 τῷ
1755 4559 1889 4614 αἰω-

1993 4577 2072 4620 n0
2095 4556 2298 4618 stabili
2323 4557 2714 4619 adhaerebant
2742 4558 3045 4639 veritati,ii
3072 4558 3319 4638 injuriis
3342 4569 3400 4622 et
3421 4560 3618 4625 afflic-

252 4646 347 4721 νίῳ
387 4644 515 4722 πυρῖ
582 4646 959 4725 συντηρεῖσθαι
994 4661 1008 4677 ⁶
1081 4646 1196 4703 ὅσοι
1262 4644 1317 4702 δὲ
1374 4647 1596 4726 γνώμης
1650 4650 1891 4714 εὐθύτητι

1993 4648 2244 4710 .ionibus
2282 4648 2657 4724 inﬂammati,
2691 4667 2827 4710 cum
2865 4667 2990 4711 suae
3031 4648 3171 4710 ﬁdei
3199 4649 3616 4730 probationem

251 4737 340 4793 καὶ
384 4739 570 4814 ψῡχῆς
614 4738 972 4812 σταθηρότητι
1016 4740 1116 4803 τῆς
1159 4735 1410 4804 ἀληθείας
1440 4736 1885 4812 ἀντεποιήσαντο,

1993 4741 2096 4801 )eo
2129 4747 2189 4801 et
2218 4738 2567 4800 hominibus
2604 4737 3036 4813 ostendissent,
3067 4741 3126 4801 in
3156 4740 3371 4802 horrea
3395 4740 3619 4802 caeles-

254 4828 399 4883 οὗτοι
445 4825 694 4904 κρείττων
765 4826 1009 4904 ὀφθέντες
1081 4826 1188 4883 τῶν
1236 4831 1548 4901 πειρασμῶν
1593 4828 1682 4884 καὶ
1724 4828 1890 4907 μέχρι

1993 4829 2083 4903 ia,
2119 4836 2398 4909 tanquam
2436 4846 2649 4908 purum
2692 4828 3080 4903 frumentum,
3117 4828 3619 4897 recordabantur.

249 4915 431 4977 τέλους
501 4920 602 4991 τῇν
666 4912 955 4993 ὁμολογίαν
1026 4914 1370 4995 φυλάξαντες,
1434 4915 1531 4973 οἶά
1599 4937 1679 4982 τις
1750 4918 2120 4997 καθαρώτατος
2190 4923 2339 4984 οἶτος
2398 4921 2473 4982 εἰς
2545 4917 2638 4982 τοὶς
2709 4920 2975 4998 οὐρανίους
3034 4918 3311 4986 ἀποθήκας
3366 4920 3620 4997 ἐταμιεύ-

248 4999 435 5065 θησον.

332 5087 425 5145 H'.
490 5085 698 5144 Τούτων
768 5083 908 5141 οὕτω
962 5083 1300 5161 τελουμένων
1361 5086 1449 5142 καὶ
1506 5092 1599 5142 τοῦ
1651 5085 1890 5166 διωγμοῦ

2053 5087 2358 5151 VIll.Cum
2378 5088 2506 5150 haec
2525 5090 2611 5149 sic
2632 5088 2939 5162 ﬁerent,et
2959 5088 3349 5152 vehementer
3377 5100 3618 5171 urgeret

250 5177 397 5252 μάλα
441 5172 678 5255 σφοδρῶς
738 5174 1099 5254 ἐπικειμένου,
1154 5174 1407 5253 ἀνάγεται
1462 5177 1580 5253 περὶ
1609 5174 1887 5257 Τρύφωνος

1993 5177 2617 5252 iersecutio,defertur
2646 5178 2926 5257 Tryphon
2948 5177 3023 5239 ad
3047 5179 3393 5258 praefectum
3408 5181 3622 5246 Orien-

247 5267 325 5341 τῷ
366 5265 463 5335 τῆς
508 5263 804 5332 Ἀνατολῆς
865 5263 1092 5345 ἐπάρχῳ
1152 5263 1460 5345 (³Ακυλῖνος
1513 5263 1683 5341 ὄνομα
1721 5268 1888 5340 τούτῳ

1997 5269 2069 5331 is.
2096 5267 2415 5348 Aquilinus
2439 5277 2638 5330 autem
2667 5274 2811 5329 tunc
2831 5267 3077 5346 gerebat
3103 5269 3374 5349 praefecti
3399 5271 3619 5349 magis-

247 5355 363 5435 ἧν),
420 5356 493 5419 ὡς
543 5353 678 5431 ἀνήρ
721 5376 803 5419 τις
853 5350 1127 5429 Ἀπαμεὺς
1164 5356 1226 5411 τὸ
1268 5354 1444 5433 γένος,
1507 5355 1607 5422 τὴν
1664 5356 1888 5434 γνώμην

1998 5360 2298 5419 ratum.Ad
2325 5375 2458 5418 eum
2482 5376 2624 5432 ergo
2646 5360 3087 5432 defertur,quod
3112 5363 3195 5418 vir
3218 5362 3452 5435 quidam
3468 5366 3622 5435 Apa-

246 5450 341 5505 οὖκ
372 5444 624 5524 ἀγεννὴς,
658 5445 720 5500 τὸ
748 5444 877 5512 ἦθος
934 5446 1030 5501 οὖλε
1072 5445 1328 5524 εὐχερὴς,
1382 5449 1501 5522 περὶ
1540 5445 1736 5525 λόγους
1794 5449 1891 5504 οὐκ

1993 5447 2491 5527 neensis,genere
2526 5466 2645 5510 non
2676 5446 2986 5528 ignobilis,
3020 5447 3296 5510 doctrina
3318 5449 3616 5528 excultus,

250 5535 487 5615 ἀμαθὴς,
516 5535 694 5613 ἰατρὸς
724 5533 825 5602 τὴν
883 5532 1057 5615 τέχνη
1071 5559 1111 5611 θ,
1167 5533 1349 5612 πολλῇ
1410 5536 1541 5614 πρὸς
1573 5536 1692 5602 τοὺς
1723 5536 1887 5594 σεϐα-

1993 5545 2100 5600 irte
2132 5536 2429 5612 medicus,
2466 5545 2755 5618 augustos
2791 5536 2965 5600 valde
2993 5538 3342 5620 despicit,et
3372 5557 3622 5618 magnos

251 5628 407 5691 στοὺς
462 5625 723 5702 ὑπεροψίᾳ
787 5628 991 5705 χρῆται
1064 5626 1151 5683 καὶ
1228 5625 1536 5702 μυκτηρίζει
1601 5625 1697 5701 μὲν
1768 5628 1890 5692 τοὺς

1993 5627 2215 5709 ιυίόειη
2254 5626 2400 5690 deos
2456 5626 2805 5703 subsannat,
2860 5626 3160 5690 Christum
3191 5638 3390 5693 autem
3425 5630 3618 5695 solum
