3932 6140
395 230 547 308 1323

1656 232 1938 308 MENSIS
1980 235 2488 307 FEBRUARIUS.

3656 228 3753 298 l3‘24

388 376 705 459 pebantnr,
734 390 866 456 qum
883 390 1002 435 non
1026 371 1217 434 solum
1244 373 1420 436 nudae
1440 374 1803 457 objiciantur
1829 378 1941 459 frig

2209 401 2235 442 ς
2295 382 2441 451 αὖσῷ
2508 376 2878 455 διερῤήγνιιντο
2922 375 3029 432 τῶν
3070 373 3283 431 ποδῶν
3368 368 3494 448 ὦρᾴ
3550 374 3758 459 lanium:

385 465 622 549 hyemis
644 462 1147 537 intolerabili,sed
1172 463 1352 525 etiam
1368 465 1880 530 conculcabautur
1898 487 1971 545 eq
1982 489 2040 530 u-

387 574 560 620 orum
587 553 1088 637 pedibus,carnes
1107 560 1301 615 autem
1321 552 1665 619 dilaceratae
1687 575 1796 639 per
1811 566 2032 620 terram

384 643 1138 726 dispergebantur.Martyr
1158 660 1296 704 vero
1328 661 1572 725 semper
1600 646 1673 709 ad
1711 647 2030 710 Dominum

385 736 648 808 intuens,
682 731 824 793 dum
856 730 915 790 in
945 746 1018 790 eo
1052 730 1357 793 foveretur
1387 740 1444 794 et
1474 744 1875 812 recrearetur,
1912 756 2030 799 non

379 839 540 905 aagre
561 819 792 884 ferebat
812 818 1381 902 dolorem.psalleus
1407 842 1420 881 :
1456 823 2032 904 uPerfice,Domine,

380 929 625 993 gressus
646 927 813 973 meos
832 910 893 972 in
911 909 1145 971 semitis
1170 910 1379 988 tuis,ut
1401 931 1520 974 non
1539 924 2035 978 commoveantur

380 1003 634 1082 vestigia
660 1000 854 1063 meai.
884 1024 911 1056 ι)
940 998 1014 1061 Ει
1035 1017 1265 1062 rursus:
1301 1025 1323 1056 α
1355 1002 1613 1065 Gressus
1643 1022 1809 1067 meos
1839 1004 2031 1086 dirige

378 1091 712 1155 secundum
736 1089 1038 1172 eloquium
1071 1096 1264 1166 tuum,
1291 1097 1352 1152 et
1382 1110 1503 1153 non
1536 1092 1881 1157 dominetur
1911 1097 2031 1160 mei

377 1185 574 1245 omnis
597 1181 882 1262 iniquitas
903 1179 953 1261 ε,
990 1204 1018 1236 »
1074 1186 1136 1242 et
1183 1198 1317 1261 qua;
1357 1180 1649 1265 deinceps
1671 1193 2027 1266 sequuntur.

374 1270 601 1334 Praeter
621 1271 751 1332 haec
774 1268 1087 1331 emittebat
1106 1269 1286 1331 etiam
1326 1288 1504 1333 voces
1528 1272 1703 1353 primi
1729 1277 2025 1357 martyris,

375 1361 612 1425 dicens:
645 1385 668 1416 α
698 1359 975 1434 Domine,
1003 1377 1079 1420 ne
1103 1366 1332 1421 statuas
1350 1360 1439 1423 eis
1457 1359 1573 1425 hoc
1596 1372 1909 1443 peccatum
1930 1367 1963 1417 3
1998 1389 2021 1425 ι)

374 1454 521 1513 Cum
552 1468 586 1513 a
609 1448 927 1513 venatione
956 1456 1155 1511 autem
1189 1466 1326 1510 sero
1355 1449 1817 1525 rediisset,dicit
1843 1456 2028 1537 Aqui-

377 1541 538 1603 liuus
560 1539 858 1602 accersito
883 1547 1163 1619 martyre:
1198 1537 1451 1601 Nuncne
1473 1541 1785 1619 tandem,o
1818 1549 2028 1621 miser,

378 1630 487 1693 tibi
519 1628 873 1711 persuasisti
904 1627 1165 1708 sapienti
1201 1628 1284 1689 uti
1335 1629 1798 1695 ratiocinatione
1829 1642 1887 1697 et
1915 1636 2031 1697 diis

377 1720 740 1792 sacriﬁcare,
776 1736 851 1779 au
907 1716 1105 1779 adhuc
1161 1719 1418 1798 pristina
1478 1722 1702 1782 teneris
1738 1721 1974 1787 insania
2005 1725 2091 1803 ΥΒ

376 1808 533 1873 Dicit
553 1818 798 1871 sanctus
819 1806 1103 1887 Tryphon
1132 1826 1145 1864 :
1176 1809 1324 1869 Cum
1352 1806 1604 1871 rationis
1634 1813 1899 1892 expertis
1932 1816 2027 1876 in-

378 1898 565 1960 sanias
596 1906 655 1960 et
686 1895 1110 1976 imprudentiae
1144 1896 1227 1958 sis
1272 1897 1404 1976 ipse
1454 1898 1688 1977 plenus,
1722 1919 1755 1962 a
1804 1901 2027 1967 diaboli

378 1985 572 2047 offusa
591 1984 702 2047 tibi
724 1983 1083 2046 tumulentia
1102 2001 1222 2045 non
1245 1992 1412 2064 potes
1427 1985 2031 2067 resipiscere,etado—

373 2091 510 2136 rare
534 2073 879 2138 Creatorem
914 2078 1354 2135 universorum.
1392 2072 1512 2153 Ego
1538 2085 1739 2139 autem
1773 2080 2027 2160 sapienti

374 2172 512 2227 utor
541 2164 1019 2240 ratiocinatione,
1054 2181 1171 2225 nou
1197 2162 1493 2226 recedens
1530 2164 1604 2227 ab
1632 2183 1724 2244 ea,
1757 2187 1892 2249 qua:
1930 2172 2029 2233 dat

374 2251 1104 2329 salutem,veritate.Dicit
1129 2253 1455 2335 Aquilinus
1486 2255 1823 2335 praefectus:
1855 2260 2027 2322 Nunc

373 2344 582 2408 redeat
613 2346 677 2406 in
707 2360 1037 2419 carcerem,
1064 2350 1122 2403 rt
1146 2355 1490 2407 reservetur
1512 2344 1582 2406 ad
1607 2346 1859 2410 alteram
1880 2369 2024 2413 exa-

363 2428 978 2496 'minationem.Forte
1000 2451 1135 2494 cum
1161 2432 1342 2496 fuerit
1365 2434 1627 2506 solus,se
1650 2437 2022 2517 admonebit,

373 2534 441 2585 ut
469 2523 711 2586 desistat
744 2522 818 2585 ab
850 2523 962 2584 hac
994 2523 1147 2584 mala
1178 2524 1588 2604 persuasione.
1625 2529 1770 2589 Cum
1807 2529 1894 2592 sic
1924 2530 2023 2592 di-

373 2613 580 2697 xisset,
612 2614 684 2675 ad
723 2612 1007 2674 finitimas
1034 2612 1312 2691 regiones
1343 2622 1434 2674 est
1460 2614 1789 2692 profectus.

2002 2761 2021 2789 ³

2121 470 2316 548 γυμναὶ
2350 466 2805 548 προϐαλλόμεναι,
2868 467 2999 544 πρὸς
3044 462 3099 521 δὲ
3133 464 3240 520 καὶ
3277 473 3422 523 τοῖς
3493 462 3596 513 τῶν
3632 457 3764 513 ’ἴττω

2119 560 2243 615 ποσὶ
2273 558 2627 633 πατούμεναι,
2662 559 2736 620 ὡς
2770 558 2853 613 καὶ
2890 556 2982 616 τὰς
3016 553 3239 631 σάρκας
3309 550 3476 607 οὕτω
3535 549 3658 624 πρὸς
3699 553 3765 621 ﬁn

2119 645 2407 726 καταῤῥεϊν
2440 662 2455 677 ⁶
2486 653 2564 721 τῷ
2593 643 2650 702 δὲ
2681 647 2814 725 πρὸς
2863 645 2954 700 τὸν
3015 644 3210 721 Κύριον
3288 639 3389 695 ἀεὶ
3457 634 3672 715 βλέπειν
3710 643 3767 695 ni

2117 736 2246 814 παρ’
2298 741 2460 796 αὒτοῦ
2509 735 2761 816 δέχεσθαι
2820 734 2918 801 τὴν
2987 731 3402 812 παράκλησιν,
3493 726 3674 816 ἀμέλει
3714 729 3770 780 ui

2116 812 2342 903 ἔψαλλε,
2400 812 2763 903 Κατοὶρτισαι³
2825 821 3023 901 λέγων,
3076 822 3277 900 Κύριε,
3372 820 3442 873 τὰ
3521 812 3775 890 διαδήματὲ

2117 937 2219 990 μου
2272 915 2326 971 ἐν
2359 926 2484 981 ταῖς
2513 912 2712 991 τρίϐοις
2761 935 2882 987 σου,
2912 910 3008 968 ἵνα
3037 911 3114 985 μὴ
3146 908 3507 966 σαλευθῶσι
3538 908 3609 962 τὰ
3636 903 3775 969 διαὸέ-

2117 1005 2261 1077 ματά
2320 1026 2446 1080 μου,
2485 1004 2574 1061 καὶ
2633 1001 2796 1059 πάλιν
2829 1020 2845 1036 ·
2912 1002 2985 1060 Τὰ
3034 997 3384 1073 διαδήματᾶ
3420 1019 3538 1073 μου
3569 998 3779 1051 strutho-

2115 1114 2208 1151 νον
2256 1095 2393 1151 κατά
2443 1095 2506 1151 τὸ
2550 1091 2736 1172 λόγιόν
2767 1113 2886 1166 σου,
2920 1091 3005 1148 καὶ
3039 1090 3119 1165 μὴ
3149 1086 3681 1160 κατακυριευσάτω
3712 1108 3780 1158 μω

2116 1184 2262 1240 πᾶσα
2315 1183 2535 1259 ἀνομία,
2600 1184 2730 1262 πρὸς
2775 1182 2984 1243 τούτοις
3029 1181 3120 1237 καὶ
3160 1177 3279 1245 τὴν
3338 1175 3540 1241 αὐτὴν
3573 1174 3787 1254 ἔχωντῷ

2115 1275 2525 1352 πρωτομάρτυρι
2610 1274 2969 1352 χρηστότητα
3056 1271 3147 1326 καὶ
3217 1265 3675 1344 φιλανθρωπίαν
3720 1264 3788 1324 τὴν

2115 1364 2278 1432 αὒνὴν
2331 1364 2418 1419 οιαὶ
2469 1366 2623 1426 οὗτος
2697 1360 2835 1418 ἐπίει
2897 1359 3079 1439 φωνήν
3117 1376 3132 1390 ⁸
3187 1359 3437 1439 Κύριεκ
3475 1355 3683 1432 λέγων,
3730 1353 3787 1425 μὴ
3880 1390 3881 1393 η

2114 1454 2322 1530 στήσῃς
2380 1456 2565 1517 αὐτοῖς
2626 1453 2727 1520 τὴν
2785 1436 3050 1527 ἁμαρτίαν
3108 1448 3361 1514 ταύτην,
3421 1436 3530 1506 Ὠς
3594 1444 3683 1499 οὖν
3708 1443 3790 1497 ἀπὸ
3874 1480 3879 1530 .‘

2112 1542 2208 1611 τῆς
2263 1543 2429 1621 θήρας
2488 1543 2591 1615 ὀψὲ
2624 1542 2719 1610 τῆς
2752 1539 2893 1607 ὥρας
2925 1537 3205 1595 ἐπανέλθοι
3239 1540 3271 1594 ὃ
3314 1534 3672 1605 ³Λκυλῖνος,
3721 1532 3792 1621 τοι

2113 1633 2355 1711 μάρτυρα
2398 1630 2904 1706 μετακαλεσαμενος
2965 1628 3024 1683 ὃν
3055 1629 3275 1705 θήραμα
3315 1623 3568 1700 μᾶλλον
3598 1620 3791 1679 ἔσπευδε

2112 1725 2299 1779 ἑαυτοῦ
2342 1720 2510 1787 δεῖξαι
2569 1722 2706 1778 κατά
2766 1717 2902 1776 πολὺ
2955 1718 3289 1793 τιμιώτατον
3336 1733 3355 1747 ·
3400 1713 3599 1772 Ἀλλᾶ
3633 1712 3793 1785 πείθῃ,

2112 1813 2299 1892 φησὶν,
2335 1811 2433 1867 κᾶν
2467 1819 2577 1891 νῦν,
2626 1809 2797 1890 ἄθλιε,
2851 1809 3082 1887 σώφρονι
3146 1808 3498 1888 χρήσασθαι
3564 1802 3795 1892 λογισμῴ

2113 1891 2201 1958 καί
2229 1891 2380 1958 θῦσαι
2413 1915 2533 1966 τοῖς
2577 1905 2748 1972 θεοῖς,
2784 1900 2820 1968 ἢ
2854 1899 2933 1955 ἔτι
2961 1898 3061 1966 τῆς
3094 1896 3373 1975 προτέρας
3416 1893 3548 1974 ἔχῃ
3581 1891 3795 1967 μανίαςς

2117 1983 2174 2049 Ὀ
2208 1987 2361 2070 ἅγιος
2392 1993 2610 2072 Τρύφων
2648 1990 2795 2068 Λέγει
2833 2008 2846 2022 ⁶
2913 1988 3117 2049 Μανίας
3177 1985 3403 2064 ἀλόγου
3467 1983 3576 2040 καί
3640 1983 3791 2062 ἀφροο

2112 2082 2275 2148 σύνης
2334 2083 2531 2157 μεστὸς
2563 2081 2720 2145 αὐτὸς
2756 2078 2830 2137 ὢν
2862 2077 2980 2134 οὐδὲ
3010 2075 3140 2154 δύνῃ
3191 2079 3252 2133 τὸ
3314 2075 3613 2152 παράπαν
3674 2072 3793 2127 εἴσω

2111 2177 2316 2250 φρενῶν
2347 2170 2615 2249 γενέσθαι,
2654 2171 2742 2226 καὶ
2783 2171 2877 2225 τον
2933 2170 3039 2225 τῶν
3070 2166 3212 2224 ὅλων
3241 2167 3582 2245 ἐπιγνῶναι
3617 2163 3744 2219 θεόν
3773 2179 3785 2193 ⁸

2111 2261 2220 2339 ἐγὼ
2248 2260 2303 2316 δὲ
2334 2282 2564 2341 σωφρονι
2624 2261 2849 2338 χρῶμαι
2903 2264 2981 2330 τῷ
3030 2255 3300 2335 λογισμῷ,
3340 2257 3438 2330 μὴ
3477 2252 3786 2333 ἀφιστάμε-

2110 2373 2199 2415 νος
2256 2350 2355 2418 τῇς
2412 2350 2685 2421 σωζούσης
2744 2348 3020 2415 ἀληθείας.
3087 2344 3248 2405 Οὐδέν
3306 2347 3465 2423 πρὸς
3534 2349 3708 2399 ταῦτα
3760 2342 3782 2393 ὁ

2109 2440 2393 2503 Ἀκυλϊνος
2430 2456 2443 2469 ⁸
2478 2438 2674 2507 ἧδέσθη
2707 2438 2806 2515 γὰρ
2865 2438 2928 2493 τί)
2987 2435 3277 2515 φιλάληθες
3338 2441 3472 2490 ’τῶν
3528 2433 3781 2511 ῥημάτων

2111 2534 2206 2587 καὶ
2238 2528 2471 2608 ἀκριϐῶς
2506 2528 2799 2607 ἐλεύθερον,
2851 2525 2988 2581 ἀλλά
3046 2526 3179 2601 πρὸς
3221 2526 3344 2589 τοὺς
3418 2523 3775 2599 παρεστῶτας

2108 2607 2448 2698 ἐπιστραφείς
2485 2634 2500 2649 ’
2561 2607 2830 2675 Ἐλκέσθιο
2872 2637 2930 2671 τε
2981 2617 3107 2693 γοῦν
3164 2616 3238 2679 εἷς
3270 2615 3334 2670 τὸ
3386 2611 3775 2686 δεσμωτήριον

375 2710 403 2764 ὃ
474 2704 743 2785 γεννάδως
807 2705 895 2759 καὶ
953 2705 1081 2780 πρὸς
1140 2703 1320 2779 ἑτέραν
1376 2704 1611 2769 ἐξέτασιν
1654 2707 2021 2788 φυλαττέσθω³
2083 2712 2162 2788 μὴ
2221 2710 2308 2766 καὶ
2365 2707 2501 2764 κατά
2569 2708 2734 2781 μόνας
2791 2705 3076 2782 γενόμενος
3139 2705 3311 2777 ἐαυτῷ
3370 2708 3491 2769 τῆς
3554 2700 3772 2776 ματαίας

374 2796 673 2857 ἔνστάσεως
717 2790 1000 2869 ἔγγαλέσοι
1041 2792 1127 2848 καὶ
1162 2793 1295 2866 μετά
1327 2794 1470 2861 μέθη
1500 2796 1559 2850 τὸ
1589 2794 1824 2870 βέλτιον·
1864 2801 2045 2867 Οὕτως
2091 2801 2251 2859 εἰπὼν
2283 2796 2377 2853 ἐπὶ
2405 2798 2501 2858 τὰς
2532 2795 2946 2874 πλησιοχώρους
2978 2792 3137 2859 ἔξεισι
3165 2794 3376 2856 πόλεις,

454 2881 735 2945 XII.Cum
756 2887 953 2942 autem
979 2879 1210 2959 aliquot
1232 2878 1364 2941 dies
1387 2880 1901 2962 intercessissent,
1931 2907 2007 2951 ve

2214 2891 2303 2951 ,B‘.
2362 2888 2610 2963 Ἢμερῶν
2660 2883 2716 2940 δὲ
2764 2905 2923 2939 τινων
2973 2882 3395 2961 διαγενομένων,
3467 2883 3632 2942 αὖθις
3687 2878 3767 2943 τὴν

377 2972 553 3034 niens
575 2987 783 3032 rursus
802 2967 1153 3040 Nicaeam,et
1175 2967 1395 3029 sedens
1417 2971 1473 3030 in
1499 2970 2029 3048 tribunali,sisten-

376 3061 520 3123 dum
539 3059 765 3121 curavit
786 3064 1055 3119 sanctum
1083 3056 1568 3138 Tryphonem,et
1591 3059 1763 3125 dixit:
1796 3062 1948 3128 Num
1973 3076 2029 3130 te

377 3149 689 3232 prolixitas
722 3147 1011 3230 temporis
1032 3146 1437 3221 admonuit,ut
1459 3165 1667 3228 pareas
1691 3151 2026 3233 imperato-

373 3239 542 3301 ribus
565 3244 624 3300 et
645 3238 897 3320 supplex
925 3235 1203 3319 procidas
1225 3235 1341 3297 diis
1356 3239 1791 3304 servatoribns?
1806 3242 1912 3305 Cui
1940 3244 2028 3307 di-

374 3331 460 3392 xit
490 3337 731 3393 sanctus
755 3337 979 3408 martyr
1011 3345 1025 3388 :
1061 3328 1218 3389 Deus
1245 3343 1414 3388 meus
1436 3334 1496 3389 et
1528 3329 1820 3393 Dominus
1850 3332 2027 3398 Jesus

374 3419 775 3496 Christus,cui
796 3436 944 3498 pura
969 3425 1169 3479 mente
1194 3415 1416 3495 servio,
1450 3415 1782 3482 admonens
1811 3423 2025 3485 admo-

374 3509 500 3570 nuit
524 3516 584 3571 et
609 3504 1074 3586 confirmavit,nt
1096 3504 1536 3566 immutabilem
1560 3514 1619 3567 et
1644 3505 2023 3575 immobilem

374 3599 436 3660 in
462 3615 597 3660 eum
617 3596 799 3658 fidem
827 3605 1087 3658 teneam.
1124 3593 1525 3665 Quamobrem
1571 3613 1707 3658 eum
1741 3600 1933 3664 solum
1961 3611 2024 3665 ut

376 3706 582 3751 verum
607 3703 810 3764 regem
838 3693 893 3746 et
915 3684 1103 3746 Deum
1129 3682 1399 3747 attendo:
1421 3692 1580 3746 tuam
1607 3695 1807 3750 autem
1834 3691 2024 3754 infeli-

374 3777 614 3840 citatem
655 3783 716 3836 et
746 3774 829 3834 tui
886 3774 1269 3853 imperatoris
1301 3773 1566 3854 despicio
1598 3780 2018 3857 arrogantiam,

372 3874 433 3928 et
454 3864 800 3943 eorum,qui
820 3881 855 3924 a
877 3862 1045 3923 vobis
1065 3861 1150 3923 dii
1175 3862 1480 3939 coluntur,
1515 3882 1761 3929 aversor
1789 3870 2021 3932 vanita-

373 3953 685 4018 tem.Dixit
699 3953 908 4034 judex:
935 3951 1140 4014 Acutis
1172 3951 1354 4014 clavis
1384 3954 1517 4033 ejus
1537 3955 1720 4034 pedes
1746 3958 2020 4038 perfora-

373 4055 455 4123 te,
486 4052 546 4108 et
573 4042 955 4107 verberatum
992 4060 1097 4120 per
1148 4041 1409 4103 medium
1443 4043 1739 4106 civitatem
1777 4048 2019 4128 exigite.

371 4134 518 4200 Cum
552 4133 653 4196 diu
685 4140 883 4194 autem
910 4140 1190 4211 ageretur
1221 4141 1493 4207 sanctus,
1528 4141 1587 4195 et
1603 4138 1843 4215 sanguis
1887 4138 2018 4201 dis-

2112 2980 2336 3037 Νίκαιαν
2385 2974 2659 3054 εἰσελθὼν,
2717 2975 2808 3030 καὶ
2856 2971 3109 3051 Τρύφωνα
3138 2973 3230 3029 τὸν
3261 2970 3445 3049 μέγαν
3480 2988 3763 3047 παραστη-

2112 3068 2343 3143 σάμενος
2373 3081 2388 3096 ⁸
2427 3064 2597 3121 Ἀλλὰ
2627 3065 2689 3120 τὸ
2741 3073 2838 3122 τοῦ
2887 3063 3086 3143 χρόνου
3118 3067 3310 3137 μῆκος,
3350 3059 3497 3140 ἔφη,
3535 3060 3628 3114 καὶ
3660 3055 3763 3113 δυσ-

2118 3160 2269 3233 πειθῇ
2311 3177 2371 3212 σε
2403 3155 2532 3211 ὅντα
2584 3155 2671 3210 καὶ
2730 3155 2810 3227 μὴ
2866 3154 3004 3210 κατά
3057 3152 3218 3230 λόγον
3275 3148 3757 3230 ἰσχυρογνιὶιμονα¹

2112 3248 2485 3312 νενουθέτηκεν
2543 3243 2606 3300 ἂν
2660 3243 2749 3299 καὶ
2802 3244 3092 3317 μετάπεισε
3148 3244 3420 3298 πείθεσθαι
3483 3235 3755 3316 βασιλεῦσι

2108 3336 2197 3393 καὶ
2226 3348 2347 3401 τοῖς
2378 3339 2615 3411 σωτῆρσι
2660 3331 2961 3411 λατρεύθειν
2991 3335 3136 3396 θεοῖς
3172 3349 3189 3407 ;
3221 3330 3284 3389 Ὀ
3344 3330 3511 3406 ἅγιος
3564 3327 3751 3403 μάρτυς

2106 3425 2430 3504 ἀπεκρίνατο
2461 3439 2475 3455 ⁸
2535 3421 2595 3481 Ὀ
2661 3422 2792 3486 Θεός
2845 3445 2950 3499 μου
2996 3423 3086 3479 καὶ
3122 3423 3306 3498 Κύριος
3347 3420 3570 3488 ’[ησοῦς
3631 3422 3753 3491 Χρι-

2108 3516 2260 3594 στὸς,
2316 3517 2362 3590 ᾧ
2416 3518 2471 3571 ὲν
2518 3516 2721 3586 καθαρᾷ
2778 3512 3017 3591 λατρεύω
3074 3516 3143 3587 τῇ
3199 3509 3425 3589 διανοίᾳ,
3498 3509 3749 3564 νουθετῶν

2106 3604 2416 3671 ἐνούθὲτησε
2470 3604 2558 3660 καὶ
2611 3599 2871 3680 ἄτρεπτᾶν
2932 3622 3000 3677 με
3032 3602 3122 3657 καὶ
3178 3599 3517 3674 ἀμετάθετον
3550 3598 3653 3665 τὴν
3680 3595 3748 3656 εἷς

2105 3695 2264 3752 αὒτὸν
2311 3692 2593 3773 φυλάττειν
2646 3690 2938 3772 ὁμολογίαν
2972 3692 3128 3754 αὒτὸς
3187 3688 3438 3768 ἐκράτυνε
3501 3689 3603 3755 τὴν
3660 3689 3746 3773 τοῦ

2104 3771 2694 3864 χρόνου-παράστασιν
2748 3783 2822 3846 εἰς
2871 3780 3090 3838 πλείονα
3120 3802 3213 3853 μοι
3244 3779 3496 3857 γενέσθαι
3543 3771 3744 3853 μᾶλλον

2105 3872 2516 3952 παρασκευάσας
2571 3876 2679 3928 τῶν
2721 3868 3017 3947 δεδομένων
3060 3865 3372 3946 βεϐαίωσιν,
3409 3867 3532 3925 ὅθεν
3592 3864 3739 3921 αὐτὸν

2106 3963 2269 4039 μόνον
2328 3962 2413 4019 καὶ
2470 3958 2694 4038 βασιλέα
2749 3961 2838 4017 καὶ
2887 3960 3019 4016 Θεὸν
3050 3956 3255 4034 ἀψευδῆ
3287 3957 3587 4036 γινώσκω*
3648 3957 3739 4018 τῆς

2105 4056 2205 4119 σῆς
2263 4048 2317 4107 δὲ
2371 4048 2736 4127 ταλαιπωρίας
2792 4051 2889 4106 καί
2929 4053 3028 4116 τῆς
3086 4054 3180 4105 τοῦ
3208 4044 3474 4124 βασιλέως
3505 4065 3599 4102 σου
3630 4062 3729 4117 μα-

2101 4141 2388 4209 ταιότητος
2443 4139 2692 4220 ἐσχάτως
2748 4138 3085 4218 καταφρονῶ,
3140 4137 3261 4200 τοὺς
3304 4134 3358 4191 δὲ
3412 4135 3544 4212 παρ’
3594 4134 3732 4220 ὑμῶν

370 4231 812 4318 pergeretur,e_t
835 4220 1082 4318 labores
1116 4221 1600 4318 intenderentur,
1638 4231 1699 4285 et
1732 4232 1923 4308 tempo

2171 4226 2422 4303 ϐομένους
2478 4219 2628 4289 θεοὺς
2677 4234 2930 4285 τοσοῦτον
2994 4226 3190 4306 ἀπέχω
3236 4229 3424 4303 τιμᾷν,
3456 4226 3535 4288 ὡς
3564 4219 3724 4278 καὶτὸ

370 4306 662 4396 asperitas
714 4310 1025 4374 exhiberet
1084 4309 1419 4373 molestiam
1481 4317 1629 4390 (erat
1658 4313 1819 4378 enim
1855 4306 1923 4398 vi;

2170 4318 2444 4396 ικτηρίζειν
2509 4316 2667 4395 μέρος
2741 4314 3007 4380 εὗσεϐείας
3096 4316 3243 4373 εἶναι
3333 4318 3591 4387 νομίζειν,
3647 4306 3723 4364 καὶ

371 4403 650 4485 byemis),
677 4400 1026 4464 inﬂexibilis
1056 4408 1114 4462 et
1157 4399 1412 4462 invictus
1459 4401 1679 4465 mansit
1702 4405 2017 4485 cogitatio-

371 4511 474 4556 ne.
505 4491 651 4554 Nam
679 4498 820 4552 ante
850 4506 915 4550 se
951 4489 1254 4550 Christum
1288 4489 1716 4569 praevidens,et
1745 4496 2020 4559 conside-

366 4599 511 4646 rans
539 4578 976 4642 beatitudinem
1011 4596 1146 4658 quae
1203 4578 1425 4666 sanctis
1474 4588 1563 4641 est
1595 4584 1880 4663 reposita,
1920 4604 2018 4666 pe-

365 4671 544 4737 rinde
578 4687 648 4732 ac
680 4668 730 4730 si
763 4676 966 4730 essent
989 4675 1263 4729 rorantes
1285 4665 1500 4731 imbris
1528 4665 2020 4746 stillansnstinuit

365 4764 459 4827 vel
489 4762 622 4824 nive
651 4758 935 4822 densiora
965 4755 1285 4837 supplicia.

2101 4403 2284 4484 ἀνδρὸς
2329 4413 2447 4464 νοῦν
2506 4404 2729 4486 ἔχοντος
2782 4404 2978 4473 ἀληθὲς
3034 4403 3328 4479 σύμϐολον.
3384 4406 3496 4462 Οῦκ
3544 4399 3717 4474 ἤτιγνιε

2099 4504 2205 4553 τῶν
2265 4495 2439 4573 λόγων
2495 4496 2593 4565 τὴν
2645 4494 2945 4575 παρῤησίαν
2989 4496 3018 4551 ὁ
3072 4495 3170 4561 τῆς
3211 4492 3467 4561 ἀληθείας
3514 4490 3712 4571 ἐχθρὸς.

2100 4584 2222 4642 ἀλλ’
2280 4586 2326 4660 ᾦ
2366 4588 2444 4662 μὴ
2496 4583 2792 4666 ἀντιλέγειν
2820 4582 3072 4661 ἠδύνατο,
3126 4589 3280 4656 νικᾷν
3318 4580 3530 4658 μᾶλλον
3556 4584 3613 4637 ὲκ
3639 4575 3714 4633 τοῦ

2102 4673 2347 4747 κολάζειν
2418 4674 2661 4745 ἀνοήτως
2730 4673 3019 4751 ἐσκέψατο.
3081 4680 3370 4753 Τοιγαροῦν
3442 4671 3569 4739 ἧλοι
3614 4680 3709 4732 τοῖς

2100 4766 2254 4823 ποσὶν
2301 4763 2464 4822 αὐτοῦ
2519 4763 2900 4843 κατεπείροντο
2958 4763 3051 4819 καὶ
3083 4763 3410 4839 τυπτόμενος
3448 4761 3538 4819 διὰ
3563 4760 3708 4838 μέσης

367 4853 577 4918 πόλεως
629 4849 967 4919 ὶξηλαύνετο·
1019 4849 1107 4904 επὶ
1160 4845 1298 4904 πολὺ
1341 4846 1396 4905 δὲ
1445 4847 1610 4913 οὕτως
1663 4848 2017 4929 ἐλαυνομένου
2073 4857 2161 4913 καὶ
2210 4857 2317 4912 τῶν
2360 4853 2600 4929 αἱμάτων
2620 4854 2719 4921 τὴν
2774 4855 2876 4931 γῆν
2925 4852 3331 4932 φοινισσόντων,
3375 4852 3556 4919 ἄλλως
3593 4843 3706 4906 τεδέ

362 4946 452 5005 καὶ
510 4945 573 5001 τὸ
624 4947 718 4998 τοῦ
784 4944 970 5017 καιροῦ
1022 4936 1299 5018 χειμέριον
1354 4939 1415 4996 τὸ
1458 4936 1613 5020 δριμῦ
1670 4946 1776 4998 τῶν
1837 4942 2033 5004 ὀδυνῶν
2095 4943 2380 5023 ἔπιτεινον,
2442 4943 2652 5007 ἐκεῖνος
2708 4939 2983 5003 ἀνένδοτος
3039 4940 3107 5010 ἧν
3164 4942 3251 4998 καὶ
3292 4941 3610 5023 ἀχείρωτος,
3647 4938 3704 4998 ὣς

361 5035 554 5095 καὶτὸ
610 5036 705 5087 τοῦ
758 5036 945 5108 καιροῦ
1003 5026 1284 5109 χειμέριον
1342 5028 1404 5085 τὸ
1456 5027 1618 5108 δριμὺ
1674 5038 1780 5089 τῶν
1837 5031 2032 5094 ὀδυνῶν
2087 5035 2384 5110 ὶπιτετνον,
2416 5037 2625 5096 ἒκεϊνος
2682 5030 2956 5097 ἀνένδοτος
3011 5030 3076 5101 ἧν
3135 5033 3228 5090 καί
3287 5032 3603 5114 ἀχείρωτος,
3647 5030 3702 5091 ὡς

362 5125 550 5204 δρόσον
617 5117 847 5198 ψεκᾲδος
898 5118 993 5183 τὰς
1047 5115 1267 5199 νιφάδας
1316 5124 1423 5175 τῶν
1484 5118 1745 5200 ἀλγεινῶν
1794 5121 2160 5203 λογιξόμενος,
2217 5122 2303 5182 διὰ
2358 5125 2450 5182 τὸν
2506 5122 2830 5200 ποθούμενον
2887 5124 3031 5197 αὗτῷ
3087 5122 3185 5191 τῆς
3234 5128 3432 5200 τρυφῆς
3496 5118 3701 5206 χειν.άρ-

359 5215 597 5366 ρουὶίῐῐί.
621 5296 727 5361 His
757 5302 956 5360 autem
989 5296 1160 5360 valde
1189 5295 1638 5379 obstupefactus
1659 5302 2006 5384 Aquilinus,

2175 5292 2280 5369 ll“.
2316 5302 2469 5363 Ἐπεὶ
2497 5302 2555 5362 δὲ
2584 5301 2725 5362 οὕτω
2753 5302 3003 5384 γέροντος
3048 5300 3304 5371 ἔκπληξις
3352 5304 3445 5360 τὸν
3501 5300 3700 5363 Ἀκυλϊ·

359 5385 1416 5468 Quousque,inquit,oTryphon,non
1435 5391 1661 5455 senties
1681 5402 1912 5456 tormen

2141 5418 2183 5454 ιν
2231 5396 2361 5476 εἶχε
2418 5393 2600 5466 πολλή
2634 5410 2650 5429 ⁸
2707 5392 2884 5473 Μέχρι
2941 5394 3109 5469 τίνος,
3168 5395 3213 5449 ὦ
3264 5395 3506 5476 Τρύφων,
3542 5393 3694 5477 φησὶν,

359 5488 671 5559 Quousque
695 5495 748 5545 te
777 5499 892 5543 non
920 5493 1114 5559 tanget
1130 5483 1400 5545 dolorum
1426 5490 1746 5550 acerbitas?
1762 5487 1910 5551 Sane

2145 5509 2185 5544 ικ
2214 5486 2445 5564 αἰσθήσῃ
2502 5491 2610 5544 τῶν
2659 5482 2925 5565 ἀλγεινῶν
2960 5502 2978 5561 ;
3031 5482 3210 5567 Μέχρι
3238 5486 3380 5554 τίνος
3408 5488 3504 5546 οῦκ
3536 5479 3698 5564 ἅψεται

444 5639 464 5690 Ι
502 5634 659 5702 Psal.
693 5653 817 5715 xv],
850 5639 910 5704 5,
995 5634 1025 5678 θ
1050 5632 1206 5697 Psal.
1242 5637 1600 5715 cxvm,133.
1683 5644 1716 5696 5
1739 5645 1874 5709 Act.
1908 5653 2009 5723 vlt,
2040 5646 2145 5713 59.

3814 64 3840 281 ξ

3879 1609 3884 1765 t

3881 1774 3883 1897 κ

3881 2120 3883 2186 4
