3932 6140
263 271 418 344 i325

1495 281 1676 350 VITA
1734 284 1794 346 S.
1843 281 2310 345 TRYPHONIS.

3479 279 3501 341 1
3515 277 3632 344 326

227 437 331 470 σου
387 415 449 470 τὸ
508 412 662 493 δριμὺ
723 416 829 472 τῶν
889 414 1218 489 γολάσεωνς
1285 409 1341 476 Ὀ
1385 417 1441 474 δὲ
1498 419 1674 497 ἅγιος,
1708 419 1843 476 ὥσπε

2035 432 2113 476 πο
2135 415 2414 495 Tryphon
2446 412 2801 494 respondit:
2837 413 3162 494 Quousque
3187 418 3245 476 tu
3263 431 3382 476 non
3399 413 3627 480 intelli-

227 503 549 584 ἆτιστρέφον
607 508 667 561 ὲκ
728 510 836 562 τῶν
894 508 1122 579 ὁμαίωνο
1175 508 1350 589 Μέχρι
1400 511 1566 583 τίνος,
1629 510 1778 584 εἷπε,
1833 509 1894 564 οὗ

230 596 486 664 συνήσεις
522 593 680 659 αὐτὸς
741 595 838 662 τὴν
895 593 1114 660 δύναμιν
1147 605 1238 656 τοῦ
1293 599 1348 654 ἐν
1404 598 1523 673 ἐμοὶ
1575 605 1893 657 κατοικοῦν-

227 706 327 744 τος
357 703 373 762 ς
398 690 402 694 ’
430 683 606 764 Μέχρι
657 686 797 746 τίνος
834 685 932 741 οὒκ
961 685 1178 756 ἀνήσεις
1223 686 1471 766 πειράξον
1526 689 1587 744 τὸ
1617 697 1712 748 τοῦ
1762 690 1895 744 Θεοῦ

230 773 452 845 Πνεῦτια
493 775 555 828 τὸ
583 772 779 850 ἄγιονς
831 773 1050 831 Οὒδέπω
1100 778 1264 855 ᾔσθου
1298 777 1548 844 ἀνίκητον
1597 777 1743 834 ε’ίται
1793 777 1893 844 τὴν

228 861 330 918 τοῦ
377 865 606 938 Χριστοῦ
661 861 934 939 δύναμιν;
996 868 1169 938 Θυμὸς
1228 867 1360 944 πρὸς
1417 874 1579 924 ταῦτα
1636 865 1893 942 λαμϐάνει

231 952 332 1007 τὸν
403 948 656 1018 δικαστὴν
741 954 832 1009 καὶ
911 951 1118 1010 κελεύει
1204 957 1722 1032 περιαγκωνισθέντα
1804 959 1894 1013 τὸν

231 1039 393 1118 ἅγιον
454 1043 738 1098 τύπτεσθαι
794 1040 1026 1120 ῥάϐδοις·
1079 1044 1203 1100 εἶτα
1262 1059 1385 1108 ταῖς
1432 1045 1686 1124 πλευραῖς
1735 1048 1896 1104 αὐτοῦ

234 1128 521 1206 λαμπάδας
580 1128 907 1211 ὑφάπτεσθαι
959 1141 1144 1213 πυρός’
1189 1135 1336 1191 Μετὰ
1385 1133 1595 1202 πολλῆς
1653 1135 1742 1192 οὖν
1798 1134 1894 1203 τῆς

240 1216 602 1297 σφοδρότητος
663 1221 751 1278 καὶ
807 1223 1008 1278 τούτων
1060 1223 1204 1297 αύτῷ
1258 1223 1366 1280 τῶν
1395 1224 1642 1300 βασάνων
1688 1225 1894 1302 ἐπαγο-

239 1308 444 1386 μένων,
479 1309 604 1366 θετᾶ
641 1332 724 1375 τις
779 1312 1058 1390 οὐρανόθεν
1111 1309 1357 1390 ἰξαίφνης
1411 1313 1566 1370 οὒτὸν
1617 1313 1894 1393 ἐπιφάνεια

237 1398 662 1475 καταστρᾶψασα
737 1403 826 1457 καὶ
895 1399 1150 1481 στέφανον
1222 1401 1376 1476 ἐῴκει
1447 1404 1564 1460 τινὰ
1621 1402 1894 1482 πάγκαλον

237 1485 398 1543 λίθων
473 1485 573 1565 ἄρα
649 1489 740 1545 καὶ
811 1490 998 1570 χάρισι
1075 1491 1536 1568 περιανθιζόμενον
1605 1494 1898 1562 προτείνειν

237 1576 408 1654 αὐτῷ,
457 1576 588 1654 ὅπερ
648 1576 914 1645 ἐκκλῆξαν
957 1581 1192 1659 ἰσχυρὦς
1253 1583 1369 1644 τοὺς
1421 1584 1552 1659 πρὸς
1607 1585 1670 1639 τὸ
1722 1582 1878 1639 κολά-

237 1672 349 1736 ζειν
413 1667 505 1724 τὸν
561 1667 718 1745 ἅγιον
775 1670 1210 1744 περιισταμένους
1285 1673 1372 1727 καὶ
1433 1673 1506 1732 εἷς
1575 1677 1679 1749 γῆν
1732 1694 1898 1748 παρα-

1975 523 2082 584 ges
2115 509 2391 566 virtutem
2425 503 2811 584 Christi,quae
2841 503 2903 564 in
2932 521 3026 565 me
3045 510 3285 566 manet?
3304 503 3626 586 Quousque

1977 612 2097 656 non
2125 591 2370 656 desines
2389 601 2621 655 tentare
2643 592 2926 671 Spiritum
2953 598 3258 655 sanctum?
3274 591 3626 670 Miser,non-

1977 683 2115 744 dum
2169 684 2411 746 sensisti
2461 682 2745 744 invictam
2801 699 2936 744 esse
2983 679 3202 744 Christi
3247 684 3632 762 potentiam?

1977 773 2144 836 Tunc
2177 774 2266 834 ira
2295 773 2563 854 repletus
2597 771 2838 852 impius,
2865 769 3042 850 jubet
3079 790 3215 834 eum
3247 773 3629 837 circumactis

1978 861 2137 924 ulnis
2169 861 2475 924 verberari
2505 860 2708 940 virgis,
2731 859 2950 921 deinde
2978 861 3112 940 ejus
3133 860 3419 924 lateribus
3451 862 3626 925 adbi-

1979 951 2109 1012 beri
2137 951 2298 1013 faces
2344 951 2519 1030 ignis.
2553 949 2700 1012 Cum
2733 967 2874 1029 ergo
2905 968 3038 1010 cum
3071 969 3285 1030 magna
3313 953 3631 1015 vehemen-

1980 1041 2060 1103 tia
2084 1041 2208 1104 haac
2241 1041 2294 1102 ei
2319 1041 2734 1120 inﬂigarentur
2765 1046 3086 1114 tormenta,
3120 1038 3358 1102 divinus
3383 1041 3626 1122 quidam

1977 1129 2268 1212 splendor
2317 1149 2456 1192 eum
2506 1137 2757 1210 repente
2808 1129 3116 1191 illustrans
3161 1139 3220 1192 et
3265 1130 3626 1194 circnmful-

1978 1239 2144 1298 gens,
2198 1220 2584 1299 divinamque
2631 1225 2691 1280 et
2739 1215 2905 1279 omni
2951 1236 3023 1280 ex
3093 1229 3261 1299 parte
3313 1221 3625 1299 pulchram

1979 1326 2260 1370 coronam
2319 1309 2636 1370 ﬂorentem
2701 1307 2955 1384 gemmis
3010 1307 3328 1388 praebens,
3385 1318 3629 1391 stupore

1978 1397 2222 1480 quidem
2254 1397 2438 1460 afﬁcit
2467 1416 2572 1459 eos
2606 1398 2708 1476 qui
2741 1396 2816 1457 de
2847 1398 2978 1477 ipso
3011 1396 3314 1460 habebant
3344 1401 3629 1480 quaestio-

1979 1506 2116 1549 nem
2167 1487 2286 1568 (qui
2337 1484 2581 1568 quidem
2614 1486 2904 1565 putabant
2953 1505 3090 1548 eum
3145 1489 3460 1568 torqueri),
3493 1509 3629 1552 cum

1980 1577 2097 1639 hoc
2129 1595 2404 1656 magnum
2439 1585 2499 1638 et
2550 1575 2708 1656 quod
2741 1585 3012 1638 naturam
3044 1575 3222 1654 longe
3251 1588 3521 1657 superat,
3555 1580 3636 1640 vi-

1979 1665 2213 1728 dissent
2266 1665 2619 1728 miraculum
2659 1686 2674 1726 :
2712 1675 2769 1728 et
2802 1666 3022 1739 eﬁ‘ecit,
3056 1673 3121 1727 ut
3151 1684 3272 1746 pro
3314 1676 3561 1749 stupore
3590 1669 3634 1730 ii

240 1755 481 1821 σκευάξει
536 1772 886 1819 καταπεσεῖν.
925 1749 982 1816 Ὀ
1030 1758 1084 1815 δὲ
1133 1767 1225 1816 τοῦ
1260 1762 1487 1837 Χριστοῦ
1540 1761 1739 1840 μάρτυς
1796 1763 1843 1818 in

2035 1781 2038 1815 |
2073 1765 2292 1817 terram
2325 1755 2634 1817 caderent.
2676 1754 2898 1817 Christi
2929 1763 3126 1816 autem
3165 1764 3411 1838 martyr,
3445 1778 3476 1818 a
3527 1777 3632 1819 su-

243 1849 346 1912 τῆς
407 1847 653 1926 ἀρθείσης
687 1850 828 1921 αὖτῷ
883 1851 1022 1911 θείας
1082 1851 1304 1924 ψάριτος
1361 1851 1584 1927 θάρσους
1642 1851 1754 1924 ἅμα
1809 1854 1898 1907 καὶ

243 1933 650 2014 ἂγαλλιάματος
734 1936 1059 2012 πληρωθεὶς,
1145 1937 1541 2016 ἐξωμολογεῖτο
1623 1945 1701 2013 τῷ
1783 1947 1899 2014 Θεῷ

241 2023 438 2102 λέγων’
517 2027 667 2103 Κύριε
757 2027 1046 2101 Δέσποτα,
1111 2031 1414 2106 εὐχαριστῶ
1484 2030 1589 2103 σοί,
1651 2028 1732 2084 ὅτι
1805 2033 1900 2088 οὐκ

242 2112 503 2198 ἀπέλιπιές
562 2136 631 2190 με
701 2117 774 2181 εὶς
836 2130 1032 2196 χεῖρας
1089 2116 1321 2196 ἐχθρῶν,
1381 2115 1506 2174 ἀλλ’
1576 2118 1898 2182 Επεσκίασας

241 2203 329 2259 ἐπὶ
385 2204 484 2271 τὴν
547 2203 784 2284 κεφαλὴν
830 2227 933 2280 μου
962 2205 1016 2260 ἐν
1059 2205 1237 2284 ἧμὲρα
1288 2205 1528 2280 πολέμου
1580 2209 1668 2263 καὶ
1699 2205 1897 2272 ἔδωκας

245 2315 338 2367 μοι
397 2294 801 2371 ὑπερασπισμὸν
859 2296 1129 2373 σωτηρίας
1191 2297 1274 2352 καὶ
1319 2298 1351 2362 ἡ
1413 2293 1554 2361 δεξιὰ
1604 2319 1698 2354 σου
1767 2300 1898 2354 ἀντ-

246 2381 468 2438 ελάϐετό
539 2406 665 2458 μω.
730 2385 826 2441 Καὶ
898 2391 1008 2457 νῦν,
1068 2386 1243 2464 Κύριε,
1305 2383 1489 2459 δέομαί
1542 2409 1658 2465 σου,
1721 2387 1900 2465 παρά-

247 2473 399 2538 στηθί
457 2495 548 2546 μοι
607 2473 770 2552 μέχρι
833 2472 1013 2537 τέλους
1074 2472 1336 2553 ἐνισχύων
1381 2477 1467 2530 καὶ
1517 2474 1902 2549 ἀντιλαμϐανό-

247 2582 406 2630 μενος
461 2565 547 2617 καὶ
603 2561 930 2628 καταξίωσον
993 2563 1194 2619 τέλειον
1268 2566 1354 2619 καὶ
1411 2563 1754 2638 ἀπρόσκοπον
1811 2567 1902 2620 τὸν

246 2650 413 2706 καλὸν
488 2651 672 2727 ἀγῶνα
732 2657 826 2718 τῆς
888 2651 1176 2730 ὁμολογίας
1259 2655 1454 2719 ταύτης
1517 2653 1899 2729 ἀγωνίσασθαι,

247 2739 340 2795 ’ἕνα
396 2742 481 2795 καὶ
521 2751 613 2799 τοῦ
663 2742 923 2820 στεφάνου
986 2747 1080 2808 τῆς
1127 2741 1466 2809 δικαιοσύνης
1503 2744 1640 2817 μετὰ
1691 2744 1902 2801 πάντων

248 2828 559 2894 καταξιωθῶ
615 2837 720 2886 τῶν
752 2831 1122 2909 ἠγαπηκότων
1183 2834 1243 2888 τὸ
1272 2832 1443 2906 ὄνομά
1498 2854 1590 2889 σου
1623 2835 1681 2889 τὸ
1729 2833 1900 2911 ἅγιον,

249 2919 329 2975 ὅτι
362 2917 522 2994 μόνος
555 2920 610 2976 εἴ
641 2919 1016 2996 δεδοξασμένος
1050 2923 1124 2983 εἰς
1168 2927 1290 2984 τοὺς
1322 2923 1539 2985 αἰῶνας.
1581 2921 1780 2998 Ἀμὴν,

333 3010 447 3070 ω’.
504 3010 668 3067 Πάλιν
701 3015 789 3068 οὖν
822 3015 848 3068 ὁ
882 3015 1069 3090 μιαρὸς
1125 3012 1332 3078 ἐκεῖνος
1367 3013 1624 3082 ὀίκαστὴς
1680 3016 1782 3070 ὑπὸ
1812 3023 1906 3073 τοῦ

1981 1852 2142 1927 peris
2198 1845 2511 1906 advenisse
2547 1853 2831 1924 expertus
2881 1843 3321 1919 defensionem,
3355 1845 3638 1927 impletus

1982 1934 2198 1997 ﬁducia
2229 1943 2288 1996 et
2319 1931 2744 2014 exsultatione,
2781 1931 2904 1994 Deo
2942 1933 3366 2010 conﬁtebatur,
3402 1936 3634 2000 dicens:

1982 2023 2260 2096 Domine,
2293 2041 2402 2100 ago
2437 2025 2542 2084 tibi
2574 2025 2819 2104 gratias,
2852 2022 3012 2103 quod
3058 2041 3180 2084 non
3214 2023 3510 2104 reliquisti
3542 2044 3639 2088 me

1982 2113 2044 2176 in
2096 2113 2374 2176 manibus
2403 2112 2785 2175 inimicorum
2824 2129 2838 2175 :
2893 2111 3001 2173 sed
3035 2111 3405 2176 obumbrasti
3453 2131 3640 2195 super

1982 2211 2158 2283 caput
2206 2222 2403 2264 meum
2439 2204 2499 2264 in
2534 2201 2633 2263 die
2666 2201 2834 2282 belli,
2862 2211 2922 2263 et
2969 2201 3189 2264 dedisti
3219 2203 3362 2264 mihi
3396 2213 3635 2284 protec-

1983 2295 2206 2354 tiouem
2258 2292 2493 2366 salutis,
2527 2300 2585 2353 et
2643 2291 2889 2353 dextera
2943 2299 3038 2352 tua
3069 2291 3334 2370 suscepit
3391 2310 3512 2355 me.
3568 2293 3638 2355 Et

1983 2401 2166 2454 nunc,
2192 2381 2467 2451 Domine,
2493 2398 2637 2458 rogo
2674 2390 2754 2454 te,
2781 2379 2945 2440 adsis
2977 2379 3124 2440 mihi
3159 2389 3468 2460 perpetuo,
3499 2401 3639 2444 con-

1987 2472 2230 2532 ﬁrmans
2280 2480 2339 2531 et
2374 2469 2731 2543 defendens,
2767 2477 2826 2529 et
2856 2468 3104 2546 dignare
3138 2489 3232 2531 me
3284 2471 3550 2549 perfecte
3581 2488 3638 2538 et

1986 2563 2117 2622 sine
2151 2559 2270 2621 ulla
2301 2559 2632 2620 offensione
2663 2559 2974 2621 decertare
3007 2560 3120 2620 hoc
3154 2560 3466 2638 pulchrum
3495 2579 3637 2623 cer-

1987 2659 2186 2712 tamen
2217 2649 2642 2722 confessionis,
2681 2658 2746 2709 ut
2779 2651 2958 2709 etiam
3006 2667 3228 2711 corona
3249 2650 3498 2729 justitiae
3539 2651 3638 2712 di-

1987 2759 2138 2820 gnus
2173 2738 2395 2800 habear
2425 2757 2560 2799 cum
2595 2737 2876 2800 omnibus
2907 2738 3005 2816 qui
3038 2745 3202 2799 tuum
3250 2757 3474 2801 nomen
3506 2758 3638 2801 san-

1987 2842 2146 2890 ctum
2199 2828 2554 2890 dilexerunt.
2609 2826 2902 2899 Quoniam
2943 2827 3107 2888 solus
3148 2846 3216 2889 es
3264 2829 3637 2908 glorificatus

1986 2921 2044 2980 in
2080 2918 2318 2979 saecula.
2355 2917 2566 2978 Amen.

2035 3007 2424 3070 XlVBursus
2441 3016 2639 3068 autem
2665 3005 3072 3078 exsecrandus
3093 3006 3197 3068 ille
3221 3006 3406 3088 judex
3438 3026 3639 3070 accer-

249 3104 304 3157 ἓν
358 3103 497 3173 αὐτῷ
558 3100 847 3164 λαλοῦντος
919 3101 1167 3168 δαίμονος
1239 3105 1634 3178 συνωθούμενοε
1693 3103 1843 3180 περιῇ

2035 3115 2127 3159 ens
2157 3097 2534 3186 athletam,et
2560 3095 2738 3186 ve_luti
2766 3095 2999 3186 adulari
3024 3115 3145 3177 prae
3167 3115 3231 3159 se
3265 3099 3488 3186 ferens:
3526 3097 3638 3161 Sa-

252 3193 341 3246 τὸν
402 3188 642 3257 ἀθλητὴν
699 3190 1001 3257 κολακείαις
1055 3192 1308 3269 ὕποσύραι
1367 3191 1720 3269 πειρώμενοςο
1784 3215 1843 3248 κα

2035 3186 2213 3258 riﬁca,
2250 3184 2510 3258 dicebat,
2540 3204 2572 3244 ο
2605 3183 2911 3264 Tryphon,
2949 3203 3160 3263 magno
3189 3185 3340 3257 Jovi,
3375 3187 3642 3249 etadora

258 3288 446 3358 Θυσον,
496 3277 670 3358 ἔλεγὲ,
705 3288 781 3354 τῷ
826 3281 1050 3358 μεγάλῳ
1101 3283 1206 3353 Διὶ,
1240 3282 1454 3360 Τρύφων
1484 3284 1572 3337 καὶ
1611 3283 1842 3360 προσκύν

2035 3277 2310 3353 naginem
2337 3274 2679 3345 Caesaris,et
2701 3292 2810 3352 ego
2835 3283 2891 3335 te
2915 3274 3208 3334 dimittam
3237 3275 3507 3336 maximis
3539 3278 3642 3338 lio-

254 3391 346 3425 σον
377 3368 444 3435 τῇ
497 3369 657 3424 εἶκονι
713 3369 995 3446 Καίσαρος,
1043 3368 1196 3446 κάγὼ
1240 3359 1497 3446 μεγίστης
1551 3359 1662 3426 καὶί
1697 3369 1843 3447 δωρε‹

2037 3363 2244 3424 oribus
2272 3362 2547 3423 atlectum
2583 3370 2640 3422 et
2671 3359 3045 3423 muneribus.
3081 3360 3333 3424 Sanctus
3361 3363 3642 3444 Tryphon

255 3479 314 3514 σε
345 3456 610 3514 πλείστων
641 3456 870 3522 ἀξιώσας
902 3459 1190 3534 ἐκπέμψω.
1224 3457 1344 3538 Ἐφ’
1376 3459 1464 3524 οἷς
1511 3461 1602 3516 καὶ
1635 3457 1843 3534 μειδιάσ

2035 3448 2588 3523 ubridens,dixit:Si
2612 3449 2776 3510 illum
2803 3450 2996 3530 ipsum
3019 3449 3346 3527 Augustum
3367 3451 3639 3534 despexi,

252 3549 343 3604 τὸν
408 3547 562 3624 ἅγιον
621 3547 864 3627 ἐπελθὸν,
903 3550 959 3605 Εἰ
999 3549 1158 3606 αὐτοῦ
1214 3548 1439 3627 ἐκείνου,
1471 3549 1629 3625 φάναι
1660 3557 1752 3606 τοὺ
1809 3572 1838 3606 σ

2035 3552 2099 3602 ta
2121 3542 2355 3602 ratione
2376 3539 2572 3602 aliena
2595 3540 2725 3618 ejus
2742 3541 2908 3619 jussa
2925 3540 3482 3618 respui,inanimam
3511 3545 3643 3621 ejus

252 3635 450 3694 ϐαστοῦ
499 3658 593 3692 σου
673 3639 1046 3716 κατεφρόνησα
1117 3644 1358 3718 φανερῶς
1437 3640 1524 3692 καὶ
1582 3638 1644 3699 ἃς
1734 3638 1843 3694 ἔθετ

2035 3630 2599 3710 naginememana
2619 3641 2746 3691 arte
2764 3638 2822 3690 et
2838 3629 3144 3690 coloribus
3165 3629 3643 3700 formatam,ado-

255 3724 565 3804 προστάξεις
622 3728 993 3805 μυκτι,ρισμὸν
1049 3717 1189 3789 ὅλως
1245 3728 1331 3782 καὶ
1375 3725 1581 3806 χλεύην
1637 3728 1843 3794 ἐποιησέ

2035 3720 2167 3782 ibo?
2190 3719 2383 3782 Absit.
2415 3721 2499 3781 De
2522 3717 2668 3782 Jove
2690 3735 2830 3780 vero
2853 3727 2912 3780 et
2934 3718 3072 3779 aliis
3101 3717 3352 3799 tuis,qui
3373 3718 3521 3781 falso
3541 3739 3644 3782 noo

258 3838 391 3890 μην,
424 3821 494 3891 τῇ
535 3815 736 3894 ἀψύχῳ
779 3819 963 3872 τούτου
1023 3817 1186 3872 εἰκόνι
1242 3818 1604 3892 πεισθήσομαι
1669 3839 1838 3893 προσκ

2035 3810 2161 3871 iine
2193 3810 2470 3870 dicuntur
2509 3808 2616 3884 dii,
2646 3808 2950 3885 interroga
2981 3826 3106 3882 eos,
3133 3808 3235 3889 qui
3262 3809 3418 3871 inter
3448 3827 3552 3872 vos
3579 3828 3646 3872 se

259 3919 424 3981 νεῖν,
476 3902 684 3985 Σφόδρα
727 3905 790 3960 ἃν
835 3906 923 3960 καὶ
976 3905 1134 3967 αὒτὸς
1177 3905 1242 3972 ἧς
1287 3907 1531 3984 πιθανός,
1563 3907 1715 3984 κάγὼ
1758 3907 1843 3963 εὕκ

2035 3908 2218 3961 ictam
2245 3898 2321 3962 de
2352 3897 2774 3979 sapientia,qui
2797 3902 2956 3977 quod
2982 3915 3057 3958 ex
3089 3897 3324 3978 iis;quaa
3351 3898 3427 3961 de
3456 3898 3528 3961 iis
3547 3899 3648 3961 di-

256 3994 350 4057 λός
408 4015 490 4058 τις
530 3995 660 4071 πρὸς
716 3995 954 4071 ἀπάτην,
1003 3997 1090 4051 καὶ
1151 3994 1461 4076 πρόχειρος.
1524 3998 1653 4074 Περὶ
1682 3999 1802 4060 Διὸς

2036 3998 2216 4051 untur
2244 3988 2488 4062 fabulis,
2513 3986 2591 4076 iis
2615 3987 2718 4068 qui
2745 3987 3010 4066 sapiunt,
3035 3995 3284 4076 apparet
3315 3995 3507 4068 turpe,
3539 4007 3646 4051 co-

257 4086 342 4141 καὶ
402 4090 510 4140 τῶν
571 4082 746 4141 ἄλλων
801 4106 894 4144 σου
953 4075 1311 4160 ψευδωνύμων
1353 4088 1509 4156 θεῶν,
1569 4087 1740 4163 ἐρώτα
1796 4107 1843 4141 τε

2035 4088 2223 4142 lantur
2245 4078 2529 4157 effugere,
2561 4075 2766 4138 Jovem
2799 4076 3043 4156 quidem
3069 4075 3276 4137 dicunt
3299 4075 3652 4150 aethera,.lu-

261 4173 345 4230 ἐπὶ
396 4173 553 4252 σοφία
598 4173 728 4251 παρ’
777 4174 906 4250 ὑμῖν
965 4181 1460 4254 μεγαφρονοῦντας,
1491 4175 1547 4231 οἳ
1602 4176 1662 4231 τὸ
1719 4178 1778 4230 ἐκ
1819 4196 1843 4230 τ

2035 4187 2220 4231 onem
2244 4177 2442 4230 autem
2466 4175 2761 4241 aerem,et
2790 4165 3072 4228 Cererem
3095 4172 3406 4241 terram,et
3429 4164 3654 4248 Neptu-

260 4262 579 4340 μυθολογίας
649 4264 872 4342 αἰσχρὸν
945 4266 1273 4342 πειρώμενοι
1336 4261 1757 4343 συγκαλύπτειν,
1819 4273 1843 4318 Δ

2043 4278 2139 4321 um
2158 4261 2392 4334 quidem
2417 4275 2595 4326 mare,
2619 4259 2947 4328 Apollinem
2983 4273 3118 4316 vero
3140 4258 3346 4325 solem,
3374 4268 3431 4316 et
3453 4259 3650 4318 lunam

261 4352 360 4429 μὲν
417 4354 509 4408 τὸν
562 4351 763 4430 αἰθέρα,
823 4351 996 4430 Ἦραν
1054 4351 1108 4406 δὲ
1177 4354 1269 4410 τὸν
1326 4353 1455 4432 ἀέρα
1513 4358 1600 4410 και
1655 4353 1756 4420 τὴν
1812 4377 1843 4430 γ

2035 4348 2242 4405 iianam
2263 4343 2820 4404 nominaruntJdem
2847 4343 2986 4400 mihi
3012 4344 3280 4401 videntur
3306 4343 3651 4401 Mercurium

267 4428 584 4518 Δήμητραν,
631 4428 719 4498 καὶ
748 4428 1049 4498 Ποσειδῶνα
1094 4442 1191 4517 μὲν
1235 4442 1335 4509 τὴν
1387 4428 1656 4498 θάλασσαν
1711 4428 1843 4499 Ἀπό

2035 4431 2237 4510 uidem
2265 4431 2865 4492 orationemMartem
2881 4437 3078 4491 autem
3100 4428 3332 4498 iram,et
3350 4429 3647 4492 Venerem

265 4535 410 4587 λωνα
453 4527 506 4586 δὲ
561 4531 650 4586 τόν
711 4529 890 4604 ἥλιον,
938 4533 1025 4587 καὶ
1069 4530 1328 4609 ’Ἄρτεμιν
1363 4531 1457 4595 τὴν
1516 4529 1750 4599 σελήνην
1793 4551 1843 4586 κε

2039 4525 2390 4606 upidiiatem
2422 4523 2624 4586 dicere
2655 4540 2763 4605 per
2814 4521 3190 4602 allegoriam.
3222 4521 3294 4585 Et
3322 4528 3411 4585 sic
3439 4541 3656 4586 unam»

265 4620 631 4699 ωνομάιιασιν,
665 4623 738 4697 ὧν
801 4621 973 4676 ατῦτῶν
1025 4619 1079 4676 δέ
1133 4620 1275 4676 ἐστιν
1329 4623 1416 4676 καὶ
1464 4621 1525 4676 τὸ
1580 4622 1670 4676 τὸν
1720 4610 1843 4698 Ἐρμ

2035 4632 2301 4695 μιοωίιυο
2344 4611 2548 4674 mundi
2575 4620 2830 4693 partem,
2863 4611 3008 4692 quin
3039 4615 3218 4673 etiam
3249 4609 3415 4691 ipsos
3445 4616 3660 4674 animm

267 4710 365 4786 μὲν
412 4710 483 4766 εἷς
542 4710 633 4766 τὸν
690 4708 876 4788 λόγον,
907 4711 998 4767 τὸν
1048 4709 1220 4788 ’Ἄρην
1271 4707 1322 4764 δὲ
1367 4711 1440 4772 εἷς
1481 4711 1574 4766 τὸν
1614 4710 1779 4785 θυμὸν
1834 4733 1843 4766 :

2035 4703 2246 4766 labitus
2277 4701 2600 4764 simulacra
2639 4703 3101 4778 constituentes,
3129 4708 3190 4762 et
3237 4700 3656 4764 universorum

266 4799 364 4866 τὴν
408 4796 722 4876 Ἀφροδίτην
781 4800 852 4864 εἰς
911 4800 1012 4866 τὴν
1071 4797 1278 4879 φαύλην
1349 4797 1624 4873 ἐπιθυμίαν
1679 4797 1843 4877 ἁλλτη

2035 4792 2248 4875 [uidem
2289 4792 2568 4873 opiﬁcem
2618 4791 2829 4854 insane
2861 4793 3264 4873 relinquente,
3298 4809 3426 4852 rem
3458 4799 3658 4852 autem

262 4901 407 4968 ρεϊν,
441 4885 653 4958 δήλαιοι
715 4887 881 4954 ὅντως
912 4889 1072 4963 ὑμεῖς
1129 4893 1235 4946 τῶν
1281 4886 1554 4966 λογισμῶν
1583 4888 1782 4946 τούτων
1836 4911 1843 4944 1

2035 4891 2265 4946 reatam
2300 4881 2486 4960 magis
2507 4899 2684 4961 quam
2717 4882 3060 4945 Creatorem
3094 4879 3382 4955 colentes,
3407 4899 3527 4942 non
3555 4898 3662 4942 so-

270 4978 494 5056 πονηροί
536 4983 636 5046 τῆς
703 4975 1073 5052 ιιαιιοϐιιυλίας,
1133 4980 1188 5034 οἳ
1259 4979 1335 5054 μὴ
1395 4979 1548 5049 μόνοι
1592 4979 1737 5035 αὐτοί
1793 5001 1843 5058 πε

2035 4992 2121 5035 um
2149 4978 2269 5046 ipsa
2295 4991 2322 5030 a
2347 4985 2500 5032 recta
2525 4977 2807 5031 sententia
2833 4974 3266 5039 excidentes,ad
3297 4974 3502 5031 anime
3525 4974 3663 5058 inte-

269 5065 543 5126 ἀπώλειαν
601 5067 927 5146 ὶξετράπητε
978 5069 1071 5124 τὸν
1126 5067 1301 5134 ἀληθῆ
1354 5068 1485 5124 Θεὸν
1529 5057 1843 5146 ἐγκαταλιπι

2035 5063 2186 5123 itum
2210 5059 2470 5122 ferimini
2494 5059 2967 5142 praecipites,sed
2993 5077 3104 5121 nos
3134 5059 3312 5122 etiam
3345 5057 3665 5122 contendi-

271 5177 383 5232 τες,
429 5155 569 5213 ἀλλὰ
626 5157 715 5213 καί
773 5158 918 5232 ἡμᾶς
989 5162 1315 5226 κοινωνῆσαι
1383 5157 1479 5224 τῆς
1537 5155 1658 5213 ὀδοῦ
1728 5157 1843 5214 ταύπ

2037 5159 2086 5214 is
2107 5149 2509 5225 attrahere,ut
2532 5149 2720 5212 simus
2744 5149 3066 5230 participes
3087 5148 3360 5229 ejusdem
3396 5148 3667 5211 barathri

273 5249 400 5322 δμϊν
456 5245 512 5302 ἰν
562 5243 766 5323 σπουδῇ
797 5246 1051 5326 τίθεσθαι,
1083 5248 1172 5309 οὒς
1226 5245 1455 5310 πολλοῖς
1485 5247 1742 5326 πρότερον
1799 5269 1840 5326 χ

2035 5251 2072 5303 ει
2097 5239 2299 5303 exitii:
2336 5238 2442 5300 sed
2470 5237 2726 5319 praedam
2752 5239 2944 5301 dolosi
2975 5239 3218 5301 minime
3237 5239 3664 5319 assequemini,

272 5357 379 5402 νοις
437 5327 666 5398 Ἡσαΐας
722 5337 927 5415 φθάσας
980 5335 1008 5391 δ
1074 5335 1244 5414 μέγας
1287 5335 1445 5402 ἀξίως
1497 5339 1707 5415 θρηνεϊ⁶
1773 5337 1922 5405 Οὒαί,

272 5425 472 5504 λέγων,
506 5425 552 5482 οἱ
611 5427 672 5482 τὸ
713 5427 948 5503 πονηρὸν
991 5425 1180 5496 καλὸν,
1216 5427 1306 5482 καί
1359 5427 1420 5482 τὸ
1476 5424 1640 5482 καλὸν
1699 5426 1934 5503 πονηρὸν

274 5521 571 5586 ποιοῦντες,
607 5515 652 5571 οἱ
685 5515 910 5580 τιθέντες
961 5517 1022 5571 τὸ
1076 5514 1187 5595 φῶς
1243 5514 1454 5587 σκότος,
1487 5515 1575 5572 καί
1625 5517 1686 5571 τὸ
1746 5515 1935 5576 σκότος

275 5612 412 5690 φὼς,
447 5605 494 5660 οἱ
553 5603 610 5660 λέ
627 5625 798 5682 ίοντες
842 5607 903 5660 τὸ
962 5605 1150 5684 πικρὸν
1183 5603 1348 5682 γλυκὺ
1394 5607 1483 5662 καί
1519 5607 1580 5662 τὸ
1615 5604 1779 5682 γλυκὺ
1841 5627 1936 5660 πι-

2017 5349 2124 5392 nec
2146 5351 2243 5390 eos
2265 5335 2363 5404 qui
2396 5347 2528 5389 vere
2547 5343 2932 5404 speraverunt
2951 5333 3010 5389 in
3035 5334 3225 5391 solum
3259 5332 3436 5391 Deum
3458 5333 3668 5390 fortem

2019 5431 2078 5484 et
2099 5420 2358 5490 vivum,a
2381 5427 2546 5480 recta
2567 5427 2767 5480 mente
2791 5418 3337 5494 abducentes,vana
3353 5417 3673 5480 simulacra

2020 5509 2328 5574 attendere
2354 5507 2810 5586 persuadebitis.
2841 5508 3190 5570 Admiratus
3221 5517 3312 5570 est
3335 5509 3462 5570 haec
3491 5506 3673 5570 verba

2021 5602 2270 5666 audiens
2313 5595 2632 5678 Aquilinus
2667 5617 2679 5660 :
2716 5598 2883 5660 valde
2913 5617 3130 5678 magna
3176 5609 3376 5662 autem
3407 5601 3674 5680 repletus
