3932 6140
329 274 350 342 1
365 269 480 342 327

1586 274 1870 342 MENSIS
1914 275 2420 343 FEBRUARIUS.

3573 271 3722 340 1328

322 413 816 491 acerbitate,eum
841 431 1049 476 rursus
1071 412 1243 490 caedi,
1274 420 1331 475 et
1353 431 1460 494 per
1490 431 1728 477 omnem
1755 421 1966 476 contu-

2072 416 2199 495 ιρόν*
2261 416 2378 472 ἁλλ’
2411 419 2471 475 οὐ
2525 418 2810 494 πεισόμεθα
2840 418 2968 492 ὑμῖν
3024 415 3277 491 οὐδαμῶς
3309 415 3345 483 ἤ
3378 413 3567 477 ἁπλῖὁς
3630 413 3722 467 λέ-

323 503 564 567 meliam
589 504 792 584 ﬂagris
807 505 987 584 jussit
1020 503 1345 566 verberari:
1381 502 1477 580 Ut,
1504 503 1723 582 inquit,
1749 523 1972 568 consu-

324 603 524 656 matur
553 595 770 655 animae
790 593 921 673 ejus
945 593 1456 672 arrogantia.Cum
1481 593 1532 654 is
1551 611 1689 656 vero
1720 594 1974 657 caadere—

323 691 442 758 tur,
472 689 533 746 et
561 701 666 764 per
699 701 943 745 omnem
976 681 1404 744 contumeliam
1458 682 1658 763 ﬂagris
1688 684 1969 746 verbera-

319 784 514 846 retur,
547 773 759 833 eadem
791 779 922 832 erat
952 770 1008 832 ei
1039 771 1348 832 stabilitas.
1385 769 1509 843 Quo
1543 771 1731 849 magis
1773 781 1969 834 autem

321 860 738 924 remittebatur
784 859 972 921 robur
1013 860 1285 940 corporis
1335 859 1523 940 plagis
1571 860 1971 924 intolerabili-

322 949 458 1030 bus,
490 967 562 1012 eo
619 948 806 1029 magis
836 950 1036 1011 cordis
1067 949 1417 1011 conﬁrmata
1455 957 1785 1012 constantia
1815 969 1969 1032 pra:-

321 1038 640 1102 clariorem
671 1037 1027 1101 ostendebat
1055 1039 1446 1100 fonctionem.

399 1127 525 1192 XV.
561 1129 708 1192 Cum
739 1145 879 1206 ergo
911 1127 1157 1190 vidisset
1179 1128 1492 1208 praefectus
1516 1146 1580 1189 se
1611 1147 1679 1191 ea
1700 1129 1966 1209 aggredi,

323 1237 454 1302 qum
478 1218 607 1282 ﬁeri
631 1237 753 1280 non
774 1226 1074 1298 poterant,
1107 1219 1192 1279 sic
1217 1218 1350 1279 tulit
1382 1220 1739 1280 sententiam
1771 1240 1783 1278 :
1818 1218 1972 1300 Try-

324 1309 484 1389 phon
508 1307 1042 1388 Apameensis,qui
1067 1309 1417 1387 repugnavit
1434 1309 1628 1386 jussui
1651 1309 1970 1389 imperato-

319 1397 637 1479 ris,neque
659 1397 773 1460 diis
789 1395 974 1459 voluit
995 1399 1355 1471 sacriﬁcare,
1385 1407 1519 1479 post
1543 1398 1726 1460 multa
1749 1399 1974 1461 inﬂicta

321 1494 644 1560 tormenta,
669 1487 866 1568 capite
899 1487 1022 1550 luat
1045 1503 1276 1568 pmnas.
1311 1487 1520 1549 Statim
1555 1505 1696 1567 ergo
1730 1489 1972 1564 milites,

321 1595 457 1640 cum
484 1595 621 1640 eum
650 1576 996 1639 eduxissent
1019 1594 1051 1637 e
1072 1575 1641 1657 civitate,adducnnt
1659 1577 1719 1638 in
1749 1576 1971 1652 locum,

2055 529 2237 582 γουσιν
2281 506 2316 574 ἢ
2363 504 2642 577 κολάζωσι
2701 507 2798 574 τῆς
2841 505 2981 577 ζωῆς
3034 506 3418 579 ἓκστησόμεθα
3467 505 3724 580 πρότερον

2053 595 2089 661 ἢ
2142 600 2236 662 τῆς
2270 594 2441 663 καλῆς
2483 595 2794 673 ὁμολογίας.
2847 603 3030 671 Θελῦμα
3062 595 3146 651 ἐπὶ
3207 596 3420 658 τούτοις
3450 598 3578 671 εἶχε
3636 595 3720 647 τὸ.

2057 683 2361 764 Ἀκυλϊνον,
2415 684 2511 741 καί
2565 688 2728 758 θυμὸς
2789 692 2880 742 σὺν
2941 686 3016 748 τῷ
3053 685 3311 759 θαύματι,
3353 686 3416 740 τὸ
3481 684 3578 756 μὲν
3643 681 3724 736 διὰ

2055 774 2155 840 τὴν
2211 779 2319 829 τῶν
2375 775 2668 852 εἰρημένων
2727 776 3045 854 ὺπερφυίαν,
3094 775 3153 828 τὸ
3205 772 3262 829 δέ
3323 771 3412 828 διὰ
3454 775 3556 836 τῆς
3617 777 3720 825 τῶν

2057 862 2263 918 οἰκείων
2319 866 2452 920 θεῶν
2492 865 2794 937 κωμῳδίαν,
2862 863 2946 920 Δι’
3001 863 3028 918 ὃ
3071 865 3160 918 καὶ
3209 865 3572 939 τιμωρεῖσθαι
3634 861 3720 915 τὸν

2058 953 2292 1031 μάρτυρα
2336 958 2432 1020 τῆς
2494 953 2742 1021 ἀληθείας
2787 951 3157 1009 διεκελεύσατο
3206 955 3293 1006 καὶ
3347 949 3517 1007 πάλιν
3575 970 3718 1004 σπα-

2057 1044 2326 1114 θιζόμενος
2360 1043 2448 1110 ἦν.

2137 1131 2241 1194 ιε’.
2301 1131 2450 1190 Ἐπεὶ
2483 1133 2537 1188 δὲ
2595 1135 2630 1200 ἡ
2682 1133 2839 1207 ὁμοία
2884 1133 2972 1188 καὶ
3016 1129 3159 1195 αὖθις
3222 1127 3459 1186 ἐδίκνυτο
3523 1149 3712 1206 καρτε-

2055 1224 2160 1301 ρία,
2197 1224 2332 1301 ὁρῶν
2376 1225 2402 1279 ὁ
2435 1221 2620 1301 ἁρχων
2667 1223 2726 1278 τὸ
2758 1221 2968 1285 ἁκλινὲς
3021 1228 3117 1288 τῆς
3159 1221 3458 1283 ἐνστάσεως
3491 1220 3578 1276 καὶ
3642 1217 3717 1272 δτι

2054 1313 2185 1386 πρὸς
2237 1310 2426 1369 λέοντα
2459 1309 2712 1391 δορκάδας
2747 1321 2900 1369 τοῦτο
2953 1309 3017 1379 δὴ
3047 1313 3108 1366 τὸ
3149 1318 3243 1366 τοῦ
3268 1309 3433 1387 λόγου
3463 1310 3499 1376 ἡ
3559 1306 3718 1362 αὐτοῦ

2057 1404 2190 1478 πρὸς
2245 1403 2333 1456 τὸν
2366 1401 2517 1478 ἅγιον
2562 1400 2790 1480 ἅμιλλα,
2823 1399 3001 1455 δίδωσι
3057 1397 3177 1456 κατ’
3224 1400 3383 1456 αὑτοῦ
3412 1398 3515 1462 τὴν
3572 1396 3717 1451 ἁπό-

2060 1513 2216 1568 φασιν
2287 1489 2477 1554 οὕτως·
2543 1492 2757 1569 Τρύφων
2820 1489 3115 1564 Ἀπαμεὺς,
3173 1496 3248 1561 τῷ
3318 1489 3413 1543 τοῦ
3456 1483 3721 1542 σεϐαστοῦ

2063 1583 2350 1658 Καίσαρος,
2385 1581 2757 1657 προστάγματι
2796 1579 3082 1657 ἀντειπὼν,
3143 1579 3231 1634 καὶ
3284 1578 3424 1652 μήτε
3470 1574 3720 1652 βασιλεῖ,

323 1666 384 1729 in
401 1685 519 1748 quo
541 1665 688 1728 illud
708 1665 1108 1727 venerandum
1131 1674 1190 1727 et
1211 1664 1332 1727 Deo
1362 1665 1777 1727 cbarissimum
1802 1676 1969 1747 caput

2072 1670 2200 1740 αήτε
2245 1673 2390 1730 θεοῖς
2422 1667 2560 1732 ὅλως
2610 1669 2755 1725 εἶναι
2800 1670 3056 1741 πεισθεὶς,
3094 1669 3229 1741 μετὰ
3258 1665 3467 1732 πολλὴν
3523 1679 3724 1741 πεῖραν

320 1755 599 1818 volebant
624 1753 1218 1835 amputare.Sanctus
1240 1762 1438 1816 autem
1471 1763 1882 1834 martyr,stans
1900 1756 1969 1817 ad

2072 1758 2325 1830 3aca’szv,
2363 1759 2422 1814 τὸ
2481 1758 2789 1814 τελευταῖον
2842 1759 2925 1814 καὶ
2955 1758 3054 1824 τὴν
3105 1755 3339 1836 κεφαλὴν
3397 1755 3720 1823 ἐκκοπῆτω,

319 1845 856 1921 orientem,vocem
878 1862 1048 1906 suam
1068 1845 1279 1906 extulit
1301 1851 1362 1904 et
1378 1845 1466 1906 sic
1485 1843 1694 1906 oravit:
1722 1845 1975 1907 Domine

319 1935 484 1997 Deus
511 1934 792 2006 deorum,
812 1935 938 1996 Rex
966 1951 1203 2013 regum,
1231 1931 1450 1996 Sancte
1479 1941 1845 2014 sanctorum,
1865 1953 1972 2013 ago

319 2022 428 2085 tibi
452 2024 698 2102 gratias,
733 2023 895 2104 quod
947 2039 1045 2084 me
1075 2023 1321 2101 dignum
1363 2024 1698 2097 censueris,
1732 2023 1836 2099 qui
1861 2022 1972 2085 hoc

319 2121 630 2175 certamen
675 2129 1024 2193 peragerem
1075 2112 1224 2173 citra
1266 2111 1806 2192 reprehensionem
1842 2130 1855 2175 :
1913 2120 1972 2174 et

319 2220 480 2264 nunc
511 2218 657 2278 rogo
690 2209 768 2275 te,
806 2219 882 2262 ne
914 2219 1011 2264 me
1045 2209 1243 2280 tangat
1273 2201 1549 2281 improba
1597 2209 1655 2263 et
1684 2201 1974 2264 insidiosa

323 2307 534 2352 manus
559 2289 1021 2370 inimici,ncque
1050 2308 1149 2352 me
1171 2290 1370 2353 trahat
1391 2289 1464 2351 ad
1498 2289 1857 2371 profundum
1883 2291 1972 2354 in-

321 2379 667 2456 teritus,sed
689 2396 797 2459 per
811 2388 1050 2441 sanctos
1066 2377 1311 2456 angelos
1327 2378 1658 2456 magniﬁcae
1679 2380 1972 2458 gloriaa,in

318 2467 537 2530 dilecta
560 2466 944 2532 tabernacula
961 2477 1018 2530 et
1037 2467 1100 2529 in
1123 2467 1588 2531 desiderabilem
1609 2478 1667 2532 et
1686 2472 1976 2532 immacu-

317 2557 496 2620 latam
530 2565 687 2620 tuam
735 2557 1130 2621 introducens
1172 2558 1611 2634 haereditatem,
1647 2559 1886 2641 suscipe
1912 2560 1973 2621 in

319 2664 465 2728 pace
485 2646 1069 2711 animam.0mnibus
1093 2655 1292 2710 autem
1312 2649 1413 2729 qui
1434 2651 1520 2709 tui
1548 2647 1750 2710 famuli
1773 2649 1976 2711 memi-

317 2735 538 2810 nerint,
574 2743 634 2797 et
659 2736 720 2797 in
758 2755 950 2800 meam
983 2739 1230 2816 gratiam
1266 2738 1370 2798 tibi
1413 2737 1708 2800 sacriﬁcia
1756 2740 1974 2802 offerre

2060 1847 2219 1910 Εὐθὺς
2277 1845 2364 1902 οὐν
2419 1849 2465 1904 οἱ
2529 1853 2847 1926 στρατιῶται
2909 1851 3006 1912 τῆς
3062 1845 3272 1905 πόλεως
3345 1842 3721 1926 ἐξενεγκόντες

2061 1937 2217 1994 αὐτὸν
2277 1936 2362 1993 ἐπὶ
2405 1938 2495 1993 τὸν
2535 1937 2700 1994 τόπον
2737 1937 2830 2004 τῆς
2858 1936 3185 1998 τελειώσεως
3247 1933 3484 2011 ἄγουσιν.
3543 1925 3603 1989 (Ο
3671 1931 3722 1988 δὲ

2060 2027 2185 2091 στὰς
2228 2027 2358 2102 πρὸς
2391 2026 2675 2105 ἀνατολὰς,
2707 2027 2924 2101 ὄμματά
2971 2047 3028 2081 τε
3077 2027 3150 2090 εἰς
3206 2024 3425 2102 οὐρανὸν
3479 2023 3720 2100 ἐπάρας,

2057 2115 2144 2169 καὶ
2187 2115 2386 2194 χεῖρας
2430 2115 2582 2194 ἄρας,
2615 2118 2704 2172 καὶ
2746 2115 2845 2182 τὴν
2896 2115 3075 2195 φωνὴν
3123 2111 3459 2192 προσηύξατο
3515 2112 3716 2173 οὕτως’

2060 2203 2302 2260 Δέσποτα
2355 2206 2530 2279 Κύριε,
2591 2206 2686 2261 Θεὲ
2730 2208 2885 2279 θεῶν,
2950 2203 3195 2273 Βασιλέν,
3230 2201 3520 2278 βασιλέων,
3556 2201 3720 2276 ’Ἃγιε

2056 2293 2244 2370 ἁγίων,
2282 2292 2588 2373 εὐχαριστῶ
2631 2316 2739 2368 σοι,
2776 2291 2861 2350 ὅτι
2912 2292 3248 2360 κατηξίωσάς
3279 2313 3344 2366 με
3387 2294 3478 2347 τὸν
3532 2292 3720 2368 ἀγῶνα

2057 2392 2243 2441 τοῦτον
2322 2382 2637 2458 ἀμωμήτως
2722 2385 2794 2448 εἰς
2865 2383 3016 2445 τελος
3102 2381 3542 2460 διαγωνίσασθαι’
3638 2379 3722 2436 ui

2060 2473 2148 2527 νῦν
2199 2469 2389 2546 δέομαί
2422 2493 2537 2552 σου,
2573 2484 2652 2548 μυ.
2683 2473 2888 2547 aena!
2929 2495 3030 2546 μου
3080 2473 3114 2540 ἡ
3164 2468 3437 2533 ἐπίϐουλος
3470 2477 3565 2526 τοῦ
3611 2492 3715 2526 πο-

2060 2567 2221 2638 νηροῦ
2296 2562 2437 2640 χείρ’
2497 2561 2573 2635 μή
2627 2563 2757 2633 πρὸς
2818 2559 3069 2625 ἀπολείας
3151 2560 3472 2635 κατασπάσςδ
3532 2561 3715 2634 βυθὸν,

2059 2649 2198 2706 ἄλλα
2255 2647 2323 2707 δι’
2376 2649 2621 2728 ἀγγέλων
2680 2651 2842 2728 ἁγίων
2899 2655 2997 2718 τῆς
3061 2649 3503 2728 μεγαλοπρεποῦς
3563 2647 3721 2714 δόξης

2060 2762 2154 2796 σου
2212 2739 2309 2806 τὴν
2355 2739 2493 2813 ἐμὴν
2552 2740 2735 2819 ψυχὴν
2797 2739 2848 2794 ἒν
2893 2740 3076 2818 εἰρήνῃ
3125 2736 3471 2816 παραλαϐῶν,
3531 2740 3604 2801 εἰς
3653 2741 3715 2794 τα

317 2825 898 2906 voluerint,attende
919 2844 990 2888 ex
1011 2827 1358 2890 venerando
1376 2834 1476 2889 tuo
1511 2826 1876 2906 habitacula,
1899 2848 1968 2892 ex

2072 2829 2307 2907 ιγαπητά
2367 2850 2462 2885 σου
2507 2829 2862 2909 σκηνώματα,
2895 2831 2969 2893 εἰς
3027 2830 3118 2890 τὰς
3179 2830 3539 2896 ἒπιποθήτους
3603 2850 3712 2903 μο-

317 2915 474 2978 ccelo
512 2923 718 2976 sancto
748 2922 873 2992 tuo,
899 2915 1146 2995 copiosa
1175 2925 1236 2977 et
1265 2915 1338 2977 ab
1368 2916 1618 2978 interitu
1653 2917 1851 2979 aliena
1881 2919 1968 2980 eis

2072 2919 2146 2981 νὰς
2196 2919 2471 2998 εἰσάγαγε,
2520 2925 2654 2974 Πᾶοι
2710 2918 2764 2974 δὲ
2815 2932 2934 2983 τοῖς
2978 2925 3072 2976 τοῦ
3116 2916 3299 2974 δούλου
3333 2939 3427 2973 σου
3487 2938 3712 2992 μεμνη-

318 3011 526 3066 contra
551 3003 868 3066 remittens
897 3003 1192 3066 beneﬁcia
1228 3026 1241 3067 ε
1269 3006 1549 3086 quoniam
1583 3025 1647 3067 es
1675 3007 1836 3068 solus
1861 3007 1968 3071 bo-

2072 3009 2230 3074 ιένοις
2289 3009 2377 3065 καὶ
2405 3009 2582 3069 θυσίας
2637 3006 2822 3070 δεκτὰς
2875 3009 3036 3088 χάριν
3099 3007 3233 3083 ἐμὴν
3268 3007 3557 3087 προσάγειν
3618 3029 3710 3063 σοι

318 3110 454 3168 nus,
487 3099 547 3155 et
576 3091 825 3171 largitor
851 3091 1144 3155 bonorum
1170 3092 1232 3154 in
1259 3093 1475 3157 saecula
1503 3095 1882 3158 saeculorum.

2072 3097 2419 3176 ἰουλομένοις,
2467 3119 2707 3177 προσχες
2752 3096 2803 3164 ἐξ
2848 3099 3061 3174 ἑτοίμου
3111 3098 3526 3175 κατοικητηρίου
3587 3119 3704 3167 σου,

317 3181 370 3248 ἐξ
434 3183 669 3261 οὐρανίου
746 3183 896 3259 ἁγίου
968 3205 1083 3240 σου·
1145 3183 1392 3259 δαψιλεῖς
1465 3186 1555 3242 καὶ
1611 3185 1907 3265 ἀφθάρτους
1991 3187 2477 3264 ἆντικαταπέμπων
2557 3189 2742 3250 αὐτοῖς
2815 3189 2909 3251 τὰς
2986 3187 3311 3266 εὐεργεσίας,
3384 3185 3465 3243 ὅτι
3541 3188 3704 3260 μόνος

319 3271 374 3328 εἶ
405 3273 601 3350 ἀγαθὸς
632 3273 726 3326 καῖ
754 3278 858 3328 τῶν
892 3271 1104 3350 ἀγαθῶν
1141 3275 1440 3352 παροχεὺς,
1473 3276 1546 3334 εἰς
1594 3278 1712 3338 τοὺς
1748 3277 1970 3342 αἰῶνας.
2005 3276 2205 3354 Ἀμήν,

396 3357 552 3423 XVI.
605 3357 744 3420 Haec
774 3377 911 3420 cum
946 3369 1178 3424 orasset
1209 3361 1456 3439 athleta,
1491 3371 1551 3424 et
1576 3362 1767 3425 Deum
1824 3364 1972 3426 ado-

316 3456 533 3526 rasset,
570 3456 894 3528 antequam
956 3449 1242 3514 feriretur
1288 3450 1508 3532 gladio,
1545 3452 1788 3515 tradidit
1838 3453 1973 3516 ani—

319 3556 500 3598 mam.
554 3537 666 3609 Qui
715 3544 911 3598 autem
960 3535 1213 3601 Nicaeam
1253 3554 1684 3603 concurrerant
1729 3543 1967 3620 fratres,

319 3625 562 3688 mundis
611 3626 969 3688 sindonibns
1030 3637 1088 3688 et
1140 3629 1316 3690 variis
1371 3630 1738 3694 aromatihns
1786 3637 1971 3694 sancti

316 3714 596 3794 martyris
628 3715 998 3776 venerandas
1027 3717 1098 3778 ad
1135 3718 1549 3796 sepeliendum
1597 3739 1969 3802 componen-

315 3810 403 3864 tes
430 3802 740 3882 reliquias,
776 3804 1058 3865 volebant
1086 3807 1326 3885 quidem
1363 3825 1464 3869 eas
1510 3809 1870 3883 recondere,
1910 3819 1973 3872 ut

319 3898 524 3953 essent
576 3890 859 3952 custodes
891 3909 1014 3954 suae
1045 3894 1305 3956 civitatis
1341 3917 1353 3954 :
1388 3895 1642 3959 Sanctus
1671 3917 1810 3959 vero
1858 3918 1969 3980 ap-

316 3998 534 4062 parens
563 3980 625 4042 in
663 3982 913 4062 somnis,
965 3983 1150 4061 jussit
1178 4002 1278 4046 eas
1330 3985 1655 4048 transferre
1685 3987 1748 4048 in
1797 4007 1968 4051 suum

314 4070 539 4152 vicum,
573 4089 793 4151 nempe
826 4070 1242 4152 Campsadem,
1270 4075 1431 4151 quod
1463 4077 1640 4137 etiam
1671 4077 1967 4140 fecerunt.

316 4161 417 4223 Sic
466 4160 679 4222 beatus
733 4159 1013 4242 Tryphon
1076 4181 1108 4224 a
1168 4168 1392 4227 teneris
1452 4166 1788 4244 unguiculis
1844 4167 1970 4231 Deo

316 4257 729 4323 consecratus,
762 4268 896 4311 cum
924 4251 1142 4314 multos
1167 4253 1409 4333 quidem
1442 4254 1514 4316 ad
1537 4255 1763 4319 Christi
1789 4256 1968 4319 ﬁdem

316 4337 688 4412 adduxisset,
726 4338 944 4400 multos
999 4349 1196 4404 autem
1233 4343 1475 4408 morbos
1526 4345 1833 4408 hominum
1869 4365 1971 4409 cu-

315 4435 529 4500 rasset,
565 4427 820 4505 plurima
873 4447 1012 4491 vero
1065 4439 1201 4511 post
1249 4432 1376 4496 haec
1425 4441 1860 4499 tormentorum
1912 4444 1971 4497 et

2140 3365 2269 3441 ις’.
2323 3375 2491 3425 Ταῦτα
2522 3365 2942 3444 προσευξάμενος
2991 3368 3019 3422 ὁ
3073 3364 3360 3445 ἁθλοφόρος
3391 3367 3481 3423 καὶ
3530 3387 3698 3442 προσ-

2057 3459 2287 3526 κυνήσας
2340 3462 2477 3536 Θεῷ,
2525 3458 2626 3534 πρὸ
2673 3456 2767 3512 τοῦ
2823 3455 3097 3533 πληγῆναι
3141 3463 3216 3530 τῷ
3259 3453 3417 3530 Είψει,
3475 3452 3696 3533 παραδί-

2057 3544 2184 3600 δωσι
2215 3546 2313 3612 τὴν
2364 3546 2572 3624 ψυχὴν,
2605 3543 2785 3624 ὥσπερ
2837 3547 3051 3618 νεύματι
3084 3566 3175 3600 του
3209 3542 3501 3605 δεδωκότος
3534 3543 3697 3610 αὐτὴν

2056 3633 2312 3714 ἀφεθῆναι
2383 3633 2612 3702 θελήσας
2684 3633 2744 3690 οὐ
2806 3633 3042 3690 κελεύσει
3099 3634 3192 3689 τοῦ
3250 3635 3692 3710 τυραννήσαντος.

2055 3725 2115 3780 Οἱ
2176 3721 2229 3777 δὲ
2263 3723 2397 3778 κασᾶ
2456 3725 2675 3780 Νίκαιαν
2722 3721 3104 3801 συνδραμόδτες
3146 3721 3360 3802 ἀδελφοὶ
3390 3721 3587 3780 σινδὸσι
3636 3745 3697 3779 τε

2057 3815 2310 3890 καθαραῖς
2366 3813 2453 3868 καὶ
2523 3811 2789 3875 ποικίλοις
2852 3811 3094 3889 ἁρώμασι
3155 3815 3217 3868 τὸ
3287 3815 3461 3882 τίμιον
3519 3812 3695 3869 ἐκεῖνο

2055 3901 2303 3976 λείψανον
2346 3900 2781 3981 ἐξοσιωσάμενοι,
2818 3899 3098 3958 ἐκούλοντο
3148 3901 3244 3975 μὲν
3302 3903 3387 3957 καὶ
3438 3908 3506 3977 τῇ
3565 3902 3690 3957 ἑαυ-

2053 3996 2160 4046 τῶν
2230 3988 2382 4046 πόλει
2449 3991 2710 4068 θησαυρὸν
2773 3989 2953 4068 ὥσπερ
2996 3992 3083 4046 καὶ
3140 3990 3495 4068 φυλακτήριον
3571 3993 3690 4047 αὐτὸ

2054 4078 2397 4136 καταθέσθαι·
2462 4079 2678 4141 ἐπιστὰς
2738 4077 2791 4135 δὲ
2837 4079 2960 4157 δ’ναρ
3005 4086 3030 4135 ὁ
3101 4080 3251 4158 ἅγιος
3310 4080 3547 4158 ἀπείργει
3602 4088 3688 4136 τοῦ

2054 4167 2448 4248 ἐνθυμήματος,
2480 4171 2552 4233 εἷς
2603 4169 2702 4236 τὴν
2733 4173 2890 4228 αὐτοῦ
2944 4191 3136 4245 κωμην
3181 4167 3480 4245 Κομψάδων
3523 4191 3684 4244 μετα·

2053 4257 2293 4333 κομίσειν
2343 4259 2529 4333 εἰπὼν,
2562 4257 2691 4338 ὅπερ
2721 4256 2785 4325 δὴ
2832 4265 3031 4323 πιστῶς
3081 4266 3458 4336 πεποιςικασιν.
3515 4261 3677 4324 Οὕτως

2052 4350 2079 4403 ὁ
2125 4347 2385 4426 μακάριος
2446 4348 2660 4427 Τρύφων
2714 4347 2766 4412 ἒξ
2823 4347 3042 4404 ἁπαλῶν
3089 4350 3299 4428 ὀνύχων
3351 4349 3672 4429 καθιερωθείς

2051 4441 2127 4508 τῷ
2187 4444 2302 4509 Θεῷ
2332 4439 2418 4493 καὶ
2476 4435 2703 4498 πολλοὺς
2763 4437 2860 4512 μὲν
2911 4443 2980 4511 τῇ
3038 4437 3262 4514 Χριστοῦ
3292 4440 3460 4495 πίστει
3518 4462 3667 4516 προσ-

315 4514 751 4605 suppllciorum
784 4535 1008 4593 genera
1041 4537 1148 4599 pro
1174 4522 1421 4583 veritate
1459 4524 1830 4604 pertulisset,
1861 4543 1965 4588 re-

2072 4527 2290 4604 ιγαγὼν,
2359 4525 2561 4592 πολλὰς
2633 4526 2686 4581 δὲ
2758 4528 2942 4589 νόσους
3012 4526 3301 4605 ἀνθρώπων
3377 4514 3660 4605 ἰασάμενος,

316 4602 565 4693 dimitus
624 4602 744 4693 fuit
763 4622 985 4668 corona
1035 4608 1508 4691 incorruptionis
1544 4634 1558 4676 :
1592 4614 1663 4675 ad
1713 4602 1963 4693 gloriam

2049 4614 2300 4679 πλείστας
2359 4614 2412 4672 δὲ
2445 4619 2582 4691 μετὰ
2635 4624 2799 4673 ταῦτα
2861 4616 3129 4692 τιμωριῶν
3187 4615 3324 4678 ἰδέας
3367 4619 3495 4696 ὑπὲρ
3540 4617 3659 4681 ἀλη-

316 4691 508 4786 Patris
543 4700 604 4755 et
634 4689 772 4786 Fjilii
804 4702 864 4754 et
905 4695 1163 4786 Spiritus
1195 4689 1412 4780 sancti,
1446 4720 1608 4764 nunc
1640 4711 1696 4764 et
1718 4689 1966 4786 semper

2072 4704 2186 4767 sine
2244 4703 2548 4783 διενεγκὼν,
2583 4707 2673 4761 τὸν
2720 4711 2818 4772 τῆς
2875 4704 3160 4786 ἀφθαρσίας
3205 4705 3461 4786 στέφανον
3491 4703 3656 4773 ἀνεδή-

315 4787 377 4844 et
404 4781 461 4842 in
497 4780 714 4844 secula
743 4783 962 4848 saecula
991 4787 1370 4852 saeculorum.
1405 4790 1624 4853 Amen.

2045 4815 2199 4873 σατο,
2232 4795 2304 4857 εἰς
2364 4793 2514 4860 δόξαν
2544 4796 2773 4872 Πατρὸς,
2811 4797 2898 4852 καὶ
2945 4797 3084 4870 Υίοῦ,
3118 4797 3205 4851 καὶ
3257 4797 3406 4874 ἁγίου
3439 4797 3654 4870 Πνεύμα-

2043 4904 2157 4958 τοι,
2193 4889 2280 4940 νῦν
2322 4884 2409 4940 καὶ
2443 4885 2522 4940 ἀεὶ
2552 4886 2638 4942 καὶ
2669 4887 2742 4949 εἰς
2775 4885 2895 4949 τοὺς
2929 4885 3145 4948 αἰῶνας.
3185 4883 3381 4960 Ἀμήν.
