3932 6140
306 285 464 351 1329
1454 288 1635 352 VITA
1680 290 1739 351 S.
1786 290 1859 353 A(

2166 290 2441 354 VIRGIN
2449 288 2538 353 IS.
3523 289 3675 358 1330

709 618 885 723 DE
1005 616 1539 728 SANCTA
1661 617 2224 725 AGATHA
2342 617 2712 739 VIRG.
2834 620 3269 734 MART.

1605 848 1939 913 CATAN/E
1983 847 2061 912 IN
2106 849 2370 913 SlClLIA

866 1031 1038 1103 (Anno
1067 1032 1265 1090 Christi
1294 1032 1419 1098 251,
1446 1029 1705 1087 Februarii
1730 1030 1786 1100 5,
1810 1059 1874 1069 —
1900 1029 2037 1087 Acta
2067 1031 2159 1088 SS.
2194 1030 2453 1089 Bolland.
2486 1031 2635 1087 Febr.
2676 1039 2797 1088 tom.
2824 1032 2866 1099 l,
2889 1051 2937 1105 p.
2970 1034 3121 1105 595.)

389 1361 605 1425 Catana
637 1364 855 1427 Silicim
879 1365 1043 1437 urbs,
1070 1365 1141 1427 ad
1176 1366 1405 1428 Ionium
1441 1365 1551 1425 sita
1584 1364 1853 1446 pelagus,
1883 1366 2191 1445 Etuaaque
2220 1362 2490 1425 horriﬁci
2523 1362 2740 1424 montis
2769 1364 3024 1440 radices,
3060 1364 3134 1427 ab
3165 1368 3387 1430 Grecis
3416 1366 3682 1441 condita,

308 1449 641 1533 iisdemque
676 1454 777 1516 diu
812 1454 1094 1531 habitata,
1130 1454 1268 1515 dein
1302 1462 1360 1515 et
1390 1452 1705 1532 Campanis
1741 1471 1754 1515 :
1807 1452 1912 1514 sed
1944 1451 2179 1514 colonia
2212 1451 2453 1513 demum
2488 1451 2707 1514 civium
2760 1456 3174 1516 Romanorum
3208 1456 3589 1537 ampliﬁcata,
3620 1466 3685 1517 ut

309 1539 534 1601 Plinius
566 1550 821 1605 testatur
854 1543 959 1608 lib.
1013 1561 1098 1615 ιιι,
1136 1562 1267 1623 cap.
1302 1544 1365 1619 8,
1399 1543 1650 1624 ipsaque
1704 1544 2008 1617 Messana,
2050 1540 2360 1603 Strabonis
2404 1542 2726 1622 geographi
2758 1561 2904 1623 aevo,
2939 1544 3187 1623 Augusti
3218 1546 3452 1609 scilicet
3498 1546 3682 1609 Tibe-

308 1628 498 1708 riique
549 1632 944 1713 temporibus,
979 1635 1389 1711 frequentior,
1428 1634 1753 1695 etiamnum
1806 1632 1968 1693 inter
2001 1639 2120 1692 tres
2171 1630 2350 1691 totius
2381 1630 2590 1691 insulae
2646 1632 3073 1694 celeberrimas
3104 1635 3284 1698 urbes
3326 1637 3682 1697 Panormum

309 1721 765 1802 Messanamque
824 1732 1195 1784 numeratur.
1231 1723 1313 1784 Ac
1366 1721 1551 1783 multa
1583 1729 1845 1784 ostentat
1906 1720 2009 1781 illa
2041 1720 2283 1801 quidem
2315 1720 2535 1781 decora
2565 1721 2935 1801 antiquitatis
2970 1731 3397 1799 monumenta;
3454 1723 3681 1786 nullum

312 1817 502 1869 tamen
541 1811 881 1890 prwclarius
910 1812 1137 1891 Agatha
1167 1811 1395 1889 virgine
1427 1829 1494 1871 ac
1529 1819 1795 1889 martyre
1830 1830 1843 1870 :
1883 1827 2059 1891 quam
2096 1817 2414 1889 propterea
2464 1808 2733 1872 Graecum
2768 1811 3175 1889 Menologium
3208 1832 3275 1876 ac
3304 1815 3533 1877 Menam
3564 1831 3683 1874 me-

308 1898 419 1959 rito
460 1901 702 1968 Κατάνης
752 1904 806 1958 τὸ
840 1904 1122 1980 καύχημα,
1168 1920 1195 1960 (
1228 1900 1466 1963 Catanaa
1514 1898 1861 1977 gloriatione

2128 1898 2391 1978 npellant
2423 1918 2439 1971 ;
2489 1900 2767 1961 Bocchus
2803 1900 3003 1961 Pirrus
3034 1901 3272 1964 Sicilire
3315 1920 3505 1965 sacra:
3532 1909 3575 1964 t.
3608 1901 3681 1969 Il.

309 1986 488 2050 Notit.
526 2008 540 2051 ι
591 1989 752 2053 Eccl,
788 1991 1100 2064 Catanen,
1137 2010 1198 2053 ιι,
1252 1990 1310 2070 3,
1353 2013 1371 2045 ‹
1416 1990 1593 2051 totius
1622 1988 1845 2051 Sicilia:
1897 1988 2087 2050 decus
2116 1995 2171 2048 et
2203 1994 2622 2049 ornamentum
2672 1988 3016 2050 immortale
3053 2007 3066 2051 :
3104 2011 3130 2049 ι
3185 1991 3436 2072 ejusque
3468 2008 3684 2071 corpus

309 2079 748 2140 sanctissimum
784 2081 1088 2145 Mauritius
1114 2099 1208 2162 ep.
1237 2079 1299 2140 in
1332 2077 1580 2140 historia
1610 2077 2066 2151 Translationis,
2101 2076 2328 2137 «totius
2355 2075 2575 2138 Siciliae
2606 2077 2817 2157 pignus
2847 2088 2907 2140 et
2934 2078 3192 2141 amabile
3217 2080 3677 2161 patrocinium.»

397 2209 423 2239 α
457 2183 599 2264 Ejus
653 2202 898 2259 numen,
944 2209 962 2240 ι
1002 2193 1066 2245 ut
1098 2182 1359 2264 loquitur
1393 2181 1653 2245 Thomas
1685 2181 1953 2245 Fazellus
2007 2180 2089 2243 De
2120 2178 2245 2242 reb.
2278 2179 2498 2242 Siculis
2529 2179 2756 2242 decade
2807 2199 2849 2255 ι,
2884 2180 2989 2242 lib.
3024 2198 3110 2258 Ill,
3146 2201 3278 2264 cap.
3312 2184 3371 2259 1,
3404 2190 3680 2263 tanquam

312 2274 543 2334 Catanaa
575 2272 741 2335 urbis
784 2274 1059 2348 tutelare,
1100 2273 1354 2335 maxime
1389 2272 1565 2333 totius
1596 2270 1816 2333 Sicilire
1844 2270 2105 2331 virorum
2131 2287 2200 2331 ac
2230 2269 2548 2330 mulierum
2582 2278 2901 2345 conventu,
2933 2268 3120 2331 Nonis
3152 2270 3334 2335 Febr.
3370 2289 3543 2351 quam
3576 2289 3682 2332 re-

309 2363 681 2440 ligiosissime
733 2363 971 2423 colitur.
1015 2387 1035 2418 ι
1074 2365 1282 2443 Neque
1334 2362 1570 2423 Catanaa
1600 2359 1795 2422 solum
1826 2360 1984 2422 illius
2017 2378 2087 2421 eo
2136 2358 2233 2419 die
2266 2357 2604 2419 celebratur
2656 2358 2887 2432 natalis,
2924 2358 3053 2435 sed,
3093 2366 3154 2420 ut
3183 2368 3321 2421 ante
3350 2358 3469 2420 250
3497 2377 3685 2420 annos

309 2451 547 2531 scripsit
598 2452 656 2512 in
709 2451 1061 2515 Calendario
1116 2449 1526 2513 ecclesiastico
1580 2448 1845 2528 generali
1896 2447 2251 2527 Badulphus
2282 2446 2356 2507 de
2412 2448 2584 2522 Rivo,
2634 2445 3003 2523 Tungreusis
3051 2448 3113 2508 in
3143 2448 3345 2527 Belgio
3396 2446 3682 2520 decanus,

318 2541 593 2621 «ubique
651 2559 718 2601 ex
752 2542 958 2602 Sicilia
1008 2540 1257 2618 Agathaa
1287 2540 1358 2598 V.
1393 2547 1452 2599 et
1484 2537 1537 2599 M
1608 2557 1668 2600 ix
1699 2538 1840 2600 lect.
1880 2561 1903 2596 ι
1942 2536 2045 2598 Est
2093 2534 2543 2616 antiquissimus
2570 2535 2998 2615 Martyrologiis
3039 2536 3111 2597 ad
3146 2555 3280 2598 eum
3314 2536 3472 2599 diem
3524 2535 3686 2598 illius

311 2633 630 2710 ascriptum
667 2650 908 2692 nomen.
944 2630 1031 2691 Ita
1086 2648 1328 2691 nomen.
1363 2629 1447 2690 Ita
1478 2628 1945 2689 vetustissimum
1978 2628 2341 2700 Romanum,
2378 2625 2533 2704 quod
2566 2624 2784 2704 saepius
2818 2623 2929 2687 sub
2959 2624 3022 2689 S.
3056 2624 3405 2707 Hieronymi
3439 2626 3683 2688 nomine

308 2719 639 2781 citavimus.
682 2743 707 2779 α
736 2722 798 2780 ln
833 2720 1057 2794 Sicilia,
1093 2719 1328 2781 civitate
1361 2717 1631 2790 Catanas,
1669 2725 1788 2779 nat.
1826 2716 2071 2795 Agathte
2101 2714 2265 2794 Virg.
2310 2738 2331 2771 ι
2370 2712 2669 2776 Consonat
2694 2714 2855 2775 aliud
2888 2713 2961 2776 ab
3000 2714 3321 2777 Heriberto
3348 2713 3682 2794 Rosweydo

309 2820 513 2870 nostra
550 2810 774 2871 editum
813 2832 826 2871 :
888 2832 914 2868 ‹‹
948 2809 1007 2873 S.
1045 2810 1291 2888 Agathm
1341 2809 1485 2885 virg.
1543 2807 1699 2887 apud
1732 2806 2027 2868 civitatem
2085 2804 2501 2867 Catanensium
2542 2822 2557 2878 ;
2595 2829 2621 2861 ι
2679 2811 2737 2865 et
2769 2803 3278 2885 Richenoviense,
3312 2804 3434 2866 sive
3477 2803 3685 2866 Divitis

312 2900 520 2975 Augiw
555 2917 568 2961 :
608 2925 633 2955 α
671 2900 897 2976 Sicilia,
929 2901 987 2960 in
1023 2900 1285 2961 Cathana
1321 2898 1585 2972 civitate,
1622 2895 1823 2976 passio
1851 2894 1913 2958 S.
1948 2894 2197 2971 Agathe;
2225 2892 2296 2953 V.
2334 2918 2361 2949 ι)

392 3006 604 3066 Fusius
635 3002 937 3067 Usuardus
977 3022 992 3062 :
1032 3024 1054 3057 α
1085 3002 1255 3082 Apud
1290 3000 1579 3077 Siciliam,
1618 3000 1856 3062 civitate
1905 2994 2353 3068 Catanensium,
2391 2993 2605 3054 natalis
2659 2992 2722 3056 S.
2754 2993 2999 3073 Agathze
3028 2994 3179 3074 virg.
3215 3006 3276 3057 et
3311 3003 3515 3070 mart.,
3550 3000 3686 3077 qua:

312 3103 444 3173 post
470 3094 671 3173 alapas
698 3102 756 3154 et
802 3110 1134 3162 carcerem,
1169 3102 1300 3172 post
1340 3091 1663 3172 equuleum
1698 3101 1759 3152 et
1806 3088 2121 3161 tortiones,
2160 3091 2292 3164 post
2330 3082 2751 3173 rmamillarum
2783 3082 3241 3158 abscissionem,
3280 3094 3412 3167 post
3456 3087 3685 3150 voluta-

310 3172 530 3244 tionem
569 3172 643 3244 iin
675 3182 906 3244 testulis
937 3188 996 3243 et
1027 3179 1406 3254 carbonibus,
1446 3179 1686 3243 tandem
1736 3179 1851 3239 sub
1877 3175 2087 3257 judice
2138 3172 2461 3246 Quintiano
2496 3174 2776 3251 martyrio
2811 3182 3223 3235 consummata
3254 3184 3366 3237 est.
3400 3175 3534 3237 Ado
3585 3194 3684 3257 ep.

310 3273 671 3335 Viennensis
710 3279 768 3333 in
820 3270 1237 3349 Martyrologio
1272 3271 1385 3331 ista
1429 3270 1630 3345 habet,
1666 3286 1797 3349 qua:
1823 3274 1881 3326 et
1912 3266 1974 3327 in
2009 3281 2154 3325 mss.
2212 3261 2407 3349 variis,
2444 3260 2620 3322 etiam
2642 3261 2830 3349 rBedae
2887 3262 3131 3324 nomine
3165 3262 3557 3342 praztitulatis,
3592 3264 3684 3325 le-

307 3371 528 3441 guntur
562 3384 575 3421 :
636 3386 661 3417 α
694 3361 869 3441 Apud
905 3348 1193 3433 Siciliam,
1229 3358 1468 3420 civitate
1517 3348 1950 3430 Catinensium,
1986 3352 2181 3433 passio
2215 3348 2279 3415 S.
2327 3351 2573 3441 Agathaz
2603 3348 2754 3429 virg.
2789 3350 2899 3412 sub
2932 3352 3115 3441 Decio
3142 3352 3290 3433 imp.
3327 3353 3686 3433 proconsule

311 3440 626 3525 Quintiano
657 3472 669 3511 :
706 3440 835 3531 quae
887 3458 1021 3531 post
1052 3448 1252 3529 alapas
1283 3458 1339 3510 et
1380 3466 1712 3524 carcerem,
1750 3452 1882 3527 post
1921 3443 2243 3521 equuleum
2278 3447 2335 3502 et
2387 3440 2867 3531 tortiones,post
2901 3440 3304 3531 mamillarum
3358 3442 3684 3505 abscissio-

310 3561 444 3605 nem
480 3542 583 3604 sed
616 3560 647 3604 a
678 3528 931 3602 Domino
963 3528 1360 3619 sanationem,
1389 3547 1521 3620 post
1550 3536 1975 3599 volutationem
2012 3532 2073 3593 in
2107 3531 2338 3592 testulis
2383 3537 2443 3591 et
2469 3528 2855 3620 carbonibus,
2891 3530 3130 3592 tandem
3167 3530 3228 3591 in
3259 3548 3501 3594 carcere
3533 3550 3685 3595 con-

309 3640 602 3695 summata
633 3640 742 3692 est.
786 3657 806 3688 υ
858 3632 999 3703 Quae
1031 3627 1156 3690 Ado
1192 3636 1250 3689 et
1277 3618 1607 3699 Usuardus.
1641 3628 1850 3689 eadem
1890 3622 2232 3703 exprimunt
2281 3620 2567 3700 pleraque
2596 3619 2734 3693 alia,
2770 3618 2947 3681 etiam
3002 3622 3430 3695 recentiorum,
3462 3622 3683 3703 Marty-

306 3723 574 3801 rologia;
611 3721 973 3783 contractius
1018 3718 1308 3800 quaedam,
1348 3718 1463 3779 alia
1494 3718 1795 3781 diffusius.
1829 3711 2292 3777 Wandelberlus
2336 3709 2727 3791 Prumiensis,
2762 3710 2863 3791 qui
2893 3717 3030 3772 ante
3064 3726 3229 3773 IOCCC
3282 3728 3473 3773 annos
3502 3710 3679 3783 vixit,

310 3813 433 3873 haec
467 3812 540 3873 de
569 3830 639 3873 ea
668 3811 829 3872 canit
864 3831 877 3869 :

1106 3942 1377 4005 Sicania!
1405 3942 1659 4024 papulas
1688 3942 1880 4004 Nonis
1907 3940 2024 4004 sibi
2053 3940 2256 4004 subdit
2290 3938 2561 4020 Agathes

1122 4032 1400 4112 Virginis
1429 4034 1663 4095 emimio
1692 4033 1892 4093 virtus
1924 4029 2222 4092 celebrata
2252 4030 2492 4093 decoro.

396 4197 677 4259 Eamdem
708 4192 979 4257 referunt
1008 4194 1119 4256 hoc
1150 4192 1245 4255 die
1277 4191 1617 4255 Graecorum
1650 4191 2075 4272 Menologium,
2110 4190 2557 4268 Anthologium.
