3932 6140
354 280 497 345 1331

1613 281 1895 344 MENSIS
1937 281 2446 345 FEBRUARIUS.

3618 290 3638 355 1
3649 289 3732 356 332

1804 560 2294 648 ΑΘΛΗΣΙΣ

1072 789 1204 840 ΤΗΣ
1253 789 1451 840 ΑΓΙΑΣ
1504 790 1616 842 ΚΑΙ
1677 787 2100 844 ΚΑΛΛΙΝΙΚΟΥ
2145 792 2495 845 ΜΑΡΤΥΡΟΣ
2541 796 2670 844 ΤΟΥ
2723 794 3004 848 ΧΡΙΣΤΟΥ

1141 983 1854 1115 ΑΓΑΘΗΣ
1963 985 2934 1118 ΠΑΡΘΕΝΟΥ

1741 1331 2344 1418 CERTAMEN

1219 1553 1537 1620 SANCTIE
1589 1553 1684 1618 ET
1729 1552 2081 1618 EGREGLE
2136 1552 2521 1621 MARTYRIS
2563 1555 2859 1623 CHRISTI

1367 1751 1979 1861 AGATH/E

2082 1750 2705 1863 VIRGINIS

706 1989 904 2060 (Graece
933 2005 1069 2046 nunc
1097 1987 1318 2061 primum
1352 1987 1493 2061 typis
1530 1984 1807 2044 mandatur
1836 2001 1897 2040 ex
1932 1985 2050 2040 eod.
2083 1999 2179 2042 ms.
2219 1985 2382 2044 Paris.
2418 2002 2470 2042 ιι.
2505 1986 2632 2054 999,
2669 1989 2850 2046 saeculi
2881 2003 2939 2046 x.
2971 1990 3124 2047 Εωτ.
3159 1987 3306 2047 Pam
3337 1993 3384 2060 ).

1725 2221 1968 2288 CAPUT
2013 2222 2332 2288 PRIMUM.

1269 2359 1340 2424 S.
1387 2357 1644 2440 Agathae
1678 2353 1906 2437 patria,
1954 2353 2065 2414 iter
2116 2353 2429 2422 Panormo
2478 2361 2794 2424 Catanam.

401 2497 445 2558 Ι.
472 2496 842 2579 lmperatore
875 2496 1051 2559 Decio
1077 2494 1672 2576 Caesare,Quintiano
1698 2517 1839 2560 vero
1863 2495 1996 2562 Sili-
2019 2496 2056 2546 Α

339 2588 491 2650 ciam
519 2587 879 2668 insulam,ad
914 2587 1332 2665 praefecturam
1369 2587 1553 2648 Italiae
1575 2595 1998 2669 pertinentem,

339 2677 817 2750 administrante,
851 2677 1291 2757 promulgatum
1327 2685 1417 2736 est
1451 2677 1736 2752 edictum,
1773 2687 1835 2740 ut
1863 2679 1996 2758 qui-

345 2785 584 2847 cunque
600 2767 951 2845 religiosum
977 2766 1099 2828 veri
1118 2765 1222 2828 Dei
1247 2765 1471 2827 cultum
1498 2777 2001 2838 exerceret,acer-

340 2855 418 2918 ba
450 2862 642 2917 morte
675 2862 1011 2916 necaretur.
1050 2852 1266 2916 Sancta
1299 2855 1483 2932 igitur
1535 2865 1592 2916 et
1625 2857 2002 2935 magnanima

345 2943 596 3023 Agatha,
622 2963 689 3005 ex
719 2942 1143 3006 Panormitana
1163 2941 1402 3005 civitate
1434 2943 1716 3024 oriunda,
1745 2945 1997 3006 nobilis-

345 3032 516 3096 simis
543 3051 682 3094 vero
715 3033 874 3096 edita
903 3032 1228 3106 natalibus,
1257 3041 1320 3094 ut
1347 3032 1594 3112 impium
1628 3035 1853 3114 vulgari
1884 3038 1999 3097 de-

342 3131 570 3185 cretum
599 3122 914 3196 intellexit,
943 3121 1800 3202 patriam,genus,gloriam,et
1825 3124 1993 3206 quid-

344 3212 484 3294 quid
541 3212 613 3274 ad
665 3211 1091 3293 temporariam
1142 3211 1296 3273 hanc
1352 3211 1530 3273 vitam
1583 3221 1832 3293 spectat,
1888 3231 1992 3294 pro

336 3303 522 3365 nihilo
578 3301 830 3381 ducens,
865 3319 1000 3364 sese
1031 3301 1104 3364 ad
1153 3301 1542 3383 suscipienda
1599 3320 1704 3382 pro
1755 3303 1992 3366 Christo

339 3391 669 3456 certamina
696 3395 966 3454 armavit.

389 3489 456 3547 ll.
488 3488 982 3557 Quintianusvero
995 3503 1363 3561 praeses,cum
1388 3498 1641 3547 sanctam
1667 3505 1732 3546 ac
1751 3504 1996 3562 genero-

291 3589 295 3592 ·
344 3593 468 3636 sam
493 3574 783 3653 Agatham
817 3574 1025 3636 formae
1045 3575 1358 3636 honestate
1392 3582 1447 3636 et
1466 3574 1760 3652 elegantia
1784 3576 1999 3654 puellis

347 3663 582 3726 cunctis
621 3663 949 3745 aequalibus
971 3664 1096 3726 suis
1127 3665 1302 3743 longe
1334 3664 1699 3726 antecellere
1727 3663 1999 3726 inaudis-

344 3752 709 3829 set,modum
734 3753 1258 3834 echgitabat,quo
1289 3753 1506 3817 Christi
1529 3755 1818 3832 virginem
1843 3773 2003 3816 eom-

2162 2494 2244 2555 A'.
2311 2495 2689 2561 Βασιλεύοντος
2740 2500 2925 2555 Δεκίου
2982 2503 3270 2579 Καίσαρος,
3308 2501 3745 2580 ἡγεμονεύοντος

2084 2582 2138 2640 δὲ
2198 2593 2483 2644 Κυντιανοῦ
2514 2587 2608 2654 τῆς
2644 2587 2882 2643 Σικελῶν
2935 2591 3124 2662 νήσου,
3160 2597 3260 2658 τῆς
3294 2591 3538 2648 Ἰταλῶν
3586 2591 3743 2664 ἐπαρ-

2083 2681 2232 2753 χίας,
2293 2675 2475 2742 ὲξῆλθε
2552 2679 2914 2756 πρόσταγμα,
2990 2680 3127 2736 ὥστε
3199 2687 3368 2736 πέντα
3445 2683 3546 2736 τόν
3619 2685 3744 2754 θρη-

2084 2767 2338 2821 σκεύοντα
2409 2767 2508 2832 τὴν
2578 2765 2770 2834 εὐσεϐῆ
2841 2775 2932 2825 τοῦ
3010 2777 3141 2826 Θεοῦ
3213 2773 3514 2846 Θρησκείαν
3581 2774 3742 2843 πικρῷ

2082 2854 2289 2928 Θανάτῳ
2346 2854 2741 2930 παραδίδοσθαι.
2808 2847 2903 2913 Ἠν
2962 2861 3118 2926 αὖνὴ
3180 2862 3297 2916 ὁσία
3352 2861 3449 2916 καὶ
3509 2854 3741 2935 μεγαλό-

2082 2966 2227 3020 φρων
2285 2944 2512 3024 ’Λγάθη,
2573 2945 2864 3023 ὁρμωμένη
2927 2946 3024 3018 μὲν
3081 2949 3144 3004 ἒκ
3193 2953 3292 3014 τῆς
3371 2952 3737 3023 Πανορμητῶν

2081 3033 2313 3107 πόλεως,
2347 3034 2616 3109 ἐπισήμου
2646 3033 2701 3091 δὲ
2745 3039 2830 3092 καὶ
2884 3035 3133 3114 λαμπροῦ
3163 3040 3344 3114 γένους
3396 3039 3732 3116 ὑπάρχουσα,

2081 3122 2353 3178 ἆκοᾶσασα
2413 3125 2598 3179 τούτου
2628 3123 2720 3181 τοῖ’)
2767 3125 3195 3204 περιηχηϐέντος
3255 3125 3485 3192 ἀσεϐοῦς
3533 3126 3729 3204 δόγμα-

2075 3233 2195 3286 τος,
2259 3211 2534 3291 πατρίδος,
2597 3215 2808 3294 γένους,
2855 3213 3010 3280 δόξης
3066 3217 3155 3272 καὶ
3213 3217 3394 3283 πάσης
3458 3221 3564 3282 τῆς
3609 3217 3728 3291 πρὸς

2078 3309 2262 3380 καιροῦ
2343 3308 2486 3373 ζωῆς
2559 3305 3007 3383 καταφρονήσασα
3089 3305 3215 3367 τοὺς
3298 3308 3421 3383 περὶ
3513 3312 3726 3384 Χριστοῦ

2077 3391 2288 3469 ἀγῶνας
2319 3391 2586 3464 ὀπλίζετο.

2165 3471 2243 3541 Β’.
2284 3484 2568 3544 Κυντιανὸς
2627 3481 2680 3537 δὲ
2712 3484 2738 3538 ὁ
2780 3484 3000 3560 ἡγεμὼν
3032 3483 3261 3549 ἀκούσας
3305 3485 3428 3563 περὶ
3457 3490 3560 3551 τῆς
3589 3483 3726 3543 ὁσίας

2079 3573 2170 3627 καί
2226 3571 2525 3650 ἀοληφόρου
2574 3571 2833 3649 Ἀγάθης,
2870 3575 2940 3638 ὡς
2997 3571 3136 3640 καλὴ
3188 3573 3280 3630 καί
3331 3572 3727 3652 εὐπρεπεστάτη

2080 3663 2443 3740 τυγχάνουσα,
2485 3662 2665 3726 πάσας
2696 3660 3025 3739 ὑπερϐέϐηκε
3077 3663 3171 3727 τὸς
3216 3661 3337 3720 κατ’
3391 3665 3562 3730 αὐτὴν
3615 3682 3726 3716 νεα-

2083 3749 2246 3822 νίδας,
2281 3751 2522 3822 ἐπεζήτει
2583 3755 2645 3808 τὸ
2688 3757 2803 3813 πῶς
2841 3753 2940 3818 τὴν
2985 3753 3242 3829 παρθένον
3288 3761 3383 3811 τοῦ
3428 3760 3563 3810 Θεοῦ
3607 3749 3727 3806 συλ-

349 3842 775 3924 prehenderet,
804 3847 985 3923 inque
1011 3862 1182 3905 suam
1215 3848 1573 3905 sententiam
1609 3845 2002 3924 pertraheret.
2033 3852 2070 3903 Β
2091 3838 2260 3896 λαϐὼν

2092 3838 2293 3917 λαϐὼν,
2326 3840 2676 3898 ἐπισπάσοιτο
2709 3841 2796 3897 καὶ
2852 3839 2916 3908 δὴ
2971 3841 3088 3899 καθ’
3139 3844 3375 3910 ακάστην
3415 3848 3514 3911 τὴν
3555 3840 3729 3898 ἑαυτοῦ

341 3933 537 4014 Atque
590 3933 647 3994 in
683 3933 792 3994 hac
827 3933 1055 3994 nefaria
1112 3934 1335 3995 mentis
1365 3933 1687 4013 agitatione
1733 3935 2003 4013 quotidie

345 4023 540 4084 moliri
572 4040 640 4085 ac
668 4030 897 4084 tentare
930 4023 1132 4083 omnia
1156 4041 1275 4083 non
1310 4023 1811 4092 cessabat,donec
1841 4023 1894 4084 ei
1922 4023 2000 4084 li-

342 4128 506 4176 ceret
538 4111 798 4174 libidinis
823 4131 943 4173 suae
973 4118 1220 4173 oestrum
1251 4112 1322 4174 ad
1357 4113 1634 4174 effectum
1669 4113 1995 4174 deducere.

342 4201 635 4276 Quocirca
656 4201 1004 4282 praeclaram
1028 4210 1085 4263 et
1109 4201 1324 4263 illustri
1349 4211 1537 4262 ortam
1573 4219 1797 4276 genere
1815 4199 1996 4262 ancil-

343 4290 457 4354 lam
510 4290 756 4364 Christi,
791 4308 861 4352 eo
895 4298 1180 4372 praetextu
1233 4291 1391 4372 quod
1425 4299 1584 4353 esset
1633 4291 1988 4362 Christiana,

343 4379 964 4462 comprehendijubet
985 4390 1043 4441 et
1065 4381 1124 4441 in
1143 4389 1532 4462 conspectum
1560 4399 1730 4442 suum
1751 4378 1987 4441 adduci.

343 4472 487 4534 Erat
527 4477 724 4530 autem
757 4468 888 4549 ipsa
917 4469 1136 4549 insigni
1172 4488 1406 4531 morum
1439 4470 1897 4550 compositione,
1933 4477 1992 4530 et

342 4557 527 4640 gratia
553 4558 853 4619 sermonis
884 4568 1186 4639 ornata,ut
1217 4559 1390 4620 facile
1411 4560 1624 4620 eximia
1653 4558 1985 4638 pulchritu-

342 4649 501 4711 dinis
528 4648 731 4729 specie
755 4648 1108 4709 intuentium
1159 4657 1358 4728 posset
1388 4649 1497 4708 sibi
1532 4649 1763 4709 animos
1793 4646 1990 4726 subji-

341 4757 503 4802 cere.
536 4737 896 4810 Quintianus
925 4753 1070 4798 vero
1097 4738 1372 4818 impurus
1407 4755 1474 4799 ac
1506 4754 1824 4817 pervorsus
1853 4755 1988 4797 cum

343 4837 523 4902 esset,
579 4835 902 4909 conspecta
956 4826 1207 4907 virginis
1265 4825 1492 4908 specie,
1553 4826 1715 4888 illico
1781 4835 1992 4905 captus

344 4937 548 4982 amore
581 4926 690 4993 est,
725 4917 900 4979 simul
957 4925 1015 4978 et
1045 4916 1299 4979 fortunis
1345 4916 1506 4977 illius
1533 4915 1793 4988 inhians,
1829 4916 1989 4976 vultu

341 5009 473 5084 ipso
505 5008 690 5070 animi
723 5006 1234 5089 perturbationem
1269 5006 1553 5088 prodidit.

424 5097 521 5161 IIl.
538 5096 639 5158 His
662 5114 803 5174 ergo
828 5095 1139 5176 modis,uti
1162 5097 1514 5167 diximus,in
1541 5095 1800 5156 furorem
1822 5107 1991 5156 actus

343 5189 1009 5262 Quintianus,militibus
1033 5189 1164 5246 utS.
1191 5191 1468 5259 Agatham
1495 5187 1982 5258 comprehendant
2007 5219 2049 5272 α

345 5277 609 5339 mandat.
643 5274 716 5337 Hi
749 5273 970 5337 Catana
999 5273 1252 5353 egressi,
1286 5273 1368 5334 ita
1397 5292 1524 5334 eam
1558 5273 1981 5352 alloquuntur:

346 5372 653 5428 Decretum
676 5371 949 5426 δόνει-συθ
972 5377 1025 5426 te
1048 5368 1480 5440 promulgatum
1506 5377 1587 5424 est
1610 5383 1637 5423 a
1671 5369 1886 5422 Caesare
1919 5382 1983 5421 ac

340 5455 767 5535 praeside,quia
789 5471 990 5534 neque
1022 5453 1138 5515 diis
1168 5455 1646 5532 sacriﬁces,quos
1683 5453 1985 5530 Augustus

335 5544 497 5615 colit,
532 5561 644 5604 nec
676 5544 869 5622 patrio
903 5543 1022 5604 ritu
1053 5561 1156 5604 eos
1186 5543 1516 5605 venereris.
1551 5539 1666 5604 Sed
1702 5540 1790 5602 vel
1824 5559 1981 5601 nunc

325 5632 414 5695 fac
446 5629 696 5692 inducas
727 5631 787 5692 in
822 5633 1088 5694 animum
1123 5631 1236 5693 diis
1281 5631 1619 5706 immolare,
1658 5639 1719 5690 ut
1753 5637 1810 5691 te
1843 5646 1979 5691 cum

2085 3929 2424 4010 κακόσχολον
2484 3929 2720 3986 διάνοιαν
2781 3933 3078 4008 ταράττων,
3115 3936 3209 3988 οὒκ
3253 3932 3496 4006 ἓπαύετε,
3547 3932 3725 4010 μέχρις

2084 4019 2147 4075 ἄν
2207 4019 2488 4097 ἔκιένηται
2523 4019 2667 4092 αὒτῷ
2709 4021 2805 4097 τὸν
2835 4025 2935 4086 τῆς
2996 4021 3274 4095 ἐπιθυμίας
3309 4023 3469 4081 αἱ)τοῦ
3525 4025 3724 4096 οἶστρον

2084 4110 2158 4172 εἷς
2214 4093 2366 4187 ἔρνον
2397 4109 2647 4186 ἀγαγεῖν.
2708 4093 2860 4165 “Οθεν
2895 4111 2994 4175 τὴν
3038 4093 3282 4187 λομττρὰν
3316 4113 3411 4166 καῖ
3473 4093 3719 4186 περιφανῆ

2079 4201 2158 4270 τῷ
2213 4197 2377 4271 γένει,
2415 4197 2606 4262 δούλην
2651 4196 2706 4252 δὲ
2767 4204 2899 4254 Θεοῦ
2932 4201 3190 4277 προφάσει
3245 4196 3399 4265 δῆθεν
3447 4210 3537 4257 τοῦ
3569 4205 3716 4272 Χρισ-

2077 4289 2265 4355 τιανὴν
2318 4286 2484 4353 αὐτὴν
2541 4287 2708 4354 εἶναι,
2743 4285 2950 4343 κελεύει
3010 4288 3375 4366 συλληφθῆναι
3432 4290 3592 4354 ατῦτήν
3637 4286 3711 4340 καὶ

2077 4377 2213 4434 κατὰ
2269 4375 2556 4454 πρόσωπον
2616 4376 2775 4431 αὖτοῦ
2830 4375 3028 4440 ἐλθεῖν,
3093 4378 3234 4443 Αὕτη
3291 4377 3346 4433 δὲ
3388 4380 3453 4444 ἦν
3508 4390 3589 4433 και
3624 4375 3709 4448 βίῳ

2076 4468 2162 4522 καὶ
2220 4465 2365 4542 λόγῳ
2404 4465 2955 4539 κατακεκοσμημένη,
3015 4464 3278 4540 δυναμένη
3337 4473 3406 4542 τῇ
3462 4463 3702 4541 ὑπερϐολῇ

2072 4563 2165 4613 τοῦ
2217 4555 2446 4620 κάλλους
2478 4557 2600 4616 τοὺς
2660 4555 2896 4630 ὁρῶντας
2949 4556 3112 4620 αὐτὴν
3159 4553 3442 4618 ὑποτᾶϐαι,
3509 4566 3702 4613 Κυντια·

2073 4647 2163 4709 νὸς
2193 4643 2533 4725 κακόσχολος
2589 4645 2874 4724 ὑπάρχων,
2918 4644 3150 4722 ἐρασθεὶς
3182 4647 3248 4720 τῇ
3299 4645 3420 4720 ὄψει
3452 4651 3548 4712 τῆς
3577 4662 3696 4718 παρ·

2071 4733 2246 4810 θένου,
2296 4737 2386 4791 τὸν
2457 4732 2728 4812 ὀφθαλμὸν
2788 4737 2946 4792 αὐτοῦ
3003 4735 3405 4811 συνετάραττεν·
3472 4734 3696 4790 ὡσαύτως

2074 4826 2162 4881 καὶ
2194 4825 2300 4882 τῶν
2343 4825 2644 4904 χρημάτων
2689 4825 2850 4889 αὐτῆς
2884 4824 3037 4901 ἐρῶν.

2159 5083 2235 5151 Γ’.
2279 5092 2497 5154 Τούτοις
2540 5092 2713 5146 τοίνυν
2757 5104 2876 5156 τοῖς
2911 5092 3151 5172 τρόποις,
3183 5093 3359 5157 καθὼς
3410 5093 3689 5166 εἰρήκαμεν,

2075 5184 2357 5255 μανιωθεῖς
2430 5184 2457 5237 ὁ
2533 5183 2842 5255 Κοντιανὸς,
2915 5183 3015 5243 τὴν
3088 5181 3244 5258 ἆγίαν
3317 5180 3551 5257 Ἀγαειην
3611 5175 3689 5231 ὕπὸ

2074 5277 2411 5349 στρατιωτῶν
2459 5269 2702 5326 ἐκέλευσε
2762 5269 3158 5350 συλληφθῆναι.
3211 5272 3269 5328 Οἱ
3314 5269 3368 5326 δὲ
3424 5269 3688 5335 ἐξελθόντες

2069 5361 2176 5418 ἀπὸ
2239 5362 2482 5426 Κατάνης
2542 5357 2788 5436 λέγουσιν
2862 5364 3025 5433 αὐτῇ·
3084 5360 3348 5441 Ψήφισμα
3417 5361 3551 5415 κατὰ
3614 5358 3686 5412 σοῦ

2069 5449 2285 5515 ἐξῆλθεν
2339 5449 2440 5505 ὑπό
2471 5470 2526 5505 τε
2586 5455 2678 5504 τοῦ
2731 5449 2990 5528 Καίσαρος
3055 5452 3140 5506 καὶ
3185 5453 3276 5507 τοῦ
3330 5449 3605 5526 ἡγεμόνος,
3630 5445 3686 5501 ὡς

2067 5538 2155 5594 ὅτε
2188 5540 2247 5596 οὗ
2296 5540 2432 5598 θύεις
2469 5551 2588 5600 τοῖς
2617 5541 2787 5607 θεοῖς,
2821 5538 3018 5601 οἵτινες
3049 5546 3308 5612 τιμῶνται
3364 5539 3464 5594 ὑπὸ
3495 5559 3579 5594 του
3601 5534 3682 5610 βι-

2066 5627 2279 5707 σιλέως,
2326 5626 2444 5686 οὐδὲ
2487 5627 2762 5705 λατρεύεις
2809 5627 2995 5695 αὐτοῖς
3023 5633 3160 5688 κατὰ
3206 5630 3273 5689 τὰ
3317 5635 3534 5706 πατρῷα
3578 5624 3680 5690 [0n-
