3932 6140
146 272 187 339 1
205 273 394 344 333

1384 283 1570 349 VITA
1614 283 1676 348 S.
1724 281 2062 348 AGATHE
2108 280 2476 347 VIRGINIS.

3454 283 3606 351 1334

140 415 338 475 ἀλλ’
389 419 488 476 οὖν
516 420 746 477 κατάθου
774 420 912 477 θύειν
947 419 1159 493 αὖτοϊς,
1191 418 1285 477 ἵνα
1341 421 1476 496 μετὰ
1507 424 1687 488 πάσης
1717 424 1843 495 τιμῆ

2007 423 2127 477 mni
2161 416 2389 479 honore
2419 422 2483 476 et
2508 413 2700 495 gloria
2719 414 2795 477 ad
2820 415 3127 481 consulem
3144 416 3601 484 adducamus.S.

148 511 294 566 καὶ
376 508 544 577 δόξης
603 510 957 588 προσάγωμεν
1021 531 1080 566 σε
1139 517 1216 584 τῷ
1257 510 1463 585 ὑπάτῳ.
1509 514 1576 567 Ἥ
1645 509 1700 568 δὲ
1758 512 1881 589 ἁγία

152 596 447 674 Ἀγάθη
502 599 603 667 τὴν
647 598 846 655 ἄνωθεν
903 598 1099 656 ἀσπίδα
1133 597 1389 673 λαϐοῦσα,
1423 598 1563 656 ὅπλα
1595 602 1654 657 οὗ
1678 621 1878 675 κοσμι-

159 688 290 762 κὰ,
365 687 500 745 ἀλλ’
528 688 726 745 ἄνωθεν
784 688 1277 763 κατεσκευασμένα,
1324 690 1580 767 γενναίως
1621 690 1758 746 κατὰ
1788 696 1881 746 τοῦ

152 778 490 852 τυράννου
547 776 816 848 ὀπλίζετο.
879 783 996 835 Τῶν
1051 776 1106 833 δὲ
1177 776 1386 853 δημίων
1445 781 1880 856 κατεπειγόντων

158 865 405 934 αὔτὴν
462 866 638 924 ἐλθεῖν
696 867 781 923 ἐπὶ
836 871 913 939 τῷ
955 872 1293 945 παραστῆναι
1337 876 1414 941 τῷ
1470 868 1728 943 τυράννῳ,
1765 868 1877 923 εἰσ-

160 953 460 1014 ελθοῦσα
517 960 591 1015 εἷς
636 957 729 1012 τὸν
786 957 943 1013 οἶκον
997 958 1159 1023 αὖτῆς
1216 959 1306 1013 καὶ
1372 957 1687 1015 ὰνατείνασα
1753 958 1876 1020 τοὺς

163 1044 539 1125 ὀφθαλμοὺς
591 1048 664 1110 εἰς
728 1048 821 1102 τὸν
884 1046 1103 1122 οὖρανὸν
1156 1047 1313 1103 εἶπεν
1347 1066 1361 1081 ο
1409 1048 1653 1104 Δέσποτα
1694 1047 1875 1126 Κύριε,

165 1135 416 1203 Ἰησοῦ
471 1135 685 1216 Χριστὲ,
749 1137 811 1194 σὺ
866 1134 1148 1194 ἐπίστασαι
1196 1138 1295 1205 τὴν
1346 1135 1574 1194 διάθεσίν
1603 1158 1705 1212 μου
1738 1153 1754 1170 ⁶
1814 1137 1876 1192 σὺ

170 1223 388 1288 οἶδας
443 1229 506 1283 τὸ
561 1227 693 1301 ἐμὸν
753 1224 1022 1304 πρόθυμον
1054 1240 1067 1253 ’
1122 1228 1280 1289 αὐτὸς
1339 1228 1711 1304 στρατήγησον
1742 1226 1875 1303 ὑπὲρ

171 1314 352 1388 ἰμοῦ
409 1316 542 1372 κατὰ
593 1322 686 1373 τοῦ
756 1315 1031 1392 τυράννου,
1089 1314 1193 1385 ⁴ἤδη
1255 1315 1356 1394 γὰρ
1414 1317 1732 1394 νενέκρωται
1788 1316 1875 1372 καὶ

170 1405 679 1471 ’καταπεπάτηται
729 1404 820 1460 ὑπ’
872 1404 1022 1478 ἰμοῦ.
1062 1406 1157 1463 Καὶ
1215 1412 1324 1475 νόν,
1383 1404 1629 1461 Δέσποτα
1693 1405 1871 1480 Κύριε,

178 1495 273 1558 εἷς
313 1494 393 1549 τὸ
446 1493 655 1551 τέλειον
705 1496 793 1550 καὶ
838 1495 1256 1573 κορυφαιότατον
1308 1493 1479 1569 ὄνομά
1537 1515 1651 1563 σου,
1717 1494 1772 1551 ὲν
1828 1497 1874 1569 ᾧ

172 1580 392 1654 ἔζησα
423 1586 618 1657 σεμνὸν
673 1585 814 1664 βίον,
875 1583 1063 1659 δέομαί
1110 1606 1231 1662 σου,
1282 1591 1511 1641 σπεῦσον
1536 1585 1625 1640 καὶ
1659 1584 1871 1651 νίκησον

176 1674 297 1730 τὸν
338 1671 620 1747 διάϐολον,
655 1672 1076 1751 προσδεξάμενος
1107 1674 1173 1730 τὰ
1202 1674 1306 1748 ἐμὰ
1329 1673 1550 1752 δάκρυα,

1961 507 2213 585 Agathe,
2243 513 2489 586 accepto
2519 522 2554 567 e
2584 507 2819 586 superis
2849 505 3249 588 clypeo,arma
3278 527 3399 571 non
3434 527 3606 572 mun-

1963 597 2143 667 dana,
2176 596 2283 659 sed
2320 596 2589 661 calestia
2646 594 2933 659 adversus
2964 607 3276 678 tyrannum
3312 616 3604 679 generose

1965 685 2227 766 expedit.
2273 683 2612 746 Lictoribus
2664 701 2805 746 vero
2837 703 2969 747 eam
3002 686 3372 764 urgentibus,
3406 696 3470 749 ut
3499 704 3605 750 se-

1963 792 2097 836 cum
2130 775 2253 838 iter
2281 782 2645 854 capesseret,
2681 783 2936 855 tyranno
2967 774 3325 853 sistenda,in
3356 776 3601 840 domum

1961 883 2128 926 suam
2162 866 2431 944 ingressa
2460 864 2569 944 (l).
2602 862 2852 926 sublatis
2899 870 2959 927 in
3009 866 3226 928 calum
3259 866 3470 946 oculis,
3503 867 3603 929 di-

1962 954 2052 1015 xit
2102 971 2117 1017 :
2181 952 2432 1015 Domine
2486 951 2630 1016 Jesu
2689 953 2947 1029 Christe,
3006 962 3066 1015 tu
3119 955 3272 1016 nosti
3327 955 3599 1018 animum

1963 1063 2186 1125 meum,
2227 1052 2286 1106 tu
2322 1042 2599 1104 affectum
2652 1042 2943 1124 perspicis
2976 1064 2989 1102 :
3032 1044 3162 1124 ipse
3193 1052 3253 1106 tu
3281 1044 3399 1107 dux
3432 1064 3602 1109 meus

1960 1142 2088 1196 esto
2119 1135 2406 1196 adversus
2465 1140 2806 1212 tyrannum.
2858 1131 3012 1196 Ecce
3055 1132 3216 1195 enim
3260 1133 3386 1214 jam
3422 1153 3598 1214 pros-

1961 1231 2149 1285 tratus
2178 1232 2292 1295 est,
2320 1222 2443 1301 jam
2472 1239 2507 1283 a
2550 1240 2647 1282 me
2703 1222 3105 1286 conculcatus.
3146 1223 3220 1285 Et
3260 1241 3443 1301 nunc,
3480 1224 3598 1286 Do-

1960 1315 2147 1388 mine,
2183 1322 2426 1393 propter
2457 1330 2736 1392 magnum
2768 1318 2827 1373 et
2885 1313 3347 1394 supereminens
3376 1331 3600 1376 nomen

1960 1411 2148 1480 tuum,
2182 1404 2243 1464 in
2275 1421 2392 1483 quo
2440 1402 2619 1465 vitam
2674 1420 2884 1483 puram
2938 1410 3285 1484 castamque
3334 1404 3594 1480 traduxi,

1956 1492 2232 1567 obsecro,
2266 1492 2537 1555 accelera
2563 1500 2623 1554 et
2672 1493 2844 1555 vince
2875 1491 3204 1568 diabolum,
3260 1492 3601 1574 suscipiens

1957 1583 2245 1664 lacrytnas
2279 1600 2443 1646 meas
2472 1582 2585 1665 (2).

292 1761 403 1824 A'.
468 1762 772 1836 Εὒξαμένῆς
831 1762 886 1820 δὲ
945 1765 1110 1830 αὐτῆς
1155 1763 1351 1843 οὕτως,
1384 1762 1599 1829 ἐξηὶθεν
1632 1762 1738 1818 ἀπὸ
1766 1763 1843 1828 τῆη

2031 1760 2277 1823 1V.Hac
2301 1770 2562 1842 precata,
2585 1759 2879 1822 Panormo
2912 1760 3218 1838 discessit,
3253 1762 3414 1824 ﬁrmi
3437 1762 3594 1825 mnri

185 1853 531 1928 Πανόρμου,
577 1853 757 1929 ὥσπερ
802 1866 996 1934 τεῖχος
1054 1850 1303 1910 ἄπτωτον
1363 1855 1451 1910 καὶ
1500 1873 1867 1932 περικεχαρα-

184 1943 496 2016 κωμὲνον,
542 1944 628 1999 καὶ
683 1940 918 2015 ἐϐάδιζεν
964 1943 1244 2021 προθύμως
1300 1943 1438 2017 μετὰ
1471 1942 1579 1999 τῶν
1637 1940 1866 2017 δημίων,

194 2031 634 2109 Προσομιλοῦσα
688 2031 743 2088 δὲ
804 2038 871 2108 τῇ
928 2031 1137 2105 διανοίᾳ
1181 2033 1255 2107 τῷ
1297 2031 1482 2089 κάλλει
1524 2030 1620 2098 τῆς
1673 2030 1869 2108 ἀρετῆς

193 2121 414 2199 ἔλεγεν
453 2141 469 2158 ⁶
519 2128 734 2200 Πρῶτον
791 2122 889 2197 μὲν
933 2121 1144 2189 ἤθλησα
1195 2123 1312 2197 περὶ
1356 2125 1455 2189 τὴν
1498 2122 1865 2201 σωφροσύνην,

192 2215 303 2269 καὶ
366 2214 461 2269 τὸν
517 2212 818 2292 ἀρχέκακον
872 2210 1140 2284 διάϐολον,
1203 2213 1294 2268 τὸν
1337 2212 1731 2289 ὑποσπείραντα
1773 2211 1869 2277 τὰς

190 2302 420 2371 ἡδονὰς
464 2308 540 2374 τῷ
591 2301 731 2378 γένει
776 2307 882 2358 τῶν
940 2301 1232 2380 ἀνθρώπων
1274 2300 1551 2375 νενίκηκα,
1599 2302 1689 2356 καὶ
1731 2322 1867 2356 κατ-

198 2391 472 2456 επέτησα
531 2388 617 2445 διὰ
659 2396 758 2456 τῆς
816 2391 1043 2469 χάριτος
1098 2398 1191 2448 τοῦ
1266 2392 1453 2468 Κυρίου
1500 2392 1654 2464 ἡμῶν
1686 2387 1868 2453 Ἰησοῦ

198 2482 454 2553 Χριστοῦ
487 2499 501 2513 ·
554 2478 699 2552 ἀλλ’,
741 2481 785 2533 ὦ
843 2480 1047 2557 πονηρὲ
1091 2481 1179 2536 καὶ
1222 2479 1379 2559 ἐχθρὲ
1435 2479 1533 2547 τῆς
1589 2476 1863 2552 ἀληθείας,

200 2572 318 2649 οὔχ
381 2573 505 2645 ὁρᾷς
565 2571 625 2625 τὸ
683 2569 811 2642 ἐμὸν
842 2567 1053 2625 στάδιον
1098 2570 1356 2626 ἀθάνατον
1399 2569 1459 2625 ’ὃν
1493 2588 1509 2649 ς
1543 2567 1598 2623 ἐν
1628 2571 1674 2641 ᾧ
1701 2565 1867 2645 ἀγάλ-

200 2658 408 2715 λονται
440 2657 633 2714 δίκαιοί
680 2680 737 2712 τε
779 2659 894 2732 ἅμα
953 2660 1041 2715 καὶ
1070 2658 1313 2737 ἄγγελοι.
1349 2658 1555 2724 Θεατὴν
1586 2657 1703 2737 ἔχω
1731 2657 1864 2714 ἀθά-

202 2771 379 2805 νατον
405 2757 496 2803 τὸν
529 2750 649 2804 Υἱὸν
691 2758 785 2807 τοῦ
830 2754 964 2805 Baeti
1008 2750 1098 2805 τὸν
1149 2748 1340 2826 Κύριον
1369 2747 1579 2814 Ἰησοῦν
1612 2748 1858 2823 Χριστὸν,

200 2839 428 2916 μυρίαις
483 2836 728 2915 ἅγγελων
780 2837 958 2903 τάξεσι
1010 2836 1482 2917 δορυφορούμενος,
1545 2839 1641 2896 Καὶ
1699 2839 1864 2894 ταῦτα

201 2930 440 2985 εἰποῦσα
465 2929 598 2983 κατὰ
628 2928 728 2995 τὴν
756 2925 992 2983 διάνοιαν
1022 2926 1255 2988 ἔκλαιεν,

299 3018 395 3079 E’.
456 3017 826 3092 [Ιορευομὲνης
887 3016 1075 3092 αὐτῆς,
1135 3017 1294 3085 ἐλύθη
1373 3020 1436 3074 τὸ
1494 3019 1862 3098 περικείμενον

208 3110 478 3186 σπαρτίον
537 3115 631 3165 τοῦ
684 3105 1028 3181 ὑποδήματος
1084 3107 1273 3182 αὐτῆς,
1330 3109 1419 3165 καὶ
1466 3109 1713 3178 στήσασα
1768 3110 1861 3165 τὸν

205 3196 355 3254 πόδα
389 3196 485 3253 ἒπΐ
529 3197 701 3275 λίθου,
733 3193 922 3262 ἔδησεν
959 3213 973 3227 ’
1021 3199 1109 3253 καὶ
1137 3209 1434 3275 στραφεῖσα
1466 3199 1539 3262 εἰς
1567 3198 1631 3254 τὰ
1662 3198 1856 3270 ὀπίσω,

204 3286 406 3344 οὒδένα
449 3285 566 3343 ἴδτν
624 3284 1111 3344 συνακολουθοῦντα
1167 3289 1302 3365 αὒτῇ
1351 3293 1456 3344 τῶν
1500 3288 1859 3364 προπεμπόν-

204 3399 321 3434 των
368 3376 505 3452 αὐτῇ
538 3374 773 3433 πολιτῶν
827 3377 907 3433 ιιαὶ
949 3374 1256 3448 πολιτίδων,
1309 3376 1428 3433 ἀλλ’
1461 3376 1713 3441 ἐάσαντες
1757 3380 1859 3436 αὖ·

202 3472 311 3534 τὴν
356 3466 738 3546 ἀνεχώρησαν,
795 3466 865 3523 Ἦ
914 3465 969 3523 δὲ
1026 3466 1150 3544 ἁγία
1194 3466 1399 3545 Ἀγάθη
1450 3464 1649 3547 σφόδρα
1688 3466 1859 3534 λυπη-

200 3558 365 3612 θεῖσα
399 3554 594 3622 ηὔξατο
636 3554 867 3630 λέγουσα
901 3574 915 3591 ο
952 3555 1198 3613 Δέσποτα
1252 3557 1403 3634 Κύριε
1459 3556 1850 3635 παντοκράτορ,

201 3643 291 3701 διὰ
352 3646 473 3709 τοὺς
527 3644 930 3713 ἆπιστῆσαντας
970 3650 1039 3721 τῇ
1071 3650 1140 3720 σῇ
1170 3644 1331 3721 δούλῃ
1359 3650 1426 3722 τῇ
1457 3643 1725 3723 μελλούσῃ
1755 3645 1853 3703 ἐλ-

199 3737 319 3792 θεῖν
380 3735 511 3811 ὑπὲρ
570 3742 661 3791 τοῦ
713 3733 976 3807 ὀνόματός
1036 3756 1153 3814 σου,
1210 3732 1383 3802 δεῖξον
1457 3734 1599 3811 μέγα
1652 3737 1850 3811 θαῦμα.

207 3824 317 3882 Καὶ
347 3824 686 3902 παραχρῆμα
728 3823 956 3890 ἀνῆλθεν
1004 3822 1154 3881 ἐλαία
1206 3822 1469 3904 ἄκαρπος,
1504 3822 1851 3892 στηλιτειίουο

204 3934 272 3971 σα
304 3913 403 3976 τὰς
434 3912 652 3991 γνώμας
680 3915 787 3970 τῶν
823 3916 1209 3994 Πανορμητῶν.

1953 1870 2023 1915 ac
2045 1851 2199 1914 vallo
2223 1852 2488 1932 undique
2509 1851 2898 1930 circumsepti
2928 1850 3170 1928 similis;
3196 1861 3374 1932 atque
3396 1851 3601 1915 alacri-

1955 1951 2046 2003 ter
2075 1960 2208 2004 cum
2241 1940 2597 2003 satellitibus
2627 1939 3039 2018 gradiebatur,
3057 1942 3292 2003 virtutis
3321 1942 3596 2023 pulchri-

1956 2031 2226 2093 tudinem
2262 2041 2468 2094 mente
2498 2038 2870 2112 pertractans
2901 2048 2917 2094 :
2951 2031 3238 2104 Primum,
3264 2032 3597 2115 inquit,pro

1955 2120 2326 2183 continentia
2353 2128 2660 2183 certamen
2712 2119 2977 2201 suscepi,
3013 2121 3333 2203 omnisque
3364 2121 3597 2203 impro-

1955 2210 2154 2271 bitatis
2174 2221 2477 2273 auctorem
2513 2208 3185 2284 diabolum,identidem
3222 2213 3456 2274 semina
3487 2229 3596 2273 vo-

1954 2301 2242 2379 luptatum
2303 2300 2507 2380 generi
2561 2299 2875 2362 hominum
2932 2299 3332 2378 ingerentem,
3393 2300 3508 2363 vici
3537 2309 3598 2364 et

1953 2389 2175 2451 calcavi
2233 2406 2339 2469 per
2371 2389 2617 2468 gratiam
2677 2387 2917 2450 Domini
2966 2389 3148 2449 nostri
3175 2388 3317 2452 Jesu
3347 2388 3591 2454 Christi.

1952 2478 2203 2554 Verum,
2238 2498 2271 2538 ο
2305 2478 2577 2557 improbe
2609 2487 2667 2540 et
2696 2476 2963 2541 veritatis
2983 2476 3254 2554 inimice,
3281 2497 3400 2541 non
3426 2478 3593 2542 vides

1949 2567 2209 2631 stadium
2246 2586 2441 2629 meum
2477 2586 2611 2630 esse
2653 2566 3019 2647 immortale,
3052 2567 3112 2628 in
3145 2586 3263 2648 quo
3293 2568 3597 2632 exsultant

1940 2659 2089 2739 justi
2125 2660 2346 2738 pariter
2376 2669 2436 2720 et
2479 2656 2704 2737 angeli,
2737 2656 3022 2738 quodque
3051 2655 3182 2737 ipse
3212 2666 3440 2737 spectat
3472 2659 3591 2720 im-

1948 2748 2217 2809 mortalis
2245 2748 2436 2810 Filius
2466 2748 2576 2811 Dei
2610 2745 2900 2809 Dominus
2927 2749 3104 2808 Jesus
3126 2746 3423 2822 Christus,
3447 2748 3586 2810 mil-

1948 2837 2104 2899 lenis
2137 2837 2489 2916 angelorum
2524 2834 2860 2915 legionibus
2919 2835 3152 2897 cinctus
3172 2832 3200 2887 ?
3227 2836 3301 2899 Et
3331 2836 3457 2899 hac
3485 2855 3588 2899 se-

1946 2944 2084 2989 cum
2117 2925 2245 3006 ipsa
2271 2925 2551 3007 loquens,
2588 2926 2876 3004 lacrymas
2906 2923 3223 2988 fundebat.

2029 3015 2272 3077 V.Inter
2302 3015 2561 3078 eundem
2593 3024 2792 3077 autem
2819 3012 3007 3076 calcei
3033 3018 3162 3094 ejus
3185 3014 3380 3078 soluta
3401 3016 3591 3079 corri-

1945 3106 2041 3186 gia
2070 3113 2182 3179 est,
2218 3124 2393 3186 quam
2426 3103 2582 3185 pede
2610 3122 2791 3184 super
2841 3101 3104 3185 lapidem
3138 3103 3331 3183 posito
3360 3106 3586 3169 astrin-

1944 3195 2028 3257 xit
2048 3194 2256 3275 (5).Ac
2280 3206 2412 3276 post
2432 3204 2664 3273 tergum
2703 3203 3076 3273 respectans,
3105 3195 3410 3256 neminem
3441 3195 3588 3259 vidit

1942 3293 2293 3366 sequentem
2329 3303 2400 3346 ex
2434 3282 2597 3345 omni
2632 3282 2849 3344 civium
2911 3300 3187 3359 numero,
3219 3284 3482 3347 virorum
3514 3304 3584 3349 ac

1943 3374 2288 3447 mulierum,
2326 3390 2456 3436 eam
2518 3371 2947 3434 deducentium
2982 3389 2997 3434 :
3030 3389 3240 3435 omnes
3270 3373 3494 3455 quippe
3514 3391 3584 3437 ea

1941 3463 2148 3525 relicta
2172 3463 2415 3525 domum
2435 3461 2767 3524 redierant.
2792 3458 2897 3522 [lla
2928 3478 3141 3539 magno
3171 3461 3381 3525 aﬂ‘ecta
3398 3481 3583 3527 sensu

1940 3551 2190 3630 doloris,
2227 3553 2308 3615 ita
2336 3551 2530 3614 Deum
2565 3558 2803 3631 precata
2834 3560 2928 3614 est
2961 3569 2975 3613 :
3012 3549 3267 3616 Domine
3296 3553 3578 3635 omnipo-

1938 3650 2351 3722 tens,propter
2381 3658 2489 3703 eos
2518 3642 2621 3721 qui
2652 3639 2889 3702 ancilla
2921 3646 3033 3703 tua
3066 3659 3171 3721 pro
3203 3640 3446 3705 nomine
3478 3650 3581 3706 tuo

1937 3741 2251 3795 certatura
2281 3730 2455 3794 ditﬁsi
2483 3740 2929 3809 sunt,magnum
2978 3731 3221 3813 aliquod
3277 3738 3578 3795 ostentum

1938 3820 2263 3885 exhibe.Et
2282 3820 2481 3884 subito
2505 3829 2750 3884 exortus
2770 3828 2863 3881 est
2884 3820 3142 3883 oleaster
3166 3821 3248 3903 (4)
3269 3819 3576 3902 ingenium

1935 3929 2003 3975 ac
2036 3931 2279 3974 sensum
2303 3920 2516 3974 notans
2546 3909 3133 3975 Panormitanorum.

1711 4080 1952 4146 CAPUT
1996 4081 2069 4146 li.

898 4216 964 4282 S.
1019 4217 1275 4299 Agat/rw
1331 4219 1702 4293 constantia,
1759 4216 2083 4281 blanditiis
2138 4221 2576 4296 tormentisque
2633 4218 2895 4279 tentata.

284 4338 388 4414 ς’,
441 4337 786 4406 Εἷσελθούσης
840 4336 896 4395 δὲ
958 4338 1121 4406 αὕτης
1168 4338 1222 4395 ὲν
1288 4348 1528 4416 Κατανῃ,
1583 4338 1843 4397 ἑκευλεσεπ

2022 4336 2461 4417 VI.Ingressam
2477 4336 2600 4417 jam
2622 4335 2683 4397 in
2705 4334 2917 4398 urbem
2935 4334 3212 4400 Catenam
3231 4336 3412 4417 jussit
3430 4356 3576 4418 pra-

212 4430 375 4497 αὐτὴν
418 4430 446 4484 ὁ
487 4429 710 4507 ἡγεμὼν
766 4427 1126 4505 παραδοθῆναι
1183 4426 1551 4506 οἰκοδεσποίνῃ
1625 4430 1845 4503 ὀνόμάτι

212 4514 534 4596 Ἀφροδισία,
596 4515 715 4584 ἥτις
775 4518 938 4599 εἶχεν
992 4517 1282 4596 θυγατέρας
1355 4517 1479 4584 νέας
1534 4518 1629 4577 ’ίνα
1671 4540 1843 4597 προσ-

212 4605 552 4677 πλανήσωσιδ
589 4606 750 4675 αὐτὴν
780 4604 866 4663 διὰ
906 4606 1188 4671 κολακείας
1242 4606 1454 4683 τρόπων
1507 4611 1595 4666 καὶ
1640 4608 1842 4690 λόγων,

214 4697 296 4752 καὶ
361 4694 625 4763 ἆλλαίξωσι
683 4696 784 4763 τὴν
864 4694 1100 4755 διάνοιαν
1156 4698 1344 4771 αὐτῆς,
1420 4699 1509 4756 καὶ
1564 4702 1845 4758 πεισθεῖσα

213 4785 356 4841 θᾶσαι
398 4798 513 4851 τοῖς
573 4784 837 4861 εἰδώλοις,
901 4785 992 4842 καί
1051 4808 1178 4843 ποτε
1237 4787 1336 4862 μὲν
1380 4788 1591 4863 μεγάλα
1629 4787 1843 4867 φιλοτι-

285 4921 364 4989 (⁴)
390 4918 602 4977 Scribit
654 4921 1033 4991 Augustinus~
1070 4918 1324 4989 lnveges,
1372 4919 1517 4977 duas
1557 4935 1684 4979 esse
1736 4922 1845 4979 Pa-

214 4992 394 5065 nortni
425 4992 698 5049 ecclesias
734 4989 818 5065 is.
871 4989 1101 5065 Agatha
1140 4991 1357 5065 bonori
1417 4992 1659 5065 dicatas,
1698 5006 1843 5065 quas

219 5062 362 5136 vulgi
396 5072 624 5133 recepta
654 5063 1003 5119 existimatio
1033 5063 1201 5120 tradit
1236 5062 1397 5136 bina
1434 5064 1594 5121 illius
1635 5062 1839 5136 palatia

217 5133 406 5208 fuisse.
429 5149 611 5192 unum
644 5143 833 5191 tamen
858 5148 927 5190 eo
959 5147 1214 5208 tempore
1232 5134 1289 5191 in
1314 5133 1841 5208 nrbe,inpoinario

221 5202 449 5276 alterum
487 5223 499 5257 :
536 5218 693 5261 nunc
732 5213 977 5276 utraque
1000 5202 1149 5263 intra
1185 5220 1386 5264 muros
1410 5202 1518 5264 est.

289 5275 364 5344 (2)
387 5275 542 5333 Idem
577 5275 1136 5344 llcrvetus,’tusiore
1164 5276 1423 5335 fortassis
1472 5292 1614 5336 usus
1643 5293 1842 5336 exem-

227 5345 363 5424 plari
397 5368 409 5401 :
446 5366 468 5400 ι
498 5347 605 5404 Sed
638 5348 865 5424 festina.
896 5358 950 5404 et
989 5348 1160 5424 vince
1191 5348 1563 5424 d_i_a_b_olum_et
1585 5351 1837 5424 ejus_mi-_

226 5419 453 5477 nistrum
486 5419 819 5494 praesidem,
856 5432 929 5475 ne
976 5418 1189 5494 dicat:
1221 5419 1327 5478 Ubi
1380 5431 1464 5478 est
1492 5418 1647 5479 Deu's
1677 5422 1846 5494 ejus?

227 5489 864 5562 tanquam‘sacriﬂcium
905 5501 962 5547 et
980 5490 1335 5549 oblationem
1370 5506 1528 5550 meas
1550 5489 1842 5562 accipiens

231 5557 495 5635 lacrymns
535 5564 591 5618 in
623 5561 813 5635 ‘odore
832 5564 1144 5635 suavitatis
1177 5576 1191 5619 :
1223 5563 1495 5635 quoniam
1526 5570 1585 5621 tu
1610 5557 1842 5623 es'Deus

230 5631 393 5699 solus,
427 5641 484 5690 et
522 5642 576 5690 te
607 5631 771 5691 decet
792 5632 975 5706 gloria
1010 5635 1070 5693 in
1103 5631 1330 5693 saecula.
1365 5635 1571 5694 Amen.

1929 4446 2026 4492 ses
2050 4424 2483 4491 matril'amilias
2513 4423 2749 4487 cuidam
2778 4425 2952 4499 tradi,
2989 4425 3236 4488 nomine
3259 4426 3571 4508 Aphrodi-

1929 4518 2035 4581 sia
2066 4517 2322 4599 (5),qua
2352 4515 2830 4578 adolescentulas
2861 4514 3127 4578 habebat
3156 4515 3405 4591 tilias,ut
3436 4534 3570 4579 ver-

1928 4605 2141 4671 borum
2175 4624 2531 4688 morumque
2561 4604 2879 4667 lenociniis
2912 4611 2970 4666 in
3000 4612 3404 4669 transversum
3438 4624 3571 4670 eam

1927 4697 2413 4780 impellerent,ac
2437 4702 2701 4758 mentem
2725 4695 2854 4776 ejus
2872 4694 3472 4777 immutarent,atque
3493 4696 3569 4758 ad

1926 4786 2383 4851 sacriﬁcandum
2417 4783 2594 4848 idolis
2626 4783 3004 4849 inducerent.
3054 4783 3128 4846 Et
3180 4786 3273 4847 ha
3321 4783 3566 4866 quidem

1999 4920 2076 4993 (3)
2103 4924 2345 4995 lnveges
2376 4921 2608 4995 scribit
2653 4922 3025 4995 praeessisse
3070 4921 3377 4995 Agatbam,
3410 4922 3567 4993 quod

1924 4990 2269 5065 indecorum
2299 4990 2671 5057 videretur.si
2684 4991 2875 5065 puella
2902 5006 3098 5052 coram
3126 4990 3414 5052 militibus
3428 4990 3563 5052 cor-

1928 5064 2131 5136 rtgiam
2152 5064 2342 5137 calcei
2379 5064 2744 5137 astringeret.

1995 5138 2075 5207 (4)
2134 5136 2270 5195 Olea
2323 5135 2700 5195 infructuosa.
2746 5135 3082 5196 OStenditur
3141 5137 3469 5196 etiamnum
3501 5136 3562 5196 in

1923 5207 2091 5267 horto
2129 5208 2300 5266 dicta
2338 5208 2616 5274 ecclesia,
2664 5211 2745 5268 uti
2803 5215 2969 5266 antea
2999 5222 3072 5267 ex
3106 5207 3318 5280 Invege
3357 5208 3562 5268 retuli-

1922 5293 2073 5337 mus.

1996 5354 2081 5424 (5),
2106 5350 2372 5424 Quidam.
2405 5348 2742 5424 utlnveges
2774 5350 3294 5424 scribit,Yene_ret_n
3330 5359 3559 5420 vocant;

1924 5431 1980 5481 et
2013 5422 2182 5479 vilem
2208 5438 2274 5480 ac
2300 5421 2590 5493 plebeiam
2623 5421 2849 5488 a'lii.alii
2876 5423 3132 5481 nobilem
3154 5422 3395 5486 faciunt;
3432 5437 3565 5479 om-

1925 5509 2029 5551 nes
2086 5497 2199 5551 vita
2254 5493 2664 5566 turpissimam.
2727 5494 3145 5552 Existimantur
3183 5493 3310 5564 eius
3359 5493 3559 5566 palatii

1927 5580 2053 5624 esse
2083 5578 2213 5638 qua
2272 5564 2494 5622 Catena
2532 5577 2853 5638 cernuntur
2883 5567 3086 5638 ruina,
3122 5564 3560 5630 armamentarii

1929 5634 2118 5700 muris
2148 5641 2578 5715 coagmentata.
2602 5634 2819 5700 Incerta
2850 5637 3206 5711 conjectura.
