3932 6140
163 298 201 362 1
218 296 358 364 337
1347 295 1533 361 VITA
1578 294 1640 359 S.
1685 292 1877 357 AGA']

2071 291 2346 356 VIRGIN
2355 291 2442 353 IS.
3429 278 3580 350 1338

163 429 616 510 μεταστρέφετε,
697 429 772 487 ὧν
862 426 924 486 τὰ
1012 426 1294 506 μαρμάρεα
1352 429 1441 484 καὶ
1494 425 1877 505 γυψὸπλασται

2031 435 2251 488 tmenta
2308 422 2755 505 transmutatis;
2794 441 3043 506 quorum
3104 439 3136 484 ο
3187 428 3578 485 ωειτηιοι-θθι

162 522 466 600 πρόσωπα
510 526 917 600 περιχρυσοῦτε.
994 521 1281 583 Κυντιανὸς
1337 518 1464 575 εἷπε
1500 533 1514 547 ⁸
1574 517 1846 583 Ἐπίλεξαι

2031 536 2109 579 »εο
2171 516 2518 579 ell'ormatos
2581 514 2777 576 vultus
2862 513 3168 576 inauratis.
3224 510 3578 584 Quintianus

169 616 404 687 σεαυτῇ
434 609 697 687 λογισμὸν
732 610 952 689 ἀγαθὸν,
986 610 1073 667 καὶ
1134 612 1418 665 πεισθεῖσα
1460 608 1612 666 θῦσόν
1643 621 1658 638 ⁵
1706 609 1750 663 εί
1793 604 1849 661 δὲ

2038 607 2084 669 it
2116 625 2129 669 :
2162 606 2392 669 Bonum
2446 605 2667 667 adhibe
2719 603 2821 665 tibi
2857 604 2971 684 ipsi
3004 603 3350 674 consilium,
3386 610 3444 663 et
3477 618 3578 662 sa-

233 702 301 775 ὴ,
362 699 642 780 διαφόροις
703 699 956 776 βασάνοις
1015 701 1152 775 μετὰ
1216 702 1323 755 τῶν
1368 697 1665 755 καταδίκων
1708 699 1847 753 ὑπο-

2031 697 2159 758 lica.
2220 694 2291 757 Ni
2351 696 2592 770 feceris,
2655 694 2852 755 varios
2904 693 3137 754 subibis
3170 711 3302 754 cum
3337 707 3577 752 reorum

176 792 383 867 στήσῃ
426 792 514 845 καὶ
572 787 825 869 ἒνυϐρίσει
867 792 930 848 τὸ
974 787 1181 864 ἀξίωμα
1250 788 1347 857 τῆς
1405 790 1712 867 συγγενείας
1758 810 1849 844 σου

2034 785 2107 847 ba
2138 786 2441 847 cruciatus
2471 803 2764 865 ;cumque
2793 783 3183 864 amplissimae
3211 789 3325 843 tua:
3354 798 3577 861 cogna-

179 882 300 938 καὶ
334 878 648 936 τελευταῖον
703 883 986 936 πεισθεῖσα
1043 880 1214 945 θύσεις
1264 891 1381 943 τοῖς
1430 877 1852 955 παντοκράτορσι

2031 874 2085 936 ni
2113 874 2334 938 fnstlam
2369 873 2659 935 inusseris
2684 872 3157 953 notam,demum
3179 870 3391 932 dolore
3413 888 3582 932 coac-

182 973 379 1034 θεοῖς.
428 968 632 1048 Ἀγοὶθῃ
661 982 816 1026 εἶπεν
850 989 864 1004 ⁸
900 969 1084 1028 ’Ἔστω
1127 971 1201 1031 ὠς
1235 966 1514 1048 Ἀφροδίτη
1558 970 1594 1036 ἡ
1625 969 1717 1025 θεά
1761 988 1853 1024 σου

2031 960 2387 1025 sacrificabis
2416 961 2929 1043 omnipotentibus
2961 961 3098 1023 diis.
3128 960 3359 1039 Agatha
3388 959 3535 1021 dixit
3561 979 3575 1021 :

186 1060 233 1127 ἡ
299 1057 439 1138 γυνά
500 1081 595 1116 σου
646 1061 735 1115 καὶ
787 1060 849 1115 σὺ
907 1059 1063 1138 γένοῦ
1119 1063 1191 1125 ὡς
1243 1061 1269 1115 ὁ
1331 1059 1455 1123 Ζεύς
1502 1060 1528 1115 ὁ
1570 1058 1687 1121 θεός
1732 1079 1850 1120 σου,

2031 1062 2071 1115 tt
2100 1072 2248 1115 uxor
2279 1062 2376 1114 tua
2411 1053 2488 1133 (8)
2521 1060 2583 1113 ut
2641 1054 2848 1113 Venus
2902 1051 3014 1113 dea
3049 1061 3174 1125 tua,
3208 1059 3391 1130 tuque
3419 1049 3580 1112 Jovis

197 1150 501 1211 Κυντιανὸς
546 1146 601 1203 δὲ
661 1157 824 1208 ταῦτα
891 1149 1123 1212 ἀκούσας
1183 1148 1456 1206 ἐκέλευσεν
1503 1149 1669 1215 αὐτὴν
1715 1144 1850 1224 ῥαϐ-

195 1236 461 1317 δίζεσθαι,
551 1237 721 1316 λέγων
756 1259 768 1272 ”
829 1237 1017 1317 ’Ὕϐριν
1101 1241 1175 1314 τῷ
1248 1239 1470 1318 ἄρχοντι
1533 1237 1852 1316 ὅπερηφάνῳ

196 1334 439 1405 στόματι
493 1329 570 1403 μὴ
615 1328 852 1408 επίφερε.
889 1329 1093 1406 Ἀγάθη
1120 1329 1277 1385 εἶπεν
1314 1345 1326 1358 ”
1364 1329 1466 1390 Οἷς
1510 1328 1674 1391 εἶπας
1705 1329 1850 1388 θεοῖς

201 1439 306 1474 σου
367 1421 530 1493 εἶναι,
582 1419 868 1496 σύμψηφος
914 1420 999 1474 καὶ
1049 1419 1362 1493 συναριθμος
1396 1418 1454 1474 οὐ
1487 1416 1663 1493 βούλει
1695 1415 1851 1494 γενέ-

198 1509 380 1584 σθαι;
456 1511 739 1573 Κυντιανὸς
814 1509 971 1565 εἶπεν
1008 1529 1019 1541 -
1091 1506 1267 1574 Δῆλόν
1329 1508 1441 1564 ἐστι
1486 1517 1666 1580 τοῦτο,
1715 1508 1853 1563 ὥστε

202 1596 479 1654 πλείστων
525 1599 773 1674 βασάνων
807 1598 929 1676 ἐρᾷν
982 1598 1411 1677 προτρεπόμενον
1468 1597 1563 1674 ἐμὲ
1608 1596 1691 1654 διὰ
1747 1603 1853 1653 τῶν

203 1694 319 1745 σῶν
349 1686 546 1767 ὕϐρεων
609 1690 681 1753 εἰς
723 1688 879 1745 τοῦτὸ
939 1687 1139 1750 ἐλθεῖν,
1187 1686 1392 1766 Ἀγαθη
1438 1688 1595 1745 εἶπεν
1629 1706 1645 1724 ·
1710 1694 1853 1743 Θαυ-

551 1237 721 1316 λέγιυν
756 1259 768 1272 ”

1935 1143 2033 1205 dei
2069 1143 2155 1206 tui
2192 1142 2410 1203 similis
2442 1142 2680 1205 evadas.
2717 1140 2858 1213 Quae
2889 1160 3023 1204 cum
3075 1140 3341 1201 audisset
3392 1139 3579 1212 Quin-

1937 1232 2156 1307 tianus,
2188 1232 2335 1294 caedi
2366 1250 2494 1293 eam
2534 1231 2708 1310 virgis
2742 1233 2995 1311 imperat
3024 1231 3230 1292 dicens
3267 1248 3280 1292 :
3316 1228 3402 1290 Ne
3436 1247 3580 1309 prae-

1935 1322 2049 1384 sidi
2085 1321 2509 1385 contumeliam
2544 1340 2648 1383 ore
2680 1320 2985 1400 arroganti
3017 1319 3318 1383 intuleris.
3349 1320 3581 1398 Agatha

1937 1411 2088 1474 dixit
2119 1432 2134 1473 :
2194 1411 2352 1484 Quos
2401 1411 2546 1473 deos
2602 1420 2733 1472 tuos
2767 1429 2897 1472 esse
2927 1410 3151 1483 dixisti,
3182 1426 3388 1472 eorum
3425 1418 3487 1470 tu
3523 1416 3581 1470 te

1938 1502 1997 1563 in
2032 1510 2193 1564 sorte
2222 1520 2291 1562 ac
2326 1519 2579 1563 numero
2612 1519 2747 1563 esse
2770 1499 2971 1563 nolis?
3002 1500 3359 1574 Quintianus
3388 1499 3536 1561 dixit
3562 1519 3577 1559 :

1938 1591 2312 1653 Manifestum
2342 1600 2454 1667 est,
2485 1600 2540 1652 te
2573 1590 2746 1673 plura
2777 1600 3066 1672 appetere
3099 1598 3418 1669 tormenta,
3447 1606 3582 1669 quas

1941 1699 2036 1743 me
2068 1689 2152 1743 tot
2182 1681 2424 1761 injuriis
2455 1692 2518 1742 ut
2547 1682 2619 1743 ad
2655 1700 2728 1742 ea
2759 1680 3081 1762 procedam
3110 1679 3583 1758 incitasAgatha

208 1777 368 1853 μάξω
413 1799 472 1833 σε
532 1776 806 1855 ἄνθρωπον
850 1777 1105 1857 φρόνιμον
1163 1775 1290 1834 ὄντα
1337 1779 1424 1833 καὶ
1473 1779 1546 1842 εἰς
1576 1776 1854 1833 ἀσυνεσίαν

2031 1774 2089 1833 λίι
2122 1789 2135 1834 :
2170 1771 2351 1833 Miror
2383 1780 2462 1841 te,
2496 1770 2853 1852 prudentem
2886 1771 3108 1851 alioqui
3140 1770 3472 1857 hominem,
3510 1784 3581 1828 eo

202 1867 464 1933 τοιαύτην
509 1867 940 1939 καταντήσαντα,
996 1865 1134 1923 ὥστε
1188 1867 1265 1941 μὴ
1316 1865 1488 1922 θέλειν
1548 1887 1606 1921 σε
1669 1865 1857 1940 ὅμοιον

206 1956 458 2034 γενέσθαι
501 1963 607 2012 τῶν
636 1955 770 2011 θεῶν
823 1977 918 2014 σου
962 1957 1054 2012 καὶ
1084 1956 1181 2024 τῆς
1212 1956 1417 2013 τούτων
1445 1955 1590 2027 ζωῆς
1622 1956 1859 2035 μέτοχον

208 2045 384 2108 εἶναι,
435 2047 493 2103 El
526 2044 614 2101 οὗν
648 2045 758 2101 θεοί
805 2066 899 2100 σου
957 2046 1259 2124 ὑπάρχουσι
1303 2049 1391 2102 καὶ
1438 2043 1612 2109 σέϐεις
1643 2046 1855 2119 αὐτοὺς,

204 2133 326 2192 ἰδοὺ
357 2134 601 2206 ηὐξάμην
639 2156 698 2190 σε
732 2152 745 2164 ·
798 2137 918 2197 Πῶς
972 2134 1061 2191 οὗν
1119 2133 1300 2212 λέγεις
1344 2132 1487 2213 ὕϐριν
1544 2136 1856 2212 εἰσαγαγεῖν

212 2246 340 2298 σου,
385 2223 478 2279 ἵνα
527 2224 705 2302 ὥσπερ
734 2225 769 2291 ἡ
800 2225 1016 2280 ἐκείνων
1049 2223 1162 2295 ζωή
1209 2225 1299 2280 καὶ
1341 2226 1375 2292 ἡ
1419 2224 1646 2301 ὑμετέρα
1689 2223 1857 2301 γένη-

208 2336 307 2369 ται
344 2333 359 2393 ς
406 2316 461 2371 Εἰ
506 2311 557 2368 δὲ
593 2311 882 2369 ἀποϐάλλει
917 2315 1007 2370 τὸν
1038 2312 1237 2392 κλῆρον
1268 2313 1480 2370 ἐκείνων
1524 2314 1612 2371 καὶ
1657 2314 1718 2369 σὺ
1766 2314 1858 2370 σὺν

211 2402 342 2478 ἐμοὶ
373 2402 635 2478 μυσαροὺς
663 2401 959 2465 ἀποκαλεῖς
993 2403 1199 2467 αὐτούς.

305 2481 387 2551 ιδ’.
430 2493 717 2556 Κυντιανὸς
758 2492 914 2549 εἶπεν
949 2508 964 2524 °
1026 2492 1085 2549 Τί
1133 2493 1349 2567 ῥήματα
1404 2493 1714 2573 ὑπερήφανα
1765 2492 1858 2549 λέο

214 2599 381 2661 γεις;
442 2582 472 2650 ἢ
515 2586 669 2639 θῦσον
715 2582 837 2647 τεῖς
881 2584 1052 2654 θεοῖς,
1098 2581 1135 2650 ἢ
1180 2581 1443 2647 ποικίλοις
1501 2606 1560 2640 σε
1608 2583 1860 2661 βασάνοις

218 2671 542 2750 παραδώσω.
604 2671 810 2750 Ἀγαθη
871 2671 1027 2728 εἶπεν
1062 2686 1076 2700 ·
1135 2670 1260 2728 Ἐάν
1319 2695 1413 2746 μοι
1474 2674 1631 2751 θηρία
1690 2696 1861 2751 προσ-

217 2762 458 2841 αγάγῃς,
506 2761 810 2818 ἀκούσαντα
868 2763 930 2818 τὸ
980 2759 1150 2837 ὄνομα
1195 2768 1287 2818 τοό
1316 2769 1540 2839 Χριστοῦ
1568 2764 1856 2836 ἡμερωθή-

217 2872 405 2908 σονται
443 2867 457 2881 ⁸
545 2854 589 2907 εἰ
663 2849 719 2907 δὲ
780 2857 883 2929 πῦρ
941 2849 1312 2930 προσαγάγῃς,
1348 2850 1567 2929 ἄγγελοι
1638 2851 1699 2910 ἐκ
1754 2859 1861 2909 τῶν

224 2940 481 3018 οὐρανίων
551 2939 883 3019 χορηγοῦσίν
950 2962 1041 3012 μοι
1091 2937 1299 3018 δρόσον.
1358 2939 1484 2999 Ἐὰν
1538 2941 1593 2998 δὲ
1649 2941 1862 3019 πληγὰς

217 3031 312 3088 καὶ
356 3030 644 3110 μάστιγας,
677 3027 796 3109 ἔχω
828 3030 888 3085 τὸ
935 3035 1151 3104 Πνεῦμα
1182 3029 1277 3097 τῆς
1312 3030 1564 3097 ἀληθείας
1598 3030 1626 3087 ὅ
1656 3053 1723 3108 με
1766 3033 1861 3110 ῥύ-

1942 1860 2262 1922 devenisse
2293 1860 2569 1936 insanias,
2596 1868 2657 1920 ut
2688 1860 2841 1921 nolis
2872 1859 2989 1920 diis
3020 1858 3137 1921 tuis
3159 1859 3372 1920 similis
3401 1856 3579 1932 efﬁci,

1941 1966 2274 2031 eorumque
2298 1950 2430 2011 vitm
2452 1950 2759 2011 consortio
2782 1949 3080 2012 frui.Nam
3113 1949 3163 2011 si
3194 1948 3280 2010 dii
3308 1948 3388 2009 tui
3418 1954 3580 2019 sunt,

1942 2059 2167 2121 eosque
2197 2041 2531 2120 veneraris,
2566 2059 2699 2101 cum
2729 2049 2968 2120 precata
2996 2039 3134 2119 sim,
3166 2047 3230 2099 ut
3261 2036 3453 2119 qualis
3485 2054 3586 2098 eo-

1940 2149 2071 2192 rum
2106 2140 2218 2205 est,
2257 2141 2314 2191 et
2350 2140 2448 2192 tua
2480 2138 2641 2191 esset
2671 2131 2811 2206 vita,
2845 2150 2959 2211 qua
3014 2128 3250 2191 ratione
3281 2128 3581 2206 interpre-

1944 2221 2084 2283 taris
2118 2240 2214 2283 me
2248 2221 2348 2281 tibi
2384 2220 2663 2300 injuriam
2694 2221 2959 2298 irrogare
2993 2220 3251 2287 voluisse
3280 2223 3307 2280 ?
3336 2217 3440 2278 Sin
3472 2234 3581 2277 eo-

1940 2329 2072 2373 rum
2102 2312 2339 2390 respuis
2396 2310 2830 2386 conditionem,
2870 2319 2927 2371 et
2983 2318 3044 2371 tu
3077 2327 3310 2371 mecum
3343 2303 3580 2367 abomi-

1943 2402 2172 2464 nandos
2202 2420 2306 2464 eos
2335 2401 2622 2481 appellas.

2026 2491 2497 2565 lX.Quintianus
2519 2491 2670 2553 dixit
2694 2509 2707 2554 ε
2732 2489 3025 2563 Quorsum
3050 2489 3381 2550 insolentes
3396 2486 3587 2568 jactas

1947 2582 2163 2645 voces?
2187 2594 2289 2645 aut
2313 2581 2429 2642 diis
2450 2580 2743 2656 sacrifica,
2778 2590 2877 2641 aut
2903 2580 3155 2641 diversis
3189 2591 3245 2639 te
3276 2574 3586 2656 suppliciis

1946 2674 2184 2735 dedam.
2216 2672 2451 2750 Agatba
2485 2670 2631 2730 dixit
2666 2692 2679 2734 :
2713 2669 2778 2731 Si
2809 2670 2964 2732 feras
3015 2670 3076 2730 in
3110 2688 3204 2731 me
3235 2665 3584 2740 immiseris,

1946 2763 2149 2826 audito
2172 2760 2389 2824 Christi
2418 2760 2660 2821 nomine
2680 2768 3099 2821 mansuescent
3132 2782 3145 2817 :
3175 2760 3372 2837 ignem
3393 2763 3439 2816 si
3473 2755 3584 2816 atl-

1948 2852 2432 2922 moveris,rorem
2462 2848 2607 2910 mihi
2633 2869 2663 2908 e
2686 2850 2853 2910 coelis
2874 2849 3068 2927 angeli
3091 2843 3584 2927 suppeditabunt;

1947 2941 1998 3001 si
2023 2942 2206 3020 ﬂagra
2232 2940 2523 3001 inﬂixeris
2547 2958 2614 3000 ac
2640 2939 2862 3018 plagas,
2890 2940 3081 3000 habeo
3108 2938 3391 3017 Spiritum
3424 2931 3586 2995 veri-

1948 3030 2106 3105 tatis,
2130 3029 2231 3110 qui
2266 3048 2360 3090 me
2392 3048 2424 3090 e
2458 3029 2570 3090 tuis
2603 3029 2878 3090 manibus
2905 3027 3383 3090 liberabit.Tunc
3406 3028 3587 3104 caput

222 3141 373 3176 σεται
415 3118 474 3175 ἐκ
515 3125 623 3177 τῶν
667 3125 866 3199 χειρῶν
939 3116 1052 3180 σου.
1115 3120 1246 3176 Τότε
1293 3124 1574 3188 Κυντιανὸς
1631 3124 1863 3193 κινήσας

2031 3120 2234 3180 .atiens
2265 3119 2628 3191 Quintianus
2648 3119 2828 3197 jussit
2856 3137 2988 3179 eam
3012 3118 3073 3178 in
3106 3116 3427 3178 obscurum
3454 3130 3589 3174 car-

220 3210 325 3276 τὴν
378 3210 616 3288 κεφαλὴν
672 3208 951 3266 ἐκέλευσεν
994 3209 1360 3288 ἀπενεχθῆναι
1408 3212 1572 3278 αὐτὴν
1634 3210 1688 3267 ἐν
1732 3234 1866 3268 σκο-

2031 3228 2143 3270 rem
2169 3212 2677 3276 abstrahi,dicens:
2701 3211 3009 3269 Considera
3033 3211 3203 3267 etiam
3227 3220 3398 3280 atque
3422 3209 3592 3263 etiam

222 3305 376 3376 τεινῇ
434 3298 668 3379 φυλακῇ,
742 3298 915 3377 λέγων
949 3314 965 3329 ⁸
1041 3298 1366 3373 Σκεψαμένη
1456 3297 1575 3356 καθ’
1646 3301 1865 3374 ἑαυτὴν,

226 3387 460 3466 Ἀγάθη,
505 3390 839 3463 μετανόησον
894 3387 1041 3451 ὅπως
1099 3386 1326 3464 δυνηθῇς
1362 3388 1615 3468 ἐκφυγεῖν
1659 3390 1726 3446 τὰ
1768 3391 1869 3467 βα·-

228 3478 544 3557 σανιστήριοί
591 3500 714 3553 μου.
781 3477 985 3554 Ἀγάθη
1045 3480 1199 3533 εἶπεν
1234 3496 1248 3511 ·
1297 3478 1465 3541 Αὐτὸς
1511 3481 1870 3553 μετανόησον,

227 3567 323 3623 ’ἕνα
363 3566 587 3644 δυνηθῇς
643 3568 894 3646 ἐκφυγεῖν
954 3568 1052 3634 τὴν
1117 3567 1331 3623 αἰώνιον
1388 3565 1632 3624 κόλασιν.
1694 3568 1873 3647 Ὀργιο

231 3661 368 3721 σθεὶς
418 3656 472 3714 δὲ
524 3657 647 3715 τότε
719 3660 746 3713 ὁ
798 3658 1108 3729 Κυντιανὸς,
1169 3654 1444 3712 ἐκέλευσεν
1506 3657 1669 3724 αὐτὴν
1716 3659 1871 3733 σύρε-

233 3751 352 3804 σθαι
385 3747 438 3803 ἐν
495 3753 564 3824 τῇ
617 3745 851 3827 φυλακῇ.
889 3738 952 3802 Ἠ
998 3744 1051 3801 δὲ
1092 3746 1217 3824 ἁγία
1275 3745 1479 3822 Ἀγάθη
1525 3747 1662 3821 μετὰ
1715 3746 1873 3804 πλεί-

233 3859 366 3903 στης
424 3843 600 3917 χαρᾶς
660 3835 903 3902 εἰσῆλθεν
965 3835 1019 3891 ἐν
1081 3841 1150 3910 τῇ
1220 3837 1455 3914 φυλακῇ,
1518 3834 1611 3901 καί
1671 3839 1745 3900 ὡς
1800 3840 1872 3902 εἱς

1952 3298 2109 3379 apud
2141 3306 2222 3373 te,
2258 3296 2503 3376 Agatha,
2547 3297 2755 3372 tuique
2790 3307 2846 3359 te
2878 3297 3184 3377 paeniteat,
3221 3303 3286 3356 ut
3318 3312 3448 3355 mea
3479 3292 3591 3354 de-

1958 3388 2189 3450 clinare
2220 3397 2517 3448 tormenta
2547 3386 2765 3449 valeas.
2818 3388 3045 3465 Agatha
3072 3385 3220 3448 dixit
3260 3403 3274 3446 :
3306 3383 3592 3463 Teipsum

1951 3479 2249 3541 factorum
2279 3487 2513 3539 tuorum
2547 3479 2920 3557 pmniteat,nt
2942 3485 3198 3538 aeternos
3219 3476 3433 3536 evadas
3454 3490 3595 3533 cru-

1956 3569 2337 3630 ciatus.'l‘unc
2365 3567 2764 3627 inﬂammatus
2787 3573 2874 3627 ira
2896 3562 3449 3644 Quintianusjussit
3494 3562 3597 3640 10)

1957 3676 2087 3719 eam
2114 3656 2268 3718 trahi
2292 3662 2348 3717 in
2376 3656 2731 3719 custodiam.
2768 3657 2837 3717 At
2860 3655 2924 3719 S.
2951 3654 3176 3733 Agatha
3208 3672 3420 3733 magno
3453 3671 3596 3733 per-

1958 3747 2091 3809 fusa
2113 3764 2294 3809 sensu
2315 3745 2722 3827 voluptatis,et
2739 3746 2918 3807 veluti
2942 3745 3207 3824 gestiens
3230 3763 3351 3824 prae
3371 3742 3595 3816 laetitia,

1962 3836 2246 3916 precibus
2274 3846 2582 3897 certamen
2612 3853 2783 3897 suum
2813 3835 3068 3897 Domino
3109 3831 3595 3898 commendabat.

234 3929 548 4006 εὐφροσύνην
579 3924 965 4005 ἆγαλλιωμένη
997 3925 1089 3981 τὸν
1120 3925 1303 4003 ἆγώνα
1332 3926 1496 3992 αὐτῆς
1541 3927 1660 4002 μετ’
1691 3930 1867 4006 εὐχῶν
1898 3927 2205 4005 παρετίθετο
2232 3931 2310 4000 τῷ
2356 3928 2548 4006 Κυρίῳ.

1720 4057 1965 4124 CAPUT
2008 4058 2110 4123 Ill.

629 4165 693 4231 S.
743 4164 1013 4248 Agathaz,
1059 4173 1195 4247 post
1224 4170 1428 4228 varios
1459 4167 1796 4243 cruciatus,
1830 4165 2095 4230 abscissa
2139 4166 2442 4241 mamilla,
2475 4186 2511 4228 a
2543 4166 2606 4230 S.
2641 4166 2823 4229 Petro
2850 4172 3200 4247 persanata.

318 4291 380 4363 l'.
426 4307 507 4377 Τῇ
563 4300 618 4357 δὲ
691 4300 916 4377 ἐπιούσῃ
995 4300 1172 4379 ἡμέρᾳ
1244 4302 1271 4356 ὁ
1330 4298 1526 4367 ἀσεϐὴς
1592 4302 1877 4364 Κυντιανὸς

2042 4303 2119 4364 Χ.
2151 4299 2444 4376 Sequenti
2468 4318 2607 4360 vero
2640 4299 2739 4360 die
2770 4301 2985 4379 impius
3019 4298 3375 4371 Quintianus
3397 4312 3600 4357 coram

236 4391 509 4449 ἒκέλευσεν
567 4391 732 4459 αὐτην
798 4396 876 4463 τῷ
956 4392 1162 4467 βήματι
1221 4390 1582 4469 παραστῆναι,
1655 4389 1828 4467 λέγων
1860 4406 1875 4423 ⁸

244 4481 489 4556 Ἐσιιὲψω
531 4483 651 4559 περὶ
711 4481 810 4546 τῆς
876 4484 1140 4556 σωτηρίας
1186 4501 1279 4535 σου
1316 4494 1329 4509 ·
1381 4471 1445 4535 Ἠ
1495 4480 1620 4555 ἁγία
1674 4477 1878 4555 Ἀγάθη

240 4575 394 4628 εἶπεν
427 4587 441 4601 ⁵
493 4560 557 4626 Ἠ
608 4573 847 4646 σωτηρία
896 4592 996 4643 μου
1028 4572 1055 4624 ὁ
1101 4574 1325 4645 Χριστός
1369 4569 1540 4631 ἐστιν,
1591 4572 1877 4632 Κυντιανὸς

314 4703 391 4771 (8)
414 4701 636 4772 Negant
660 4699 758 4756 alii
779 4700 1162 4768 Quintianum
1189 4713 1428 4755 uxorem
1455 4698 1749 4755 habuisse:
1776 4714 1883 4756 cur

248 4772 525 4844 alioquin,
558 4784 740 4833 aiunt,
776 4774 1060 4843 Agatham
1096 4783 1240 4826 esset
1277 4783 1567 4844 precatus,
1602 4787 1733 4827 cum
1780 4787 1883 4841 po-

247 4842 488 4917 lygainia
526 4845 807 4917 Romanis
840 4842 979 4917 non
1001 4842 1456 4917 permitteretur?
1480 4848 1538 4895 At
1578 4858 1689 4898 uon
1717 4858 1883 4917 cons-

249 4914 349 4983 tat,
385 4915 630 4973 voluisse
659 4916 777 4986 sibi
819 4914 1101 4982 Agatham
1146 4914 1401 4982 legitimo
1434 4917 1726 4970 Cunnubio
1750 4914 1879 4986 jun-

253 5002 382 5058 gere
420 5004 430 5041 :
464 4998 517 5042 et
560 4998 721 5058 erant
764 4984 1038 5040 Romanis
1073 4994 1449 5058 tts'titarepu
1501 4988 1570 5038 ia.

321 5058 395 5125 (9)
422 5057 615 5113 Exatat
642 5056 701 5112 in
731 5069 1070 5117 etiamnum.
1103 5063 1167 5110 ut
1189 5070 1255 5110 ex
1282 5056 1514 5111 Cartvra
1543 5070 1634 5110 μιν
1659 5056 1736 5110 bit
1780 5055 1883 5110 In-

252 5144 436 5198 veges,
466 5129 563 5182 SPd
598 5129 656 5184 in
715 5143 825 5183 Sacr
851 5128 987 5182 llum
1020 5136 1270 5181 mutatus
1326 5128 1505 5181 Janus
1542 5137 1723 5190 Vetus,
1761 5143 1883 5197 quae

253 5201 410 5257 occid
452 5213 604 5259 mem
650 5202 965 5267 spectabat,
1017 5201 1355 5264 obsint-ta;
1398 5214 1541 5252 nova
1583 5208 1775 5266 Opt'l'h
1814 5202 1883 5254 ad

253 5271 579 5335 meridiem,
611 5287 720 5337 qua
758 5286 811 5325 tn
850 5276 1119 5339 temptum
1146 5273 1257 5325 itur
1283 5286 1371 5324 cui
1395 5269 1660 5340 junctum
1696 5272 1877 5325 Sacel'r

257 5344 389 5398 lum.
434 5344 493 5397 ln
538 5348 644 5397 hnc
677 5342 927 5413 quotidie.
989 5355 1178 5396 missae
1213 5342 1400 5396 S‘iCtlﬂ
1445 5357 1560 5394 mm
1590 5340 1875 5413 offertur:

254 5416 576 5483 ptmriptitts
606 5430 673 5468 eo
699 5428 1019 5469 concursus
1048 5414 1272 5479 piorum
1314 5413 1362 5463 ht
1394 5427 1445 5466 tn
1474 5426 1611 5467 num
1649 5412 1784 5466 ferta
1826 5416 1878 5479 Δ,

257 5499 379 5555 quae
397 5486 520 5555 ejus
550 5490 753 5540 honor:
779 5486 1150 5554 βειευιιθτιιμτ
1173 5484 1400 5538 Catenae
1421 5484 1491 5536 di.
1516 5494 1649 5555 ata:
1676 5494 1875 5555 quarta

258 5554 389 5628 toria
421 5554 704 5628 cujurque
729 5559 946 5628 menst
977 5556 1160 5628 prima
1192 5567 1505 5628 exponitur
1540 5554 1881 5613 solemniter

256 5627 460 5687 ibidem
494 5623 841 5686 Venerabilis
875 5623 1261 5686 Eucharistia.

1966 4390 2245 4451 tribunali
2268 4410 2376 4451 suo
2401 4390 2842 4469 astarejussam
2870 4391 2951 4451 ita
2991 4389 3349 4467 alloquitur:
3384 4387 3470 4448 De
3500 4404 3600 4448 sa-

1962 4478 2087 4539 lute
2116 4488 2214 4541 tua
2244 4480 2859 4559 cogitasti?S.Agatha
2882 4479 3195 4558 respondit
3220 4496 3233 4540 :
3267 4478 3438 4541 Salus
3470 4494 3599 4538 mea

1963 4568 2233 4631 Christus
2262 4580 2372 4630 est.
2411 4568 2767 4641 Quintianus
2797 4569 2947 4631 dixit
2980 4587 2993 4628 :
3030 4567 3267 4641 Infelix,
3313 4587 3493 4649 quem
3528 4566 3602 4628 ad

2036 4705 2148 4774 (10)
2188 4702 2461 4759 Protrusa
2502 4719 2527 4757 δ
2569 4702 2911 4759 truculentis
2952 4701 3258 4774 lictoribus
3295 4703 3605 4774 Agathamt

1964 4773 2180 4845 inpetu
2215 4776 2271 4830 in
2303 4786 2515 4830 terram
2548 4775 2949 4842 prolaberetur
2979 4777 3036 4829 in
3070 4774 3214 4829 duos
3247 4773 3466 4845 lapides
3495 4776 3607 4827 im-

1965 4844 2140 4917 pegit.
2174 4848 2271 4916 qui
2306 4849 2483 4903 instar
2513 4861 2653 4902 eetae
2680 4850 2996 4913 impressus
3016 4845 3188 4914 pedes
3212 4844 3603 4917 admiserunt,

1964 4916 2029 4973 ac
2066 4919 2285 4986 lapsum
2339 4920 2645 4977 stiterunt;
2710 4927 2762 4972 et
2813 4929 3133 4972 c--rnuntur
3173 4918 3492 4972 etiamnum
3546 4916 3603 4972 in

1968 4998 2025 5043 ut
2058 5005 2205 5058 nque
2235 5004 2501 5054 t‘XtIlt‘S‘t't
2540 4990 2770 5055 vestigia
2800 4988 2956 5053 pedis
2985 4988 3244 5041 cultu-uti.
3282 4987 3342 5041 Ην
3384 4986 3604 5053 lapides

1968 5076 2192 5124 smnpm
2224 5062 2257 5111 ll
2322 5059 2689 5114 Vt‘llt’rtlli'tn“
2727 5062 2926 5125 ιιςλὺιιὶ,
2977 5068 3032 5114 at
3083 5074 3211 5127 qum
3249 5060 3314 5111 ad
3354 5067 3606 5114 veterrm

1962 5131 2221 5200 januum,
2258 5145 2384 5199 quae
2430 5147 2579 5183 nunc
2616 5133 2933 5196 ult~truvta,
2991 5133 3095 5184 toc~
3152 5131 3403 5186 obscuro
3436 5132 3608 5199 positi

1970 5218 2157 5256 minu~
2189 5219 2313 5267 ,νινε
2347 5204 2505 5256 omni
2543 5214 2822 5265 ινυιτεῐιιιιν,
2857 5217 3010 5255 anno
3050 5202 3186 5255 ιϋιιι)
3210 5204 3434 5256 δυῐὶιῆΰ
3458 5204 3611 5257 Intus

1970 5289 2131 5329 noxa)
2169 5275 2428 5327 collocati
2468 5289 2480 5328 :
2516 5282 2650 5328 sunt
2684 5286 2869 5326 autem
2905 5274 3073 5327 ambo
3135 5277 3281 5343 ning
3343 5284 3396 5329 et
3452 5276 3607 5328 durt.

1961 5343 2040 5399 Ita
2078 5344 2315 5411 lnwge<
2348 5360 2417 5398 vx
2444 5343 2675 5397 Currvra
2713 5360 2756 5390 et
2800 5346 2928 5397 altis
2962 5344 3216 5399 Positum
3254 5343 3322 5398 ad
3354 5351 3608 5400 Veterem

1960 5416 2197 5486 jauuam
2233 5415 2337 5470 luit
2377 5417 2483 5469 hoc
2524 5415 2631 5469 dist
2662 5417 2834 5469 chon.

2108 5554 2210 5612 Hic
2239 5553 2366 5623 ﬁxit
2397 5552 2625 5606 ruitura
2654 5551 2831 5621 pedes,
2863 5551 3105 5621 impulsa
3137 5550 3333 5621 furore

2180 5624 2469 5699 Carniﬁci:
2498 5623 2717 5691 rabido,
2747 5624 2990 5681 carceris
3020 5631 3185 5680 antra
3204 5632 3422 5696 petens.
