3932 6140
23 301 172 369 345
1373 304 1559 369 VITA

1926 304 2165 370 HENII.
3328 304 3479 370 1346

23 437 318 502 ειώσεως
394 440 615 515 αὐτῆς,
649 440 709 496 τὸ
741 437 793 495 δὲ
839 437 957 517 ὅρος
988 439 1023 506 ἧ
1067 438 1234 505 Αἴτνη
1267 449 1366 517 πῦρ
1410 438 1576 520 ὲξηρει

1922 459 1990 501 xm
2044 440 2338 520 apparuit.
2378 440 2617 502 Etenim
2669 442 2852 503 [litua
2901 458 3073 503 mons
3103 440 3298 520 ignem
3335 459 3475 503 evo-

23 528 85 583 αὶ
172 531 483 607 καθάπερ
580 531 824 603 ποταμὸς
908 529 1225 604 μυκώμενος
1297 528 1497 609 σφόδρα

1924 532 2004 603 tit,
2038 532 2138 611 qui
2167 529 2431 591 ﬂuminis
2461 530 2653 591 instar
2679 531 2899 609 ingenti
2934 531 3159 609 mugitu
3190 529 3477 591 devolve-

24 619 379 697 ατήρχετο
440 618 685 676 διαλύων
741 619 863 681 τοὺς
897 617 1068 681 λίθους
1105 617 1284 696 ὥσπερ
1344 623 1509 697 κηρὸν
1540 622 1577 676 ἐξ

1926 631 2030 693 tur,
2089 620 2161 681 ab
2214 638 2447 681 summo
2503 621 2727 681 vertice
2774 621 3004 702 lapides
3062 619 3220 682 velut
3278 637 3479 682 ceram

28 712 281 787 ορυφῆς
361 716 487 766 σοῦ
535 708 690 786 ὅρους
748 706 934 788 φλέξαι
974 709 1061 764 οιαὶ
1103 708 1366 766 ἀπολέσαι
1426 717 1581 766 πᾶσα·

1928 710 2195 783 solvens,
2251 709 2565 790 ipsamque
2614 709 2825 771 urbem
2871 708 3291 774 Catanensium
3345 725 3481 771 cor-

25 800 118 853 ὦν
215 799 569 857 Κατανὲων
618 797 798 856 πόλιν·
862 801 922 855 Οἱ
991 798 1139 876 πέριξ
1210 800 1298 855 καὶ
1365 798 1578 866 πληπίοπ

1924 807 2120 879 pturus
2142 819 2209 860 ac
2234 801 2471 878 penitus
2502 818 2746 860 consum
2757 798 3132 880 pturusignis
3151 798 3477 861 videvatur.

24 908 101 951 ;ες
178 893 299 945 τοῦ
375 886 559 966 ὄρους
615 890 806 966 καίπερ
867 885 1135 954 ’Έλληνες
1204 889 1559 968 ὑπάρχοντες,

1938 888 1955 948 i
2006 889 2184 968 igitur
2214 890 2371 951 circa
2420 898 2682 950 montem
2717 889 3081 964 habitabant,
3118 888 3230 950 etsi
3283 896 3486 950 essent

23 978 111 1032 τὸν
185 978 345 1034 ναὸν
425 984 544 1045 τῆς
607 978 870 1055 μάρτυρος
915 976 1150 1056 ὥρμους,
1184 977 1279 1034 xui
1335 977 1570 1057 ἀφελόμε

1928 977 2118 1058 utiles,
2153 979 2227 1039 ad
2290 979 2575 1060 templum
2628 986 2898 1057 martyrts
2944 986 3336 1054 concurrunt,
3371 996 3481 1039 su-

23 1067 479 1144 περικείμενον
541 1063 883 1145 περιϐόλαιον
928 1073 994 1142 τῇ
1051 1067 1274 1146 λάρνακι
1318 1067 1549 1135 ἔστησαν

1930 1077 2190 1148 itumque
2222 1068 2448 1148 velum,
2487 1087 2605 1147 quo
2663 1067 3088 1130 circumcincta
3134 1076 3264 1130 erat
3310 1086 3483 1148 urna,

23 1156 230 1212 ἔναντι
269 1159 387 1213 τοῦ
453 1164 627 1233 πυρὸς
659 1155 753 1212 καί
799 1154 864 1223 δὴ
896 1162 964 1233 τῇ
1009 1158 1227 1234 προνοίᾳ
1259 1164 1349 1214 τοῦ
1380 1159 1513 1213 Θεοῦ
1569 1181 1576 1210 ι

1963 1158 2212 1218 adverso
2248 1157 2404 1236 ignis
2462 1157 2849 1219 constituunt.
2909 1160 3057 1220 Cum
3104 1176 3237 1219 esse
3286 1157 3486 1220 divina

23 1245 118 1301 md
186 1252 593 1325 παραχρῆμα
653 1244 781 1313 ἔστη
837 1248 898 1302 τὸ
953 1249 1099 1302 θετον
1156 1254 1278 1324 πὺρο
1342 1247 1553 1325 ἓγένετῡ

1933 1247 2244 1327 evidentia,
2278 1247 2473 1307 subito
2522 1265 2839 1327 repressus
2873 1255 2963 1307 est
3012 1246 3191 1325 ignis.
3226 1246 3486 1325 Contigit

23 1336 237 1409 θαῦμα
300 1337 465 1407 μηνὶ
534 1332 872 1412 Φεϐρουαρίῳ
926 1334 1172 1411 πέμπτῃ,
1207 1335 1324 1402 ἐνῆ
1380 1336 1555 1412 ἡμέρα

1929 1354 1986 1397 ro
2021 1336 2162 1396 illud
2200 1336 2550 1397 miraculum
2582 1336 2792 1412 quinto
2840 1335 3175 1416 Februarii,
3213 1336 3482 1416 quoipso

23 1444 126 1478 σεν
202 1423 269 1481 ὲν
322 1423 367 1490 ἦ
460 1424 557 1480 xii
632 1424 968 1502 ἑορτάζοντες
1058 1422 1343 1499 δοξάζομεν
1412 1427 1502 1482 τὸν

1933 1444 1949 1486 a
1976 1435 2277 1487 certamen
2311 1424 2498 1486 ﬁnivit
2545 1426 2790 1503 Agatha,
2830 1444 2945 1504 quo
2977 1434 3035 1486 et
3066 1443 3175 1486 nos
3205 1425 3352 1485 festa
3382 1441 3486 1485 ce-

24 1515 211 1589 ἡμῶν
263 1515 520 1581 Ἰησοῦ)
579 1516 803 1594 Χριστὸν
859 1519 950 1572 τὸν
1011 1519 1162 1596 Θεὸν,
1216 1516 1363 1578 ὅπως
1411 1532 1532 1579 ταῖς

1934 1516 2116 1575 tritate
2170 1515 2567 1593 praedicamus
2619 1515 2937 1577 Dominum
2971 1524 3238 1575 nostrum
3284 1516 3487 1575 Jesum

26 1600 224 1668 ϐείαις
299 1605 501 1670 αὐτῆς
535 1607 722 1684 ἄφεσιν
783 1603 1032 1681 λάϐωμεν
1067 1606 1339 1683 ἁμαρτιῶν
1385 1609 1469 1662 καὶ
1502 1609 1560 1663 τὸ

1937 1604 2173 1679 ristum,
2208 1615 2271 1665 ut
2299 1604 2488 1684 ipsius
2537 1613 2754 1665 sanctas
2787 1605 3064 1685 martyris
3093 1603 3365 1684 precibus
3394 1620 3490 1664 ve-

30 1692 234 1770 ἔλεος,
276 1702 384 1752 νῦν
420 1697 529 1750 κοὶ
586 1694 691 1771 ἀει,
729 1697 817 1752 καὶ
847 1697 921 1759 εἷς
954 1696 1076 1759 τοὺς
1135 1698 1330 1760 αἰῶνας
1361 1704 1465 1761 τῶν
1524 1698 1583 1753 αἰ‹

1933 1713 1998 1753 ιη]
2050 1694 2444 1773 impetremus
2481 1702 2889 1774 peccatorum,
2925 1712 3324 1773 magnamque
3369 1691 3486 1754 mi-

33 1775 268 1857 ”Apuiv.
1781 1801 1815 1850 Β
1835 1782 2256 1858 sericordiam,
2297 1804 2455 1847 nunc
2487 1794 2545 1846 et
2573 1802 2813 1864 semper
2842 1791 2902 1846 et
2952 1784 3010 1845 in
3041 1783 3261 1847 saecula
3291 1801 3486 1845 saecu-

1836 1872 2063 1936 lorum.
2091 1873 2310 1940 Amen.

46 2030 511 2116 resolverent,
554 2054 577 2091 α
614 2033 1005 2116 venirentque
1038 2050 1243 2095 versus
1291 2034 1586 2116 civitatem
1618 2034 2019 2098 Catanensum
2054 2058 2072 2113 ;
2106 2060 2132 2093 an
2184 2036 2231 2097 si
2264 2036 2327 2097 in
2375 2035 2506 2116 ipsa
2549 2034 2701 2097 urbe
2741 2034 2851 2097 sita
2879 2035 2953 2097 ad
2984 2034 3135 2097 imas
3164 2035 3360 2097 [Etuta
3384 2050 3490 2096 ra-

58 2110 276 2187 dices,
308 2113 531 2176 hiatus
562 2110 1093 2195 patet‘actusignes
1124 2114 1453 2176 eructahat.

477 2472 698 2598 DE
849 2476 981 2603 S.
1134 2472 2135 2601 PARTHENIO
2286 2471 3129 2598 EPiSCOPO

1248 2723 1620 2789 LAMPSACI
1676 2725 1749 2788 IN
1806 2724 2368 2789 HELLESPONTO.

706 2899 931 2970 (Saeculo
960 2912 1039 2969 Π,
1069 2900 1340 2960 Februarii
1370 2904 1452 2961 die
1476 2905 1530 2962 '7.
1561 2937 1624 2950 ——
1652 2906 1793 2962 Acta
1821 2910 2145 2963 sanctorum
2176 2903 2423 2961 Bolland.
2458 2904 2518 2960 ad
2546 2904 2684 2961 hanc
2715 2902 2903 2972 diem.)

183 3193 250 3248 4.
296 3208 325 3241 α
349 3184 813 3265 Hellespontus,
844 3209 872 3242 ι»
907 3192 972 3246 ut
1001 3183 1234 3246 Plinius
1262 3184 1304 3243 l.
1338 3202 1419 3259 1v,
1455 3204 1586 3268 cap.
1625 3185 1978 3260 lt,scribit,
2021 3206 2050 3246 α
2073 3195 2303 3264 septem
2339 3184 2551 3245 stadiis
2580 3184 2882 3262 Europam
2917 3180 2993 3244 ab
3026 3180 3167 3244 Asia
3198 3183 3498 3261 dividens,

101 3283 372 3357 quatuor
426 3279 586 3338 inter
612 3294 678 3335 se
726 3274 1059 3335 contrarias
1090 3276 1273 3337 urbes
1320 3273 1520 3345 habet.
1556 3276 1617 3336 in
1663 3278 1905 3355 Europa
1955 3276 2268 3354 Callipolin
2332 3273 2568 3346 Seston,
2604 3282 2663 3335 et
2706 3273 2766 3333 in
2820 3272 2966 3333 Asia
2998 3274 3382 3350 Lampsacum
3442 3284 3503 3340 et

106 3365 394 3447 Abydon.
440 3389 465 3423 ο
501 3363 572 3426 Et
601 3364 960 3445 Lampsacus
988 3364 1232 3443 quidem
1261 3364 1343 3445 (ta
1374 3365 1556 3439 enim,
1594 3384 1726 3445 quae
1760 3364 1952 3426 Plinio
1986 3364 2031 3428 Ι.
2057 3382 2114 3435 v,
2152 3384 2205 3425 c.
2241 3363 2338 3443 32,
2383 3365 2779 3439 Lampsacum
2807 3368 2919 3441 est,
2954 3361 3260 3442 appellant
3282 3360 3496 3439 Graeci,

104 3457 483 3517 Ptolemaeus
520 3453 625 3516 lib.
660 3472 717 3529 v,
751 3472 808 3515 c.
863 3453 922 3529 2,
956 3452 1232 3515 Socrates
1264 3454 1305 3516 ι.
1341 3471 1417 3529 Iv,
1449 3474 1500 3514 c.
1536 3455 1570 3516 4
1599 3474 1612 3514 :
1652 3453 2018 3533 Stephanus,
2053 3453 2263 3514 Strabo
2298 3454 2402 3514 lib.
2453 3462 2597 3521 xm).
2638 3475 2664 3506 (ι
2698 3450 3059 3529 Lampsacus
3091 3450 3292 3529 igitur,
3324 3459 3391 3512 ut
3419 3450 3502 3512 ait

109 3540 353 3620 Strabo,
392 3545 541 3605 mari
594 3541 890 3615 imminet,
926 3543 1069 3603 urbs
1102 3542 1364 3603 bonitate
1420 3554 1623 3623 portus
1655 3544 1902 3622 aliisque
1936 3542 2117 3603 rebus
2168 3541 2576 3602 memorabilis
2610 3560 2625 3600 :
2661 3539 2899 3618 Pityusa
2930 3539 3095 3618 prius
3139 3540 3295 3601 dicta
3326 3539 3407 3597 διὰ
3436 3543 3498 3598 τὸ

108 3635 318 3691 πιτύών
373 3633 533 3714 ἔχειν
565 3631 795 3703 πλῆθος,
826 3631 1024 3711 inquit
1067 3633 1427 3711 Stephanus,
1469 3656 1495 3688 «
1532 3633 1687 3712 quod
1724 3633 1978 3712 plurima
2032 3632 2153 3693 illic
2184 3631 2384 3712 pinus.
2425 3655 2450 3685 η
2490 3630 2595 3691 Est
2642 3638 2839 3691 autem
2871 3628 2934 3688 in
2987 3637 3236 3707 angusto
3265 3628 3501 3692 Helles-

111 3721 284 3801 ponti
317 3722 536 3802 posita,
572 3745 593 3776 ι
624 3720 695 3781 'ut
726 3718 905 3781 habet
935 3718 1237 3783 Socrates.

191 3811 252 3871 2.
287 3810 467 3887 Eam,
504 3809 895 3873 Constantino
926 3811 1139 3886 Magno
1171 3811 1528 3891 imperante,
1560 3812 1872 3872 sanctitate
1905 3821 1962 3872 et
1996 3809 2297 3871 miraculis
2330 3808 2645 3870 illustravit
2676 3810 2740 3872 S.
2767 3807 3123 3870 Parthenius
3155 3806 3499 3891 episcopus:

115 3902 289 3981 cuius
318 3900 419 3963 die
458 3901 489 3960 '7
537 3896 847 3960 Februarii
878 3898 1090 3959 festum
1126 3902 1216 3976 agi
1250 3910 1612 3960 annotarunt
1644 3900 1908 3961 Molanus
1944 3920 2000 3960 in
2048 3901 2234 3961 addit.
2269 3899 2339 3958 ad
2375 3897 2737 3972 Usuardum,
2772 3906 2829 3958 et
2858 3896 3168 3958 Ferrarius
3200 3899 3259 3958 in
3313 3919 3504 3977 gene-

112 3991 225 4051 rali
275 3989 547 4067 catalogo
580 3986 683 4051 SS.
743 3987 1013 4048 Breviter
1044 3988 1119 4048 de
1170 4007 1239 4048 eo
1273 3989 1670 4067 Menologium
1724 3992 1794 4049 ab
1827 3990 2084 4051 Henrico
2142 3987 2373 4051 Canisio
2407 3989 2701 4066 vulgatum
2739 4005 2753 4051 :
2822 4007 2850 4045 α
2882 3988 3385 4049 Commemoratio
3434 3988 3496 4052 S.

113 4078 426 4141 Parthenii
460 4076 730 4158 episcopi
776 4076 1110 4156 Lampsaci.
1148 4098 1175 4135 ι
1213 4078 1507 4139 Prolixius
1539 4079 1669 4156 ejus
1702 4079 2043 4140 encomium
2078 4086 2261 4139 exstat
2325 4078 2383 4137 iu
2417 4077 2774 4155 Authologio
2807 4085 2866 4136 et
2909 4075 3147 4137 Menaais
3182 4097 3196 4138 :
3232 4089 3410 4157 atque
3439 4079 3504 4140 in

120 4166 214 4229 his
244 4168 493 4249 quidem
527 4167 607 4227 ita
654 4163 931 4228 Ofﬁcium
965 4166 1145 4245 hujus
1178 4165 1300 4226 diei
1332 4166 1655 4228 inchoatur
1687 4186 1698 4229 :
1755 4194 1779 4222 «κ
1817 4166 2189 4245 Hellesponti
2243 4166 2452 4245 gloria,
2491 4166 2795 4239 Lampsaci
2845 4164 3168 4238 luminave,
3200 4167 3506 4228 admiran-

123 4254 336 4317 dorum
371 4274 623 4336 operum
659 4254 1016 4335 splendibus
1071 4254 1307 4327 lucifer,
1345 4275 1592 4334 magnus
1645 4258 2022 4328 Parthenius,
2060 4276 2169 4317 nos
2214 4275 2425 4315 omnes
2454 4258 2545 4316 sui
2582 4255 2867 4316 memoria
2899 4268 3184 4315 convocat
3218 4255 3295 4317 ad
3326 4257 3505 4337 spiri-

125 4344 341 4406 tualem
378 4344 820 4405 solemnitatem
856 4345 1280 4424 peragendam,
1317 4345 1386 4404 ad
1421 4346 1718 4406 Christum
1755 4345 2110 4406 Salvatnrvm
2148 4345 2603 4405 celebrandum.
2646 4368 2667 4400 ι)

205 4432 265 4496 3.
317 4433 514 4497 Vitam
552 4442 748 4495 autem
805 4433 1124 4513 descripsit
1181 4433 1439 4513 simplici
1489 4444 1545 4493 et
1594 4436 1849 4495 candido
1901 4436 2047 4513 stylo
2098 4434 2444 4513 CtySpinus,
2496 4435 2628 4512 ejus
2681 4440 2767 4501 (ut
2816 4432 3101 4513 creditur)
3142 4432 3505 4515 discipulus,

130 4522 568 4603 Lampsacenus
599 4531 763 4584 certe
796 4531 854 4583 et
905 4542 1008 4583 σου
1032 4530 1268 4600 teneus,
1304 4530 1367 4582 ut
1399 4525 1524 4602 ipse
1566 4525 1790 4584 indicat
1819 4544 1874 4585 c.
1908 4524 1968 4595 ‘2,
2003 4543 2063 4585 n.
2122 4526 2216 4596 lii,
2252 4524 2340 4582 his
2371 4523 2613 4584 verbis:
2677 4544 2699 4578 α
2739 4523 3089 4583 Maximinus
3119 4522 3360 4603 quidam
3394 4544 3507 4587 no-

131 4612 312 4687 mine,
348 4632 419 4676 ex
448 4613 599 4694 Byza
633 4613 869 4674 civitate
909 4613 1200 4689 Thraciae,
1235 4611 1336 4693 qui
1367 4622 1492 4673 erat
1533 4613 1865 4692 discipulus
1896 4612 2073 4673 unius
2107 4630 2175 4671 ex
2210 4611 2283 4671 iis
2338 4611 2441 4691 qui
2471 4619 2609 4672 sunt
2638 4612 2792 4691 apud
2829 4630 2936 4670 nos
2964 4611 3228 4688 diaconi,
3263 4614 3508 4677 nomine

132 4699 370 4764 Psertaa.
409 4725 435 4761 ι
493 4700 752 4781 Crispini
808 4701 1176 4763 narationem
1232 4701 1504 4781 pluribus
1533 4702 1595 4763 in
1649 4703 1797 4763 locis
1857 4702 2237 4781 interpolavit
2287 4701 2739 4780 Metapbrastes.
2772 4698 2940 4761 Hanc
2987 4698 3179 4762 Vitam
3212 4721 3245 4763 e
3303 4705 3510 4767 Graaco

130 4789 300 4852 vertit
329 4791 660 4857 Gentianus
690 4790 1005 4868 Hervetus,
1040 4791 1230 4853 edidit
1259 4791 1536 4870 Aloysius
1568 4792 1955 4872 Lipomanus,
1988 4798 2166 4871 atque
2198 4809 2269 4851 ex
2303 4809 2372 4851 eo
2406 4789 2759 4852 Laurentius
2794 4788 3028 4854 Surius.

208 4881 269 4943 4.
304 4881 559 4942 Etatem
593 4877 657 4942 S.
695 4879 1002 4941 Parthenii
1034 4877 1262 4941 indicat
1292 4877 1628 4960 Crispinus,
1649 4881 1790 4942 dum
1822 4888 2119 4942 memorat
2147 4880 2490 4960 Byzantium
2526 4879 2599 4941 ad
2626 4878 3035 4940 Constantium
3069 4878 3344 4958 Magnum
3377 4900 3512 4947 esse

133 4967 480 5057 profectum.
514 4966 588 5029 Et
616 4965 1304 5057 NicephorusCallistus
1356 4967 1563 5057 lavi”,
1597 4988 1652 5033 c.
1685 4969 1763 5031 42
1798 4989 1813 5026 :
1873 4993 1900 5025 α
1933 4968 2051 5031 Par
2080 4969 2235 5046 istis,
2273 4970 2464 5049 inquit
2497 4967 2581 5048 (id
2614 4978 2727 5049 est,
2760 4967 3090 5048 Spiridioni
3124 4980 3182 5031 et
3209 4969 3507 5057 Nicolao),

136 5056 302 5144 etiam
332 5056 686 5121 Parthenius
718 5055 854 5132 fuit,
884 5055 1051 5119 urbis
1081 5056 1260 5118 unius
1289 5055 1351 5118 in
1401 5056 1791 5140 HelleSponto
1826 5058 2171 5139 episcopus,
2206 5060 2336 5118 vitae
2380 5057 2704 5137 splendore
2736 5058 3106 5120 humanitate
3136 5066 3194 5121 et
3224 5055 3513 5144 prodigiis

132 5142 469 5235 ingentibus
498 5148 735 5235 clarus,
755 5145 907 5209 adeo
955 5154 1021 5208 ut
1050 5155 1293 5228 accepta
1321 5165 1355 5209 a
1386 5148 1509 5211 Deo
1544 5155 1857 5227 potestate,
1895 5157 2164 5208 mortuos
2208 5146 2504 5222 excitarit,
2539 5145 2913 5209 daemonibus
2965 5146 3300 5229 imperarit,
3334 5142 3514 5235 atque

138 5234 544 5322 aegritudinum
577 5234 776 5298 omnis
806 5236 1051 5316 generis
1080 5242 1393 5318 promptus
1425 5243 1664 5300 curator
1690 5236 1992 5300 exstiterit
2029 5244 2085 5297 et
2110 5235 2423 5314 gratuitus.
2462 5261 2489 5293 ι)
2525 5237 2661 5313 Agit
2687 5235 2763 5298 de
2793 5254 2868 5298 eo
2898 5236 3191 5301 Baronius
3221 5248 3366 5305 tom.
3399 5234 3506 5322 III,

139 5321 208 5384 ad
235 5341 331 5388 an.
368 5326 509 5406 337,
542 5344 710 5391 num.
741 5325 820 5390 38
852 5333 910 5388 et
940 5325 1359 5408 sequentibus,
1391 5336 1449 5389 et
1479 5335 1683 5390 censet
1713 5345 1850 5389 eum
1882 5345 2122 5409 quoque
2150 5324 2392 5388 Nicaeno
2426 5324 2687 5389 concilio
2722 5326 3087 5392 interfuisse.
