3932 6140
466 214 617 282 1347

1758 214 2042 283 MENSIS
2078 207 2536 284 IANUARIUS.

1584 507 1838 598 ΒΙΟΣ
1912 513 2099 596 ΚΑΙ
2171 513 2713 601 ΠΟΛΙΤΕΙΑ

461 757 814 890 ΤΟΥ
869 756 1402 889 ΑΓΙΟΥ
1449 757 2160 888 ΠΑΤΡΟΣ
2212 762 2721 890 ΗΜΩΝ
2777 750 3829 891 ΠΑΡΘΕΝΙΟΥ

1508 1017 1898 1070 ΕΠίΣΚΟΠΟΥ
1940 1020 2346 1074 ΓΕΝΟΜΕΝΟΥ
2399 1019 2784 1074 ΛΑΜΨΑΚΟΥ

1253 1331 1590 1420 VITA
1689 1335 1849 1419 ET
1960 1331 3012 1426 CONVERSATIO

1997 1537 2061 1603 S.
2096 1535 2164 1602 P.
2195 1537 2266 1604 N.

719 1738 1663 1870 PARTHENII
1776 1743 2566 1876 EPISCOPI
2685 1739 3565 1873 LAMPSACI

900 1992 1099 2064 (Grace
1131 2009 1270 2050 nunc
1296 1993 1517 2064 primum
1557 1992 1724 2050 editur
1754 2009 1816 2050 ex
1855 1997 1968 2056 cod.
1997 2011 2096 2055 ms.
2129 1997 2258 2071 Reg.
2301 1998 2471 2056 Paris.
2509 1997 2673 2064 1452,
2703 2011 2822 2054 sae.
2853 2007 2914 2054 ι.
2950 1994 3115 2054 Eorr.
3144 1992 3346 2062 Pun.)

520 2285 567 2351 Ι.
630 2286 943 2351 Desiderio
1003 2294 1060 2349 et
1116 2304 1320 2351 amore
1388 2295 1586 2351 motus
1642 2307 1752 2369 ego
1801 2297 2063 2370 peccato:

2243 2292 2332 2357 A'.
2373 2293 2523 2365 Πόθῳ
2575 2294 2668 2350 καί
2699 2292 2883 2370 ἆγάπῃ
2943 2288 3277 2365 κινούμενος,
3312 2286 3418 2364 ἐγὼ
3479 2289 3509 2342 ὃ
3558 2287 3829 2365 ἀμαρτω-

439 2375 788 2457 Crispinus,
850 2376 1055 2440 studui
1113 2375 1498 2441 conscribere
1553 2378 1972 2442 admirabilem
2027 2390 2084 2443 et

437 2466 754 2545 gloriosam
807 2466 918 2528 viri
969 2467 1143 2528 vitam
1195 2479 1254 2529 et
1312 2486 1347 2528 a
1401 2484 1585 2546 puero
1639 2467 2079 2531 institutionem

436 2558 624 2618 sancti
660 2556 848 2618 Patris
882 2557 1070 2616 nostri
1115 2556 1438 2630 Parthenii,
1477 2556 1574 2637 qui
1627 2556 1733 2617 fuit
1765 2558 2082 2639 episcopus

435 2643 771 2725 Lampsaci.
806 2643 906 2704 Est
936 2645 1096 2705 enim
1123 2643 1298 2725 plena
1330 2645 1582 2706 utilitate
1609 2645 1844 2720 anima,
1872 2658 1930 2709 et
1953 2669 2084 2730 qua

434 2743 634 2816 potest
660 2734 734 2794 iis
767 2733 869 2813 qui
904 2735 1122 2810 legent,
1157 2733 1480 2796 ostendere
1504 2753 1572 2795 ea
1591 2754 1723 2815 quae
1752 2736 1908 2800 Deus
1933 2758 2083 2819 pra-

439 2823 544 2885 bet
566 2823 640 2884 iis
671 2823 771 2903 qui
794 2822 992 2902 ipsum
1024 2821 1298 2902 diligunt.
1328 2824 1544 2885 Beatus
1575 2842 1714 2903 ergo
1746 2835 1802 2885 et
1834 2827 2084 2909 inclytus

434 2911 534 2972 hic
585 2910 944 2972 Parthenius
999 2911 1206 2972 habuit
1253 2911 1496 2992 quidem
1558 2921 1784 2991 patrem
1840 2920 2084 2979 nomine

431 3000 902 3073 Christodulum,
964 2999 1253 3078 dignitate
1311 3000 1628 3062 diaconum
1689 3012 1912 3066 sancta
1971 3008 2076 3069 Dei

432 3087 767 3162 catholica,
803 3107 933 3168 qua
987 3097 1114 3151 erat
1158 3087 1365 3163 Meliti,
1402 3088 1709 3163 Ecclesia,
1744 3092 2074 3158 litterarum

431 3179 770 3259 imperitus,
823 3185 1160 3240 sanctarum
1213 3188 1414 3241 autem
1481 3178 1923 3260 Scripturarum
1987 3187 2076 3248 vel

430 3269 694 3332 maxime
744 3268 948 3330 valens
979 3269 1288 3330 memoria.
1343 3267 1634 3332 Crescens
1681 3289 1822 3334 vero
1880 3282 2071 3351 atate,

427 3358 552 3421 ibat
592 3359 652 3420 in
688 3359 1082 3441 propinquum
1147 3357 1368 3438 lacum,
1403 3367 1461 3420 et
1490 3358 1573 3420 ibi
1623 3360 1984 3445 piscabatur,
2020 3373 2079 3427 et

427 3447 682 3530 piscium
735 3455 1134 3510 mercaturam
1195 3448 1612 3528 suppeditabat
1668 3452 1803 3511 usui
1869 3471 2072 3516 eorum

428 3539 533 3618 qui
564 3537 838 3618 egebant.
873 3538 922 3600 A
957 3539 1150 3618 prima
1197 3538 1357 3599 enim
1391 3547 1582 3613 atate,
1619 3541 1804 3618 gratia
1843 3543 1950 3606 Dei
1983 3544 2072 3605 di-

2166 2381 2257 2447 λὸς
2308 2383 2605 2462 Κρισπῖνος
2662 2381 2889 2438 ἔσπευσα
2961 2380 3159 2458 γράψαι
3215 2383 3311 2452 τῇν
3383 2376 3710 2450 θαυμασίαν
3755 2377 3833 2429 καὶ

2167 2475 2373 2541 ἔνδοξον
2429 2475 2702 2549 πολιτείαν
2743 2475 2831 2531 καὶ
2899 2475 2998 2540 τὴν
3055 2471 3116 2528 ἐκ
3168 2468 3355 2531 παιδὸς
3401 2466 3701 2546 διαγωγὴν
3751 2470 3830 2524 τοῦ

2167 2566 2309 2622 ὁσίου
2356 2567 2560 2642 Πατρῆς
2594 2564 2744 2634 ἡμῶν
2803 2564 2896 2619 καί
2927 2562 3224 2618 επισκὸπου
3257 2558 3546 2637 γενομένου
3619 2562 3826 2635 Π-αρθε-
3910 2559 3911 2562 “

2169 2655 2300 2716 νίου.
2351 2654 2601 2734 Ψυχικῆς
2658 2655 2756 2732 γὰρ
2787 2650 3050 2731 ὠφελειας
3104 2649 3318 2728 πλήρης
3352 2649 3488 2704 ἐστὶν
3549 2651 3650 2704 καὶ
3680 2649 3826 2712 ἱκανή

2168 2757 2284 2808 τοῖς
2339 2743 2752 2823 ’ἐντυγχάνουσιν
2796 2739 3068 2806 ὑποδεῖξαι
3144 2739 3176 2795 ἂ
3223 2741 3349 2800 Θεὸς
3394 2737 3636 2817 παρέχει
3720 2752 3824 2799 τοῖς

2168 2833 2446 2906 ἀγαπῶσιν
2491 2834 2670 2892 αὐτόν.
2730 2822 2789 2890 Ὀ
2863 2831 3125 2908 μακάριος
3197 2831 3285 2885 καὶ
3357 2825 3604 2899 ἆοίδιμος
3677 2828 3820 2886 αὖτίς

2172 2922 2449 2999 Παρθένιος
2505 2922 2704 3000 πατρὸς
2765 2920 2864 2997 μὲν
2926 2921 3174 2998 ὁτιῆρχεν
3212 2917 3433 2993 ὀνόματι
3488 2914 3816 2988 Χριστοδοῦ-

2165 3012 2283 3082 λου,
2330 3013 2428 3079 τὴν
2484 3011 2628 3076 ἀξίαν
2689 3010 2932 3067 διακόνου
2993 3013 3089 3077 τῆς
3144 3009 3281 3064 κατὰ.
3328 3007 3558 3061 Μελίτου
3605 3006 3814 3063 πόλεως

2161 3104 2338 3182 ἁγίας,
2371 3104 2461 3158 τοῦ
2493 3109 2624 3160 Θεοῦ
2683 3101 2972 3167 καθολικῆς
3013 3101 3102 3154 καὶ
3161 3095 3528 3161 ἇποστολικῆς
3568 3096 3812 3160 Ἐκκλη-

2159 3193 2301 3271 σίας²
2363 3193 2694 3270 γραμμάτων
2750 3190 2986 3268 ἄπειρος,
3049 3193 3156 3244 τῶν
3216 3185 3270 3242 δὲ
3341 3186 3504 3260 ἁγίων
3586 3189 3810 3261 Γραφῶν

2161 3283 2389 3358 μνῄμων
2433 3280 2816 3356 δοκιμώτατος,
2864 3278 3190 3358 Προκόπτων
3221 3275 3276 3332 δὲ
3307 3281 3373 3348 τῇ
3403 3273 3590 3341 ἡλικία
3639 3274 3813 3329 ἀπιὼν

2161 3371 2214 3426 ἐν
2240 3379 2306 3448 τῇ
2355 3370 2582 3437 πλησίον
2615 3371 2777 3447 λίμνη
2837 3371 2933 3436 τὴν
2964 3374 3069 3424 τῶν
3124 3367 3326 3446 ἰχθύων
3357 3363 3521 3440 ἄγραν
3567 3363 3815 3419 ἐποιεῖτο

2159 3462 2245 3515 καὶ
2304 3464 2464 3527 αὒνῆς
2515 3461 2613 3526 τὴν
2649 3459 2906 3538 ἐμπορίαν
2949 3464 3016 3534 τῇ
3067 3457 3171 3514 τῶν
3225 3454 3488 3530 δεομένων
3549 3452 3813 3532 ἒχορῆγίι

2159 3548 2474 3613 ἀναπαύσει,
2525 3550 2660 3606 Ἀπὸ
2702 3550 2812 3629 ’γὰρ
2862 3547 3078 3625 πρώτης
3135 3544 3350 3614 ἡλικίας
3399 3543 3626 3622 χάριτος
3684 3549 3812 3597 Θεοῦ
3910 3543 3911 3572 ἶ

427 3637 661 3709 gnatus,
697 3628 958 3707 seipsum
981 3628 1232 3691 celabat.
1267 3627 1314 3690 A
1336 3637 1610 3709 tempore
1634 3641 1831 3692 autem
1861 3632 2063 3694 decem

2162 3636 2403 3704 ἀξιωθείς
2435 3627 2707 3718 ἔκρυπτεν.
2743 3637 2950 3694 ἑαυτόν
2986 3636 3093 3692 ἀπὸ
3129 3633 3184 3690 δὲ
3241 3629 3603 3690 ὀκτωκαίδεκα
3667 3631 3810 3692 ἔτους

424 3727 485 3780 et
515 3725 648 3779 octo
681 3735 997 3791 annorum,
1033 3718 1203 3795 signa
1235 3718 1435 3779 facere
1481 3718 1804 3800 incipiens,
1839 3721 2071 3784 damo-

425 3824 535 3868 nes
584 3804 921 3886 expellebat
965 3804 1039 3867 ab
1090 3805 1438 3868 hominibus
1481 3808 1612 3888 ejus
1666 3809 2066 3874 invocatione.

425 3895 570 3960 Cum
601 3912 742 3956 vero
771 3894 927 3956 bona
959 3895 1033 3956 de
1067 3913 1136 3956 eo
1197 3895 1352 3957 fama
1381 3904 1541 3958 esset
1573 3897 1902 3960 multorum
1937 3919 2068 3962 ser-

425 4003 604 4048 mone
635 3983 1147 4061 celebrata,Meliti
1180 3985 1430 4048 civitatis
1459 3987 1798 4067 episcopus,
1825 3990 2070 4052 nomine

411 4075 707 4157 Philetus,
747 4093 879 4137 cum
912 4075 1180 4138 audisset
1209 4076 1284 4137 de
1310 4078 1372 4139 S.
1420 4075 1761 4147 Parthenio,
1799 4096 1934 4140 eum
1967 4099 2072 4142 ac-

415 4167 692 4229 cersitem
744 4173 804 4226 et
834 4165 1088 4226 multum
1125 4165 1452 4245 laudatum,
1485 4167 1576 4228 vel
1625 4165 1870 4229 invitum
1903 4169 2070 4231 ordi-

414 4266 521 4319 nat
571 4255 981 4338 presbyterum
1034 4265 1094 4317 et
1143 4256 1507 4318 visitatorem
1555 4265 1774 4319 sancta
1821 4259 2070 4322 civitatis

414 4346 606 4407 Meliti
657 4345 965 4407 Ecclesia.
997 4345 1186 4408 Porro
1242 4354 1443 4406 autem
1497 4345 1551 4408 ei
1604 4366 1841 4428 quoque
1894 4367 2067 4430 opem

417 4434 652 4498 ferebat.
681 4435 865 4512 gratia
900 4435 1276 4497 curationum
1313 4436 1372 4495 in
1405 4435 1685 4498 omnibus
1730 4440 2071 4515 agrotanti—

415 4523 552 4601 bus,
589 4533 652 4585 et
702 4522 963 4584 faciebat
994 4525 1180 4585 multa
1232 4523 1400 4603 signa
1444 4523 1822 4588 admirabilia
1851 4529 1912 4590 in
1967 4547 2068 4591 no-

416 4615 582 4677 mine
611 4611 852 4675 Domini
881 4611 1069 4674 nostri
1099 4614 1235 4675 Jesu
1269 4613 1517 4674 Christi.

486 4795 720 4854 [Mater
742 4801 940 4852 catera
965 4807 1102 4850 vero
1125 4793 1329 4850 accidit
1353 4793 1688 4866 aliquando,
1710 4802 1773 4852 ut
1805 4796 1852 4854 el
1891 4797 2063 4856 homo

2158 3728 2353 3807 χρόνου
2410 3733 2518 3784 τῶν
2573 3728 2810 3803 σημείων
2865 3725 3150 3804 ἀρξάμεος,
3201 3721 3450 3798 δαίμονος
3509 3720 3805 3778 ἀπέλαυνεν

2155 3817 2263 3873 ἀπὸ
2321 3823 2427 3874 τῶν
2491 3816 2781 3895 ἀνθρώπων
2853 3821 2921 3892 τῇ
2977 3816 3166 3873 τούτου
3254 3810 3534 3888 ὀνομασία·
3601 3809 3804 3876 πολλῆς

2154 3927 2212 3961 τε
2253 3907 2439 3984 φήμης
2485 3909 2688 3984 ἀγαθῆς
2722 3906 2840 3980 περὶ
2895 3908 3052 3963 αὖτοῦ
3082 3900 3372 3982 ᾇδομένης³
3407 3903 3436 3956 ὁ
3477 3899 3581 3967 τῆς
3645 3899 3804 3955 Μελί-

2155 4018 2248 4053 του
2279 3996 2490 4061 πόλεως
2538 3994 2628 4075 (1)
2682 3994 2970 4059 ὁσιώτατος
3003 3993 3293 4056 ἐπίσκοπος
3337 3988 3577 4064 ταῦνομα
3621 3989 3798 4054 Φιλη-

2156 4088 2246 4150 τδς
2307 4086 2534 4151 ἀκούσας
2566 4086 2632 4142 τὰ
2687 4085 2824 4140 κατὰ
2880 4087 2972 4141 τὸν
3017 4082 3162 4138 ὅσιον
3223 4079 3528 4160 Παρθένιον,
3565 4101 3798 4157 προσκα-

2155 4174 2447 4251 λεσάμενος
2493 4177 2648 4232 αὐτὸν
2677 4176 2766 4231 καὶ
2825 4173 3000 4230 πολλὰ
3029 4171 3374 4250 παραινέσας,
3408 4169 3544 4244 μετᾶ
3599 4168 3798 4232 πολλῆς

2155 4266 2394 4345 ἀνάγκης
2461 4275 2767 4344 χειροτονεῖ
2826 4264 2983 4320 αὐτὸν
3053 4258 3400 4341 πρεσϐύτερον
3472 4260 3559 4314 καὶ
3615 4280 3794 4336 περιο-

2155 4352 2345 4422 δνυτὴν
2417 4359 2515 4421 τῆς
2579 4353 2741 4422 αὖτῆς
2797 4351 3023 4409 Μελίτου
3079 4349 3290 4414 πόλεως
3350 4349 3500 4426 ἁγίας
3562 4347 3792 4414 Ἐκκλη-

2158 4443 2299 4507 σίας,
2360 4444 2620 4520 Συνήργει
2663 4439 2719 4497 δὲ
2790 4441 2932 4514 αὐτῷ
2973 4443 3009 4508 ἡ
3067 4438 3228 4520 χάρις
3289 4442 3393 4494 τῶν
3444 4438 3686 4512 ἰαμάτων
3742 4437 3788 4491 ἐν

2153 4538 2284 4588 πᾶσι
2343 4544 2463 4597 τοῖς
2519 4533 2848 4609 ἀσθενοῦσιν,
2907 4531 2997 4587 καὶ
3037 4528 3214 4586 πολλὰ
3270 4523 3538 4602 παράδοξα
3592 4541 3785 4601 σημεῖα

2153 4621 2320 4680 ἐποίει
2373 4621 2460 4679 ἐπὶ
2492 4622 2569 4697 τῷ
2611 4621 2833 4697 ὀνόματι
2895 4626 2985 4678 τοῦ
3025 4617 3211 4697 Κυρίου
3252 4617 3406 4691 ἡμῶν
3437 4614 3619 4683 Ἰησοῦ
3662 4622 3776 4693 Χρι-

2144 4721 2290 4771 στοῦ.

2225 4791 2303 4862 Β”.
2357 4800 2446 4860 Ἐν
2480 4801 2568 4864 οἷς
2630 4796 2822 4867 συνέϐη
2878 4797 3009 4857 ποτὶ
3056 4797 3356 4864 ὁπαντῆσαι
3385 4796 3530 4865 αὖτῷ
3590 4794 3772 4872 ἅνθρω-

414 4883 588 4946 ﬁeret
628 4878 888 4950 obviam,
921 4877 1016 4940 cui
1058 4895 1091 4938 a
1123 4884 1290 4969 tauro
1334 4878 1532 4940 fuerat
1563 4879 1816 4942 effossus
1847 4881 2060 4957 oculis,

2162 4913 2245 4947 τον
2315 4892 2419 4949 ὑπὸ
2492 4892 2683 4969 ταύρου
2749 4891 3121 4964 κερατισθεντα
3191 4888 3283 4944 τὸν
3353 4883 3645 4964 ὀφθαλμὸν,
3699 4884 3773 4939 καὶ

417 4989 595 5072 quem
623 4988 802 5070 manu
828 4987 932 5030 sua
959 4967 1321 5068 portabat,et
1343 4968 1601 5030 deﬂebat
1632 4969 1779 5031 Eum
1804 4988 1937 5031 cum
1969 4989 2063 5033 ac-

2162 4989 2334 5040 τοῦτον
2388 4967 2834 5057 ἀωοκρεμάμενον
2880 4978 3161 5055 βαστάζειν
3213 4977 3267 5033 ἒν
3326 4981 3392 5051 τῇ
3439 4976 3584 5053 χειρὶ
3639 4977 3774 5032 αὖταῖ

418 5061 679 5144 cepisset
724 5059 815 5120 vir
857 5065 1120 5134 sanctus,
1154 5066 1213 5119 et
1243 5058 1300 5118 in
1334 5077 1441 5120 suo
1491 5060 1621 5122 loco
1654 5059 2066 5142 imposuisset,

2152 5075 2233 5128 κοὶ
2289 5069 2649 5147 ὀλορύρεσθαι’
2684 5068 2745 5125 θν
2799 5065 3094 5142 λαϐόμενος
3147 5069 3176 5123 ὁ
3205 5065 3348 5130 ὅσιος
3398 5063 3533 5141 amt?
3563 5065 3649 5120 καὶ
3695 5062 3770 5118 ἒν-

419 5172 565 5228 aqua
589 5153 1000 5222 madefaciens,
1033 5152 1295 5239 intrihus
1326 5151 1530 5239 diebus
1562 5167 1768 5239 sanum
1799 5153 2063 5218 reddidit.

2162 5163 2256 5225 ἱεὶς
2315 5163 2391 5219 νὼ
2457 5157 2571 5234 ἰδίῳ
2627 5161 2798 5239 τόπῳ,
2831 5155 2978 5214 ὕδατι
3023 5153 3374 5235 καταϐρέχων
3430 5155 3596 5232 τρισὶν
3647 5152 3767 5226 api-

419 5241 704 5316 Quadam
741 5247 938 5300 autem
975 5230 1352 5317 mulier,qua
1380 5238 1440 5299 in
1473 5237 1770 5319 pudendis
1801 5240 2070 5321 corporis

418 5337 509 5399 sui
536 5333 806 5416 partibus
831 5348 1111 5392 cancrum
1148 5330 1406 5392 habebat
1431 5339 1788 5408 exstantem,
1822 5332 2070 5412 rogabat

417 5433 606 5488 virum
628 5435 984 5490 sanctum,ut
1005 5425 1284 5497 acciperet
1309 5425 1495 5482 morbi
1521 5427 2057 5486 curationem.San-

417 5619 545 5684 Pan

2153 5273 2268 5329 ραις
2327 5251 2452 5329 ὑγιῆ
2517 5247 2978 5316 ἀποκατέστησεν,
3053 5246 3191 5311 Γυνὴ
3263 5243 3318 5300 δέ
3387 5263 3470 5308 τις
3542 5244 3655 5321 περὶ
3715 5241 3766 5295 τὰ

2155 5339 2442 5418 ἀσχήμονα
2488 5337 2630 5412 μέλη
2675 5339 2768 5394 τοῦ
2797 5337 3045 5412 σώματος
3089 5333 3290 5414 ἔχουσα
3342 5333 3593 5409 καρκίνου
3620 5331 3761 5409 φύμα,

2142 5427 2316 5484 ἕδέετο
2374 5437 2468 5486 τοῦ
2503 5428 2648 5484 ὁσίου
2679 5425 2860 5502 ἀνδρος
2893 5423 3039 5482 ἴασιν
3097 5430 3190 5480 τοῦ
3220 5423 3415 5486 πάθους
3466 5420 3673 5483 λαϐεῖν,
3712 5420 3760 5474 '0

487 5548 569 5677 (ίί
617 5544 680 5600 In
715 5541 951 5630 antiqua
1000 5541 1197 5630 notitia
1232 5555 1403 5613 quam
1460 5541 1636 5599 Cdldil
1668 5540 1908 5628 βποιυξ
1931 5559 1963 5601 ει
1995 5543 2052 5602 8ο
2139 5567 2314 5624 quam
2339 5553 2442 5610 «in
2471 5560 2677 5636 stagno
2699 5552 2930 5636 Artynia
2952 5547 3491 5634 oririRhyndacum
3515 5561 3750 5606 omnem:

487 5635 545 5677 lu
571 5633 632 5677 ο.
656 5610 1049 5677 Μιλιτουπολις
1083 5613 1320 5676 dicitur.
1357 5611 1436 5674 Ea
1469 5630 1600 5675 esse
1630 5615 1864 5676 Videtur
1893 5632 2054 5677 tuna
2139 5623 2366 5677 Plinius
2395 5625 2592 5677 scrlbll
2616 5639 2668 5677 ν.
2701 5623 2792 5677 32.
2833 5624 2962 5677 licet
2983 5620 3319 5677 luctamine
3346 5621 3616 5677 annellet.

571 5633 632 5688 ο,
656 5610 1049 5678 Μιλιτοῦπολις
1070 5610 1320 5676 dicitur.
1357 5611 1436 5674 Ea
1469 5630 1600 5675 esse
1630 5614 1864 5676 videtur
1885 5616 2054 5696 justa
2139 5610 2366 5683 ﬁliolus
2395 5610 2596 5683 scribi't'
2616 5610 2668 5694 v,
2701 5610 2962 5691 32,'licet
2983 5610 3319 5694 Ιϋοιορόιίςι
3346 5621 3616 5693 appellet.

3711 203 3844 278 1348
3904 203 3912 262 ί
