3932 6140
139 280 316 348 1349
1443 281 1629 347 VITA
1673 281 1734 346 S.
1792 283 1803 344 l

1968 277 2242 345 PHENII.
3375 276 3528 346 1350

130 416 204 474 δὲ
253 420 339 475 επὶ
382 422 460 493 τῷ
509 417 743 493 μετώπῳ
791 421 953 484 tit-317i:
998 418 1230 486 ποιήσας
1288 418 1386 484 τὴν
1435 416 1528 474 τοῦ
1573 421 1798 495 Χριστοῦ

1968 432 2013 474 is
2037 430 2176 475 vero
2197 411 2258 472 in
2283 411 2414 492 ejus
2437 410 2635 474 fronte
2655 410 2808 472 facto
2831 411 2999 491 signo
3033 412 3394 487 criicis,eam
3422 431 3525 475 cn-

130 506 447 588 σςρραγϊδα,
508 507 696 564 ἰάσατο
767 507 930 575 αὐτὴν
989 507 1351 587 παραχρῆμα,
1411 507 1501 562 καὶ
1557 505 1800 570 ἐξέπεσεν

1968 504 2032 566 iit
2063 502 2334 584 protinus
2371 523 2384 561 :
2422 509 2484 562 et
2513 500 2738 564 excidit
2766 501 2840 564 ab
2869 520 2939 564 ea
2972 503 3243 577 morbus,
3275 502 3426 565 adeo
3458 513 3527 565 ut

130 596 202 662 ἐξ
255 596 419 664 αὐτῆς
456 598 520 653 τὸ
563 599 729 660 παθος
791 599 865 660 ὡς
913 593 1062 659 εἶδος
1109 597 1377 673 καρκίνου,
1438 595 1526 651 καὶ
1575 593 1800 674 ἤρκεσεν

1968 593 2118 656 scies
2150 591 2353 654 cancri
2407 589 2498 653 vel
2549 591 2738 672 ipsam
2796 599 3014 653 terram
3061 592 3521 656 exulceraverit.

130 687 242 743 ἐπὶ
286 687 384 754 τὴν
444 692 572 764 γῆν.
621 687 823 750 Πάντες
859 684 911 741 δὲ
973 686 1020 742 οἳ
1079 685 1337 764 παρόντες
1389 685 1706 761 θεασάμενοι
1735 684 1796 740 16

1979 701 2053 745 nc
2077 699 2288 744 omnes
2311 681 2414 759 qui
2437 680 2860 757 aderant,cum
2896 681 3010 744 hoc
3041 681 3328 744 vidissent
3350 681 3527 744 mira-

130 777 434 855 τεράστιον
489 779 688 853 θαῦμα,
748 773 950 832 ἔδωκαν
1009 775 1166 833 αἶνον
1234 777 1312 850 τῷ
1381 778 1796 850 θαυμαστοποιῷ

132 873 296 940 eaq).
391 864 802 946 ’Λπερχομένου
867 888 962 922 του
1046 870 1307 943 μακαρίου
1381 866 1453 928 είς
1521 865 1795 941 ἐπίσκεψιν

133 977 301 1017 τινος
359 953 629 1032 ἀρρώστου
681 956 752 1011 ἐν·
800 962 877 1030 τῷ
933 953 1162 1032 βαδίζειν
1207 956 1366 1012 αῦτὸν
1411 954 1600 1032 ἀθρόον
1656 956 1798 1011 κύων

131 1045 510 1122 παμμεγέθης
557 1046 645 1102 καὶ
696 1045 880 1125 φόνιος
935 1042 1216 1122 διαῤῥήξας
1275 1046 1375 1111 τὴν
1419 1044 1798 1123 περικειμένην

137 1138 302 1208 αὐτῷ
347 1133 529 1192 ἅλυσιν
590 1133 920 1203 ἐξεπήδησεν
963 1133 1071 1190 ἀπὸ
1117 1133 1284 1196 οἰκίας
1339 1134 1482 1198 τινὸς
1531 1134 1637 1190 τῶν
1694 1156 1799 1209 με-

139 1225 425 1302 γιστάνων
478 1225 566 1281 καὶ
620 1223 856 1292 ἀπῆλθεν
900 1225 1066 1304 αὑτῷ,
1113 1224 1203 1281 καὶ
1247 1223 1417 1302 ὄρθιος
1450 1223 1536 1279 ἐπὶ
1564 1227 1658 1280 τοῦ
1689 1223 1802 1280 σώ-

139 1335 328 1388 ματος
374 1317 533 1374 αὐτοῦ
577 1312 730 1382 ἔστη.
783 1305 841 1371 Ὀ
890 1311 944 1369 δὲ
989 1313 1134 1375 ὅσιος
1191 1312 1503 1389 ἐμφυσήσας
1548 1314 1804 1387 αὐτῷκαὶ

138 1404 250 1458 τὸν
307 1406 530 1483 σταυρὸν
590 1409 683 1460 τοῦ
747 1409 972 1480 Χριστοῦ
1015 1402 1405 1478 ποιησάμενος,
1469 1402 1805 1482 παραχρῆμα

139 1490 406 1570 ὶξήρανεν
454 1491 551 1549 καῖ
582 1494 765 1572 νεκρὸν
796 1493 903 1549 ἀπὸ
935 1497 1040 1548 τῶν
1071 1490 1236 1567 ὤμων
1266 1495 1426 1548 αὒτοῦ
1457 1491 1543 1548 ἐπὶ
1573 1493 1673 1561 τὴν
1701 1497 1804 1570 γῆν

136 1580 385 1658 ἔῤῥιψεν.

232 1665 316 1734 Γ’.
367 1679 542 1729 Ταῦτα
585 1670 772 1728 καὶτά
801 1671 1010 1733 τούτοις
1056 1670 1408 1750 παραπλῇσια
1467 1671 1718 1739 ἀκηκοὼς
1774 1674 1802 1728 6

1879 771 2411 844 culum,dederunt
2430 769 2667 832 laudem
2689 778 2747 832 et
2769 771 3018 850 gloriam
3037 770 3161 833 Deo
3185 765 3527 850 nostro,qui

1879 859 2020 922 facit
2045 860 2355 924 miracula.
2388 860 2534 922 Cum
2587 863 2787 942 itaque
2817 861 2928 922 iret
2958 859 3282 941 aliquando
3315 860 3528 925 beatus

1879 948 2237 1012 Parthenius
2258 952 2328 1012 ad
2355 949 2665 1012 visendum
2699 950 3020 1031 quemdam
3052 952 3530 1030 aegrotum,inter

1883 1039 2150 1102 eundum
2199 1049 2452 1122 repente
2502 1040 2669 1103 canis
2720 1039 2979 1120 ingentis
3005 1041 3443 1122 magnitudinis
3470 1049 3529 1103 et

1886 1127 2108 1192 caedem
2133 1130 2577 1210 spirans,rupta
2600 1135 2971 1210 catena,qum
2993 1129 3050 1191 ei
3071 1129 3262 1192 fuerat
3284 1129 3528 1211 imposi-

1886 1225 1965 1292 ta,
2000 1219 2220 1282 exsiliit
2260 1239 2292 1281 a
2334 1219 2589 1300 quadam
2618 1219 2798 1281 domo
2822 1218 3138 1299 cujusdam
3162 1238 3233 1282 ex
3256 1223 3526 1301 proceri-

1885 1306 2017 1383 bus,
2045 1318 2104 1370 et
2133 1328 2267 1371 eum
2301 1308 2543 1386 invasit,
2579 1315 2638 1371 et
2666 1317 2869 1371 rectus
2904 1309 3068 1370 stetit
3099 1326 3281 1388 supra
3310 1327 3532 1391 corpus

1887 1398 2300 1478 ejus.Sanctus
2331 1407 2526 1461 autem
2563 1417 2696 1461 cum
2735 1398 2798 1462 in
2829 1417 2965 1460 eum
2999 1399 3374 1479 spirasset,et
3395 1419 3528 1463 cru-

1887 1504 2017 1549 cem
2052 1487 2277 1550 Christi
2313 1487 2576 1564 fecisset,
2611 1496 2863 1569 repente
2889 1486 3298 1564 exsiccavit,et
3326 1490 3399 1552 ab
3426 1490 3530 1552 hu-

1888 1577 2070 1638 meris
2103 1577 2228 1639 suis
2258 1577 2319 1638 in
2342 1587 2562 1640 terram
2589 1577 2847 1659 projecit
2870 1585 3202 1640 mortuum.

1967 1668 2066 1730 Ill.
2100 1665 2239 1730 Haec
2274 1677 2329 1730 et
2361 1667 2454 1730 his
2485 1667 2711 1729 similia
2739 1686 2874 1729 cum
2910 1667 3373 1750 audivisset,qui
3403 1679 3531 1733 erat

134 1759 274 1818 κατ’
329 1764 541 1817 ἒκετνον
599 1762 690 1817 τὸν
759 1763 944 1838 καιρὸν
1002 1761 1296 1824 ὁσιώτατος
1357 1760 1646 1826 ἐπίσκοπος
1705 1767 1801 1829 τῆς

1968 1775 1987 1818 ι
2019 1766 2296 1838 tempore
2325 1757 2743 1820 sanctissimus
2774 1756 3194 1839 Cyzicenorum
3219 1769 3526 1841 metropo-

137 1856 456 1909 Κυσικινῶν
522 1849 932 1926 μητροπόλεως,
980 1848 1212 1924 τοῦνομα
1260 1849 1578 1930 ’.ι’σχὸλιος,
1629 1872 1801 1927 μετα-

134 1939 500 2016 στειλάμενος
557 1941 648 1996 16v
689 1938 836 1996 ὅσιον
880 1947 1066 1998 τοῦτον
1129 1941 1438 2020 Παρθένιον,
1495 1941 1568 2006 εἷς
1601 1944 1660 1997 τὸ
1705 1947 1801 2008 τῆς

138 2030 459 2097 ἐπισκοπῆς
520 2027 726 2104 ἀξίωμα
784 2032 1222 2110 προεχειρίσατο,
1259 2030 1346 2086 καὶ
1379 2030 1634 2109 μέγιστον
1693 2029 1800 2086 δῶ-

143 2142 248 2198 ρον
279 2126 348 2196 τῇ
384 2124 755 2194 Λαμψακινῶν
813 2115 968 2174 πόλει
1008 2118 1299 2198 ἐχαρίσατο
1336 2139 1349 2153 δ
1385 2121 1412 2173 6
1443 2117 1499 2174 δὲ
1531 2116 1803 2198 ἄνθρωπος

142 2220 251 2269 τοῦ
317 2216 447 2267 Θεοῦ
518 2209 800 2285 Παρθένιος
860 2207 1079 2271 ἐπιστὰς
1136 2214 1204 2284 τῇ
1261 2208 1606 2286 ἀφιερωθείσῃ
1663 2210 1806 2283 αὒτῷ

145 2299 310 2356 πόλει
387 2299 692 2373 Λαμψάκῳ,
784 2298 879 2354 καί
969 2299 1131 2374 εὑρὼν
1228 2300 1383 2354 αὗτον
1456 2299 1800 2375 κατείδωλον,

143 2389 343 2456 ἠνιᾶτο
403 2387 585 2450 δεινῶς
629 2404 644 2419 ⁶
705 2386 849 2454 πλὴν
872 2389 930 2443 0'6
961 2386 1195 2443 διέλιπεν
1226 2390 1365 2444 κατὰ
1411 2390 1502 2444 τὸν
1532 2388 1800 2446 Ἀπόστο-

144 2478 250 2535 λον
321 2482 600 2551 νουθετῶν,
691 2477 1042 2556 παρακαλῶν,
1102 2477 1390 2552 ἐπιτιμῶν,
1443 2477 1799 2535 ὑποδεικνύων

147 2573 344 2631 αὐτοῖς
403 2569 503 2634 τὴν
564 2566 684 2623 ὁδὸν
742 2573 840 2635 τῆς
901 2566 1154 2634 ἀληθείας
1217 2569 1432 2633 καὶτὴν
1463 2571 1799 2641 ματαιότητα

145 2664 263 2714 τῶν
321 2656 552 2714 εἷδωλων
611 2658 701 2712 καὶ
757 2659 1172 2735 θαυματουργῶν
1208 2656 1261 2712 ἐν
1306 2662 1382 2729 τῷ
1428 2657 1648 2732 ὀνόματι
1707 2665 1799 2716 τοῦ

149 2748 349 2826 Κυρίου
393 2746 552 2822 ἡμῶν
595 2745 775 2814 Ἰησοῦ
819 2753 1067 2824 Χριστοῦ,
1128 2749 1214 2802 καὶ
1265 2748 1492 2822 ἰώμενος
1543 2749 1666 2810 τοὺς
1700 2747 1795 2825 ἐιρο

143 2838 388 2915 ρώστους
424 2840 618 2912 αὐτῶν,
653 2837 740 2893 καὶ
772 2836 936 2899 οὕτως
983 2836 1103 2892 κατ’
1155 2836 1336 2912 ὀλίγον
1396 2836 1644 2893 εἵλκυσεν
1701 2838 1798 2893 αὒ-

145 2928 280 2987 τοὺς
313 2928 386 2990 εἷς
434 2927 532 2992 τὴν
587 2925 875 3000 ἐπίγνωσιν
918 2928 1010 2981 τοῦ
1069 2928 1315 3003 Χριστοῦ.
1352 2925 1498 2983 Ἰδὼν
1529 2925 1583 2982 δὲ
1615 2929 1799 2992 αὐτοὺς

149 3019 600 3095 προσκόπτοντας
645 3015 701 3070 ἐν
749 3020 816 3091 τῇ
873 3015 1046 3072 πίστει
1087 3018 1174 3070 καὶ
1219 3023 1665 3094 περιφρονοῦντας
1697 3024 1802 3074 τῶν

1886 1845 1957 1908 lis
1986 1846 2325 1927 episcopus,
2363 1848 2611 1909 nomine
2665 1847 3014 1924 Ascholius,
3071 1867 3206 1910 cum
3259 1851 3525 1912 accersi-

1884 1936 2070 1999 visset
2097 1937 2506 2000 venerandum
2539 1946 2600 1999 et
2652 1945 2924 2000 sanctum
2956 1937 3120 1999 hunc
3152 1938 3342 2000 virum
3376 1943 3528 2002 Par-

1886 2025 2184 2100 thenium,
2218 2045 2357 2089 eum
2393 2025 2664 2110 praefecit
2717 2026 3006 2106 dignitate
3036 2028 3435 2110 episcopatus,
3471 2038 3532 2092 et

1890 2115 2215 2178 maximum
2249 2116 2551 2179 concessit
2573 2116 2798 2179 donum
2832 2117 3055 2179 civitati
3083 2117 3220 2180 Lam
3233 2137 3529 2199 psaceno-

1886 2222 2044 2265 rum.
2079 2205 2271 2267 Homo
2297 2214 2495 2268 autem
2529 2205 2640 2267 Dei
2671 2205 3052 2280 Parthenius,
3104 2227 3238 2269 cum
3273 2211 3532 2272 venisset

1887 2293 1959 2354 ad
1991 2294 2044 2355 ei
2100 2294 2433 2357 dedicatam
2491 2294 2790 2358 civitatem
2849 2296 3263 2375 Lampsacum,
3301 2309 3359 2361 et
3391 2317 3524 2360 eam

1887 2383 2216 2446 invenisset
2240 2384 2504 2446 deditam
2540 2384 2726 2446 cultui
2756 2385 3236 2461 simulacrorum,
3271 2391 3529 2464 graviter

1885 2473 2238 2552 angebatur.
2269 2474 2384 2536 Sed
2419 2493 2536 2536 non
2569 2474 2864 2551 cessabat,
2893 2477 3045 2536 sicut
3073 2476 3394 2556 Apostolus
3422 2478 3528 2539 ad-

1887 2574 2088 2625 monet
2140 2566 2188 2640 ί,
2243 2583 2478 2644 rogare,
2539 2564 2879 2644 increpare,
2930 2565 3197 2628 veritatis
3256 2567 3406 2628 viam
3439 2569 3528 2630 eis

1885 2654 2231 2733 ostendere,
2268 2653 2876 2734 imbecillitatemque,
2894 2663 2953 2716 et
2986 2656 3294 2717 vanitatem
3331 2657 3523 2718 simu-

1883 2742 2182 2805 lacrorum
2219 2763 2232 2808 :
2272 2753 2330 2806 et
2363 2745 2584 2805 iaciens
2618 2745 2905 2805 miracula
2957 2745 3018 2805 in
3053 2745 3296 2807 nomine
3326 2745 3528 2808 Domi-

1887 2832 1946 2892 ni
1981 2835 2171 2894 nosui
2201 2833 2344 2896 Jesu
2378 2835 2620 2906 Christi,
2656 2843 2713 2894 et
2744 2852 2961 2895 curans
2985 2853 3192 2895 eorum
3229 2836 3522 2912 inﬁrmos,

1886 2923 2167 3001 paulatim
2206 2924 2384 2986 traxit
2414 2942 2517 2984 eos
2550 2923 2622 2983 ad
2659 2924 2764 2984 Dei
2805 2923 3353 3002 agnitionein.Cum
3386 2944 3524 2988 vero

1885 3011 2133 3075 vidisset
2165 3031 2264 3074 eos
2299 3015 2590 3092 proiicere
2623 3015 2681 3074 in
2718 3013 2854 3089 lide,
2893 3022 2951 3074 et
2982 3014 3303 3075 simulacra
3332 3014 3530 3095 despi-

151 3105 419 3184 εἰδώλων,
453 3103 727 3172 ἦϐουλήθη
758 3103 1008 3161 καθελεῖν
1038 3105 1158 3166 τοὺς
1204 3107 1362 3168 ναοὺς
1395 3111 1499 3162 τῶν
1535 3109 1800 3183 ματαίων;

1968 3119 2048 3175 re,
2105 3102 2290 3164 voluit
2345 3121 2554 3163 eorum
2616 3103 2836 3181 templa
2867 3103 3111 3165 diruere
3143 3113 3200 3165 et
3228 3105 3526 3167 aediﬁcare

153 3197 252 3252 καὶ
303 3195 653 3270 οἰκοδομῆσαι
705 3193 993 3261 ἐκκλησίαν
1043 3194 1128 3250 ἐπὶ
1173 3199 1250 3266 τῷ
1294 3196 1516 3268 ὀνόματι
1548 3204 1640 3252 τοῦ
1690 3207 1800 3255 Κυ-

156 3287 276 3363 ρίου
319 3287 474 3360 ἡμῶν
506 3284 688 3351 ’[ησοῦ
749 3283 994 3361 Χριστοῦ,
1045 3281 1328 3364 Ἐπισχὼν
1380 3283 1435 3339 δὲ
1484 3286 1637 3343 αὗτὸν
1671 3285 1800 3342 ἐπε-

157 3373 442 3452 λογήσατο
506 3371 586 3428 ὅτι
647 3375 674 3428 6
727 3373 978 3450 βασιλεὺς
1041 3375 1352 3450 Χριστιανὸς
1435 3375 1522 3430 καὶ
1580 3372 1800 3444 εῦσεϐής

156 3465 333 3522 ἐστιν.
381 3466 594 3520 Δίκαιον
638 3465 726 3520 οῦν
769 3464 1000 3542 ὃπάρχει
1050 3463 1185 3538 μετὰ
1235 3463 1456 3542 γνώμης
1490 3464 1652 3520 αὖε-οῦ
1697 3471 1802 3520 τῶν

158 3553 453 3610 εἷδωλικῶν
515 3560 656 3609 ναῶν
713 3553 811 3620 τὴν
872 3553 1168 3630 καθαίρεσιν
1227 3551 1569 3619 ποιήσασθαι.
1631 3559 1806 3610 Ταῦτα

155 3643 586 3721 βουλευσάμενος
647 3645 674 3699 ὁ
736 3642 980 3721 θεράπων
1025 3650 1116 3698 τοῦ
1192 3648 1443 3721 Χριστοῦ,
1498 3643 1704 3720 ἀπάρας
1747 3648 1806 3699 εκ

155 3738 264 3804 τῆς
319 3733 530 3797 πόλεως
591 3732 918 3808 Λαμψάκου,
955 3730 1359 3799 καταλαμϐάνει
1404 3732 1502 3800 τὴν
1560 3732 1804 3809 βασιλίδα

156 3823 344 3886 πόλιν.
397 3825 541 3882 Κατά
595 3825 876 3901 συγκυρίαν
919 3820 971 3877 δὲ
1032 3819 1224 3889 συνέϐη
1269 3827 1369 3890 τῆς
1413 3820 1533 3890 ἑξῆς
1578 3825 1666 3881 τὸν
1713 3825 1803 3880 εύ-

158 3912 298 3982 σεϐἧ
355 3912 580 3991 βασιλέα
636 3922 1042 3970 Κωνσταντϊνον
1111 3911 1352 3968 κατιέναι
1409 3913 1657 3992 ὀχήματι
1729 3915 1801 3976 εἷς

159 4004 444 4078 ἐπίσκεψιν
476 4009 582 4060 τῶν
625 4003 829 4080 ὡρείων
873 4000 968 4058 τοῦ
1024 4001 1172 4060 σίτου
1205 4017 1219 4031 ’
1267 4003 1355 4058 καὶ
1412 4002 1715 4079 προσελθὼν
1775 4005 1803 4059 6

159 4093 312 4158 ὅσιος
343 4093 476 4172 ἀνὴρ
519 4090 686 4158 ἔδειξε
718 4092 784 4147 τὰ
813 4092 913 4158 τῆς
965 4092 1250 4161 αἰτήσεως.
1305 4091 1366 4149 Ὀ
1411 4089 1465 4147 δὲ
1497 4090 1664 4156 ὄντως
1709 4117 1804 4173 φι-

159 4181 456 4263 λόχριστος
498 4179 746 4259 βασιλεὺς
798 4179 1009 4246 ἐδεξατο
1053 4180 1154 4248 τὴν
1201 4179 1444 4256 α’ίτησιν,
1491 4184 1579 4238 καὶ
1631 4205 1802 4256 προσ-

160 4271 345 4339 έταξεν
404 4275 562 4331 αὐτον
635 4270 887 4350 προάγειν
941 4271 1014 4334 εἰς
1071 4271 1138 4326 τὰ
1205 4269 1471 4347 βασίλεια,
1522 4269 1652 4352 ἄχρι
1711 4280 1805 4330 τοῦ

158 4362 512 4442 ὑποστρέφειν
554 4362 712 4418 αὐτὸν
756 4361 862 4417 ἀπὸ
904 4367 1011 4417 τῶν
1070 4361 1269 4436 ὡρείων
1336 4369 1430 4420 τοῦ
1473 4361 1643 4424 σίτου,
1708 4364 1804 4421 Καὶ

1888 3191 2207 3253 ecclesiam
2242 3190 2303 3252 in
2336 3194 2581 3253 nomine
2616 3191 2855 3255 Domini
2895 3195 3083 3254 nostri
3104 3191 3244 3256 Jesu
3280 3194 3522 3259 Christi.

1887 3278 2030 3341 Cum
2059 3298 2124 3341 se
2153 3290 2352 3342 autem
2389 3282 2792 3355 sustinuisset,
2821 3281 2906 3342 sic
2936 3283 3161 3356 statuit,
3195 3284 3354 3362 quod
3386 3303 3523 3345 cum

1888 3368 2216 3448 imperator
2244 3371 2319 3430 sit
2349 3370 2725 3432 Christianus
2756 3379 2815 3430 et
2844 3369 2999 3449 pius,
3029 3371 3260 3450 justum
3291 3372 3366 3432 sit
3393 3374 3524 3454 ejus

1887 3459 2183 3518 sententia
2240 3459 2599 3538 templorum
2661 3458 2960 3520 idolorum
3020 3461 3522 3526 ﬁeridemolitio-

1891 3563 2051 3609 nem.
2086 3545 2222 3608 Haec
2255 3566 2389 3609 cum
2424 3549 2579 3628 apud
2613 3567 2679 3611 se
2711 3548 3016 3610 statuisset
3069 3549 3286 3612 Christi
3318 3570 3524 3616 servus

1889 3635 2269 3713 Parthenius,
2306 3647 2365 3700 et
2391 3638 2668 3701 solvisset
2699 3657 2768 3700 ex
2799 3639 3030 3701 civitate
3060 3639 3524 3720 Lampsaco,ve-

1889 3722 1976 3783 nit
2007 3729 2066 3786 in
2102 3727 2313 3787 urbem
2347 3728 2596 3804 regiam.
2635 3730 2807 3789 Forte
2838 3735 3034 3788 autem
3068 3727 3305 3809 accidit,
3333 3738 3396 3791 ut
3428 3730 3524 3793 die

1891 3816 2162 3894 sequenti
2197 3815 2328 3896 pius
2360 3815 2688 3896 imperator
2731 3817 3157 3880 Constantinus
3189 3819 3526 3884 descende-

1888 3913 1980 3965 ret
2013 3904 2074 3964 in
2104 3903 2380 3967 vehiculo
2411 3906 2485 3967 ad
2538 3905 2832 3968 videndos
2887 3923 3082 3986 agros.
3117 3907 3206 3969 Ad
3240 3927 3377 3971 eum
3410 3911 3524 3972 ita-

1888 4009 2005 4072 que
2028 3994 2326 4056 accedens
2359 3995 2452 4057 vir
2483 4003 2745 4070 sanctus,
2780 3997 3053 4077 exposuit
3083 3996 3139 4059 ei
3169 4015 3335 4060 suam
3364 4001 3523 4080 peti-

1889 4081 2136 4144 tionem.
2170 4082 2561 4148 Venerandus
2588 4104 2726 4149 vero
2759 4095 2820 4148 et
2853 4086 3026 4167 plane
3071 4085 3288 4148 Christi
3317 4107 3524 4153 amans

1888 4171 2218 4252 imperator
2247 4174 2973 4256 Constantinus,benigne
3002 4176 3232 4256 accepit
3260 4177 3387 4257 ejus
3418 4199 3522 4260 pe-

1891 4260 2193 4339 titionem,
2225 4272 2284 4325 et
2309 4264 2480 4327 valde
2509 4273 2599 4327 est
2632 4265 2863 4328 laetatus
2895 4287 2911 4344 ;
2930 4265 3232 4347 jussitque
3263 4285 3398 4329 eum
3435 4269 3528 4333 ire

1889 4351 1949 4414 in
1979 4353 2226 4432 regiam,
2263 4361 2324 4417 et
2381 4363 2728 4434 exspectare
2781 4356 2973 4418 donec
3031 4355 3162 4436 ipse
3189 4357 3422 4420 rediret
3448 4359 3526 4422 ab

163 4441 600 4533 παραγενόμενος
661 4451 909 4526 ἀσμένως
963 4447 1252 4515 ἀπεδέξατο
1318 4451 1410 4508 τὸν
1455 4448 1602 4507 ὅσιον
1645 4450 1803 4530 ἄνδρα

1968 4443 2070 4503 ris.
2103 4441 2403 4506 Reversus
2429 4444 2627 4525 itaque
2657 4443 2984 4526 imperator
3013 4445 3074 4507 in
3109 4445 3414 4526 palatium,
3434 4449 3526 4511 iu-

163 4545 257 4601 καὶ
299 4541 682 4620 περιεπτύξατο
731 4541 818 4598 καὶ
866 4537 1116 4620 εὔχεσθαι
1161 4539 1292 4619 ὑπὲρ
1327 4541 1484 4598 αὐτοῦ
1525 4539 1750 4611 ἠξίωσεν
1786 4563 1800 4579 ο

165 4631 253 4691 διὰ
297 4633 497 4713 τάχους
547 4629 602 4687 δὲ
646 4629 964 4708 προσέταξεν
1017 4628 1258 4706 γενέσθαι
1291 4631 1607 4709 πρόσταγμα
1651 4631 1808 4691 ἕνεκα

162 4727 266 4792 τῆς
323 4720 676 4800 καθαιρέσεως
732 4720 840 4778 τῶν
914 4715 1203 4775 εἰδωλικῶν
1279 4718 1446 4798 ναῶν,
1507 4721 1594 4776 καί
1651 4727 1806 4778 τοῦτο

160 4813 406 4890 κυρώσας
467 4810 594 4874 ταῖς
658 4810 822 4873 θείαις
903 4810 1064 4868 αὐτοῦ
1119 4805 1440 4883 συλλαϐαῖς,
1498 4807 1674 4866 δίδωσι
1731 4818 1808 4886 τῷ

161 4902 412 4982 μακαρίῳ
469 4905 558 4958 καὶ
616 4900 839 4980 χρυσίον
902 4895 958 4954 δὲ
1020 4898 1204 4955 ἱκανὸν
1247 4894 1472 4954 δέδωκεν
1531 4900 1673 4974 αὖτῷ
1731 4901 1805 4964 εἷς

159 4992 499 5072 ἀπαρτισμὸν
569 4989 662 5058 νῆς
753 4989 905 5067 ἁγίας
967 4993 1060 5044 106
1120 4993 1254 5044 Θεοῦ
1311 4985 1659 5061 Ἐκκλησίας,
1720 4992 1808 5048 καὶ

160 5081 544 5156 ἀσπασάμενος
577 5079 735 5137 αὺτὸν
769 5075 1029 5135 ἀπέλυσεν
1069 5074 1124 5132 ἰν
1153 5077 1360 5156 εἰρήνῃ,

245 5170 331 5230 Δ’.
377 5167 696 5228 Ἐπανελθὼν
754 5165 809 5222 δὲ
871 5169 900 5224 6
944 5167 1206 5246 μακάριος
1252 5167 1306 5225 ἐν
1366 5173 1434 5245 τῇ
1489 5166 1593 5240 ἰδίᾳ
1649 5165 1804 5226 πόλει

162 5262 472 5338 Λαμψάκῳ,
532 5261 639 5317 τῶν
695 5265 838 5315 ναῶν
891 5259 990 5325 τὴν
1039 5258 1335 5336 καθαίρεσιν
1394 5260 1658 5332 εποιεϊτο,
1717 5261 1805 5316 καὶ

161 5350 461 5431 δια-γράψας
519 5351 610 5406 τὸν
697 5347 1227 5426 καλλιπρεπέστατον
1284 5350 1377 5404 τοῦ
1433 5355 1564 5406 Θεοῦ
1619 5348 1797 5423 οἶκον,

159 5442 320 5506 αὒτὸς
344 5439 408 5498 δι’
434 5443 623 5498 ἑαυτοῦ
654 5439 887 5521 ἐφεστὼς
920 5439 1051 5516 πρὸς
1083 5439 1144 5494 τὸ
1175 5435 1328 5516 ἔργον
1358 5435 1565 5508 σπουδῆ
1595 5438 1796 5519 πολλῇ,

241 5625 263 5670 ί
293 5625 318 5686 ι
346 5623 498 5687 Tim.
531 5637 618 5700 1v,
645 5619 704 5684 2.

1887 4530 2102 4595 benter
2129 4533 2364 4615 accepit
2393 4534 2583 4596 virum
2621 4544 2915 4613 sanctum,
2950 4545 3011 4599 et
3040 4538 3388 4617 complexus
3418 4558 3522 4600 ro-

1891 4623 2047 4702 gavit
2077 4631 2140 4685 ut
2182 4643 2288 4705 pro
2339 4625 2468 4705 ipso
2514 4641 2904 4706 precaretur;
2959 4634 3020 4688 et
3050 4627 3320 4706 protinus
3342 4628 3531 4708 jussit

1890 4713 2024 4775 ﬁeri
2055 4732 2290 4777 sacrum
2347 4733 2455 4795 pro
2485 4713 2785 4777 idolorum
2821 4724 2880 4777 et
2925 4733 3134 4777 eorum
3171 4718 3528 4799 templorum

1892 4803 2373 4881 demolitione,et
2402 4822 2538 4866 cum
2570 4805 2684 4869 hoc
2711 4805 2835 4867 suis
2866 4805 3081 4867 divinis
3113 4807 3531 4871 confirmasset

1888 4893 2152 4973 syllabis,
2191 4893 2290 4955 dat
2343 4893 2660 4958 Parthenio
2716 4915 2854 4958 cum
2916 4894 3101 4958 multo
3130 4914 3276 4959 auro
3305 4897 3379 4959 ad
3402 4916 3531 4960 exs-

1891 4984 2249 5046 tructionem
2284 4993 2503 5046 sanctas
2533 4985 2644 5048 Dei
2694 4985 2968 5048 ecclesia
3003 5003 3016 5046 :
3053 4994 3114 5049 et
3142 5005 3277 5048 cum
3307 4990 3530 5068 ample-

1889 5091 2022 5149 xus,
2058 5073 2290 5135 dimisit
2315 5074 2376 5134 iu
2406 5091 2577 5155 pace.

1969 5163 2069 5226 ιν.
2099 5161 2398 5226 Reversus
2417 5176 2619 5226 autem
2643 5163 2854 5227 beatus
2875 5165 3231 5229 Parthenius
3262 5169 3324 5230 in
3354 5185 3525 5232 suam

1887 5252 2184 5316 civitatem
2207 5251 2626 5334 Lampsacum,
2659 5254 2883 5335 templa
2905 5255 3108 5332 diruit,
3143 5269 3204 5319 et
3233 5277 3368 5320 cum
3402 5260 3530 5339 pul-

1885 5347 2230 5404 cherrimam
2254 5353 2308 5402 et
2330 5348 2764 5404 ornatissimam
2787 5347 3303 5419 descripsissetDei
3323 5352 3526 5421 aedem,

1884 5438 2013 5516 ipse
2045 5451 2152 5516 per
2174 5450 2240 5496 se
2271 5432 2560 5496 assistens
2582 5433 2776 5514 operi,
2799 5450 3012 5514 magno
3036 5434 3235 5498 studio
3259 5454 3388 5498 eam
3422 5456 3528 5501 cu-
