3932 6140
462 266 606 335 1851

1710 265 1992 330 MENSIS
2045 266 2553 331 FEBRUABIUS.

3685 274 3801 340 135?

459 406 1246 468 rabatexcitandam.Eteuim
1270 417 1400 463 cum
1424 402 1589 461 multi
1612 402 1986 474 adnavigaren

2181 400 2279 465 τὴν
2321 403 2508 459 τούτου
2540 404 2815 483 ἀνέγερσιν
2862 405 3125 469 ἐποιεῖτο.
3182 406 3411 465 Πολλῶν
3464 429 3525 463 τε
3557 407 3649 485 γὰρ
3677 406 3801 471 ξένων

459 494 844 572 enavigarent
860 490 1278 568 hospites,non
1304 488 1687 566 contingebat
1706 486 1796 548 eis
1816 484 2093 559 transire,

461 589 572 653 nisi
600 587 764 667 prius
788 605 920 647 eum
949 584 1258 647 vidissent:
1291 590 1349 645 et
1368 583 1792 646 benedictione
1816 580 1888 642 ab
1914 599 1983 641 eo
2001 578 2099 640 di-

459 678 1103 759 gnati,eam,tanquam
1127 675 1449 736 multorum
1472 675 1765 735 honorum
1787 670 2092 742 viaticum,

456 770 799 831 auferentes
819 764 1490 837 recedebant.Quodam
1515 772 1715 826 autem
1736 763 1832 822 die
1848 760 2100 821 accessit

456 857 698 939 quidam
722 855 792 917 ad
820 855 1091 935 eum,qui
1112 856 1366 916 latenter
1383 855 1440 915 in
1464 873 1528 915 se
1548 851 1804 914 habebat
1825 851 2094 932 spiritum

453 945 750 1008 immundi
780 945 1283 1017 dzemonii.Quem
1309 964 1441 1006 cum
1473 943 1653 1022 longo
1680 949 1952 1021 tempore
1983 940 2096 1001 ha-

454 1036 830 1109 buisset,hoc
860 1035 1197 1115 ignorabat.
1224 1033 1335 1095 Hic
1365 1052 1505 1113 ergo
1540 1035 1717 1094 homo
1750 1050 1884 1093 cum
1912 1029 2095 1090 vidis-

452 1137 542 1189 set
560 1136 1002 1199 sanctum,eum
1029 1122 1529 1186 salutavitllomo
1553 1140 1693 1184 vero
1718 1120 2090 1182 DtiParthe-

452 1224 580 1279 nius
604 1235 734 1278 cum
755 1220 1122 1290 cognovisset
1144 1221 1463 1276 damonem
1488 1219 1584 1289 qui
1608 1219 1665 1273 in
1688 1232 1752 1273 eo
1776 1216 2090 1280 habitabat,

454 1325 589 1370 eum
624 1325 742 1367 non
772 1304 1159 1380 resalutavit;
1206 1304 1439 1366 daamon
1467 1311 1659 1364 autem
1689 1299 2090 1381 perturbatus,

451 1395 603 1459 dixit
623 1404 852 1456 sancto:
878 1394 1171 1466 Quoniam
1200 1394 1538 1456 desideravi
1563 1403 1620 1453 te
1642 1391 2015 1461 videre,ideo
2035 1399 2092 1452 te

448 1486 715 1549 salutavi:
745 1505 851 1546 cur
874 1493 933 1545 tu
959 1504 1077 1546 non
1102 1483 1371 1545 salutasli
1390 1490 1417 1546 ?
1441 1486 1698 1544 Sanctus
1720 1489 1914 1542 autem
1940 1479 2090 1541 Par-

2180 493 2590 550 καταπλεόντων
2634 496 2723 552 καὶ
2784 495 3184 567 ἀναπλεόντων,
3241 501 3340 555 οὐκ
3404 494 3681 578 ἐνεδέχετο
3726 498 3799 553 αὶ-

2179 594 2297 644 τοϊς
2352 581 2604 656 διελθεῖν,
2665 587 2709 641 εἴ
2741 587 2818 660 μὴ
2846 587 3103 666 πρότερον
3138 589 3299 644 αὒτὸν
3331 587 3672 666 ἐωράκεισαν
3701 607 3715 621 ο
3737 592 3801 644 καὶ

2180 676 2279 738 τῆς
2323 673 2451 751 παρ’
2482 676 2641 730 αὐτοῦ
2691 674 2932 755 εὐλογίας
2988 676 3310 753 ἀξιούμενοι,
3350 678 3432 741 ὡς
3470 675 3677 756 ἐφόδιον
3699 680 3799 734 tria

2179 784 2280 829 την
2338 762 2550 841 ἀγαθῶν
2608 766 2986 843 ἐπιφερόμενοι
3075 763 3312 829 ἄπεισιν,
3377 767 3706 844 Παρεγὲνετο
3758 767 3797 823 ἃ

2180 851 2412 926 ἄνθρωός
2471 874 2549 918 τις
2607 856 2738 930 πρὸς
2784 856 2943 912 αὺτὸν
3000 855 3200 935 ἔχοντα
3253 858 3542 931 πνεύμονα
3571 856 3798 931 δαιμονία)

2179 942 2474 1019 ἀκαθάρτου
2518 942 2571 997 ἐν
2624 948 2702 1015 τῷ
2745 942 3017 1020 λεληθότι,
3074 947 3131 1001 ὃν
3163 945 3309 1026 ἔχων
3343 950 3537 1026 οὗτος,
3571 949 3797 1021 θεασάμε-

2177 1053 2268 1093 νος
2313 1033 2405 1087 τὸν
2446 1031 2597 1109 ἅγιον
2629 1034 2914 1101 ἠσπάσατο
2957 1035 3137 1097 αὐτόν,
3172 1039 3234 1093 '0
3290 1034 3345 1091 δὲ
3417 1035 3693 1115 ἄνθρωπος
3731 1044 3798 1093 te.)

2178 1123 2309 1178 Θεοῦ
2367 1122 2647 1199 Παρθένιος
2686 1124 2842 1201 γνοὺς
2892 1126 2985 1180 τὸν
3036 1124 3092 1178 ἐν
3125 1124 3266 1199 αῦτῷ
3295 1128 3559 1182 οἰκοῦντα
3590 1124 3796 1201 δαίμονι,

2176 1210 2270 1266 οὒκ
2327 1210 2714 1276 ἀντησπάσαντο
2786 1213 2965 1276 αὐτόν,
3047 1206 3103 1272 Ὀ
3161 1213 3216 1270 δὲ
3265 1214 3480 1291 δαίμων
3542 1219 3800 1295 ταραχθεὶς

2176 1301 2302 1357 εἶπε
2360 1308 2437 1375 τῷ
2484 1302 2613 1373 ὁσίῳ
2648 1317 2661 1331 ⁶
2712 1301 2933 1371 Ἐπειδὴ
2977 1303 3257 1378 ἐπιθυμίαν
3310 1305 3494 1385 ἔσχον
3519 1311 3615 1362 τοῦ
3638 1307 3800 1364 05in-

2177 1392 2293 1446 σθαι
2340 1413 2421 1464 σε,
2470 1392 2559 1447 καὶ
2598 1392 2940 1467 ὠσπασάμην
2972 1415 3031 1449 σε
3065 1410 3080 1425 °
3115 1396 3177 1449 σὺ
3209 1393 3262 1450 δε
3307 1417 3378 1471 με
3412 1399 3518 1454 οὒκ
3549 1396 3802 1461 ἀντησπά-

2175 1501 2252 1535 σω
2287 1500 2303 1551 ;
2344 1471 2400 1538 ¢0
2433 1478 2487 1562 δὲ
2532 1480 2681 1546 ὅσιος
2725 1484 2855 1561 πρὸς
2917 1484 3073 1541 αὺτὸν
3107 1482 3233 1562 ἔψη,
3268 1486 3328 1542 Τί
3361 1484 3460 1543 οὖν
3492 1484 3638 1541 ’ἐστιν
3669 1502 3684 1559 ς
3718 1483 3804 1539 iis";

452 1576 697 1639 thenius
722 1574 864 1636 dicit
888 1576 940 1635 ei
975 1591 988 1636 :
1016 1573 1170 1636 Ecce
1199 1573 1398 1635 vidisti
1430 1570 1702 1652 me,quid
1736 1578 1858 1631 tum
1882 1569 1913 1628 ‘?
1937 1572 1984 1633 D

2174 1568 2285 1635 ἴδες
2324 1591 2415 1644 με.
2476 1561 2533 1627 Ὀ
2596 1570 2798 1653 δαίμων
2859 1570 3029 1650 λέγει,
3077 1561 3202 1653 Ναὶ,
3267 1576 3357 1631 καὶ
3423 1572 3585 1631 εἶδόν
3646 1596 3701 1630 σε
3736 1577 3805 1629 καὶ

449 1664 686 1729 daemon
716 1684 731 1728 ι
766 1663 836 1725 Et
866 1673 923 1726 te
966 1664 1113 1737 vidi,
1150 1671 1208 1724 et
1239 1666 1477 1742 agnovi.
1514 1662 1671 1724 Dicit
1704 1669 1942 1721 sanctus
1978 1678 1986 1722 :

2172 1659 2407 1737 ἐπέγνων
2452 1681 2511 1716 σε
2546 1676 2560 1690 '
2616 1652 2673 1719 Ὀ
2735 1659 2880 1726 ὅσιος
2912 1661 3060 1741 λέγει
3097 1679 3111 1694 ⁸
3150 1652 3207 1721 Ei.
3237 1662 3320 1720 ἐπ’
3354 1663 3625 1730 ἀληθείας
3653 1666 3802 1740 ἑωρα-

448 1773 664 1819 revera
691 1774 784 1816 me
811 1755 1008 1816 vidisti
1040 1762 1101 1817 et
1124 1755 1431 1832 agnovisti.
1470 1752 1765 1833 egredere
1794 1750 1913 1813 cito
1946 1768 1979 1811 ει

2169 1749 2280 1813 κὼς
2328 1748 2567 1828 ἐπέγνως
2618 1772 2710 1831 με,
2768 1750 2939 1816 ἔξελθε
3015 1753 3122 1809 ἀπὸ
3177 1761 3269 1812 τοῦ
3354 1753 3685 1829 πλάσματος
3731 1761 3805 1809 τοῦ

448 1854 687 1924 gmento
709 1844 840 1907 Dei.
874 1844 1031 1906 Dixit
1066 1847 1299 1905 daemon
1336 1862 1351 1901 :
1381 1842 1506 1904 Hoc
1541 1849 1727 1902 totum
1761 1848 1869 1913 est,
1899 1849 1963 1900 ut

2173 1846 2324 1902 Θεοῦ,
2388 1844 2447 1899 '0
2494 1840 2695 1917 δαίμων
2739 1841 2897 1898 εἶπεν
2935 1864 2948 1879 ο
2984 1841 3149 1900 ’Ὁλον
3195 1844 3320 1902 αὐτό
3354 1844 3532 1921 ἐστιν,
3571 1843 3665 1902 ἵνα
3694 1841 3801 1898 διώ-

449 1936 712 2015 expellas
735 1954 769 1996 a
791 1953 929 1995 mea
948 1933 1315 1996 habitatione
1333 1933 1362 1993 ?
1384 1932 1578 2006 Nunc,
1613 1950 1757 2007 rogo
1792 1939 1959 2005 te,ne

2170 1926 2264 2005 ξῃς
2324 1951 2391 2004 με
2426 1948 2442 2007 ;
2492 1932 2603 2005 Μὴ,
2639 1929 2826 2006 δέομαί
2857 1954 2976 2007 σου,
3011 1933 3146 2008 μετὰ
3190 1941 3447 1991 τοσοῦτον
3503 1935 3702 2013 χρόνον
3742 1933 3802 2007 μὴ

443 2025 709 2107 expelles
738 2033 872 2105 post
904 2034 1132 2085 tantum
1168 2023 1600 2102 tempus.Dicit
1621 2022 1674 2082 ei
1708 2021 1918 2081 beatus
1943 2022 2087 2081 Par-

446 2116 687 2178 thenius
716 2136 728 2177 :
756 2114 937 2175 Estne
960 2114 1204 2194 longum
1230 2124 1491 2193 tempus,
1519 2130 1588 2173 ex
1620 2129 1737 2190 quo
1773 2111 1832 2170 in
1869 2129 1939 2171 eo
1973 2110 2083 2171 ha-

447 2204 629 2269 bitas?
652 2205 809 2266 Dixit
838 2204 1071 2265 daemon
1110 2223 1122 2267 :
1158 2208 1211 2268 A
1242 2202 1519 2285 pueritia,
1568 2219 1679 2262 nec
1712 2200 1794 2261 fui
1825 2199 1932 2262 ulli
1965 2220 2084 2262 un-

446 2314 626 2375 quam
652 2296 948 2375 cognitus,
980 2294 1093 2356 nisi
1125 2314 1285 2356 nunc
1311 2313 1345 2355 a
1391 2300 1447 2353 te
1485 2314 1498 2349 :
1532 2298 1595 2352 tu
1620 2298 1816 2352 autem
1853 2309 1949 2353 me
1978 2309 2084 2354 ex-

445 2387 642 2469 pellis,
671 2394 737 2447 ut
759 2385 952 2457 video,
983 2392 1043 2447 et
1063 2383 1376 2466 quojubes
1400 2400 1495 2443 me
1516 2380 1727 2443 abire?
1750 2380 1909 2443 Dixit
1940 2400 2083 2442 san-

442 2488 573 2539 ctus
600 2496 615 2538 :
641 2478 725 2538 Do
752 2475 860 2536 tibi
887 2475 1110 2549 locum,
1146 2493 1265 2555 quo
1300 2473 1725 2554 proﬁciscaris.
1773 2471 1926 2533 Dicit
1957 2474 2079 2533 dae—

443 2585 616 2629 mon:
644 2564 907 2627 Omnino
936 2564 1099 2627 dices
1135 2564 1305 2637 mihi,
1339 2563 1453 2625 Abi
1479 2563 1538 2623 in
1573 2579 1809 2640 porcos.
1839 2560 1995 2622 Dicit
2026 2560 2083 2621 ei

440 2666 682 2719 sanctus
710 2673 723 2718 :
749 2653 1134 2734 Minime,sed
1167 2654 1243 2715 do
1279 2652 1387 2714 tibi
1414 2652 1725 2713 hominem
1759 2651 2081 2727 humilem;

441 2755 502 2808 et
531 2746 838 2825 ingressus
861 2744 922 2804 in
955 2742 1250 2816 eum,illic
1276 2741 1498 2803 habita.
1530 2740 1701 2802 Nunc
1733 2758 1873 2801 vero
1905 2758 1975 2802 ex
2011 2758 2082 2801 eo

444 2836 759 2915 egredere.
786 2834 946 2895 Dixit
980 2833 1216 2895 daemon
1250 2854 1263 2895 :
1292 2831 1359 2892 In
1386 2832 1634 2891 veritate
1664 2831 1777 2891 hoc
1807 2830 1974 2903 facis,
2009 2847 2085 2890 an

439 2925 631 2986 solum
657 2925 770 2986 hoc
794 2922 1113 3001 dicis,dum
1151 2940 1247 2983 me
1280 2920 1569 3001 ejeceris?
1590 2920 1756 2981 Dixit
1789 2928 2030 2981 sanctus
2065 2940 2077 2977 ;

439 3012 586 3075 Dico
620 3012 725 3076 tibi
757 3014 817 3073 in
840 3010 1268 3083 veritate,mihi
1292 3010 1533 3091 quidem
1570 3018 1661 3071 οδι
1691 3010 1869 3070 homo
1904 3027 2081 3089 para-

2169 2016 2400 2097 ἒιιϐάλῃς
2447 2041 2536 2097 με,
2585 2019 2740 2097 Λέγει
2802 2025 2946 2096 αὐτῴ
3010 2025 3036 2078 ὁ
3096 2024 3358 2102 μακάριος
3394 2044 3412 2060 ο
3482 2023 3689 2101 Χρόνον
3721 2022 3802 2099 γάρ

2170 2110 2343 2189 ἔχεις,
2377 2109 2559 2188 ἆφόὖ
2603 2113 2823 2184 ᾤκησας
2883 2112 2938 2169 ἒν
3002 2117 3164 2187 αὐτῷ.
3231 2104 3288 2171 Ὀ
3348 2111 3562 2188 δαίμων
3622 2117 3801 2169 εἶπεν·

2169 2196 2266 2257 Ἐκ
2297 2197 2568 2275 παιδόθεν,
2600 2202 2690 2257 καὶ
2721 2205 2817 2275 οὒκ
2859 2203 3156 2279 ἐγνώσθην,
3191 2203 3234 2257 εἶ
3266 2202 3342 2278 μὴ
3387 2212 3481 2262 νῦν
3528 2202 3631 2259 ὑπὸ
3673 2211 3759 2261 σοῦ
3786 2218 3797 2232 ·

2167 2288 2229 2371 σὺ
2286 2286 2340 2344 δὲ
2400 2287 2680 2353 ἐκϐάλλεις
2739 2311 2831 2366 με’
2892 2298 2995 2349 ποῦ
3051 2291 3356 2371 ἐπιτρέπτις
3415 2291 3679 2349 ἀπελθεῖν
3706 2312 3801 2366 με,

2170 2368 2228 2460 f0
2288 2377 2438 2441 ὅσιος
2484 2383 2639 2436 εἶπεν
2672 2395 2686 2410 ·
2739 2379 2937 2455 Δίδωμί
2994 2404 3077 2438 σοι
3124 2368 3288 2437 τόπον
3346 2388 3453 2439 ποῦ
3513 2384 3798 2460 πορευθῂς·

2171 2458 2227 2524 Ὀ
2259 2465 2460 2542 δαίμων
2498 2469 2657 2525 εἶπεν
2692 2488 2709 2507 ·
2746 2470 2965 2536 Πάντως
2996 2471 3140 2546 ἐρεις
3176 2494 3266 2547 μοι
3297 2469 3566 2528 ἀπελθεῖν
3594 2458 3671 2534 εἷς
3700 2470 3800 2532 τοὺς

2170 2556 2385 2634 χοίρους
2420 2575 2438 2628 ;
2474 2559 2641 2613 Εἶπεν
2675 2561 2817 2631 αὐτῷ
2851 2559 2879 2612 ὃ
2909 2558 3057 2622 ὅσιος
3088 2573 3101 2588 ⁹
3141 2559 3301 2638 Οὐχὶ,
3338 2558 3481 2614 ἀλλὰ
3514 2556 3702 2632 δίδωμί
3735 2578 3799 2611 σοι

2166 2645 2437 2723 ἄνθρωπον
2467 2664 2481 2682 ’
2515 2648 2577 2703 σὺ
2608 2644 2663 2703 δὲ
2696 2647 2948 2705 εἰσελθὼν
2978 2649 3243 2722 κατῲκεις
3302 2648 3422 2706 ἐκεῖ
3459 2666 3476 2681 ⁸
3529 2656 3621 2706 νῦν
3665 2646 3713 2702 δὲ
3752 2645 3798 2701 ἑκ

2167 2737 2356 2793 τούτου
2416 2735 2616 2802 ἔξελθε.
2669 2728 2727 2795 Ὀ
2771 2735 2971 2814 δαίμων
3018 2742 3172 2795 εἶπεν
3210 2755 3224 2768 ⁸
3275 2739 3363 2796 Ἐν
3409 2740 3642 2810 ἀληθείᾳ
3669 2744 3797 2793 τοῦτο

2169 2839 2374 2901 ποιοῖς,
2418 2826 2455 2894 ἢ
2484 2826 2587 2892 ἕως
2630 2836 2725 2884 τοῦ
2756 2825 3007 2886 ἐκϐαλεῖν
3037 2850 3103 2903 με
3135 2829 3320 2903 μόνον·
3358 2827 3419 2887 Ὀ
3454 2827 3609 2893 ὅσιος
3642 2829 3792 2885 εἶπεν·

2170 2916 2325 2991 Ἐμοὶ
2370 2916 2470 2991 μὲν
2515 2915 2659 2974 ἔστιν
2705 2920 2732 2973 ὁ
2776 2916 3052 2997 ἅνθρωπος
3099 2917 3317 2994 ἕτοιμος
3378 2919 3434 2974 ἐν
3481 2920 3529 2994 ᾦ
3595 2917 3793 2998 ὀφείλεις

2165 3008 2537 3073 κατοικῆσαι·
2600 3008 2660 3063 σὺ
2723 3005 2777 3062 δὲ
2822 3006 2996 3072 ἔξελθε
3050 3006 3135 3067 διὰ
3200 3009 3428 3087 τάχους.
3500 3003 3562 3067 ¢0
3620 3008 3792 3083 δαίμων

440 3113 557 3178 tus,
588 3103 647 3164 in
677 3121 793 3183 quo
827 3100 1014 3163 debes
1040 3100 1311 3162 habitare
1339 3118 1353 3162 :
1385 3099 1578 3161 solum
1617 3099 1734 3161 cito
1765 3098 1984 3176 egrede

2166 3098 2397 3158 πεισθεὶς
2451 3108 2575 3161 ταῖς
2631 3095 2902 3163 συντάξεσι
2955 3097 3045 3154 τοῦ
3076 3096 3253 3178 ἂγίου,
3286 3100 3359 3161 εἷς
3390 3098 3552 3177 ἔργον
3583 3100 3788 3178 ἀχθῆναι

436 3193 682 3256 Daemon
710 3201 907 3254 autem
932 3193 1121 3253 sancti
1169 3190 1360 3271 pactis
1389 3189 1698 3251 conventis
1732 3208 2075 3270 persuasus,

441 3282 681 3365 petebat
695 3292 757 3343 ut
774 3282 1091 3358 promissio
1106 3280 1216 3341 ded
1227 3279 1587 3341 ucereturad
1603 3279 1877 3339 elfectum
1890 3277 2081 3341 .Tunc

439 3382 681 3435 sanctus
713 3391 780 3435 os
808 3371 1265 3453 aperiens,dixit
1292 3370 1551 3431 daemoni
1578 3390 1591 3429 :
1620 3367 1773 3430 Ecce
1804 3387 1914 3445 ego
1947 3387 2076 3429 sum

438 3465 643 3525 homo:
673 3464 1079 3541 ingredere,et
1102 3461 1160 3521 in
1184 3478 1281 3521 me
1303 3459 1593 3535 inhabita;
1622 3459 1855 3519 daemon
1878 3467 2076 3519 autem

438 3561 716 3635 tanquam
746 3552 820 3614 ab
842 3551 978 3630 igne
1001 3561 1168 3613 ustus
1191 3548 1267 3610 ob
1291 3548 1540 3628 id,quod
1565 3556 1804 3610 sanctus
1825 3547 2073 3623 dixerat,

438 3643 790 3704 exclamavit
813 3642 1022 3702 dicens
1058 3662 1070 3702 :
1126 3637 1237 3701 Hei
1287 3638 1455 3713 mihi,
1491 3657 1612 3713 me,
1645 3638 1748 3718 qui
1780 3657 1848 3697 ex
1878 3638 2079 3698 alieno

435 3750 573 3794 vase
599 3731 879 3810 abii,post
903 3738 1128 3791 tantum
1157 3737 1392 3808 tempus
1417 3731 1816 3808 persequeris:
1844 3737 1905 3787 et
1934 3726 2076 3806 quid

437 3840 557 3883 non
585 3822 722 3882 mali
746 3839 779 3880 a
804 3831 857 3880 te
882 3838 1093 3901 passus
1124 3818 1324 3880 fuero?
1355 3817 1665 3889 Quomodo
1696 3836 1835 3879 vero
1867 3817 1928 3877 in
1962 3818 2075 3879 do—

437 3930 596 3972 mum
635 3911 740 3972 Dei
770 3908 1102 3988 ingrediar?
1134 3907 1262 3968 Non
1296 3907 1440 3968 licet
1475 3908 1782 3967 veritatem
1815 3906 2023 3967 audire
2045 3925 2078 3967 a

436 3999 600 4061 vobis
621 3998 996 4061 Christianis.
1026 4000 1194 4058 Tunc
1218 3998 1451 4059 daemon
1472 4013 1747 4072 egressus
1769 3995 1843 4055 ab
1876 3996 2074 4056 homi-

434 4089 766 4165 ne,abiitin
793 4090 925 4150 loca
955 4089 1192 4149 deserta
1215 4096 1273 4147 et
1298 4088 1623 4160 inaccessa,
1659 4086 1837 4145 homo
1870 4092 2071 4146 autem

2163 3188 2261 3254 τὴν
2315 3187 2611 3266 ὑπόσχεσιν
2672 3189 2892 3263 ἀπῄτει,
2929 3179 2985 3246 εΟ
3018 3187 3071 3243 δὲ
3103 3188 3249 3254 ὅσιος
3278 3189 3488 3255 ἀνοίξας
3535 3191 3599 3245 τὸ
3631 3190 3788 3243 ἑαυτοῦ

2163 3276 2358 3354 στόμα,
2397 3276 2499 3357 ἔφη
2531 3281 2608 3337 τῶ
2665 3274 2871 3352 δαίμονι
2905 3293 2920 3309 ⁸
2969 3275 3103 3335 ἰδοὺ
3133 3276 3243 3355 ἐγώ
3273 3281 3381 3350 εἶμι
3414 3283 3441 3335 ὁ
3478 3279 3743 3356 ἅνθρωπος
3772 3291 3784 3305 ⁹

2164 3364 2411 3425 εἰσελθὼν
2467 3367 2701 3423 κατοίκει
2761 3366 2814 3421 ἐν
2872 3367 3014 3439 ἐμοί,
3067 3359 3124 3425 Ὀ
3168 3368 3224 3423 δὲ
3297 3366 3503 3444 δαίμων
3561 3372 3632 3430 ὡς
3678 3368 3787 3444 ὑπὲρ

2161 3456 2324 3533 πυρὸς
2358 3454 2608 3536 πλεχθεὶς
2641 3456 2728 3511 ἐπὶ
2764 3462 2839 3529 τῷ
2881 3455 3048 3533 λόγῳ,
3102 3453 3389 3524 ἀνεϐόησεν
3441 3458 3641 3537 λέγων’
3678 3458 3788 3514 0ὖαί

2162 3563 2309 3619 μοι’
2369 3547 2423 3600 ὲν
2481 3544 2743 3622 ἀλλοτρίῳ
2795 3544 2921 3601 ὄντα
3000 3567 3069 3621 με
3131 3548 3307 3603 σκεύει
3363 3549 3506 3621 μετὰ
3558 3549 3784 3605 τοσοῦτον

2162 3636 2363 3714 χρόνον
2394 3633 2629 3710 διώκεις,
2680 3636 2769 3691 καὶ
2813 3636 2862 3690 τί
2897 3638 2991 3692 οὒκ
3044 3636 3107 3691 ἇ¹ν
3139 3639 3360 3712 πάθοιμι
3395 3640 3544 3716 παρὰ
3578 3659 3669 3694 σου
3695 3658 3783 3693 κα-

2162 3728 2308 3799 κόν;
2357 3728 2475 3790 Πῶς
2534 3727 2622 3782 καὶ
2680 3727 2752 3787 εἰς
2813 3726 2970 3783 οἶκον
3027 3727 3157 3783 Θεοῦ
3216 3726 3642 3804 εἰσελεύσομαις
3698 3730 3786 3784 Οὖκ

2162 3814 2304 3869 ἔστιν
2340 3814 2593 3883 ἀλήθειαν
2652 3814 2875 3872 ἀκοῦσαι
2934 3814 3061 3893 παρ’
3112 3819 3261 3891 ὑμῶν
3313 3821 3419 3873 τῶν
3451 3816 3782 3894 Χριστιανῶν.

2162 3905 2295 3963 Τότε
2353 3904 2574 3969 ἐξελθὼν
2622 3908 2649 3960 ὁ
2693 3905 2895 3980 δαίμων
2959 3905 3065 3961 ἀπὸ
3109 3912 3201 3962 τοῦ
3242 3905 3523 3984 ἀνθρώπου
3566 3909 3640 3971 εἰς
3670 3905 3781 3983 ἐρή-

2162 4017 2296 4070 μους
2339 3994 2437 4051 καῗ
2483 3993 2714 4057 ἀϐάτους
2746 3996 2938 4058 τόπους
2968 3994 3227 4074 ἐπορεύθη
3264 4011 3279 4026 ⁸
3327 3998 3387 4053 '0
3433 3996 3489 4052 δὲ
3534 3996 3782 4076 ἅνθρωπος

2160 4085 2371 4163 Εγένετο
2414 4085 2567 4164 ὑγιὴς
2615 4090 2683 4161 τῇ
2724 4082 2941 4161 δυνάμει
3006 4090 3100 4141 τοῦ
3169 4087 3356 4164 Κυρίου
3434 4085 3610 4155 Ἰησοῦ
3664 4093 3778 4163 Χρι-

433 4180 616 4243 evasit
638 4198 822 4242 sanus
851 4178 1066 4241 virtute
1089 4188 1147 4241 et
1189 4177 1376 4256 gratia
1422 4177 1658 4238 Domini
1696 4176 1887 4237 nostri
1921 4172 2070 4236 Jesu
2151 4178 2300 4235 στοῦ.

431 4269 670 4345 Christi,
697 4272 801 4349 [(2)
833 4272 1143 4349 Deumque
1170 4276 1458 4349 perpetuo
1481 4264 1760 4326 laudabat
1791 4276 1851 4325 et
1881 4264 2066 4343 glori-

428 4360 729 4430 ﬁcabat,et
761 4370 1030 4419 sanctum
1063 4358 1194 4438 ejus
1226 4357 1508 4419 famulum
1547 4355 1986 4435 Parthenium]

510 4447 583 4510 V.
611 4448 887 4510 Perfecto
913 4466 1051 4507 vero
1071 4465 1253 4526 opere
1273 4444 1682 4507 mdiﬁcationis
1707 4457 1931 4505 sancta;
1962 4445 1986 4506 I

2235 4451 2684 4531 Ἀτιαρτισθὲντος
2743 4450 2795 4507 δὲ
2855 4462 2948 4509 τοῦ
3006 4450 3159 4531 ἔργου
3216 4458 3319 4520 τῆς
3378 4454 3660 4530 οἰκοδομῆς
3686 4455 3766 4516 τῆς

431 4540 976 4602 eccles:aa,studium
1004 4544 1251 4608 ponebat
1280 4543 1451 4595 homo
1478 4539 1577 4594 Dei
1604 4548 1664 4593 ut
1691 4550 1986 4608 reponeret

2166 4541 2310 4617 Ξιγίας
2367 4548 2458 4597 τοῦ
2515 4548 2741 4617 Χριστοῦ
2825 4540 3139 4615 ἐκκλησίας,
3204 4541 3442 4611 σπουδὴν
3503 4545 3685 4601 ἐτίθετο
3742 4541 3764 4592 ὁ

434 4624 730 4699 mensa,in
757 4643 874 4705 qua
895 4625 1211 4704 oportebat
1228 4623 1479 4684 Domino
1496 4623 1695 4682 oﬂ‘erri
1719 4623 1986 4701 spiritale
2013 4632 2073 4686 et

432 4717 817 4778 incruentum
850 4713 1231 4774 sacriﬁcium.
1262 4712 1405 4773 Cum
1431 4722 1627 4772 autem
1657 4711 1984 4773 invenisset
2013 4719 2069 4773 in

430 4806 687 4885 quodam
708 4802 1148 4877 loco,dedicato
1176 4801 1644 4880 idolis,lapidem
1667 4800 1992 4881 pretiosum
2016 4811 2075 4862 et

430 4903 630 4974 aptum
654 4894 724 4955 ad
752 4893 972 4955 salicta;
993 4909 1215 4952 mensa:
1231 4891 1712 4951 concinnantlum
1741 4891 2071 4971 opus,quod

427 4982 1036 5062 quaarebatur,eﬂ'ecut
1061 4982 1114 5041 id
1135 4980 1384 5060 pulchre
1412 4978 1708 5041 elaborari
1732 4986 1788 5040 et
1808 4978 2076 5060 adaptari

424 5072 500 5135 ab
523 5071 1160 5134 artiﬁcibus.Prol‘ecto
1185 5088 1326 5132 vero
1352 5088 1560 5151 opere,
1580 5069 1762 5145 jussit
1782 5069 1842 5129 id
1874 5069 2077 5132 aﬂerri

423 5162 487 5224 in
520 5162 863 5225 ecclesiam.
902 5160 1048 5221 Cum
1082 5179 1225 5239 ergo
1256 5161 1517 5221 artiﬁces
1566 5157 1829 5239 lapidem
1862 5161 2068 5221 currui

426 5253 943 5333 imposuissent,et
966 5250 1147 5313 boves
1176 5248 1845 5330 junxissenl,ducebant
1864 5251 1937 5311 ad
1979 5251 2067 5311 ci-

427 5341 979 5404 vitatem.lnvidens
1001 5349 1198 5403 autem
1223 5348 1283 5402 et
1305 5340 1595 5401 bonorum
1615 5356 1865 5418 operum
1890 5358 2068 5403 aemu-

425 5430 517 5492 lus
548 5432 846 5509 diabolus,
882 5449 1005 5493 non
1034 5429 1238 5493 ferens
1270 5430 1472 5510 ignem
1513 5427 1697 5490 divini
1727 5429 1847 5493 zeli
1877 5434 2067 5499 sancti

510 5606 593 5687 (2)
623 5605 804 5668 Uncis
834 5608 1065 5670 inclusa
1090 5607 1332 5671 Graecus
1360 5615 1550 5668 textus
1585 5623 1705 5665 non
1739 5605 1942 5681 habet,

2157 4638 2289 4686 Θεοῦ
2334 4628 2605 4710 ἅνθρωπος
2670 4641 2762 4690 τοῦ
2814 4631 3103 4689 ἀποθέσθαι
3159 4632 3257 4699 τὴν
3315 4634 3602 4711 τράπεζαν,
3660 4629 3760 4702 ἕνῇ

2156 4719 2260 4775 ἔδει
2318 4722 2416 4788 τὴν
2460 4721 2827 4796 πνευματικὴν
2870 4721 2968 4777 καὶ
3025 4720 3353 4783 ἀναίμακτον
3378 4726 3563 4782 θυσίαν
3593 4717 3758 4797 ἀναφέ-

2157 4813 2334 4887 ρεσθαι
2366 4816 2442 4884 τῷ
2491 4811 2684 4889 Κυρίῳ,
2723 4811 2896 4889 Εὕρὼν
2928 4808 2982 4865 δὲ
3037 4810 3090 4867 ἓν
3150 4832 3251 4866 τινι
3294 4811 3445 4883 τόπῳ
3493 4808 3759 4878 κατειδώλῳ

2158 4898 2298 4955 λίθον
2342 4898 2642 4969 ἐπιτήδειον
2703 4901 2789 4955 καὶ
2845 4900 3026 4975 τίμιον
3083 4899 3365 4979 ὀφείλοντι
3432 4903 3654 4981 ἁρμόσαι
3702 4897 3758 4958 εἰς

2157 4991 2218 5045 τὸ
2277 4990 2692 5064 ἐπιζητούμενον
2776 4990 2929 5069 ἔργον
2987 4996 3085 5056 τῆς
3140 4993 3409 5070 τραπέζης
3466 4992 3756 5066 καλλιεξτη·

2155 5079 2309 5145 θῆναι
2367 5080 2469 5135 ὑπὸ
2527 5086 2633 5135 τῶν
2689 5086 2954 5160 τεχνιτῶν
3008 5081 3304 5140 πεποίηκεν
3345 5100 3359 5116 ·
3422 5084 3561 5156 μετὰ
3602 5081 3647 5137 δὲ
3683 5080 3757 5141 τήν

2158 5167 2479 5246 ἀπαλλαγὴν
2531 5169 2766 5244 κομίζειν
2824 5171 2895 5234 εἷς
2951 5172 3050 5237 τὴν
3129 5173 3423 5238 ἐκκλησίαν
3479 5172 3750 5250 ἐπέτρεψεν.

2155 5259 2455 5323 Ἐπιθέντες
2504 5265 2783 5338 τοιγαροῦν
2830 5260 2876 5315 οἱ
2930 5273 3185 5339 τεχνῖται
3231 5263 3320 5318 τὸν
3383 5260 3532 5319 λίθον
3573 5263 3649 5320 ἐπὶ
3681 5256 3753 5314 τὶν

2153 5346 2381 5423 ἅμαξαν,
2441 5347 2713 5419 ζεύξαντες
2768 5350 2889 5414 τοὺς
2946 5351 3073 5423 βόας
3117 5350 3253 5429 ἦγον
3290 5355 3343 5407 ἓν
3389 5358 3457 5425 τῇ
3508 5353 3671 5412 πόλει.
3708 5343 3752 5401 ’0

2152 5437 2206 5496 δὲ
2237 5438 2502 5515 βάσκανος
2535 5441 2633 5497 καὶ
2684 5438 2965 5512 ἆντίζηλος
3021 5446 3128 5496 τῶν
3158 5441 3493 5519 Χριστιανῶν
3523 5438 3747 5509 διάϐολος,
