3932 6140
225 232 249 296 1
267 233 383 300 353

1500 236 1684 302 νιΤΑ
1729 238 1791 301 S.
1845 236 2213 301 PARTHEN
2223 238 2276 300 ll
2287 285 2300 301 .

3435 237 3588 305 1354

221 375 319 431 οὒκ
350 373 568 450 ἐνέγκας
597 376 658 430 τὸ
712 381 810 450 πῦρ
854 381 945 430 τοῦ
1003 374 1136 430 κατά
1181 374 1312 430 Θεὸν
1362 373 1526 444 ζήλου
1556 384 1648 434 τοῦ
1704 375 1878 452 ἀγίουλ

2003 373 2075 446 ri,
2113 371 2480 434 conturbatis
2510 372 2728 447 bobus,
2763 373 2985 448 eﬂ‘ecit,
3020 383 3083 435 ut
3112 374 3152 436 ii
3187 385 3440 455 repente
3474 377 3586 438 im-

219 460 435 539 ἆνδρὺς,
493 462 809 542 διαταράξας
871 465 991 526 τοὺς
1035 465 1162 540 βόας
1194 462 1461 542 αἰφνιδίως
1529 467 1670 540 ὁρμῇ
1733 465 1864 521 ἀκα-

1949 463 2217 542 petu,qui
2243 461 2511 524 cohiberi
2546 481 2662 523 non
2689 463 3502 544 poterat,incitati,supinum
3527 467 3588 528 in

217 552 500 632 τασχέτῳ,
557 552 743 610 ὕπτιον
787 553 994 632 ἕῤῥιψεν
1050 555 1120 619 εἰς
1177 554 1274 620 τῆν
1327 557 1429 629 γῆν
1487 556 1578 610 τὸν
1638 553 1865 610 ἕλκοντα

2002 572 2165 616 νει-ειη
2183 555 2828 636 projecerinteum,qui
2845 555 3116 618 trahebat
3129 555 3590 634 boves,nomine

218 641 346 705 τοὺς
404 642 556 717 βόας,
605 642 826 716 ὀνόματι
873 645 1224 721 Εὔτυχιανὸν,
1288 644 1346 699 ὃν
1405 640 1784 717 ὑπολαϐομένη
1829 644 1864 708 ἡ

222 727 427 809 ἅμαξα,
486 737 662 788 πᾶσαν
721 736 820 797 τὴν
879 739 985 787 τῶν
1043 730 1375 811 σπλάγχνων
1437 734 1596 788 αὖτοῦ
1632 731 1865 810 διέῤῥηξε

222 816 312 874 διὰ
351 822 444 876 τοῦ
499 828 702 899 τροχοῦ
747 822 1074 894 οἰκονομίαν.
1114 823 1303 878 Μαθὼν
1367 823 1454 876 οὖν
1483 822 1544 877 τὸ
1574 823 1792 898 γεγονὸς
1841 823 1867 876 ὁ

223 905 412 973 δοὺὶος
471 916 564 966 τοῦ
625 917 851 980 Χριστοῦ
908 911 1064 967 εἶπεν
1102 929 1115 942 ’
1161 913 1326 969 Τοῦτο
1388 911 1660 977 Σατανικῆ
1712 911 1870 967 κακία

222 998 543 1065 πεποίηκεν.
620 999 728 1057 Οὔκ
794 999 1097 1074 ἐμποδίσεις
1143 1000 1198 1056 ἐν
1255 1002 1447 1074 τούτῳ,
1512 998 1750 1075 διάϐολε,
1807 1003 1868 1058 τὸ

223 1086 378 1166 ἔργον
419 1097 512 1147 τοῦ
560 1097 718 1160 Θεοῦ,
767 1093 856 1147 καὶ
888 1088 1215 1166 παραλαϐὼν
1259 1092 1381 1152 τοὺς
1416 1089 1570 1152 ὄντας
1603 1094 1696 1147 σὺν
1727 1091 1870 1166 αὒτῷ

223 1176 414 1256 ἄνδρας
475 1177 772 1258 θεοσεϐεῖς,
844 1179 1173 1258 κατέδραμεν
1232 1180 1316 1237 ἐπὶ
1373 1182 1465 1237 τὸν
1521 1181 1708 1258 τόπον,
1784 1183 1870 1237 καὶ

227 1269 456 1335 πλησίον
517 1273 612 1327 τοῦ
668 1269 958 1346 πτώματος
1007 1271 1188 1336 κλίνας
1247 1271 1312 1327 τὰ
1363 1270 1560 1348 γόνατα
1591 1273 1727 1346 μετὰ
1771 1270 1869 1329 δα-

228 1359 402 1434 κρύων
459 1358 795 1438 προσηύξατο
860 1359 1087 1424 ἐκτενῶς
1146 1362 1274 1436 πρὸς
1332 1361 1420 1418 τὸν
1482 1363 1612 1417 Θεὸν
1670 1360 1862 1439 λέγων’

227 1448 303 1504 Σὺ
357 1447 601 1506 Δέσποτα
631 1451 660 1506 ὁ
689 1452 838 1525 Θεὸς,
874 1453 900 1506 ὁ
947 1455 1090 1520 ζωῆς
1133 1451 1224 1506 καὶ
1268 1451 1495 1507 θανάτου
1530 1451 1742 1528 Κύριος,
1777 1455 1872 1508 οὔκ

229 1537 475 1614 ἀγνοεῖς,
533 1538 596 1594 δι’
653 1539 720 1608 ἢν
764 1540 932 1596 αἰτίαν
991 1543 1018 1596 ὁ
1076 1540 1384 1619 ἀρχέκακος
1416 1543 1612 1620 ἔχθρὸς
1643 1541 1870 1597 θάνατον

230 1629 306 1693 εἰς
350 1629 439 1684 τὸν
471 1630 566 1685 σὸν
611 1628 854 1708 πλάσμα,
889 1629 1011 1685 ἀλλ’
1054 1632 1128 1692 ὡς
1159 1630 1391 1687 πάντοτε
1421 1631 1506 1686 καὶ
1551 1640 1638 1689 νῦν
1699 1627 1872 1696 δεῖξον

1949 644 2380 724 Eutychianum
2409 665 2424 725 ;
2457 663 2634 725 quem
2668 645 2976 726 excipiens
3001 665 3230 722 currus,
3268 666 3375 726 per
3409 656 3588 709 totam

1952 734 2241 813 perfregit
2261 753 2500 796 omnem
2527 742 2820 797 viscerum
2845 737 2977 816 ejus
2999 738 3593 819 compagem,sicque

1955 831 2000 882 is
2026 829 2361 896 exspiravit.
2399 827 2535 885 Cum
2558 840 2747 886 autem
2772 831 3084 899 accepisset
3111 832 3266 900 quod
3285 831 3590 900 acciderat,

1953 925 2161 969 servus
2190 907 2295 970 Dei
2317 908 2697 985 Parthenius,
2723 910 2870 971 dixit
2904 933 2917 969 :
2953 909 3079 974 Hoc
3112 909 3388 974 Satanica
3418 911 3594 992 plane

1954 997 2092 1060 fecit
2128 997 2512 1060 malitia.Non
2545 1000 2845 1080 impedies
2872 1000 2932 1061 in
2968 1003 3105 1074 hoc,
3141 1000 3406 1074 diabole,
3442 1021 3594 1082 opus

1956 1086 2154 1162 Dei,et
2174 1087 2369 1149 statim
2413 1107 2727 1152 assumens
2748 1108 2953 1152 secum
2979 1089 3110 1171 pios
3133 1091 3422 1171 viros,qui
3455 1109 3592 1154 cum

1952 1177 2085 1254 ipso
2119 1187 2308 1255 erant,
2345 1180 2605 1239 cucurrit
2637 1178 2711 1239 ad
2740 1180 2932 1241 locum
2967 1199 2981 1240 :
3010 1189 3069 1241 et
3090 1188 3256 1242 stans
3279 1197 3467 1260 prope
3495 1199 3596 1243 ca-

1954 1265 2224 1341 daver,et
2249 1277 2455 1329 sancta
2477 1286 2584 1328 sua
2608 1267 2905 1329 inclinans
2929 1286 3292 1348 genua,cum
3315 1269 3596 1350 lacrymis

1955 1355 2190 1418 inteuse
2239 1359 2426 1418 oravit
2470 1358 2542 1418 ad
2577 1360 2793 1438 Deum,
2851 1357 3109 1421 dicens:
3167 1358 3279 1434 Tu,
3313 1359 3592 1432 Domine,

1953 1445 2336 1525 omnipotens
2366 1446 2779 1527 suppeditator
2801 1448 2930 1509 vitae
2952 1456 3010 1509 et
3033 1449 3394 1524 mortis,non
3418 1450 3592 1525 igno-

1952 1553 2050 1596 ras
2083 1545 2329 1615 propter
2357 1554 2539 1615 quam
2559 1555 2801 1598 causam
2827 1546 3035 1599 auctor
3064 1538 3359 1601 malorum
3388 1539 3595 1602 inimi-

1953 1641 2081 1697 cus,
2112 1624 2489 1686 machinatus
2518 1638 2610 1686 est
2641 1633 2895 1688 mortem
2929 1627 2989 1686 in
3021 1636 3184 1688 tuum
3214 1628 3594 1707 ﬁgmentum.

229 1717 393 1774 αὐτοῦ
436 1719 664 1791 ματαίαν
731 1720 826 1786 τὴν
896 1719 1261 1798 ἐπιχείρησιν,
1324 1724 1466 1790 ζωῆς
1521 1718 1575 1774 δὲ
1635 1720 1869 1799 μέτοχοι⁹

2004 1714 2140 1792 ed,o
2165 1713 2790 1793 benignissime,nunc
2814 1734 3055 1796 quoque
3074 1718 3331 1781 ostende
3352 1719 3594 1782 inanem

231 1808 324 1864 τὸν
371 1809 465 1864 σὸν
521 1806 709 1866 δοῦλον
773 1809 1029 1886 Εὐτύχιον
1087 1809 1335 1881 ποίησον,
1398 1808 1567 1874 δείξας
1622 1823 1740 1878 τοϊς
1796 1812 1869 1872 εἷς

231 1895 290 1952 σὲ
350 1897 681 1954 πιστεύουσίν
720 1897 817 1964 τὴν
862 1897 1111 1963 ἀνίκητόν
1160 1920 1254 1954 σοι)
1284 1895 1502 1972 δύναμιν
1539 1918 1552 1932 ⁸
1588 1897 1750 1955 ἔτιδὲ
1780 1898 1871 1955 τοῦ

230 1983 432 2042 δικαίου
479 1987 579 2053 τῆν
635 1988 807 2066 εὒχῆν
836 1993 913 2058 τῷ
957 1993 1072 2059 Θεῷ
1104 1986 1536 2061 ἀναπέμποντος,
1571 1990 1633 2044 τὸ
1664 1991 1870 2062 πνεῦμα

230 2082 325 2131 τοῦ
380 2077 695 2142 τεθνηκότος
747 2075 1042 2154 ἐπέστρεψε
1095 2079 1226 2152 πρὸς
1260 2079 1320 2132 τὸ
1354 2084 1508 2152 σῶμα
1539 2086 1631 2134 τοῦ
1662 2077 1868 2154 ἀνθρώ-

231 2186 334 2222 που
393 2164 616 2241 ἐπόψεσι
672 2168 872 2228 παντὸς
929 2175 1014 2222 τοι)
1058 2165 1188 2221 λαοῦ
1245 2165 1515 2242 λέγοντος’
1578 2167 1712 2232 Δόξα
1761 2188 1868 2240 σοι,

232 2252 413 2321 Ἰησοῦ
457 2256 669 2332 Χριστὲ,
719 2258 746 2312 ὁ
794 2255 1006 2332 νεκροὺς
1049 2254 1276 2310 ἀνιστῶν
1312 2270 1324 2283 ⁸
1391 2257 1480 2312 καὶ
1538 2253 1868 2330 ἐπιλαϐόμε-

231 2366 320 2409 νος
371 2345 489 2409 τοὺς
525 2344 654 2420 βόας
713 2344 867 2401 εἷλκε
918 2345 1016 2411 τῆν
1050 2344 1258 2419 ἅμαξαν
1304 2343 1406 2408 ἕως
1445 2352 1528 2402 τοῦ
1559 2345 1714 2402 οἴκου
1771 2350 1869 2411 τῆς

230 2430 386 2509 ἆγίας
418 2432 543 2488 ἐκκλ
556 2433 728 2499 ησίας.

1954 1802 2088 1881 ejus
2121 1812 2400 1864 conatum
2437 1824 2450 1863 :
2489 1804 2620 1865 vitae
2651 1812 2846 1866 autem
2908 1805 3257 1886 participem
3307 1809 3398 1870 fac
3431 1817 3594 1871 tuum

1953 1910 2189 1954 servum
2215 1891 3014 1973 Eutychianum,ostendens
3037 1894 3247 1976 iis,qui
3281 1897 3342 1958 in
3375 1906 3432 1960 te
3458 1917 3598 1962 cre-

1955 1983 2122 2054 dunt,
2156 1981 2433 2043 invictam
2493 1990 2652 2044 tuam
2717 1983 3066 2061 potentiam.
3101 1984 3394 2056 Quoniam
3431 1996 3491 2050 tu
3531 2007 3597 2050 es

1955 2070 2118 2132 solus
2151 2071 2331 2145 Deus,
2365 2078 2424 2132 et
2457 2079 2513 2134 te
2568 2071 2740 2133 decet
2798 2071 2987 2149 gloria
3016 2074 3075 2134 in
3106 2077 3346 2138 saecula.
3375 2080 3594 2141 Amen.

1956 2159 2097 2222 Cum
2131 2169 2328 2221 autem
2379 2161 2464 2222 vir
2495 2160 2694 2239 justus
2738 2161 2858 2223 Deo
2893 2163 3194 2226 emisisset
3226 2167 3329 2228 bas
3360 2185 3594 2247 preces,

1954 2268 2232 2312 reversus
2251 2259 2339 2311 est
2361 2251 2572 2312 mortui
2587 2251 2835 2331 spiritus
2851 2251 2910 2311 in
2926 2270 3142 2332 corpus
3155 2253 3376 2335 ejus,et
3392 2258 3595 2337 erepit,

1953 2340 2056 2420 qui
2085 2339 2279 2401 fuerat
2311 2346 2602 2414 mortuus,
2646 2340 2851 2403 dicere
2881 2341 2942 2402 in
2976 2352 3302 2421 conspectu
3333 2346 3599 2408 universi

1953 2429 2200 2510 populi;
2226 2428 2432 2490 Gloria
2460 2428 2592 2503 tibi,
2627 2429 2862 2492 Christe
2883 2429 3170 2512 Deus,qui
3194 2434 3371 2495 etiam
3399 2437 3598 2499 susci-

229 2527 323 2581 tas
353 2527 624 2582 mortuos
656 2542 672 2592 ;
699 2527 757 2584 et
785 2539 920 2584 cum
955 2522 1228 2602 protinus
1260 2522 1645 2599 surrexisset,
1680 2529 1740 2583 et
1764 2522 1952 2583 factus
1988 2529 2144 2581 esset
2173 2536 2354 2580 sanus
2381 2517 2534 2580 sicut
2564 2518 2750 2599 prius,
2778 2527 2838 2581 et
2861 2520 3196 2601 accepisset
3223 2521 3405 2587 boves
3427 2529 3603 2590 traxit

231 2627 478 2691 currum
511 2629 702 2691 usque
731 2611 800 2672 ad
849 2609 1039 2673 aedem
1073 2611 1366 2674 ecclesize.

317 2689 402 2726 ρ’
532 2701 541 2718 ι
605 2689 620 2691 “
739 2701 757 2722 ν
823 2700 899 2724 ’Νι
1085 2704 1097 2720 ε
1146 2710 1150 2714 -
1294 2700 1334 2720 Α
1818 2707 1837 2716 υ

316 2727 356 2772 ξ
409 2748 421 2761 ,
461 2707 659 2763 [Ιαντες
703 2723 792 2758 ουν
825 2717 1020 2761 ιοοντες
1050 2725 1112 2758 το
1146 2701 1452 2779 ⁴ποιρα‹)οξον
1497 2714 1728 2776 σημεῖον
1753 2723 1878 2758 του-

229 2811 319 2864 το,
378 2791 718 2869 πανταχόθεν
778 2790 964 2870 ἔφερον
1027 2793 1145 2855 τοὺς
1207 2791 1553 2854 ἀσθενοῦντας
1614 2793 1698 2847 καὶ
1756 2791 1876 2854 τοὺς

230 2877 601 2957 ὀχλουμένους
685 2881 786 2936 ὑπὸ
877 2883 1190 2954 πνευμάτων
1265 2885 1511 2958 πονηρῶν
1548 2897 1562 2912 '
1644 2881 1732 2936 καὶ
1807 2885 1876 2954 τῇ

228 2966 450 3043 δυνάμει
504 2971 598 3026 105
659 2970 844 3047 Κυρίου
889 2969 1268 3048 ἐθεραπεύοντο
1313 2969 1566 3033 ἅπαντες.
1630 2977 1781 3026 Πᾶσα
1822 2966 1877 3023 δὲ

225 3056 448 3134 ἰατρικῆ
504 3058 679 3136 τέχνη
739 3061 796 3114 εν
869 3072 990 3120 ταῖς
1067 3059 1291 3137 ἡμέραις
1349 3058 1441 3116 τοῦ
1485 3061 1634 3138 ἀγίου
1695 3061 1881 3116 τούτου

234 3143 422 3223 ἀνδρὸς
455 3145 689 3221 ἠσθένει,
729 3146 814 3204 διὰ
846 3149 907 3203 τὸ
938 3160 1170 3204 παντοῖα
1203 3149 1346 3216 πάθη
1378 3149 1464 3204 ἐπὶ
1523 3150 1598 3222 τῷ
1658 3149 1880 3222 ὀνόματι

231 3241 329 3291 τοῦ
364 3239 548 3312 Κυρίου
579 3239 736 3312 ἡμῶν
769 3236 956 3304 ’ἱησοῦ
1015 3242 1240 3314 Χριστοῦ
1297 3237 1604 3314 ἂναργύρως
1661 3241 1832 3294 ίᾶσθαι
1861 3251 1875 3266 ⁸

231 3324 292 3380 ἒν
348 3324 435 3389 οἷς
502 3326 775 3390 Διονύσιος
819 3335 914 3385 τοῦ
955 3331 1304 3402 πραιποσίτου
1357 3326 1642 3403 βασιλικῆς
1675 3328 1882 3403 βαστα-

233 3414 365 3492 γῆς,
440 3414 700 3492 θυγατέρα
760 3416 1040 3493 παρθένον,
1099 3415 1320 3488 ὀνόματι
1385 3416 1622 3494 Δάφνην,
1696 3415 1880 3482 δεινῶς

229 3503 336 3560 ὑπὸ
389 3501 635 3578 δαίμονος
668 3501 1091 3579 παιδευομένην,
1127 3503 1180 3559 ἐν
1226 3504 1374 3570 ὅλαις
1432 3506 1597 3583 τρισὶν
1643 3506 1880 3585 ἡμέραις

229 3592 602 3670 ἐθεράπευσεν,
691 3593 909 3672 Ἐτέραν
1010 3591 1066 3648 δὲ
1150 3596 1434 3670 Μαμᾶλίου
1519 3597 1880 3671 πρωτεύοντός

233 3703 383 3744 τινος
449 3684 548 3750 τῆς
626 3686 909 3762 Σμυρνέων
984 3682 1192 3748 πόλεως
1290 3684 1574 3760 θυγατέρα,
1647 3686 1882 3760 ’ὀνόματι

236 3769 605 3848 ’Δγαλματίαν
659 3773 758 3828 ὑπὸ
845 3772 1146 3848 πνεύματος
1220 3772 1518 3850 ἀκαθάρτου
1577 3773 1884 3852 καταῤῥησ-

234 3859 474 3936 σομένην
534 3863 622 3918 καὶ
674 3861 993 3939 ἀφρίζουσαν
1048 3864 1134 3918 καὶ
1180 3861 1568 3938 ξηραινομένην
1601 3863 1882 3942 ἐθεράπευε

237 3971 332 4007 σεν
365 3969 384 3988 ο
421 3950 633 4008 Ζωίλαν
678 3949 730 4006 δὲ
763 3952 985 4026 ὀνόματι
1048 3953 1155 4008 ἀπὸ
1213 3953 1332 4014 τοὺς
1385 3951 1586 4032 Πέτρας
1635 3952 1885 4010 ἐλθοῦσαν

239 4043 333 4099 καὶ
393 4042 494 4098 ὕπὸ
553 4039 802 4118 δαίμοδος
865 4043 1124 4117 μαντικοῦ
1170 4041 1414 4107 ἐλεεινῶς
1471 4043 1887 4121 συντριϐομένην

2002 2698 2275 2762 Vl.Tuuc
2296 2698 2639 2777 omnes,qui
2655 2697 3050 2761 videranthoc
3068 2699 3420 2764 miraculum
3446 2705 3597 2768 adeo

1961 2797 2184 2870 praeter
2203 2786 2912 2867 opinionem,aﬂ‘erebant
2934 2787 3197 2869 undique
3218 2801 3596 2871 aagrotantes,

1961 2889 2013 2935 et
2035 2880 2132 2950 qui
2156 2878 2515 2935 vembantur
2537 2877 2608 2932 ab
2633 2877 2952 2935 immundis
2977 2880 3316 2948 spiritibus:
3347 2889 3406 2940 et
3423 2887 3600 2954 gratia

1964 2968 2024 3022 et
2053 2960 2267 3021 virtute
2298 2957 2536 3019 Domini
2567 2959 2704 3021 Jesu
2735 2961 3100 3021 corabautur
3130 2979 3367 3026 omnes.
3397 2961 3606 3028 Omnis

1899 3026 1939 3076 ο
1963 3060 2160 3113 autem
2195 3067 2293 3110 ars
2326 3047 2645 3110 medicinae
2681 3049 2742 3109 in
2798 3048 3010 3110 diebus
3065 3049 3243 3128 hujus
3272 3057 3462 3117 sancti
3495 3058 3605 3118 viri

1965 3149 2091 3202 erat
2117 3136 2772 3217 imbecilla,pr0pterea
2797 3138 2954 3217 quod
2987 3157 3164 3200 omne
3185 3159 3374 3219 genus
3407 3146 3607 3208 morbi

1965 3229 2024 3290 in
2058 3227 2300 3289 nomine
2333 3225 2570 3288 Domini
2631 3227 2822 3287 nostri
2873 3227 3014 3288 Jesu
3065 3228 3282 3292 Christi
3315 3238 3498 3309 gratis
3527 3233 3603 3296 ab

1965 3321 2096 3401 ipso
2133 3314 2647 3382 curaretur.Inter
2674 3335 2824 3395 quos
2855 3317 3168 3396 Dionysius
3197 3338 3432 3404 quoque
3457 3343 3603 3403 ριιω-

1968 3409 2143 3490 positi
2169 3406 2546 3482 ﬁlius,stirpe
2574 3405 3126 3484 imperatoria,cum
3150 3408 3401 3474 haberet
3418 3413 3602 3478 ﬁliam

1969 3493 2538 3577 virginem,nomine
2572 3493 3078 3574 Daphnen,quaea
3110 3497 3383 3564 daemone
3412 3505 3604 3582 gravi-

1970 3597 2059 3650 ter
2087 3585 2508 3664 castigabatur,
2546 3585 2678 3665 ipse
2719 3602 2846 3646 eam
2874 3585 3012 3646 totis
3041 3586 3232 3650 tribus
3264 3589 3475 3655 diebus
3499 3613 3607 3656 cu-

1967 3677 2409 3739 ravit.Alteram
2441 3681 2636 3766 autem
2659 3672 2914 3766 Miamalii
2946 3676 3260 3754 cujusdam
3285 3680 3606 3766 ﬁliam,qui

1970 3776 2095 3830 erat
2145 3765 2424 3847 princeps
2495 3763 2749 3824 civitatis
2801 3763 3250 3844 Smyrnensium
3284 3819 3299 3844 ,
3359 3763 3608 3837 nomine

1968 3855 2388 3937 Agalmatiam,
2451 3872 2586 3942 qua;
2642 3851 2715 3914 ab
2770 3853 3077 3916 immundo
3133 3856 3348 3938 spiritu
3379 3875 3605 3942 vexata,

1967 3965 2242 4027 spumam
2304 3941 2634 4016 emittebat,
2693 3943 2941 4004 curavit.
2977 3946 3216 4008 Zoelem
3247 3966 3384 4012 vero
3416 3941 3609 4016 nomi-

1970 4055 2070 4110 ne,
2105 4053 2236 4117 quae
2269 4035 2345 4096 ad
2375 4032 2590 4095 Persas
2623 4041 2882 4107 venerat,
2919 4042 2980 4094 et
3008 4052 3044 4096 a
3093 4035 3368 4103 daemone
3397 4044 3606 4107 vatici-

241 4133 340 4189 οὐκ
377 4132 448 4198 εἷς
494 4133 700 4209 μακρὸν
761 4133 958 4211 χρόνον
1003 4131 1362 4206 ἠλευθέρωσεν
1427 4139 1494 4209 τῇ
1549 4141 1644 4190 τοῦ
1703 4135 1878 4212 Κυρίοι

2002 4135 2154 4187 iante
2185 4121 3087 4214 miserabiliterconterebatur,
3122 4125 3280 4188 haud
3331 4129 3411 4192 ita
3431 4131 3609 4214 longo

247 4221 436 4302 χάριτι
475 4237 490 4253 ⁸
527 4221 692 4279 ἄλλον
723 4210 798 4280 δεῖ
835 4221 996 4278 πάλιν
1051 4223 1304 4302 νεώτερον
1349 4221 1455 4280 ἀπὸ
1489 4223 1686 4302 Ὀρνῶν
1717 4210 1878 4302 ὁρμώ-

2002 4224 2111 4278 ιοει
2138 4224 2431 4302 tempore,
2469 4210 2708 4274 Domini
2739 4217 2924 4302 gratia
2947 4211 3240 4302 liberavit.
3271 4217 3466 4282 Alium
3497 4210 3610 4286 εὖ-

245 4298 405 4389 μενον
448 4312 558 4370 υἱὸν
605 4309 962 4391 πρεσϐυτέρου
1014 4313 1237 4387 ὀνόματι
1301 4313 1512 4371 Νίκωνα
1569 4315 1672 4370 ὑπὸ
1729 4316 1878 4371 πνεύ-

2006 4325 2098 4367 em
2131 4321 2340 4365 rursus
2361 4301 2642 4392 juvenem
2670 4318 2740 4362 ex
2763 4298 3000 4392 Hunnis
3029 4311 3248 4381 ortum,
3281 4309 3615 4392 presbyteri

247 4423 420 4478 ματος
512 4401 683 4458 δεινοῦ
765 4401 1167 4477 παιδευόμενον,
1261 4402 1551 4480 ἀγαγόντες
1614 4405 1660 4460 οἱ
1710 4405 1878 4462 τούτοι

2002 4394 2191 4468 ilium,
2225 4391 2470 4453 nomine
2496 4388 2920 4481 _Niconem‘,qui
2949 4390 3024 4452 ab
3055 4381 3369 4459 immundo
3397 4381 3614 4481 spiritu

245 4477 454 4570 γονεῖς,
520 4490 743 4570 ἔρριψαν
788 4492 862 4555 εἰς
917 4493 1040 4555 τοὺς
1100 4489 1265 4554 πόδας
1302 4477 1394 4548 τοῦ
1443 4491 1618 4569 ἀγίου,
1654 4490 1873 4567 δεόμενο

2002 4483 2237 4560 graviter
2267 4478 2690 4571 castigabatur,
2728 4477 3096 4571 adducentes
3145 4483 3279 4563 ejus
3311 4477 3613 4571 parentes,

247 4568 345 4639 τοῦ
402 4568 624 4649 ἐλεῆσαι
669 4582 767 4648 τὴν
813 4587 902 4637 τοῦ
945 4579 1124 4637 ἀθλίου
1180 4584 1408 4648 νεότητα
1472 4568 1560 4637 καὶ
1605 4580 1878 4660 ἐλευθερῶ·

2004 4579 2254 4634 ecerunt
2282 4568 2359 4631 ad
2393 4569 2578 4660 pedes
2608 4570 2820 4644 sancti,
2850 4579 3132 4660 rogantes
3181 4583 3246 4634 ut
3276 4577 3408 4656 ejus
3441 4568 3618 4646 mise-

423 4671 442 4708 ρ
488 4672 501 4689 κ
641 4676 663 4686 .-
696 4670 730 4726 ἆ
965 4671 972 4679 σ
1255 4691 1270 4702 ⁸
1332 4667 1345 4690 ν
1463 4667 1506 4690 M
1562 4670 1585 4688 η
1789 4659 1794 4660 ⁷
1839 4671 1850 4690 ι

251 4691 342 4726 σαι
387 4692 546 4727 αυτον
576 4691 668 4727 του
734 4670 994 4747 καθάρτου
1024 4667 1294 4742 δαίμονος.
1352 4678 1392 4727 Ο
1459 4683 1513 4724 οε
1559 4691 1705 4734 οσιος
1766 4674 1878 4744 ἀνηι

2002 4669 2219 4725 eretur
2235 4659 2591 4740 juventutis,
2623 4667 2682 4720 et
2709 4676 2845 4720 eum
2891 4659 3175 4724 liberaret
3205 4663 3278 4726 ab
3309 4668 3618 4735 immundo

252 4758 358 4837 ἔφη
404 4760 588 4824 αὐτοῖς
622 4777 636 4794 ’
705 4761 811 4818 Οὐκ
869 4758 1012 4816 ἔστιν
1052 4758 1196 4826 ἄξιος
1241 4761 1336 4816 105
1364 4761 1598 4826 ἰαθῆναι,
1633 4762 1768 4835 Πρὸς
1799 4761 1878 4839 γάε

2002 4753 2277 4814 laemone.
2312 4751 2417 4810 Vir
2465 4757 2659 4811 autem
2707 4758 2964 4839 sanctus
3022 4752 3170 4814 dixit
3199 4755 3288 4816 eis
3324 4775 3337 4819 :
3369 4757 3499 4822 Non
3529 4772 3622 4824 est

252 4848 496 4907 παιδείαν
548 4849 775 4917 ἐπεδόθη
841 4853 984 4924 αὐτῷ
1028 4851 1056 4905 ὁ
1118 4848 1352 4925 σκώλωψ
1423 4860 1517 4906 τοῦ
1573 4851 1872 4925 πνεύματος

2002 4842 2200 4922 lignus
2232 4841 2334 4920 qui
2359 4848 2624 4930 curetur;
2649 4838 2723 4930 ad
2773 4841 3222 4919 castigationem
3253 4848 3414 4909 enim
3449 4852 3622 4914 datus

253 4939 389 4998 διότι
433 4940 756 5019 πατρελοίας
821 4939 984 4998 ἐστίν.
1048 4935 1422 5005 Ἀθετηθέντες
1483 4940 1583 5016 γὰρ
1636 4939 1878 4996 πολλάκι⁴

2002 4931 2038 4993 ai
2069 4932 2176 4993 fuit
2208 4929 2485 5019 stimulus
2517 4927 2788 5019 spiritus;
2823 4939 2916 5019 est
2947 4930 3105 4992 enim
3141 4935 3457 5012 parricida.
3500 4939 3622 5004 Vos

254 5030 349 5087 ὑπ’
392 5016 555 5088 αὑτοῦ
607 5030 660 5087 ἐν
719 5029 900 5108 πικρίᾳ
959 5033 1143 5107 ψυχῆς
1202 5030 1374 5105 ὑμῶν,
1424 5031 1582 5105 ὑμεῖς
1633 5029 1878 5098 ῆτήσασθξ

2002 5022 2146 5083 enim
2206 5038 2364 5100 saepe
2421 5017 2495 5080 ab
2556 5037 2632 5118 eo
2676 5016 3283 5118 habiticontemptui,
3316 5027 3376 5089 in
3407 5029 3626 5093 animat

254 5123 349 5178 τὸν
411 5122 544 5178 Θεὸν
602 5117 954 5186 παιδευθῆναι
1007 5119 1186 5185 αὐτόν,
1232 5118 1432 5198 ’Ἅφετε
1465 5119 1646 5193 αὐτὸν,
1691 5120 1878 5199 συμφέ·

2002 5117 2194 5172 restria
2223 5125 2498 5200 amarore
2529 5109 2716 5200 aDeo
2749 5109 3029 5200 petiistis,
3057 5118 3121 5172 ut
3147 5113 3278 5194 ipse
3308 5121 3626 5200 castigare-

257 5230 336 5286 ρει
368 5211 469 5289 γὰρ
499 5214 667 5284 αὐτῷ.
703 5210 763 5268 Οἱ
795 5207 851 5266 δὲ
879 5209 952 5268 ὡς
1014 5221 1196 5287 γονεῖς
1248 5196 1584 5288 ῦπάρχοντες
1649 5212 1738 5267 καὶ
1780 5196 1878 5267 τὸτη

2002 5217 2106 5262 ;ur.
2145 5196 2338 5261 Sinite
2370 5215 2505 5260 eum
2535 5196 2619 5258 sic
2645 5214 2800 5277 esse,
2847 5199 3088 5289 eapedit
3115 5202 3303 5269 enim.
3337 5207 3428 5271 llli
3459 5196 3622 5289 vero,

257 5301 598 5380 σπλάγχνοις
684 5299 996 5372 νικώμενοι,
1075 5296 1372 5366 ἀνεϐόησαν
1442 5300 1579 5367 μετά
1637 5299 1874 5377 δακρύων

2002 5299 2051 5352 ut
2081 5290 2180 5370 qui
2213 5297 2414 5350 essent
2456 5295 2738 5367 parentes
2767 5294 2824 5347 et
2855 5288 3243 5380 vincerentur
3269 5288 3625 5376 visceribus,

258 5389 502 5463 δεόμενοι
535 5387 788 5468 εὔχεσθαι
844 5390 976 5466 πρὸς
1038 5389 1129 5445 τὸν
1191 5391 1322 5445 Θεὸν
1370 5389 1489 5466 περὶ
1537 5392 1718 5462 αὖτοῦ,
1757 5388 1874 5446 ὅπω

2002 5381 2477 5442 exclamaverunt
2505 5386 2786 5476 rogantes
2844 5397 2979 5440 cum
3013 5379 3291 5462 lacrymis
3325 5409 3338 5445 :
3372 5388 3630 5454 Precare

261 5479 504 5558 λυτρωθῇ
535 5479 638 5534 ἀπὸ
671 5486 762 5535 τοῦ
817 5477 1085 5552 δαίμονος.
1137 5478 1195 5536 Ὀ
1255 5477 1308 5534 δὲ
1369 5478 1629 5554 μακάριος
1689 5501 1868 5555 συμπα

2002 5472 2176 5534 Deum
2202 5487 2310 5550 pro
2343 5469 2564 5548 ipso,ut
2596 5465 2884 5528 liberetur
2909 5488 2943 5530 a
2973 5487 3128 5531 διιενο
3162 5485 3221 5534 et
3243 5477 3488 5540 immani
3513 5483 3630 5544 daa-

261 5565 432 5642 θήσας
477 5581 595 5633 τοῖς
629 5568 1021 5646 ἀκατασχέτοις
1053 5566 1267 5646 δάκρυσι
1325 5574 1432 5625 τῶν
1476 5568 1700 5646 γονέων,
1748 5569 1878 5625 ἐκτε·

2002 5583 2192 5628 mone.
2225 5562 2440 5632 Beatus
2470 5569 2665 5624 autem
2690 5563 3046 5628 Parthenius
3077 5568 3360 5634 misertus
3389 5575 3645 5642 abunde.

503 5675 770 5739 PATROL.
819 5675 934 5740 Gn.
982 5675 1190 5742 CXIV.
3234 5679 3310 5748 43
