3932 6140
145 300 300 369 1345

1414 302 1600 365 VITA
1647 303 1706 365 S.
1747 300 2205 367 PARTHENII.

3368 302 3520 368 1346

138 436 410 500 λειώσεως
465 436 656 511 αὐτῆς,
690 437 751 492 τὸ
782 434 834 491 δὲ
880 435 998 513 ὄρος
1029 435 1065 502 ἠ
1109 434 1275 501 Αἴτνη
1308 445 1406 513 πῦρ
1451 434 1691 515 ἐξηρεύξα

1962 456 2031 498 nn
2085 437 2379 518 apparuit.
2419 438 2656 500 Etenim
2709 440 2892 501 KEtna
2942 456 3113 501 mons
3143 439 3338 517 ignem
3374 457 3515 501 evo-

135 528 229 583 καὶ
297 529 532 603 καθάπερ
621 526 864 599 ποταμὸς
949 525 1267 600 μυκώμενος
1339 524 1537 605 σφόδρα
1624 528 1688 586 ob"

1964 528 2045 599 iit,
2080 528 2179 608 qui
2207 525 2471 588 ﬂuminis
2501 528 2693 588 instar
2718 529 2939 608 ingenti
2973 529 3199 607 mugitu
3231 527 3517 589 devolve-

137 617 453 695 κατήρχετο
499 613 725 671 διαλύων
782 615 905 677 τοὺς
939 613 1109 677 λίθους
1145 614 1325 692 ὥσπερ
1385 620 1550 694 κηρὸν
1581 618 1641 673 ἐκ

1966 627 2071 689 tur,
2130 616 2202 678 ab
2254 635 2487 678 summo
2543 619 2768 679 vertice
2813 619 3044 700 lapides
3102 617 3261 680 velut
3319 635 3519 680 ceram

136 710 377 784 κορυφῆς
439 711 534 762 σοῦ
576 703 730 782 ὅρους
789 703 975 784 φλέξαι
1014 706 1102 761 καὶ
1144 704 1406 761 ἀπολέσαι
1467 712 1642 763 πᾶσαν
1698 707 1796 775 τὴν

138 799 249 851 τῶν
326 794 609 853 Κατᾱνέων
659 792 839 852 πόλιν’
903 798 963 852 Οἱ
1031 794 1179 873 πέριξ
1251 796 1338 852 καὶ
1405 794 1635 863 πληοίον
1702 798 1797 853 ὄν-

139 905 232 948 τες
294 890 390 941 τοῦ
447 882 601 962 ὅρους
657 886 847 962 καίπερ
907 881 1174 950 ’Ἕλληνες
1245 886 1600 964 ὑπάρχοντες,
1668 889 1797 964 πρὸς

140 975 238 1030 τὸν
299 974 424 1030 ναὸν
485 980 584 1041 τῆς
648 973 910 1052 μάρτυρος
955 972 1190 1052 ὥρμους,
1225 973 1320 1030 καῖ
1376 973 1694 1054 ἀφελόμενοι
1737 979 1798 1032 τὸ

144 1063 526 1141 περικείμενον
582 1059 924 1141 περιϐόλαιον
969 1069 1035 1139 τῇ
1092 1063 1314 1142 λάρνακι
1358 1063 1589 1131 ἔστησαν
1665 1087 1798 1123 διατ-

150 1152 331 1209 ἑναντι
362 1154 455 1208 τοῦ
505 1160 668 1229 πυρὸς
700 1152 793 1208 καὶ
839 1150 905 1219 δὴ
936 1158 1004 1228 τῇ
1049 1154 1268 1230 προνοίᾳ
1299 1161 1390 1210 τοῦ
1421 1156 1553 1209 Θεοῦ
1610 1154 1797 1219 εὐθέως

147 1242 236 1298 καὶ
295 1247 633 1321 παραχρῆμα
694 1240 822 1309 ἔστη
877 1244 938 1297 τὸ
994 1246 1139 1298 θετον
1196 1250 1318 1320 πὺρ’
1382 1244 1593 1321 ἐγένετο
1627 1242 1680 1299 δὲ
1742 1247 1802 1300 τὸ

146 1333 332 1405 θαῦμα
384 1333 514 1403 μηνὶ
574 1328 913 1408 Φεϐρουαρίῳ
967 1330 1213 1407 πέμπτῃ,
1247 1332 1300 1386 ἐν
1330 1332 1365 1398 ἧ
1421 1333 1594 1409 ἡμέρα
1625 1332 1802 1400 ἤθλη-

147 1440 239 1475 σεν
304 1419 358 1475 ἐν
401 1419 437 1486 ἦ
509 1419 597 1475 κάὶ
672 1419 1009 1497 ἑορτάζοντες
1099 1418 1383 1495 δοξάζομεν
1452 1424 1542 1478 τὸν
1618 1424 1801 1500 Κύριον

1879 706 2237 781 dissolvens,
2292 706 2605 787 ipsamque
2655 708 2865 769 urbem
2912 707 3332 772 Catanensium
3385 724 3523 769 cor-

1880 803 2161 875 repturus
2183 815 2250 857 ac
2274 798 2512 874 penitus
2543 797 3172 878 consumptnrnsignis
3190 796 3519 859 videvatur.

1882 885 1996 958 Qui
2046 885 2225 964 igitur
2254 886 2411 947 circa
2460 895 2723 947 montem
2759 887 3122 962 habitabant,
3158 886 3270 949 etsi
3324 894 3527 948 essent

1882 974 2158 1055 gentiles,
2193 975 2267 1035 ad
2330 975 2616 1056 templum
2669 984 2939 1055 martyrts
2985 984 3377 1051 concurrunt,
3411 995 3523 1038 su-

1884 1063 2231 1144 blatumque
2263 1065 2489 1145 velum,
2528 1084 2646 1143 quo
2705 1064 3129 1127 circumcincta
3175 1074 3305 1127 erat
3351 1084 3525 1146 urna,

1885 1171 1954 1215 ex
2003 1154 2253 1214 adverso
2290 1154 2445 1233 ignis
2502 1154 2891 1216 constituunt.
2951 1157 3099 1217 Cum
3146 1173 3278 1216 esse
3328 1155 3529 1216 divina

1889 1243 2284 1323 providentia,
2319 1243 2514 1304 subito
2562 1262 2880 1324 repressus
2914 1252 3004 1305 est
3053 1244 3233 1323 ignis.
3267 1242 3529 1323 Contigit

1887 1350 2026 1394 vero
2061 1332 2202 1393 illud
2240 1332 2591 1393 miraculum
2624 1333 2833 1409 quinto
2880 1332 3216 1413 Februarii,
3255 1333 3525 1413 quoipso

1888 1422 1990 1483 die
2016 1430 2317 1483 certamen
2352 1421 2539 1483 ﬁnivit
2585 1422 2832 1500 Agatha,
2871 1441 2986 1501 quo
3018 1432 3076 1483 et
3107 1440 3216 1483 nos
3246 1422 3394 1482 festa
3423 1438 3528 1482 ce-

147 1511 307 1586 ἡμῶν
351 1510 561 1577 Ἰητοῦι
618 1512 843 1590 Χριστὸν
899 1514 991 1568 τὸν
1051 1515 1202 1591 Θεὸν,
1256 1512 1403 1574 ὅπως
1452 1528 1573 1575 ταῖς
1631 1537 1700 1593 πρ

1975 1512 2156 1572 ιιτὶιιιῑο
2210 1512 2608 1590 praedicamus
2660 1512 2978 1573 Dominum
3010 1520 3278 1572 nostrum
3325 1513 3528 1572 Jesum

147 1597 317 1664 ϐείαις
379 1601 542 1667 αὐτῆς
577 1602 762 1678 ἄφεσιν
825 1598 1073 1676 λάϐωμεν
1108 1602 1379 1679 ἁμαρτιῶν
1424 1605 1509 1659 καὶ
1542 1605 1601 1659 τὸ
1661 1629 1697 1678 μ

1978 1601 2213 1675 ristum,
2249 1611 2311 1661 ut
2339 1601 2528 1681 ipsius
2577 1610 2795 1662 sanctae
2828 1602 3105 1681 martyris
3133 1601 3406 1681 precibus
3435 1617 3531 1661 ve-

144 1688 322 1766 ἕλεος,
357 1698 447 1747 νῦν
475 1692 570 1746 χοὶ
626 1689 731 1766 ἀει,
770 1692 857 1748 καὶ
887 1693 962 1755 εἰς
994 1692 1117 1755 τοὺς
1175 1694 1370 1757 αἰῶνας
1401 1700 1505 1755 τῶν
1564 1693 1690 1750 αἰών

1973 1711 2038 1749 ιω
2090 1690 2485 1770 impetremus
2521 1699 2929 1771 peccatorum,
2966 1709 3364 1770 magnamque
3409 1689 3526 1751 mi-

145 1771 350 1853 Ἀμήν,
1820 1797 1855 1846 Β
1876 1778 2297 1854 sericordiam,
2337 1800 2495 1843 nunc
2526 1790 2586 1843 et
2614 1798 2853 1860 semper
2883 1788 2943 1843 et
2991 1781 3051 1841 in
3081 1780 3301 1844 saecula
3331 1798 3527 1842 saecu-

1876 1869 2103 1933 lorum.
2131 1869 2350 1936 Amen.

146 2026 552 2112 resolverent,
594 2050 618 2086 α
654 2028 1045 2112 venirentque
1078 2046 1283 2091 versus
1331 2029 1626 2112 civitatem
1658 2031 2058 2094 Catanensum
2094 2054 2112 2108 ;
2145 2057 2173 2089 ιι
2224 2033 2271 2093 si
2303 2032 2366 2093 in
2415 2031 2546 2112 ipsa
2589 2031 2741 2094 urbe
2781 2031 2891 2094 sita
2918 2031 2993 2094 ad
3025 2031 3174 2094 imas
3204 2032 3400 2094 ZEtnm
3424 2047 3530 2093 ra-

155 2105 349 2183 dices,
377 2105 572 2172 hiatus
602 2105 1133 2191 patefactus‘ignes
1164 2110 1492 2171 eructabat.

519 2468 738 2594 DE
889 2472 1021 2599 S.
1174 2467 2175 2598 PARTHENIU
2326 2468 3169 2596 EPiSCOPO

1287 2720 1659 2785 LAMPSACI
1715 2721 1789 2784 IN
1846 2721 2408 2786 HELLESPONTO.

746 2896 971 2966 (Saecula
999 2908 1078 2964 Iv,
1108 2896 1379 2956 Februarii
1409 2899 1491 2957 die
1516 2901 1569 2958 7.
1600 2933 1663 2946 —-
1691 2901 1833 2959 Acta
1861 2907 2185 2959 sanctorum
2214 2900 2463 2958 Bolland.
2498 2901 2558 2957 ad
2587 2901 2724 2958 hanc
2755 2899 2943 2969 diem.)

243 3188 306 3243 l.
349 3204 376 3237 ιι
399 3180 851 3261 Hellespontus,
884 3205 911 3237 ιο
946 3188 1011 3242 ut
1041 3179 1273 3242 Plinius
1300 3181 1342 3239 1.
1377 3197 1458 3254 1v,
1493 3200 1626 3264 cap.
1664 3184 1762 3253 tt,
1784 3182 2017 3257 scribit,
2060 3204 2089 3242 ‹
2113 3192 2342 3262 septem
2378 3181 2590 3243 stadiis
2620 3181 2922 3259 Europam
2957 3178 3033 3241 ab
3065 3178 3207 3242 Asia
3237 3181 3538 3259 dividens,

161 3279 419 3354 quatuor
468 3274 624 3333 inter
651 3289 718 3331 se
765 3269 1098 3331 contrarias
1129 3272 1311 3333 urbes
1358 3270 1559 3342 habet.
1595 3272 1656 3332 in
1702 3274 1943 3351 Europa
1995 3273 2307 3352 Callipolin:
2371 3270 2606 3343 Seston,
2644 3279 2702 3333 et
2745 3270 2806 3330 in
2860 3270 3006 3331 Asia
3038 3271 3422 3348 Lampsacum
3482 3283 3542 3338 et

160 3362 438 3441 Abydon.
480 3384 504 3418 ιι
540 3359 612 3421 Et
640 3359 999 3440 Lampsacus
1026 3361 1271 3439 quidem
1300 3360 1381 3440 (ta
1413 3362 1596 3436 enim,
1634 3381 1765 3442 quae
1798 3361 1991 3423 Plinio
2024 3361 2070 3425 Ι.
2095 3379 2153 3431 ν,
2192 3381 2244 3423 c.
2279 3361 2377 3441 3‘2,
2422 3363 2818 3437 Lampsacum
2847 3366 2958 3439 est,
2994 3359 3301 3439 appellant
3322 3358 3535 3437 Graeci,

160 3453 521 3514 Ptolemaeus
559 3449 664 3512 lib.
699 3468 755 3524 v,
789 3468 846 3510 c.
902 3449 962 3524 2,
996 3448 1271 3511 Socrates
1303 3451 1343 3513 l.
1380 3468 1456 3525 ιν,
1488 3470 1539 3511 c.
1575 3452 1609 3513 4
1639 3471 1652 3510 :
1691 3450 2057 3529 Stephanus,
2092 3450 2302 3511 Strabo
2337 3451 2442 3511 lib.
2492 3462 2636 3519 xm).
2677 3473 2703 3504 α
2736 3448 3098 3526 Lampsacus
3131 3448 3331 3527 igitur,
3365 3458 3431 3510 ut
3458 3448 3541 3510 ait

160 3537 398 3616 Strabo,
434 3540 580 3600 mari
633 3538 929 3610 imminet,
966 3538 1109 3598 urbs
1141 3539 1403 3600 bonitate
1459 3552 1662 3619 portus
1694 3541 1941 3618 aliisque
1974 3539 2156 3600 rebus
2207 3539 2614 3599 memorabilis
2649 3559 2664 3598 :
2699 3536 2938 3616 Pityusa
2970 3538 3135 3616 prius
3179 3538 3334 3599 dicta
3365 3538 3445 3595 διὰ
3475 3541 3536 3595 τὸ

158 3630 366 3687 πιτύών
416 3628 572 3708 ἔχειν
603 3627 834 3697 πλῆθος,
866 3627 1062 3707 inquit
1106 3629 1466 3707 Stephanus,
1508 3652 1535 3684 «
1571 3648 1711 3708 quat

1987 3648 2017 3689 a
2071 3629 2192 3690 illic
2223 3629 2423 3709 pinus.
2463 3653 2489 3682 ιι
2529 3628 2633 3689 Est
2681 3636 2877 3688 autem
2910 3626 2972 3685 in
3026 3635 3275 3704 angusto
3304 3625 3538 3689 Helles-

158 3717 332 3798 ponti
364 3717 575 3797 posita,
610 3741 632 3772 ι
661 3716 734 3777 ιιι
764 3713 943 3777 habet
974 3715 1276 3778 Socrates.

240 3807 300 3868 2.
335 3805 507 3881 Eam,
543 3804 933 3868 Constantino
964 3806 1177 3881 Magno
1209 3808 1567 3886 imperante,
1599 3808 1910 3869 sanctitate
1944 3818 2001 3868 et
2035 3806 2337 3868 miraculis
2369 3805 2683 3867 illustravit
2714 3807 2778 3869 S.
2805 3804 3163 3867 Parthenius
3193 3803 3538 3888 episcopus:

157 3898 334 3977 cujus
363 3894 461 3957 die
498 3896 529 3955 7
576 3892 885 3956 Februarii
917 3894 1129 3955 l‘estu'n
1164 3897 1255 3972 agi
1288 3906 1651 3956 annotarunt
1682 3896 1947 3957 Molanus
1984 3917 2040 3957 in
2087 3898 2273 3958 addit.
2308 3896 2378 3955 ad
2414 3895 2774 3969 Usuartlum,
2810 3904 2867 3955 et
2896 3892 3206 3955 Ferrarius
3239 3895 3298 3955 in
3352 3916 3542 3975 gene-

154 3985 270 4048 rali
320 3983 586 4062 catalogo
619 3981 722 4046 SS.
781 3982 1052 4044 Breviter
1082 3984 1156 4043 de
1209 4003 1278 4045 eo
1312 3984 1707 4063 Menolugium

1984 3986 2124 4047 :rico
2182 3984 2412 4047 Canisio
2446 3986 2739 4062 vulgatum
2777 4002 2792 4048 :
2860 4003 2889 4042 ‹
2920 3985 3423 4046 ϐοιηπιοίιοτειιίο
3472 3986 3534 4049 S.

154 4072 467 4137 Parthenii
500 4072 767 4154 episcopi
815 4072 1148 4151 Lampsaci.
1187 4094 1214 4131 ›
1252 4073 1546 4134 Prolixius
1578 4074 1709 4152 ejus
1740 4076 2083 4136 encomium
2118 4083 2301 4135 exstat
2364 4075 2421 4133 in
2456 4074 2812 4152 Antliulogio
2845 4082 2903 4132 et
2946 4072 3185 4133 Menaeis
3221 4094 3234 4135 :
3270 4086 3449 4155 atque
3478 4076 3543 4138 in

159 4163 257 4226 bis
287 4162 532 4244 quidem
565 4162 646 4222 ita
692 4159 969 4223 Ofﬁcium
1003 4162 1184 4241 hujus
1216 4161 1338 4222 diei
1371 4162 1693 4223 inchoatur
1726 4182 1737 4226 :
1794 4190 1818 4218 ‹‹
1856 4162 2229 4242 Hellesponti
2283 4163 2491 4242 gloria,
2531 4162 2832 4236 Lampsaci
2883 4161 3207 4235 luminare,
3239 4165 3545 4226 admiran-

162 4252 379 4314 dorum
414 4269 662 4330 operum
697 4249 1054 4330 splendibus
1110 4250 1346 4323 lucifer,
1384 4270 1630 4329 magnus
1684 4255 2061 4324 Parthenius,
2100 4273 2208 4314 nos
2254 4272 2464 4311 oumes
2493 4255 2583 4313 sui
2620 4253 2906 4312 memoria
2937 4266 3223 4313 convocat
3256 4252 3335 4315 ad
3364 4254 3544 4334 spiri-

162 4341 383 4404 tualem
419 4339 858 4400 solemnitatem
894 4340 1319 4419 peragendam,
1355 4341 1426 4400 ad
1460 4342 1756 4401 Christum
1793 4341 2150 4402 Salvator-om
2187 4342 2642 4401 celebrandum.
2684 4366 2706 4397 ι)

245 4430 307 4494 3.
360 4428 553 4492 Vitam
590 4437 787 4490 autem
844 4429 1162 4509 descripsit
1219 4429 1477 4509 simplici
1528 4439 1584 4489 et
1633 4432 1887 4491 candido
1940 4432 2086 4509 style
2137 4431 2483 4509 CtySpinuS,
2535 4432 2666 4508 ejus
2720 4437 2805 4499 (ut
2855 4430 3141 4512 creditur)
3182 4431 3543 4514 discipulus,

164 4522 606 4599 Lampsacenus
637 4526 801 4579 certe
835 4527 892 4578 et
944 4537 1046 4579 cou
1070 4526 1306 4596 tenens,
1342 4526 1406 4578 ut
1438 4520 1563 4598 ipse
1604 4520 1829 4579 indicat
1858 4540 1913 4581 c.
1948 4520 2007 4591 “2,
2042 4539 2102 4581 n.
2160 4522 2255 4593 16,
2291 4520 2379 4579 his
2410 4519 2652 4581 verbis:
2716 4542 2737 4575 ιι
2778 4520 3128 4582 Maximinus
3158 4521 3400 4601 quidam
3433 4543 3545 4586 no-

166 4610 351 4683 mine,
387 4627 458 4671 ex
487 4607 637 4688 Byza
671 4608 908 4669 civitate
948 4609 1238 4684 Thraciae,
1274 4607 1374 4689 qui
1405 4618 1530 4669 erat
1571 4608 1904 4687 discipulus
1935 4608 2112 4669 unius
2145 4627 2214 4667 ex
2248 4608 2321 4667 iis
2377 4607 2479 4687 qui
2510 4615 2647 4668 sunt
2676 4610 2830 4688 apud
2867 4628 2975 4668 nos
3003 4609 3267 4687 diaconi,
3302 4613 3547 4676 nomine

163 4699 409 4761 Psertaa.
448 4720 474 4757 ι
532 4695 790 4776 Crispini
846 4697 1214 4759 narationem
1270 4696 1542 4777 pluribus
1571 4697 1632 4759 in
1687 4698 1836 4759 locis
1896 4698 2275 4778 interpolavit
2325 4696 2778 4777 Metaphrastes.
2810 4695 2978 4759 Hanc
3026 4696 3218 4761 Vitam
3251 4719 3284 4762 e
3342 4704 3549 4765 Graeco

161 4787 337 4850 vertit
367 4786 699 4852 Gentianus
728 4786 1043 4863 Hervetus,
1078 4786 1269 4849 edidit
1297 4786 1575 4866 Aloysius
1606 4788 1993 4867 Lipomanus,
2026 4794 2204 4867 atque
2236 4806 2308 4847 ex
2341 4805 2410 4848 eo
2444 4786 2797 4849 Laurentius
2833 4786 3067 4851 Surius.

241 4879 304 4940 4.
339 4876 597 4937 1Etatem
632 4872 695 4936 S.
733 4874 1040 4937 Parthenii
1072 4873 1300 4936 indicat
1330 4873 1830 4956 Crispinus,dum
1861 4884 2157 4938 memorat
2185 4876 2528 4956 Byzantium
2564 4875 2637 4937 ad
2665 4875 3074 4937 Constantium
3108 4876 3382 4956 Magnum
3416 4898 3551 4945 esse

160 4966 521 5054 profectum.
551 4961 1342 5054 EtNicephorus‘Callistus
1394 4963 1602 5054 l._viii,
1635 4984 1690 5029 c.
1724 4964 1801 5027 42
1837 4985 1852 5022 :
1912 4990 1939 5022 α
1972 4965 2090 5027 Par
2118 4965 2273 5042 istis,
2312 4966 2503 5054 inquit
2535 4964 2618 5043 (id
2652 4973 2765 5045 est,
2799 4965 3128 5045 Spiridioni
3162 4976 3220 5027 et
3248 4966 3545 5054 Nicolao),

160 5056 336 5117 etiam
368 5051 724 5117 Parthenius
756 5051 891 5128 fuit,
922 5051 1089 5113 urbis
1119 5052 1298 5114 unius
1327 5051 1390 5113 in
1439 5052 1829 5136 HelleSponto
1864 5055 2208 5135 episcopus,
2244 5056 2373 5114 vitae
2417 5053 2742 5133 splendore
2776 5054 3144 5116 humanitate
3174 5062 3232 5117 et
3262 5051 3551 5140 prodigiis

157 5142 507 5223 ingentibus
536 5143 762 5217 clarus,
793 5140 945 5204 adeo
992 5149 1059 5203 ut
1088 5151 1331 5224 accepta
1359 5160 1393 5204 a
1422 5144 1547 5207 Deo
1582 5151 1895 5223 potestate,
1934 5152 2202 5205 mortuos
2246 5142 2542 5218 excitarit,
2577 5142 2950 5205 daemonibus
3002 5143 3337 5224 imperarit,
3371 5157 3550 5230 atque

159 5230 582 5311 aegritudinum
615 5230 814 5293 omnis
843 5230 1089 5311 generis
1118 5239 1431 5314 promptus
1463 5240 1702 5296 curator
1728 5233 2030 5296 exstiterit
2067 5240 2122 5293 et
2147 5231 2461 5311 gratuitas.
2499 5256 2527 5288 »
2563 5232 2699 5308 Agit
2724 5231 2801 5293 de
2830 5250 2905 5294 eo
2935 5232 3229 5296 Baronius
3258 5244 3402 5300 tom.
3436 5238 3543 5318 III,

159 5322 233 5387 ad
262 5341 364 5386 an.
403 5321 546 5402 337,
579 5339 748 5387 num.
779 5320 858 5385 38
890 5327 948 5383 et
979 5320 1396 5403 sequentibus,
1428 5332 1487 5386 et
1516 5331 1721 5386 censet
1751 5341 1888 5385 eum
1921 5341 2160 5405 quoque
2187 5320 2430 5385 Nicaeno
2463 5320 2725 5384 concilio
2760 5321 3125 5386 interfuisse.
