3932 6140
457 219 479 284 1
493 217 608 286 347

1746 211 2033 282 MENSIS
2069 204 2526 282 IANUARIUS.

1576 507 1830 598 ΒΙοΣ
1904 511 2091 596 ΚΑΙ
2164 510 2704 599 ΠΟΛΙΤΕΙΑ

455 761 807 892 ΤΟΥ
862 758 1394 890 ΑΓΙΟΥ
1442 757 2152 887 ΠΑΤΡΟΣ
2205 759 2714 887 ΗΜΩΝ
2770 745 3784 887 ΠΑΡΘΕΝΙΟΥ

1503 1017 1891 1070 ΕΠΙΣΚΟΠΟΥ
1933 1019 2340 1072 ΓΕΝΟΜΕΝΟΥ
2392 1017 2777 1071 ΛΑΜΨΔΚΟΥ

1247 1332 1584 1421 VITA
1684 1334 1844 1419 ET
1954 1330 3006 1422 CONVERSATIO

1991 1535 2056 1601 S.
2091 1534 2159 1600 P.
2189 1535 2261 1601 N.

714 1739 1659 1872 PARTHENII
1771 1741 2561 1873 EPISCOPI
2680 1733 3550 1868 LAMPSACI

896 1993 1096 2066 (Graece
1127 2009 1266 2050 nunc
1292 1993 1513 2064 primum
1552 1991 1720 2049 editur
1749 2008 1812 2048 ex
1850 1995 1964 2054 cod.
1993 2009 2092 2053 ms.
2125 1994 2254 2068 Reg.
2297 1995 2468 2054 Paria.
2505 1993 2670 2060 1452,
2699 2007 2818 2050 saec.
2849 2003 2910 2049 ι.
2945 1989 3112 2049 Eutr.
3141 1987 3341 2056 Pun.)

518 2287 565 2353 Ι.
628 2287 939 2354 Desiderio
999 2295 1057 2350 et
1113 2305 1317 2352 amore
1385 2294 1582 2350 motus
1639 2305 1748 2368 ego
1798 2296 2068 2368 peccator

2241 2290 2329 2354 A'.
2370 2289 2521 2361 Πόθῳ
2572 2289 2666 2345 καὶ
2696 2288 2880 2366 ἆγᾶπῃ
2940 2283 3274 2360 κινούμενος,
3309 2281 3418 2358 ἐγὼ
3483 2283 3512 2336 δ
3558 2280 3790 2356 ἀμαρτω-

436 2377 786 2459 Crispinus,
847 2377 1053 2441 studui
1111 2376 1495 2441 conscribere
1550 2377 1968 2440 admirabilem
2023 2387 2081 2441 et

436 2469 752 2547 gloriosam
805 2467 915 2529 viri
966 2468 1140 2528 vitam
1192 2480 1252 2529 et
1309 2486 1344 2528 a
1398 2483 1582 2545 puero
1636 2465 2076 2530 institutionem

435 2560 622 2620 sancti
659 2557 847 2619 Patris
880 2557 1068 2617 nostri
1113 2555 1435 2629 Parthenii,
1474 2555 1572 2636 qui
1624 2555 1730 2616 fuit
1762 2557 2080 2637 episcopus

434 2645 770 2726 Lampsaci.
804 2644 904 2706 Est
935 2645 1094 2706 enim
1122 2643 1297 2725 plena
1329 2645 1580 2706 utilitate
1606 2643 1842 2718 animae,
1870 2656 2082 2728 etquae

434 2744 634 2817 potest
659 2735 734 2796 iis
765 2734 868 2815 qui
902 2735 1122 2811 legent,
1156 2733 1478 2795 ostendere
1502 2751 1570 2794 ea
1590 2753 1721 2814 quae
1749 2733 1906 2798 Deus
1931 2756 2081 2816 prae-

439 2824 543 2886 bet
566 2824 639 2886 iis
671 2824 770 2904 qui
793 2823 990 2903 ipsum
1023 2821 1297 2902 diligunt.
1327 2823 1542 2884 Beatus
1573 2841 1712 2902 ergo
1745 2834 1800 2884 et
1833 2825 2082 2907 inclytus

433 2913 534 2974 hic
585 2911 944 2974 Parthenius
998 2911 1204 2974 habuit
1252 2911 1494 2992 quidem
1557 2919 1783 2990 patrem
1838 2917 2083 2976 nomine

431 3001 902 3074 Christodulum,
964 2999 1252 3079 dignitate
1310 3000 1626 3061 diaconum
1689 3010 1910 3064 sanctae
1970 3006 2074 3067 Dei

433 3089 767 3164 catholicae,
802 3107 933 3170 quae
987 3098 1113 3152 erat
1158 3087 1364 3163 Meliti,
1402 3087 1708 3161 Ecclesiae,
1743 3090 2072 3155 litterarum

432 3181 770 3262 imperitus,
823 3187 1160 3242 sanctarum
1213 3188 1413 3241 autem
1481 3177 1922 3260 Scripturarum
1985 3184 2076 3246 vel

431 3271 694 3334 maxime
745 3269 950 3332 valens
980 3269 1288 3331 memoria.
1343 3267 1634 3331 Crescens
1681 3287 1820 3333 vero
1878 3280 2071 3348 aetate,

428 3360 553 3424 ibat
593 3360 652 3422 in
689 3361 1084 3443 propinquum
1148 3357 1369 3438 lacum,
1403 3367 1460 3419 et
1490 3357 1573 3419 ibi
1623 3358 1984 3442 piscabatur,
2021 3371 2080 3425 ct

429 3450 683 3532 piscium
737 3456 1135 3512 mercaturam
1195 3447 1612 3528 suppeditabat
1668 3451 1803 3510 usui
1869 3469 2073 3513 eorum

429 3541 533 3621 qui
565 3539 838 3620 egebant.
875 3539 924 3601 A
959 3539 1152 3619 prima
1198 3537 1358 3599 enim
1391 3546 1582 3612 aetate,
1619 3539 1804 3617 gratia
1843 3541 1950 3604 Dei
1984 3543 2074 3603 di-

2163 2378 2254 2443 λὸς
2305 2379 2603 2458 Κρισπῖνος
2659 2377 2887 2433 ἔσπευσα
2958 2375 3157 2453 γράψαι
3212 2377 3308 2447 τῇν
3381 2368 3682 2444 θαυμασίαν
3721 2368 3793 2420 καὶ

2165 2471 2370 2538 ἔνδοξον
2427 2470 2700 2544 πολιτείαν
2741 2471 2828 2526 καὶ
2897 2469 2996 2534 τὴν
3053 2466 3114 2522 ἐκ
3165 2462 3353 2525 παιδὸς
3399 2460 3675 2538 διαγωγὴν
3717 2461 3792 2514 τοῦ

2164 2563 2307 2619 ὁσίου
2354 2563 2558 2639 Πατρῆς
2592 2560 2742 2629 ἡμῶν
2801 2558 2894 2614 καὶ
2925 2557 3222 2612 ἓπισκόπου
3255 2552 3550 2630 γενομένου
3614 2551 3789 2626 Παρθε-

2167 2652 2298 2712 νίου,
2350 2650 2599 2730 Ψυχικῆς
2656 2650 2755 2727 γὰρ
2785 2645 3049 2726 ὠφελειας
3103 2643 3316 2722 πλήρης
3350 2643 3493 2698 ἐστὶν
3551 2639 3790 2703 καὶῖκκνὴ

2166 2754 2282 2804 τοῖς
2337 2739 2750 2819 ’ἐντυγχάνουσιν
2795 2734 3067 2800 ὑποδεῖξαι
3143 2733 3174 2789 ἃ
3221 2735 3348 2794 Θὲὸς
3394 2731 3629 2810 παρέχει
3695 2741 3788 2790 τοῖς

2166 2831 2445 2902 ἀγαπῶσιν
2490 2818 2668 2888 αὒτόν.
2729 2818 2787 2885 Ὀ
2862 2825 3124 2902 μακάριος
3196 2825 3284 2880 καὶ
3356 2819 3604 2892 ἀοίδιμος
3662 2818 3786 2875 avito:

2171 2917 2448 2995 Παρθένιος
2505 2917 2702 2996 πατρὸς
2764 2916 2863 2992 μὲν
2926 2917 3173 2993 ὃπῆρχεν
3211 2910 3432 2986 ὀνόματι
3495 2904 3784 2981 Χριστώού-

2164 3008 2282 3079 λου,
2329 3009 2427 3075 τὴν
2483 3007 2628 3072 ἀξίαν
2689 3006 2932 3063 διακόνου
2992 3007 3088 3072 τῆς
3143 3002 3279 3058 κατὰ.
3328 3000 3562 3055 Μελίτου
3605 2997 3782 3053 πόλεως

2160 3101 2337 3178 ἁγίας,
2371 3100 2460 3155 τοῦ
2492 3105 2624 3156 Θεοῦ
2682 3096 2972 3162 Ααθολικῆς
3013 3095 3099 3149 καὶ
3161 3089 3532 3156 ἅποστολικῆς
3571 3089 3782 3149 ἘιικΑη-
3887 3109 3889 3120 ι

2159 3190 2301 3268 σίας,
2362 3189 2694 3266 γραμμάτων
2750 3185 2987 3264 ἄπειρος,
3050 3189 3156 3238 τῶν
3215 3179 3268 3236 δὲ
3340 3180 3509 3254 ἁγίων
3588 3179 3780 3268 Fonteii)»

2161 3265 2389 3354 μνῄμων
2433 3277 2816 3352 δοκιμώτατος,
2864 3272 3190 3352 Προκόπτων
3219 3269 3275 3326 δὲ
3306 3275 3374 3342 τῇ
3404 3267 3593 3336 ἡλικία
3635 3265 3784 3320 ἀπιὼν

2161 3367 2214 3423 ἓν
2241 3375 2307 3445 τῇ
2355 3367 2583 3434 πλησίον
2615 3367 2777 3442 λίμνῃ
2837 3366 2934 3431 τὴν
2965 3368 3070 3419 τῶν
3125 3361 3326 3440 ὶχθύων
3358 3357 3526 3436 Ξὶγραν
3571 3357 3786 3445 ἐποιεῖτο

2160 3459 2246 3513 καὶ
2285 3443 2465 3524 ναῦνῆς
2516 3457 2614 3522 τὴν
2649 3455 2906 3534 ἐμπορίαν
2950 3458 3018 3528 τῇ
3069 3452 3172 3508 τῶν
3225 3447 3495 3524 δεομένων
3553 3443 3786 3526 ἐχορὴγιι

2160 3545 2475 3609 ἀναπαύσει,
2525 3547 2662 3602 Ἀπὸ
2703 3546 2813 3626 ’γὰρ
2863 3543 3080 3620 πρώτης
3137 3539 3351 3608 ἡλικίας
3402 3537 3625 3626 χάριτος
3660 3537 3787 3626 “Geo-3

428 3639 662 3712 gnatus,
699 3630 960 3709 seipsum
983 3629 1233 3691 celabat.
1268 3626 1314 3690 Α
1337 3635 1610 3708 tempore
1635 3639 1831 3691 autem
1861 3630 2068 3692 decem

2162 3634 2404 3701 ἆξιωθεΐς
2435 3622 2708 3714 ἔκρυπτεν
2744 3622 2951 3689 ἑαυτόν
2987 3631 3095 3687 ἀπὸ
3131 3628 3184 3684 δὲ
3242 3623 3606 3684 ὀκτωκαίδεκα
3660 3622 3786 3679 ἔτους

426 3730 487 3782 et
517 3727 650 3782 octo
683 3736 998 3792 annorum,
1035 3718 1204 3795 signa
1237 3718 1435 3778 facere
1482 3717 1804 3799 incipiens,
1839 3719 2074 3783 daemo-

426 3827 536 3871 nes
585 3805 922 3888 expellebat
967 3805 1041 3868 ab
1091 3805 1438 3868 hominibus
1482 3807 1612 3887 ejus
1667 3807 2068 3872 invocatione.

427 3897 571 3963 Cum
604 3915 744 3958 vero
773 3895 929 3958 bona
961 3896 1034 3957 de
1068 3914 1138 3956 eo
1198 3895 1353 3956 fama
1383 3903 1542 3958 esset
1575 3896 1904 3959 multorum
1939 3917 2070 3960 ser-

427 4005 606 4051 mone
637 3984 1149 4061 celebrata,Meliti
1182 3985 1432 4047 civitatis
1461 3985 1800 4066 episcopus,
1827 3988 2073 4050 nomine

415 4077 709 4159 Philetus,
749 4095 881 4139 cum
914 4076 1182 4138 audisset
1211 4075 1286 4136 de
1313 4077 1374 4138 S.
1422 4074 1764 4147 Parthenio,
1801 4095 1936 4138 eum
1970 4097 2074 4140 ac-

419 4169 695 4232 ceraitem
747 4174 806 4228 et
837 4166 1090 4227 multum
1128 4165 1455 4244 laudatum,
1487 4167 1578 4227 vel
1628 4164 1873 4227 invitum
1905 4167 2072 4228 ordi—

417 4268 524 4322 nat
574 4257 984 4340 presbyterum
1036 4266 1096 4317 et
1146 4256 1510 4317 visitatorem
1558 4263 1777 4318 sancta;
1823 4257 2074 4320 civitatis

419 4347 609 4410 Meliti
661 4345 968 4408 Ecclesiae.
1000 4347 1188 4408 Porro
1245 4355 1446 4406 autem
1500 4344 1554 4407 ei
1607 4365 1844 4427 quoque
1897 4365 2071 4428 opem

421 4435 656 4501 ferebat
684 4435 868 4514 gratia
903 4435 1280 4496 curationum
1316 4436 1375 4495 in
1408 4435 1688 4497 omnibus
1732 4438 2074 4513 aegrotanti—

419 4525 556 4603 bus,
593 4535 655 4587 et
705 4523 966 4584 faciebat
998 4523 1184 4585 multa
1235 4522 1403 4603 signa
1447 4522 1826 4586 admirabilia
1855 4526 1916 4588 in
1971 4545 2072 4588 no-

421 4617 586 4679 mine
615 4611 856 4676 Domini
884 4612 1072 4674 nostri
1103 4613 1238 4675 .lesu
1272 4611 1520 4674 Christi.

490 4796 724 4856 ll.Inter
747 4803 944 4852 caetera
969 4807 1106 4850 vero
1129 4792 1333 4850 accidit
1357 4792 1692 4865 aliquando,
1714 4801 1776 4851 ut
1809 4794 1856 4852 el
1895 4795 2068 4854 homo

419 4885 594 4948 ﬁeret
633 4879 892 4950 obviam,
925 4876 1020 4940 cui
1063 4895 1095 4938 a
1127 4884 1295 4938 tauro
1338 4877 1536 4938 fuerat
1567 4877 1820 4940 eﬂ'ossus
1851 4879 2064 4955 oculis,

421 4991 600 5056 quem
629 4989 806 5032 manu
833 4987 937 5030 sua
963 4966 1326 5048 portabat,et
1349 4966 1606 5028 deﬂebat
1637 4967 1784 5029 Eum
1809 4986 1943 5030 cum
1975 4987 2071 5030 ac-

423 5063 684 5145 cepisset
728 5059 819 5120 vir
862 5065 1126 5133 sanctus,
1159 5064 1219 5118 et
1248 5057 1306 5118 in
1340 5075 1446 5118 suo
1497 5059 1626 5120 loco
1660 5057 2071 5140 imposuisset,

425 5173 570 5230 aqua
595 5153 1006 5221 madetaciens,
1037 5152 1094 5208 in
1120 5151 1300 5208 tritius
1331 5151 1536 5208 diebus
1568 5165 1774 5208 sanum
1805 5152 2070 5216 reddidit,

425 5229 710 5318 Quaedam
746 5247 944 5300 autem
980 5229 1358 5317 mulier,qua3
1386 5237 1446 5298 in
1479 5236 1775 5317 pudendis
1806 5238 2076 5319 corporis

425 5339 515 5401 sui
541 5334 811 5416 partibus
836 5349 1117 5393 cancrum
1154 5329 1413 5391 habebat
1437 5337 1794 5406 exstantem,
1827 5330 2076 5410 rogabat

425 5434 612 5490 virum
634 5434 990 5491 sanctum,ut
1011 5425 1290 5497 acciperet
1315 5423 1502 5481 morbi
1527 5425 2064 5484 curationem.San-

2159 3725 2354 3805 χρόνου
2411 3712 2518 3781 τῶν
2575 3724 2812 3799 σημείων
2865 3720 3152 3798 ἀρξάμεος⁹
3203 3715 3452 3792 δαίμονος
3516 3712 3782 3770 ἀπέλαυνεν

2158 3814 2264 3871 ἀπὸ
2323 3820 2428 3871 τῶν
2491 3813 2782 3892 ἀνθρώπων
2854 3816 2922 3887 τῇ
2979 3811 3167 3868 τούτου
3255 3805 3539 3882 ὀνομασία⁶
3603 3798 3783 3864 πολλῆς

2157 3925 2215 3960 τε
2255 3904 2440 3981 φήμης
2486 3889 2690 3981 ἀγαθῆς
2724 3902 2842 3976 περὶ
2897 3903 3054 3958 αὒτοῧ
3084 3895 3374 3976 saepem,
3411 3897 3439 3951 ὁ
3483 3893 3583 3960 τῆς
3641 3889 3783 3981 Men-

2157 4015 2250 4050 του
2271 3979 2491 4058 πόλεως
2684 3989 2972 4054 ὁσιώτατος
3006 3989 3295 4050 ἐπίσκοπος
3340 3983 3580 4058 ταῧνομα
3622 3979 3780 4043 Φιλη-

2159 4085 2248 4148 τδς
2310 4083 2536 4147 ἀκούσας
2568 4083 2634 4139 τὰ
2690 4081 2826 4136 κατὰ
2882 4083 2975 4136 τὸν
3019 4077 3164 4134 ὅσιον
3226 4074 3533 4153 Παρθένιον,
3567 4092 3779 4149 προσκα-

2158 4171 2449 4248 λεσάμενος
2495 4173 2650 4228 αὒτὸν
2679 4172 2768 4227 καὶ
2827 4168 3002 4226 πολλὰ
3031 4165 3378 4245 παραινέσας,
3413 4163 3549 4238 μετᾶ
3600 4157 3780 4221 πολλῆς

2158 4263 2397 4342 ἀνάγκης
2463 4273 2769 4340 χειροτονεῖ
2828 4259 2986 4315 αὐτὸν
3055 4252 3404 4335 πρεσϐύτερον
3476 4253 3575 4342 καί
3614 4270 3776 4342 περιο-

2159 4337 2348 4418 δνυτνὴν
2562 4337 2743 4418 ἀῦτῆς
2800 4346 3026 4404 Μελίτου
3082 4343 3292 4408 πόλεως
3353 4343 3506 4420 ἁγίας
3565 4337 3776 4402 Ἐκκλη-

2161 4439 2303 4504 σίας,
2365 4441 2624 4516 Συνήργει
2667 4436 2722 4493 δὲ
2793 4437 2935 4510 αὒτῷ
2975 4438 3012 4504 ἡ
3071 4433 3230 4515 χάρις
3292 4437 3396 4488 τῶν
3448 4430 3677 4505 ἰαμάτων
3727 4425 3770 4480 ἐν

2157 4536 2288 4585 πᾶσι
2348 4541 2466 4593 τοῖς
2523 4529 2851 4604 ἀσθενοῦσιν,
2910 4527 3000 4582 καὶ
3040 4523 3217 4582 πολλᾶ
3273 4517 3541 4597 παράδοξα
3593 4529 3768 4592 σημεῖα

2158 4619 2325 4676 ἐποίει
2377 4618 2464 4675 ἐπὶ
2495 4617 2573 4693 τῷ
2615 4617 2837 4693 ὀνόματι
2899 4621 2989 4674 τοῦ
3028 4613 3214 4692 Κυρίου
3255 4612 3410 4686 ἡμῶν
3440 4608 3617 4676 Ἰησοῦ
3656 4612 3760 4684 Χρι-

2149 4731 2274 4768 στου
2283 4755 2294 4767 .

2230 4787 2308 4858 Β’.
2362 4796 2451 4856 Ἐν
2485 4797 2573 4860 οἷς
2635 4791 2826 4863 συνέϐη
2883 4793 3014 4852 ποτὶ
3060 4792 3360 4860 ὁπαντῆσαι
3389 4790 3534 4860 αὖτῷ
3590 4787 3759 4863 ἄνθρω-

2153 4909 2250 4945 πον
2319 4888 2424 4945 ὑπὸ
2497 4887 2688 4965 ταύρου
2754 4885 3124 4960 κερατισθεντα
3195 4882 3287 4938 τὸν
3357 4877 3641 4959 ὀφθαλμὸν,
3690 4874 3760 4928 καὶ

2155 4986 2339 5037 τοῦτον
2393 4976 2840 5054 ὰωοκρεμάμενον
2885 4973 3165 5050 βαστάζειν
3217 4971 3271 5028 ὲν
3331 4975 3396 5046 τῇ
3442 4969 3584 5048 χειρὶ
3636 4967 3761 5054 αὐτοῦ

2158 5072 2238 5124 κοὶ
2294 5052 2654 5144 ὁλορύρεσθαιο
2690 5064 2750 5121 ’ὃν
2805 5061 3098 5137 λαϐόμενος
3153 5063 3180 5118 ὁ
3209 5060 3353 5126 ὅσιος
3403 5058 3537 5136 ἀνῆρ
3565 5057 3644 5113 καὶ
3688 5052 3758 5144 ἓν·

2155 5159 2261 5222 θεῖς
2320 5160 2396 5216 νώ
2459 5142 2576 5231 ίδίῳ
2632 5157 2805 5235 τόπῳ,
2837 5150 2984 5209 ὕδατι
3028 5148 3378 5230 καταϐρέχων
3434 5149 3596 5226 τρισὶν
3643 5142 3757 5235 inde

2159 5269 2273 5326 ραις
2332 5247 2458 5326 ὑγιῆ
2523 5231 2984 5311 ἀποκατέστησεν,
3059 5241 3197 5306 Γυνὴ
3269 5237 3325 5296 δέ
3393 5259 3474 5302 τις
3546 5236 3673 5326 περὶΔ
3708 5231 3757 5285 τὰ

2161 5323 2448 5416 ἆσχημονα
2495 5333 2636 5409 μέλη
2681 5334 2774 5390 τοῦ
2803 5332 3050 5407 σώματος
3095 5328 3296 5410 ἔχουσα
3349 5327 3593 5416 καραίνοο
3619 5323 3752 5416 adp-3.

2148 5410 2324 5482 ’ἐδέετο
2380 5433 2474 5483 τοῦ
2509 5425 2655 5480 ὁσίου
2685 5421 2866 5497 ἀνδρος
2900 5418 3046 5476 ἴασιν
3103 5425 3197 5475 τοῦ
3227 5419 3422 5481 πάθους
3471 5414 3668 5475 λαϐεῖν.
3705 5410 3750 5464 ’0

495 5549 576 5622 (1)
623 5545 685 5602 In
722 5540 1410 5622 antiqua‘notitlaquar'n
1468 5539 1644 5597 (didit
1675 5539 1915 5622 Carolus
1938 5557 1970 5599 a
2002 5541 2058 5599 s.

2162 5563 2321 5622 luam
2345 5550 2448 5608 «in
2478 5555 2684 5622 stagno
2706 5547 2936 5622 artynia
2959 5543 3104 5622 oriri
3121 5543 3743 5622 Rhyndacumomnemn

425 5610 637 5690 Paulo,
663 5610 1055 5677 Μιλιτοῦπολις
1076 5610 1328 5674 dicitur.
1365 5610 1444 5674 Ea
1477 5629 1607 5673 esse
1637 5613 1871 5674 videtur
1892 5614 2061 5695 juxua

2162 5610 2372 5680 Plinius
2401 5610 2602 5680 scribit
2623 5635 2675 5689 v,
2707 5610 2968 5686 32,'licet
2990 5610 3327 5689 Πίιεεορόιειι
3354 5615 3615 5688 appellet.

3662 199 3790 275 1348
3873 207 3892 238 ί
