3932 6140
215 277 370 345 1349

1498 277 1684 344 VITA
1728 278 1789 342 S.
1846 274 2296 342 PARTHENII.

3430 273 3583 342 1350

208 413 263 472 δὲ
307 416 393 472 επὶ
437 419 514 490 τῷ
564 414 798 491 μετώπῳ
845 418 1008 481 αὖτῆς
1052 415 1284 484 ποιήσας
1342 415 1440 482 τὴν
1489 413 1583 472 τοῦ
1628 417 1854 492 Χριστοῦ

2023 429 2068 470 is
2091 426 2231 472 vero
2253 408 2312 470 in
2338 407 2469 489 ejus
2491 407 2689 471 fronte
2711 407 2863 470 facto
2886 409 3054 488 signo
3087 409 3449 483 criicis,eam
3478 427 3580 472 cu-

209 503 502 585 σφραγῖδα,
562 505 751 562 ἰάσατο
822 505 985 571 αὐτὴν
1044 503 1406 584 παραχρῆμα,
1466 504 1556 559 καὶ
1611 501 1855 567 ἐξέπεσεν

209 593 263 659 ἑξ
310 594 474 661 αὐτῆς
511 595 575 650 τὸ
617 597 784 657 παθος
846 596 920 658 ὡς
967 591 1116 656 εἶδες
1163 593 1432 671 καρκίνου,
1493 592 1580 648 καὶ
1629 589 1855 671 ἤρκεσεν

209 684 297 741 ἐπὶ
340 685 440 751 τὴν
499 689 626 761 γῆν,
676 684 878 747 Πάντες
914 681 966 738 δὲ
1029 683 1076 739 οἱ
1133 683 1392 760 παρόντες
1444 683 1761 758 θεασάμενοι
1789 682 1852 736 τὸ

207 773 488 852 τεράστιον
544 777 743 850 θαῦμα,
803 771 1005 829 ἔδωκαν
1064 772 1222 831 αἶνον
1289 774 1367 846 τῷ
1436 775 1851 847 θαυμαστοποιῷ

209 871 351 938 Θεῳ.
447 862 858 944 Ἀπερχομένου
923 885 1016 920 του
1101 867 1362 940 μακαρίου
1436 863 1508 925 είς
1576 862 1850 938 ἐπίσκεψιν

209 975 354 1015 τινος
415 951 684 1030 ἆῤῥώστου
737 953 808 1009 ἐν
855 959 932 1027 τῷ
989 950 1218 1029 βαδίζειν
1261 953 1422 1009 αὖτὸν
1466 951 1656 1030 ἀθρόον
1711 953 1854 1009 κύων

207 1042 566 1119 παμμεγέθης
612 1043 700 1100 καὶ
751 1041 934 1123 φόνιος
989 1039 1272 1120 διαῤῥήξας
1330 1043 1430 1109 την
1475 1041 1853 1120 περικειμένην

210 1135 358 1205 αὐτῷ
402 1130 584 1189 ἅλυσιν
645 1130 975 1200 ἐξεπήδησεν
1018 1130 1126 1188 ἀπὸ
1171 1131 1339 1194 οὶκίας
1393 1131 1536 1196 τινὸς
1587 1131 1692 1187 τῶν
1749 1152 1854 1206 με-

212 1222 480 1300 γιστάνων
533 1223 622 1279 καὶ
675 1220 911 1290 ἀπῆλθεν
955 1221 1121 1301 αὒτῴ,
1168 1221 1258 1277 καὶ
1302 1221 1472 1299 ὄρθιος
1505 1220 1591 1277 ἐπὶ
1619 1223 1714 1277 τοῦ
1743 1221 1858 1277 σώ-

212 1332 383 1386 ματος
429 1315 588 1371 αὖτοῦ
631 1309 786 1378 ἔστη.
839 1303 896 1368 Ὀ
945 1309 999 1366 δὲ
1045 1310 1190 1372 ὅσιος
1246 1309 1558 1386 ἐμφυσήσας
1604 1311 1744 1384 αὐτῷ
1771 1311 1859 1368 καὶ

210 1401 306 1456 τὸν
361 1403 585 1481 σταυρὸν
645 1407 739 1458 τοῦ
801 1407 1028 1477 Χριστοῦ
1070 1399 1460 1474 ποιησάμενος,
1524 1400 1860 1480 παραχρῆμα

211 1487 461 1567 ὶξήρανεν
509 1489 606 1547 καΐ
637 1492 820 1570 νεκρὸν
851 1489 958 1546 ἀπὸ
990 1495 1096 1546 τῶν
1126 1487 1291 1565 ὤμων
1322 1492 1481 1545 αὒτοῦ
1513 1488 1598 1546 ἐπὶ
1629 1491 1728 1558 τὴν
1756 1495 1859 1568 γῆν

209 1577 440 1654 ἕῤῥιψεν,

289 1662 372 1731 Γ’.
422 1676 597 1727 Ταῦτα
640 1668 827 1726 καὶτὰ
856 1669 1066 1730 τούτοις
1112 1668 1463 1747 παραπληξσια
1523 1669 1773 1736 ἀκηκοὼς
1830 1671 1858 1725 ὁ

1935 501 2086 562 ravit
2118 499 2389 582 protinus
2426 520 2439 558 :
2477 506 2538 559 et
2568 497 2792 561 excidit
2820 498 2895 560 ab
2925 517 2994 560 ea
3027 500 3298 573 morbus,
3329 498 3480 561 adeo
3513 510 3582 561 ut

1935 590 2172 669 species
2205 589 2407 651 cancri
2461 586 2552 650 vel
2604 588 2793 669 ipsam
2851 596 3069 650 terram
3116 588 3575 652 exulceraverit.

1933 680 2107 742 Tunc
2133 696 2343 741 omnes
2365 678 2468 756 qui
2491 677 2916 754 aderant,cum
2951 677 3065 740 hoc
3095 677 3384 740 vidissent
3405 678 3582 740 mira-

1934 768 2466 840 culum,dederunt
2485 766 2722 829 laudem
2744 774 2802 828 et
2823 767 3072 847 gloriam
3092 766 3216 830 Deo
3240 761 3582 846 nostro,qui

1934 856 2076 919 facit
2099 857 2410 920 miracula.
2443 856 2589 918 Cum
2642 860 2842 938 itaque
2873 857 2983 918 iret
3014 856 3337 937 aliquando
3369 857 3583 922 beatus

1935 945 2292 1009 Parthenius
2313 949 2382 1009 ad
2410 945 2720 1009 visendum
2754 946 3075 1028 quemdam
3107 948 3584 1027 aegrotum,inter

1938 1036 2205 1099 eundum
2255 1046 2507 1118 repente
2557 1037 2724 1098 canis
2775 1036 3034 1116 ingentis
3060 1037 3499 1118 magnitudinis
3525 1046 3584 1100 et

1941 1124 2164 1188 caedem
2188 1126 2632 1207 spirans,rupta
2655 1132 3026 1208 catena,qu&
3048 1125 3105 1188 ei
3126 1125 3317 1189 fuerat
3339 1125 3583 1208 imposi-

1941 1221 2020 1290 ta,
2055 1215 2275 1278 exsiliit
2315 1235 2348 1277 a
2389 1216 2644 1296 quadam
2673 1215 2853 1277 domo
2877 1215 3193 1296 cujusdam
3217 1234 3289 1278 ex
3312 1220 3581 1298 proceri-

1941 1302 2072 1381 bus,
2101 1314 2159 1367 et
2188 1324 2322 1368 eum
2356 1304 2598 1383 invasit,
2634 1312 2693 1367 et
2721 1313 2923 1368 rectus
2959 1305 3124 1368 stetit
3155 1322 3336 1385 supra
3365 1324 3586 1387 corpus

1943 1395 2356 1475 ejus.Sanctns
2385 1402 2582 1458 autem
2618 1414 2750 1458 cum
2790 1394 2852 1458 in
2884 1413 3021 1457 eum
3054 1395 3583 1476 spirasset,etcru-

1942 1501 2072 1546 cem
2107 1483 2333 1547 Christi
2367 1484 2631 1561 fecisset,
2665 1493 2919 1566 repente
2943 1483 3354 1560 exsiccavit,et
3381 1485 3454 1548 ab
3481 1486 3585 1548 hu-

1943 1574 2124 1635 meris
2157 1574 2283 1636 suis
2313 1573 2374 1634 in
2398 1583 2618 1636 terram
2643 1575 2902 1656 projecit
2925 1581 3257 1637 mortuum.

2021 1665 2120 1727 III.
2155 1662 2294 1726 Haec
2329 1673 2384 1726 et
2416 1664 2509 1726 his
2540 1663 2766 1726 similia
2795 1683 2929 1726 cum
2965 1664 3428 1747 audivisset,qu
3459 1676 3586 1729 erat

205 1757 330 1816 κατ’
385 1761 597 1815 ὲκετνον
654 1759 746 1814 τὸν
815 1759 1000 1836 καιρὸν
1057 1759 1352 1822 ὁσιώτατος
1413 1757 1701 1822 ἐπίσκοπος
1761 1763 1857 1826 τῆς

2023 1772 2042 1814 )
2074 1762 2351 1834 tempore
2381 1754 2798 1817 sanctissimus
2830 1753 3249 1835 Cyzicenorum
3274 1765 3581 1837 metropo-

209 1854 510 1906 Κυσικινῶν
578 1846 988 1924 μητροπόλεως,
1036 1845 1268 1922 τοῦνομα
1315 1846 1634 1928 ’,ισχὸλιος,
1684 1869 1857 1923 μετα-

205 1937 555 2014 στειλάμενος
612 1939 703 1992 τὸν
745 1935 891 1993 ὅσιον
935 1945 1122 1995 τοῦτον
1183 1938 1493 2016 Παρθένιον,
1551 1938 1624 2002 εἷς
1656 1940 1716 1994 τὸ
1761 1943 1857 2005 τῆς

209 2027 515 2094 ἐπισκοπῆς
575 2024 781 2102 ἀξίωμα
839 2029 1276 2107 προεχειρίσατο,
1314 2027 1401 2082 καὶ
1435 2027 1689 2105 μέγιστον
1749 2025 1856 2084 δῶ·-

213 2138 305 2195 ρον
335 2123 404 2192 τῇ
440 2120 811 2191 Λαμψακινῶν
869 2113 1024 2172 πόλει
1063 2115 1354 2195 ἐχαρίσατο
1391 2136 1405 2150 ⁸
1441 2118 1467 2171 ὁ
1499 2115 1554 2171 δὲ
1586 2114 1858 2195 ἅνθρωπος

211 2217 308 2266 τοῦ
373 2213 503 2264 Θεοῦ
573 2205 856 2283 Παρθένιος
915 2205 1134 2268 ἐπιστὰς
1191 2211 1259 2281 τῇ
1316 2205 1662 2284 ἀφιερωθείσῃ
1718 2207 1862 2280 αὒτῷ

212 2295 366 2353 πόλει
443 2297 748 2370 Λαμψάκῳ,
839 2294 934 2350 καί
1025 2295 1187 2371 εὑρὼν
1285 2298 1438 2352 αὒτὸν
1512 2296 1855 2373 κατείδωλον,

211 2386 399 2452 ἠνιᾶτο
459 2384 640 2448 δεινῶς
685 2401 699 2416 ⁸
760 2383 904 2452 πλὴν
928 2386 986 2441 οὺ
1017 2383 1251 2441 διέλιπεν
1282 2387 1421 2442 κατὰ
1466 2387 1557 2442 τὸν
1588 2385 1856 2443 Ἀπόστο-

211 2475 306 2532 λον
377 2479 656 2549 νουθετῶν,
747 2474 1098 2553 παρακαλῶν,
1158 2474 1446 2548 ἐπιτιμῶν,
1499 2474 1854 2533 ὑποδεικνύων

214 2570 400 2629 αὐτοῖς
459 2565 559 2631 τὴν
620 2563 740 2620 ὁδὸν
797 2570 896 2631 τῆς
957 2563 1210 2631 ἀληθείας
1273 2566 1488 2631 καὶτὴν
1520 2569 1854 2637 ματαιότητα

211 2661 319 2711 τῶν
376 2653 608 2711 εἷδωλων
667 2655 757 2710 καὶ
813 2657 1228 2731 θαυματουργῶν
1264 2653 1317 2710 ἐν
1362 2658 1438 2727 τῷ
1484 2654 1703 2729 ὀνόματι
1762 2661 1855 2712 τοῦ

215 2746 405 2823 Κυρίου
449 2744 608 2819 ἡμῶν
650 2743 831 2811 Ἰησοῦ
872 2751 1122 2820 Χριστοῦ,
1183 2746 1270 2800 καὶ
1321 2744 1548 2819 ἰώμενος
1599 2746 1722 2807 τοὺς
1756 2744 1849 2822 ἆῤ·

209 2835 444 2912 ῥώστους
480 2837 674 2909 αὐτῶν,
709 2835 796 2890 καὶ
829 2834 992 2896 οὕτως
1039 2833 1160 2889 κατ’
1211 2832 1392 2909 ὀλίγον
1453 2833 1700 2890 εἵλκυσεν
1756 2835 1854 2890 αὒ-

1941 1842 2012 1904 lis
2040 1843 2380 1924 episcopus,
2418 1845 2666 1906 nomine
2721 1844 3070 1921 Ascholius,
3127 1863 3262 1906 cum
3315 1848 3581 1910 accersi-

1939 1933 2124 1996 visset
2152 1933 2562 1996 venerandum
2595 1942 2655 1996 et
2707 1941 2979 1996 sanctum
3013 1933 3175 1995 hunc
3207 1934 3398 1996 virum
3432 1939 3583 1999 Par-

1942 2021 2239 2097 thenium,
2273 2043 2412 2085 eum
2449 2022 2720 2106 prmt‘ecit
2771 2022 3061 2103 dignitate
3091 2024 3490 2106 episcopatus,
3527 2034 3587 2088 et

1946 2112 2270 2174 maximum
2304 2113 2606 2176 concessit
2628 2112 2853 2174 donum
2887 2113 3111 2176 civitati
3139 2113 3277 2176 Lam
3288 2134 3584 2196 psaceno-

1942 2219 2100 2262 rum.
2135 2201 2326 2264 Homo
2352 2211 2550 2264 autem
2584 2202 2695 2264 Dei
2726 2201 3108 2275 Parthenius,
3159 2223 3294 2266 cum
3329 2207 3587 2269 venisset

1942 2291 2015 2351 ad
2047 2291 2100 2352 ei
2155 2291 2488 2354 dedicatam
2546 2291 2845 2355 civitatem
2905 2292 3319 2372 Lampsacum,
3357 2305 3415 2356 et
3446 2313 3579 2357 eam

1943 2380 2271 2442 invenisset
2295 2381 2560 2443 deditam
2596 2381 2781 2442 cultui
2811 2382 3292 2456 simulacrorum,
3328 2388 3584 2461 graviter

1941 2469 2293 2549 angebatur.
2324 2471 2439 2533 Sed
2474 2490 2591 2533 non
2625 2471 2920 2548 cessabat,
2949 2474 3102 2533 sicut
3129 2472 3449 2552 Apostolus
3478 2474 3583 2536 ad-

1943 2571 2144 2622 monet
2196 2562 2244 2637 ί,
2298 2579 2534 2640 rogare,
2594 2561 2934 2640 increpare,
2986 2562 3253 2624 veritatis
3312 2563 3462 2624 viam
3495 2565 3583 2626 eis

1941 2650 2287 2729 ostendere,
2324 2650 2932 2730 imbecillitatemque~
2950 2659 3010 2712 et
3042 2652 3349 2713 vanitatem
3387 2653 3579 2715 simu-

1939 2738 2238 2801 lacrorum
2275 2759 2288 2803 :
2327 2750 2385 2802 et
2418 2741 2640 2801 faciens
2674 2741 2962 2802 miracula
3013 2741 3074 2801 in
3108 2742 3352 2804 nomine
3383 2742 3584 2804 Domi-

1942 2829 2002 2889 ni
2037 2830 2226 2890 nosrri
2256 2830 2400 2892 Jesu
2433 2831 2676 2903 Christi,
2712 2839 2769 2890 et
2800 2848 3017 2891 curans
3041 2849 3248 2892 eorum
3284 2833 3577 2909 inﬁrmos,

210 2925 336 2985 τοὺς
369 2925 442 2987 εἰς
490 2924 588 2990 τὴν
643 2923 930 2998 ἐπίγνωσιν
974 2925 1066 2978 τοῦ
1125 2926 1372 3001 Χριστοῦ.
1408 2921 1554 2980 Ἰδὼν
1585 2922 1638 2980 δὲ
1670 2926 1855 2989 αὐτοὺς

2023 2920 2223 2979 ulatim
2262 2920 2439 2982 traxit
2470 2938 2573 2980 eos
2606 2919 2677 2979 ad
2715 2921 2819 2981 Dei
2861 2920 3409 2999 agnitionem.Cum
3442 2940 3580 2985 vero

212 3015 656 3092 προσκόπτοντας
701 3013 757 3068 ἒν
805 3017 873 3087 τῇ
930 3013 1102 3068 πίστει
1143 3015 1230 3067 καὶ
1275 3019 1720 3091 περιφρονοῦντας
1753 3021 1858 3070 τῶν

2023 3007 2188 3070 lisset
2220 3027 2321 3070 eos
2355 3011 2646 3088 proiicure
2678 3011 2736 3070 in
2774 3009 2909 3086 iide,
2949 3019 3007 3071 et
3038 3011 3359 3072 simulacra
3387 3011 3584 3092 deSpi-

214 3102 475 3182 εἱδώλων,
509 3100 782 3170 ἠϐουλήθη
814 3101 1064 3158 καθελεῖν
1095 3103 1214 3163 τοὺς
1260 3103 1417 3164 ναοὺς
1451 3108 1555 3158 τῶν
1591 3105 1855 3178 ματαίων;

2023 3116 2104 3172 re,
2161 3098 2345 3160 voluit
2401 3117 2610 3159 eorum
2672 3100 2892 3177 templa
2923 3099 3167 3162 diruere
3199 3111 3256 3162 et
3284 3101 3582 3163 aediﬁcare

216 3195 307 3250 καὶ
359 3192 708 3267 οίκοδομῆσαι
760 3190 1049 3258 ἐκκλησίαν
1099 3190 1184 3246 ἐπὶ
1229 3195 1306 3263 τῷ
1349 3193 1572 3264 ὀνόματι
1604 3200 1696 3248 τοῦ
1746 3203 1855 3252 Κυ-

2023 3188 2263 3249 clesiam
2298 3186 2358 3248 in
2391 3190 2637 3249 nomine
2671 3187 2911 3251 Domini
2951 3191 3139 3250 nostri
3160 3188 3299 3252 Jesu
3335 3190 3577 3255 Christi.

219 3284 332 3360 ρίου
375 3284 530 3357 ἡμῶν
561 3282 744 3348 ’[ησοῦ
805 3280 1050 3359 Χριστοῦ,
1101 3278 1384 3360 Ἐπισχὼν
1437 3279 1492 3335 δὲ
1541 3283 1693 3339 αῦτὸν
1727 3282 1856 3339 ἐπε-

2023 3296 2085 3336 m
2114 3295 2179 3338 se
2209 3286 2408 3338 autem
2445 3279 2848 3352 sustinuisset,
2877 3278 2962 3338 sic
2992 3279 3216 3352 statuit,
3251 3280 3409 3359 quod
3442 3299 3578 3342 cum

220 3370 498 3449 λογήσατο
562 3369 642 3426 ὅτι
702 3372 730 3425 ὁ
783 3369 1034 3448 βασιλεὺς
1096 3371 1409 3447 Χριστιανὸς
1491 3371 1579 3426 καὶ
1637 3369 1856 3440 εὐσεϐής

2032 3374 2272 3445 perator
2300 3367 2375 3426 sit
2405 3367 2782 3428 Christianus
2813 3375 2871 3426 et
2901 3366 3056 3445 pius,
3085 3368 3315 3446 justum
3347 3369 3422 3428 sit
3449 3371 3579 3450 ejus

218 3461 389 3520 ἔστιν.
437 3463 650 3517 Δίκαιον
695 3463 782 3517 οὗν
826 3461 1056 3539 ῦπάρχει
1105 3461 1241 3535 μετὰ
1291 3461 1512 3539 γνώμης
1547 3462 1708 3516 aii-0'3
1753 3467 1858 3516 τῶν

2023 3455 2239 3514 utentia
2296 3456 2656 3535 templorum
2717 3455 3016 3516 idolorum
3076 3457 3578 3522 ﬁeridemolitio-

220 3549 509 3607 είδωλικῶν
571 3557 712 3606 ναῶν
769 3551 867 3617 τὴν
927 3549 1225 3627 καθαίρεσιν
1284 3549 1626 3616 ποιήσασθαι.
1688 3555 1861 3608 Ταῦτα

216 3640 642 3719 βουλευσάμενος
703 3643 730 3696 ὁ
793 3639 1036 3718 θεράπων
1081 3647 1173 3696 τοῦ
1248 3645 1500 3718 Χριστοῦ,
1554 3639 1760 3717 ἀπάρας
1803 3645 1862 3696 ὲκ

216 3735 320 3800 τῆς
375 3730 586 3794 πόλεως
648 3730 974 3805 Λαμψάκου,
1011 3728 1415 3796 καταλαμϐάνει
1460 3730 1558 3796 τὴν
1616 3728 1859 3806 βασιλίδα

217 3821 400 3883 πόλιν.
453 3821 597 3880 Κατὰ
652 3822 932 3898 συγκυρίαν
975 3818 1027 3874 δὲ
1088 3816 1280 3886 συνέϐη
1325 3825 1424 3886 τῆς
1469 3817 1590 3888 ἑξῆς
1634 3821 1723 3877 τὸν
1769 3821 1859 3877 εὖ·

217 3908 354 3979 σεϐῆ
412 3909 636 3988 βασιλέα
693 3919 1098 3968 Κωνσταντϊνον
1168 3909 1407 3965 κατιέναι
1466 3910 1712 3989 ὀχήματι
1785 3912 1857 3973 εἷς

217 4001 501 4075 ἐπίσκεψιν
533 4006 639 4057 τῶν
682 4000 885 4077 ὼρείων
929 3998 1024 4056 τοῦ
1080 3999 1228 4057 σίτου
1261 4014 1274 4028 ⁶
1324 4000 1412 4056 καὶ
1468 3999 1772 4076 προσελθὼν
1832 4002 1859 4056 ὃ

218 4091 367 4156 ὅσιος
399 4090 533 4169 ἀνὴρ
576 4087 744 4154 ἔδειξε
775 4089 840 4144 τὰ
870 4089 968 4155 τῆς
1021 4089 1306 4158 αἰτήσεως.
1362 4087 1422 4146 Ὀ
1467 4086 1522 4145 δὲ
1553 4087 1720 4152 ὄντως
1765 4113 1860 4170 φι-

218 4178 512 4259 λόχριστος
555 4175 802 4255 βασιλεὺς
855 4176 1065 4244 ἐδέξατο
1109 4177 1210 4245 τὴν
1257 4176 1500 4254 αἴτησιν,
1547 4180 1636 4234 καὶ
1687 4201 1858 4253 προσ-

219 4268 402 4336 έταξεν
461 4272 618 4328 αὐτον
691 4267 943 4348 προάγειν
997 4268 1070 4331 είς
1127 4267 1194 4324 τὰ
1260 4267 1528 4344 βασίλεια,
1579 4265 1709 4349 ἄχρι
1768 4277 1860 4327 τοῦ

217 4359 568 4440 ὑποστρέφειν
611 4360 768 4416 αὐτὸν
812 4358 918 4414 ἀπὸ
960 4364 1067 4414 τῶν
1127 4357 1326 4433 ὣρείων
1393 4367 1487 4417 τοῦ
1529 4358 1700 4421 σίτου.
1765 4361 1860 4418 Καὶ

1946 3560 2106 3606 nem.
2141 3542 2278 3605 Haec
2311 3563 2446 3606 cum
2480 3545 2635 3625 apud
2669 3563 2736 3608 se
2768 3545 3072 3608 statuisset
3125 3545 3344 3609 Christi
3374 3567 3580 3612 servus

1945 3632 2325 3710 Parthenius,
2363 3643 2421 3696 et
2447 3635 2725 3698 solvisset
2755 3653 2824 3696 ex
2855 3637 3086 3698 civitate
3116 3635 3580 3716 Lampsaco,ve-

1944 3719 2032 3780 nit
2063 3726 2122 3782 in
2159 3723 2369 3784 urbem
2403 3725 2652 3800 regiam.
2691 3726 2864 3786 Forte
2895 3733 3090 3785 autem
3124 3724 3360 3806 accidit,
3390 3735 3452 3788 ut
3483 3727 3580 3789 die

1947 3813 2218 3891 sequenti
2253 3812 2384 3894 pius
2416 3812 2744 3894 imperator
2787 3814 3213 3876 Constantinus
3245 3816 3580 3880 descende-

1943 3909 2036 3963 ret
2069 3901 2130 3962 in
2160 3900 2436 3964 vehiculo
2468 3903 2542 3964 ad
2595 3902 2888 3966 videndos
2943 3919 3138 3982 agros.
3174 3903 3262 3965 Ad
3297 3924 3432 3968 eum
3465 3907 3580 3968 ita-

1944 4007 2060 4070 que
2084 3991 2383 4053 accedens
2415 3992 2508 4054 vir
2539 4000 2802 4067 sanctus,
2836 3993 3108 4074 exposuit
3139 3992 3195 4056 ei
3225 4012 3391 4056 suam
3420 3997 3578 4076 peti-

1945 4079 2192 4142 tionem.
2225 4079 2618 4144 Venerandus
2644 4101 2783 4146 vero
2815 4092 2877 4146 et
2909 4083 3083 4164 plane
3127 4082 3345 4145 Christi
3372 4103 3581 4149 amans

1944 4167 2274 4248 imperator
2303 4171 3030 4252 Constantinus,benigne
3058 4172 3289 4253 accepit
3316 4173 3444 4253 ejus
3473 4194 3578 4257 pe-

1947 4257 2249 4335 titionem,
2281 4269 2340 4322 et
2365 4261 2537 4324 valde
2566 4270 2656 4324 est
2688 4261 2920 4324 laetatus
2952 4262 3289 4344 ;jussitque
3318 4281 3454 4325 eum
3490 4265 3584 4329 ire

1944 4347 2006 4412 in
2035 4349 2283 4428 regiam,
2319 4358 2381 4413 et
2438 4359 2784 4431 exspectare
2837 4353 3030 4415 donec
3088 4352 3218 4432 ipse
3245 4353 3478 4416 rediret
3505 4356 3582 4418 ab

221 4437 656 4530 παραγενύμενος
717 4447 965 4523 ἀσμένως
1019 4444 1308 4512 ἀπεδέξατο
1375 4449 1467 4505 τὸν
1512 4445 1658 4505 ὅσιον
1701 4447 1859 4527 ἄνδρα

2023 4439 2126 4500 ris.
2158 4437 2460 4503 Reversus
2485 4441 2684 4522 itaque
2714 4440 3042 4523 imperator
3070 4441 3131 4504 in
3165 4442 3470 4522 palatium,
3491 4445 3582 4508 lu-

222 4542 314 4598 καὶ
355 4538 739 4618 περιεπτύξατο
787 4539 874 4595 καὶ
923 4534 1173 4617 εὔχεσθαι
1217 4537 1348 4616 ὑπὲρ
1383 4538 1541 4595 αὐτοῦ
1581 4536 1808 4608 ἠξίωσεν
1843 4559 1857 4576 ο

223 4629 311 4688 διὰ
354 4631 553 4710 τάχους
603 4626 658 4684 δὲ
702 4626 1020 4706 προσέταξεν
1074 4625 1315 4703 γενέσθαι
1347 4628 1664 4707 πρόσταγμα
1709 4628 1865 4688 ἕνεκα

220 4724 323 4789 τῆς
380 4717 732 4797 καθαιρέσεως
788 4717 896 4775 τῶν
970 4713 1260 4772 εἰδωλικῶν
1336 4715 1503 4795 ναῶν,
1563 4718 1651 4773 καί
1707 4724 1863 4775 τοῦτο

218 4810 463 4887 κυρώσας
524 4807 650 4872 ταῖς
714 4808 880 4870 θείαις
959 4807 1120 4866 αὑτοῦ
1177 4802 1497 4880 συλλαϐαῖς,
1555 4804 1730 4864 δίδωσι
1786 4814 1864 4882 τῷ

218 4899 469 4979 μακαρίῳ
525 4903 614 4956 καί
673 4897 896 4978 χρυσίον
958 4893 1014 4952 δὲ
1077 4895 1260 4952 ἱκανὸν
1303 4891 1529 4951 δέδωκεν
1587 4897 1729 4970 αῦτῷ
1786 4899 1862 4960 εἰς

217 4990 556 5070 ἀπαρτισμὸν
626 4987 718 5054 νῆς
810 4985 961 5064 ἁγίας
1023 4991 1116 5042 τοῦ
1177 4989 1310 5042 Θεοῦ
1367 4983 1716 5058 Ἐκκλησίας,
1777 4989 1864 5045 καὶ

217 5078 600 5153 ἀσπασάμενος
633 5077 792 5134 αὺτὸν
825 5072 1086 5132 απέλυσεν
1126 5073 1181 5130 ἐν
1210 5074 1416 5153 εἰρήνῃ,

302 5167 388 5229 Δ’.
436 5165 753 5226 Επανελθὼν
810 5163 866 5220 δὲ
928 5166 956 5221 ὁ
1001 5164 1263 5243 μακάριος
1309 5164 1362 5222 ἐν
1423 5171 1490 5242 τῇ
1545 5163 1648 5238 ἰδίᾳ
1705 5163 1861 5223 πόλει

219 5259 529 5336 Λαμψάκῳ,
589 5258 695 5314 τῶν
752 5262 894 5312 ναῶν
947 5255 1046 5322 τήν
1095 5255 1392 5334 καθαίρεσιν
1450 5257 1714 5330 ἒποιεῖτο,
1774 5258 1861 5313 καὶ

218 5348 517 5428 διαγράψας
576 5349 667 5404 τὸν
754 5344 1284 5423 καλλιπρεπέστατον
1341 5347 1433 5402 τοῦ
1490 5352 1620 5403 Θεοῦ
1675 5345 1854 5421 οἶκον,

215 5440 376 5504 αὒτὸς
400 5437 465 5497 δι’
491 5440 680 5496 ἑαυτοῦ
711 5437 944 5518 ἐφεστὼς
976 5436 1108 5514 πρὸς
1139 5435 1200 5492 τὸ
1231 5432 1384 5514 ἔργον
1415 5433 1622 5506 σπουδῆ
1651 5435 1852 5517 πολλῇ,

296 5624 319 5668 ί
349 5623 374 5684 Ι
401 5620 555 5685 Tim.
588 5635 675 5698 Iv,
702 5617 761 5681 2.

1945 4527 2158 4591 benter
2185 4530 2420 4612 accepit
2450 4531 2640 4593 virum
2678 4541 2972 4609 sanctum,
3007 4541 3068 4596 et
3097 4534 3444 4613 complexus
3475 4554 3579 4597 ro-

1947 4619 2103 4699 gavit
2134 4628 2196 4682 ut
2238 4641 2345 4701 pro
2395 4621 2526 4702 ipso
2572 4637 2960 4702 precaretur;
3016 4631 3077 4684 et
3107 4622 3377 4702 protinus
3399 4625 3588 4704 jussit

1946 4710 2079 4772 ﬁeri
2111 4729 2347 4773 sacrum
2404 4730 2512 4792 pro
2542 4710 2842 4773 idolorum
2877 4721 2936 4773 et
2982 4729 3190 4774 eorum
3227 4715 3586 4795 templorum

1948 4799 2430 4878 demolitione,et
2459 4819 2595 4863 cum
2627 4802 2742 4865 hoc
2768 4801 2892 4864 suis
2922 4801 3138 4864 divinis
3170 4803 3588 4868 conﬁrmasset

1945 4889 2208 4970 syllabis,
2247 4890 2347 4952 dat
2400 4890 2718 4954 Parthenio
2774 4911 2911 4954 cum
2973 4891 3157 4955 multo
3187 4911 3334 4955 auro
3362 4894 3436 4956 ad
3459 4912 3589 4956 exs-

1947 4981 2304 5043 tructionem
2340 4989 2560 5043 sancta
2589 4981 2701 5045 Dei
2751 4981 3025 5044 ecclesiae
3060 4999 3074 5042 :
3109 4990 3170 5046 et
3199 5001 3333 5046 cum
3364 4986 3587 5065 ample-

1945 5088 2079 5145 xus,
2115 5070 2345 5132 dimisit
2371 5070 2433 5131 in
2463 5089 2634 5151 pace.

2025 5159 2125 5222 IV.
2155 5157 2455 5223 Reversus
2475 5172 2676 5223 autem
2700 5159 2912 5224 beatus
2932 5162 3288 5226 Parthenius
3319 5166 3380 5228 in
3411 5183 3581 5228 suam

1943 5249 2240 5313 civitatem
2263 5248 2682 5330 Lampsacum,
2716 5251 2940 5332 templa
2961 5251 3165 5328 diruit,
3199 5265 3261 5314 et.
3291 5274 3425 5316 cum
3458 5257 3586 5336 pul-

1941 5343 2286 5402 cherrimam
2311 5350 2364 5399 et
2387 5344 2821 5402 ornatissimam
2844 5343 3360 5416 descripsissetDei
3381 5349 3582 5417 aedem,

1940 5436 2070 5514 ipse
2102 5449 2208 5512 per
2230 5447 2296 5494 se
2327 5429 2618 5494 assistens
2639 5431 2832 5512 operi,
2855 5447 3069 5511 magno
3095 5431 3293 5494 studio
3316 5451 3445 5494 eam
3478 5453 3584 5497 cu-
