3932 6140
411 262 556 332 1851

1656 251 1942 317 MENSIS
1994 248 2502 314 FEBRUARIUS.

3629 249 3757 314 1352

410 399 1195 464 rabatexcitandam.Etenim
1220 408 1349 454 cum
1374 392 1539 451 multi
1561 389 1973 461 adnavigarent
1993 391 2040 442 et

2137 385 2228 450 τὴν
2270 387 2458 443 τούτου
2490 386 2764 465 ἀνέγερσιν
2810 385 3076 447 ἐποιεῖτο,
3131 382 3355 443 Πολλῶν
3401 405 3464 439 τε
3496 383 3591 461 γὰρ
3621 381 3758 447 ξένων

411 489 794 567 enavigarent
810 483 1228 561 hospites,uon
1254 477 1638 556 contingebat
1656 474 1748 536 eis
1768 470 2044 544 transire,

413 585 525 649 nisi
552 564 715 662 prius
740 599 872 641 eum
900 578 1209 639 vidissent:
1242 582 1301 636 et
1320 570 1745 637 benedictione
1768 567 1841 629 ab
1866 585 1935 628 eo
1953 564 2050 626 di-

412 657 1055 755 gnati,eam,tanquam
1078 667 1402 727 multorum
1423 664 1718 724 bonorum
1740 657 2045 727 viaticum,

409 746 752 827 auferentes
772 756 1443 828 recedebant.Quodam
1468 760 1668 815 autem
1690 749 1786 810 die
1802 746 2053 808 accessit

410 853 653 935 quidam
676 850 747 912 ad
775 847 1044 928 eum,qui
1065 848 1319 908 latenter
1336 845 1394 906 in
1417 862 1481 935 se
1500 839 1758 903 habebat
1779 837 2048 935 spiritum

408 926 704 1004 immundi
734 926 1237 1009 daamoniiﬂuem
1263 953 1395 997 cum
1427 933 1607 1010 longe
1635 938 1907 1008 tempore
1938 926 2050 986 ha-

409 1031 786 1104 buisset,hoc
816 1028 1152 1108 ignorabat.
1178 1024 1290 1086 Hic
1320 1042 1459 1102 ergo
1494 1024 1672 1083 homo
1705 1037 1839 1108 cum
1867 1016 2050 1108 vidis-

408 1133 499 1186 set
517 1106 957 1193 sanctum,eum
985 1113 1484 1179 salutavit.Homo
1508 1129 1648 1173 vero
1673 1108 1744 1170 Β(
1763 1106 2045 1169 iParthe-

409 1221 538 1276 nius
562 1231 692 1273 cum
712 1214 1078 1284 cognovisset
1100 1213 1419 1267 daemonem
1444 1208 1540 1279 qui
1563 1208 1621 1262 in
1644 1220 1708 1261 eo
1732 1202 2047 1265 habitabat,

412 1322 547 1367 eum
581 1320 700 1363 non
730 1297 1075 1361 resalutavit
1102 1319 1116 1372 ;
1163 1296 1396 1358 daemon
1424 1300 1616 1354 autem
1646 1286 2047 1370 perturbatus,

410 1392 562 1456 dixit
582 1398 810 1452 sancto:
836 1388 1128 1460 Quoniam
1158 1384 1496 1448 desideravi
1520 1393 1577 1443 te
1599 1379 1972 1449 videre,ideo
1992 1385 2050 1437 te

408 1482 675 1547 salutavi:
705 1498 810 1541 cur
834 1488 892 1540 tu
918 1497 1036 1539 non
1061 1474 1375 1538 salutasli?
1400 1476 1656 1534 Sanctus
1678 1477 1872 1531 autem
1898 1466 2047 1527 Par-

412 1573 657 1637 thenius
682 1569 823 1631 dicit
847 1570 900 1629 ei
934 1585 947 1630 :
974 1566 1130 1629 Ecce
1158 1564 1357 1625 vidisti
1389 1560 1661 1641 me,quid
1695 1567 1817 1619 tum
1841 1556 1871 1615 ‘?
1895 1555 2051 1620 Dicit

410 1661 648 1726 daemon
677 1679 692 1723 :
726 1658 797 1720 Et
827 1666 884 1720 te
926 1657 1073 1730 vidi,
1110 1662 1168 1716 et
1199 1657 1437 1734 agnovi.
1474 1651 1631 1713 Dicit
1663 1656 1901 1708 sanctus
1937 1664 1949 1708 :
1984 1647 2045 1708 Si

2131 476 2540 532 καταπλεόντων
2585 477 2672 533 καὶ
2734 474 3135 545 ἀναπλεόντων,
3191 478 3289 533 οὐκ
3348 471 3624 553 ἐνεδέχετο
3672 473 3755 528 αὒ-

2131 578 2248 628 τοῖς
2303 565 2555 638 διελθεῖν,
2616 568 2660 622 εἰ
2691 567 2769 640 μὴ
2797 566 3055 645 πρότερον
3090 567 3251 623 αὒτὸν
3282 564 3614 643 ἐωράκεισαν
3645 582 3660 597 ·
3684 566 3756 619 καί

2132 660 2231 722 τῆς
2275 655 2402 734 παρ’
2434 658 2593 712 αὐτοῦ
2643 654 2884 734 εὒλογίας
2939 654 3263 731 ἀξιούμενοι,
3300 656 3373 717 ὡς
3411 650 3621 732 ἐφόδιον
3644 655 3753 708 ratio

2132 768 2232 813 την
2291 745 2502 823 ἀγαθῶν
2559 746 2939 824 ἐπιφερόμενοι
3027 742 3265 806 ἄπεισιν,
3326 742 3652 820 Παρεγὲνετο
3708 741 3752 797 δὲ

2134 835 2366 910 ἅνθρωός
2424 857 2503 900 τις
2561 836 2692 911 πρὸς
2738 835 2896 893 αὐτὸν
2953 834 3154 914 ἔχοντα
3206 834 3484 907 πνεύμονα
3514 832 3752 906 δαιμονίου

2134 925 2428 1002 ἀκαθάρτου
2472 925 2525 980 ἐν
2578 929 2655 996 τῷ
2699 923 2971 999 λεληθότι,
3028 925 3085 979 ὃν
3117 923 3263 1003 ἔχων
3295 925 3481 1001 οὗτος,
3514 923 3752 997 θεασάμε-

2132 1037 2224 1077 νος
2268 1016 2359 1071 τὸν
2401 1014 2551 1092 ἅγιον
2584 1014 2867 1083 ἠσπάσατο
2912 1012 3092 1074 αὐτόν,
3126 1016 3188 1070 '0
3246 1010 3297 1067 δὲ
3363 1011 3640 1090 ἅνθρωπος
3679 1017 3752 1068 τσῦ

2134 1107 2265 1161 Θεοῦ
2322 1104 2602 1182 Παρθένιος
2641 1104 2797 1182 γνοὺς
2847 1105 2939 1159 τὸν
2991 1102 3046 1156 ἐν
3080 1101 3221 1176 αύτῷ
3252 1103 3504 1158 οἰκοῦντα
3535 1099 3750 1176 δαίμονα,

2132 1194 2227 1251 οὔκ
2284 1193 2671 1259 ἀντησπάσατο
2741 1192 2920 1254 αὐτόν,
3003 1183 3058 1249 Ὀ
3117 1190 3171 1247 δὲ
3221 1190 3427 1267 δαίμων
3488 1192 3755 1268 ταραχθεὶς

2133 1285 2259 1341 εἷπε
2317 1290 2394 1357 τῷ
2440 1284 2569 1355 ὁσίῳ
2604 1298 2617 1312 ⁶
2668 1280 2889 1350 Ἐπειδὴ
2933 1281 3214 1355 ἐπιθυμίαν
3266 1280 3441 1360 ’έσχον
3467 1285 3562 1336 τοῦ
3585 1281 3756 1337 θεάσα-

2134 1376 2251 1431 σθαι
2298 1396 2378 1447 σε,
2428 1373 2515 1429 καὶ
2556 1372 2897 1447 ὠσπασάμην
2929 1394 2988 1427 σε
3022 1388 3036 1402 ·
3072 1372 3134 1426 σὺ
3166 1369 3220 1427 δέ
3266 1392 3332 1446 με
3363 1374 3467 1429 οὒκ
3497 1370 3758 1435 ἀντησπᾶ-

2133 1486 2210 1520 σω
2245 1484 2261 1534 ;
2302 1454 2357 1521 Ὀ
2390 1460 2445 1519 δὲ
2490 1461 2638 1527 ὅσιος
2682 1464 2814 1540 πρὸς
2875 1463 3031 1519 αὒτὸν
3065 1459 3191 1539 ἔφη,
3226 1462 3286 1519 Τί
3318 1460 3411 1518 οὖν
3442 1459 3588 1516 ἔστιν
3618 1476 3634 1533 ς
3669 1456 3760 1514 laci:

2132 1552 2243 1619 ἴδες
2283 1574 2374 1627 με.
2434 1544 2491 1610 Ὀ
2553 1551 2756 1629 δαίμων
2817 1550 2986 1629 λέγει.
3036 1554 3160 1630 Ναὶ,
3226 1552 3315 1608 καὶ
3376 1547 3534 1606 εἶδόν
3596 1570 3651 1606 σε
3688 1552 3762 1603 καὶ

2132 1643 2367 1721 ἐπέγνων
2412 1663 2470 1699 σε
2505 1658 2519 1672 ⁸
2573 1633 2631 1700 Ὀ
2693 1640 2838 1705 ὅσιος
2871 1640 3019 1720 λέγει
3056 1657 3070 1672 ⁸
3109 1643 3167 1699 Ei
3197 1638 3280 1696 ἐπ’
3313 1638 3575 1705 ἀληθείας
3605 1640 3760 1715 ἐωρα-

409 1770 625 1817 revera
652 1769 746 1812 me
772 1749 969 1811 vidisti
1001 1729 1392 1824 etagnovisti.
1431 1741 1725 1823 egredere
1755 1738 1871 1800 cito
1906 1755 1938 1797 a
1969 1736 2040 1796 ﬁ-

2137 1733 2240 1797 κὼς
2288 1730 2526 1811 ἐπέγνως
2577 1753 2669 1812 με,
2728 1730 2899 1796 ἔξελθε
2974 1732 3082 1787 ἀπὸ
3138 1738 3229 1789 τοῦ
3313 1729 3637 1804 πλάσματος
3684 1736 3763 1784 τοῦ

411 1850 649 1922 gmento
671 1839 802 1902 Dei.
836 1838 993 1900 Dixit
1027 1839 1261 1898 daemon
1298 1854 1312 1893 :
1342 1833 1468 1895 Hoc
1501 1838 1687 1892 totum
1721 1836 1830 1901 est,
1860 1835 1923 1887 ut
1952 1844 2048 1888 me

411 1932 675 2013 expellas
697 1949 731 1991 a
753 1947 892 1990 mea
910 1925 1277 1989 habitatione
1294 1924 1324 1984 ‘?
1346 1922 1540 1995 Nunc,
1575 1938 1718 1995 rogo
1754 1927 1919 1991 te,ne
1952 1933 2049 1976 me

406 2008 671 2103 expelles
700 2028 834 2101 post
867 2028 1095 2079 tantum
1130 2010 1636 2093 tempus.Dicitei
1670 2009 1879 2069 beatus
1905 2008 2048 2067 l’ar-

409 2097 650 2175 thenius
679 2097 900 2172 {Estne
923 2108 1166 2186 longum
1193 2116 1454 2183 tempus,
1483 2119 1551 2162 ex
1584 2118 1700 2179 quo
1735 2099 1796 2158 in
1833 2115 1901 2158 eo
1935 2097 2044 2157 ha-

412 2200 592 2265 bitas?
616 2200 773 2262 Dixit
801 2199 1036 2259 daemon
1074 2215 1086 2258 :
1123 2199 1174 2259 A
1206 2192 1484 2276 pueritia,
1532 2208 1643 2250 nec
1674 2187 1758 2248 fui
1788 2186 1896 2249 ulli
1927 2206 2046 2247 un-

411 2309 591 2372 quam
617 2289 914 2369 cognitus,
945 2286 1058 2348 nisi
1090 2305 1249 2347 nunc
1276 2304 1310 2345 a
1355 2290 1412 2344 te
1450 2303 1462 2338 :
1496 2287 1560 2341 tu
1584 2286 1780 2341 autem
1817 2295 1912 2339 me
1941 2295 2047 2339 ex-

411 2366 608 2466 pellis,
637 2366 918 2451 ut'video,
949 2385 1009 2440 et
1028 2374 1342 2458 quojubes
1366 2391 1461 2466 me
1481 2367 1691 2432 abire?
1715 2366 1873 2466 Duxit
1905 2385 2048 2466 san-

409 2458 539 2536 ctus
565 2492 580 2533 :
606 2473 691 2534 Do
718 2469 825 2530 tibi
854 2467 1077 2541 locum,
1112 2485 1232 2547 quo
1267 2463 1691 2546 proﬁciscaris.
1738 2458 1891 2547 Dicit
1922 2459 2044 2547 daef

410 2581 583 2626 mon:
611 2560 874 2622 Omnino
903 2557 1067 2620 dices
1102 2544 1282 2628 mihi,
1306 2553 1420 2616 Abi
1446 2553 1505 2612 in
1539 2567 1775 2628 porcos.
1805 2546 1959 2609 Dicit
1991 2544 2048 2607 ei

407 2661 650 2715 sanctus
677 2668 690 2712 :
717 2646 1102 2728 Minime,sed
1135 2646 1211 2707 do
1248 2643 1355 2705 tibi
1381 2641 1692 2702 hominem
1725 2636 2047 2712 humilem;

410 2751 470 2804 et
500 2742 807 2820 ingressus
829 2738 890 2798 in
923 2734 1218 2809 eum,illic
1244 2732 1466 2793 habita.
1497 2728 1669 2790 Nunc
1700 2745 1840 2788 vero
1872 2744 1941 2788 ex
1977 2744 2048 2786 eo

412 2816 728 2911 egredere.
756 2828 915 2889 Dixit
949 2827 1185 2887 daemon
1219 2844 1232 2886 :
1262 2821 1328 2883 In
1354 2821 1602 2911 veritate
1632 2819 1745 2878 hoc
1774 2816 1941 2889 facis,
1976 2832 2052 2875 an

408 2908 601 2983 solum
626 2920 740 2981 hoc
764 2915 1082 2995 dicis,dum
1121 2931 1216 2974 me
1250 2909 1539 2990 ejeceris?
1559 2908 1725 2969 Dixit
1757 2914 1998 2966 sanctus
2032 2925 2045 2962 ;

410 3009 556 3073 Dico
590 3007 695 3072 tibi
727 3008 787 3067 in
810 3001 1238 3074 veritate,mibi
1262 3000 1503 3081 quidem
1540 3006 1630 3058 est
1661 2997 1838 3057 homo
1872 3012 2048 3075 para-

411 3110 529 3175 tus,
560 3099 618 3159 in
648 3115 764 3178 quo
798 3094 985 3157 debes
1012 3092 1281 3154 habitare
1309 3108 1323 3152 :
1355 3089 1549 3149 solum
1588 3086 1704 3178 cito
1735 3083 2045 3161 egredere.
2068 3116 2110 3166 ο

408 3177 878 3253 Βωιῐιοῐιίαυιοιῐι
904 3184 1093 3246 sancti
1140 3180 1331 3262 pactis
1361 3177 1669 3241 conventis
1702 3193 2045 3256 persuasus,

413 3277 730 3361 petebatut
746 3274 1063 3353 promissio
1078 3267 1559 3361 deducereturad
1575 3262 2051 3361 e_ll‘ectum.Tunc

411 3355 654 3432 sanctus
686 3385 752 3429 os
782 3362 1238 3447 aperiens,dixit
1264 3358 1523 3421 daamoni
1550 3378 1563 3417 :
1593 3355 1745 3417 Ecce
1775 3372 1884 3431 ego
1918 3371 2048 3413 sum

412 3461 616 3522 homo:
647 3458 1052 3536 ingredere,et
1075 3453 1133 3512 in
1158 3468 1253 3511 me
1275 3449 1565 3523 inhabita;
1594 3447 1827 3506 daemon
1850 3452 2048 3504 autem

412 3557 690 3631 tanquam
715 3532 794 3608 ab
817 3545 952 3624 igne
974 3553 1149 3631 ustus
1165 3539 1240 3631 ob
1264 3536 1513 3631 id_,_quod
1538 3543 1777 3631 sanctus
1798 3532 2046 3631 dixerat,

413 3622 765 3701 exclamavit
788 3622 997 3696 dicens
1032 3654 1045 3694 :
1100 3628 1212 3692 Hei
1261 3627 1430 3702 mihi,
1465 3644 1586 3700 me,
1619 3624 1720 3705 qui
1753 3642 1822 3683 ex
1852 3622 2052 3683 alieno

410 3746 548 3790 vase
573 3726 855 3805 abii,post
878 3731 1104 3784 tantum
1131 3728 1367 3798 tempus
1392 3716 1791 3795 persequeris:
1819 3723 1879 3772 et
1908 3711 2050 3791 quid

413 3838 532 3880 non
560 3817 698 3877 mali
723 3803 756 3875 a
780 3825 833 3874 te
858 3830 1069 3894 passus
1100 3809 1300 3870 fuero?
1330 3806 1639 3878 Quomodo
1670 3822 1809 3865 vero
1842 3803 1903 3863 in
1938 3803 2050 3863 do-

413 3926 573 3969 mum
612 3905 717 3967 Dei
746 3891 1077 3982 ingrediar?
1110 3898 1239 3959 Non
1272 3897 1417 3957 licet
1451 3894 1758 3955 veritatem
1791 3891 1999 3953 audire
2021 3910 2055 3951 a

413 3995 577 4057 vobis
599 3981 973 4056 Christianis.
1003 3993 1171 4049 Tunc
1194 3988 1427 4048 daemon
1448 4001 1723 4060 egressus
1745 3981 1819 4042 ab
1851 3981 2051 4041 homi-

411 4084 744 4161 ne,abiitin
771 4083 902 4144 loca
932 4082 1168 4141 deserta
1192 4087 1250 4138 et
1275 4078 1601 4148 inaccessa,
1635 4073 1813 4133 homo
1846 4077 2049 4131 autem

411 4158 595 4240 evasit
617 4193 800 4237 sanus
829 4172 1044 4233 virtute
1067 4179 1125 4233 et
1167 4167 1355 4247 gratia
1401 4164 1636 4227 Domini
1674 4162 1865 4223 nostri
1898 4158 2047 4221 Jesu

410 4265 650 4341 Christi,
677 4266 780 4343 [(2)
813 4266 1122 4340 Deumque
1148 4264 1436 4339 perpetuo
1460 4252 1739 4343 laudabat
1769 4262 1829 4343 et
1860 4250 2045 4343 glori-

407 4341 709 4425 ﬁcabat,et
740 4341 1009 4413 sanctum
1043 4350 1173 4429 ejus
1205 4346 1488 4409 famulum
1526 4341 1965 4421 Parthenium]

491 4444 565 4506 V.
592 4442 867 4506 Perfecto
893 4458 1031 4500 vero
1051 4455 1233 4517 opere
1252 4433 1661 4496 zedilicationis
1688 4442 1912 4491 sancta;
1941 4430 2048 4492 Dei
2073 4476 2116 4529 ο

2133 1829 2285 1886 Θεοῦ,
2347 1827 2408 1881 ‘0
2454 1823 2655 1898 δαίμων
2699 1821 2857 1878 εἶπεν
2895 1843 2909 1858 ’
2944 1820 3110 1878 ’⁷ολον
3156 1820 3280 1879 αὐτό
3314 1820 3487 1896 ἐστιν,
3525 1819 3619 1878 ἵνα
3648 1815 3761 1873 διώ-

2130 1910 2225 1989 ξῃς
2285 1934 2351 1987 με
2387 1931 2403 1990 ;
2453 1914 2564 1987 Μὴ,
2600 1911 2787 1986 δέομαί
2818 1934 2937 1987 σου,
2972 1911 3107 1986 μετά
3151 1917 3404 1967 τοσοῦτον
3458 1910 3656 1988 χρόνον
3698 1908 3761 1982 μὴ

2130 2000 2362 2080 ἐκϐάλῃς
2409 2023 2497 2079 με,
2547 2000 2702 2079 Λέγει
2763 2005 2907 2076 αὐτῷ
2971 2003 2998 2057 6
3057 2001 3319 2078 μακάριος
3355 2019 3371 2036 ο
3438 1998 3645 2077 Χρόνον
3679 1996 3764 2074 γάρ

2132 2094 2305 2174 ἔχεις,
2339 2092 2430 2171 ἀφ’
2462 2092 2522 2148 οὗ
2564 2094 2785 2166 ᾤκησας
2846 2091 2900 2148 ἐν
2964 2095 3126 2164 αὖτῷ.
3193 2080 3251 2147 ’0
3310 2087 3519 2163 δαίμων
3578 2091 3764 2144 εἶπεν*

2132 2180 2228 2241 Ἐκ
2260 2180 2530 2257 παιδόθεν,
2563 2184 2653 2238 καὶ
2684 2185 2780 2256 οὐκ
2822 2182 3120 2259 ἐγνώσθην,
3154 2180 3198 2234 εί
3230 2178 3305 2255 μὴ
3349 2188 3440 2237 νῦν
3487 2178 3589 2233 ὑπὸ
3632 2185 3720 2235 σοῦ
3749 2192 3760 2207 ⁸

2130 2273 2192 2328 σὺ
2249 2270 2304 2327 δὲ
2364 2269 2643 2333 ἐκϐάλλεις
2703 2291 2795 2346 με’
2855 2277 2958 2328 ποῦ
3013 2268 3319 2347 ἐπιτρέπτις
3377 2266 3638 2324 ἀπελθεῖν
3667 2286 3765 2341 pe;

2134 2352 2192 2419 Ὀ
2252 2360 2402 2425 ὅσιος
2448 2365 2603 2417 εἶπεν
2636 2376 2651 2390 ⁸
2704 2358 2901 2435 Δίδωμί
2959 2381 3041 2415 σοι
3088 2358 3252 2414 τόπον
3311 2363 3415 2413 ποῦ
3475 2358 3763 2435 πορευθῇς·

2135 2442 2192 2508 Ὀ
2224 2449 2425 2526 δαίμων
2462 2450 2622 2506 εἶπεν
2656 2468 2674 2487 ³
2712 2450 2930 2515 Πάντως
2960 2449 3105 2523 ἐρεις
3140 2470 3231 2524 μοι
3262 2445 3527 2503 ἀπελθεῖν
3560 2448 3633 2508 εἰς
3661 2445 3766 2506 τοὺς

2134 2539 2350 2618 χοίρους
2386 2558 2403 2610 ;
2440 2542 2607 2594 Εἶπεν
2641 2541 2782 2611 αὒτῷ
2817 2538 2844 2592 ὃ
2875 2536 3021 2600 ὅσιος
3053 2550 3067 2565 ⁹
3106 2535 3267 2614 Οὐχὶ,
3303 2532 3445 2589 ἀλλά
3478 2530 3664 2607 δίδωμί
3700 2552 3769 2586 σοι

2131 2629 2403 2707 ἄνθρωπον
2434 2646 2448 2664 '
2482 2629 2543 2684 σὺ
2574 2625 2629 2683 δὲ
2662 2626 2914 2684 εἰσελθὼν
2944 2626 3209 2699 κατῴκεις
3267 2624 3387 2681 ἐκεῖ
3424 2639 3441 2655 ⁸
3493 2630 3585 2679 νῦν
3629 2620 3679 2677 δὲ
3718 2619 3767 2676 ἐκ

2133 2720 2324 2776 τούτου
2382 2717 2583 2783 ἔξελθε.
2636 2709 2693 2775 ζΟ
2738 2714 2938 2793 δαίμων
2985 2720 3139 2773 εἶπεν
3176 2731 3190 2744 ⁸
3241 2715 3329 2772 Ἐν
3374 2714 3607 2783 ἀληθείᾳ
3634 2718 3768 2767 τοῦτο

2136 2822 2342 2884 ποιοῖς,
2386 2808 2423 2875 ἢ
2452 2807 2555 2872 ἕως
2598 2816 2693 2864 τοὺ
2723 2804 2974 2863 ἐκϐαλεῖν
3004 2827 3070 2880 με
3102 2806 3287 2880 μόνον·
3325 2802 3384 2861 ’0
3421 2802 3576 2867 ὅσιος
3607 2803 3762 2859 εἶπεν·

2138 2899 2293 2975 Ἐμοὶ
2339 2898 2439 2974 μὲν
2484 2897 2628 2955 ἔστιν
2674 2899 2700 2953 6
2744 2896 3019 2974 ἅνθρωπος
3066 2894 3285 2969 ἕτοιμος
3346 2893 3402 2948 ἐν
3448 2895 3497 2969 ᾦ
3562 2891 3765 2972 ὀφείλεις

2134 2991 2461 3055 κατοικῆσαι
2493 3004 2506 3019 ⁶
2569 2988 2630 3043 σὺ
2691 2984 2745 3041 δὲ
2791 2984 2965 3050 ἔξελθε
3018 2983 3104 3043 διὰ
3169 2985 3397 3063 τάχους.
3467 2977 3529 3040 Ὀ
3588 2982 3763 3057 δαίμων

2134 3081 2366 3140 πεισθεὶς
2421 3090 2545 3141 ταῖς
2601 3076 2871 3141 συντάξεσι
2924 3075 3015 3131 τοῦ
3045 3073 3222 3153 ἀγίου,
3255 3075 3328 3137 εἷς
3360 3072 3520 3151 ἔργον
3552 3074 3762 3152 ἀχθῆναι

2133 3172 2231 3238 τὴν
2285 3169 2581 3248 ὑπόσχεσιν
2642 3167 2861 3242 ἀπῄτει,
2899 3157 2955 3223 εΟ
2988 3163 3041 3220 δὲ
3072 3164 3219 3229 ὅσιος
3248 3164 3458 3229 ἀνοίξας
3505 3165 3569 3219 τὸ
3600 3164 3763 3218 ἑαυτοῦ

2134 3259 2329 3337 στόμα,
2368 3258 2470 3338 ἔφη
2501 3262 2578 3318 τῶ
2636 3254 2842 3332 δαίμονι
2875 3271 2891 3287 ⁵
2940 3253 3073 3338 ἰδοθ
3104 3253 3214 3331 ἐγώ
3244 3256 3352 3326 εἶμι
3385 3257 3412 3310 6
3448 3253 3717 3331 ἅνθρωπος
3747 3267 3759 3280 '

2136 3348 2382 3407 εἰσελθὼν
2439 3348 2672 3404 κατοίκει
2732 3345 2785 3401 ἐν
2844 3345 2985 3417 ἐμοί,
3038 3336 3095 3402 ιΟ
3140 3344 3195 3399 δὲ
3268 3342 3475 3419 δαίμων
3532 3347 3605 3404 ὡς
3651 3343 3765 3420 ὑπὲρ

2133 3440 2297 3517 πυρὸς
2330 3436 2580 3517 πλεχθεὶς
2613 3436 2700 3492 ἐπὶ
2736 3441 2811 3508 τῷ
2853 3433 3020 3512 λόγῳ,
3074 3429 3361 3500 ἀνεϐόησεν
3414 3433 3615 3511 λέγων·
3652 3434 3766 3488 Οὔαί

2135 3546 2281 3603 μοι’
2341 3530 2396 3582 ἐν
2452 3525 2715 3603 ἀλλοτρίῳ
2768 3523 2894 3580 ὄντα
2974 3545 3041 3599 με
3104 3524 3280 3579 σκεύει
3336 3523 3478 3597 μετά
3532 3523 3764 3580 τοσοῦτον

2136 3619 2336 3698 χρόνον
2367 3615 2602 3690 διώκεις,
2653 3616 2742 3672 καὶ
2786 3615 2837 3669 τί
2870 3616 2965 3670 οὒκ
3016 3612 3080 3668 ἅν
3112 3615 3333 3688 πάθοιμι
3368 3614 3518 3690 παρά
3552 3634 3645 3668 σου
3672 3633 3763 3668 κα-

2137 3711 2282 3781 κόν;
2330 3709 2449 3771 Πῶς
2507 3708 2596 3763 καὶ
2655 3707 2726 3766 εἷς
2787 3704 2945 3761 οἶκον
3001 3704 3131 3761 Θεοῦ
3190 3701 3620 3778 εἰσελεύσομαι;
3677 3705 3767 3760 Οὐκ

2137 3796 2279 3853 ἔστιν
2314 3796 2567 3865 ἀλήθειαν
2627 3795 2850 3851 ἀκοῦσαι
2910 3791 3036 3871 παρ’
3087 3796 3234 3868 ὑμῶν
3287 3796 3393 3849 τῶν
3426 3791 3764 3869 Χριστιανῶν,

2138 3888 2272 3946 Τότε
2329 3886 2549 3951 ἐξελθὼν
2597 3888 2624 3941 ὁ
2668 3885 2872 3959 δαίμων
2935 3882 3041 3940 ἀπὸ
3084 3890 3177 3939 τοῦ
3217 3881 3499 3960 ἀνθρώπου
3542 3884 3619 3947 είς
3651 3880 3765 3958 ἐρή-

2140 3999 2273 4053 μους
2315 3976 2413 4034 καῖ
2460 3975 2689 4038 ἀϐάτους
2722 3976 2915 4037 τόπους
2944 3972 3203 4052 ἐπορεύθη
3239 3987 3255 4002 ⁵
3302 3973 3363 4029 Ὀ
3410 3971 3465 4028 δὲ
3511 3971 3767 4050 ἅνθρωπος

2137 4068 2348 4147 ἐγένετο
2391 4067 2544 4146 ὑγιὴς
2592 4071 2659 4142 τῇ
2700 4063 2919 4141 δυνάμει
2982 4067 3076 4119 τοῦ
3145 4063 3333 4140 Κυρίου
3410 4060 3589 4129 Ἰησοῦ
3645 4068 3764 4139 Χρι-

2129 4180 2278 4217 στου.

2216 4432 2664 4513 Ἀπαρτισθὲντος
2722 4429 2774 4487 δὲ
2834 4440 2927 4488 τοῦ
2986 4428 3139 4509 ἔργου
3196 4434 3298 4497 τῆς
3358 4429 3644 4504 οἰκοδομῆς
3670 4431 3756 4493 τῆς

412 4534 957 4597 ecclesiae.studium
985 4534 1231 4600 ponebat
1260 4532 1432 4584 homo
1458 4527 1558 4582 Dei
1585 4534 1644 4581 ut
1673 4534 2040 4594 reponeretur

2137 4524 2291 4600 ἀγίας
2347 4530 2439 4578 τοῦ
2495 4528 2721 4597 Χριστοῦ
2805 4519 3120 4593 ἐκκλησίας,
3185 4517 3422 4587 σπουδὴν
3483 4520 3669 4576 ἐτίθετο
3729 4518 3752 4569 6

415 4620 712 4695 mensa,in
739 4636 855 4699 qua
876 4612 1460 4696 oportebatDomino
1476 4610 1677 4699 offerri
1700 4609 1968 4687 spiritale
1994 4615 2055 4670 et

414 4698 798 4775 incruentum
831 4704 1214 4766 sacriﬁcium.
1243 4701 1386 4763 Cum
1412 4709 1609 4761 autem
1638 4698 1966 4758 invenisset
1995 4702 2052 4756 in

413 4800 670 4882 quodam
689 4794 1130 4870 loco,dedicato
1158 4789 1626 4882 idolis,lapidem
1649 4785 1975 4868 pretiosum
1999 4794 2057 4846 et

413 4875 613 4970 aptum
636 4888 707 4948 ad
736 4886 955 4948 salicta;
976 4879 1696 4944 mensaeconcinnandum
1724 4875 2055 4956 opus,quod

410 4962 1021 5057 quaerebatur,elfecit
1044 4974 1098 5033 id
1119 4970 1369 5051 pulchre
1396 4962 2061 5057 elaborariietadaptari

409 5054 484 5130 ab
507 5063 1145 5128 artiiicibus.Prol‘ecto
1170 5078 1311 5121 vero
1337 5076 1543 5139 opere,
1564 5056 1746 5134 jussit
1767 5055 1826 5116 id
1859 5054 2062 5117 afferri

409 5157 471 5219 in
505 5156 848 5219 ecclesiam.
888 5152 1033 5214 Cum
1068 5170 1210 5230 ergo
1242 5150 1502 5210 artiﬁces
1551 5145 1815 5227 lapidem
1848 5146 2054 5207 currui

414 5247 929 5329 imposuissent,et
951 5242 1133 5304 boves
1162 5236 1831 5320 junxissent,ducebant
1851 5236 1923 5297 ad
1965 5236 2054 5297 ci-

414 5334 966 5399 vitatem.lnvidens
988 5339 1185 5394 autem
1209 5338 1270 5392 et
1292 5330 1581 5391 bonorum
1601 5344 1853 5406 operum
1877 5344 2055 5388 remu-

413 5425 503 5487 lus
535 5425 835 5502 diabolus,
870 5440 993 5485 non
1021 5421 1225 5485 ferens
1257 5420 1459 5500 ignem
1501 5416 1685 5479 divini
1715 5416 1834 5480 zeli
1864 5420 2054 5483 sancti

498 5602 581 5684 (2)
610 5600 794 5663 Uncis
824 5601 1054 5662 inclusa
1079 5599 1321 5663 Graecus
1348 5604 1539 5657 textus
1573 5611 1693 5654 non
1727 5592 1930 5667 habet,

2139 4621 2270 4669 Θεοῦ
2316 4611 2586 4691 ἄνθρωπος
2651 4620 2742 4669 τοῦ
2795 4609 3083 4667 ἀποθέσθαι
3140 4609 3239 4676 τὴν
3295 4609 3584 4687 τράπεζαν,
3644 4606 3749 4680 ἐνῇ

2138 4702 2242 4758 ἔδει
2301 4704 2398 4769 τὴν
2442 4700 2809 4775 πνευματικὴν
2851 4698 2948 4755 καί
3008 4697 3334 4763 ἀναίμακτον
3360 4701 3543 4755 θυσίαν
3574 4694 3747 4773 ἀναφέ-

2140 4795 2317 4870 ρεσθαι
2349 4798 2425 4866 τῷ
2474 4791 2667 4868 Κυρίῳ.
2704 4790 2878 4867 Εὕρὼν
2910 4787 2965 4844 δὲ
3019 4787 3072 4844 ἔν
3134 4808 3233 4842 τινι
3276 4786 3427 4857 τόπῳ
3475 4783 3751 4854 κατειδώλῳ

2141 4881 2281 4938 λίθον
2325 4879 2625 4950 ἐπιτήδειον
2686 4879 2772 4935 καὶ
2828 4878 3010 4953 τίμιον
3067 4875 3348 4955 ὀφείλοντα
3414 4877 3641 4955 ἁρμόσαι
3691 4874 3751 4935 εἰς

2141 4975 2203 5029 τὸ
2261 4971 2677 5045 ἐπιζητούμενον
2760 4968 2913 5047 ἔργον
2972 4973 3069 5033 τῆς
3123 4967 3392 5045 τραπέζης
3450 4965 3750 5041 καλλιεργη-

2140 5063 2294 5129 θῆναι
2352 5062 2453 5117 ὑπὸ
2512 5067 2618 5116 τῶν
2673 5064 2938 5138 τεχνιτῶν
2993 5057 3289 5116 πεποίηκεν
3327 5074 3342 5090 '
3406 5057 3544 5129 μετά
3586 5053 3636 5110 δὲ
3673 5055 3751 5117 τὴν

2143 5150 2464 5229 ἀπαλλαγὴν
2516 5149 2751 5225 κομίζειν
2810 5150 2880 5212 εἰς
2936 5149 3034 5213 τὴν
3113 5148 3406 5213 ἐκκλησίαν
3466 5145 3746 5223 ἐπέτρεψεν.

2141 5242 2441 5305 Ἐπιθέντες
2490 5245 2769 5318 τοιγαροῦν
2815 5239 2861 5294 οἶ
2915 5248 3170 5316 τεχνῖται
3216 5239 3305 5293 τὸν
3368 5234 3515 5293 λίθον
3556 5236 3637 5292 ἐπὶ
3672 5230 3750 5288 τὶν

2140 5330 2368 5407 ἅμαξαν,
2427 5329 2698 5401 ζεύξαντες
2753 5329 2874 5392 τοὺς
2931 5327 3059 5401 βόας
3103 5326 3238 5404 ἧγον
3276 5330 3329 5381 ἐν
3376 5333 3444 5399 τῇ
3494 5325 3662 5385 πόλει.
3701 5319 3748 5377 ’0

2139 5421 2193 5480 δὲ
2224 5422 2489 5499 βάσκανος
2522 5421 2619 5477 καῖ
2671 5415 2952 5490 ἀντίζηλος
3008 5422 3114 5473 τῶν
3146 5416 3481 5495 Χριστιανῶν
3509 5412 3745 5485 διάϐολος,
