  <div class='ocr_page' id='page_1' title='image "/cluster/home/n/w/nwhite01/storage/ocr_20150623/114/mdp.39015028574344/706.png"; bbox 0 0 3932 6140; ppageno 0'>
   <div class='ocr_carea' id='block_1_1' title="bbox 200 232 361 301">
    <p class='ocr_par' dir='ltr' id='par_1_1' title="bbox 200 232 361 301">
     <span class='ocr_line' id='line_1_1' title="bbox 200 232 361 301; baseline 0.031 -4"><span class='ocrx_word' id='word_1_1' title='bbox 200 233 227 297; x_wconf 78' lang='grc'>1</span> <span class='ocrx_word' id='word_1_2' title='bbox 244 232 361 301; x_wconf 83' lang='grc'><strong>353</strong></span> 
     </span>
    </p>
   </div>
   <div class='ocr_carea' id='block_1_2' title="bbox 1478 235 2280 303">
    <p class='ocr_par' dir='ltr' id='par_1_2' title="bbox 1478 235 2280 303">
     <span class='ocr_line' id='line_1_2' title="bbox 1478 235 2280 303; baseline 0 0"><span class='ocrx_word' id='word_1_3' title='bbox 1478 235 1663 303; x_wconf 83' lang='lat' dir='ltr'><strong>VITA</strong></span> <span class='ocrx_word' id='word_1_4' title='bbox 1707 239 1770 303; x_wconf 91' lang='lat' dir='ltr'><strong>S.</strong></span> <span class='ocrx_word' id='word_1_5' title='bbox 1821 237 2192 303; x_wconf 83' lang='lat' dir='ltr'><strong>PARTHEN</strong></span> <span class='ocrx_word' id='word_1_6' title='bbox 2202 239 2256 303; x_wconf 90' lang='lat' dir='ltr'><strong>lI</strong></span> <span class='ocrx_word' id='word_1_7' title='bbox 2265 287 2280 303; x_wconf 93' lang='lat'><strong>.</strong></span> 
     </span>
    </p>
   </div>
   <div class='ocr_carea' id='block_1_3' title="bbox 3412 232 3567 309">
    <p class='ocr_par' dir='ltr' id='par_1_3' title="bbox 3412 232 3567 309">
     <span class='ocr_line' id='line_1_3' title="bbox 3412 232 3567 309; baseline -0.006 -2"><span class='ocrx_word' id='word_1_8' title='bbox 3412 232 3567 309; x_wconf 75' lang='grc'><strong>1354</strong></span> 
     </span>
    </p>
   </div>
   <div class='ocr_carea' id='block_1_4' title="bbox 197 372 1856 458">
    <p class='ocr_par' dir='ltr' id='par_1_4' title="bbox 197 372 1856 453">
     <span class='ocr_line' id='line_1_4' title="bbox 197 372 1856 453; baseline -0.001 -21"><span class='ocrx_word' id='word_1_9' title='bbox 197 375 297 432; x_wconf 78' lang='grc' dir='ltr'>οὒκ</span> <span class='ocrx_word' id='word_1_10' title='bbox 327 372 546 451; x_wconf 77' lang='grc' dir='ltr'>ἐνέγκας</span> <span class='ocrx_word' id='word_1_11' title='bbox 575 376 637 431; x_wconf 78' lang='grc' dir='ltr'>τὸ</span> <span class='ocrx_word' id='word_1_12' title='bbox 690 382 790 452; x_wconf 87' lang='grc' dir='ltr'><strong>πῦρ</strong></span> <span class='ocrx_word' id='word_1_13' title='bbox 832 381 924 432; x_wconf 82' lang='grc' dir='ltr'><strong>τοῦ</strong></span> <span class='ocrx_word' id='word_1_14' title='bbox 981 375 1115 431; x_wconf 87' lang='grc' dir='ltr'><strong>κατά</strong></span> <span class='ocrx_word' id='word_1_15' title='bbox 1158 375 1290 432; x_wconf 81' lang='grc' dir='ltr'>Θεὸν</span> <span class='ocrx_word' id='word_1_16' title='bbox 1340 374 1505 446; x_wconf 82' lang='grc' dir='ltr'>ζήλου</span> <span class='ocrx_word' id='word_1_17' title='bbox 1534 385 1627 435; x_wconf 87' lang='grc' dir='ltr'><strong>τοῦ</strong></span> <span class='ocrx_word' id='word_1_18' title='bbox 1682 377 1856 453; x_wconf 85' lang='grc' dir='ltr'>ἀγίου.</span> 
     </span>
    </p>
   </div>
   <div class='ocr_carea' id='block_1_5' title="bbox 1979 372 3565 458">
    <p class='ocr_par' dir='ltr' id='par_1_5' title="bbox 1980 373 3565 458">
     <span class='ocr_line' id='line_1_5' title="bbox 1980 373 3565 458; baseline 0.003 -22"><span class='ocrx_word' id='word_1_19' title='bbox 1980 374 2055 448; x_wconf 91' lang='lat' dir='ltr'><strong>ri,</strong></span> <span class='ocrx_word' id='word_1_20' title='bbox 2090 373 2459 436; x_wconf 74' lang='lat' dir='ltr'><strong>conturbatis</strong></span> <span class='ocrx_word' id='word_1_21' title='bbox 2488 373 2706 450; x_wconf 84' lang='lat' dir='ltr'><strong>bobus,</strong></span> <span class='ocrx_word' id='word_1_22' title='bbox 2740 375 2964 451; x_wconf 70' lang='lat' dir='ltr'><strong>effecit,</strong></span> <span class='ocrx_word' id='word_1_23' title='bbox 2999 384 3061 438; x_wconf 90' lang='lat' dir='ltr'><strong>ut</strong></span> <span class='ocrx_word' id='word_1_24' title='bbox 3089 376 3132 438; x_wconf 91' lang='lat' dir='ltr'><strong>ii</strong></span> <span class='ocrx_word' id='word_1_25' title='bbox 3164 386 3418 458; x_wconf 86' lang='lat' dir='ltr'><strong>repente</strong></span> <span class='ocrx_word' id='word_1_26' title='bbox 3451 380 3565 441; x_wconf 87' lang='lat' dir='ltr'><strong>im-</strong></span> 
     </span>
    </p>
   </div>
   <div class='ocr_carea' id='block_1_6' title="bbox 197 460 1843 543">
    <p class='ocr_par' dir='ltr' id='par_1_6' title="bbox 197 460 1843 543">
     <span class='ocr_line' id='line_1_6' title="bbox 197 460 1843 543; baseline 0.002 -25"><span class='ocrx_word' id='word_1_27' title='bbox 197 460 413 540; x_wconf 79' lang='grc' dir='ltr'>ἀνδρὸς,</span> <span class='ocrx_word' id='word_1_28' title='bbox 471 462 788 543; x_wconf 66' lang='grc' dir='ltr'>διαταράξας</span> <span class='ocrx_word' id='word_1_29' title='bbox 849 466 970 528; x_wconf 78' lang='grc' dir='ltr'>τοὺς</span> <span class='ocrx_word' id='word_1_30' title='bbox 1013 465 1142 542; x_wconf 83' lang='grc' dir='ltr'>βόας</span> <span class='ocrx_word' id='word_1_31' title='bbox 1173 463 1441 543; x_wconf 78' lang='grc' dir='ltr'><strong>αἰφνιδίως</strong></span> <span class='ocrx_word' id='word_1_32' title='bbox 1507 468 1650 542; x_wconf 79' lang='grc' dir='ltr'>ὁρμῇ</span> <span class='ocrx_word' id='word_1_33' title='bbox 1710 466 1843 522; x_wconf 84' lang='grc' dir='ltr'>ἀκα-</span> 
     </span>
    </p>
   </div>
   <div class='ocr_carea' id='block_1_7' title="bbox 1927 462 3566 547">
    <p class='ocr_par' dir='ltr' id='par_1_7' title="bbox 1927 462 3566 547">
     <span class='ocr_line' id='line_1_7' title="bbox 1927 462 3566 547; baseline 0.004 -23"><span class='ocrx_word' id='word_1_34' title='bbox 1927 465 2197 544; x_wconf 85' lang='lat' dir='ltr'><strong>petu,qui</strong></span> <span class='ocrx_word' id='word_1_35' title='bbox 2222 462 2491 526; x_wconf 83' lang='lat' dir='ltr'><strong>cohiberi</strong></span> <span class='ocrx_word' id='word_1_36' title='bbox 2524 483 2641 525; x_wconf 91' lang='lat' dir='ltr'><strong>non</strong></span> <span class='ocrx_word' id='word_1_37' title='bbox 2668 465 3480 547; x_wconf 83' lang='lat' dir='ltr'><strong>poterat,incitati,supinum</strong></span> <span class='ocrx_word' id='word_1_38' title='bbox 3505 468 3566 530; x_wconf 92' lang='lat' dir='ltr'><strong>in</strong></span> 
     </span>
    </p>
   </div>
   <div class='ocr_carea' id='block_1_8' title="bbox 195 552 1856 639">
    <p class='ocr_par' dir='ltr' id='par_1_8' title="bbox 195 552 1844 633">
     <span class='ocr_line' id='line_1_8' title="bbox 195 552 1844 633; baseline 0.003 -26"><span class='ocrx_word' id='word_1_39' title='bbox 195 552 478 633; x_wconf 80' lang='grc' dir='ltr'>τασχέτῳ,</span> <span class='ocrx_word' id='word_1_40' title='bbox 534 552 721 612; x_wconf 78' lang='grc' dir='ltr'>ὕπτιον</span> <span class='ocrx_word' id='word_1_41' title='bbox 765 552 973 633; x_wconf 77' lang='grc' dir='ltr'>ἕῤῥιψεν</span> <span class='ocrx_word' id='word_1_42' title='bbox 1028 556 1099 620; x_wconf 70' lang='grc' dir='ltr'><strong>εἷς</strong></span> <span class='ocrx_word' id='word_1_43' title='bbox 1155 555 1253 622; x_wconf 79' lang='grc' dir='ltr'>τὴν</span> <span class='ocrx_word' id='word_1_44' title='bbox 1305 557 1408 631; x_wconf 77' lang='grc' dir='ltr'>γῆν</span> <span class='ocrx_word' id='word_1_45' title='bbox 1465 557 1556 612; x_wconf 82' lang='grc' dir='ltr'><strong>τὸν</strong></span> <span class='ocrx_word' id='word_1_46' title='bbox 1617 553 1844 612; x_wconf 81' lang='grc' dir='ltr'>ἕλκοντα</span> 
     </span>
    </p>
   </div>
   <div class='ocr_carea' id='block_1_9' title="bbox 1979 552 3569 639">
    <p class='ocr_par' dir='ltr' id='par_1_9' title="bbox 1979 557 3569 639">
     <span class='ocr_line' id='line_1_9' title="bbox 1979 557 3569 639; baseline 0.006 -25"><span class='ocrx_word' id='word_1_47' title='bbox 1979 573 2144 617; x_wconf 69' lang='grc' dir='ltr'>ειν-ειη</span> <span class='ocrx_word' id='word_1_48' title='bbox 2161 557 2808 639; x_wconf 89' lang='lat' dir='ltr'><strong>projecerinteum,qui</strong></span> <span class='ocrx_word' id='word_1_49' title='bbox 2824 558 3095 621; x_wconf 84' lang='lat' dir='ltr'><strong>trahebat</strong></span> <span class='ocrx_word' id='word_1_50' title='bbox 3106 557 3569 636; x_wconf 85' lang='lat' dir='ltr'><strong>boves,nomine</strong></span> 
     </span>
    </p>
   </div>
   <div class='ocr_carea' id='block_1_10' title="bbox 197 641 1843 722">
    <p class='ocr_par' dir='ltr' id='par_1_10' title="bbox 197 641 1843 722">
     <span class='ocr_line' id='line_1_10' title="bbox 197 641 1843 722; baseline 0.001 -25"><span class='ocrx_word' id='word_1_51' title='bbox 197 642 323 705; x_wconf 83' lang='grc' dir='ltr'>τοὺς</span> <span class='ocrx_word' id='word_1_52' title='bbox 381 642 534 718; x_wconf 82' lang='grc' dir='ltr'>βόας,</span> <span class='ocrx_word' id='word_1_53' title='bbox 582 642 805 718; x_wconf 84' lang='grc' dir='ltr'>ὀνόματι</span> <span class='ocrx_word' id='word_1_54' title='bbox 850 645 1203 722; x_wconf 69' lang='grc' dir='ltr'>Εὕτυχιανὸν,</span> <span class='ocrx_word' id='word_1_55' title='bbox 1266 645 1325 700; x_wconf 87' lang='grc' dir='ltr'>ὃν</span> <span class='ocrx_word' id='word_1_56' title='bbox 1383 641 1763 719; x_wconf 80' lang='grc' dir='ltr'>ὑπολαϐομένη</span> <span class='ocrx_word' id='word_1_57' title='bbox 1808 644 1843 711; x_wconf 77' lang='grc' dir='ltr'><strong>ἡ</strong></span> 
     </span>
    </p>
   </div>
   <div class='ocr_carea' id='block_1_11' title="bbox 200 727 1844 813">
    <p class='ocr_par' dir='ltr' id='par_1_11' title="bbox 200 727 1844 813">
     <span class='ocr_line' id='line_1_11' title="bbox 200 727 1844 813; baseline 0.002 -28"><span class='ocrx_word' id='word_1_58' title='bbox 200 727 405 809; x_wconf 70' lang='grc' dir='ltr'>ἅμαξα,</span> <span class='ocrx_word' id='word_1_59' title='bbox 464 738 641 789; x_wconf 83' lang='grc' dir='ltr'>πᾶσαν</span> <span class='ocrx_word' id='word_1_60' title='bbox 699 737 799 799; x_wconf 76' lang='grc' dir='ltr'><strong>τὴν</strong></span> <span class='ocrx_word' id='word_1_61' title='bbox 856 738 964 788; x_wconf 80' lang='grc' dir='ltr'>τῶν</span> <span class='ocrx_word' id='word_1_62' title='bbox 1020 731 1354 813; x_wconf 75' lang='grc' dir='ltr'><strong>σπλάγχνων</strong></span> <span class='ocrx_word' id='word_1_63' title='bbox 1415 735 1574 789; x_wconf 72' lang='grc' dir='ltr'>αὖτοῦ</span> <span class='ocrx_word' id='word_1_64' title='bbox 1610 731 1844 812; x_wconf 73' lang='grc' dir='ltr'>διέῤῥηξε</span> 
     </span>
    </p>
   </div>
   <div class='ocr_carea' id='block_1_12' title="bbox 202 816 1846 901">
    <p class='ocr_par' dir='ltr' id='par_1_12' title="bbox 202 816 1846 901">
     <span class='ocr_line' id='line_1_12' title="bbox 202 816 1846 901; baseline 0.002 -27"><span class='ocrx_word' id='word_1_65' title='bbox 202 816 291 874; x_wconf 82' lang='grc' dir='ltr'><strong>διὰ</strong></span> <span class='ocrx_word' id='word_1_66' title='bbox 328 821 423 877; x_wconf 77' lang='grc' dir='ltr'><strong>τοῦ</strong></span> <span class='ocrx_word' id='word_1_67' title='bbox 477 828 680 901; x_wconf 77' lang='grc' dir='ltr'>τροχοῦ</span> <span class='ocrx_word' id='word_1_68' title='bbox 725 822 1053 895; x_wconf 72' lang='grc' dir='ltr'>οἰκονομίαν.</span> <span class='ocrx_word' id='word_1_69' title='bbox 1091 823 1282 879; x_wconf 80' lang='grc' dir='ltr'>Μαθὼν</span> <span class='ocrx_word' id='word_1_70' title='bbox 1344 823 1432 878; x_wconf 81' lang='grc' dir='ltr'><strong>οὖν</strong></span> <span class='ocrx_word' id='word_1_71' title='bbox 1460 823 1522 879; x_wconf 83' lang='grc' dir='ltr'><strong>τὸ</strong></span> <span class='ocrx_word' id='word_1_72' title='bbox 1552 824 1772 900; x_wconf 77' lang='grc' dir='ltr'>γεγονὸς</span> <span class='ocrx_word' id='word_1_73' title='bbox 1818 825 1846 878; x_wconf 82' lang='grc' dir='ltr'>ὁ</span> 
     </span>
    </p>
   </div>
   <div class='ocr_carea' id='block_1_13' title="bbox 202 906 1849 981">
    <p class='ocr_par' dir='ltr' id='par_1_13' title="bbox 202 906 1849 981">
     <span class='ocr_line' id='line_1_13' title="bbox 202 906 1849 981; baseline 0.001 -15"><span class='ocrx_word' id='word_1_74' title='bbox 202 906 390 974; x_wconf 64' lang='grc' dir='ltr'>δοῦλος</span> <span class='ocrx_word' id='word_1_75' title='bbox 449 916 544 967; x_wconf 87' lang='grc' dir='ltr'><strong>τοῦ</strong></span> <span class='ocrx_word' id='word_1_76' title='bbox 603 917 830 981; x_wconf 79' lang='grc' dir='ltr'><strong>Χριστοῦ</strong></span> <span class='ocrx_word' id='word_1_77' title='bbox 886 911 1043 968; x_wconf 75' lang='grc' dir='ltr'>εἶπεν</span> <span class='ocrx_word' id='word_1_78' title='bbox 1080 929 1094 943; x_wconf 85' lang='grc'><em>’</em></span> <span class='ocrx_word' id='word_1_79' title='bbox 1139 913 1305 970; x_wconf 84' lang='grc' dir='ltr'>Τοῦτο</span> <span class='ocrx_word' id='word_1_80' title='bbox 1366 912 1638 979; x_wconf 79' lang='grc' dir='ltr'>Σατανικὴ</span> <span class='ocrx_word' id='word_1_81' title='bbox 1690 912 1849 969; x_wconf 86' lang='grc' dir='ltr'>κακία</span> 
     </span>
    </p>
   </div>
   <div class='ocr_carea' id='block_1_14' title="bbox 202 998 1847 1076">
    <p class='ocr_par' dir='ltr' id='par_1_14' title="bbox 202 998 1847 1076">
     <span class='ocr_line' id='line_1_14' title="bbox 202 998 1847 1076; baseline 0.002 -21"><span class='ocrx_word' id='word_1_82' title='bbox 202 998 522 1066; x_wconf 80' lang='grc' dir='ltr'>πεποίηκεν.</span> <span class='ocrx_word' id='word_1_83' title='bbox 598 999 706 1058; x_wconf 71' lang='grc' dir='ltr'>Οὔκ</span> <span class='ocrx_word' id='word_1_84' title='bbox 771 999 1075 1075; x_wconf 74' lang='grc' dir='ltr'>ἐμποδίσεις</span> <span class='ocrx_word' id='word_1_85' title='bbox 1121 1001 1176 1058; x_wconf 79' lang='grc' dir='ltr'>ἐν</span> <span class='ocrx_word' id='word_1_86' title='bbox 1232 1002 1425 1076; x_wconf 79' lang='grc' dir='ltr'>τούτῳ,</span> <span class='ocrx_word' id='word_1_87' title='bbox 1490 999 1729 1076; x_wconf 79' lang='grc' dir='ltr'>διάϐολε,</span> <span class='ocrx_word' id='word_1_88' title='bbox 1785 1004 1847 1059; x_wconf 82' lang='grc' dir='ltr'>τὸ</span> 
     </span>
    </p>
   </div>
   <div class='ocr_carea' id='block_1_15' title="bbox 202 1085 1848 1168">
    <p class='ocr_par' dir='ltr' id='par_1_15' title="bbox 202 1085 1848 1168">
     <span class='ocr_line' id='line_1_15' title="bbox 202 1085 1848 1168; baseline 0.002 -23"><span class='ocrx_word' id='word_1_89' title='bbox 202 1085 356 1166; x_wconf 77' lang='grc' dir='ltr'>ἔργον</span> <span class='ocrx_word' id='word_1_90' title='bbox 397 1097 491 1148; x_wconf 89' lang='grc' dir='ltr'><strong>τοῦ</strong></span> <span class='ocrx_word' id='word_1_91' title='bbox 538 1097 697 1162; x_wconf 85' lang='grc' dir='ltr'>Θεοῦ,</span> <span class='ocrx_word' id='word_1_92' title='bbox 743 1093 834 1148; x_wconf 85' lang='grc' dir='ltr'><strong>καὶ</strong></span> <span class='ocrx_word' id='word_1_93' title='bbox 865 1088 1194 1168; x_wconf 77' lang='grc' dir='ltr'>παραλαϐὼν</span> <span class='ocrx_word' id='word_1_94' title='bbox 1236 1092 1360 1153; x_wconf 79' lang='grc' dir='ltr'>τοὺς</span> <span class='ocrx_word' id='word_1_95' title='bbox 1393 1089 1549 1153; x_wconf 73' lang='grc' dir='ltr'>ὄντας</span> <span class='ocrx_word' id='word_1_96' title='bbox 1581 1094 1674 1148; x_wconf 79' lang='grc' dir='ltr'>σὺν</span> <span class='ocrx_word' id='word_1_97' title='bbox 1704 1092 1848 1167; x_wconf 76' lang='grc' dir='ltr'><strong>αὒτῷ</strong></span> 
     </span>
    </p>
   </div>
   <div class='ocr_carea' id='block_1_16' title="bbox 202 1176 1849 1260">
    <p class='ocr_par' dir='ltr' id='par_1_16' title="bbox 202 1176 1849 1260">
     <span class='ocr_line' id='line_1_16' title="bbox 202 1176 1849 1260; baseline 0.002 -25"><span class='ocrx_word' id='word_1_98' title='bbox 202 1176 393 1258; x_wconf 66' lang='grc' dir='ltr'>ἄνδρας</span> <span class='ocrx_word' id='word_1_99' title='bbox 453 1177 750 1259; x_wconf 77' lang='grc' dir='ltr'>θεοσεϐεῖς,</span> <span class='ocrx_word' id='word_1_100' title='bbox 822 1179 1152 1259; x_wconf 75' lang='grc' dir='ltr'>κατέδραμεν</span> <span class='ocrx_word' id='word_1_101' title='bbox 1209 1180 1295 1239; x_wconf 74' lang='grc' dir='ltr'>ἐπὶ</span> <span class='ocrx_word' id='word_1_102' title='bbox 1351 1182 1443 1238; x_wconf 82' lang='grc' dir='ltr'>τὸν</span> <span class='ocrx_word' id='word_1_103' title='bbox 1498 1182 1687 1260; x_wconf 92' lang='grc' dir='ltr'>τόπον,</span> <span class='ocrx_word' id='word_1_104' title='bbox 1762 1183 1849 1238; x_wconf 79' lang='grc' dir='ltr'><strong>καὶ</strong></span> 
     </span>
    </p>
   </div>
   <div class='ocr_carea' id='block_1_17' title="bbox 207 1268 1847 1349">
    <p class='ocr_par' dir='ltr' id='par_1_17' title="bbox 207 1268 1847 1349">
     <span class='ocr_line' id='line_1_17' title="bbox 207 1268 1847 1349; baseline 0.002 -22"><span class='ocrx_word' id='word_1_105' title='bbox 207 1268 435 1336; x_wconf 76' lang='grc' dir='ltr'>πλησίον</span> <span class='ocrx_word' id='word_1_106' title='bbox 496 1273 590 1328; x_wconf 78' lang='grc' dir='ltr'><strong>τοῦ</strong></span> <span class='ocrx_word' id='word_1_107' title='bbox 646 1270 938 1347; x_wconf 80' lang='grc' dir='ltr'><strong>πτώματος</strong></span> <span class='ocrx_word' id='word_1_108' title='bbox 985 1271 1167 1337; x_wconf 83' lang='grc' dir='ltr'>κλίνας</span> <span class='ocrx_word' id='word_1_109' title='bbox 1225 1271 1291 1329; x_wconf 72' lang='grc' dir='ltr'>τὰ</span> <span class='ocrx_word' id='word_1_110' title='bbox 1340 1271 1539 1349; x_wconf 83' lang='grc' dir='ltr'>γόνατα</span> <span class='ocrx_word' id='word_1_111' title='bbox 1569 1274 1706 1347; x_wconf 80' lang='grc' dir='ltr'><strong>μετά</strong></span> <span class='ocrx_word' id='word_1_112' title='bbox 1748 1271 1847 1330; x_wconf 88' lang='grc' dir='ltr'>δα-</span> 
     </span>
    </p>
   </div>
   <div class='ocr_carea' id='block_1_18' title="bbox 207 1358 1841 1440">
    <p class='ocr_par' dir='ltr' id='par_1_18' title="bbox 207 1358 1841 1440">
     <span class='ocr_line' id='line_1_18' title="bbox 207 1358 1841 1440; baseline 0 -23"><span class='ocrx_word' id='word_1_113' title='bbox 207 1359 381 1436; x_wconf 78' lang='grc' dir='ltr'>κρύων</span> <span class='ocrx_word' id='word_1_114' title='bbox 437 1358 773 1439; x_wconf 75' lang='grc' dir='ltr'><strong>προσηύξατο</strong></span> <span class='ocrx_word' id='word_1_115' title='bbox 838 1360 1065 1425; x_wconf 78' lang='grc' dir='ltr'>ἐκτενῶς</span> <span class='ocrx_word' id='word_1_116' title='bbox 1123 1362 1253 1438; x_wconf 83' lang='grc' dir='ltr'>πρὸς</span> <span class='ocrx_word' id='word_1_117' title='bbox 1310 1362 1400 1419; x_wconf 75' lang='grc' dir='ltr'><strong>τὸν</strong></span> <span class='ocrx_word' id='word_1_118' title='bbox 1460 1363 1590 1418; x_wconf 79' lang='grc' dir='ltr'>Θεὸν</span> <span class='ocrx_word' id='word_1_119' title='bbox 1648 1361 1841 1440; x_wconf 71' lang='grc' dir='ltr'>λέγων*</span> 
     </span>
    </p>
   </div>
   <div class='ocr_carea' id='block_1_19' title="bbox 206 1447 1851 1528">
    <p class='ocr_par' dir='ltr' id='par_1_19' title="bbox 206 1447 1851 1528">
     <span class='ocr_line' id='line_1_19' title="bbox 206 1447 1851 1528; baseline 0.002 -24"><span class='ocrx_word' id='word_1_120' title='bbox 206 1448 281 1505; x_wconf 83' lang='grc' dir='ltr'>Σὺ</span> <span class='ocrx_word' id='word_1_121' title='bbox 333 1447 580 1507; x_wconf 81' lang='grc' dir='ltr'>Δέσποτα</span> <span class='ocrx_word' id='word_1_122' title='bbox 609 1450 638 1507; x_wconf 82' lang='grc' dir='ltr'>ὁ</span> <span class='ocrx_word' id='word_1_123' title='bbox 665 1452 816 1526; x_wconf 70' lang='grc' dir='ltr'>Θεδς,</span> <span class='ocrx_word' id='word_1_124' title='bbox 851 1453 879 1507; x_wconf 75' lang='grc' dir='ltr'><strong>ὁ</strong></span> <span class='ocrx_word' id='word_1_125' title='bbox 924 1455 1068 1521; x_wconf 76' lang='grc' dir='ltr'>ζωῆς</span> <span class='ocrx_word' id='word_1_126' title='bbox 1111 1452 1202 1507; x_wconf 81' lang='grc' dir='ltr'><strong>καὶ</strong></span> <span class='ocrx_word' id='word_1_127' title='bbox 1246 1452 1473 1508; x_wconf 79' lang='grc' dir='ltr'>θανάτου</span> <span class='ocrx_word' id='word_1_128' title='bbox 1508 1452 1721 1528; x_wconf 79' lang='grc' dir='ltr'>Κύριος,</span> <span class='ocrx_word' id='word_1_129' title='bbox 1755 1455 1851 1510; x_wconf 71' lang='grc' dir='ltr'><strong>οῦκ</strong></span> 
     </span>
    </p>
   </div>
   <div class='ocr_carea' id='block_1_20' title="bbox 209 1537 1849 1621">
    <p class='ocr_par' dir='ltr' id='par_1_20' title="bbox 209 1537 1849 1621">
     <span class='ocr_line' id='line_1_20' title="bbox 209 1537 1849 1621; baseline 0.001 -26"><span class='ocrx_word' id='word_1_130' title='bbox 209 1537 454 1615; x_wconf 80' lang='grc' dir='ltr'>ἀγνοεῖς,</span> <span class='ocrx_word' id='word_1_131' title='bbox 510 1538 574 1596; x_wconf 87' lang='grc' dir='ltr'><strong>δι’</strong></span> <span class='ocrx_word' id='word_1_132' title='bbox 630 1539 698 1609; x_wconf 72' lang='grc' dir='ltr'>ἣν</span> <span class='ocrx_word' id='word_1_133' title='bbox 742 1540 911 1598; x_wconf 72' lang='grc' dir='ltr'>αἰτίαν</span> <span class='ocrx_word' id='word_1_134' title='bbox 966 1543 996 1597; x_wconf 82' lang='grc' dir='ltr'><strong>ὁ</strong></span> <span class='ocrx_word' id='word_1_135' title='bbox 1054 1540 1363 1620; x_wconf 78' lang='grc' dir='ltr'>ἀρχέκακος</span> <span class='ocrx_word' id='word_1_136' title='bbox 1394 1543 1591 1621; x_wconf 64' lang='grc' dir='ltr'>ἐχθρὸς</span> <span class='ocrx_word' id='word_1_137' title='bbox 1621 1542 1849 1599; x_wconf 79' lang='grc' dir='ltr'>θάνατον</span> 
     </span>
    </p>
   </div>
   <div class='ocr_carea' id='block_1_21' title="bbox 209 1628 1850 1709">
    <p class='ocr_par' dir='ltr' id='par_1_21' title="bbox 209 1628 1850 1709">
     <span class='ocr_line' id='line_1_21' title="bbox 209 1628 1850 1709; baseline 0.002 -24"><span class='ocrx_word' id='word_1_138' title='bbox 209 1629 285 1693; x_wconf 82' lang='grc' dir='ltr'><strong>είς</strong></span> <span class='ocrx_word' id='word_1_139' title='bbox 328 1629 418 1686; x_wconf 84' lang='grc' dir='ltr'>τὸν</span> <span class='ocrx_word' id='word_1_140' title='bbox 448 1630 544 1686; x_wconf 75' lang='grc' dir='ltr'><strong>σὺν</strong></span> <span class='ocrx_word' id='word_1_141' title='bbox 588 1628 833 1709; x_wconf 79' lang='grc' dir='ltr'>πλάσμα,</span> <span class='ocrx_word' id='word_1_142' title='bbox 865 1629 989 1686; x_wconf 84' lang='grc' dir='ltr'>ἀλλ’</span> <span class='ocrx_word' id='word_1_143' title='bbox 1032 1632 1106 1693; x_wconf 82' lang='grc' dir='ltr'><strong>ὡς</strong></span> <span class='ocrx_word' id='word_1_144' title='bbox 1136 1630 1370 1688; x_wconf 76' lang='grc' dir='ltr'>πάντοτε</span> <span class='ocrx_word' id='word_1_145' title='bbox 1398 1632 1485 1688; x_wconf 65' lang='grc' dir='ltr'>καὶ</span> <span class='ocrx_word' id='word_1_146' title='bbox 1529 1640 1618 1691; x_wconf 80' lang='grc' dir='ltr'><strong>νῦν</strong></span> <span class='ocrx_word' id='word_1_147' title='bbox 1676 1628 1850 1698; x_wconf 82' lang='grc' dir='ltr'>δεῖξον</span> 
     </span>
    </p>
   </div>
   <div class='ocr_carea' id='block_1_22' title="bbox 1928 646 3567 729">
    <p class='ocr_par' dir='ltr' id='par_1_22' title="bbox 1928 646 3567 729">
     <span class='ocr_line' id='line_1_22' title="bbox 1928 646 3567 729; baseline 0.004 -23"><span class='ocrx_word' id='word_1_148' title='bbox 1928 646 2359 726; x_wconf 74' lang='lat' dir='ltr'><strong>Eutychianum</strong></span> <span class='ocrx_word' id='word_1_149' title='bbox 2388 667 2403 727; x_wconf 86' lang='lat'><strong>;</strong></span> <span class='ocrx_word' id='word_1_150' title='bbox 2436 665 2613 728; x_wconf 84' lang='lat' dir='ltr'><strong>quem</strong></span> <span class='ocrx_word' id='word_1_151' title='bbox 2646 647 2955 729; x_wconf 80' lang='lat' dir='ltr'><strong>excipiens</strong></span> <span class='ocrx_word' id='word_1_152' title='bbox 2978 667 3209 725; x_wconf 90' lang='lat' dir='ltr'><strong>currus,</strong></span> <span class='ocrx_word' id='word_1_153' title='bbox 3246 668 3353 729; x_wconf 89' lang='lat' dir='ltr'><strong>per</strong></span> <span class='ocrx_word' id='word_1_154' title='bbox 3384 657 3567 712; x_wconf 84' lang='lat' dir='ltr'><strong>totam</strong></span> 
     </span>
    </p>
   </div>
   <div class='ocr_carea' id='block_1_23' title="bbox 1930 734 3571 821">
    <p class='ocr_par' dir='ltr' id='par_1_23' title="bbox 1930 734 3571 821">
     <span class='ocr_line' id='line_1_23' title="bbox 1930 734 3571 821; baseline 0.003 -24"><span class='ocrx_word' id='word_1_155' title='bbox 1930 734 2220 815; x_wconf 78' lang='lat' dir='ltr'><strong>perfregit</strong></span> <span class='ocrx_word' id='word_1_156' title='bbox 2239 754 2480 798; x_wconf 87' lang='lat' dir='ltr'><strong>omnem</strong></span> <span class='ocrx_word' id='word_1_157' title='bbox 2505 743 2798 799; x_wconf 89' lang='lat' dir='ltr'><strong>viscerum</strong></span> <span class='ocrx_word' id='word_1_158' title='bbox 2823 739 2957 818; x_wconf 84' lang='lat' dir='ltr'><strong>ejus</strong></span> <span class='ocrx_word' id='word_1_159' title='bbox 2978 740 3571 821; x_wconf 83' lang='lat' dir='ltr'><strong>compagem,sicque</strong></span> 
     </span>
    </p>
   </div>
   <div class='ocr_carea' id='block_1_24' title="bbox 1932 828 3568 903">
    <p class='ocr_par' dir='ltr' id='par_1_24' title="bbox 1932 828 3568 903">
     <span class='ocr_line' id='line_1_24' title="bbox 1932 828 3568 903; baseline 0.004 -20"><span class='ocrx_word' id='word_1_160' title='bbox 1932 831 1979 883; x_wconf 91' lang='lat' dir='ltr'><strong>is</strong></span> <span class='ocrx_word' id='word_1_161' title='bbox 2004 830 2340 898; x_wconf 79' lang='lat' dir='ltr'><strong>exspiravit.</strong></span> <span class='ocrx_word' id='word_1_162' title='bbox 2376 828 2515 887; x_wconf 85' lang='lat' dir='ltr'><strong>Cum</strong></span> <span class='ocrx_word' id='word_1_163' title='bbox 2536 842 2726 888; x_wconf 87' lang='lat' dir='ltr'><strong>autem</strong></span> <span class='ocrx_word' id='word_1_164' title='bbox 2750 832 3064 902; x_wconf 80' lang='lat' dir='ltr'><strong>accepisset</strong></span> <span class='ocrx_word' id='word_1_165' title='bbox 3088 834 3245 903; x_wconf 86' lang='lat' dir='ltr'><strong>quod</strong></span> <span class='ocrx_word' id='word_1_166' title='bbox 3263 832 3568 902; x_wconf 85' lang='lat' dir='ltr'><strong>acciderat,</strong></span> 
     </span>
    </p>
   </div>
   <div class='ocr_carea' id='block_1_25' title="bbox 1931 908 3572 995">
    <p class='ocr_par' dir='ltr' id='par_1_25' title="bbox 1931 908 3572 995">
     <span class='ocr_line' id='line_1_25' title="bbox 1931 908 3572 995; baseline 0.004 -24"><span class='ocrx_word' id='word_1_167' title='bbox 1931 927 2140 971; x_wconf 87' lang='lat' dir='ltr'><strong>servus</strong></span> <span class='ocrx_word' id='word_1_168' title='bbox 2168 908 2273 971; x_wconf 88' lang='lat' dir='ltr'><strong>Dei</strong></span> <span class='ocrx_word' id='word_1_169' title='bbox 2295 909 2676 987; x_wconf 89' lang='lat' dir='ltr'><strong>Parthenius,</strong></span> <span class='ocrx_word' id='word_1_170' title='bbox 2701 911 2849 973; x_wconf 85' lang='lat' dir='ltr'><strong>dixit</strong></span> <span class='ocrx_word' id='word_1_171' title='bbox 2882 934 2896 972; x_wconf 93' lang='lat'><strong>:</strong></span> <span class='ocrx_word' id='word_1_172' title='bbox 2931 911 3059 976; x_wconf 88' lang='lat' dir='ltr'><strong>Hoc</strong></span> <span class='ocrx_word' id='word_1_173' title='bbox 3090 911 3366 976; x_wconf 85' lang='lat' dir='ltr'><strong>Satanica</strong></span> <span class='ocrx_word' id='word_1_174' title='bbox 3395 913 3572 995; x_wconf 89' lang='lat' dir='ltr'><strong>plaue</strong></span> 
     </span>
    </p>
   </div>
   <div class='ocr_carea' id='block_1_26' title="bbox 1932 997 3572 1084">
    <p class='ocr_par' dir='ltr' id='par_1_26' title="bbox 1932 997 3572 1084">
     <span class='ocr_line' id='line_1_26' title="bbox 1932 997 3572 1084; baseline 0.005 -25"><span class='ocrx_word' id='word_1_175' title='bbox 1932 998 2070 1062; x_wconf 77' lang='lat' dir='ltr'><strong>fecit</strong></span> <span class='ocrx_word' id='word_1_176' title='bbox 2105 997 2490 1062; x_wconf 85' lang='lat' dir='ltr'><strong>malitia.Non</strong></span> <span class='ocrx_word' id='word_1_177' title='bbox 2522 1001 2823 1081; x_wconf 90' lang='lat' dir='ltr'><strong>impedies</strong></span> <span class='ocrx_word' id='word_1_178' title='bbox 2849 1001 2910 1063; x_wconf 90' lang='lat' dir='ltr'><strong>in</strong></span> <span class='ocrx_word' id='word_1_179' title='bbox 2946 1004 3084 1077; x_wconf 89' lang='lat' dir='ltr'><strong>hoc,</strong></span> <span class='ocrx_word' id='word_1_180' title='bbox 3120 1002 3384 1077; x_wconf 89' lang='lat' dir='ltr'><strong>diabole,</strong></span> <span class='ocrx_word' id='word_1_181' title='bbox 3419 1022 3572 1084; x_wconf 90' lang='lat' dir='ltr'><strong>opus</strong></span> 
     </span>
    </p>
   </div>
   <div class='ocr_carea' id='block_1_27' title="bbox 1934 1087 3572 1173">
    <p class='ocr_par' dir='ltr' id='par_1_27' title="bbox 1934 1087 3572 1173">
     <span class='ocr_line' id='line_1_27' title="bbox 1934 1087 3572 1173; baseline 0.004 -23"><span class='ocrx_word' id='word_1_182' title='bbox 1934 1087 2133 1163; x_wconf 87' lang='lat' dir='ltr'><strong>Dei,et</strong></span> <span class='ocrx_word' id='word_1_183' title='bbox 2152 1088 2348 1152; x_wconf 79' lang='lat' dir='ltr'><strong>statim</strong></span> <span class='ocrx_word' id='word_1_184' title='bbox 2391 1108 2705 1153; x_wconf 82' lang='lat' dir='ltr'><strong>assumens</strong></span> <span class='ocrx_word' id='word_1_185' title='bbox 2726 1109 2931 1153; x_wconf 85' lang='lat' dir='ltr'><strong>secum</strong></span> <span class='ocrx_word' id='word_1_186' title='bbox 2957 1090 3088 1173; x_wconf 91' lang='lat' dir='ltr'><strong>pios</strong></span> <span class='ocrx_word' id='word_1_187' title='bbox 3111 1091 3401 1173; x_wconf 91' lang='lat' dir='ltr'><strong>viros,qui</strong></span> <span class='ocrx_word' id='word_1_188' title='bbox 3433 1111 3572 1156; x_wconf 89' lang='lat' dir='ltr'><strong>cum</strong></span> 
     </span>
    </p>
   </div>
   <div class='ocr_carea' id='block_1_28' title="bbox 1930 1177 3574 1263">
    <p class='ocr_par' dir='ltr' id='par_1_28' title="bbox 1930 1177 3574 1263">
     <span class='ocr_line' id='line_1_28' title="bbox 1930 1177 3574 1263; baseline 0.004 -24"><span class='ocrx_word' id='word_1_189' title='bbox 1930 1177 2064 1256; x_wconf 90' lang='lat' dir='ltr'><strong>ipso</strong></span> <span class='ocrx_word' id='word_1_190' title='bbox 2096 1189 2286 1258; x_wconf 80' lang='lat' dir='ltr'><strong>erant,</strong></span> <span class='ocrx_word' id='word_1_191' title='bbox 2322 1180 2584 1241; x_wconf 87' lang='lat' dir='ltr'><strong>cucurrit</strong></span> <span class='ocrx_word' id='word_1_192' title='bbox 2615 1179 2691 1242; x_wconf 87' lang='lat' dir='ltr'><strong>ad</strong></span> <span class='ocrx_word' id='word_1_193' title='bbox 2718 1181 2911 1243; x_wconf 90' lang='lat' dir='ltr'><strong>locum</strong></span> <span class='ocrx_word' id='word_1_194' title='bbox 2945 1199 2959 1242; x_wconf 93' lang='lat'>:</span> <span class='ocrx_word' id='word_1_195' title='bbox 2988 1190 3048 1242; x_wconf 90' lang='lat' dir='ltr'><strong>et</strong></span> <span class='ocrx_word' id='word_1_196' title='bbox 3068 1190 3235 1244; x_wconf 87' lang='lat' dir='ltr'><strong>stans</strong></span> <span class='ocrx_word' id='word_1_197' title='bbox 3257 1198 3446 1263; x_wconf 84' lang='lat' dir='ltr'><strong>prope</strong></span> <span class='ocrx_word' id='word_1_198' title='bbox 3473 1201 3574 1246; x_wconf 85' lang='lat' dir='ltr'><strong>ca-</strong></span> 
     </span>
    </p>
   </div>
   <div class='ocr_carea' id='block_1_29' title="bbox 1932 1266 3575 1353">
    <p class='ocr_par' dir='ltr' id='par_1_29' title="bbox 1932 1266 3575 1353">
     <span class='ocr_line' id='line_1_29' title="bbox 1932 1266 3575 1353; baseline 0.004 -25"><span class='ocrx_word' id='word_1_199' title='bbox 1932 1266 2203 1343; x_wconf 89' lang='lat' dir='ltr'><strong>daver,et</strong></span> <span class='ocrx_word' id='word_1_200' title='bbox 2226 1278 2434 1331; x_wconf 84' lang='lat' dir='ltr'><strong>sancta</strong></span> <span class='ocrx_word' id='word_1_201' title='bbox 2455 1287 2563 1330; x_wconf 91' lang='lat' dir='ltr'><strong>sua</strong></span> <span class='ocrx_word' id='word_1_202' title='bbox 2585 1269 2884 1331; x_wconf 86' lang='lat' dir='ltr'><strong>inclinans</strong></span> <span class='ocrx_word' id='word_1_203' title='bbox 2907 1288 3272 1349; x_wconf 85' lang='lat' dir='ltr'><strong>genua,cum</strong></span> <span class='ocrx_word' id='word_1_204' title='bbox 3293 1270 3575 1353; x_wconf 83' lang='lat' dir='ltr'><strong>lacrymis</strong></span> 
     </span>
    </p>
   </div>
   <div class='ocr_carea' id='block_1_30' title="bbox 1933 1355 3571 1440">
    <p class='ocr_par' dir='ltr' id='par_1_30' title="bbox 1933 1355 3571 1440">
     <span class='ocr_line' id='line_1_30' title="bbox 1933 1355 3571 1440; baseline 0.004 -22"><span class='ocrx_word' id='word_1_205' title='bbox 1933 1355 2169 1420; x_wconf 88' lang='lat' dir='ltr'><strong>inteuse</strong></span> <span class='ocrx_word' id='word_1_206' title='bbox 2216 1358 2404 1420; x_wconf 87' lang='lat' dir='ltr'><strong>oravit</strong></span> <span class='ocrx_word' id='word_1_207' title='bbox 2448 1359 2520 1419; x_wconf 86' lang='lat' dir='ltr'><strong>ad</strong></span> <span class='ocrx_word' id='word_1_208' title='bbox 2556 1361 2772 1440; x_wconf 85' lang='lat' dir='ltr'><strong>Deum,</strong></span> <span class='ocrx_word' id='word_1_209' title='bbox 2829 1358 3088 1423; x_wconf 84' lang='lat' dir='ltr'><strong>dicens:</strong></span> <span class='ocrx_word' id='word_1_210' title='bbox 3145 1360 3258 1437; x_wconf 90' lang='lat' dir='ltr'><strong>Tu,</strong></span> <span class='ocrx_word' id='word_1_211' title='bbox 3292 1360 3571 1436; x_wconf 86' lang='lat' dir='ltr'><strong>Domine,</strong></span> 
     </span>
    </p>
   </div>
   <div class='ocr_carea' id='block_1_31' title="bbox 1931 1446 3570 1529">
    <p class='ocr_par' dir='ltr' id='par_1_31' title="bbox 1931 1446 3570 1529">
     <span class='ocr_line' id='line_1_31' title="bbox 1931 1446 3570 1529; baseline 0.004 -21"><span class='ocrx_word' id='word_1_212' title='bbox 1931 1446 2315 1526; x_wconf 89' lang='lat' dir='ltr'><strong>omnipotens</strong></span> <span class='ocrx_word' id='word_1_213' title='bbox 2344 1447 2758 1529; x_wconf 85' lang='lat' dir='ltr'><strong>suppeditator</strong></span> <span class='ocrx_word' id='word_1_214' title='bbox 2779 1449 2909 1511; x_wconf 65' lang='lat' dir='ltr'><strong>vita;</strong></span> <span class='ocrx_word' id='word_1_215' title='bbox 2930 1457 2988 1511; x_wconf 91' lang='lat' dir='ltr'><strong>et</strong></span> <span class='ocrx_word' id='word_1_216' title='bbox 3011 1450 3373 1529; x_wconf 87' lang='lat' dir='ltr'><strong>mortis,non</strong></span> <span class='ocrx_word' id='word_1_217' title='bbox 3388 1452 3570 1528; x_wconf 9' lang='lat' dir='ltr'><strong>tigno-</strong></span> 
     </span>
    </p>
   </div>
   <div class='ocr_carea' id='block_1_32' title="bbox 1930 1540 3579 1617">
    <p class='ocr_par' dir='ltr' id='par_1_32' title="bbox 1930 1540 3579 1617">
     <span class='ocr_line' id='line_1_32' title="bbox 1930 1540 3579 1617; baseline 0.001 -20"><span class='ocrx_word' id='word_1_218' title='bbox 1930 1554 2028 1598; x_wconf 86' lang='lat' dir='ltr'><strong>ras</strong></span> <span class='ocrx_word' id='word_1_219' title='bbox 2061 1547 2307 1616; x_wconf 88' lang='lat' dir='ltr'><strong>propter</strong></span> <span class='ocrx_word' id='word_1_220' title='bbox 2335 1555 2517 1617; x_wconf 85' lang='lat' dir='ltr'><strong>quam</strong></span> <span class='ocrx_word' id='word_1_221' title='bbox 2537 1556 2780 1600; x_wconf 78' lang='lat' dir='ltr'><strong>causam</strong></span> <span class='ocrx_word' id='word_1_222' title='bbox 2805 1547 3014 1601; x_wconf 84' lang='lat' dir='ltr'><strong>auctor</strong></span> <span class='ocrx_word' id='word_1_223' title='bbox 3042 1540 3338 1604; x_wconf 87' lang='lat' dir='ltr'><strong>malorum</strong></span> <span class='ocrx_word' id='word_1_224' title='bbox 3366 1542 3579 1604; x_wconf 12' lang='lat' dir='ltr'><strong>inimi-i</strong></span> 
     </span>
    </p>
   </div>
   <div class='ocr_carea' id='block_1_33' title="bbox 1931 1625 3571 1710">
    <p class='ocr_par' dir='ltr' id='par_1_33' title="bbox 1931 1625 3571 1710">
     <span class='ocr_line' id='line_1_33' title="bbox 1931 1625 3571 1710; baseline 0.005 -24"><span class='ocrx_word' id='word_1_225' title='bbox 1931 1642 2059 1698; x_wconf 84' lang='lat' dir='ltr'><strong>cus,</strong></span> <span class='ocrx_word' id='word_1_226' title='bbox 2090 1625 2468 1687; x_wconf 85' lang='lat' dir='ltr'><strong>machinatus</strong></span> <span class='ocrx_word' id='word_1_227' title='bbox 2496 1639 2588 1688; x_wconf 89' lang='lat' dir='ltr'><strong>est</strong></span> <span class='ocrx_word' id='word_1_228' title='bbox 2618 1634 2874 1691; x_wconf 87' lang='lat' dir='ltr'><strong>mortem</strong></span> <span class='ocrx_word' id='word_1_229' title='bbox 2906 1628 2967 1688; x_wconf 92' lang='lat' dir='ltr'><strong>in</strong></span> <span class='ocrx_word' id='word_1_230' title='bbox 2999 1638 3164 1691; x_wconf 93' lang='lat' dir='ltr'><strong>tuum</strong></span> <span class='ocrx_word' id='word_1_231' title='bbox 3192 1630 3571 1710; x_wconf 83' lang='lat' dir='ltr'><strong>ﬁgmentum.</strong></span> 
     </span>
    </p>
   </div>
   <div class='ocr_carea' id='block_1_34' title="bbox 209 1713 1856 1801">
    <p class='ocr_par' dir='ltr' id='par_1_34' title="bbox 209 1716 1849 1801">
     <span class='ocr_line' id='line_1_34' title="bbox 209 1716 1849 1801; baseline 0.002 -27"><span class='ocrx_word' id='word_1_232' title='bbox 209 1716 371 1774; x_wconf 69' lang='grc' dir='ltr'>αὐτοῦ</span> <span class='ocrx_word' id='word_1_233' title='bbox 414 1719 643 1792; x_wconf 77' lang='grc' dir='ltr'>ματαίαν</span> <span class='ocrx_word' id='word_1_234' title='bbox 709 1720 805 1787; x_wconf 80' lang='grc' dir='ltr'>τὴν</span> <span class='ocrx_word' id='word_1_235' title='bbox 873 1720 1239 1799; x_wconf 74' lang='grc' dir='ltr'>ἒπιχείρησιν,</span> <span class='ocrx_word' id='word_1_236' title='bbox 1301 1724 1444 1791; x_wconf 76' lang='grc' dir='ltr'>ζωῆς</span> <span class='ocrx_word' id='word_1_237' title='bbox 1499 1718 1553 1776; x_wconf 74' lang='grc' dir='ltr'>δὲ</span> <span class='ocrx_word' id='word_1_238' title='bbox 1613 1720 1849 1801; x_wconf 69' lang='grc' dir='ltr'>μέτοχον</span> 
     </span>
    </p>
   </div>
   <div class='ocr_carea' id='block_1_35' title="bbox 1979 1713 3573 1801">
    <p class='ocr_par' dir='ltr' id='par_1_35' title="bbox 1982 1714 3573 1798">
     <span class='ocr_line' id='line_1_35' title="bbox 1982 1714 3573 1798; baseline 0.005 -21"><span class='ocrx_word' id='word_1_239' title='bbox 1982 1714 2118 1794; x_wconf 87' lang='lat' dir='ltr'><strong>ed,o</strong></span> <span class='ocrx_word' id='word_1_240' title='bbox 2142 1715 2769 1795; x_wconf 85' lang='lat' dir='ltr'><strong>benignissime,nunc</strong></span> <span class='ocrx_word' id='word_1_241' title='bbox 2791 1736 3034 1798; x_wconf 86' lang='lat' dir='ltr'><strong>quoque</strong></span> <span class='ocrx_word' id='word_1_242' title='bbox 3052 1720 3310 1784; x_wconf 86' lang='lat' dir='ltr'><strong>ostende</strong></span> <span class='ocrx_word' id='word_1_243' title='bbox 3330 1721 3573 1784; x_wconf 85' lang='lat' dir='ltr'><strong>inanem</strong></span> 
     </span>
    </p>
   </div>
   <div class='ocr_carea' id='block_1_36' title="bbox 210 1805 1848 1887">
    <p class='ocr_par' dir='ltr' id='par_1_36' title="bbox 210 1805 1848 1887">
     <span class='ocr_line' id='line_1_36' title="bbox 210 1805 1848 1887; baseline 0.002 -23"><span class='ocrx_word' id='word_1_244' title='bbox 210 1808 302 1865; x_wconf 80' lang='grc' dir='ltr'><strong>τὸν</strong></span> <span class='ocrx_word' id='word_1_245' title='bbox 348 1808 443 1866; x_wconf 74' lang='grc' dir='ltr'><strong>σὺν</strong></span> <span class='ocrx_word' id='word_1_246' title='bbox 498 1805 687 1867; x_wconf 86' lang='grc' dir='ltr'>δοῦλον</span> <span class='ocrx_word' id='word_1_247' title='bbox 750 1810 1008 1887; x_wconf 75' lang='grc' dir='ltr'>Εὒτόχιον</span> <span class='ocrx_word' id='word_1_248' title='bbox 1065 1810 1313 1882; x_wconf 89' lang='grc' dir='ltr'>ποίησον,</span> <span class='ocrx_word' id='word_1_249' title='bbox 1376 1808 1545 1876; x_wconf 73' lang='grc' dir='ltr'>δείξας</span> <span class='ocrx_word' id='word_1_250' title='bbox 1600 1823 1719 1881; x_wconf 72' lang='grc' dir='ltr'>τοῖς</span> <span class='ocrx_word' id='word_1_251' title='bbox 1774 1812 1848 1873; x_wconf 82' lang='grc' dir='ltr'>εἷς</span> 
     </span>
    </p>
   </div>
   <div class='ocr_carea' id='block_1_37' title="bbox 210 1895 1849 1974">
    <p class='ocr_par' dir='ltr' id='par_1_37' title="bbox 210 1895 1849 1974">
     <span class='ocr_line' id='line_1_37' title="bbox 210 1895 1849 1974; baseline 0.002 -22"><span class='ocrx_word' id='word_1_252' title='bbox 210 1895 270 1952; x_wconf 80' lang='grc' dir='ltr'>σὲ</span> <span class='ocrx_word' id='word_1_253' title='bbox 327 1897 659 1955; x_wconf 79' lang='grc' dir='ltr'>πιστεύουσίν</span> <span class='ocrx_word' id='word_1_254' title='bbox 697 1898 795 1965; x_wconf 80' lang='grc' dir='ltr'><strong>τὴν</strong></span> <span class='ocrx_word' id='word_1_255' title='bbox 839 1898 1090 1964; x_wconf 83' lang='grc' dir='ltr'>ἀνίκητόν</span> <span class='ocrx_word' id='word_1_256' title='bbox 1137 1920 1232 1956; x_wconf 76' lang='grc' dir='ltr'><strong>σω</strong></span> <span class='ocrx_word' id='word_1_257' title='bbox 1261 1895 1480 1974; x_wconf 81' lang='grc' dir='ltr'>δύναμιν</span> <span class='ocrx_word' id='word_1_258' title='bbox 1516 1919 1530 1934; x_wconf 74' lang='grc'><strong>⁸</strong></span> <span class='ocrx_word' id='word_1_259' title='bbox 1565 1899 1650 1956; x_wconf 72' lang='grc' dir='ltr'>ἔτι</span> <span class='ocrx_word' id='word_1_260' title='bbox 1675 1897 1729 1955; x_wconf 78' lang='grc' dir='ltr'>δὲ</span> <span class='ocrx_word' id='word_1_261' title='bbox 1757 1898 1849 1956; x_wconf 82' lang='grc' dir='ltr'><strong>τοῦ</strong></span> 
     </span>
    </p>
   </div>
   <div class='ocr_carea' id='block_1_38' title="bbox 210 1983 1848 2067">
    <p class='ocr_par' dir='ltr' id='par_1_38' title="bbox 210 1983 1848 2067">
     <span class='ocr_line' id='line_1_38' title="bbox 210 1983 1848 2067; baseline 0.001 -24"><span class='ocrx_word' id='word_1_262' title='bbox 210 1983 410 2044; x_wconf 75' lang='grc' dir='ltr'>δικαίου</span> <span class='ocrx_word' id='word_1_263' title='bbox 457 1988 557 2055; x_wconf 74' lang='grc' dir='ltr'>τὴν</span> <span class='ocrx_word' id='word_1_264' title='bbox 612 1988 786 2067; x_wconf 72' lang='grc' dir='ltr'>εὐχὴν</span> <span class='ocrx_word' id='word_1_265' title='bbox 813 1994 891 2061; x_wconf 84' lang='grc' dir='ltr'><strong>τῷ</strong></span> <span class='ocrx_word' id='word_1_266' title='bbox 934 1993 1049 2061; x_wconf 83' lang='grc' dir='ltr'><strong>Θεῷ</strong></span> <span class='ocrx_word' id='word_1_267' title='bbox 1081 1987 1514 2062; x_wconf 78' lang='grc' dir='ltr'>ἀναπέμποντος,</span> <span class='ocrx_word' id='word_1_268' title='bbox 1549 1991 1612 2046; x_wconf 82' lang='grc' dir='ltr'>τὸ</span> <span class='ocrx_word' id='word_1_269' title='bbox 1641 1991 1848 2063; x_wconf 72' lang='grc' dir='ltr'>πνεῦμα</span> 
     </span>
    </p>
   </div>
   <div class='ocr_carea' id='block_1_39' title="bbox 210 2075 1846 2156">
    <p class='ocr_par' dir='ltr' id='par_1_39' title="bbox 210 2075 1846 2156">
     <span class='ocr_line' id='line_1_39' title="bbox 210 2075 1846 2156; baseline 0.001 -23"><span class='ocrx_word' id='word_1_270' title='bbox 210 2082 304 2133; x_wconf 85' lang='grc' dir='ltr'><strong>τοῦ</strong></span> <span class='ocrx_word' id='word_1_271' title='bbox 357 2077 673 2143; x_wconf 83' lang='grc' dir='ltr'>τεθνηκότος</span> <span class='ocrx_word' id='word_1_272' title='bbox 723 2075 1020 2156; x_wconf 81' lang='grc' dir='ltr'><strong>ἐπέστρεψε</strong></span> <span class='ocrx_word' id='word_1_273' title='bbox 1073 2079 1204 2154; x_wconf 82' lang='grc' dir='ltr'>πρὸς</span> <span class='ocrx_word' id='word_1_274' title='bbox 1237 2079 1299 2133; x_wconf 81' lang='grc' dir='ltr'>τὸ</span> <span class='ocrx_word' id='word_1_275' title='bbox 1331 2085 1487 2153; x_wconf 82' lang='grc' dir='ltr'>σῶμα</span> <span class='ocrx_word' id='word_1_276' title='bbox 1517 2087 1609 2136; x_wconf 89' lang='grc' dir='ltr'><strong>τοῦ</strong></span> <span class='ocrx_word' id='word_1_277' title='bbox 1639 2078 1846 2156; x_wconf 80' lang='grc' dir='ltr'>ἀνθρώ-</span> 
     </span>
    </p>
   </div>
   <div class='ocr_carea' id='block_1_40' title="bbox 211 2165 1846 2245">
    <p class='ocr_par' dir='ltr' id='par_1_40' title="bbox 211 2165 1846 2245">
     <span class='ocr_line' id='line_1_40' title="bbox 211 2165 1846 2245; baseline 0 -23"><span class='ocrx_word' id='word_1_278' title='bbox 211 2186 313 2222; x_wconf 76' lang='grc' dir='ltr'><strong>που</strong></span> <span class='ocrx_word' id='word_1_279' title='bbox 369 2165 594 2242; x_wconf 75' lang='grc' dir='ltr'>ἐπόψεσι</span> <span class='ocrx_word' id='word_1_280' title='bbox 650 2168 850 2229; x_wconf 75' lang='grc' dir='ltr'>παντὸς</span> <span class='ocrx_word' id='word_1_281' title='bbox 906 2176 992 2223; x_wconf 73' lang='grc' dir='ltr'><strong>τοῦ</strong></span> <span class='ocrx_word' id='word_1_282' title='bbox 1036 2165 1167 2223; x_wconf 80' lang='grc' dir='ltr'>λαοῦ</span> <span class='ocrx_word' id='word_1_283' title='bbox 1222 2165 1493 2245; x_wconf 78' lang='grc' dir='ltr'>λέγοντος’</span> <span class='ocrx_word' id='word_1_284' title='bbox 1555 2167 1690 2234; x_wconf 78' lang='grc' dir='ltr'>Δόξα</span> <span class='ocrx_word' id='word_1_285' title='bbox 1739 2189 1846 2242; x_wconf 89' lang='grc' dir='ltr'>σοι,</span> 
     </span>
    </p>
   </div>
   <div class='ocr_carea' id='block_1_41' title="bbox 211 2252 1847 2334">
    <p class='ocr_par' dir='ltr' id='par_1_41' title="bbox 211 2252 1847 2334">
     <span class='ocr_line' id='line_1_41' title="bbox 211 2252 1847 2334; baseline -0.001 -21"><span class='ocrx_word' id='word_1_286' title='bbox 211 2252 391 2322; x_wconf 81' lang='grc' dir='ltr'>Ἰησοῦ</span> <span class='ocrx_word' id='word_1_287' title='bbox 433 2256 647 2334; x_wconf 77' lang='grc' dir='ltr'>Χριστὲ,</span> <span class='ocrx_word' id='word_1_288' title='bbox 695 2258 724 2313; x_wconf 85' lang='grc' dir='ltr'>ὁ</span> <span class='ocrx_word' id='word_1_289' title='bbox 771 2256 985 2333; x_wconf 81' lang='grc' dir='ltr'>νεκροὺς</span> <span class='ocrx_word' id='word_1_290' title='bbox 1027 2254 1254 2312; x_wconf 85' lang='grc' dir='ltr'>ἀνιστῶν</span> <span class='ocrx_word' id='word_1_291' title='bbox 1291 2272 1303 2285; x_wconf 92' lang='grc'><em>’</em></span> <span class='ocrx_word' id='word_1_292' title='bbox 1368 2257 1458 2314; x_wconf 82' lang='grc' dir='ltr'>καὶ</span> <span class='ocrx_word' id='word_1_293' title='bbox 1515 2255 1847 2332; x_wconf 69' lang='grc' dir='ltr'>ἐπιλαϐόμε-</span> 
     </span>
    </p>
   </div>
   <div class='ocr_carea' id='block_1_42' title="bbox 211 2344 1847 2421">
    <p class='ocr_par' dir='ltr' id='par_1_42' title="bbox 211 2344 1847 2421">
     <span class='ocr_line' id='line_1_42' title="bbox 211 2344 1847 2421; baseline 0.002 -20"><span class='ocrx_word' id='word_1_294' title='bbox 211 2366 299 2410; x_wconf 87' lang='grc' dir='ltr'><strong>νος</strong></span> <span class='ocrx_word' id='word_1_295' title='bbox 348 2345 468 2410; x_wconf 80' lang='grc' dir='ltr'>τοὺς</span> <span class='ocrx_word' id='word_1_296' title='bbox 502 2344 631 2421; x_wconf 85' lang='grc' dir='ltr'>βόας</span> <span class='ocrx_word' id='word_1_297' title='bbox 690 2344 845 2403; x_wconf 79' lang='grc' dir='ltr'>εἷλκε</span> <span class='ocrx_word' id='word_1_298' title='bbox 895 2346 994 2413; x_wconf 76' lang='grc' dir='ltr'>τὴν</span> <span class='ocrx_word' id='word_1_299' title='bbox 1028 2344 1236 2421; x_wconf 79' lang='grc' dir='ltr'>ἄμαξαν</span> <span class='ocrx_word' id='word_1_300' title='bbox 1281 2344 1384 2410; x_wconf 79' lang='grc' dir='ltr'>ἕως</span> <span class='ocrx_word' id='word_1_301' title='bbox 1423 2353 1506 2404; x_wconf 86' lang='grc' dir='ltr'><strong>τοῦ</strong></span> <span class='ocrx_word' id='word_1_302' title='bbox 1536 2346 1693 2403; x_wconf 73' lang='grc' dir='ltr'>οἴκου</span> <span class='ocrx_word' id='word_1_303' title='bbox 1749 2350 1847 2412; x_wconf 81' lang='grc' dir='ltr'><strong>τῆς</strong></span> 
     </span>
    </p>
   </div>
   <div class='ocr_carea' id='block_1_43' title="bbox 210 2430 706 2510">
    <p class='ocr_par' dir='ltr' id='par_1_43' title="bbox 210 2430 706 2510">
     <span class='ocr_line' id='line_1_43' title="bbox 210 2430 706 2510; baseline 0.006 -23"><span class='ocrx_word' id='word_1_304' title='bbox 210 2430 363 2510; x_wconf 72' lang='grc' dir='ltr'>ἁγίας</span> <span class='ocrx_word' id='word_1_305' title='bbox 395 2431 706 2500; x_wconf 67' lang='grc' dir='ltr'>ἐκκλησίας.</span> 
     </span>
    </p>
   </div>
   <div class='ocr_carea' id='block_1_44' title="bbox 1932 1803 3573 1888">
    <p class='ocr_par' dir='ltr' id='par_1_44' title="bbox 1932 1803 3573 1888">
     <span class='ocr_line' id='line_1_44' title="bbox 1932 1803 3573 1888; baseline 0.005 -23"><span class='ocrx_word' id='word_1_306' title='bbox 1932 1803 2066 1882; x_wconf 85' lang='lat' dir='ltr'><strong>ejus</strong></span> <span class='ocrx_word' id='word_1_307' title='bbox 2099 1813 2379 1866; x_wconf 84' lang='lat' dir='ltr'><strong>conatum</strong></span> <span class='ocrx_word' id='word_1_308' title='bbox 2414 1825 2428 1865; x_wconf 90' lang='lat'><strong>:</strong></span> <span class='ocrx_word' id='word_1_309' title='bbox 2467 1805 2599 1866; x_wconf 64' lang='lat' dir='ltr'><strong>vita;</strong></span> <span class='ocrx_word' id='word_1_310' title='bbox 2629 1813 2825 1869; x_wconf 87' lang='lat' dir='ltr'><strong>autem</strong></span> <span class='ocrx_word' id='word_1_311' title='bbox 2886 1806 3235 1888; x_wconf 79' lang='lat' dir='ltr'><strong>participem</strong></span> <span class='ocrx_word' id='word_1_312' title='bbox 3285 1810 3377 1873; x_wconf 83' lang='lat' dir='ltr'><strong>fac</strong></span> <span class='ocrx_word' id='word_1_313' title='bbox 3408 1819 3573 1874; x_wconf 90' lang='lat' dir='ltr'><strong>tuum</strong></span> 
     </span>
    </p>
   </div>
   <div class='ocr_carea' id='block_1_45' title="bbox 1931 1892 3576 1978">
    <p class='ocr_par' dir='ltr' id='par_1_45' title="bbox 1931 1892 3576 1978">
     <span class='ocr_line' id='line_1_45' title="bbox 1931 1892 3576 1978; baseline 0.005 -23"><span class='ocrx_word' id='word_1_314' title='bbox 1931 1911 2168 1956; x_wconf 86' lang='lat' dir='ltr'><strong>servum</strong></span> <span class='ocrx_word' id='word_1_315' title='bbox 2192 1892 2992 1975; x_wconf 83' lang='lat' dir='ltr'><strong>Eutychianum,ostendens</strong></span> <span class='ocrx_word' id='word_1_316' title='bbox 3014 1896 3227 1978; x_wconf 88' lang='lat' dir='ltr'><strong>iis,qui</strong></span> <span class='ocrx_word' id='word_1_317' title='bbox 3259 1899 3321 1960; x_wconf 89' lang='lat' dir='ltr'><strong>in</strong></span> <span class='ocrx_word' id='word_1_318' title='bbox 3352 1908 3411 1963; x_wconf 92' lang='lat' dir='ltr'><strong>te</strong></span> <span class='ocrx_word' id='word_1_319' title='bbox 3435 1918 3576 1964; x_wconf 86' lang='lat' dir='ltr'><strong>cre—</strong></span> 
     </span>
    </p>
   </div>
   <div class='ocr_carea' id='block_1_46' title="bbox 1933 1982 3574 2064">
    <p class='ocr_par' dir='ltr' id='par_1_46' title="bbox 1933 1982 3574 2064">
     <span class='ocr_line' id='line_1_46' title="bbox 1933 1982 3574 2064; baseline 0.004 -18"><span class='ocrx_word' id='word_1_320' title='bbox 1933 1984 2100 2057; x_wconf 87' lang='lat' dir='ltr'><strong>dunt,</strong></span> <span class='ocrx_word' id='word_1_321' title='bbox 2133 1982 2412 2045; x_wconf 85' lang='lat' dir='ltr'><strong>invictam</strong></span> <span class='ocrx_word' id='word_1_322' title='bbox 2471 1992 2630 2045; x_wconf 87' lang='lat' dir='ltr'><strong>tuam</strong></span> <span class='ocrx_word' id='word_1_323' title='bbox 2695 1984 3044 2064; x_wconf 86' lang='lat' dir='ltr'><strong>potentiam.</strong></span> <span class='ocrx_word' id='word_1_324' title='bbox 3078 1985 3372 2058; x_wconf 86' lang='lat' dir='ltr'><strong>Quoniam</strong></span> <span class='ocrx_word' id='word_1_325' title='bbox 3409 1997 3470 2052; x_wconf 84' lang='lat' dir='ltr'><strong>tu</strong></span> <span class='ocrx_word' id='word_1_326' title='bbox 3509 2008 3574 2053; x_wconf 89' lang='lat' dir='ltr'><strong>es</strong></span> 
     </span>
    </p>
   </div>
   <div class='ocr_carea' id='block_1_47' title="bbox 1932 2070 3572 2151">
    <p class='ocr_par' dir='ltr' id='par_1_47' title="bbox 1932 2070 3572 2151">
     <span class='ocr_line' id='line_1_47' title="bbox 1932 2070 3572 2151; baseline 0.004 -19"><span class='ocrx_word' id='word_1_327' title='bbox 1932 2070 2096 2134; x_wconf 86' lang='lat' dir='ltr'><strong>solus</strong></span> <span class='ocrx_word' id='word_1_328' title='bbox 2129 2072 2308 2147; x_wconf 87' lang='lat' dir='ltr'><strong>Deus,</strong></span> <span class='ocrx_word' id='word_1_329' title='bbox 2342 2079 2402 2133; x_wconf 91' lang='lat' dir='ltr'><strong>et</strong></span> <span class='ocrx_word' id='word_1_330' title='bbox 2434 2080 2492 2136; x_wconf 88' lang='lat' dir='ltr'><strong>te</strong></span> <span class='ocrx_word' id='word_1_331' title='bbox 2545 2072 2718 2134; x_wconf 86' lang='lat' dir='ltr'><strong>decet</strong></span> <span class='ocrx_word' id='word_1_332' title='bbox 2775 2073 2965 2151; x_wconf 85' lang='lat' dir='ltr'><strong>gloria</strong></span> <span class='ocrx_word' id='word_1_333' title='bbox 2993 2075 3053 2136; x_wconf 92' lang='lat' dir='ltr'><strong>in</strong></span> <span class='ocrx_word' id='word_1_334' title='bbox 3082 2078 3324 2140; x_wconf 71' lang='lat' dir='ltr'><strong>saicula.</strong></span> <span class='ocrx_word' id='word_1_335' title='bbox 3351 2081 3572 2143; x_wconf 89' lang='lat' dir='ltr'><strong>Amen.</strong></span> 
     </span>
    </p>
   </div>
   <div class='ocr_carea' id='block_1_48' title="bbox 1934 2160 3572 2250">
    <p class='ocr_par' dir='ltr' id='par_1_48' title="bbox 1934 2160 3572 2250">
     <span class='ocr_line' id='line_1_48' title="bbox 1934 2160 3572 2250; baseline 0.005 -26"><span class='ocrx_word' id='word_1_336' title='bbox 1934 2160 2076 2224; x_wconf 88' lang='lat' dir='ltr'><strong>Cum</strong></span> <span class='ocrx_word' id='word_1_337' title='bbox 2108 2171 2307 2223; x_wconf 88' lang='lat' dir='ltr'><strong>autem</strong></span> <span class='ocrx_word' id='word_1_338' title='bbox 2355 2162 2443 2224; x_wconf 91' lang='lat' dir='ltr'><strong>vir</strong></span> <span class='ocrx_word' id='word_1_339' title='bbox 2472 2161 2673 2241; x_wconf 87' lang='lat' dir='ltr'><strong>justus</strong></span> <span class='ocrx_word' id='word_1_340' title='bbox 2715 2162 2836 2226; x_wconf 90' lang='lat' dir='ltr'><strong>Deo</strong></span> <span class='ocrx_word' id='word_1_341' title='bbox 2870 2163 3172 2228; x_wconf 86' lang='lat' dir='ltr'><strong>emisisset</strong></span> <span class='ocrx_word' id='word_1_342' title='bbox 3203 2168 3308 2230; x_wconf 88' lang='lat' dir='ltr'><strong>bas</strong></span> <span class='ocrx_word' id='word_1_343' title='bbox 3337 2187 3572 2250; x_wconf 88' lang='lat' dir='ltr'><strong>preces,</strong></span> 
     </span>
    </p>
   </div>
   <div class='ocr_carea' id='block_1_49' title="bbox 1932 2252 3573 2339">
    <p class='ocr_par' dir='ltr' id='par_1_49' title="bbox 1932 2252 3573 2339">
     <span class='ocr_line' id='line_1_49' title="bbox 1932 2252 3573 2339; baseline 0.005 -27"><span class='ocrx_word' id='word_1_344' title='bbox 1932 2268 2211 2315; x_wconf 80' lang='lat' dir='ltr'><strong>reversus</strong></span> <span class='ocrx_word' id='word_1_345' title='bbox 2229 2260 2317 2313; x_wconf 88' lang='lat' dir='ltr'><strong>est</strong></span> <span class='ocrx_word' id='word_1_346' title='bbox 2338 2252 2550 2314; x_wconf 88' lang='lat' dir='ltr'><strong>mortui</strong></span> <span class='ocrx_word' id='word_1_347' title='bbox 2564 2253 2813 2332; x_wconf 83' lang='lat' dir='ltr'><strong>spiritus</strong></span> <span class='ocrx_word' id='word_1_348' title='bbox 2828 2252 2888 2313; x_wconf 91' lang='lat' dir='ltr'><strong>in</strong></span> <span class='ocrx_word' id='word_1_349' title='bbox 2903 2272 3120 2334; x_wconf 85' lang='lat' dir='ltr'><strong>corpus</strong></span> <span class='ocrx_word' id='word_1_350' title='bbox 3132 2256 3188 2334; x_wconf 89' lang='lat' dir='ltr'><strong>ej</strong></span> <span class='ocrx_word' id='word_1_351' title='bbox 3198 2264 3354 2338; x_wconf 85' lang='lat' dir='ltr'><strong>us,et</strong></span> <span class='ocrx_word' id='word_1_352' title='bbox 3370 2259 3573 2339; x_wconf 69' lang='lat' dir='ltr'><strong>cmpit,</strong></span> 
     </span>
    </p>
   </div>
   <div class='ocr_carea' id='block_1_50' title="bbox 1931 2340 3578 2423">
    <p class='ocr_par' dir='ltr' id='par_1_50' title="bbox 1931 2340 3578 2423">
     <span class='ocr_line' id='line_1_50' title="bbox 1931 2340 3578 2423; baseline 0.006 -22"><span class='ocrx_word' id='word_1_353' title='bbox 1931 2341 2034 2422; x_wconf 90' lang='lat' dir='ltr'><strong>qui</strong></span> <span class='ocrx_word' id='word_1_354' title='bbox 2062 2340 2257 2403; x_wconf 82' lang='lat' dir='ltr'><strong>fuerat</strong></span> <span class='ocrx_word' id='word_1_355' title='bbox 2288 2348 2581 2416; x_wconf 89' lang='lat' dir='ltr'><strong>mortuus,</strong></span> <span class='ocrx_word' id='word_1_356' title='bbox 2623 2341 2829 2405; x_wconf 85' lang='lat' dir='ltr'><strong>dicere</strong></span> <span class='ocrx_word' id='word_1_357' title='bbox 2858 2342 2921 2404; x_wconf 91' lang='lat' dir='ltr'><strong>in</strong></span> <span class='ocrx_word' id='word_1_358' title='bbox 2953 2353 3280 2423; x_wconf 87' lang='lat' dir='ltr'><strong>conspectu</strong></span> <span class='ocrx_word' id='word_1_359' title='bbox 3311 2348 3578 2411; x_wconf 77' lang='lat' dir='ltr'><strong>universi</strong></span> 
     </span>
    </p>
   </div>
   <div class='ocr_carea' id='block_1_51' title="bbox 1932 2429 3576 2514">
    <p class='ocr_par' dir='ltr' id='par_1_51' title="bbox 1932 2429 3576 2514">
     <span class='ocr_line' id='line_1_51' title="bbox 1932 2429 3576 2514; baseline 0.005 -22"><span class='ocrx_word' id='word_1_360' title='bbox 1932 2430 2179 2513; x_wconf 58' lang='lat' dir='ltr'><strong>populi;</strong></span> <span class='ocrx_word' id='word_1_361' title='bbox 2203 2429 2410 2492; x_wconf 90' lang='lat' dir='ltr'><strong>Gloria</strong></span> <span class='ocrx_word' id='word_1_362' title='bbox 2437 2429 2571 2505; x_wconf 87' lang='lat' dir='ltr'><strong>tibi,</strong></span> <span class='ocrx_word' id='word_1_363' title='bbox 2605 2430 2841 2495; x_wconf 84' lang='lat' dir='ltr'><strong>Christe</strong></span> <span class='ocrx_word' id='word_1_364' title='bbox 2858 2431 3148 2514; x_wconf 85' lang='lat' dir='ltr'><strong>Deus,qui</strong></span> <span class='ocrx_word' id='word_1_365' title='bbox 3170 2435 3350 2498; x_wconf 89' lang='lat' dir='ltr'><strong>etiam</strong></span> <span class='ocrx_word' id='word_1_366' title='bbox 3376 2439 3576 2501; x_wconf 79' lang='lat' dir='ltr'><strong>susci-</strong></span> 
     </span>
    </p>
   </div>
   <div class='ocr_carea' id='block_1_52' title="bbox 208 2518 3581 2603">
    <p class='ocr_par' dir='ltr' id='par_1_52' title="bbox 208 2518 3581 2603">
     <span class='ocr_line' id='line_1_52' title="bbox 208 2518 3581 2603; baseline 0.004 -23"><span class='ocrx_word' id='word_1_367' title='bbox 208 2527 301 2582; x_wconf 87' lang='lat' dir='ltr'><strong>tas</strong></span> <span class='ocrx_word' id='word_1_368' title='bbox 329 2527 602 2584; x_wconf 88' lang='lat' dir='ltr'><strong>mortuos</strong></span> <span class='ocrx_word' id='word_1_369' title='bbox 633 2528 735 2594; x_wconf 74' lang='lat' dir='ltr'><strong>:et</strong></span> <span class='ocrx_word' id='word_1_370' title='bbox 762 2540 897 2585; x_wconf 89' lang='lat' dir='ltr'><strong>cum</strong></span> <span class='ocrx_word' id='word_1_371' title='bbox 933 2523 1206 2603; x_wconf 88' lang='lat' dir='ltr'><strong>protinus</strong></span> <span class='ocrx_word' id='word_1_372' title='bbox 1237 2523 1623 2601; x_wconf 81' lang='lat' dir='ltr'><strong>surrexisset,</strong></span> <span class='ocrx_word' id='word_1_373' title='bbox 1656 2530 1718 2585; x_wconf 94' lang='lat' dir='ltr'><strong>et</strong></span> <span class='ocrx_word' id='word_1_374' title='bbox 1741 2523 1931 2586; x_wconf 86' lang='lat' dir='ltr'><strong>factus</strong></span> <span class='ocrx_word' id='word_1_375' title='bbox 1965 2530 2122 2583; x_wconf 89' lang='lat' dir='ltr'><strong>esset</strong></span> <span class='ocrx_word' id='word_1_376' title='bbox 2150 2537 2334 2583; x_wconf 91' lang='lat' dir='ltr'><strong>sanus</strong></span> <span class='ocrx_word' id='word_1_377' title='bbox 2359 2518 2512 2582; x_wconf 88' lang='lat' dir='ltr'><strong>sicut</strong></span> <span class='ocrx_word' id='word_1_378' title='bbox 2541 2520 2728 2601; x_wconf 77' lang='lat' dir='ltr'><strong>prius,</strong></span> <span class='ocrx_word' id='word_1_379' title='bbox 2755 2528 2815 2584; x_wconf 89' lang='lat' dir='ltr'><strong>et</strong></span> <span class='ocrx_word' id='word_1_380' title='bbox 2839 2523 3174 2603; x_wconf 82' lang='lat' dir='ltr'><strong>accepisset</strong></span> <span class='ocrx_word' id='word_1_381' title='bbox 3200 2523 3383 2589; x_wconf 88' lang='lat' dir='ltr'><strong>boves</strong></span> <span class='ocrx_word' id='word_1_382' title='bbox 3404 2531 3581 2592; x_wconf 90' lang='lat' dir='ltr'><strong>traxit</strong></span> 
     </span>
    </p>
   </div>
   <div class='ocr_carea' id='block_1_53' title="bbox 211 2610 1344 2692">
    <p class='ocr_par' dir='ltr' id='par_1_53' title="bbox 211 2610 1344 2692">
     <span class='ocr_line' id='line_1_53' title="bbox 211 2610 1344 2692; baseline 0.004 -21"><span class='ocrx_word' id='word_1_383' title='bbox 211 2627 457 2692; x_wconf 85' lang='lat' dir='ltr'><strong>currum</strong></span> <span class='ocrx_word' id='word_1_384' title='bbox 488 2629 680 2692; x_wconf 88' lang='lat' dir='ltr'><strong>usque</strong></span> <span class='ocrx_word' id='word_1_385' title='bbox 708 2612 778 2674; x_wconf 88' lang='lat' dir='ltr'><strong>ad</strong></span> <span class='ocrx_word' id='word_1_386' title='bbox 827 2610 1017 2674; x_wconf 73' lang='lat' dir='ltr'><strong>sedem</strong></span> <span class='ocrx_word' id='word_1_387' title='bbox 1049 2612 1344 2676; x_wconf 67' lang='lat' dir='ltr'><strong>ecclesiae.</strong></span> 
     </span>
    </p>
   </div>
   <div class='ocr_carea' id='block_1_54' title="bbox 293 2689 1856 2780">
    <p class='ocr_par' dir='ltr' id='par_1_54' title="bbox 293 2689 1856 2780">
     <span class='ocr_line' id='line_1_54' title="bbox 293 2689 1856 2780; baseline 0.002 -23"><span class='ocrx_word' id='word_1_388' title='bbox 293 2689 399 2773; x_wconf 76' lang='grc' dir='ltr'><strong>ς’.</strong></span> <span class='ocrx_word' id='word_1_389' title='bbox 438 2689 636 2764; x_wconf 51' lang='lat' dir='ltr'><strong>[Idan—ec</strong></span> <span class='ocrx_word' id='word_1_390' title='bbox 681 2702 770 2761; x_wconf 84' lang='grc' dir='ltr'><strong>οὖν</strong></span> <span class='ocrx_word' id='word_1_391' title='bbox 799 2700 998 2763; x_wconf 79' lang='grc' dir='ltr'>ἰδόντες</span> <span class='ocrx_word' id='word_1_392' title='bbox 1028 2704 1090 2758; x_wconf 84' lang='grc' dir='ltr'>τὸ</span> <span class='ocrx_word' id='word_1_393' title='bbox 1122 2701 1431 2780; x_wconf 61' lang='grc' dir='ltr'>ξπαρσίδοξον</span> <span class='ocrx_word' id='word_1_394' title='bbox 1474 2715 1706 2779; x_wconf 79' lang='grc' dir='ltr'>σημεῖον</span> <span class='ocrx_word' id='word_1_395' title='bbox 1730 2708 1856 2760; x_wconf 85' lang='grc' dir='ltr'>τοῦ·</span> 
     </span>
    </p>
   </div>
   <div class='ocr_carea' id='block_1_55' title="bbox 208 2790 1854 2872">
    <p class='ocr_par' dir='ltr' id='par_1_55' title="bbox 208 2790 1854 2872">
     <span class='ocr_line' id='line_1_55' title="bbox 208 2790 1854 2872; baseline 0 -25"><span class='ocrx_word' id='word_1_396' title='bbox 208 2811 297 2865; x_wconf 87' lang='grc' dir='ltr'><strong>το,</strong></span> <span class='ocrx_word' id='word_1_397' title='bbox 355 2792 696 2870; x_wconf 78' lang='grc' dir='ltr'>πανταχόθεν</span> <span class='ocrx_word' id='word_1_398' title='bbox 755 2790 943 2872; x_wconf 77' lang='grc' dir='ltr'>ἔφερον</span> <span class='ocrx_word' id='word_1_399' title='bbox 1003 2793 1123 2856; x_wconf 82' lang='grc' dir='ltr'>τοὺς</span> <span class='ocrx_word' id='word_1_400' title='bbox 1184 2791 1530 2856; x_wconf 78' lang='grc' dir='ltr'>ἀσθενοῦντας</span> <span class='ocrx_word' id='word_1_401' title='bbox 1591 2794 1677 2850; x_wconf 76' lang='grc' dir='ltr'><strong>καὶ</strong></span> <span class='ocrx_word' id='word_1_402' title='bbox 1733 2792 1854 2855; x_wconf 83' lang='grc' dir='ltr'>τοὺς</span> 
     </span>
    </p>
   </div>
   <div class='ocr_carea' id='block_1_56' title="bbox 210 2877 1854 2960">
    <p class='ocr_par' dir='ltr' id='par_1_56' title="bbox 210 2877 1854 2960">
     <span class='ocr_line' id='line_1_56' title="bbox 210 2877 1854 2960; baseline 0.002 -25"><span class='ocrx_word' id='word_1_403' title='bbox 210 2877 579 2958; x_wconf 74' lang='grc' dir='ltr'>ὀχλουμένους</span> <span class='ocrx_word' id='word_1_404' title='bbox 662 2882 764 2937; x_wconf 79' lang='grc' dir='ltr'><strong>ὑπὸ</strong></span> <span class='ocrx_word' id='word_1_405' title='bbox 853 2882 1168 2955; x_wconf 70' lang='grc' dir='ltr'>πνευμάτων</span> <span class='ocrx_word' id='word_1_406' title='bbox 1242 2886 1489 2960; x_wconf 81' lang='grc' dir='ltr'>πονηρῶν</span> <span class='ocrx_word' id='word_1_407' title='bbox 1526 2898 1540 2913; x_wconf 89' lang='grc'>⁶</span> <span class='ocrx_word' id='word_1_408' title='bbox 1622 2882 1710 2938; x_wconf 80' lang='grc' dir='ltr'><strong>καὶ</strong></span> <span class='ocrx_word' id='word_1_409' title='bbox 1784 2886 1854 2957; x_wconf 80' lang='grc' dir='ltr'><strong>τῇ</strong></span> 
     </span>
    </p>
   </div>
   <div class='ocr_carea' id='block_1_57' title="bbox 207 2966 1855 3048">
    <p class='ocr_par' dir='ltr' id='par_1_57' title="bbox 207 2966 1855 3048">
     <span class='ocr_line' id='line_1_57' title="bbox 207 2966 1855 3048; baseline 0.001 -24"><span class='ocrx_word' id='word_1_410' title='bbox 207 2966 429 3044; x_wconf 80' lang='grc' dir='ltr'>δυνάμει</span> <span class='ocrx_word' id='word_1_411' title='bbox 481 2972 577 3028; x_wconf 85' lang='grc' dir='ltr'><strong>τοῦ</strong></span> <span class='ocrx_word' id='word_1_412' title='bbox 635 2971 821 3048; x_wconf 84' lang='grc' dir='ltr'>Κυρίου</span> <span class='ocrx_word' id='word_1_413' title='bbox 865 2969 1247 3048; x_wconf 77' lang='grc' dir='ltr'>ἐθεραπεύοντο</span> <span class='ocrx_word' id='word_1_414' title='bbox 1290 2970 1544 3035; x_wconf 78' lang='grc' dir='ltr'>ἅπαντες.</span> <span class='ocrx_word' id='word_1_415' title='bbox 1607 2977 1759 3028; x_wconf 83' lang='grc' dir='ltr'>Πᾶσα</span> <span class='ocrx_word' id='word_1_416' title='bbox 1799 2967 1855 3025; x_wconf 74' lang='grc' dir='ltr'>δὲ</span> 
     </span>
    </p>
   </div>
   <div class='ocr_carea' id='block_1_58' title="bbox 206 3056 1858 3139">
    <p class='ocr_par' dir='ltr' id='par_1_58' title="bbox 206 3056 1858 3139">
     <span class='ocr_line' id='line_1_58' title="bbox 206 3056 1858 3139; baseline 0.001 -26"><span class='ocrx_word' id='word_1_417' title='bbox 206 3056 425 3135; x_wconf 80' lang='grc' dir='ltr'>ἰατρικῆ</span> <span class='ocrx_word' id='word_1_418' title='bbox 481 3058 657 3137; x_wconf 82' lang='grc' dir='ltr'>τέχνη</span> <span class='ocrx_word' id='word_1_419' title='bbox 716 3061 773 3115; x_wconf 68' lang='grc' dir='ltr'>ἒν</span> <span class='ocrx_word' id='word_1_420' title='bbox 845 3073 968 3121; x_wconf 76' lang='grc' dir='ltr'>ταῖς</span> <span class='ocrx_word' id='word_1_421' title='bbox 1043 3059 1269 3139; x_wconf 79' lang='grc' dir='ltr'>ἡμέραις</span> <span class='ocrx_word' id='word_1_422' title='bbox 1326 3060 1419 3118; x_wconf 80' lang='grc' dir='ltr'><strong>τοῦ</strong></span> <span class='ocrx_word' id='word_1_423' title='bbox 1461 3062 1612 3139; x_wconf 80' lang='grc' dir='ltr'>ἀγίου</span> <span class='ocrx_word' id='word_1_424' title='bbox 1672 3062 1858 3117; x_wconf 82' lang='grc' dir='ltr'>τούτου</span> 
     </span>
    </p>
   </div>
   <div class='ocr_carea' id='block_1_59' title="bbox 212 3143 1859 3224">
    <p class='ocr_par' dir='ltr' id='par_1_59' title="bbox 212 3143 1859 3224">
     <span class='ocr_line' id='line_1_59' title="bbox 212 3143 1859 3224; baseline 0.001 -22"><span class='ocrx_word' id='word_1_425' title='bbox 212 3143 400 3224; x_wconf 81' lang='grc' dir='ltr'>ἀνδρὸς</span> <span class='ocrx_word' id='word_1_426' title='bbox 432 3145 667 3222; x_wconf 82' lang='grc' dir='ltr'>ἠσθένει,</span> <span class='ocrx_word' id='word_1_427' title='bbox 707 3147 792 3206; x_wconf 78' lang='grc' dir='ltr'><strong>διὰ</strong></span> <span class='ocrx_word' id='word_1_428' title='bbox 822 3149 884 3204; x_wconf 85' lang='grc' dir='ltr'>τὸ</span> <span class='ocrx_word' id='word_1_429' title='bbox 914 3160 1149 3206; x_wconf 84' lang='grc' dir='ltr'>παντοῖα</span> <span class='ocrx_word' id='word_1_430' title='bbox 1180 3150 1324 3217; x_wconf 84' lang='grc' dir='ltr'>πάθη</span> <span class='ocrx_word' id='word_1_431' title='bbox 1355 3151 1442 3206; x_wconf 79' lang='grc' dir='ltr'>ἐπὶ</span> <span class='ocrx_word' id='word_1_432' title='bbox 1500 3150 1576 3224; x_wconf 84' lang='grc' dir='ltr'>τῷ</span> <span class='ocrx_word' id='word_1_433' title='bbox 1635 3150 1859 3224; x_wconf 82' lang='grc' dir='ltr'>ὀνόματι</span> 
     </span>
    </p>
   </div>
   <div class='ocr_carea' id='block_1_60' title="bbox 210 3236 1853 3316">
    <p class='ocr_par' dir='ltr' id='par_1_60' title="bbox 210 3236 1853 3316">
     <span class='ocr_line' id='line_1_60' title="bbox 210 3236 1853 3316; baseline 0.002 -25"><span class='ocrx_word' id='word_1_434' title='bbox 210 3241 307 3292; x_wconf 86' lang='grc' dir='ltr'><strong>τοῦ</strong></span> <span class='ocrx_word' id='word_1_435' title='bbox 340 3239 526 3314; x_wconf 79' lang='grc' dir='ltr'>Κυρίου</span> <span class='ocrx_word' id='word_1_436' title='bbox 557 3239 713 3313; x_wconf 69' lang='grc' dir='ltr'>ἡμῶν</span> <span class='ocrx_word' id='word_1_437' title='bbox 746 3236 934 3305; x_wconf 78' lang='grc' dir='ltr'>’ἰησοῦ</span> <span class='ocrx_word' id='word_1_438' title='bbox 992 3242 1219 3315; x_wconf 80' lang='grc' dir='ltr'>Χριστοῦ</span> <span class='ocrx_word' id='word_1_439' title='bbox 1274 3238 1582 3316; x_wconf 80' lang='grc' dir='ltr'>ἂναργύρως</span> <span class='ocrx_word' id='word_1_440' title='bbox 1637 3240 1810 3296; x_wconf 82' lang='grc' dir='ltr'>ἰᾶσθαι</span> <span class='ocrx_word' id='word_1_441' title='bbox 1838 3252 1853 3267; x_wconf 85' lang='grc'>⁶</span> 
     </span>
    </p>
   </div>
   <div class='ocr_carea' id='block_1_61' title="bbox 209 3323 1859 3404">
    <p class='ocr_par' dir='ltr' id='par_1_61' title="bbox 209 3323 1859 3404">
     <span class='ocr_line' id='line_1_61' title="bbox 209 3323 1859 3404; baseline 0.001 -24"><span class='ocrx_word' id='word_1_442' title='bbox 209 3323 270 3381; x_wconf 76' lang='grc' dir='ltr'>ἐν</span> <span class='ocrx_word' id='word_1_443' title='bbox 324 3324 413 3390; x_wconf 81' lang='grc' dir='ltr'>οἷς</span> <span class='ocrx_word' id='word_1_444' title='bbox 479 3327 752 3391; x_wconf 68' lang='grc' dir='ltr'>Διονύσιος</span> <span class='ocrx_word' id='word_1_445' title='bbox 796 3335 893 3386; x_wconf 79' lang='grc' dir='ltr'><strong>τοῦ</strong></span> <span class='ocrx_word' id='word_1_446' title='bbox 932 3331 1283 3404; x_wconf 83' lang='grc' dir='ltr'>πραιποσίτου</span> <span class='ocrx_word' id='word_1_447' title='bbox 1334 3327 1619 3404; x_wconf 78' lang='grc' dir='ltr'>βασιλικῆς</span> <span class='ocrx_word' id='word_1_448' title='bbox 1651 3328 1859 3404; x_wconf 85' lang='grc' dir='ltr'>βαστα-</span> 
     </span>
    </p>
   </div>
   <div class='ocr_carea' id='block_1_62' title="bbox 212 3414 1858 3496">
    <p class='ocr_par' dir='ltr' id='par_1_62' title="bbox 212 3414 1858 3496">
     <span class='ocr_line' id='line_1_62' title="bbox 212 3414 1858 3496; baseline 0.012 -32"><span class='ocrx_word' id='word_1_449' title='bbox 212 3414 342 3493; x_wconf 80' lang='grc' dir='ltr'><strong>γῆς,</strong></span> <span class='ocrx_word' id='word_1_450' title='bbox 417 3414 677 3494; x_wconf 79' lang='grc' dir='ltr'>θυγατέρα</span> <span class='ocrx_word' id='word_1_451' title='bbox 736 3416 1018 3495; x_wconf 82' lang='grc' dir='ltr'>παρθένον,</span> <span class='ocrx_word' id='word_1_452' title='bbox 1076 3416 1299 3489; x_wconf 79' lang='grc' dir='ltr'>ὀνόματι</span> <span class='ocrx_word' id='word_1_453' title='bbox 1362 3417 1600 3496; x_wconf 83' lang='grc' dir='ltr'>Δάφνην,</span> <span class='ocrx_word' id='word_1_454' title='bbox 1672 3417 1858 3485; x_wconf 78' lang='grc' dir='ltr'>δεινῶς</span> 
     </span>
    </p>
   </div>
   <div class='ocr_carea' id='block_1_63' title="bbox 208 3501 1857 3587">
    <p class='ocr_par' dir='ltr' id='par_1_63' title="bbox 208 3501 1857 3587">
     <span class='ocr_line' id='line_1_63' title="bbox 208 3501 1857 3587; baseline 0.003 -28"><span class='ocrx_word' id='word_1_455' title='bbox 208 3503 313 3561; x_wconf 78' lang='grc' dir='ltr'><strong>ὑπὸ</strong></span> <span class='ocrx_word' id='word_1_456' title='bbox 366 3501 613 3580; x_wconf 87' lang='grc' dir='ltr'>δαίμονος</span> <span class='ocrx_word' id='word_1_457' title='bbox 644 3502 1069 3580; x_wconf 86' lang='grc' dir='ltr'>παιδευομένην,</span> <span class='ocrx_word' id='word_1_458' title='bbox 1103 3504 1158 3560; x_wconf 81' lang='grc' dir='ltr'>ἐν</span> <span class='ocrx_word' id='word_1_459' title='bbox 1203 3504 1352 3571; x_wconf 85' lang='grc' dir='ltr'>ὅλαις</span> <span class='ocrx_word' id='word_1_460' title='bbox 1409 3508 1575 3585; x_wconf 85' lang='grc' dir='ltr'>τρισὶν</span> <span class='ocrx_word' id='word_1_461' title='bbox 1620 3507 1857 3587; x_wconf 77' lang='grc' dir='ltr'>ἡμέραις</span> 
     </span>
    </p>
   </div>
   <div class='ocr_carea' id='block_1_64' title="bbox 208 3592 1857 3675">
    <p class='ocr_par' dir='ltr' id='par_1_64' title="bbox 208 3592 1857 3675">
     <span class='ocr_line' id='line_1_64' title="bbox 208 3592 1857 3675; baseline 0.002 -24"><span class='ocrx_word' id='word_1_462' title='bbox 208 3592 581 3671; x_wconf 67' lang='grc' dir='ltr'>ἐθεράπευσεν,</span> <span class='ocrx_word' id='word_1_463' title='bbox 669 3594 886 3675; x_wconf 82' lang='grc' dir='ltr'>Ἐτέραν</span> <span class='ocrx_word' id='word_1_464' title='bbox 987 3593 1042 3650; x_wconf 75' lang='grc' dir='ltr'>δὲ</span> <span class='ocrx_word' id='word_1_465' title='bbox 1127 3596 1412 3672; x_wconf 77' lang='grc' dir='ltr'>Μαμᾶλίου</span> <span class='ocrx_word' id='word_1_466' title='bbox 1496 3597 1857 3672; x_wconf 84' lang='grc' dir='ltr'>πρωτεύοντός</span> 
     </span>
    </p>
   </div>
   <div class='ocr_carea' id='block_1_65' title="bbox 212 3683 1860 3764">
    <p class='ocr_par' dir='ltr' id='par_1_65' title="bbox 212 3683 1860 3764">
     <span class='ocr_line' id='line_1_65' title="bbox 212 3683 1860 3764; baseline 0.003 -24"><span class='ocrx_word' id='word_1_467' title='bbox 212 3703 361 3746; x_wconf 90' lang='grc' dir='ltr'>τινος</span> <span class='ocrx_word' id='word_1_468' title='bbox 426 3685 526 3751; x_wconf 72' lang='grc' dir='ltr'><strong>τῆς</strong></span> <span class='ocrx_word' id='word_1_469' title='bbox 603 3686 887 3764; x_wconf 81' lang='grc' dir='ltr'>Σμυρνέων</span> <span class='ocrx_word' id='word_1_470' title='bbox 960 3683 1170 3750; x_wconf 84' lang='grc' dir='ltr'>πόλεως</span> <span class='ocrx_word' id='word_1_471' title='bbox 1267 3685 1552 3762; x_wconf 82' lang='grc' dir='ltr'>θυγατέρα,</span> <span class='ocrx_word' id='word_1_472' title='bbox 1623 3687 1860 3762; x_wconf 84' lang='grc' dir='ltr'>’ὀνόματι</span> 
     </span>
    </p>
   </div>
   <div class='ocr_carea' id='block_1_66' title="bbox 214 3769 1861 3854">
    <p class='ocr_par' dir='ltr' id='par_1_66' title="bbox 214 3769 1861 3854">
     <span class='ocr_line' id='line_1_66' title="bbox 214 3769 1861 3854; baseline 0.001 -23"><span class='ocrx_word' id='word_1_473' title='bbox 214 3769 583 3849; x_wconf 81' lang='grc' dir='ltr'>Ἀγαλματίαν</span> <span class='ocrx_word' id='word_1_474' title='bbox 636 3774 736 3830; x_wconf 76' lang='grc' dir='ltr'><strong>ὑπὸ</strong></span> <span class='ocrx_word' id='word_1_475' title='bbox 822 3773 1123 3849; x_wconf 67' lang='grc' dir='ltr'>πνεύματος</span> <span class='ocrx_word' id='word_1_476' title='bbox 1197 3772 1496 3851; x_wconf 71' lang='grc' dir='ltr'>ἀκαθάρτου</span> <span class='ocrx_word' id='word_1_477' title='bbox 1553 3774 1861 3854; x_wconf 79' lang='grc' dir='ltr'>καταῤῥησ-</span> 
     </span>
    </p>
   </div>
   <div class='ocr_carea' id='block_1_67' title="bbox 212 3859 1861 3943">
    <p class='ocr_par' dir='ltr' id='par_1_67' title="bbox 212 3859 1861 3943">
     <span class='ocr_line' id='line_1_67' title="bbox 212 3859 1861 3943; baseline 0.002 -24"><span class='ocrx_word' id='word_1_478' title='bbox 212 3859 451 3937; x_wconf 79' lang='grc' dir='ltr'>σομένην</span> <span class='ocrx_word' id='word_1_479' title='bbox 511 3864 601 3920; x_wconf 84' lang='grc' dir='ltr'><strong>καὶ</strong></span> <span class='ocrx_word' id='word_1_480' title='bbox 650 3862 970 3941; x_wconf 72' lang='grc' dir='ltr'>ἀφρίζουσαν</span> <span class='ocrx_word' id='word_1_481' title='bbox 1024 3865 1112 3919; x_wconf 84' lang='grc' dir='ltr'>καὶ</span> <span class='ocrx_word' id='word_1_482' title='bbox 1157 3862 1545 3940; x_wconf 81' lang='grc' dir='ltr'>ξηραινομένην</span> <span class='ocrx_word' id='word_1_483' title='bbox 1577 3863 1861 3943; x_wconf 72' lang='grc' dir='ltr'><strong>ἔεθεροὶπευ⁸</strong></span> 
     </span>
    </p>
   </div>
   <div class='ocr_carea' id='block_1_68' title="bbox 214 3950 1862 4033">
    <p class='ocr_par' dir='ltr' id='par_1_68' title="bbox 214 3950 1862 4033">
     <span class='ocr_line' id='line_1_68' title="bbox 214 3950 1862 4033; baseline 0.002 -25"><span class='ocrx_word' id='word_1_484' title='bbox 214 3972 310 4008; x_wconf 84' lang='grc' dir='ltr'><strong>σεν</strong></span> <span class='ocrx_word' id='word_1_485' title='bbox 342 3969 361 3989; x_wconf 78' lang='grc' dir='ltr'><strong><em>ο</em></strong></span> <span class='ocrx_word' id='word_1_486' title='bbox 398 3951 611 4009; x_wconf 69' lang='grc' dir='ltr'>Ζωΐλαν</span> <span class='ocrx_word' id='word_1_487' title='bbox 655 3950 709 4008; x_wconf 75' lang='grc' dir='ltr'>δὲ</span> <span class='ocrx_word' id='word_1_488' title='bbox 740 3953 963 4027; x_wconf 84' lang='grc' dir='ltr'>ὀνόματι</span> <span class='ocrx_word' id='word_1_489' title='bbox 1024 3953 1132 4009; x_wconf 81' lang='grc' dir='ltr'>ἀπὸ</span> <span class='ocrx_word' id='word_1_490' title='bbox 1189 3953 1310 4016; x_wconf 78' lang='grc' dir='ltr'>τοὺς</span> <span class='ocrx_word' id='word_1_491' title='bbox 1362 3952 1564 4033; x_wconf 82' lang='grc' dir='ltr'>Πέτρας</span> <span class='ocrx_word' id='word_1_492' title='bbox 1611 3952 1862 4012; x_wconf 74' lang='grc' dir='ltr'>ἐλθοῦσαν</span> 
     </span>
    </p>
   </div>
   <div class='ocr_carea' id='block_1_69' title="bbox 217 4040 1864 4123">
    <p class='ocr_par' dir='ltr' id='par_1_69' title="bbox 217 4040 1864 4123">
     <span class='ocr_line' id='line_1_69' title="bbox 217 4040 1864 4123; baseline 0.002 -23"><span class='ocrx_word' id='word_1_493' title='bbox 217 4043 310 4100; x_wconf 81' lang='grc' dir='ltr'>καὶ</span> <span class='ocrx_word' id='word_1_494' title='bbox 369 4043 471 4099; x_wconf 74' lang='grc' dir='ltr'><strong>δπὸ</strong></span> <span class='ocrx_word' id='word_1_495' title='bbox 530 4040 780 4120; x_wconf 53' lang='grc' dir='ltr'>δαίμονος</span> <span class='ocrx_word' id='word_1_496' title='bbox 842 4043 1101 4119; x_wconf 78' lang='grc' dir='ltr'>μαντικοῦ</span> <span class='ocrx_word' id='word_1_497' title='bbox 1147 4042 1392 4108; x_wconf 76' lang='grc' dir='ltr'>ἰλεεινῶς</span> <span class='ocrx_word' id='word_1_498' title='bbox 1449 4043 1864 4123; x_wconf 68' lang='grc' dir='ltr'>συντριϐομένην</span> 
     </span>
    </p>
   </div>
   <div class='ocr_carea' id='block_1_70' title="bbox 217 4131 1869 4214">
    <p class='ocr_par' dir='ltr' id='par_1_70' title="bbox 217 4131 1869 4214">
     <span class='ocr_line' id='line_1_70' title="bbox 217 4131 1869 4214; baseline 0.002 -23"><span class='ocrx_word' id='word_1_499' title='bbox 217 4134 317 4191; x_wconf 75' lang='grc' dir='ltr'><strong>οῦκ</strong></span> <span class='ocrx_word' id='word_1_500' title='bbox 354 4133 425 4199; x_wconf 76' lang='grc' dir='ltr'><strong>εἷς</strong></span> <span class='ocrx_word' id='word_1_501' title='bbox 471 4134 678 4210; x_wconf 84' lang='grc' dir='ltr'>μακρὸν</span> <span class='ocrx_word' id='word_1_502' title='bbox 736 4134 935 4213; x_wconf 69' lang='grc' dir='ltr'>χρόνον</span> <span class='ocrx_word' id='word_1_503' title='bbox 980 4131 1340 4208; x_wconf 70' lang='grc' dir='ltr'>ἠλευθέρωσεν</span> <span class='ocrx_word' id='word_1_504' title='bbox 1403 4140 1472 4211; x_wconf 77' lang='grc' dir='ltr'><strong>τῇ</strong></span> <span class='ocrx_word' id='word_1_505' title='bbox 1525 4141 1621 4192; x_wconf 87' lang='grc' dir='ltr'><strong>τοῦ</strong></span> <span class='ocrx_word' id='word_1_506' title='bbox 1680 4136 1869 4214; x_wconf 83' lang='grc' dir='ltr'>Κυρίου</span> 
     </span>
    </p>
   </div>
   <div class='ocr_carea' id='block_1_71' title="bbox 223 4221 1873 4304">
    <p class='ocr_par' dir='ltr' id='par_1_71' title="bbox 223 4221 1873 4304">
     <span class='ocr_line' id='line_1_71' title="bbox 223 4221 1873 4304; baseline 0.002 -26"><span class='ocrx_word' id='word_1_507' title='bbox 223 4221 414 4303; x_wconf 81' lang='grc' dir='ltr'>χάριτι</span> <span class='ocrx_word' id='word_1_508' title='bbox 452 4238 467 4255; x_wconf 86' lang='grc'><strong><em>⁸</em></strong></span> <span class='ocrx_word' id='word_1_509' title='bbox 504 4221 670 4280; x_wconf 78' lang='grc' dir='ltr'>ἄλλον</span> <span class='ocrx_word' id='word_1_510' title='bbox 700 4221 754 4281; x_wconf 71' lang='grc' dir='ltr'>δὲ</span> <span class='ocrx_word' id='word_1_511' title='bbox 810 4222 973 4281; x_wconf 84' lang='grc' dir='ltr'>πάλιν</span> <span class='ocrx_word' id='word_1_512' title='bbox 1027 4224 1282 4303; x_wconf 87' lang='grc' dir='ltr'>νεώτερον</span> <span class='ocrx_word' id='word_1_513' title='bbox 1326 4222 1433 4281; x_wconf 76' lang='grc' dir='ltr'>ἀπὸ</span> <span class='ocrx_word' id='word_1_514' title='bbox 1466 4223 1663 4303; x_wconf 83' lang='grc' dir='ltr'>Ὀρνῶν</span> <span class='ocrx_word' id='word_1_515' title='bbox 1694 4225 1873 4304; x_wconf 76' lang='grc' dir='ltr'>ὁρμώσ-</span> 
     </span>
    </p>
   </div>
   <div class='ocr_carea' id='block_1_72' title="bbox 1979 2698 3575 2779">
    <p class='ocr_par' dir='ltr' id='par_1_72' title="bbox 1979 2698 3575 2779">
     <span class='ocr_line' id='line_1_72' title="bbox 1979 2698 3575 2779; baseline 0.004 -15"><span class='ocrx_word' id='word_1_516' title='bbox 1979 2699 2253 2765; x_wconf 80' lang='lat' dir='ltr'><strong>VLTunc</strong></span> <span class='ocrx_word' id='word_1_517' title='bbox 2273 2698 3028 2779; x_wconf 87' lang='lat' dir='ltr'><strong>omnes,quivideranthoc</strong></span> <span class='ocrx_word' id='word_1_518' title='bbox 3045 2701 3399 2769; x_wconf 88' lang='lat' dir='ltr'><strong>miraculum</strong></span> <span class='ocrx_word' id='word_1_519' title='bbox 3423 2707 3575 2771; x_wconf 86' lang='lat' dir='ltr'><strong>adeo</strong></span> 
     </span>
    </p>
   </div>
   <div class='ocr_carea' id='block_1_73' title="bbox 1939 2787 3573 2874">
    <p class='ocr_par' dir='ltr' id='par_1_73' title="bbox 1939 2787 3573 2874">
     <span class='ocr_line' id='line_1_73' title="bbox 1939 2787 3573 2874; baseline 0.004 -21"><span class='ocrx_word' id='word_1_520' title='bbox 1939 2787 2890 2872; x_wconf 67' lang='lat' dir='ltr'><strong>praeteropinionem,aﬂ‘erebant</strong></span> <span class='ocrx_word' id='word_1_521' title='bbox 2911 2789 3176 2872; x_wconf 86' lang='lat' dir='ltr'><strong>undique</strong></span> <span class='ocrx_word' id='word_1_522' title='bbox 3196 2804 3573 2874; x_wconf 65' lang='lat' dir='ltr'><strong>aegrotantes,</strong></span> 
     </span>
    </p>
   </div>
   <div class='ocr_carea' id='block_1_74' title="bbox 1938 2878 3578 2957">
    <p class='ocr_par' dir='ltr' id='par_1_74' title="bbox 1938 2878 3578 2957">
     <span class='ocr_line' id='line_1_74' title="bbox 1938 2878 3578 2957; baseline 0.005 -20"><span class='ocrx_word' id='word_1_523' title='bbox 1938 2890 1991 2937; x_wconf 84' lang='lat' dir='ltr'><strong>et</strong></span> <span class='ocrx_word' id='word_1_524' title='bbox 2011 2881 2109 2952; x_wconf 88' lang='lat' dir='ltr'><strong>qui</strong></span> <span class='ocrx_word' id='word_1_525' title='bbox 2133 2878 2492 2936; x_wconf 79' lang='lat' dir='ltr'><strong>vexabantur</strong></span> <span class='ocrx_word' id='word_1_526' title='bbox 2513 2878 2585 2935; x_wconf 85' lang='lat' dir='ltr'><strong>ab</strong></span> <span class='ocrx_word' id='word_1_527' title='bbox 2608 2878 2930 2937; x_wconf 87' lang='lat' dir='ltr'><strong>immundis</strong></span> <span class='ocrx_word' id='word_1_528' title='bbox 2954 2882 3256 2950; x_wconf 83' lang='lat' dir='ltr'><strong>spiritibus</strong></span> <span class='ocrx_word' id='word_1_529' title='bbox 3278 2898 3294 2939; x_wconf 90' lang='lat'><strong>:</strong></span> <span class='ocrx_word' id='word_1_530' title='bbox 3324 2890 3384 2943; x_wconf 87' lang='lat' dir='ltr'><strong>et</strong></span> <span class='ocrx_word' id='word_1_531' title='bbox 3400 2889 3578 2957; x_wconf 84' lang='lat' dir='ltr'><strong>gratia</strong></span> 
     </span>
    </p>
   </div>
   <div class='ocr_carea' id='block_1_75' title="bbox 1941 2958 3584 3031">
    <p class='ocr_par' dir='ltr' id='par_1_75' title="bbox 1941 2958 3584 3031">
     <span class='ocr_line' id='line_1_75' title="bbox 1941 2958 3584 3031; baseline 0.004 -7"><span class='ocrx_word' id='word_1_532' title='bbox 1941 2969 2002 3024; x_wconf 89' lang='lat' dir='ltr'><strong>et</strong></span> <span class='ocrx_word' id='word_1_533' title='bbox 2030 2961 2245 3023; x_wconf 87' lang='lat' dir='ltr'><strong>virtule</strong></span> <span class='ocrx_word' id='word_1_534' title='bbox 2274 2958 2514 3021; x_wconf 87' lang='lat' dir='ltr'><strong>Domini</strong></span> <span class='ocrx_word' id='word_1_535' title='bbox 2543 2960 2682 3023; x_wconf 80' lang='lat' dir='ltr'><strong>Jesu</strong></span> <span class='ocrx_word' id='word_1_536' title='bbox 2712 2961 3078 3024; x_wconf 85' lang='lat' dir='ltr'><strong>curabantur</strong></span> <span class='ocrx_word' id='word_1_537' title='bbox 3107 2981 3345 3029; x_wconf 86' lang='lat' dir='ltr'><strong>omnes.</strong></span> <span class='ocrx_word' id='word_1_538' title='bbox 3374 2963 3584 3031; x_wconf 89' lang='lat' dir='ltr'><strong>Omnis</strong></span> 
     </span>
    </p>
   </div>
   <div class='ocr_carea' id='block_1_76' title="bbox 1875 3027 3583 3131">
    <p class='ocr_par' dir='ltr' id='par_1_76' title="bbox 1875 3027 3583 3131">
     <span class='ocr_line' id='line_1_76' title="bbox 1875 3027 3583 3131; baseline 0.004 -17"><span class='ocrx_word' id='word_1_539' title='bbox 1875 3027 1917 3078; x_wconf 67' lang='grc' dir='ltr'><strong>θ</strong></span> <span class='ocrx_word' id='word_1_540' title='bbox 1940 3060 2138 3116; x_wconf 87' lang='lat' dir='ltr'><strong>autem</strong></span> <span class='ocrx_word' id='word_1_541' title='bbox 2172 3068 2270 3112; x_wconf 86' lang='lat' dir='ltr'><strong>ars</strong></span> <span class='ocrx_word' id='word_1_542' title='bbox 2302 3048 2622 3112; x_wconf 74' lang='lat' dir='ltr'><strong>medicinas</strong></span> <span class='ocrx_word' id='word_1_543' title='bbox 2658 3050 2718 3111; x_wconf 91' lang='lat' dir='ltr'><strong>in</strong></span> <span class='ocrx_word' id='word_1_544' title='bbox 2775 3049 2988 3112; x_wconf 86' lang='lat' dir='ltr'><strong>diebus</strong></span> <span class='ocrx_word' id='word_1_545' title='bbox 3042 3051 3220 3131; x_wconf 89' lang='lat' dir='ltr'><strong>hujus</strong></span> 
     </span>
    </p>
   </div>
   <div class='ocr_carea' id='block_1_77' title="bbox 1942 3137 3585 3222">
    <p class='ocr_par' dir='ltr' id='par_1_77' title="bbox 1942 3137 3585 3222">
     <span class='ocr_line' id='line_1_77' title="bbox 1942 3137 3585 3222; baseline 0.005 -19"><span class='ocrx_word' id='word_1_546' title='bbox 1942 3148 2069 3203; x_wconf 85' lang='lat' dir='ltr'><strong>erat</strong></span> <span class='ocrx_word' id='word_1_547' title='bbox 2094 3137 2749 3219; x_wconf 86' lang='lat' dir='ltr'><strong>imbecilla,propterea</strong></span> <span class='ocrx_word' id='word_1_548' title='bbox 2773 3140 2932 3219; x_wconf 89' lang='lat' dir='ltr'><strong>quod</strong></span> <span class='ocrx_word' id='word_1_549' title='bbox 2963 3158 3142 3203; x_wconf 89' lang='lat' dir='ltr'><strong>omne</strong></span> <span class='ocrx_word' id='word_1_550' title='bbox 3162 3161 3351 3222; x_wconf 88' lang='lat' dir='ltr'><strong>genus</strong></span> <span class='ocrx_word' id='word_1_551' title='bbox 3383 3147 3585 3210; x_wconf 90' lang='lat' dir='ltr'><strong>morbi</strong></span> 
     </span>
    </p>
   </div>
   <div class='ocr_carea' id='block_1_78' title="bbox 1940 3226 3580 3312">
    <p class='ocr_par' dir='ltr' id='par_1_78' title="bbox 1940 3226 3580 3312">
     <span class='ocr_line' id='line_1_78' title="bbox 1940 3226 3580 3312; baseline 0.005 -21"><span class='ocrx_word' id='word_1_552' title='bbox 1940 3229 2002 3293; x_wconf 89' lang='lat' dir='ltr'><strong>in</strong></span> <span class='ocrx_word' id='word_1_553' title='bbox 2034 3228 2278 3291; x_wconf 88' lang='lat' dir='ltr'><strong>nomine</strong></span> <span class='ocrx_word' id='word_1_554' title='bbox 2309 3226 2548 3291; x_wconf 89' lang='lat' dir='ltr'><strong>Domini</strong></span> <span class='ocrx_word' id='word_1_555' title='bbox 2607 3228 2800 3289; x_wconf 89' lang='lat' dir='ltr'><strong>nostri</strong></span> <span class='ocrx_word' id='word_1_556' title='bbox 2849 3229 2991 3291; x_wconf 82' lang='lat' dir='ltr'><strong>Jesu</strong></span> <span class='ocrx_word' id='word_1_557' title='bbox 3042 3230 3260 3296; x_wconf 85' lang='lat' dir='ltr'><strong>Christi</strong></span> <span class='ocrx_word' id='word_1_558' title='bbox 3291 3239 3475 3312; x_wconf 80' lang='lat' dir='ltr'><strong>gratis</strong></span> <span class='ocrx_word' id='word_1_559' title='bbox 3504 3235 3580 3299; x_wconf 90' lang='lat' dir='ltr'><strong>ab</strong></span> 
     </span>
    </p>
   </div>
   <div class='ocr_carea' id='block_1_79' title="bbox 1942 3315 3580 3406">
    <p class='ocr_par' dir='ltr' id='par_1_79' title="bbox 1942 3315 3580 3406">
     <span class='ocr_line' id='line_1_79' title="bbox 1942 3315 3580 3406; baseline 0.001 -22"><span class='ocrx_word' id='word_1_560' title='bbox 1942 3321 2073 3403; x_wconf 90' lang='lat' dir='ltr'><strong>ipso</strong></span> <span class='ocrx_word' id='word_1_561' title='bbox 2109 3327 2442 3383; x_wconf 86' lang='lat' dir='ltr'><strong>curaretur.</strong></span> <span class='ocrx_word' id='word_1_562' title='bbox 2459 3315 2624 3380; x_wconf 88' lang='lat' dir='ltr'><strong>Inter</strong></span> <span class='ocrx_word' id='word_1_563' title='bbox 2650 3336 2803 3398; x_wconf 87' lang='lat' dir='ltr'><strong>quos</strong></span> <span class='ocrx_word' id='word_1_564' title='bbox 2830 3319 3145 3400; x_wconf 77' lang='lat' dir='ltr'><strong>Dionysius</strong></span> <span class='ocrx_word' id='word_1_565' title='bbox 3173 3340 3410 3406; x_wconf 88' lang='lat' dir='ltr'><strong>quoque</strong></span> <span class='ocrx_word' id='word_1_566' title='bbox 3432 3345 3580 3406; x_wconf 72' lang='lat' dir='ltr'><strong>pm-</strong></span> 
     </span>
    </p>
   </div>
   <div class='ocr_carea' id='block_1_80' title="bbox 1945 3407 3581 3492">
    <p class='ocr_par' dir='ltr' id='par_1_80' title="bbox 1945 3407 3581 3492">
     <span class='ocr_line' id='line_1_80' title="bbox 1945 3407 3581 3492; baseline 0.005 -19"><span class='ocrx_word' id='word_1_567' title='bbox 1945 3409 2120 3492; x_wconf 90' lang='lat' dir='ltr'><strong>positi</strong></span> <span class='ocrx_word' id='word_1_568' title='bbox 2144 3407 2524 3485; x_wconf 83' lang='lat' dir='ltr'><strong>ﬁlius,stirpe</strong></span> <span class='ocrx_word' id='word_1_569' title='bbox 2549 3407 3104 3487; x_wconf 87' lang='lat' dir='ltr'><strong>imperatoria,cum</strong></span> <span class='ocrx_word' id='word_1_570' title='bbox 3127 3410 3379 3477; x_wconf 85' lang='lat' dir='ltr'><strong>haberet</strong></span> <span class='ocrx_word' id='word_1_571' title='bbox 3394 3415 3581 3481; x_wconf 82' lang='lat' dir='ltr'><strong>ﬁliam</strong></span> 
     </span>
    </p>
   </div>
   <div class='ocr_carea' id='block_1_81' title="bbox 1947 3495 3582 3584">
    <p class='ocr_par' dir='ltr' id='par_1_81' title="bbox 1947 3495 3582 3584">
     <span class='ocr_line' id='line_1_81' title="bbox 1947 3495 3582 3584; baseline 0.006 -23"><span class='ocrx_word' id='word_1_572' title='bbox 1947 3495 2516 3578; x_wconf 86' lang='lat' dir='ltr'><strong>virginem,nomine</strong></span> <span class='ocrx_word' id='word_1_573' title='bbox 2548 3496 3056 3577; x_wconf 75' lang='lat' dir='ltr'><strong>Daphnen,quaea</strong></span> <span class='ocrx_word' id='word_1_574' title='bbox 3086 3499 3361 3566; x_wconf 73' lang='lat' dir='ltr'><strong>daemone</strong></span> <span class='ocrx_word' id='word_1_575' title='bbox 3388 3508 3582 3584; x_wconf 83' lang='lat' dir='ltr'><strong>gravi-</strong></span> 
     </span>
    </p>
   </div>
   <div class='ocr_carea' id='block_1_82' title="bbox 1946 3585 3584 3667">
    <p class='ocr_par' dir='ltr' id='par_1_82' title="bbox 1946 3585 3584 3667">
     <span class='ocr_line' id='line_1_82' title="bbox 1946 3585 3584 3667; baseline 0.005 -15"><span class='ocrx_word' id='word_1_576' title='bbox 1946 3598 2036 3652; x_wconf 87' lang='lat' dir='ltr'><strong>ter</strong></span> <span class='ocrx_word' id='word_1_577' title='bbox 2064 3587 2485 3667; x_wconf 86' lang='lat' dir='ltr'><strong>castigabatur,</strong></span> <span class='ocrx_word' id='word_1_578' title='bbox 2522 3586 2656 3667; x_wconf 89' lang='lat' dir='ltr'><strong>ipse</strong></span> <span class='ocrx_word' id='word_1_579' title='bbox 2695 3603 2824 3648; x_wconf 89' lang='lat' dir='ltr'><strong>eam</strong></span> <span class='ocrx_word' id='word_1_580' title='bbox 2851 3585 2990 3648; x_wconf 91' lang='lat' dir='ltr'><strong>totis</strong></span> <span class='ocrx_word' id='word_1_581' title='bbox 3018 3588 3210 3654; x_wconf 88' lang='lat' dir='ltr'><strong>tribus</strong></span> <span class='ocrx_word' id='word_1_582' title='bbox 3241 3591 3452 3658; x_wconf 88' lang='lat' dir='ltr'><strong>diebus</strong></span> <span class='ocrx_word' id='word_1_583' title='bbox 3476 3616 3584 3659; x_wconf 84' lang='lat' dir='ltr'><strong>cu-</strong></span> 
     </span>
    </p>
   </div>
   <div class='ocr_carea' id='block_1_83' title="bbox 1944 3674 3583 3769">
    <p class='ocr_par' dir='ltr' id='par_1_83' title="bbox 1944 3674 3583 3769">
     <span class='ocr_line' id='line_1_83' title="bbox 1944 3674 3583 3769; baseline 0.005 -28"><span class='ocrx_word' id='word_1_584' title='bbox 1944 3678 2387 3769; x_wconf 83' lang='lat' dir='ltr'><strong>ravit.Al_teram</strong></span> <span class='ocrx_word' id='word_1_585' title='bbox 2418 3683 2614 3769; x_wconf 73' lang='lat' dir='ltr'><strong>autem</strong></span> <span class='ocrx_word' id='word_1_586' title='bbox 2636 3674 2891 3769; x_wconf 56' lang='grc' dir='ltr'>μεωειϋὶ</span> <span class='ocrx_word' id='word_1_587' title='bbox 2922 3677 3237 3769; x_wconf 83' lang='lat' dir='ltr'><strong>cujusdam</strong></span> <span class='ocrx_word' id='word_1_588' title='bbox 3261 3682 3583 3769; x_wconf 81' lang='lat' dir='ltr'><strong>ﬁliam,qui</strong></span> 
     </span>
    </p>
   </div>
   <div class='ocr_carea' id='block_1_84' title="bbox 1947 3764 3585 3849">
    <p class='ocr_par' dir='ltr' id='par_1_84' title="bbox 1947 3764 3585 3849">
     <span class='ocr_line' id='line_1_84' title="bbox 1947 3764 3585 3849; baseline 0.005 -18"><span class='ocrx_word' id='word_1_589' title='bbox 1947 3778 2074 3831; x_wconf 89' lang='lat' dir='ltr'><strong>erat</strong></span> <span class='ocrx_word' id='word_1_590' title='bbox 2121 3767 2401 3849; x_wconf 85' lang='lat' dir='ltr'><strong>princeps</strong></span> <span class='ocrx_word' id='word_1_591' title='bbox 2472 3764 2727 3826; x_wconf 88' lang='lat' dir='ltr'><strong>civitatis</strong></span> <span class='ocrx_word' id='word_1_592' title='bbox 2778 3764 3227 3846; x_wconf 79' lang='lat' dir='ltr'><strong>Smyrnensium</strong></span> <span class='ocrx_word' id='word_1_593' title='bbox 3261 3820 3276 3845; x_wconf 94' lang='lat'><strong>,</strong></span> <span class='ocrx_word' id='word_1_594' title='bbox 3336 3764 3585 3839; x_wconf 76' lang='lat' dir='ltr'><strong>nomine</strong></span> 
     </span>
    </p>
   </div>
   <div class='ocr_carea' id='block_1_85' title="bbox 1944 3853 3582 3944">
    <p class='ocr_par' dir='ltr' id='par_1_85' title="bbox 1944 3853 3582 3944">
     <span class='ocr_line' id='line_1_85' title="bbox 1944 3853 3582 3944; baseline 0.004 -22"><span class='ocrx_word' id='word_1_595' title='bbox 1944 3856 2365 3939; x_wconf 86' lang='lat' dir='ltr'><strong>Agalmatiam,</strong></span> <span class='ocrx_word' id='word_1_596' title='bbox 2428 3873 2563 3944; x_wconf 62' lang='lat' dir='ltr'><strong>quae</strong></span> <span class='ocrx_word' id='word_1_597' title='bbox 2618 3853 2692 3916; x_wconf 88' lang='lat' dir='ltr'><strong>ab</strong></span> <span class='ocrx_word' id='word_1_598' title='bbox 2746 3854 3055 3918; x_wconf 90' lang='lat' dir='ltr'><strong>immundo</strong></span> <span class='ocrx_word' id='word_1_599' title='bbox 3109 3857 3325 3939; x_wconf 86' lang='lat' dir='ltr'><strong>spiritu</strong></span> <span class='ocrx_word' id='word_1_600' title='bbox 3355 3876 3582 3944; x_wconf 82' lang='lat' dir='ltr'><strong>vexata,</strong></span> 
     </span>
    </p>
   </div>
   <div class='ocr_carea' id='block_1_86' title="bbox 1944 3943 3586 4029">
    <p class='ocr_par' dir='ltr' id='par_1_86' title="bbox 1944 3943 3586 4029">
     <span class='ocr_line' id='line_1_86' title="bbox 1944 3943 3586 4029; baseline 0.006 -20"><span class='ocrx_word' id='word_1_601' title='bbox 1944 3965 2219 4029; x_wconf 89' lang='lat' dir='ltr'><strong>spumam</strong></span> <span class='ocrx_word' id='word_1_602' title='bbox 2280 3943 2611 4018; x_wconf 89' lang='lat' dir='ltr'><strong>emittebat,</strong></span> <span class='ocrx_word' id='word_1_603' title='bbox 2670 3944 2918 4006; x_wconf 87' lang='lat' dir='ltr'><strong>curavit.</strong></span> <span class='ocrx_word' id='word_1_604' title='bbox 2954 3947 3194 4010; x_wconf 84' lang='lat' dir='ltr'><strong>Zoeiem</strong></span> <span class='ocrx_word' id='word_1_605' title='bbox 3223 3968 3362 4014; x_wconf 87' lang='lat' dir='ltr'><strong>vero</strong></span> <span class='ocrx_word' id='word_1_606' title='bbox 3392 3943 3586 4019; x_wconf 64' lang='lat' dir='ltr'><strong>nomio</strong></span> 
     </span>
    </p>
   </div>
   <div class='ocr_carea' id='block_1_87' title="bbox 1947 4033 3584 4119">
    <p class='ocr_par' dir='ltr' id='par_1_87' title="bbox 1947 4033 3584 4119">
     <span class='ocr_line' id='line_1_87' title="bbox 1947 4033 3584 4119; baseline 0.005 -20"><span class='ocrx_word' id='word_1_607' title='bbox 1947 4056 2047 4112; x_wconf 89' lang='lat' dir='ltr'><strong>ne,</strong></span> <span class='ocrx_word' id='word_1_608' title='bbox 2082 4054 2213 4119; x_wconf 84' lang='lat' dir='ltr'><strong>quae</strong></span> <span class='ocrx_word' id='word_1_609' title='bbox 2245 4036 2323 4098; x_wconf 83' lang='lat' dir='ltr'><strong>ad</strong></span> <span class='ocrx_word' id='word_1_610' title='bbox 2351 4033 2567 4097; x_wconf 87' lang='lat' dir='ltr'><strong>Persas</strong></span> <span class='ocrx_word' id='word_1_611' title='bbox 2599 4042 2860 4108; x_wconf 88' lang='lat' dir='ltr'><strong>venerat,</strong></span> <span class='ocrx_word' id='word_1_612' title='bbox 2895 4043 2957 4096; x_wconf 90' lang='lat' dir='ltr'><strong>et</strong></span> <span class='ocrx_word' id='word_1_613' title='bbox 2984 4053 3021 4098; x_wconf 88' lang='lat' dir='ltr'><strong>a</strong></span> <span class='ocrx_word' id='word_1_614' title='bbox 3068 4036 3345 4104; x_wconf 59' lang='lat' dir='ltr'><strong>daemone</strong></span> <span class='ocrx_word' id='word_1_615' title='bbox 3373 4044 3584 4108; x_wconf 88' lang='lat' dir='ltr'><strong>vatici-</strong></span> 
     </span>
    </p>
   </div>
   <div class='ocr_carea' id='block_1_88' title="bbox 1950 4123 3586 4216">
    <p class='ocr_par' dir='ltr' id='par_1_88' title="bbox 1950 4123 3586 4216">
     <span class='ocr_line' id='line_1_88' title="bbox 1950 4123 3586 4216; baseline 0.006 -27"><span class='ocrx_word' id='word_1_616' title='bbox 1950 4136 2131 4190; x_wconf 90' lang='lat' dir='ltr'><strong>nante</strong></span> <span class='ocrx_word' id='word_1_617' title='bbox 2162 4123 3064 4216; x_wconf 74' lang='lat' dir='ltr'><strong>miserabiliterconterebatur,</strong></span> <span class='ocrx_word' id='word_1_618' title='bbox 3098 4126 3257 4191; x_wconf 88' lang='lat' dir='ltr'><strong>haud</strong></span> <span class='ocrx_word' id='word_1_619' title='bbox 3306 4130 3388 4194; x_wconf 91' lang='lat' dir='ltr'><strong>ita</strong></span> <span class='ocrx_word' id='word_1_620' title='bbox 3407 4132 3586 4216; x_wconf 83' lang='lat' dir='ltr'><strong>longo</strong></span> 
     </span>
    </p>
   </div>
   <div class='ocr_carea' id='block_1_89' title="bbox 1954 4211 3587 4298">
    <p class='ocr_par' dir='ltr' id='par_1_89' title="bbox 1954 4211 3587 4298">
     <span class='ocr_line' id='line_1_89' title="bbox 1954 4211 3587 4298; baseline 0.006 -19"><span class='ocrx_word' id='word_1_621' title='bbox 1954 4225 2088 4298; x_wconf 90' lang='lat' dir='ltr'><strong>post</strong></span> <span class='ocrx_word' id='word_1_622' title='bbox 2114 4225 2408 4295; x_wconf 90' lang='lat' dir='ltr'><strong>tempore,</strong></span> <span class='ocrx_word' id='word_1_623' title='bbox 2445 4211 2685 4275; x_wconf 89' lang='lat' dir='ltr'><strong>Domini</strong></span> <span class='ocrx_word' id='word_1_624' title='bbox 2715 4218 2903 4292; x_wconf 87' lang='lat' dir='ltr'><strong>gratia</strong></span> <span class='ocrx_word' id='word_1_625' title='bbox 2923 4212 3216 4279; x_wconf 84' lang='lat' dir='ltr'><strong>liberavit.</strong></span> <span class='ocrx_word' id='word_1_626' title='bbox 3248 4218 3443 4284; x_wconf 80' lang='lat' dir='ltr'><strong>Alium</strong></span> <span class='ocrx_word' id='word_1_627' title='bbox 3473 4211 3587 4288; x_wconf 74' lang='lat' dir='ltr'><strong>au-</strong></span> 
     </span>
    </p>
   </div>
   <div class='ocr_carea' id='block_1_90' title="bbox 222 4299 1856 4395">
    <p class='ocr_par' dir='ltr' id='par_1_90' title="bbox 222 4299 1856 4393">
     <span class='ocr_line' id='line_1_90' title="bbox 222 4299 1856 4393; baseline 0.001 -23"><span class='ocrx_word' id='word_1_628' title='bbox 222 4299 382 4391; x_wconf 70' lang='grc' dir='ltr'>μενον</span> <span class='ocrx_word' id='word_1_629' title='bbox 424 4313 536 4371; x_wconf 82' lang='grc' dir='ltr'>υἱὸν</span> <span class='ocrx_word' id='word_1_630' title='bbox 583 4310 939 4393; x_wconf 79' lang='grc' dir='ltr'>πρεσϐυτέρου</span> <span class='ocrx_word' id='word_1_631' title='bbox 991 4299 1214 4389; x_wconf 81' lang='grc' dir='ltr'>ὀνόματι</span> <span class='ocrx_word' id='word_1_632' title='bbox 1276 4314 1490 4373; x_wconf 80' lang='grc' dir='ltr'>Νίκωνα</span> <span class='ocrx_word' id='word_1_633' title='bbox 1532 4299 1649 4372; x_wconf 69' lang='grc' dir='ltr'><strong>⁷ὑπὸ</strong></span> <span class='ocrx_word' id='word_1_634' title='bbox 1705 4299 1856 4373; x_wconf 80' lang='grc' dir='ltr'>πνεύ-</span> 
     </span>
    </p>
   </div>
   <div class='ocr_carea' id='block_1_91' title="bbox 1979 4299 3609 4395">
    <p class='ocr_par' dir='ltr' id='par_1_91' title="bbox 1983 4299 3609 4395">
     <span class='ocr_line' id='line_1_91' title="bbox 1983 4299 3609 4395; baseline -0.01 -27"><span class='ocrx_word' id='word_1_635' title='bbox 1983 4325 2076 4369; x_wconf 89' lang='lat' dir='ltr'><strong>em</strong></span> <span class='ocrx_word' id='word_1_636' title='bbox 2107 4322 2317 4366; x_wconf 84' lang='lat' dir='ltr'><strong>rursus</strong></span> <span class='ocrx_word' id='word_1_637' title='bbox 2337 4302 2620 4395; x_wconf 69' lang='lat' dir='ltr'><strong>juvenem</strong></span> <span class='ocrx_word' id='word_1_638' title='bbox 2646 4319 2718 4365; x_wconf 88' lang='lat' dir='ltr'><strong>ex</strong></span> <span class='ocrx_word' id='word_1_639' title='bbox 2739 4299 2977 4395; x_wconf 82' lang='lat' dir='ltr'><strong>Hunnis</strong></span> <span class='ocrx_word' id='word_1_640' title='bbox 3006 4313 3225 4395; x_wconf 86' lang='lat' dir='ltr'><strong>ortum,</strong></span> <span class='ocrx_word' id='word_1_641' title='bbox 3257 4310 3609 4395; x_wconf 63' lang='lat' dir='ltr'><strong>presbyteri.</strong></span> 
     </span>
    </p>
   </div>
   <div class='ocr_carea' id='block_1_92' title="bbox 224 4382 1856 4483">
    <p class='ocr_par' dir='ltr' id='par_1_92' title="bbox 224 4402 1856 4481">
     <span class='ocr_line' id='line_1_92' title="bbox 224 4402 1856 4481; baseline 0.001 -22"><span class='ocrx_word' id='word_1_642' title='bbox 224 4423 397 4479; x_wconf 89' lang='grc' dir='ltr'>ματος</span> <span class='ocrx_word' id='word_1_643' title='bbox 489 4402 660 4460; x_wconf 86' lang='grc' dir='ltr'>δεινοῦ</span> <span class='ocrx_word' id='word_1_644' title='bbox 740 4402 1144 4478; x_wconf 77' lang='grc' dir='ltr'>παιδευόμενον,</span> <span class='ocrx_word' id='word_1_645' title='bbox 1238 4402 1529 4481; x_wconf 80' lang='grc' dir='ltr'>ἀγαγόντες</span> <span class='ocrx_word' id='word_1_646' title='bbox 1590 4405 1638 4461; x_wconf 71' lang='grc' dir='ltr'>οἱ</span> <span class='ocrx_word' id='word_1_647' title='bbox 1687 4405 1856 4462; x_wconf 77' lang='grc' dir='ltr'>τούτοι</span> 
     </span>
    </p>
   </div>
   <div class='ocr_carea' id='block_1_93' title="bbox 1979 4382 3591 4483">
    <p class='ocr_par' dir='ltr' id='par_1_93' title="bbox 1979 4382 3591 4483">
     <span class='ocr_line' id='line_1_93' title="bbox 1979 4382 3591 4483; baseline 0.007 -26"><span class='ocrx_word' id='word_1_648' title='bbox 1979 4394 2168 4471; x_wconf 89' lang='lat' dir='ltr'><strong>ilium,</strong></span> <span class='ocrx_word' id='word_1_649' title='bbox 2201 4393 2447 4483; x_wconf 79' lang='lat' dir='ltr'><strong>nomine</strong></span> <span class='ocrx_word' id='word_1_650' title='bbox 2472 4389 2897 4483; x_wconf 73' lang='lat' dir='ltr'><strong>l‘iiconem_,qui</strong></span> <span class='ocrx_word' id='word_1_651' title='bbox 2925 4392 3002 4455; x_wconf 89' lang='lat' dir='ltr'><strong>ab</strong></span> <span class='ocrx_word' id='word_1_652' title='bbox 3031 4382 3346 4461; x_wconf 69' lang='lat' dir='ltr'><strong>immundo</strong></span> <span class='ocrx_word' id='word_1_653' title='bbox 3373 4382 3591 4483; x_wconf 81' lang='lat' dir='ltr'><strong>spiritu</strong></span> 
     </span>
    </p>
   </div>
   <div class='ocr_carea' id='block_1_94' title="bbox 222 4489 1872 4572">
    <p class='ocr_par' dir='ltr' id='par_1_94' title="bbox 222 4489 1872 4572">
     <span class='ocr_line' id='line_1_94' title="bbox 222 4489 1872 4572; baseline 0 -23"><span class='ocrx_word' id='word_1_654' title='bbox 222 4503 432 4572; x_wconf 81' lang='grc' dir='ltr'>γονεῖς,</span> <span class='ocrx_word' id='word_1_655' title='bbox 497 4490 720 4571; x_wconf 73' lang='grc' dir='ltr'>ἔρριψαν</span> <span class='ocrx_word' id='word_1_656' title='bbox 764 4492 839 4557; x_wconf 78' lang='grc' dir='ltr'>εἰς</span> <span class='ocrx_word' id='word_1_657' title='bbox 893 4493 1017 4557; x_wconf 81' lang='grc' dir='ltr'>τοὺς</span> <span class='ocrx_word' id='word_1_658' title='bbox 1076 4489 1243 4556; x_wconf 87' lang='grc' dir='ltr'>πόδας</span> <span class='ocrx_word' id='word_1_659' title='bbox 1278 4499 1370 4549; x_wconf 87' lang='grc' dir='ltr'><strong>τοῦ</strong></span> <span class='ocrx_word' id='word_1_660' title='bbox 1419 4492 1596 4570; x_wconf 83' lang='grc' dir='ltr'>ἀγίου,</span> <span class='ocrx_word' id='word_1_661' title='bbox 1631 4490 1872 4569; x_wconf 87' lang='grc' dir='ltr'>δεόμενοι</span> 
     </span>
    </p>
   </div>
   <div class='ocr_carea' id='block_1_95' title="bbox 223 4579 1869 4662">
    <p class='ocr_par' dir='ltr' id='par_1_95' title="bbox 223 4579 1869 4662">
     <span class='ocr_line' id='line_1_95' title="bbox 223 4579 1869 4662; baseline 0 -24"><span class='ocrx_word' id='word_1_662' title='bbox 223 4586 322 4640; x_wconf 80' lang='grc' dir='ltr'><strong>τοῦ</strong></span> <span class='ocrx_word' id='word_1_663' title='bbox 379 4580 602 4650; x_wconf 65' lang='grc' dir='ltr'>ἐλεῆσαι</span> <span class='ocrx_word' id='word_1_664' title='bbox 645 4582 744 4650; x_wconf 78' lang='grc' dir='ltr'>τὴν</span> <span class='ocrx_word' id='word_1_665' title='bbox 788 4587 879 4638; x_wconf 88' lang='grc' dir='ltr'><strong>τοῦ</strong></span> <span class='ocrx_word' id='word_1_666' title='bbox 921 4579 1101 4638; x_wconf 82' lang='grc' dir='ltr'>ἀθλίου</span> <span class='ocrx_word' id='word_1_667' title='bbox 1156 4584 1384 4649; x_wconf 87' lang='grc' dir='ltr'>νεότητα</span> <span class='ocrx_word' id='word_1_668' title='bbox 1448 4583 1538 4639; x_wconf 84' lang='grc' dir='ltr'><strong>καὶ</strong></span> <span class='ocrx_word' id='word_1_669' title='bbox 1582 4581 1869 4662; x_wconf 76' lang='grc' dir='ltr'>ἐλευθερῶ-</span> 
     </span>
    </p>
   </div>
   <div class='ocr_carea' id='block_1_96' title="bbox 226 4667 1875 4748">
    <p class='ocr_par' dir='ltr' id='par_1_96' title="bbox 226 4667 1875 4748">
     <span class='ocr_line' id='line_1_96' title="bbox 226 4667 1875 4748; baseline 0 -21"><span class='ocrx_word' id='word_1_670' title='bbox 226 4691 320 4728; x_wconf 86' lang='grc' dir='ltr'><strong>σαι</strong></span> <span class='ocrx_word' id='word_1_671' title='bbox 364 4671 523 4729; x_wconf 72' lang='grc' dir='ltr'>αῦτὸν</span> <span class='ocrx_word' id='word_1_672' title='bbox 553 4677 646 4729; x_wconf 88' lang='grc' dir='ltr'><strong>τοῦ</strong></span> <span class='ocrx_word' id='word_1_673' title='bbox 673 4670 970 4748; x_wconf 81' lang='grc' dir='ltr'>ἀκαθάρτου</span> <span class='ocrx_word' id='word_1_674' title='bbox 999 4667 1271 4744; x_wconf 81' lang='grc' dir='ltr'>δαίμονος.</span> <span class='ocrx_word' id='word_1_675' title='bbox 1308 4669 1369 4729; x_wconf 91' lang='grc' dir='ltr'><strong>Ὀ</strong></span> <span class='ocrx_word' id='word_1_676' title='bbox 1434 4669 1490 4727; x_wconf 75' lang='grc' dir='ltr'>δὲ</span> <span class='ocrx_word' id='word_1_677' title='bbox 1536 4671 1682 4737; x_wconf 83' lang='grc' dir='ltr'>ὅσιος</span> <span class='ocrx_word' id='word_1_678' title='bbox 1741 4672 1875 4745; x_wconf 77' lang='grc' dir='ltr'>ἀνὴρ</span> 
     </span>
    </p>
   </div>
   <div class='ocr_carea' id='block_1_97' title="bbox 228 4758 1874 4841">
    <p class='ocr_par' dir='ltr' id='par_1_97' title="bbox 228 4758 1874 4841">
     <span class='ocr_line' id='line_1_97' title="bbox 228 4758 1874 4841; baseline 0.001 -25"><span class='ocrx_word' id='word_1_679' title='bbox 228 4758 335 4838; x_wconf 70' lang='grc' dir='ltr'>ἔφη</span> <span class='ocrx_word' id='word_1_680' title='bbox 380 4760 565 4825; x_wconf 75' lang='grc' dir='ltr'>αὐτοῖς</span> <span class='ocrx_word' id='word_1_681' title='bbox 599 4777 614 4794; x_wconf 85' lang='lat'><strong>&#39;</strong></span> <span class='ocrx_word' id='word_1_682' title='bbox 681 4762 788 4818; x_wconf 75' lang='grc' dir='ltr'>Οὔκ</span> <span class='ocrx_word' id='word_1_683' title='bbox 845 4759 989 4818; x_wconf 75' lang='grc' dir='ltr'>ἔστιν</span> <span class='ocrx_word' id='word_1_684' title='bbox 1028 4759 1173 4827; x_wconf 75' lang='grc' dir='ltr'>ἄξιος</span> <span class='ocrx_word' id='word_1_685' title='bbox 1217 4761 1313 4818; x_wconf 76' lang='grc' dir='ltr'><strong>τοῦ</strong></span> <span class='ocrx_word' id='word_1_686' title='bbox 1341 4761 1576 4828; x_wconf 78' lang='grc' dir='ltr'>ἰαθῆναι,</span> <span class='ocrx_word' id='word_1_687' title='bbox 1609 4763 1745 4837; x_wconf 78' lang='grc' dir='ltr'>Πρὸς</span> <span class='ocrx_word' id='word_1_688' title='bbox 1775 4762 1874 4841; x_wconf 75' lang='grc' dir='ltr'><strong>γὰρ</strong></span> 
     </span>
    </p>
   </div>
   <div class='ocr_carea' id='block_1_98' title="bbox 228 4848 1873 4931">
    <p class='ocr_par' dir='ltr' id='par_1_98' title="bbox 228 4848 1873 4931">
     <span class='ocr_line' id='line_1_98' title="bbox 228 4848 1873 4931; baseline 0.001 -23"><span class='ocrx_word' id='word_1_689' title='bbox 228 4848 474 4909; x_wconf 86' lang='grc' dir='ltr'>παιδείαν</span> <span class='ocrx_word' id='word_1_690' title='bbox 524 4849 752 4918; x_wconf 79' lang='grc' dir='ltr'>ἐπεδὸθη</span> <span class='ocrx_word' id='word_1_691' title='bbox 817 4854 960 4926; x_wconf 76' lang='grc' dir='ltr'>αὖτῴ</span> <span class='ocrx_word' id='word_1_692' title='bbox 1004 4852 1032 4907; x_wconf 82' lang='grc' dir='ltr'>ὁ</span> <span class='ocrx_word' id='word_1_693' title='bbox 1094 4850 1329 4926; x_wconf 83' lang='grc' dir='ltr'>σκώλωψ</span> <span class='ocrx_word' id='word_1_694' title='bbox 1400 4861 1493 4908; x_wconf 69' lang='grc' dir='ltr'><strong>τοῦ</strong></span> <span class='ocrx_word' id='word_1_695' title='bbox 1549 4852 1873 4931; x_wconf 78' lang='grc' dir='ltr'>πνεόματος,</span> 
     </span>
    </p>
   </div>
   <div class='ocr_carea' id='block_1_99' title="bbox 229 4936 1875 5021">
    <p class='ocr_par' dir='ltr' id='par_1_99' title="bbox 229 4936 1875 5021">
     <span class='ocr_line' id='line_1_99' title="bbox 229 4936 1875 5021; baseline 0 -24"><span class='ocrx_word' id='word_1_696' title='bbox 229 4939 366 4999; x_wconf 78' lang='grc' dir='ltr'>διότι</span> <span class='ocrx_word' id='word_1_697' title='bbox 409 4940 733 5021; x_wconf 74' lang='grc' dir='ltr'>πατρολοίας</span> <span class='ocrx_word' id='word_1_698' title='bbox 796 4939 961 5000; x_wconf 72' lang='grc' dir='ltr'>ἐστίν.</span> <span class='ocrx_word' id='word_1_699' title='bbox 1024 4936 1399 5007; x_wconf 82' lang='grc' dir='ltr'>Ἀθετηθέντες</span> <span class='ocrx_word' id='word_1_700' title='bbox 1459 4941 1560 5018; x_wconf 77' lang='grc' dir='ltr'><strong>γὰρ</strong></span> <span class='ocrx_word' id='word_1_701' title='bbox 1612 4939 1875 5004; x_wconf 86' lang='grc' dir='ltr'>πολλάκις</span> 
     </span>
    </p>
   </div>
   <div class='ocr_carea' id='block_1_100' title="bbox 194 5029 1878 5109">
    <p class='ocr_par' dir='ltr' id='par_1_100' title="bbox 194 5029 1878 5109">
     <span class='ocr_line' id='line_1_100' title="bbox 194 5029 1878 5109; baseline 0.001 -22"><span class='ocrx_word' id='word_1_702' title='bbox 194 5030 325 5088; x_wconf 62' lang='grc' dir='ltr'><strong>⁴ὑπ’</strong></span> <span class='ocrx_word' id='word_1_703' title='bbox 368 5032 529 5089; x_wconf 75' lang='grc' dir='ltr'>αὐτοῦ</span> <span class='ocrx_word' id='word_1_704' title='bbox 582 5031 637 5088; x_wconf 67' lang='grc' dir='ltr'>ἂν</span> <span class='ocrx_word' id='word_1_705' title='bbox 695 5029 876 5109; x_wconf 78' lang='grc' dir='ltr'>πικρίᾳ</span> <span class='ocrx_word' id='word_1_706' title='bbox 934 5034 1119 5109; x_wconf 77' lang='grc' dir='ltr'>ψυχῆς</span> <span class='ocrx_word' id='word_1_707' title='bbox 1178 5031 1350 5107; x_wconf 78' lang='grc' dir='ltr'>ὑμῶν,</span> <span class='ocrx_word' id='word_1_708' title='bbox 1400 5032 1559 5107; x_wconf 79' lang='grc' dir='ltr'>ὑμεῖς</span> <span class='ocrx_word' id='word_1_709' title='bbox 1609 5030 1878 5099; x_wconf 78' lang='grc' dir='ltr'>ἠτήσασθε</span> 
     </span>
    </p>
   </div>
   <div class='ocr_carea' id='block_1_101' title="bbox 230 5118 1875 5200">
    <p class='ocr_par' dir='ltr' id='par_1_101' title="bbox 230 5118 1875 5200">
     <span class='ocr_line' id='line_1_101' title="bbox 230 5118 1875 5200; baseline -0.001 -22"><span class='ocrx_word' id='word_1_710' title='bbox 230 5123 326 5178; x_wconf 84' lang='grc' dir='ltr'>τὸν</span> <span class='ocrx_word' id='word_1_711' title='bbox 386 5122 520 5178; x_wconf 80' lang='grc' dir='ltr'>Θεὸν</span> <span class='ocrx_word' id='word_1_712' title='bbox 578 5118 931 5187; x_wconf 81' lang='grc' dir='ltr'>παιδευθῆναι</span> <span class='ocrx_word' id='word_1_713' title='bbox 982 5119 1162 5187; x_wconf 73' lang='grc' dir='ltr'>αὐτόν.</span> <span class='ocrx_word' id='word_1_714' title='bbox 1208 5118 1409 5200; x_wconf 68' lang='grc' dir='ltr'>’Ἅφετε</span> <span class='ocrx_word' id='word_1_715' title='bbox 1440 5120 1623 5194; x_wconf 78' lang='grc' dir='ltr'>αὐτὸν,</span> <span class='ocrx_word' id='word_1_716' title='bbox 1667 5121 1875 5200; x_wconf 76' lang='grc' dir='ltr'>συμφέ-</span> 
     </span>
    </p>
   </div>
   <div class='ocr_carea' id='block_1_102' title="bbox 234 5207 1876 5290">
    <p class='ocr_par' dir='ltr' id='par_1_102' title="bbox 234 5207 1876 5290">
     <span class='ocr_line' id='line_1_102' title="bbox 234 5207 1876 5290; baseline 0 -21"><span class='ocrx_word' id='word_1_717' title='bbox 234 5230 313 5286; x_wconf 83' lang='grc' dir='ltr'><strong>ρει</strong></span> <span class='ocrx_word' id='word_1_718' title='bbox 344 5211 445 5290; x_wconf 79' lang='grc' dir='ltr'><strong>γὰρ</strong></span> <span class='ocrx_word' id='word_1_719' title='bbox 475 5214 643 5285; x_wconf 75' lang='grc' dir='ltr'>αὐτῷ.</span> <span class='ocrx_word' id='word_1_720' title='bbox 679 5211 740 5269; x_wconf 79' lang='grc' dir='ltr'><strong>Οἱ</strong></span> <span class='ocrx_word' id='word_1_721' title='bbox 771 5207 827 5266; x_wconf 68' lang='grc' dir='ltr'>δὲ</span> <span class='ocrx_word' id='word_1_722' title='bbox 855 5210 929 5270; x_wconf 82' lang='grc' dir='ltr'>ὡς</span> <span class='ocrx_word' id='word_1_723' title='bbox 990 5222 1173 5288; x_wconf 74' lang='grc' dir='ltr'>γονεῖς</span> <span class='ocrx_word' id='word_1_724' title='bbox 1223 5211 1560 5290; x_wconf 78' lang='grc' dir='ltr'>ὑπάρχοντες</span> <span class='ocrx_word' id='word_1_725' title='bbox 1624 5212 1716 5268; x_wconf 83' lang='grc' dir='ltr'>καὶ</span> <span class='ocrx_word' id='word_1_726' title='bbox 1756 5224 1876 5274; x_wconf 84' lang='grc' dir='ltr'>τοϊς</span> 
     </span>
    </p>
   </div>
   <div class='ocr_carea' id='block_1_103' title="bbox 234 5296 1875 5380">
    <p class='ocr_par' dir='ltr' id='par_1_103' title="bbox 234 5296 1875 5380">
     <span class='ocr_line' id='line_1_103' title="bbox 234 5296 1875 5380; baseline -0.001 -23"><span class='ocrx_word' id='word_1_727' title='bbox 234 5301 575 5380; x_wconf 79' lang='grc' dir='ltr'>σπλάγχνοις</span> <span class='ocrx_word' id='word_1_728' title='bbox 661 5299 972 5374; x_wconf 84' lang='grc' dir='ltr'>νικώμενοι,</span> <span class='ocrx_word' id='word_1_729' title='bbox 1051 5296 1349 5367; x_wconf 72' lang='grc' dir='ltr'>ἀνεϐόησαν</span> <span class='ocrx_word' id='word_1_730' title='bbox 1418 5301 1556 5369; x_wconf 78' lang='grc' dir='ltr'><strong>μετά</strong></span> <span class='ocrx_word' id='word_1_731' title='bbox 1613 5300 1875 5379; x_wconf 77' lang='grc' dir='ltr'>δακρύων,</span> 
     </span>
    </p>
   </div>
   <div class='ocr_carea' id='block_1_104' title="bbox 234 5386 1880 5470">
    <p class='ocr_par' dir='ltr' id='par_1_104' title="bbox 234 5386 1880 5470">
     <span class='ocr_line' id='line_1_104' title="bbox 234 5386 1880 5470; baseline 0 -23"><span class='ocrx_word' id='word_1_732' title='bbox 234 5388 478 5464; x_wconf 83' lang='grc' dir='ltr'>δεόμενοι</span> <span class='ocrx_word' id='word_1_733' title='bbox 510 5386 764 5470; x_wconf 67' lang='grc' dir='ltr'>εὔχεσθαι</span> <span class='ocrx_word' id='word_1_734' title='bbox 820 5390 952 5467; x_wconf 74' lang='grc' dir='ltr'>πρὸς</span> <span class='ocrx_word' id='word_1_735' title='bbox 1013 5390 1105 5446; x_wconf 78' lang='grc' dir='ltr'><strong>τὸν</strong></span> <span class='ocrx_word' id='word_1_736' title='bbox 1166 5391 1298 5447; x_wconf 81' lang='grc' dir='ltr'>Θεὸν</span> <span class='ocrx_word' id='word_1_737' title='bbox 1345 5391 1466 5468; x_wconf 85' lang='grc' dir='ltr'>περὶ</span> <span class='ocrx_word' id='word_1_738' title='bbox 1512 5393 1694 5464; x_wconf 72' lang='grc' dir='ltr'>αὗτοῦ,</span> <span class='ocrx_word' id='word_1_739' title='bbox 1732 5389 1880 5456; x_wconf 77' lang='grc' dir='ltr'>ὅπως</span> 
     </span>
    </p>
   </div>
   <div class='ocr_carea' id='block_1_105' title="bbox 236 5477 1881 5559">
    <p class='ocr_par' dir='ltr' id='par_1_105' title="bbox 236 5477 1881 5559">
     <span class='ocr_line' id='line_1_105' title="bbox 236 5477 1881 5559; baseline 0 -23"><span class='ocrx_word' id='word_1_740' title='bbox 236 5478 481 5559; x_wconf 66' lang='grc' dir='ltr'>λυτρωθῇ</span> <span class='ocrx_word' id='word_1_741' title='bbox 510 5480 615 5539; x_wconf 78' lang='grc' dir='ltr'><strong>ἀπὸ</strong></span> <span class='ocrx_word' id='word_1_742' title='bbox 646 5486 738 5536; x_wconf 85' lang='grc' dir='ltr'><strong>τοῦ</strong></span> <span class='ocrx_word' id='word_1_743' title='bbox 793 5477 1061 5554; x_wconf 79' lang='grc' dir='ltr'>δαίμονος.</span> <span class='ocrx_word' id='word_1_744' title='bbox 1113 5478 1172 5538; x_wconf 86' lang='grc' dir='ltr'>Ὀ</span> <span class='ocrx_word' id='word_1_745' title='bbox 1231 5477 1285 5535; x_wconf 76' lang='grc' dir='ltr'>δὲ</span> <span class='ocrx_word' id='word_1_746' title='bbox 1345 5479 1605 5556; x_wconf 75' lang='grc' dir='ltr'>μακάριος</span> <span class='ocrx_word' id='word_1_747' title='bbox 1664 5503 1881 5558; x_wconf 72' lang='grc' dir='ltr'>συμπα·</span> 
     </span>
    </p>
   </div>
   <div class='ocr_carea' id='block_1_106' title="bbox 238 5563 1882 5648">
    <p class='ocr_par' dir='ltr' id='par_1_106' title="bbox 238 5563 1882 5648">
     <span class='ocr_line' id='line_1_106' title="bbox 238 5563 1882 5648; baseline 0 -21"><span class='ocrx_word' id='word_1_748' title='bbox 238 5563 408 5641; x_wconf 60' lang='grc' dir='ltr'>(νήσας</span> <span class='ocrx_word' id='word_1_749' title='bbox 452 5581 571 5635; x_wconf 79' lang='grc' dir='ltr'>τοῖς</span> <span class='ocrx_word' id='word_1_750' title='bbox 604 5568 997 5647; x_wconf 78' lang='grc' dir='ltr'>ἀκατασχέτοις</span> <span class='ocrx_word' id='word_1_751' title='bbox 1029 5566 1243 5647; x_wconf 77' lang='grc' dir='ltr'>δάκρυσι</span> <span class='ocrx_word' id='word_1_752' title='bbox 1301 5574 1409 5627; x_wconf 85' lang='grc' dir='ltr'>τῶν</span> <span class='ocrx_word' id='word_1_753' title='bbox 1452 5568 1676 5648; x_wconf 83' lang='grc' dir='ltr'>γονέων,</span> <span class='ocrx_word' id='word_1_754' title='bbox 1724 5570 1882 5627; x_wconf 81' lang='grc' dir='ltr'>ἐκτε-</span> 
     </span>
    </p>
   </div>
   <div class='ocr_carea' id='block_1_107' title="bbox 479 5675 1166 5744">
    <p class='ocr_par' dir='ltr' id='par_1_107' title="bbox 479 5675 1166 5744">
     <span class='ocr_line' id='line_1_107' title="bbox 479 5675 1166 5744; baseline 0.004 -3"><span class='ocrx_word' id='word_1_755' title='bbox 479 5675 745 5741; x_wconf 68' lang='lat' dir='ltr'><strong>Parnon.</strong></span> <span class='ocrx_word' id='word_1_756' title='bbox 795 5676 911 5741; x_wconf 81' lang='lat' dir='ltr'><strong>Gn.</strong></span> <span class='ocrx_word' id='word_1_757' title='bbox 957 5676 1166 5744; x_wconf 82' lang='lat' dir='ltr'>CXIV.</span> 
     </span>
    </p>
   </div>
   <div class='ocr_carea' id='block_1_108' title="bbox 1956 4478 3590 4573">
    <p class='ocr_par' dir='ltr' id='par_1_108' title="bbox 1956 4478 3590 4573">
     <span class='ocr_line' id='line_1_108' title="bbox 1956 4478 3590 4573; baseline 0.007 -27"><span class='ocrx_word' id='word_1_758' title='bbox 1956 4485 2214 4562; x_wconf 78' lang='lat' dir='ltr'><strong>graviter</strong></span> <span class='ocrx_word' id='word_1_759' title='bbox 2244 4479 2668 4573; x_wconf 76' lang='lat' dir='ltr'><strong>castigabatur,</strong></span> <span class='ocrx_word' id='word_1_760' title='bbox 2705 4478 3073 4573; x_wconf 83' lang='lat' dir='ltr'><strong>adducentes</strong></span> <span class='ocrx_word' id='word_1_761' title='bbox 3121 4485 3256 4565; x_wconf 86' lang='lat' dir='ltr'><strong>ejus</strong></span> <span class='ocrx_word' id='word_1_762' title='bbox 3286 4478 3590 4573; x_wconf 80' lang='lat' dir='ltr'><strong>parentes,</strong></span> 
     </span>
    </p>
   </div>
   <div class='ocr_carea' id='block_1_109' title="bbox 1951 4569 3595 4659">
    <p class='ocr_par' dir='ltr' id='par_1_109' title="bbox 1951 4569 3595 4659">
     <span class='ocr_line' id='line_1_109' title="bbox 1951 4569 3595 4659; baseline 0.003 -23"><span class='ocrx_word' id='word_1_763' title='bbox 1951 4575 2230 4655; x_wconf 91' lang='lat' dir='ltr'><strong>jecerunt</strong></span> <span class='ocrx_word' id='word_1_764' title='bbox 2259 4569 2335 4634; x_wconf 84' lang='lat' dir='ltr'><strong>ad</strong></span> <span class='ocrx_word' id='word_1_765' title='bbox 2369 4570 2555 4650; x_wconf 88' lang='lat' dir='ltr'><strong>pedes</strong></span> <span class='ocrx_word' id='word_1_766' title='bbox 2583 4570 2798 4646; x_wconf 86' lang='lat' dir='ltr'><strong>sancti,</strong></span> <span class='ocrx_word' id='word_1_767' title='bbox 2826 4578 3115 4651; x_wconf 76' lang='lat' dir='ltr'><strong>rogantes</strong></span> <span class='ocrx_word' id='word_1_768' title='bbox 3157 4584 3224 4637; x_wconf 93' lang='lat' dir='ltr'><strong>ut</strong></span> <span class='ocrx_word' id='word_1_769' title='bbox 3252 4569 3384 4659; x_wconf 81' lang='lat' dir='ltr'><strong>ejus</strong></span> <span class='ocrx_word' id='word_1_770' title='bbox 3415 4569 3595 4648; x_wconf 67' lang='lat' dir='ltr'><strong>mise-</strong></span> 
     </span>
    </p>
   </div>
   <div class='ocr_carea' id='block_1_110' title="bbox 1956 4659 3595 4743">
    <p class='ocr_par' dir='ltr' id='par_1_110' title="bbox 1956 4659 3595 4743">
     <span class='ocr_line' id='line_1_110' title="bbox 1956 4659 3595 4743; baseline 0.008 -18"><span class='ocrx_word' id='word_1_771' title='bbox 1956 4670 2196 4727; x_wconf 87' lang='lat' dir='ltr'><strong>reretur</strong></span> <span class='ocrx_word' id='word_1_772' title='bbox 2211 4659 2568 4743; x_wconf 86' lang='lat' dir='ltr'><strong>juventutis,</strong></span> <span class='ocrx_word' id='word_1_773' title='bbox 2599 4668 2659 4722; x_wconf 90' lang='lat' dir='ltr'><strong>et</strong></span> <span class='ocrx_word' id='word_1_774' title='bbox 2686 4677 2823 4722; x_wconf 89' lang='lat' dir='ltr'><strong>eum</strong></span> <span class='ocrx_word' id='word_1_775' title='bbox 2868 4659 3152 4726; x_wconf 89' lang='lat' dir='ltr'><strong>liberaret</strong></span> <span class='ocrx_word' id='word_1_776' title='bbox 3180 4664 3255 4728; x_wconf 90' lang='lat' dir='ltr'><strong>ab</strong></span> <span class='ocrx_word' id='word_1_777' title='bbox 3286 4669 3595 4738; x_wconf 89' lang='lat' dir='ltr'><strong>immundo</strong></span> 
     </span>
    </p>
   </div>
   <div class='ocr_carea' id='block_1_111' title="bbox 1960 4752 3598 4826">
    <p class='ocr_par' dir='ltr' id='par_1_111' title="bbox 1960 4752 3598 4826">
     <span class='ocr_line' id='line_1_111' title="bbox 1960 4752 3598 4826; baseline 0.007 -10"><span class='ocrx_word' id='word_1_778' title='bbox 1960 4754 2253 4816; x_wconf 63' lang='lat' dir='ltr'><strong>daemone.</strong></span> <span class='ocrx_word' id='word_1_779' title='bbox 2288 4752 2394 4813; x_wconf 92' lang='lat' dir='ltr'><strong>Vir</strong></span> <span class='ocrx_word' id='word_1_780' title='bbox 2442 4757 2637 4813; x_wconf 89' lang='lat' dir='ltr'><strong>autem</strong></span> <span class='ocrx_word' id='word_1_781' title='bbox 2698 4760 2940 4814; x_wconf 86' lang='lat' dir='ltr'><strong>sanctus</strong></span> <span class='ocrx_word' id='word_1_782' title='bbox 2998 4753 3147 4816; x_wconf 84' lang='lat' dir='ltr'><strong>dixit</strong></span> <span class='ocrx_word' id='word_1_783' title='bbox 3175 4756 3265 4820; x_wconf 88' lang='lat' dir='ltr'><strong>eis</strong></span> <span class='ocrx_word' id='word_1_784' title='bbox 3300 4777 3314 4821; x_wconf 92' lang='lat'>:</span> <span class='ocrx_word' id='word_1_785' title='bbox 3346 4758 3475 4825; x_wconf 85' lang='lat' dir='ltr'><strong>Non</strong></span> <span class='ocrx_word' id='word_1_786' title='bbox 3504 4774 3598 4826; x_wconf 87' lang='lat' dir='ltr'><strong>est</strong></span> 
     </span>
    </p>
   </div>
   <div class='ocr_carea' id='block_1_112' title="bbox 1963 4839 3598 4924">
    <p class='ocr_par' dir='ltr' id='par_1_112' title="bbox 1963 4839 3598 4924">
     <span class='ocr_line' id='line_1_112' title="bbox 1963 4839 3598 4924; baseline 0.007 -19"><span class='ocrx_word' id='word_1_787' title='bbox 1963 4844 2178 4924; x_wconf 83' lang='lat' dir='ltr'><strong>dignus</strong></span> <span class='ocrx_word' id='word_1_788' title='bbox 2207 4842 2311 4922; x_wconf 89' lang='lat' dir='ltr'><strong>qui</strong></span> <span class='ocrx_word' id='word_1_789' title='bbox 2335 4849 2601 4916; x_wconf 84' lang='lat' dir='ltr'><strong>curetur;</strong></span> <span class='ocrx_word' id='word_1_790' title='bbox 2625 4839 2700 4903; x_wconf 89' lang='lat' dir='ltr'><strong>ad</strong></span> <span class='ocrx_word' id='word_1_791' title='bbox 2748 4842 3199 4921; x_wconf 76' lang='lat' dir='ltr'><strong>castigationem</strong></span> <span class='ocrx_word' id='word_1_792' title='bbox 3230 4849 3391 4911; x_wconf 88' lang='lat' dir='ltr'><strong>enim</strong></span> <span class='ocrx_word' id='word_1_793' title='bbox 3424 4853 3598 4916; x_wconf 86' lang='lat' dir='ltr'><strong>datus</strong></span> 
     </span>
    </p>
   </div>
   <div class='ocr_carea' id='block_1_113' title="bbox 1961 4928 3599 5014">
    <p class='ocr_par' dir='ltr' id='par_1_113' title="bbox 1961 4928 3599 5014">
     <span class='ocr_line' id='line_1_113' title="bbox 1961 4928 3599 5014; baseline 0.007 -19"><span class='ocrx_word' id='word_1_794' title='bbox 1961 4932 2015 4995; x_wconf 91' lang='lat' dir='ltr'><strong>ei</strong></span> <span class='ocrx_word' id='word_1_795' title='bbox 2045 4932 2154 4995; x_wconf 82' lang='lat' dir='ltr'><strong>fuit</strong></span> <span class='ocrx_word' id='word_1_796' title='bbox 2184 4930 2462 4994; x_wconf 82' lang='lat' dir='ltr'><strong>stimulus</strong></span> <span class='ocrx_word' id='word_1_797' title='bbox 2493 4928 2765 5010; x_wconf 84' lang='lat' dir='ltr'><strong>spiritus;</strong></span> <span class='ocrx_word' id='word_1_798' title='bbox 2798 4941 2894 4994; x_wconf 87' lang='lat' dir='ltr'><strong>est</strong></span> <span class='ocrx_word' id='word_1_799' title='bbox 2923 4931 3082 4996; x_wconf 89' lang='lat' dir='ltr'><strong>enim</strong></span> <span class='ocrx_word' id='word_1_800' title='bbox 3117 4937 3434 5014; x_wconf 87' lang='lat' dir='ltr'><strong>parricida.</strong></span> <span class='ocrx_word' id='word_1_801' title='bbox 3475 4941 3599 5007; x_wconf 83' lang='lat' dir='ltr'><strong>Vos</strong></span> 
     </span>
    </p>
   </div>
   <div class='ocr_carea' id='block_1_114' title="bbox 1963 5018 3602 5105">
    <p class='ocr_par' dir='ltr' id='par_1_114' title="bbox 1963 5018 3602 5105">
     <span class='ocr_line' id='line_1_114' title="bbox 1963 5018 3602 5105; baseline 0.007 -21"><span class='ocrx_word' id='word_1_802' title='bbox 1963 5023 2123 5085; x_wconf 89' lang='lat' dir='ltr'><strong>enim</strong></span> <span class='ocrx_word' id='word_1_803' title='bbox 2182 5039 2340 5102; x_wconf 69' lang='lat' dir='ltr'><strong>smpe</strong></span> <span class='ocrx_word' id='word_1_804' title='bbox 2396 5018 2472 5082; x_wconf 88' lang='lat' dir='ltr'><strong>ab</strong></span> <span class='ocrx_word' id='word_1_805' title='bbox 2531 5038 2603 5082; x_wconf 87' lang='lat' dir='ltr'><strong>eo</strong></span> <span class='ocrx_word' id='word_1_806' title='bbox 2652 5018 2843 5082; x_wconf 86' lang='lat' dir='ltr'><strong>habiti</strong></span> <span class='ocrx_word' id='word_1_807' title='bbox 2866 5025 3260 5105; x_wconf 84' lang='lat' dir='ltr'><strong>contemptui,</strong></span> <span class='ocrx_word' id='word_1_808' title='bbox 3292 5028 3353 5091; x_wconf 92' lang='lat' dir='ltr'><strong>in</strong></span> <span class='ocrx_word' id='word_1_809' title='bbox 3383 5032 3602 5096; x_wconf 66' lang='lat' dir='ltr'><strong>animat</strong></span> 
     </span>
    </p>
   </div>
   <div class='ocr_carea' id='block_1_115' title="bbox 1959 5107 3603 5203">
    <p class='ocr_par' dir='ltr' id='par_1_115' title="bbox 1959 5107 3603 5203">
     <span class='ocr_line' id='line_1_115' title="bbox 1959 5107 3603 5203; baseline 0.009 -30"><span class='ocrx_word' id='word_1_810' title='bbox 1959 5118 2180 5203; x_wconf 51' lang='lat' dir='ltr'><strong>vestrae</strong></span> <span class='ocrx_word' id='word_1_811' title='bbox 2199 5127 2475 5203; x_wconf 81' lang='lat' dir='ltr'><strong>amarore</strong></span> <span class='ocrx_word' id='word_1_812' title='bbox 2504 5110 2693 5203; x_wconf 81' lang='lat' dir='ltr'><strong>a_Deo</strong></span> <span class='ocrx_word' id='word_1_813' title='bbox 2724 5107 3007 5203; x_wconf 76' lang='lat' dir='ltr'><strong>petiistis,</strong></span> <span class='ocrx_word' id='word_1_814' title='bbox 3022 5120 3098 5203; x_wconf 84' lang='lat' dir='ltr'><strong>ut</strong></span> <span class='ocrx_word' id='word_1_815' title='bbox 3123 5115 3255 5196; x_wconf 85' lang='lat' dir='ltr'><strong>ipse</strong></span> <span class='ocrx_word' id='word_1_816' title='bbox 3284 5123 3603 5203; x_wconf 86' lang='lat' dir='ltr'><strong>castigare-</strong></span> 
     </span>
    </p>
   </div>
   <div class='ocr_carea' id='block_1_116' title="bbox 1964 5198 3598 5291">
    <p class='ocr_par' dir='ltr' id='par_1_116' title="bbox 1964 5198 3598 5291">
     <span class='ocr_line' id='line_1_116' title="bbox 1964 5198 3598 5291; baseline 0.008 -28"><span class='ocrx_word' id='word_1_817' title='bbox 1964 5209 2083 5264; x_wconf 92' lang='lat' dir='ltr'><strong>tur.</strong></span> <span class='ocrx_word' id='word_1_818' title='bbox 2120 5198 2315 5263; x_wconf 89' lang='lat' dir='ltr'><strong>Sinite</strong></span> <span class='ocrx_word' id='word_1_819' title='bbox 2347 5217 2482 5262; x_wconf 91' lang='lat' dir='ltr'><strong>eum</strong></span> <span class='ocrx_word' id='word_1_820' title='bbox 2510 5198 2596 5260; x_wconf 89' lang='lat' dir='ltr'><strong>sic</strong></span> <span class='ocrx_word' id='word_1_821' title='bbox 2621 5215 2777 5280; x_wconf 86' lang='lat' dir='ltr'><strong>esse,</strong></span> <span class='ocrx_word' id='word_1_822' title='bbox 2822 5201 3065 5291; x_wconf 82' lang='lat' dir='ltr'><strong>expedit</strong></span> <span class='ocrx_word' id='word_1_823' title='bbox 3091 5204 3280 5270; x_wconf 88' lang='lat' dir='ltr'><strong>enim.</strong></span> <span class='ocrx_word' id='word_1_824' title='bbox 3312 5208 3404 5273; x_wconf 85' lang='lat' dir='ltr'><strong>Illi</strong></span> <span class='ocrx_word' id='word_1_825' title='bbox 3433 5198 3598 5291; x_wconf 72' lang='lat' dir='ltr'><strong>vero,</strong></span> 
     </span>
    </p>
   </div>
   <div class='ocr_carea' id='block_1_117' title="bbox 1966 5289 3601 5379">
    <p class='ocr_par' dir='ltr' id='par_1_117' title="bbox 1966 5289 3601 5379">
     <span class='ocr_line' id='line_1_117' title="bbox 1966 5289 3601 5379; baseline 0.009 -25"><span class='ocrx_word' id='word_1_826' title='bbox 1966 5301 2028 5354; x_wconf 87' lang='lat' dir='ltr'><strong>ut</strong></span> <span class='ocrx_word' id='word_1_827' title='bbox 2058 5291 2158 5372; x_wconf 92' lang='lat' dir='ltr'><strong>qui</strong></span> <span class='ocrx_word' id='word_1_828' title='bbox 2190 5298 2391 5352; x_wconf 88' lang='lat' dir='ltr'><strong>essent</strong></span> <span class='ocrx_word' id='word_1_829' title='bbox 2431 5297 2716 5369; x_wconf 86' lang='lat' dir='ltr'><strong>parentes</strong></span> <span class='ocrx_word' id='word_1_830' title='bbox 2743 5296 2801 5350; x_wconf 91' lang='lat' dir='ltr'><strong>et</strong></span> <span class='ocrx_word' id='word_1_831' title='bbox 2830 5289 3220 5356; x_wconf 80' lang='lat' dir='ltr'><strong>vincerentur</strong></span> <span class='ocrx_word' id='word_1_832' title='bbox 3246 5289 3601 5379; x_wconf 81' lang='lat' dir='ltr'><strong>visceribus,</strong></span> 
     </span>
    </p>
   </div>
   <div class='ocr_carea' id='block_1_118' title="bbox 1966 5381 3606 5464">
    <p class='ocr_par' dir='ltr' id='par_1_118' title="bbox 1966 5381 3606 5464">
     <span class='ocr_line' id='line_1_118' title="bbox 1966 5381 3606 5464; baseline 0.008 -20"><span class='ocrx_word' id='word_1_833' title='bbox 1966 5382 2453 5444; x_wconf 79' lang='lat' dir='ltr'><strong>exclamaverunt</strong></span> <span class='ocrx_word' id='word_1_834' title='bbox 2482 5387 2763 5458; x_wconf 83' lang='lat' dir='ltr'><strong>rogantes</strong></span> <span class='ocrx_word' id='word_1_835' title='bbox 2820 5399 2956 5442; x_wconf 90' lang='lat' dir='ltr'><strong>cum</strong></span> <span class='ocrx_word' id='word_1_836' title='bbox 2988 5381 3267 5464; x_wconf 81' lang='lat' dir='ltr'><strong>lacrymis</strong></span> <span class='ocrx_word' id='word_1_837' title='bbox 3301 5410 3315 5447; x_wconf 90' lang='lat'><strong>:</strong></span> <span class='ocrx_word' id='word_1_838' title='bbox 3347 5389 3606 5457; x_wconf 89' lang='lat' dir='ltr'><strong>Precare</strong></span> 
     </span>
    </p>
   </div>
   <div class='ocr_carea' id='block_1_119' title="bbox 1968 5468 3606 5557">
    <p class='ocr_par' dir='ltr' id='par_1_119' title="bbox 1968 5468 3606 5557">
     <span class='ocr_line' id='line_1_119' title="bbox 1968 5468 3606 5557; baseline -0.001 -21"><span class='ocrx_word' id='word_1_839' title='bbox 1968 5474 2153 5536; x_wconf 89' lang='lat' dir='ltr'><strong>Deum</strong></span> <span class='ocrx_word' id='word_1_840' title='bbox 2177 5488 2286 5552; x_wconf 92' lang='lat' dir='ltr'><strong>pro</strong></span> <span class='ocrx_word' id='word_1_841' title='bbox 2319 5470 2541 5551; x_wconf 88' lang='lat' dir='ltr'><strong>ipso,ut</strong></span> <span class='ocrx_word' id='word_1_842' title='bbox 2571 5468 2861 5531; x_wconf 83' lang='lat' dir='ltr'><strong>liberetur</strong></span> <span class='ocrx_word' id='word_1_843' title='bbox 2885 5489 2920 5549; x_wconf 83' lang='lat' dir='ltr'><strong>a</strong></span> <span class='ocrx_word' id='word_1_844' title='bbox 2948 5489 3104 5533; x_wconf 71' lang='lat' dir='ltr'><strong>saevo</strong></span> <span class='ocrx_word' id='word_1_845' title='bbox 3138 5486 3197 5537; x_wconf 86' lang='lat' dir='ltr'><strong>et</strong></span> <span class='ocrx_word' id='word_1_846' title='bbox 3218 5479 3465 5557; x_wconf 79' lang='lat' dir='ltr'><strong>immani</strong></span> <span class='ocrx_word' id='word_1_847' title='bbox 3488 5485 3606 5546; x_wconf 61' lang='lat' dir='ltr'><strong>dm.</strong></span> 
     </span>
    </p>
   </div>
   <div class='ocr_carea' id='block_1_120' title="bbox 1970 5564 3623 5645">
    <p class='ocr_par' dir='ltr' id='par_1_120' title="bbox 1970 5564 3623 5645">
     <span class='ocr_line' id='line_1_120' title="bbox 1970 5564 3623 5645; baseline 0.01 -15"><span class='ocrx_word' id='word_1_848' title='bbox 1970 5584 2168 5630; x_wconf 89' lang='lat' dir='ltr'><strong>mone.</strong></span> <span class='ocrx_word' id='word_1_849' title='bbox 2200 5564 2416 5637; x_wconf 83' lang='lat' dir='ltr'><strong>Beatus</strong></span> <span class='ocrx_word' id='word_1_850' title='bbox 2445 5570 2641 5626; x_wconf 88' lang='lat' dir='ltr'><strong>autem</strong></span> <span class='ocrx_word' id='word_1_851' title='bbox 2666 5565 3021 5638; x_wconf 86' lang='lat' dir='ltr'><strong>Parthenius</strong></span> <span class='ocrx_word' id='word_1_852' title='bbox 3052 5570 3336 5639; x_wconf 80' lang='lat' dir='ltr'><strong>misertus</strong></span> <span class='ocrx_word' id='word_1_853' title='bbox 3364 5578 3623 5645; x_wconf 80' lang='lat' dir='ltr'><strong>abunde.</strong></span> 
     </span>
    </p>
   </div>
   <div class='ocr_carea' id='block_1_121' title="bbox 3209 5681 3286 5753">
    <p class='ocr_par' dir='ltr' id='par_1_121' title="bbox 3209 5681 3286 5753">
     <span class='ocr_line' id='line_1_121' title="bbox 3209 5681 3286 5753; baseline 0.026 -2"><span class='ocrx_word' id='word_1_854' title='bbox 3209 5681 3286 5753; x_wconf 86' lang='grc'><strong>43</strong></span> 
     </span>
    </p>
   </div>
  </div>
