3932 6140
184 239 345 310 1357

1469 242 1656 315 VITA
1697 248 1760 314 S.
1813 241 2300 314 PARTHENIL

3406 245 3559 318 1358

177 385 323 459 αὖτῷ
366 398 529 464 χεῖρα
574 384 864 450 ἀνέστησεν
909 387 993 442 καὶ
1058 384 1300 443 ἀπέδωκε
1371 402 1490 450 τοῖς
1547 399 1810 467 γονεῦσιν,

1956 403 2106 447 ιτευε
2138 392 2226 446 est
2251 382 2497 463 spiritus
2529 401 2544 443 :
2600 389 2658 444 et
2705 383 2902 444 statim
2936 383 3184 459 assedit,
3221 386 3322 467 qui
3355 387 3550 451 fuerat

177 475 255 538 ὡς
297 480 475 531 πᾶσαν
505 476 598 544 τὴν
646 474 804 532 πόλιν
835 473 1068 547 δοξάζειν
1113 477 1203 532 τόν
1236 478 1368 533 Θεὸν
1417 477 1499 537 ἐπὶ
1545 486 1620 553 τῷ
1651 501 1815 558 γεγο-

179 563 313 622 νότι.
376 565 514 630 Γυνὶκ⁸
571 563 625 620 δέ
684 587 765 630 τις
820 564 1090 646 διάκονος,
1137 563 1410 645 Ἀσήρμου
1472 569 1662 642 κώμης
1721 574 1816 644 τῇς

180 653 543 730 Χερσονήσου,
575 655 802 721 ὀνόματι
837 654 1064 734 Θεοφίλα
1107 657 1196 712 καὶ
1253 657 1344 712 σὺν
1389 657 1524 735 αύτῇ
1571 649 1818 736 Ῥουφῖνα

178 741 390 804 ἀείπαις
443 745 505 799 ἐκ
549 749 650 810 τῆς
689 748 850 811 αὐτῆς
905 745 1122 824 κώμης,
1165 746 1268 802 ὑπὸ
1313 747 1615 821 πνεύματος
1675 747 1817 803 ἀκα-

178 829 371 907 θάρτου
397 832 628 910 πάρετος
687 847 966 912 γεγονυῖα,
1027 833 1338 913 ἠνέχθησαν
1369 841 1441 909 τῷ
1487 836 1622 913 ἁγίῳ
1650 834 1814 910 ἀνδρὶ,

178 919 239 982 ἃς
271 919 327 976 ἐν
370 921 598 999 ἡμέραις
648 921 879 1003 ὀλίγαις,
937 922 1074 1000 ὕδωρ
1123 922 1428 1005 ἐπιϐρὲχων
1459 925 1553 982 καὶ
1583 924 1816 1003 ἐπευχό-

177 1031 361 1086 μενος,
395 1018 464 1088 τῇ
494 1010 712 1094 δυνάμει
746 1021 838 1072 τοῦ
898 1017 1085 1094 Κυρίου
1143 1018 1316 1094 ὑγιεῖς
1363 1017 1682 1092 ἀπέπεμψεν
1743 1017 1816 1079 εἷς

179 1103 244 1156 τὰ
303 1098 434 1160 ἴδια.
501 1093 724 1178 ’ἰλαρίου
768 1106 907 1169 τινὸς
957 1093 1306 1184 πρεσϐυτέρου
1341 1107 1448 1163 ἀπὸ
1498 1104 1814 1182 Σανσαδίας,

177 1191 287 1255 υἱὸς
343 1193 664 1270 μονογενὴς,
717 1195 938 1270 ὀνόματι
987 1193 1309 1271 Θαλάσσιος,
1356 1197 1458 1254 ὐπὸ
1519 1197 1818 1270 πνεύματος

183 1287 422 1356 πονηροῦ
481 1280 580 1348 ἔξω
645 1284 744 1340 τῶν
801 1287 1003 1364 φρενῶν
1072 1285 1385 1366 γενόμενος,
1459 1285 1660 1364 ἠνέχθη
1744 1293 1820 1360 τῷ

179 1367 309 1442 ὁσίῳ
345 1387 362 1402 ⁶
395 1368 454 1425 ὃν
501 1376 586 1428 καὶ
631 1373 999 1452 ἐπευχόμενος
1033 1373 1087 1428 ἐν
1135 1372 1285 1440 ὅλαις
1323 1375 1458 1431 ἑπτὰ
1487 1376 1714 1452 ἡμέραις
1747 1375 1818 1438 εἰς

177 1458 240 1512 τὸ
270 1459 406 1515 κατὰ
453 1460 608 1540 φύσιν
657 1459 882 1542 ἤγαγεν,
933 1463 1022 1518 καὶ
1065 1462 1483 1542 εὔχαριστοῦντα
1525 1470 1602 1536 τῷ
1651 1463 1819 1539 Κυρίῳ

178 1546 271 1602 σὺν
318 1555 392 1621 τῷ
439 1551 609 1629 Πατρῗ
663 1550 945 1614 ἀπέλυσεν,
1008 1550 1206 1630 Γραΐδα
1279 1551 1334 1608 δέ
1379 1575 1497 1610 τινα
1557 1554 1819 1632 τενιχρὰν

179 1634 407 1712 ὀνόματι
458 1638 736 1707 Καλιόπην
778 1642 866 1701 xii
911 1643 1001 1699 σὺν
1055 1643 1188 1718 αύτῇ
1233 1642 1416 1720 ἑτέραν
1463 1643 1648 1722 κόραν,
1692 1643 1817 1698 ὀνό-

1901 483 2192 550 mortuus,
2224 481 2283 535 et
2314 473 2493 554 ccepit
2524 473 2864 554 loqui.Data
2894 481 3095 535 autem
3135 475 3190 536 ei
3226 494 3429 559 manu,
3464 480 3548 541 fe-

1899 565 1977 627 cit
1998 583 2134 627 eum
2153 571 2489 646 surgere,et
2511 581 2720 625 sanum
2737 561 2999 624 reddidit
3015 563 3547 644 parentibus,adeo

1902 665 1964 718 ut
1985 655 2264 717 universa
2293 653 2502 716 civitas
2533 656 2722 717 Deum
2756 652 3029 715 laudaret
3060 663 3308 734 propter
3330 656 3548 720 factum

1905 743 2571 816 miraculum.Quaadam
2595 749 2792 804 autem
2819 742 3040 804 mulier
3059 742 3548 823 diaconissa,no-

1904 837 2064 898 mine
2096 835 2453 914 Theophila,
2509 853 2581 895 ex
2613 834 2865 896 Asermo
2900 835 3033 897 vico
3065 836 3457 914 Gherronesi,
3493 846 3553 900 et

1902 945 2035 988 cum
2069 925 2217 1006 ipsa,
2255 922 2470 987 Ruﬁna
2500 924 2778 1004 impubes
2811 942 2882 985 ex
2913 924 3128 986 eodem
3166 926 3403 1002 vico,ab
3429 927 3549 987 im-

1904 1015 2125 1077 mundo
2148 1014 2363 1096 Spiritu
2409 1013 2726 1087 dissoluta,
2755 1022 2813 1075 et
2838 1015 3051 1076 effecta
3081 1015 3435 1095 paralytica,
3467 1016 3551 1078 al-

1903 1105 2033 1168 latae
2059 1113 2199 1167 sunt
2226 1104 2298 1167 ad
2330 1111 2602 1166 sanctum
2645 1105 2860 1167 virum.
2898 1102 3057 1176 Quas
3093 1105 3299 1186 paucis
3333 1105 3549 1169 diebus

1901 1213 2055 1276 aqua
2103 1195 2360 1272 irrigans
2405 1202 2482 1256 et
2519 1211 2792 1274 precans,
2861 1193 3071 1255 virtute
3105 1196 3342 1257 Domini
3372 1213 3549 1258 sanas

1905 1285 2102 1346 emisit
2132 1285 2204 1346 ad
2229 1283 2619 1346 suos.Hilarii
2651 1283 2959 1364 cujusdam
2990 1283 3324 1364 presbyteri
3348 1303 3418 1347 ex
3438 1289 3554 1348 Au-

1903 1375 2066 1436 sadia
2088 1375 2246 1436 ﬁlius
2267 1373 2805 1454 unigena,nomine
2837 1372 3325 1455 Thalassius,qui
3356 1393 3388 1436 a
3419 1393 3551 1437 ma-

1903 1464 2062 1544 ligno
2092 1464 2304 1544 spiritu
2336 1465 2529 1527 fuerat
2561 1471 2762 1526 mente
2797 1474 3024 1540 motus,
3063 1471 3332 1544 portatus
3365 1473 3455 1528 est
3478 1466 3552 1528 ad

1902 1553 2390 1626 sanctum.Quem
2415 1573 2550 1616 cum
2570 1553 3120 1633 accepisset,orans
3145 1561 3299 1615 totos
3321 1563 3551 1635 septem

1903 1643 2303 1717 dies,reduxit
2334 1643 2407 1705 ad
2435 1650 2806 1719 naturam,et
2839 1641 3098 1704 Domino
3125 1652 3404 1721 agentem
3426 1663 3555 1725 gra-

177 1747 306 1801 ματι
357 1729 644 1806 Κυριακὴν,
691 1729 1013 1809 ἀμφοτέραις
1059 1731 1162 1786 ὕπὸ
1234 1741 1534 1808 πνεύματος
1583 1731 1816 1810 ἀκαθάρο

1956 1749 2038 1807 as,
2071 1751 2204 1794 cum
2240 1743 2405 1811 patre
2435 1732 2673 1795 remisit
2703 1732 2776 1793 ad
2815 1732 3095 1811 patriam.
3133 1731 3381 1796 Vetulas
3413 1753 3552 1797 vero

177 1835 272 1872 του
329 1815 714 1893 παιδευομένας
758 1818 991 1898 ἤνεγκαν
1053 1822 1184 1892 πρὸς
1234 1823 1414 1892 αύτὸν,
1460 1823 1548 1878 καὶ
1608 1820 1690 1877 διὰ
1720 1827 1818 1888 τῆς

177 1907 310 1984 πρὸς
340 1908 470 1963 Θεὸν
501 1908 672 1988 εὐχῆς
705 1909 1045 1988 ἐθεράπευσεν
1080 1927 1093 1941 '
1155 1909 1272 1974 δούς
1306 1933 1359 1968 τε
1394 1915 1584 1977 αὒταῖς
1619 1912 1709 1968 καὶ
1753 1912 1820 1967 τὰ

177 1997 309 2074 πρὸς
330 1995 614 2077 διατροφὴν
647 1998 932 2061 ἀπέλυσεν,

1901 1822 2188 1903 quasdam
2213 1821 2361 1883 duas
2381 1840 2703 1904 pauperes,
2743 1839 2998 1903 quarum
3032 1823 3136 1884 uni
3171 1841 3390 1885 nomen
3423 1834 3558 1889 erat

1903 1915 2194 1995 Calliope,
2229 1915 2402 1978 alteri
2459 1934 2601 1977 vero
2633 1914 2910 1994 Cyriaca,
2946 1933 3077 1994 quae
3107 1916 3298 1978 ambae
3328 1916 3401 1980 ab
3433 1918 3556 1981 im-

1901 2009 2124 2066 mundo
2147 2010 2352 2080 spiritu
2383 2009 3114 2081 castigabantur,tulerunt
3136 2010 3206 2066 ad
3231 2010 3508 2071 Sanctum
3537 2035 3550 2070 :

175 2083 279 2164 qui
311 2101 418 2165 per
444 2103 582 2148 suas
602 2085 675 2148 ad
707 2088 894 2149 Deum
932 2105 1142 2168 preces
1171 2087 1377 2151 ambas
1406 2090 1655 2153 curavit.
1681 2090 1826 2153 Cum
1861 2096 2056 2152 autem
2092 2089 2180 2151 eis
2202 2109 2442 2173 quoque
2475 2089 2743 2153 dedisset
2772 2107 2842 2153 ea
2873 2107 3012 2171 qua
3033 2088 3204 2154 erant
3231 2090 3304 2152 ad
3336 2092 3553 2156 victum

179 2173 547 2250 necessaria,
581 2174 808 2238 dimisit
841 2176 904 2238 in
934 2195 1105 2257 pace.

259 2263 488 2341 Θ’,Πρὸς
517 2263 572 2322 δὲ
603 2267 808 2328 τούτοις
839 2268 927 2324 καὶ
959 2281 1076 2328 τοῖς
1115 2267 1297 2334 ἄλλοις
1333 2284 1451 2334 τοῖς
1485 2268 1816 2347 ὰνεκδιηγιίο

174 2374 290 2420 τοις
332 2356 644 2430 Θαυμασίοις
711 2355 904 2424 συνέϐη
976 2358 1097 2415 τότε
1157 2361 1220 2416 τὸ
1276 2361 1539 2435 ταμιακὸν
1589 2362 1816 2440 βαφεῖον

177 2443 276 2511 τῆς
322 2443 592 2524 πορφύρας
638 2447 739 2503 ὑπὸ
807 2448 1100 2522 πνεύμᾶτος
1160 2449 1456 2522 ἀκαθάρτου
1509 2449 1813 2524 ἐνσκήψαν-

173 2553 290 2608 τος,
353 2532 743 2612 ἐμποδίζεσθαι,
790 2539 874 2592 καὶ
935 2537 1012 2612 μὴ
1071 2536 1356 2594 ἀποτελεῖν
1425 2540 1522 2608 τὴν
1572 2538 1624 2605 ἐξ
1670 2538 1812 2601 ἔθους

172 2623 375 2703 βαφὴν,
423 2622 559 2679 ἀλλᾶ
594 2627 681 2681 καὶ
719 2633 961 2704 φανερῶς
1031 2629 1397 2707 ἐπιφαίνεσθαι
1442 2631 1532 2684 τὸν
1578 2628 1813 2705 ἀκάθαρ-

173 2733 264 2769 τον
308 2711 530 2789 δαίμονα
563 2715 682 2778 τοῖς
727 2715 978 2796 βαφεῧτιν
1010 2718 1094 2772 καὶ
1148 2717 1226 2790 μὴ
1281 2730 1587 2798 συγχωρεῖν
1616 2719 1677 2774 τὸ
1709 2719 1814 2794 βα-

175 2801 384 2858 σιλικὸν
441 2802 820 2862 ἀποτελεῖσθαι
878 2805 1056 2885 ἔργον,
1137 2807 1210 2870 ὡς
1300 2807 1359 2861 ἐκ
1415 2809 1604 2864 τούτου
1651 2807 1815 2864 πολὺν

172 2889 406 2949 κίνδυνον
435 2894 523 2949 καὶ
567 2895 766 2970 ζημίαν
812 2895 1097 2969 ὃπομένειν
1153 2896 1274 2960 τοὺς
1332 2895 1674 2960 δουλεύοντας
1731 2896 1818 2952 καὶ

173 2985 292 3050 τοὺς
336 2985 550 3064 βᾶφεῖς.
615 2988 789 3044 Ταῦτα
833 2988 1015 3062 μαθὼν
1074 2990 1101 3044 ὁ
1163 2987 1309 3053 ὅσιος
1344 2987 1501 3069 ἁνὴρ,
1537 2989 1817 3066 προθύμως

173 3075 250 3138 εἷς
278 3075 372 3130 τὸν
427 3081 520 3132 τοῦ
562 3076 781 3156 βαφείου
839 3075 1164 3155 παρεγένετο
1207 3079 1394 3158 τόπον,
1441 3080 1530 3136 καὶ
1573 3101 1816 3159 προσκα-

1939 2266 2269 2332 lX.Praaler
2289 2268 2416 2331 haec
2433 2279 2632 2330 autem
2659 2269 3006 2350 etalia,qua3
3027 2273 3254 2331 narrari
3273 2288 3390 2332 non
3412 2289 3545 2352 pos-

1899 2357 2262 2433 sunt,sancti
2285 2358 2466 2438 hujus
2491 2357 2600 2419 viri
2630 2357 2945 2436 miracula,
2981 2358 3201 2420 accidit
3222 2368 3285 2421 ut
3313 2361 3556 2424 ofﬁcina

1898 2447 2230 2529 quoque,in
2262 2467 2376 2530 qua
2410 2447 2750 2528 tingebatur
2772 2449 3462 2529 purpura,impediretur
3477 2449 3550 2512 ab

1898 2537 2214 2600 immundo
2248 2537 2496 2620 spiritu,
2532 2538 2632 2616 qui
2667 2539 2727 2599 in
2762 2556 2892 2600 eam
2926 2537 3306 2614 incubuerat,
3343 2548 3401 2602 et
3431 2558 3552 2603 non

1898 2627 2166 2689 efﬁceret
2197 2646 2328 2690 eam
2369 2647 2545 2708 quam
2579 2626 2814 2688 solebat
2847 2626 3164 2689 tincturam
3194 2647 3210 2688 :
3236 2629 3342 2690 sed
3372 2635 3551 2692 etiam

1897 2716 2247 2779 immundus
2277 2717 2511 2779 daemon
2544 2725 2870 2797 appareret
2901 2716 3282 2795 tinctoribus,
3313 2727 3370 2780 et
3398 2737 3550 2799 opus

1899 2811 1979 2868 im
1989 2807 2283 2888 perutoris
2307 2825 2425 2868 non
2445 2808 2674 2868 sineret
2695 2806 2975 2869 eﬁ‘ectum
2994 2805 3279 2869 reddere:
3301 2807 3452 2870 adeo
3484 2815 3550 2870 ut

1902 2915 1970 2959 ex
2020 2896 2133 2960 hac
2181 2914 2246 2957 re
2280 2915 2558 2974 magnum
2596 2895 2933 2977 periculum
2969 2903 3026 2957 et
3073 2895 3356 2959 damnum
3394 2898 3551 2959 servi

1899 2987 2268 3048 sustinerent
2287 3000 2344 3048 et
2369 2984 3087 3059 tinctores.Quamobrem
3115 3004 3248 3047 cum
3277 2985 3552 3048 rescivis-

1900 3083 1993 3140 set
2013 3077 2192 3138 homo
2214 3075 2322 3138 Dei
2349 3076 2711 3139 Parthenius
2736 3085 2795 3138 et
2822 3075 2895 3137 ab
2926 3075 3015 3136 eis
3047 3075 3257 3138 fuisset
3281 3083 3546 3156 rogatus,

172 3163 464 3238 λεσάμενος
538 3165 630 3221 τὸν
689 3165 1000 3244 ἐνεργοῦντα
1065 3167 1359 3246 ἀκάθαρτον
1429 3167 1675 3248 δαίμονα,
1730 3169 1817 3224 καὶ

1956 3173 2178 3247 rompto
2199 3175 2256 3228 et
2277 3166 2462 3228 alacri
2488 3166 2688 3228 animo
2706 3165 2865 3227 venit
2886 3165 2958 3226 ad
2975 3164 3170 3226 locum
3191 3165 3464 3229 ofﬁcinae:
3490 3173 3548 3228 et

174 3251 501 3328 ἐπιτιμήσας
558 3255 714 3312 αὐτὸν
773 3254 859 3312 ἐπὶ
917 3260 996 3328 τῷ
1048 3254 1255 3337 φοϐερῷ
1297 3257 1384 3314 καὶ
1417 3257 1552 3335 ἁγίῳ
1595 3257 1815 3334 ὀνόματι

172 3348 268 3400 τοῦ
314 3349 468 3418 Θεοῦ,
517 3342 749 3424 ἄφαντον
805 3343 966 3401 αύτὸν
1024 3347 1317 3413 πεποίηκεν
1370 3347 1476 3404 ἀπὸ
1509 3347 1686 3415 πάσης
1717 3352 1815 3414 τῆς

174 3430 464 3510 ἐνεργείας,
527 3431 730 3492 ἐκείνου
791 3432 1080 3512 κράξαντος
1127 3435 1198 3497 εἰς
1246 3433 1521 3500 ὲξάκουσιν
1576 3435 1814 3514 πάντων,

173 3520 253 3578 ὅτι
296 3522 398 3578 ὃπὸ
441 3523 604 3602 πυρὸς
652 3522 925 3582 ἐλαύνεται
979 3525 1053 3588 εἷς
1085 3525 1182 3592 τὴν
1228 3524 1446 3602 γέενναν
1489 3532 1582 3583 τοῦ
1626 3527 1810 3604 πυρός.

176 3608 534 3677 Κελεύσαντος
596 3609 652 3668 δὲ
709 3615 803 3670 τοῦ
859 3613 1012 3692 ἁγίου
1056 3613 1306 3692 ἐγέμισαν
1367 3615 1412 3671 οἶ
1455 3616 1646 3694 βαφεῖς
1693 3616 1814 3678 τοὺς

172 3698 432 3782 λέϐητας,
492 3703 580 3759 καὶ
625 3702 882 3780 παρόντος
929 3702 1089 3761 αύτοῦ
1143 3702 1364 3784 ἒχάλων
1407 3703 1552 3783 ἔριον
1599 3705 1686 3761 καὶ
1715 3704 1814 3772 τὴν

169 3787 389 3847 δέουσαν
434 3791 611 3872 βαφὴν
645 3791 1042 3869 ἀνεμποδίστως
1106 3792 1158 3858 ἐξ
1207 3792 1406 3850 ἐκείνου
1456 3792 1676 3874 ἐδέχετο
1728 3795 1815 3850 καὶ

172 3881 247 3946 εἷς
294 3883 390 3937 τὸν
433 3880 723 3956 μετέπειτα
767 3883 963 3962 χρόνον
995 3899 1011 3914 °
1045 3883 1133 3940 καὶ
1163 3880 1330 3948 οὕτως
1385 3881 1710 3960 ἒῤῥύσθησαν
1760 3880 1815 3940 οἵ

178 3991 236 4029 τε
268 3968 677 4047 πολιτευόμενοι
734 3972 828 4028 καί
887 3975 933 4028 οἱ
963 3971 1155 4052 βαφεῖς
1189 3972 1386 4037 πάντες
1419 3980 1512 4030 τοῦ
1543 3971 1822 4049 βασιλικοῦ

175 4058 441 4120 κινδύνου.

260 4237 304 4296 ι’
318 4287 334 4302 .
380 4239 664 4318 Τεράστιον
719 4239 890 4316 θέαμα
920 4241 1206 4319 γενόμενον
1236 4242 1338 4298 ὑπὸ
1369 4244 1462 4299 τοῦ
1493 4242 1636 4299 ὁσίου
1691 4243 1818 4299 τού-

177 4351 273 4388 του
306 4330 512 4407 Πατρὸς
563 4331 718 4406 ἡμῶν
779 4331 1059 4408 Παρθενίου
1105 4331 1387 4392 ἀκούσατε.
1425 4330 1516 4390 Ἐν
1548 4338 1622 4406 τῷ
1651 4338 1821 4410 καιρῷ

179 4424 281 4486 τῆς
313 4425 420 4474 τῶν
448 4419 614 4476 θύθων
645 4419 827 4486 ἀλείας
859 4419 946 4476 ὅτε
993 4423 1040 4478 οἱ
1079 4421 1180 4496 μὲν
1230 4422 1412 4501 ἰχθύες
1457 4422 1657 4498 ὁρῶντο
1699 4434 1818 4486 τοῖς

1900 3276 2033 3318 cum
2055 3257 2407 3318 advocasset
2422 3254 2800 3316 immundum
2816 3264 3162 3335 operantem
3183 3255 3544 3331 daemonem,

1900 3353 1959 3406 et
1984 3363 2120 3406 eum
2156 3344 2524 3425 increpasset
2545 3343 2796 3405 terribili
2821 3351 2878 3404 et
2902 3351 3107 3404 sancto
3127 3342 3550 3406 nomineChri-

1900 3435 2002 3510 sti,
2038 3434 2181 3497 fecit
2211 3453 2349 3496 eum
2385 3451 2750 3496 evanescere
2773 3431 2846 3494 ab
2871 3431 3151 3494 omnibus
3174 3432 3417 3509 ﬁnibus,
3443 3432 3547 3495 illo

1901 3524 2198 3586 clamante
2221 3523 2501 3585 omnibus
2523 3520 2928 3585 audientibus:
2956 3520 3267 3602 Tanquam
3299 3521 3376 3583 ab
3410 3522 3549 3601 igne

1901 3613 2173 3694 expellor
2203 3615 2262 3675 in
2290 3613 2629 3692 gehennam
2659 3611 2838 3691 ignis.
2873 3610 3017 3672 Cum
3045 3619 3244 3672 autem
3262 3610 3550 3690 jussisset

1898 3703 2480 3778 Sanctus,tinctores
2505 3701 2906 3782 impleverunt
2933 3701 3253 3776 lebetes,et
3284 3719 3356 3762 eo
3389 3719 3546 3781 prae-

1901 3800 2072 3857 sente
2106 3791 2821 3854 immiseruntlanam.Ea
2849 3808 2990 3854 vero
3015 3789 3212 3853 abillo
3245 3799 3545 3874 tempore,

1905 3901 2254 3964 eam,quam
2283 3881 2596 3962 Oportebat
2616 3882 2933 3943 tincturam
2961 3880 3110 3942 citra
3141 3880 3329 3942 ullum
3359 3881 3548 3962 impe-

1904 3971 2238 4035 dimentum
2261 3971 2494 4052 accepit
2519 3969 2696 4032 etiam
2729 3969 2789 4031 in
2812 3967 3332 4049 futurum.Sicque
3356 3977 3415 4031 ct
3446 3970 3547 4051 qui

1905 4062 2201 4142 gerebant
2222 4078 2346 4123 rem
2357 4059 2754 4141 publicam,et
2777 4059 3065 4122 tinctores
3085 4076 3294 4121 omnes
3321 4057 3552 4122 liberati

1907 4151 2153 4214 fuerunt
2182 4169 2216 4212 a
2247 4149 2511 4231 periculo
2543 4148 2953 4232 imperatoris.

1973 4241 2245 4300 X.Audite
2271 4243 2425 4300 aliud
2452 4257 2686 4316 quoque
2711 4255 2988 4314 magnum
3017 4239 3553 4313 miraculum,quod

1902 4325 2122 4389 factum
2147 4335 2238 4388 est
2260 4345 2293 4388 a
2315 4336 2521 4390 sancto
2547 4329 2722 4390 Patre
2749 4335 2953 4388 nostro
3006 4325 3350 4390 Parthenio.
3376 4324 3557 4389 Tem-

1905 4435 2048 4500 pore
2077 4417 2424 4498 piscationis
2461 4417 2845 4498 tliynnorum,
2875 4414 3277 4479 cernebantur
3311 4417 3555 4498 quidem

181 4507 444 4583 ἁλιεῦσιν,
477 4510 550 4574 ὡς
581 4506 684 4576 ἤδη
728 4508 782 4565 ἐν
827 4508 1020 4590 χερσῖν
1050 4510 1384 4590 ὑπάρχοντες
1420 4529 1432 4542 ⁸
1483 4509 1817 4591 χαλωμένων

1956 4508 2104 4569 isces
2136 4526 2170 4569 a
2195 4505 2622 4586 piscatoribus,
2660 4514 2942 4586 tanquam
2978 4506 3082 4586 qui
3105 4507 3230 4586 jam
3257 4516 3459 4568 essent
3493 4507 3556 4569 in

182 4596 236 4654 δὲ
299 4603 404 4654 τῶν
447 4596 671 4655 δικτύων
725 4597 874 4658 οὐδὲν
918 4598 1082 4656 πλέον
1130 4598 1289 4667 ἤνυον
1325 4599 1360 4667 ἢ
1395 4601 1484 4656 τὸν
1517 4602 1683 4667 κόπον
1717 4601 1822 4658 μό-

181 4709 275 4746 νον
343 4687 628 4764 ὑπέμενον.
693 4695 859 4747 Τοῦτο
923 4689 978 4745 δὲ
1038 4689 1138 4745 ὑπὸ
1183 4685 1491 4758 διαϐολικῆς
1549 4687 1710 4769 αὔρας
1766 4692 1828 4747 τὸ

181 4774 445 4853 ὶμπόδιον
502 4777 770 4858 ὒπῆρχεν,
819 4782 916 4838 οῦκ
973 4779 1044 4840 εἷς
1097 4777 1153 4833 ἓν
1211 4777 1247 4846 ἢ
1278 4775 1516 4858 δεύτερον
1572 4778 1828 4856 ἐμπόριον

184 4866 502 4946 γενόμενον,
567 4866 690 4923 ἀλλ’
737 4869 810 4933 εἰς
843 4867 976 4936 ὅλην
1022 4867 1121 4936 τὴν
1156 4866 1440 4948 παραλίαν,
1472 4866 1630 4948 ἄχρις
1661 4866 1825 4926 Ἀϐύ-

185 4955 302 5018 δου.
367 4956 464 5014 Καὶ
519 4957 877 5036 συναχθέντες
936 4956 1168 5018 ἅπαντες
1227 4955 1312 5012 ἐπὶ
1350 4961 1428 5028 τῷ
1455 4957 1619 5031 αύτῷ,
1668 4953 1822 5026 ἐδεή-

185 5049 359 5113 θησαν
414 5051 509 5102 τοῦ
556 5042 756 5104 δικαίου
815 5044 1023 5125 ἃνδρός,
1085 5044 1328 5111 εὔξασθαι
1377 5047 1505 5122 πρὸς
1564 5050 1655 5102 τὸν
1697 5047 1826 5102 Θεὸν

189 5135 311 5214 περὶ
353 5136 550 5194 αὐτῶν.
585 5134 898 5217 Εύχομένου
957 5134 1010 5192 δὲ
1069 5138 1229 5194 αὒτοῦ
1285 5136 1422 5210 μετὰ
1451 5135 1697 5202 νηστείας
1741 5136 1830 5192 καὶ

187 5223 486 5298 κλαυθμοῦ,
548 5223 876 5304 ἐφανέρωσεν
938 5224 1080 5299 αύτῷ
1133 5225 1160 5280 ὸ
1218 5225 1346 5288 Θεὸς
1397 5224 1496 5291 τὴν
1538 5226 1832 5292 σατανικήν

190 5311 484 5392 ἐνέργειαν,
549 5310 612 5371 Ὀ
668 5312 723 5370 δὲ
782 5312 1064 5393 διεγερθεὶς
1107 5315 1200 5371 ούκ
1255 5314 1500 5382 ὤκνησεν
1529 5318 1828 5393 παραγενέ-

192 5406 312 5459 σθαι
371 5401 425 5458 ἐν
484 5401 693 5476 ἑκάστῳ
736 5403 975 5483 ἐμπορίῳ
1030 5403 1129 5469 ἕως
1172 5402 1414 5478 ’Λϐύδου,
1463 5407 1554 5461 καὶ
1601 5404 1833 5483 ε-Βλογῶν

193 5491 332 5570 ὕδωρ
389 5494 476 5548 καὶ
523 5488 806 5568 ἐμϐάλλων
864 5491 1023 5568 ἅλας,
1092 5492 1499 5568 ἐοικαλούμενος
1556 5496 1647 5551 τὸν
1706 5497 1834 5551 Θεὸν

277 5607 367 5690 (5)
402 5604 549 5672 Vide
574 5604 672 5670 hic
704 5625 918 5690 aquam
950 5606 1230 5673 benedici
1264 5625 1400 5673 cum
1431 5608 1578 5675 sale.

1914 4595 2213 4660 manibus.
2247 4596 2392 4659 Cum
2427 4595 2774 4658 laxarentur
2804 4605 3007 4658 autem
3039 4595 3211 4673 retia,
3240 4596 3390 4658 nihil
3424 4615 3561 4678 pro-

1913 4686 2216 4760 ﬁciebant,
2275 4685 2379 4748 sed
2415 4685 2683 4748 laborem
2717 4685 2959 4748 inanem
2990 4684 3386 4750 sustinebant.
3420 4685 3560 4750 Fuit

1912 4794 2050 4838 vero
2084 4776 2198 4838 hoc
2231 4793 2264 4837 a
2287 4773 2590 4837 diabolica
2620 4793 2767 4836 aura
2808 4774 3306 4856 impedimentum
3342 4794 3460 4837 non
3494 4775 3556 4838 in

1912 4884 2031 4928 uno
2056 4873 2285 4928 tantum
2305 4874 2404 4926 aut
2426 4864 2615 4928 altero
2632 4864 2928 4946 emporio,
2953 4863 3058 4926 sed
3085 4865 3143 4926 in
3168 4873 3289 4926 tota
3313 4865 3561 4945 regione

1914 4955 2208 5017 maritima
2239 4973 2428 5036 usque
2457 4955 2530 5017 ad
2556 4955 2862 5036 Abydum.
2888 4952 3111 5018 Omnes
3143 4962 3343 5017 autem
3378 4955 3560 5018 simul

1911 5046 2277 5125 congregati,
2310 5052 2598 5124 rogarunt
2631 5045 2820 5105 virum
2841 5044 3096 5124 justum,
3133 5053 3198 5105 ut
3223 5043 3413 5106 Deum
3451 5062 3561 5124 pro

1911 5134 2001 5196 eis
2028 5141 2398 5215 precaretur.
2432 5132 2514 5195 Eo
2562 5152 2701 5196 vero
2757 5141 3042 5214 precante
3072 5152 3207 5196 cum
3235 5134 3474 5216 jejunio
3501 5142 3566 5197 et

1911 5225 2078 5300 ﬂetu,
2113 5225 2272 5287 Deus
2303 5224 2360 5285 ei
2391 5224 2627 5305 aperuit
2654 5241 2895 5285 causam
2930 5232 2989 5284 et
3037 5222 3379 5287 Satanicam
3412 5243 3556 5306 ope-

1917 5313 2644 5393 rationem.Experrectus
2663 5312 3046 5388 autem,citra
3068 5331 3292 5375 moram
3320 5313 3557 5396 profec-

1921 5420 2014 5466 lus
2034 5413 2123 5466 est
2143 5404 2204 5465 in
2230 5421 2416 5464 unum
2442 5403 2722 5485 quodque
2739 5402 3075 5483 emporium
3102 5421 3292 5484 usque
3312 5405 3382 5463 ad
3409 5403 3564 5484 Aby-

1920 5493 2154 5571 dum,et
2178 5510 2387 5574 aquam
2421 5491 2811 5568 benedicens,
2836 5500 2894 5554 et
2928 5491 3012 5554 sal
3047 5491 3332 5572 injiciens
3356 5493 3473 5574 (5),
3509 5501 3572 5562 et
