3932 6140
384 185 535 256 1359

1642 191 1924 258 MENSIS
1982 187 2482 258 FEBRUARIUS.

3601 185 3750 252 1360

374 327 565 388 Deum
599 322 906 397 invocans,
933 321 1111 404 jussit
1141 322 1341 386 aﬂ‘erri
1385 324 1558 398 retia,
1617 332 1677 385 et
1731 343 1800 386 eo
1853 342 2004 404 prae--

2096 323 2363 402 ἒπέῤῥαινε
2423 337 2542 382 τοῖς
2588 323 2815 387 δικτύοις
2867 324 2950 380 καὶ
3002 323 3262 401 ἓπέτρὲπε
3322 324 3591 400 παρόντος
3649 326 3743 379 αῦ-

373 423 544 480 sente
591 413 840 494 piscium
910 421 1259 475 consuetam
1331 414 1534 476 facere
1593 415 2010 495 piscationem.

373 503 546 568 Tunc
571 522 707 565 cum
739 521 952 582 magno
978 503 1196 581 gaudio
1240 521 1346 565 sua
1375 503 1526 566 retia
1558 503 1851 580 laxantes,
1889 507 2010 568 Do-

375 594 524 655 mini
553 594 779 655 virtute
812 600 870 654 et
903 594 1099 654 sancti
1135 593 1444 672 precibus,
1486 603 1648 655 tanta
1679 593 1832 656 bona
1861 615 2009 656 con-

373 684 566 746 secuti
595 692 736 745 sunt
765 680 827 742 in
857 681 1209 761 piscatione,
1264 690 1328 744 ut
1380 683 1668 762 praeteriti
1726 686 2013 763 temporis

372 773 668 835 defectum
699 769 1130 852 suppleverint.
1164 769 1427 834 Sedeme
1456 782 1652 834 autem
1678 773 1802 834 viro
1833 793 2011 835 sanc—

373 871 432 925 to
464 862 522 924 in
574 861 842 940 emporio
894 860 1276 940 Catapteleze,
1339 879 1472 923 cum
1528 863 1777 942 piscatio
1838 863 2012 924 ﬁeret

371 951 650 1032 piscium,
685 959 932 1030 reteque
964 950 1322 1030 traheretur,
1358 952 1618 1030 thynnus
1653 955 1944 1013 maximus
1977 971 2010 1013 e

367 1041 483 1105 reti
511 1040 822 1115 exsiliens,
856 1057 921 1102 se
951 1041 1305 1121 projecitad
1343 1040 1527 1117 pedes
1562 1042 1776 1105 sancti.
1814 1042 2009 1115 Quem

371 1150 508 1195 cum
531 1131 852 1208 signasset,
888 1138 946 1192 et
977 1139 1254 1212 precatus
1286 1139 1464 1198 esset.
1511 1132 1694 1210 jussit
1723 1131 1918 1193 scindi
1953 1142 2014 1194 et

371 1219 652 1285 distribui
684 1220 963 1283 fratribus
993 1219 1066 1282 ad
1093 1220 1345 1300 gloriam
1377 1220 1510 1284 Dei.

451 1401 552 1464 XI.
589 1399 924 1480 Aliquando
957 1399 1378 1464 Heracleotem
1411 1400 1732 1482 quemdam
1768 1402 2011 1463 nomine

373 1490 811 1564 Callistum,cui
829 1507 863 1550 a
885 1488 1185 1552 diabolica
1206 1490 1557 1570 operatione
1575 1491 1812 1552 fuerant
1827 1491 2012 1572 pedes

371 1580 877 1658 soluti,duxerunt
895 1579 968 1640 ad
992 1578 1231 1642 beatum
1245 1579 1852 1652 Parthenium.Quem
1877 1585 2014 1657 qui-

2097 422 2188 470 τοῦ
2230 416 2328 482 την
2381 417 2579 484 συνήθη
2639 414 2804 492 ἄγραν
2835 420 2940 470 τῶν
2971 417 3170 494 ἰχθύων
3207 416 3560 481 ποιήσασθαι.
3617 413 3744 470 Τότε

2098 502 2376 580 χαλῶντες
2413 507 2549 578 μετᾶ
2581 504 2787 571 πολλῆς
2816 510 2993 583 χαρᾶς
3037 506 3103 560 τὰ
3160 501 3367 581 δίκτυα,
3405 510 3478 578 τῇ
3529 501 3742 572 εδνάμει

2097 599 2188 647 τοῦ
2255 595 2443 670 Κυρίου
2501 595 2587 649 καὶ
2619 601 2686 670 τῇ
2719 595 2858 673 εῦχῇ
2901 601 2993 650 τοῦ
3036 595 3180 650 ὁσίου
3212 594 3484 650 τοσούτων
3529 593 3741 668 ἀγαθῶν

2097 680 2242 744 ἐντὸς
2287 681 2532 760 ἐγένοντο
2576 680 2804 746 ἅπαντες
2839 683 2892 737 ἐν
2940 689 3005 759 τῇ
3038 683 3196 760 ἄγρα,
3229 685 3301 746 ὡς
3332 684 3423 738 καὶ
3467 689 3563 737 τοῦ
3601 703 3737 756 παρ-

2096 769 2340 832 ελθόντος
2371 772 2571 850 χρόνου
2605 773 2987 847 ἀναπληρῶσαι
3049 775 3106 828 τό
3152 773 3368 834 λειπον,
3427 770 3740 844 Καθημένου

2095 857 2150 914 δὲ
2195 867 2286 916 τοῦ
2343 860 2496 937 ἀγίου
2527 859 2711 939 ἀνδρὸς
2743 862 2795 917 έν
2822 869 2900 935 τῷ
2959 863 3096 917 κατά
3152 860 3413 926 Πτελαίας
3476 859 3735 935 ἐμπορίῳ,

2095 951 2179 1005 καὶ
2239 951 2523 1026 γινομένης
2556 956 2654 1017 τῆς
2690 951 2851 1029 ἄγρας
2892 957 2999 1007 τῶν
3043 952 3267 1031 ἰχθύων,
3301 950 3601 1025 ἑλκομένου
3653 960 3739 1008 τοῦ

2094 1038 2329 1110 δικτύου,
2373 1041 2522 1103 θῦνος
2580 1043 2833 1117 μέγιστος
2895 1041 2954 1097 ὲκ
3014 1049 3108 1098 τοῦ
3150 1039 3360 1096 δικτύου
3418 1036 3739 1116 προσπηδά-

2094 1150 2214 1202 σας,
2245 1127 2454 1206 ἔρριψεν
2499 1131 2686 1186 ἑαυτὸν
2720 1131 2796 1195 εἰς
2854 1132 2975 1193 τοὺς
3010 1129 3174 1194 πόδας
3207 1136 3298 1187 τοῦ
3331 1129 3486 1207 ἁγίου
3529 1127 3734 1205 ἀνδρὸς,

2094 1217 2254 1294 ὅνπερ
2313 1219 2602 1297 σφραγίσας
2678 1220 2764 1276 καὶ
2840 1219 3192 1294 ἐπευξάμενος
3253 1206 3537 1275 ἐκέλευσεν
3601 1240 3740 1284 πτη-

2093 1311 2247 1374 θῆναι
2277 1309 2364 1364 καὶ
2393 1321 2508 1370 τοῖς
2540 1306 2792 1388 ἀδελφοῖς
2823 1307 3126 1378 διαδοθῆναι
3159 1311 3230 1374 εἰς
3262 1307 3413 1373 δόξαν
3450 1316 3611 1368 Θεοῦ.

2179 1395 2293 1454 lA'.
2359 1389 2734 1474 Ἠραύτώτην
2780 1401 3021 1474 μονηρξῳ
3079 1398 3140 1454 ἐκ
3191 1396 3506 1463 διαϐολικῆς
3589 1397 3738 1472 ἐνερ-

2094 1489 2239 1564 γείας
2325 1486 2616 1564 παρεθέντα
2695 1488 2816 1552 τοὺς
2887 1486 3052 1552 πόδας
3116 1488 3339 1562 ὀνόματι
3433 1485 3740 1544 Κάλλιστον

2093 1576 2300 1654 ἤγαγον
2360 1577 2492 1653 πρὸς
2536 1578 2628 1632 τὸν
2686 1577 2974 1656 μακάριον,
3019 1579 3075 1634 ὃν
3105 1577 3393 1650 ἰασάμενος
3422 1582 3494 1652 τῇ
3521 1574 3740 1651 δυνάμει

369 1670 534 1745 dem,
562 1687 696 1733 cum
725 1677 886 1732 esset
913 1676 1210 1749 precatus,
1247 1680 1308 1731 et
1348 1679 1617 1732 curasset
1641 1671 1858 1732 virtute
1888 1670 2006 1732 Do-

2097 1677 2188 1725 τοῦ
2251 1665 2435 1742 Κυρίου
2506 1663 2656 1730 ἰδίοις
2715 1670 2881 1722 ποσὶν
2950 1674 3344 1744 περιπατοῦντα
3417 1667 3744 1741 ἀπέπεμψεν

371 1757 816 1840 mini,propriis
848 1757 1101 1838 pedibus
1129 1757 1542 1821 ambulantem
1565 1759 1796 1820 remisit
1827 1759 1888 1820 in
1912 1759 2010 1821 do-

2096 1757 2170 1818 εἰς
2203 1755 2294 1812 τὸν
2339 1759 2492 1812 οἰκον
2551 1757 2732 1816 αὖτοῦ.
2768 1756 2990 1834 Ἕτερον
3019 1754 3072 1812 δέ
3105 1779 3221 1812 τινα
3252 1757 3478 1830 ὀνόματι
3513 1754 3741 1812 Λέσϐιον

371 1868 532 1912 mum
557 1849 1053 1924 suam,laetsntem
1078 1847 1333 1910 etDeum
1351 1848 2008 1927 glorificantem.Alium

2095 1845 2201 1901 ἀπὸ
2249 1842 2346 1911 τῆς
2393 1847 2557 1914 νήσου
2605 1852 2704 1913 τῆς
2734 1845 3035 1922 λεγομένης
3067 1844 3206 1907 νῼας
3237 1845 3441 1924 ἤγαγον
3485 1847 3620 1923 πρὸς
3650 1846 3745 1901 τὸν

368 1948 568 2001 autem
596 1938 942 2020 quemdam,
977 1939 1218 1998 nomine
1249 1935 1621 2012 Lesbum,ex
1652 1938 2011 2020 insula,quze

2095 1933 2369 2013 ἄνθρωπον
2427 1943 2518 1991 τοῦ
2565 1942 2696 1991 Θεοῦ
2752 1934 2878 1991 ὅλον
2936 1933 3248 2011 ἡλκωμένον
3280 1935 3388 1990 ἀπὸ
3423 1939 3528 1990 τῶν
3562 1934 3744 1992 ποδῶν

371 2027 596 2090 dicitur
617 2025 1031 2100 Oa,duxerunt
1053 2025 1126 2087 ad
1157 2025 1465 2088 hominem
1490 2023 1742 2097 Dei.Qui
1767 2029 2009 2106 quidem

2095 2024 2194 2088 ἕως
2254 2022 2518 2104 κεφαλης,
2563 2023 2732 2100 μηδὲν
2779 2023 3093 2104 διαφέροντα
3140 2023 3360 2103 λεπροῦ,
3413 2025 3470 2080 δι
3503 2023 3739 2105 ἀλείφων

369 2136 405 2179 a
429 2115 684 2199 pedibus
732 2116 804 2177 ad
859 2124 1034 2195 caput
1063 2134 1256 2196 usque
1287 2125 1414 2176 erat
1446 2125 1602 2177 totus
1629 2117 1947 2193 ulceratus,
1980 2137 2011 2178 a

2095 2113 2276 2185 ἐλαίῳ,
2326 2115 2412 2168 καὶ
2473 2113 2836 2193 ἐπευχόμενος
2871 2115 2926 2169 ἐν
2958 2115 3124 2192 τρισὶν
3155 2114 3306 2174 ὅλαις
3337 2114 3568 2192 ἡμέραις
3613 2115 3740 2191 ὑγιῆ

369 2207 607 2288 leproso
628 2204 775 2268 nihil
793 2203 1260 2269 differensEum
1283 2205 1414 2267 oleo
1435 2225 1665 2285 ungens
1681 2216 1738 2269 et
1761 2224 2011 2287 precans

2097 2201 2432 2261 ἀπέστειλεν.
2495 2199 2590 2260 Ἐκ
2646 2203 2864 2260 πολλῶν
2923 2202 2976 2260 δὲ
3029 2204 3118 2260 καὶ
3150 2202 3402 2281 μεγάλων
3430 2206 3741 2279 θαυμασίων

369 2296 558 2359 tribus
575 2295 1030 2371 diebus,sanum
1053 2294 1368 2358 remisitad
1391 2295 1646 2358 suos.Ex
1671 2297 1901 2374 magnis
1924 2315 2009 2358 er-

2095 2294 2182 2350 ὑπ’
2215 2298 2375 2354 αὐτοῦ
2419 2296 2602 2375 χάριτι
2636 2303 2864 2374 Χριστου
2920 2297 3222 2374 γεγονότων
3254 2301 3308 2352 ὲν
3363 2297 3513 2374 μέρει
3558 2295 3679 2353 καθ’
3711 2297 3741 2351 ὂ

367 2406 443 2467 go
466 2386 744 2449 etmultis
767 2385 1100 2462 miraculis,
1135 2403 1270 2467 quae
1298 2404 1332 2447 a
1361 2393 1570 2447 sancto
1596 2384 1770 2447 Patre
1804 2395 2011 2447 nostro

2095 2381 2361 2454 ἠδυνήθην
2404 2385 2666 2462 ἐγνώρισα
2697 2392 2765 2459 τῇ
2817 2386 3003 2464 ἀγάπῃ
3033 2387 3204 2466 ὑμῶν,
3233 2387 3340 2466 οὑχ
3373 2388 3446 2449 ὡς
3479 2385 3739 2444 διδασκά-

371 2477 691 2540 Parthenio
715 2475 820 2539 Dei
841 2478 1029 2554 gratia
1044 2475 1203 2538 facta
1223 2483 1383 2551 sunt,
1413 2483 1668 2555 partem,
1695 2484 1869 2556 prout
1900 2495 2011 2555 po-

2096 2472 2189 2530 λου
2221 2475 2537 2549 ποιούμενος
2569 2475 2730 2552 λόγον
2757 2473 2843 2531 ἐπὶ
2871 2477 2932 2531 τὸ
2977 2483 3256 2552 σεμνῦναι,
3288 2474 3422 2532 διότι
3475 2499 3502 2530 α
3536 2475 3738 2532 ἀπολεῖ

369 2567 476 2641 tui,
511 2567 839 2647 signiﬁcavi
868 2574 1080 2628 vestrm
1111 2566 1385 2629 charitati
1426 2587 1439 2625 :
1471 2585 1588 2627 non
1625 2574 1904 2646 tanquam
1937 2565 2011 2626 de

2099 2563 2288 2641 Κύριος
2319 2564 2522 2629 πάντας
2569 2567 2688 2628 τοὺς
2737 2563 3028 2630 λαλοῦντας
3052 2567 3113 2621 τὸ
3142 2563 3360 2645 ψεῦδος,
3396 2589 3418 2622 ι
3456 2565 3579 2622 ἀλλ’
3608 2567 3737 2622 αξιτὰ

367 2656 542 2720 Patre
564 2665 622 2718 et
643 2657 865 2720 decore
895 2655 1078 2719 verba
1107 2655 1334 2717 faciens
1365 2655 1439 2716 ad
1473 2674 1610 2718 eum
1645 2656 2008 2731 ornandum,

2095 2653 2160 2707 τὰ
2216 2653 2506 2730 πράγματα
2561 2667 2822 2734 μαρτυρεῖ
2891 2657 2981 2711 καὶ
3037 2654 3173 2730 μετά
3221 2654 3374 2721 τέλος
3423 2657 3684 2732 γινόμενα
3716 2675 3732 2692 ⁸

369 2757 610 2828 propter
628 2746 876 2828 id,quod
901 2745 1121 2810 dicitur
1147 2768 1160 2805 :
1191 2743 1446 2807 «Perdet
1467 2744 1754 2806 Dominus
1775 2764 2006 2822 omnes,

2094 2747 2280 2821 χρείας
2324 2744 2479 2801 αὐτὸν
2537 2743 2869 2824 καλεσάσης,
2915 2743 3174 2802 κατέλαϐε
3241 2746 3340 2812 τὴν
3395 2745 3732 2822 μητρόπολιν

367 2840 466 2918 qni
489 2837 816 2917 loquuntur
837 2835 1218 2898 mendacium
1240 2834 1330 2896 ἒς)
1359 2833 1466 2896 sed
1489 2851 1590 2896 res
1608 2834 1755 2914 ipsa)
1775 2842 2010 2896 testan-

2095 2828 2412 2910 Ἡράκλειαν
2475 2835 2570 2901 τῆς
2633 2834 2872 2912 Θρᾴκης,
2926 2836 3016 2891 καὶ
3075 2837 3352 2916 συντυχὼν
3422 2842 3500 2909 τῷ
3554 2835 3733 2892 ἐκεῖσε

367 2931 488 2996 tur,
512 2923 689 2984 etiam
718 2941 849 3002 quae
873 2923 1020 2984 ﬁunt
1044 2930 1173 3002 post
1196 2923 1327 3002 ejus
1350 2921 1604 2983 obitum.
1624 2919 1797 2984 Unde
1829 2923 2006 2984 etiam

2094 2920 2506 3000 ἀρχιεπισκόπῳ
2565 2922 2812 3003 ἐσχάτως
2859 2924 3066 3003 ἔχοντι,
3113 2923 3330 2982 ἐπύθετο
3400 2925 3497 2992 τῆς
3557 2924 3735 3002 ἀρρω-

367 3031 502 3074 cum
535 3030 606 3074 eo
629 3011 825 3074 adhuc
854 3012 983 3074 vivo
1015 3031 1155 3074 usus
1175 3011 1497 3089 aliquando
1530 3029 1666 3073 eum
1703 3021 2003 3093 vocasset,

2094 3011 2240 3073 στίας
2269 3011 2330 3067 τό
2361 3012 2560 3071 αἰτιον.
2597 3015 2754 3077 Γνοὸς
2804 3011 2857 3068 δὲ
2907 3012 2992 3070 διὰ
3020 3015 3160 3078 θείας
3195 3013 3594 3094 ἀποκαλόχεως
3654 3011 3734 3068 ὅτι

366 3103 472 3164 ivit
503 3103 563 3164 in
587 3099 859 3164 Thracias
889 3101 1266 3182 metropolim
1291 3099 1638 3162 Heracleam
1669 3123 1682 3159 :
1707 3109 1764 3162 et
1785 3120 2007 3164 conve-

2094 3098 2434 3180 φιλαργυρίας
2492 3099 2639 3158 ἕνεκε
2688 3100 3019 3178 παιδεύεται,
3083 3104 3464 3183 νοσφιζόμενος
3505 3105 3571 3160 τὰ
3631 3110 3732 3158 τῶν

367 3194 542 3255 uiens
563 3189 1228 3272 archiepiscopum,qui
1253 3189 1380 3252 illic
1404 3189 2010 3270 erat,nomineHypa—

2094 3195 2359 3269 πτωχῶν,
2420 3191 2508 3246 καὶ
2550 3191 2765 3256 τούτους
2823 3193 3136 3270 στερίσκων,
3199 3199 3268 3270 τῇ
3324 3192 3487 3250 ἕωθεν
3528 3192 3734 3259 ἀπῆλθε

366 3279 728 3362 tianum,qui
749 3281 824 3342 ad
856 3288 1124 3342 extrema
1154 3279 1280 3342 fere
1313 3287 1441 3343 erat
1470 3280 2010 3358 redactus,rogavit

367 3389 604 3436 causam
630 3369 1004 3433 morbi.Cum
1036 3387 1144 3451 per
1164 3369 1428 3431 divinam
1453 3379 1654 3433 autem
1681 3371 2006 3434 revelatio-

367 3483 506 3527 nem
529 3463 910 3542 cognovisset
931 3462 1139 3525 beatus
1160 3460 1545 3536 Parthenius,
1575 3482 1708 3524 eum
1735 3462 2009 3543 castigari

369 3565 616 3634 propter
637 3552 1038 3626 avaritiam,ut
1060 3552 1163 3632 qui
1194 3569 1292 3613 res
1319 3570 1646 3632 pauperum
1668 3561 2010 3633 usurparet,

369 3651 428 3706 et
449 3662 553 3706 eos
577 3643 697 3705 illis
721 3641 1196 3723 privaret,mane
1222 3641 1323 3702 ivit
1343 3659 1557 3703 rursus
1580 3641 1804 3704 adeum
1820 3643 2011 3704 visen-

369 3734 604 3808 dum,et
638 3732 692 3794 ei
727 3731 873 3792 dicit
903 3751 916 3790 :
951 3729 1386 3809 Surge,magne
1417 3729 1824 3794 domine.Non
1847 3732 2006 3794 enim

368 3822 607 3884 laboras
627 3820 969 3882 infirmitate
994 3819 1402 3900 corporis,sed
1437 3822 1741 3899 castigaris
1763 3831 2009 3902 propter

366 3912 642 3974 morbum
664 3907 1050 3972 animmJlaec
1066 3927 1206 3987 ergo
1226 3907 1555 3989 depone,et
1576 3911 2010 3972 rursusevades

367 3999 910 4081 sanus.Respondit
931 4007 1188 4078 aegrotus
1204 4009 1262 4060 et
1283 3998 1455 4058 dixit:
1485 3998 1618 4062 Scio
1640 4017 1747 4078 ego
1769 4018 2012 4081 quoque

366 4111 462 4154 me
493 4110 626 4154 esse
656 4099 1056 4170 peccatorem,
1091 4096 1150 4148 et
1205 4087 1341 4149 ideo
1397 4087 1696 4168 castigari.
1735 4089 1853 4151 Sed
1903 4108 2008 4151 ora

366 4201 471 4262 pro
507 4199 624 4258 me,
658 4197 808 4260 rogo
843 4186 1000 4252 te,ut
1029 4178 1193 4240 lever
1227 4177 1378 4239 meis
1403 4177 2008 4258 iniquitatibus.Dicit

363 4272 420 4334 ei
445 4278 686 4333 sanctus
715 4269 1074 4332 Parthenius
1109 4289 1122 4330 :
1159 4265 1220 4330 Si
1255 4267 1393 4344 quis
1425 4270 1482 4328 in
1517 4267 1820 4328 hominem
1856 4286 2003 4350 pec-

363 4360 690 4436 caverit,de
717 4377 788 4421 eo
821 4359 1072 4420 fortasse
1094 4357 1447 4419 exaudietur
1478 4362 1673 4420 oratio
1710 4379 1724 4421 :
1761 4358 2003 4420 morbus

363 4458 560 4511 autem
586 4457 723 4509 tuus
743 4446 815 4508 ad
841 4446 1028 4508 Deum
1048 4446 1262 4509 tendit.
1290 4445 1436 4517 Quae
1466 4452 1606 4508 sunt
1628 4464 1769 4525 ergo
1788 4464 2003 4526 paupe-

363 4537 715 4609 rum,redde
739 4539 952 4609 Deo,et
971 4535 1090 4597 eris
1113 4553 1356 4616 semper
1379 4554 1559 4597 sanus
1579 4535 1779 4597 animo
1800 4544 1855 4598 et
1877 4555 2005 4599 cor-

363 4645 530 4709 pore.
555 4628 720 4688 Tunc
743 4626 792 4686 is
813 4625 884 4687 ad
906 4643 970 4686 se
991 4623 1259 4699 rediens,
1287 4623 1434 4685 dixit
1460 4649 1473 4684 :
1513 4625 1766 4698 Revera,
1803 4627 2002 4702 Pater,

359 4716 603 4799 peccavi
636 4714 885 4778 Domino
919 4731 1051 4775 meo
1087 4731 1100 4776 :
1155 4712 1446 4775 Dominus
1497 4732 1636 4775 vero
1663 4715 1862 4793 justus
1897 4737 1910 4775 :
1950 4723 2008 4777 et

360 4807 634 4887 protinus
662 4805 956 4867 accersito
978 4821 1086 4864 suo
1109 4819 1445 4874 ceconomo,
1449 4803 1628 4880 jussit
1654 4804 1713 4863 in
1737 4803 2001 4866 medium

358 4892 885 4975 aﬂ'erri,quidquid
904 4891 1034 4954 auri
1057 4889 1377 4952 collectum
1413 4891 1606 4953 fuerat
1628 4910 1697 4954 ex
1724 4893 2001 4973 pauperi-

358 4981 649 5047 bus.Cum
681 4991 880 5046 autem
905 4982 1046 5043 satis
1067 4981 1196 5042 auri
1223 4981 1432 5042 {uisset
1453 4981 2003 5057 allatum,sanctum

356 5075 584 5152 rogavit
615 5075 960 5152 episcopus,
995 5080 1056 5133 ut
1088 5071 1144 5132 id
1179 5070 1574 5134 distribueret
1607 5071 1999 5152 pauperibus.

356 5162 466 5230 Ille
504 5179 643 5225 \ero
675 5181 794 5223 non
816 5161 1375 5238 sustinuit,dicens:
1401 5163 1547 5228 Cum
1582 5161 1742 5223 Deus
1767 5161 1870 5224 tibi
1905 5163 2004 5225 det

357 5251 533 5326 vires,
595 5257 654 5311 tu
706 5266 812 5329 per
859 5249 1113 5331 teipsum
1166 5248 1354 5312 redde
1383 5250 1493 5324 eis,
1531 5267 1664 5331 quae
1694 5268 1804 5313 sua
1835 5259 1998 5318 sunt.

431 5385 460 5428 9
487 5383 644 5448 Psal.
675 5399 736 5460 α,
769 5387 832 5446 7.

433 5518 523 5600 (4)
558 5516 670 5579 Sic.
713 5536 823 5582 ms.
867 5540 882 5598 ;
913 5519 1052 5585 fort.
1085 5524 1186 5601 οὐχ
1212 5521 1415 5585 εἵλετο.

2091 3275 2252 3334 πάλιν
2293 3279 2366 3342 εἰς
2393 3277 2674 3355 έπίσκεψιν
2718 3281 2875 3338 αὐτοῦ
2931 3283 3016 3340 καὶ
3067 3282 3225 3339 εἶπεν
3258 3282 3401 3357 αυτῷ
3433 3297 3448 3312 ⁸
3487 3282 3732 3360 ’Ἐγειρῆ

2089 3368 2118 3423 ὁ
2161 3366 2355 3446 μέγας.
2401 3367 2474 3426 Οὔ
2511 3369 2610 3448 γὰρ
2658 3367 2948 3447 ἀῤῥωστίαν
3002 3373 3322 3447 σωματικὴν
3373 3370 3553 3451 ἔχεις,
3591 3369 3736 3427 ἀλλὰ

2091 3463 2231 3530 νόσῳ
2289 3457 2500 3537 ψυχικῆ
2563 3455 2786 3534 παιδεύη
2823 3476 2838 3491 ⁸
2919 3461 3110 3529 τοότην
3169 3461 3392 3536 ἀπόθου,
3455 3462 3542 3518 καὶ
3589 3461 3738 3521 αὖθις

2089 3547 2364 3624 ὑγιαίνεις.
2412 3547 2570 3625 Λέγει
2603 3547 2747 3622 αὐτῷ
2794 3549 2998 3611 ἐκεῖνος
3035 3566 3050 3582 ⁹
3108 3547 3250 3608 Οἶδα
3299 3552 3386 3607 καὶ
3427 3550 3588 3614 αὒτὸς
3653 3549 3737 3606 ὅτι

2091 3634 2405 3714 ἁμαρτωλός
2464 3639 2572 3712 εἰμι
2627 3629 2714 3694 καὶ
2767 3639 2953 3696 τούτου
3010 3644 3175 3720 χάριν
3236 3638 3576 3715 παιδεύομαι·
3614 3639 3736 3696 ἀλλ’

2093 3725 2232 3791 εὖξαι
2275 3727 2406 3805 ὑπὲρ
2449 3726 2580 3802 ἐμοῦ
2634 3726 2779 3792 ὅπως
2824 3732 3091 3808 κουφισθῶ
3137 3731 3244 3786 τῶν
3307 3729 3546 3806 ἀνομιῶν
3607 3752 3733 3806 μου.

2092 3819 2250 3893 Λέγει
2295 3819 2438 3891 αὒτῷ
2467 3819 2496 3872 ὁ
2540 3815 2690 3882 ὅσιος
2725 3833 2740 3847 ’
2775 3817 2900 3874 Ἐὰν
2954 3819 3027 3884 εἰς
3074 3815 3347 3896 ἄνθρωπόν
3378 3840 3456 3882 τις
3493 3819 3733 3896 ἁμάρτῃ,

2090 3903 2226 3967 τίσως
2256 3905 2291 3972 ἦ
2329 3906 2438 3984 περὶ
2471 3910 2630 3965 αὐτοῦ
2668 3905 2810 3986 εὐχὴ
2839 3907 3224 3979 ἀκουσθησεται
3252 3923 3266 3937 ⁸
3303 3909 3362 3964 τὸ
3392 3909 3483 3964 σδν
3513 3909 3733 3984 τόσημα

2092 3997 2166 4058 εἰς
2199 3997 2328 4052 Θεὸν
2359 3997 2635 4052 συντείνει.
2693 3994 2923 4060 Ἀπόδος
2981 3997 3068 4053 οῦν
3099 3999 3164 4054 τὰ
3207 4003 3314 4055 τῶν
3356 3998 3601 4078 πτωχῶν
3661 4002 3737 4070 τῷ

2091 4085 2232 4164 Πεῷ,
2285 4085 2371 4141 καὶ
2429 4084 2526 4160 ἔσῃ
2562 4086 2718 4163 ὑγιὴς
2775 4090 2931 4165 ψυχῇ
2975 4107 3031 4142 τε
3089 4089 3178 4143 καὶ
3211 4087 3447 4162 σώματι,
3485 4088 3621 4144 Τότε
3655 4091 3730 4149 εἰς

2088 4173 2243 4230 αὐτὸν
2289 4173 2452 4231 ἐλθὼν
2482 4175 2640 4231 εἶπεν
2667 4192 2680 4205 ·
2715 4173 2841 4232 Ἐπ’
2864 4176 3138 4251 ἀληθείας,
3178 4177 3400 4256 Πάτερη
3431 4179 3726 4256 ἡμάρτηκα

2085 4269 2164 4338 τῷ
2193 4265 2362 4342 Κυρίῷ
2395 4282 2408 4297 ⁸
2439 4266 2466 4320 ὁ
2499 4261 2552 4319 δὲ
2614 4265 2800 4342 Κύριος
2851 4264 3072 4330 δίκαιος,
3139 4266 3232 4324 Καὶ
3275 4264 3724 4344 προσκαλεσάμε-

2087 4375 2175 4418 νος
2205 4375 2296 4430 τον
2353 4352 2598 4411 διέποντα
2657 4354 2836 4434 αὑτοῦ,
2895 4354 3172 4411 ἐκέλευσεν
3231 4357 3304 4418 εἰς
3359 4355 3522 4430 μέσον
3555 4355 3724 4413 ἐλθεῖν

2087 4449 2193 4501 πᾶν
2245 4445 2304 4500 τὸ
2363 4444 2578 4520 ψρυσίον
2640 4443 2698 4500 τό
2737 4443 2797 4499 ἐκ
2849 4451 2951 4500 τῶν
3005 4451 3246 4525 πτωχῶν
3304 4446 3589 4525 συναχθὲν,
3625 4449 3716 4501 καὶ

2088 4533 2296 4614 ἠνέχθη
2356 4535 2576 4612 χρυσίον
2632 4535 2837 4594 ἱκανόν.
2890 4534 3184 4612 Παρεκάλει
3245 4533 3298 4590 δὲ
3361 4536 3451 4592 τόν
3497 4535 3637 4591 ὅσιον
3691 4536 3717 4589 ὁ

2088 4623 2401 4696 ἐπίσκοπος,
2456 4621 2716 4680 διαδοῦναι
2777 4623 2904 4680 αὗτὸ
2961 4637 3077 4686 τοῖς
3119 4639 3375 4704 πτωχοῖς
3411 4644 3429 4664 ο
3490 4629 3518 4682 ὁ
3546 4625 3598 4681 δὲ
3626 4624 3712 4680 οὒκ

2087 4713 2258 4780 ἡλατο
2323 4711 2411 4790 (4)
2469 4713 2654 4783 εἰπὼν,
2717 4719 2808 4768 τοῦ
2868 4721 2997 4770 Θεοῦ
3056 4713 3398 4794 ἰνισχύοντος
3440 4736 3526 4790 σε,
3557 4716 3616 4771 σὺ
3654 4711 3712 4769 δι’

2087 4805 2277 4861 ἑαυτοῦ
2331 4800 2525 4865 ἀπόδος
2581 4805 2767 4864 αὐτοῖς
2829 4803 2891 4858 τὰ
2923 4803 3117 4866 αὖτῶν,
3156 4806 3285 4861 Τότε
3318 4806 3582 4869 καθεσθεὶς
3634 4804 3710 4859 ἐπὶ

2087 4894 2252 4973 φορίῳ
2307 4890 2548 4960 ἀπῆλθεν
2578 4893 2649 4955 εἰς
2694 4893 2756 4948 τὸ
2799 4893 3084 4970 μαρτύριον
3147 4897 3246 4963 τῆς
3275 4893 3433 4971 ἁγίας
3463 4896 3704 4974 μάρτυρος

2088 4983 2397 5061 Γλυκερίας,
2441 4982 2530 5039 καὶ
2590 4983 2908 5060 συναγαγὼν
2965 4983 3169 5046 πάντας
3229 4985 3348 5046 τοὺς
3399 4986 3699 5058 πενομένους

2085 5078 2184 5140 τῆς
2238 5071 2476 5152 πόλεως,
2537 5077 2668 5127 πᾶσι
2713 5070 2959 5128 διέδωκεν
3017 5071 3270 5153 ἀφειδῶς.
3307 5065 3363 5132 Ὀ
3418 5073 3471 5130 δὲ
3530 5074 3698 5154 φιλάν-

2084 5167 2296 5242 θρωπος
2332 5163 2460 5225 Θεὸς
2492 5164 2519 5218 ὁ
2551 5162 2616 5217 τὰ
2645 5159 2738 5218 δῦσ
2768 5161 2940 5220 λεπτὰ
2970 5167 3068 5230 τῆς
3100 5171 3363 5244 πενιχρᾶς
3419 5167 3590 5246 χήρας
3630 5165 3696 5239 μὴ

2086 5250 2342 5332 παριδὼν,
2390 5251 2477 5309 καὶ
2529 5250 2630 5319 τὴν
2688 5249 2946 5308 πλουσίαν
2995 5253 3242 5334 πρόθεσιν
3297 5258 3394 5322 τῆς
3425 5256 3597 5335 χήρας
3622 5253 3698 5309 ἐπὶ
