3932 6140
244 383 394 451 1361

1533 381 1716 445 VITA
1759 381 1817 444 S.
1876 379 2327 444 PARTHENII.

3461 377 3482 441 1
3496 373 3613 442 362

239 523 429 581 Ἠλίου
455 529 551 580 τοῦ
580 522 858 604 προφήτου
913 518 1332 599 ἀποδεξάμενος,
1384 519 1472 576 καὶ
1516 511 1616 586 τῆς
1664 518 1883 594 ἐναγοῦς

2023 532 2138 574 unc
2172 513 2222 604 is
2255 514 2474 576 sedens
2505 514 2565 576 in
2594 511 2827 590 lectica,
2857 513 2958 575 ivit
2977 513 3052 577 ad
3077 513 3362 596 templum
3394 519 3621 598 sancta

239 613 443 690 πόρνης
474 614 540 668 τὰ
572 611 768 691 δάκρυα
828 613 904 686 μὴ
964 611 1344 691 ἀποστραφείς,
1391 614 1478 666 καὶ
1535 607 1626 664 τοῦ
1655 605 1887 663 τελώνου

235 705 330 760 τὸν
362 705 664 780 στεναγμὸν
717 700 1040 774 δικαιώσας,
1090 702 1249 765 αῦτὸς
1295 701 1382 757 καὶ
1433 705 1525 754 τοῦ
1558 695 1886 776 προῤῥηθέν-

237 813 330 852 τος
390 791 822 868 ἀρχιεπισκόπου
883 791 975 846 τὸν
1035 789 1339 865 μεταμελον
1390 785 1778 864 εἰσδεξάμενος,
1833 786 1888 839 ὲν

242 883 412 958 τρισὶν
437 881 662 958 ἡμέραις
695 878 900 936 τελείαν
943 879 1190 958 παρέσχε
1224 879 1324 945 τὴν
1353 879 1554 954 ὑγείαν.

1974 603 2248 684 martyris
2280 604 2568 685 Glycerim
2605 628 2617 668 :
2657 614 2716 668 et
2745 624 2880 668 cum
2939 610 3360 686 congregasset
3408 619 3619 663 omnes

1975 711 2275 774 pauperes
2291 695 2794 771 civitatis,aﬂ‘atim
2811 695 3091 758 omnibus
3113 691 3618 759 distribuit.Beni-

1973 799 2126 862 guns
2146 794 2344 848 autem
2371 794 2430 847 et
2451 785 2725 848 clemens
2751 786 3045 865 Deus,qui
3067 787 3160 849 vid
3173 804 3262 848 uae
3281 785 3404 856 duo
3423 779 3621 843 minn.

1973 879 2030 933 ta
2053 892 2168 934 non
2191 875 2465 956 despexit
2510 876 2894 949 numismata,
2929 886 2986 938 et
3005 893 3215 939 rursus
3237 874 3403 937 dives
3430 871 3621 936 vidum

241 967 611 1050 propositum
643 978 958 1043 acceptum
991 965 1200 1029 habuit
1232 976 1501 1048 tempore
1524 963 1672 1028 Elia)
1704 960 2033 1050 prophetat,
2067 971 2126 1024 et
2179 965 2457 1047 pauperis
2489 965 2912 1046 ﬂagitiosaeque
2942 966 3280 1028 meretricis
3325 966 3623 1048 lacrymas

241 1047 481 1121 nonest
511 1065 838 1124 aversatus,
870 1065 928 1119 et
950 1055 1251 1137 publicani
1283 1047 1605 1136 suspirium
1637 1047 2069 1132 comprobavit,
2105 1055 2229 1133 ipse
2264 1073 2505 1137 quoque
2538 1053 2812 1135 praedicti
2842 1053 3280 1138 archiepiscopi
3310 1047 3620 1140 acceptam

242 1148 473 1211 habens
505 1147 938 1226 paenitentiam,
974 1147 1035 1206 in
1059 1144 1248 1206 tribus
1277 1143 1491 1206 diebus
1522 1143 1576 1204 ei
1611 1141 1932 1224 perfectam
1960 1140 2216 1220 praebuit
2241 1145 2577 1207 sanitatem.

329 1239 440 1303 ιε’,
496 1233 553 1298 ’0
597 1238 652 1294 δὲ
696 1247 787 1293 τοῦ
833 1243 964 1295 Θεοῦ
1014 1236 1260 1316 θεράπων
1314 1234 1601 1313 Παρθένιος
1636 1236 1888 1311 περιῆγεν

244 1329 332 1409 ἐφ’
389 1330 622 1396 ἑκάστης
665 1329 790 1392 τοὺς
821 1327 1128 1404 εῦκτηρίους
1169 1324 1350 1388 οἴκους
1395 1330 1492 1392 τῆς
1527 1322 1755 1395 πόλεῳς,
1795 1321 1890 1381 τὰς

245 1421 493 1488 συνήθεις
558 1419 724 1499 εὐχὰς
784 1416 1043 1474 ἐπιτελῶν
1081 1435 1094 1449 ·
1157 1418 1212 1471 ἑν
1270 1416 1362 1478 οἷς
1425 1412 1674 1470 εἰσελθὼν
1732 1411 1787 1467 ἐν
1816 1415 1894 1484 τῷ

245 1511 388 1566 κατά
462 1509 624 1574 Χίλας
690 1508 974 1584 μαρτύριον
1035 1504 1202 1566 οὕτως
1265 1503 1680 1582 ἐπιλεγόμενον,
1748 1499 1893 1578 εὗρεν

245 1599 369 1656 ἐκεῖ
397 1621 515 1655 τινα
549 1599 932 1672 κατακείμενον
962 1593 1088 1650 ὅλον
1140 1591 1321 1670 ξηρόν.
1360 1594 1594 1662 Αἶτήσας
1626 1589 1682 1646 δὲ
1716 1587 1896 1644 ἔλαιον

247 1691 338 1744 καὶ
382 1686 761 1766 ἐπευξάμενος,
825 1684 1007 1748 κλίνας
1067 1705 1126 1740 τε
1183 1684 1250 1738 τά
1308 1682 1532 1761 γόνατα,
1595 1681 1732 1745 μετά
1796 1677 1894 1734 Ξα-

246 1779 422 1851 κρύων
456 1776 629 1834 ἐδέετο
688 1782 780 1832 τοῦ
840 1777 971 1832 Θεοῦ
1013 1774 1128 1851 περὶ
1166 1773 1351 1846 αὒτοῦ,
1394 1774 1484 1829 καὶ
1541 1770 1773 1832 ἀναστὰς
1837 1767 1898 1823 ἐκ

247 1870 350 1935 τῆς
409 1873 747 1946 προσευχῆς,
803 1865 978 1944 ἠρέμα
1021 1864 1108 1918 καὶ
1169 1863 1301 1919 κατά
1347 1863 1538 1940 μικρὸν
1590 1866 1776 1916 τοῦτον
1821 1861 1898 1929 τῷ

247 1959 414 2034 ἐλαίῳ
463 1957 867 2034 διαμαλᾶσσων,
903 1953 1046 2019 εύθὺς
1103 1954 1195 2009 καὶ
1258 1956 1599 2030 παραχρῆμα
1659 1948 1893 2014 ἀνέστη-

247 2071 363 2121 σεν,
399 2049 484 2104 καὶ
542 2049 666 2124 ὑγιῆ
715 2047 788 2110 εἷς
833 2047 897 2100 τά
940 2043 1054 2099 ἴδια
1097 2041 1245 2106 ἰδίοις
1318 2043 1473 2098 ποσὶν
1526 2039 1738 2096 ἀπιέναι
1785 2038 1895 2094 ἀπ-

247 2139 500 2217 έτρεψεν,
563 2138 759 2195 Τούτου
817 2133 871 2190 δὲ
927 2133 1216 2213 γενομένου
1272 2141 1364 2191 τοῦ
1427 2127 1721 2209 παραδόξου
1766 2129 1894 2184 θαύ-

247 2249 418 2302 ματος
483 2226 536 2281 ἐν
611 2217 896 2304 Ἡρακλείᾳ
957 2229 1024 2299 τῇ
1083 2222 1260 2297 πόλει,
1315 2221 1509 2284 πάντες
1570 2219 1687 2276 ὅσοι
1731 2219 1896 2298 εἶχον

248 2317 548 2395 ἀσθενείας,
594 2313 926 2394 κατέδραμον
973 2314 1228 2390 πρὸς-τὸν
1261 2309 1535 2388 ἄνθρωπον
1591 2315 1684 2365 τοῦ
1733 2309 1886 2378 Θεοῦ,

249 2409 342 2463 καὶ
413 2413 481 2482 τῇ
562 2403 779 2480 δυνάμει
869 2402 962 2458 τοῦ
1035 2409 1263 2481 Χριστοῦ
1334 2402 1505 2477 ὑγιεῖς
1569 2400 1892 2476 δπέστρεφον

252 2481 508 2559 ἅπαντες.
561 2496 858 2570 Συμπαρῆν
909 2491 964 2548 δὲ
1013 2493 1154 2565 αῦτῷ
1179 2492 1268 2548 καὶ
1301 2481 1718 2557 ’Υπατιανὸς,,ὁ
1773 2485 1893 2542 κατ’

255 2588 458 2645 ἐκείνου
489 2587 674 2666 καιροῦ
723 2581 1102 2663 ἀρχιδιάκονος
1156 2581 1254 2649 τῆς
1307 2579 1516 2644 πόλεως
1551 2570 1891 2657 Ἡρακλείας,

258 2679 349 2734 ὅτε
409 2677 475 2733 τά
529 2674 799 2748 θαυμάσια
855 2672 1125 2750 ἐγένοντο.
1184 2670 1355 2745 ’Ὅπερ
1397 2668 1745 2743 θεασάμενος,
1800 2669 1895 2723 πί-

261 2789 373 2825 στει
439 2768 512 2830 εἷς
573 2763 744 2826 πόδας
789 2769 880 2818 τοῦ
939 2761 1087 2839 ἁγίου
1149 2758 1332 2838 ἀνδρὸς
1383 2757 1706 2836 παρακαλῶν
1739 2756 1896 2813 αῦτὸν

260 2857 396 2930 μετά
453 2854 718 2932 δακρύων,
805 2851 886 2908 ὅτι
969 2852 1024 2908 ἐν
1099 2851 1333 2925 κτήματι
1424 2853 1581 2907 αῦτοῦ
1639 2847 1896 2923 ἔσπαρται

261 2947 460 3019 πολλὰ,
506 2948 608 3001 ὑπὸ
642 2943 697 3000 δε
740 2950 838 3010 της
881 2941 1138 3021 ἀϐροχίας
1172 2939 1380 2996 ἅπαντα
1413 2939 1670 3011 ἐξηράνθη
1711 2956 1724 2970 ⁸
1757 2935 1896 2991 ἀλλά

257 3040 561 3114 παραγενοῦ
605 3032 690 3088 ἐπὶ
738 3033 826 3087 τὸν
890 3032 1054 3087 τόπον
1125 3032 1212 3085 καὶ
1271 3025 1548 3105 πρόσευξαι
1608 3027 1740 3100 πρὸς
1806 3025 1896 3080 τὸν

262 3129 418 3195 Θεὸν,
473 3124 620 3186 ὅπως
664 3122 923 3200 παράσχῃ
967 3121 1114 3177 ὑετὸν
1175 3125 1244 3195 τῇ
1299 3124 1394 3198 γῇ,
1457 3117 1550 3173 ’ίνα
1577 3119 1722 3192 σωθῇ
1753 3120 1897 3171 πᾶσα

259 3219 294 3285 ἡ
357 3214 572 3293 πατρίς,
612 3204 670 3272 Ὀ
716 3210 770 3268 δὲ
804 3209 946 3276 ὅσιος
989 3209 1124 3287 ἀνὴρ
1155 3209 1439 3285 προθύμως
1497 3206 1582 3263 ἐπὶ
1641 3207 1701 3262 τὸ
1759 3227 1896 3282 προ-

258 3306 505 3380 κείμενον
549 3300 752 3373 ἐϐάδιζε
786 3320 801 3335 ο
863 3304 957 3356 καὶ
1014 3300 1302 3377 γενὸμενος
1360 3297 1498 3353 κατά
1555 3295 1648 3352 τὸν
1704 3294 1896 3367 τόπον,

259 3397 348 3453 καὶ
390 3393 512 3452 ἰδὼν
568 3391 776 3449 ἅπαντα
835 3388 1196 3467 ἐξηραμμένα,
1231 3385 1413 3449 κλίνας
1447 3386 1511 3441 τά
1555 3385 1754 3464 γόνατα
1815 3384 1901 3439 καὶ

262 3489 356 3550 τὰς
407 3496 602 3566 χεῖρας
654 3482 728 3542 εἷς
789 3479 1036 3550 οὐρανοὺς
1086 3477 1393 3553 ἀνατείνας,
1461 3474 1598 3550 μετά
1663 3473 1901 3552 δακρύων

265 3564 446 3634 ἐδέετο
488 3574 582 3629 τοῦ
630 3578 762 3628 Θεοῦ
816 3567 1162 3642 καταπέμψαι
1217 3567 1372 3622 υετὸν
1403 3569 1470 3641 τῇ
1515 3570 1586 3641 γῇ
1632 3564 1712 3628 εἰς
1765 3584 1902 3634 καρ-

263 3665 546 3746 ποφορίαν.
583 3653 640 3718 Ὀ
673 3658 726 3715 δὲ
764 3657 1130 3738 φιλάνθρωπος
1154 3745 1159 3746 7
1183 3656 1312 3746 Θεῦς
1371 3654 1546 3746 δμάεἳ
1592 3655 1652 3746 τῦ
1693 3651 1903 3746 θέλημα

265 3741 372 3812 τῶν
414 3741 771 3824 φοϐουμένων
830 3748 984 3805 αὒτόν
1042 3745 1234 3815 ποιῶν,
1270 3743 1346 3800 ’ἐτι
1377 3743 1474 3810 τῆς
1507 3743 1676 3822 εὒχῆς
1733 3741 1787 3796 ἒν
1830 3748 1905 3816 τῷ

270 3818 496 3918 στόματι
548 3846 640 3895 τοῦ
698 3838 847 3913 ἀγίου
905 3835 1088 3906 οὔσης,
1151 3833 1452 3914 συνεσχὲθη
1498 3833 1599 3888 ῦπὸ
1651 3839 1818 3910 νεφῶν
1878 3834 1906 3888 6

272 3934 492 4011 οὒρανὸς
536 3931 630 3984 καί
686 3927 922 3983 κάτεισιν
971 3926 1121 3989 ὑετὸς
1180 3925 1269 3980 καὶ
1327 3924 1540 4001 ὲκὸρεσε
1602 3927 1776 3977 πᾶσαν
1809 3922 1908 3988 τὴν

271 4010 400 4104 γῆν,
467 4017 821 4078 Εἷσελθὸντων
875 4013 928 4069 δὲ
980 4015 1151 4070 αὖτῶν
1182 4014 1236 4069 ἓν
1267 4013 1344 4087 τῷ
1376 4013 1542 4087 ἀγρῷ,
1579 4010 1908 4082 ἕπεζήτησεν

273 4101 508 4184 δῗχημικ,
565 4108 618 4164 ὲν
765 4105 860 4168 τὰς
918 4104 1083 4183 εὒχάς
1125 4101 1411 4162 ἐκτελέσει.
1473 4101 1579 4159 Καὶ
1623 4102 1909 4179 εἰσήγαγεν

273 4204 433 4260 αὖτὸν
491 4203 518 4256 6
568 4194 942 4276 ἀρχιδιᾶκονος
990 4195 1017 4249 6
1059 4193 1240 4266 κύριος
1269 4197 1362 4247 τοῦ
1389 4189 1552 4268 ἀγροῦ
1579 4192 1652 4254 εἷς
1683 4189 1774 4246 ἕνα
1803 4193 1911 4246 τῶν

268 4289 654 4359 κοιτωνίσκων,
718 4286 804 4340 καὶ
861 4281 1279 4360 διενυκτέρευσεν
1331 4279 1448 4336 ἐκεῖ
1501 4279 1555 4335 ἐν
1587 4293 1710 4342 ταῖς
1744 4301 1910 4356 προσ-

271 4393 492 4462 ευχαῖς,
549 4378 639 4432 καὶ
689 4380 754 4450 τῇ
813 4372 980 4462 ἔωθεν,
1002 4368 1506 4462 προσκαλεσάμενος
1537 4370 1629 4462 τὸν
1659 4367 1910 4462 ἀρχιδιά-

268 4459 449 4547 κον-ον,
485 4467 589 4544 ἔφη
620 4463 769 4536 αῦτῷ
809 4477 822 4492 ⁶
876 4460 1117 4539 Πρόσεχε
1153 4459 1320 4529 ἑαυτῳ
1355 4477 1371 4495 ο
1433 4460 1493 4515 οὗ
1524 4460 1624 4537 γάρ
1669 4459 1908 4539 ἀγνοεῖς,

269 4565 342 4624 ὡς
373 4545 658 4620 επαιδεύθή
710 4555 736 4609 6
785 4552 1074 4613 ἐπίσκοπος
1127 4545 1212 4604 διὰ
1258 4547 1602 4628 φιλαργυρίαν
1640 4568 1652 4582 ·

269 4651 370 4730 γάρ
416 4669 507 4722 μοι
540 4648 567 4702 6
625 4648 752 4704 Θεὸς
805 4643 860 4696 εν
920 4644 988 4714 τῇ
1045 4640 1192 4694 νυκτὶ
1249 4639 1443 4717 ταύτῃ,
1505 4637 1585 4695 ὅτι
1619 4639 1910 4702 ἐπίσκοπος

2041 1229 2168 1294 Xll.
2221 1231 2324 1294 Dei
2346 1251 2484 1295 vero
2503 1251 2710 1294 servus
2735 1233 3093 1296 Parthenius
3117 1236 3385 1318 quotidie
3415 1233 3621 1298 obibat

1975 1338 2177 1384 sacras
2198 1323 2356 1385 aedes
2381 1323 2982 1397 civitatis,consuetas
3007 1343 3216 1404 preces
3241 1327 3302 1388 in
3326 1328 3413 1390 eis
3439 1345 3617 1408 pera-

1975 1427 2143 1489 gens.
2179 1411 2444 1484 Quodam
2466 1419 2662 1473 autem
2687 1411 2786 1473 die
2809 1411 2869 1472 in
2894 1416 3430 1496 martyrium,quod
3444 1417 3622 1480 Achio

1977 1501 2064 1561 las
2091 1500 2573 1575 dicitur,invenit
2593 1500 2713 1562 illic
2741 1501 3042 1564 hominem
3068 1506 3619 1586 quemdamjacen-

1979 1598 2098 1650 tem
2127 1591 2374 1652 omnino
2399 1592 2653 1653 aridum.
2689 1591 2866 1672 Cujus
2903 1593 3208 1672 misertus,
3250 1614 3386 1657 cum
3418 1596 3620 1658 oleum

1979 1679 2274 1759 petiisset,
2304 1682 2472 1742 ﬂexis
2503 1681 2782 1760 genibus,
2818 1701 2951 1744 cum
2986 1683 3263 1766 lacrymis
3293 1684 3481 1747 oravit
3511 1703 3620 1767 pro

1982 1768 2114 1849 ipso
2148 1769 2468 1850 benignum
2497 1780 2554 1833 et
2575 1772 2934 1834 clementem
2960 1772 3254 1837 Deum.Et
3274 1794 3407 1838 cum
3439 1775 3620 1838 dein-

1983 1859 2059 1920 de
2073 1860 2478 1923 surrexisseta
2499 1862 3096 1941 precatione,sensim
3113 1873 3168 1926 et
3189 1865 3466 1943 paulatim
3481 1884 3618 1927 eum

1983 1957 2194 2013 sancto
2239 1949 2374 2012 oleo
2419 1951 2722 2026 molliens,
2760 1953 3031 2031 protinus
3057 1963 3114 2015 et
3138 1954 3265 2034 ipsa
3303 1956 3452 2016 hora
3481 1955 3622 2018 fecit

1981 2056 2115 2100 eum
2150 2058 2361 2100 sanum
2393 2050 2736 2119 surgere,et
2751 2042 2932 2120 jussit
2958 2047 3097 2106 etim
3121 2043 3248 2105 suis
3271 2043 3522 2124 pedibus
3545 2046 3621 2106 ad

1984 2147 2128 2189 suos
2151 2128 2353 2190 redire
2389 2128 2575 2194 Deum
2607 2130 3069 2208 gloriﬁcantem.
3104 2131 3248 2196 Cum
3280 2134 3394 2195 hoc
3423 2141 3620 2196 autem

1985 2217 2258 2279 terribile
2287 2227 2344 2280 et
2367 2219 2524 2297 quod
2553 2218 2897 2298 opinionem
2915 2222 3624 2301 superatmiraculumfa-

1979 2316 2135 2368 ctum
2155 2316 2313 2369 esset
2331 2308 2389 2368 in
2405 2307 2692 2370 Heraclea
2707 2309 3308 2390 civitate.quicunque
3320 2313 3624 2375 habebant

1979 2406 2252 2476 aegrotos,
2289 2416 2421 2459 cum
2458 2397 2546 2458 eis
2577 2399 3020 2461 concurrebant
3060 2403 3132 2462 ad
3167 2401 3279 2463 Dei
3312 2401 3620 2464 hominem

1979 2487 2462 2561 Parthenium,et
2484 2488 2696 2550 virtute
2721 2488 2961 2552 Domini
2984 2492 3173 2554 nostri
3194 2494 3334 2555 Iesu
3366 2491 3610 2568 Christi,

1981 2595 2189 2638 omnes
2213 2578 2666 2639 revertebantur
2686 2578 3034 2642 sani.Simul
3060 2599 3201 2643 vero
3225 2601 3359 2644 cum
3380 2601 3451 2644 eo
3476 2583 3614 2645 adet

1981 2674 2077 2727 rat
2100 2665 2278 2726 etiam
2305 2663 2700 2746 Hypatianus,
2729 2668 2829 2748 qui
2852 2668 2954 2730 illo
2978 2678 3251 2752 tempore
3271 2679 3397 2733 erat
3417 2672 3622 2733 archi-

1981 2756 2270 2818 diaconus
2312 2754 2564 2816 civitatis
2609 2755 2943 2832 Heracleae,
2979 2759 3215 2839 quando
3244 2760 3370 2822 haec
3401 2760 3626 2824 ﬁebant

1982 2845 2444 2917 miracula.Quae
2467 2864 2598 2905 cum
2615 2846 3151 2926 vidisset,procidit
3168 2851 3238 2910 ad
3257 2850 3440 2930 pedes
3455 2869 3628 2914 sanc-

1985 2936 2021 2996 ti
2051 2934 2406 3013 viri,rogans
2433 2952 2567 2994 eum
2591 2953 2726 2995 cum
2755 2935 3033 3016 lacrymis
3053 2945 3110 2998 et
3131 2937 3526 3020 dicens,quod
3561 2942 3626 3004 in

1983 3023 2206 3105 praedio
2243 3023 2432 3084 multo
2465 3041 2574 3085 sua
2605 3024 2852 3104 quidem
2886 3033 3024 3086 sunt
3056 3027 3628 3111 seminata,propter

1983 3113 2200 3195 pluviae
2230 3122 2434 3175 autem
2463 3122 2797 3193 egestatem
2860 3116 3062 3176 omnia
3117 3125 3256 3178 sunt
3307 3119 3625 3185 exsiccata.

1982 3202 2269 3278 Sed,veni
2289 3201 2362 3263 ad
2403 3201 2935 3278 locum,dlcebat,o
2966 3205 3312 3268 venerande
3335 3206 3532 3284 Pater,
3566 3218 3628 3273 et

1985 3311 2088 3354 ora
2119 3294 2412 3372 Deum,ut
2447 3300 2618 3353 terrae
2641 3292 2903 3372 praebeat
2929 3293 3280 3375 pluviam,ut
3301 3315 3625 3361 conserve-

1987 3391 2081 3443 tur
2110 3380 2394 3444 universa
2451 3389 2662 3443 nostra
2723 3381 2937 3462 patria.
2970 3383 3365 3447 Venerandus
3395 3404 3536 3450 vero
3568 3395 3633 3450 et

1986 3479 2227 3533 sanctus
2251 3469 2730 3547 virParthenins,
2770 3471 2870 3531 ivit
2893 3481 3164 3552 prompto
3199 3481 3259 3535 et
3279 3473 3461 3538 alacri
3489 3477 3626 3539 ani-

1990 3559 2386 3640 mo.Cumque
2403 3559 2666 3621 venisset
2691 3559 2767 3622 ad
2798 3559 3026 3635 locum,
3062 3570 3120 3623 et
3148 3563 3396 3626 vidisset
3426 3567 3630 3631 omnia

1988 3650 2307 3725 exsiccata,
2343 3649 2699 3730 lacrymatus
2749 3662 2865 3728 est,
2900 3652 3192 3731 ﬂexisque
3243 3653 3495 3733 genibus
3525 3657 3629 3720 diu

1990 3753 2242 3822 precans
2268 3758 2403 3801 eum
2429 3739 2731 3820 lacrymis,
2770 3741 3130 3804 clementem
3157 3745 3345 3806 Deum
3372 3747 3627 3823 rogavit,

1991 3840 2052 3891 ut
2073 3829 2326 3910 pluviam
2353 3830 2410 3890 in
2436 3838 2656 3891 terram
2681 3831 3031 3895 demitteret
3051 3834 3124 3894 ad
3149 3833 3381 3896 fructus
3403 3837 3630 3917 produ-

1991 3919 2549 3998 cendosBenignus
2571 3927 2770 3982 autem
2797 3931 2852 3982 et
2875 3922 3141 3984 clemens
3163 3922 3454 4005 Deus,qui
3475 3943 3632 3988 sem-

1994 4010 2623 4092 perfacitvoluntatem
2645 4028 2851 4072 eorum
2873 4012 2974 4093 qui
2993 4012 3184 4094 ipsum
3209 4014 3631 4091 timent3,cum

1993 4101 2189 4162 adhuc
2214 4119 2423 4181 preces
2447 4108 2652 4162 essent
2673 4101 2732 4162 in
2751 4119 2852 4163 ore
2872 4102 3255 4182 ejus,tectum
3282 4104 3391 4166 fuit
3415 4107 3633 4170 celum

1995 4190 2342 4271 nubibus,et
2364 4190 2678 4254 descendit
2702 4192 2886 4253 multa
2911 4192 3128 4271 pluvia,
3159 4200 3217 4254 et
3247 4194 3476 4257 satiavit
3508 4205 3634 4259 ter-

1994 4279 2445 4360 ram.Ingressis
2466 4289 2663 4342 autem
2688 4281 2836 4362 ipsis
2857 4281 2919 4343 in
2949 4299 3326 4364 agrum,quze
3355 4283 3491 4346 sivit
3521 4285 3634 4347 ha-

1996 4369 2407 4443 bitaculum,in
2430 4389 2548 4450 quo
2575 4389 2784 4450 preces
2810 4389 2947 4432 suas
2973 4373 3636 4450 perageret.Archidia-

1995 4477 2183 4521 conus
2204 4477 2343 4521 vero
2370 4459 2752 4541 Hypatianus,
2785 4461 2888 4542 qui
2919 4460 3030 4521 l‘uit
3064 4467 3237 4523 etiam
3270 4463 3395 4540 agri
3429 4463 3636 4526 domi-

1716 4548 1905 4615 ἔδειξεν
1929 4553 1971 4605 D
1994 4549 2466 4624 nus,inlrotluxit
2490 4569 2625 4614 eum
2651 4553 2710 4614 in
2730 4571 2912 4614 unum
2941 4570 3013 4614 ex
3037 4552 3162 4614 suis
3186 4551 3641 4629 cubiculis.Qui

2001 4643 2368 4719 pernoctavit
2399 4641 2525 4703 illic
2557 4641 2616 4702 in
2650 4641 3043 4704 orationibus:
3079 4650 3138 4702 et
3169 4661 3302 4704 cum
3332 4662 3504 4708 mane
3533 4665 3638 4710 ac-

269 4727 476 4818 γενήσῃ
535 4736 593 4791 οὔ
649 4732 783 4806 μετά
818 4727 1022 4789 πολλὰς
1060 4727 1311 4818 ῖὴμὲρας.
1371 4728 1517 4806 ’Ὀρα
1548 4731 1660 4801 οῦν,
1689 4729 1781 4785 ἵνα
1810 4737 1899 4784 τῶε

2020 4729 2304 4794 :ersiisset
2334 4729 3007 4805 archidiaconum,dixit
3037 4731 3114 4793 ei:
3149 4731 3408 4794 Attende
3441 4733 3570 4811 tibi,
3606 4755 3642 4799 ο

273 4817 511 4906 πτωχῶν
571 4822 823 4901 πρόνοιαν
855 4823 1024 4874 ποιῶν
1059 4817 1154 4892 ἔσῃ
1191 4833 1205 4848 ’
1261 4824 1412 4874 τοῦτο
1440 4818 1542 4897 γὰρ
1569 4819 1701 4896 ὑπὲρ
1745 4819 1917 4875 πάντα

269 4921 362 4975 τὸν
394 4916 522 4973 Θεὸν
553 4910 852 4990 θεραπεύει.

1998 4818 2184 4882 frater
2220 4841 2236 4895 ;
2264 4837 2383 4880 non
2417 4819 2578 4880 enim
2606 4819 2846 4899 ignoras
2879 4821 3224 4901 episcopum
3258 4831 3422 4884 tuum
3454 4825 3644 4890 fuisse

2007 4916 2361 4988 castigatum
2391 4919 2635 4990 propter
2664 4908 3282 4974 avaritiamﬂstendit
3306 4913 3464 4974 enim
3496 4917 3650 4986 mihi

273 5007 432 5070 Deus
464 5003 572 5064 hac
627 5005 825 5071 nocte,
863 5004 918 5058 te
949 5015 1066 5058 non
1101 4995 1300 5058 multis
1354 5002 1485 5077 post
1517 4993 1734 5058 diebus
1759 4997 2023 5061 tuturum
2059 4999 2429 5080 episcopum.
2464 4999 2614 5062 Vide
2654 5017 2820 5079 ergo,
2855 5009 2916 5060 ut
2963 5018 3204 5081 semper
3233 5021 3435 5065 curam
3474 5023 3649 5083 geras

275 5109 630 5178 pauperum,
663 5089 776 5149 hoc
809 5085 968 5147 enim
1004 5085 1190 5147 Deum
1225 5087 1414 5166 placat
1452 5103 1636 5178 super
1668 5087 1892 5178 omnia.

358 5175 462 5245 ll".
527 5176 823 5254 Παρεκάλει
911 5177 1000 5231 οῦν
1061 5175 1216 5231 αὒτὸν
1278 5179 1305 5231 6
1365 5175 1766 5255 ἀρχιδιάκονος,
1825 5177 1918 5234 'ivz

273 5272 478 5348 ἀπέλθῃ
511 5272 585 5331 εἷς
616 5270 678 5324 τὸ
709 5270 892 5338 κτῆμα
922 5266 1013 5322 καὶ
1071 5263 1353 5331 ἐπεύξηται
1399 5279 1521 5328 ταῖς
1574 5265 1784 5345 χώραις
1829 5270 1918 5324 καὶ

272 5375 394 5427 ταῖς
452 5357 713 5435 ἀμπέλοις
747 5375 761 5390 ο
823 5354 878 5410 ὲν
937 5359 1022 5416 οἷς
1068 5353 1316 5411 εἰσελθὼν
1362 5357 1436 5418 εἷς
1489 5355 1616 5429 μίαν
1648 5355 1916 5432 μεγίστην

273 5452 458 5530 χώραν
501 5446 670 5523 μηδὲν
719 5445 951 5523 ἔχουσαν
1001 5447 1154 5500 εἶπεν
1188 5444 1330 5519 αῦτῷ
1365 5465 1379 5480 ’
1419 5446 1515 5500 Διά
1551 5445 1601 5500 τί
1627 5445 1790 5511 αῦτὴν
1825 5451 1918 5505 οῦκ

272 5526 521 5608 ἔσπειρας
583 5535 843 5614 μεγίστην
899 5535 1108 5607 οὖσανς
1174 5526 1231 5591 ¢0
1279 5532 1329 5590 δὲ
1362 5533 1647 5599 σύνδακους
1684 5535 1916 5614 γενόμε-

355 5701 386 5752 3
418 5696 572 5760 Psal.
605 5711 801 5770 σχειν,
841 5697 938 5756 19.

2041 5177 2488 5240 XlI[.Sanctum
2516 5193 2715 5242 autem
2733 5179 2958 5258 rogavit
2979 5180 3539 5265 archidiaconus,ut
3557 5203 3653 5248 ve-

2001 5268 2162 5331 niret
2181 5268 2241 5330 in
2267 5287 2436 5330 suum
2468 5269 2848 5349 prmtlium,et
2865 5269 3021 5332 bene
3044 5284 3399 5350 precaretur
3421 5275 3577 5354 agris
3593 5282 3654 5338 et

2003 5357 2242 5421 vitibus.
2284 5361 2595 5435 Ingressus
2627 5379 2764 5421 vero
2798 5359 3006 5422 beatus
3030 5362 3087 5422 in
3113 5381 3289 5423 unam
3326 5365 3654 5430 maximam

2004 5448 2338 5525 regionem,
2372 5467 2505 5529 qua:
2559 5450 2709 5510 nihil
2743 5449 3020 5523 habebat,
3062 5451 3206 5512 dixit
3238 5453 3290 5514 ei
3325 5470 3344 5514 :
3379 5451 3497 5516 Cur
3529 5472 3656 5517 non

2003 5537 2312 5601 seminasti
2344 5556 2497 5614 eam,
2535 5558 2668 5602 cum
2721 5539 2797 5602 sit
2831 5539 3084 5608 maxima
3109 5539 3135 5602 ’ί
3163 5541 3657 5607 Archidiaconus
