3932 6140
389 309 541 380 i363

382 541 548 601 bone
575 557 590 602 :
611 539 716 601 sed
743 557 875 601 mea
901 548 1146 618 peccata
1165 547 1224 602 et
1243 540 1456 620 pluviae
1478 540 1754 606 defectus
1773 563 1929 617 eam,
1965 552 2030 606 ut

385 629 575 705 vides,
608 629 955 692 exsiccavit.
990 628 1148 692 Dicit
1174 630 1229 691 ei
1253 639 1498 693 sanctus
1547 654 1560 690 :
1612 633 1768 706 Quot
1797 635 2030 696 modios

382 719 496 782 tibi
516 717 770 800 praebuit
792 720 953 782 Deus
975 736 1048 780 ex
1070 717 1182 782 hac
1203 720 1485 800 regione?
1504 721 1613 785 Ille
1645 723 1819 787 dixit:
1843 723 2027 799 Mille,

386 828 421 872 o
453 809 631 871 bone.
667 807 923 872 Sanctus
952 819 1150 870 autem
1185 808 1333 871 dixit
1363 811 1419 872 ei
1448 833 1462 874 :
1497 811 1582 874 Ne
1632 815 1714 875 sis
1745 814 1959 888 tristis,
1994 834 2028 876 ο

379 897 584 960 frater.
620 896 838 960 Omnia
868 907 1006 960 sunt
1059 898 1369 980 possibilia
1417 902 1837 968 credenti.Sed
1873 906 2032 967 Deus

385 987 496 1050 tibi
527 987 670 1050 dicit
704 1006 814 1068 per
847 1006 945 1051 me
964 992 1545 1072 peccatorem,quod
1581 993 1634 1056 si
1665 994 1726 1056 in
1763 1003 2033 1077 tempore

385 1077 608 1140 aestatis
638 1077 894 1140 fructum
937 1080 1042 1161 qui
1096 1097 1170 1141 ex
1201 1081 1315 1142 hoc
1344 1100 1485 1161 agro
1511 1084 1798 1158 nascitur,
1835 1085 2029 1147 solum

385 1167 650 1244 triveris,
685 1168 959 1231 invenies
990 1170 1151 1232 sicut
1177 1170 1579 1245 dixisti,mille
1610 1175 2032 1256 modios,quo-

383 1261 543 1320 niam
566 1261 686 1319 leve
709 1261 876 1320 estin
899 1271 1217 1332 conspectu
1239 1263 1474 1321 Domini
1501 1266 1623 1323 bzec
1648 1267 1864 1326 facere.
1885 1268 2032 1326 Eum

384 1365 624 1430 quoque
654 1347 993 1411 introduxit
1021 1347 1084 1410 in
1115 1349 1345 1410 vineam
1398 1368 1614 1414 recens
1657 1352 1981 1434 plantatam
2014 1372 2027 1416 :

387 1444 518 1500 erat
544 1445 746 1501 autem
773 1438 1022 1500 omnino
1042 1439 1339 1500 exsiccata
1359 1448 1418 1502 et
1442 1459 1620 1503 exesa
1640 1461 1674 1504 a
1703 1443 2029 1518 vermibus,

391 1535 640 1608 prapter
672 1527 890 1608 pluviae
941 1535 1266 1607 egestatem
1305 1551 1318 1587 :
1355 1538 1480 1591 erat
1512 1550 1652 1594 vero
1685 1541 1844 1594 totus
1893 1534 2038 1595 satis

385 1617 714 1699 amplus,ut
735 1624 978 1698 caperet
991 1627 1323 1680 sementem
1340 1620 1641 1700 octoginta
1670 1641 1764 1683 mo
1778 1621 2029 1684 diorum.

385 1708 604 1770 Beatus
625 1715 823 1769 antem
851 1707 974 1769 sale
997 1707 1242 1787 injecto,
1271 1718 1448 1771 totam
1471 1710 1651 1773 vilem
1671 1712 2034 1792 conspersit,

1651 314 1937 381 MENSIS
1973 311 2485 379 FEBRUARIUS.

383 458 586 511 autem
616 446 975 529 lacrymans,
1010 446 1158 511 dixit
1191 468 1206 510 :
1239 447 1546 513 Semiuata
1577 451 1824 530 quidem
1859 463 2005 530 est,i

2147 474 2200 515 ος
2256 452 2359 531 ἔφη
2395 467 2409 482 ⁸
2470 448 2802 528 Ἐσπαρται,
2865 444 3054 526 δέομαί
3125 471 3221 506 σου
3257 463 3271 478 ⁸

3629 307 3759 376 1364

3338 445 3466 505 ἀλλ’
3526 449 3583 504 αἱ
3654 447 3762 522 ἐμαὶ

2110 543 2362 620 ἁμαρτίαι
2407 543 2496 599 καὶ
2553 545 2588 612 ἦ
2647 537 2883 621 ἀϐροχία
2923 541 3148 616 ταύτην,
3195 541 3272 603 ὡς
3304 542 3460 618 ὁρᾷς,
3496 535 3762 614 ἀπάθεια·

2112 654 2220 695 νεν,
2269 632 2429 710 Λέγει
2469 633 2616 706 αὒτῷ
2647 633 2675 686 6
2719 629 2866 696 ὅσιος
2901 649 2916 663 ⁶
2984 629 3192 694 Πόσους
3235 628 3454 705 μοδίους
3509 627 3761 705 παρεῖχέν

2113 744 2196 778 σοι
2257 725 2284 778 6
2328 724 2458 785 Θεὸς
2503 721 2566 777 ἐκ
2619 726 2714 788 εῆς
2760 722 2948 801 χώρας
2984 720 3186 786 ταύτης
3219 739 3237 796 ;
3274 710 3333 777 ’0
3367 717 3423 774 δὲ
3459 717 3652 774 εἶπεν·
3686 721 3764 770 It-

2113 811 2280 885 λίους,
2327 811 2516 888 δέομαί
2574 833 2692 871 σου.
2745 801 2803 869 ιΟ
2835 808 2889 866 δὲ
2921 810 3066 874 ὃσιος
3100 813 3256 866 εἶπεν
3285 809 3432 881 αὒτῴ
3465 825 3485 844 ⁶
3526 807 3622 872 Μὴ
3650 805 3761 861 €165-

2115 923 2204 974 μει
2241 919 2256 933 ⁸
2303 903 2480 958 πάντα
2537 897 2730 960 δυνατὰ
2785 907 2862 974 τῷ
2905 901 3231 958 πιστεύοντι.
3281 899 3432 964 Πλῆν
3497 895 3654 974 λέγει
3695 916 3762 952 σοι

2115 990 2186 1048 δι’
2240 990 2373 1067 ἐμοῦ
2429 989 2523 1047 τοῦ
2575 989 2919 1068 ἁμαρτωλοῦ,
2952 988 3034 1045 ὅτι
3065 989 3120 1046 ὲν
3151 995 3228 1063 τῷ
3259 994 3434 1065 καιρῷ
3471 988 3573 1043 τοῦ
3602 986 3762 1064 θερινὸς

2116 1085 2211 1140 τὸν
2253 1082 2538 1159 γινόμενον
2583 1082 2790 1159 καρπὸν
2845 1085 2945 1148 τῆς
2981 1078 3167 1159 χώρας
3197 1078 3398 1145 ταύτης
3429 1078 3577 1134 κατὰ
3608 1077 3764 1150 μόνας

2115 1171 2378 1245 ἀλοήσας,
2429 1172 2695 1251 εὑρήσεις,
2741 1172 2914 1236 καθὼς
2966 1169 3213 1249 εἴρηκας,
3245 1169 3370 1232 τοὺς
3403 1165 3632 1246 χιλίους
3672 1186 3762 1238 μο-

2115 1261 2279 1338 δίους,
2344 1260 2479 1319 διότι
2541 1267 2736 1340 κοῦφον
2793 1260 3020 1317 ἐνώπιον
3097 1265 3230 1316 Θεοῦ
3290 1259 3524 1324 ποιῆσαι
3584 1262 3764 1314 ταῦτα.

2118 1353 2418 1429 Εἰσήγὰγεν
2461 1349 2514 1406 δὲ
2560 1351 2718 1408 αὺτὸν
2749 1350 2837 1406 καὶ
2889 1351 2963 1412 εἰς
3011 1347 3306 1424 ἀμπελῶνα
3347 1346 3638 1426 νεόῳυτον,
3689 1347 3769 1399 καὶ

2121 1445 2188 1509 ἦν
2249 1439 2618 1518 ἑξηραμμένος
2680 1438 2806 1502 ὅλος
2869 1440 2958 1496 καὶ
3031 1435 3498 1516 σκωληκόϐρωτος
3570 1435 3636 1492 ἐκ
3678 1435 3769 1500 τῆς

2121 1528 2409 1610 ἀϐροχίας.
2454 1525 2558 1586 Ἦν
2614 1527 2669 1585 δὲ
2713 1529 2741 1586 ὃ
2791 1531 2954 1594 τόπος
3013 1530 3192 1590 ἱκανὸς
3224 1530 3298 1590 ὡς
3328 1525 3535 1602 μοδίων
3567 1524 3772 1602 ὁγδοή-

2120 1641 2281 1676 κοντα
2335 1619 2533 1698 σπόρου
2566 1636 2582 1650 ⁶
2631 1621 2721 1676 καὶ
2777 1617 3027 1694 ἐμϐαλὼν
3058 1617 3189 1683 ἅλας
3230 1616 3551 1696 κατέρῤανεν
3599 1615 3776 1672 πάντα

2120 1710 2206 1765 τὸι
2263 1709 2579 1784 ἀμπελῶνα,
2640 1707 2737 1764 καί
2788 1709 2948 1765 εἶπεν
2979 1713 3054 1780 τῷ
3083 1705 3445 1787 ἀρχιδιακόνῳ
3479 1723 3495 1737 ⁶
3536 1704 3775 1778 Εὔθυμος

393 1805 453 1861 et
477 1796 1090 1860 dixitarchidiacono:
1118 1796 1259 1860 Esto
1283 1799 1442 1861 bono
1465 1801 1688 1862 animo:
1722 1820 1856 1862 nam
1881 1802 2003 1864 Deu

2151 1821 2234 1872 σο,
2281 1797 2416 1856 διότι
2477 1796 2682 1854 δίδωσίν
2727 1821 2814 1856 σοι
2859 1801 2887 1855 6
2932 1799 3062 1862 Θεὸς
3107 1797 3168 1854 ἐκ
3233 1805 3324 1854 τοῦ
3366 1796 3539 1854 τόπου
3584 1795 3778 1851 τούτου

390 1887 492 1950 dat
514 1887 617 1950 tibi
645 1906 715 1949 ex
737 1887 854 1949 hoc
877 1887 1008 1949 loco
1031 1888 1175 1949 satis
1203 1907 1478 1968 magnam
1519 1890 2033 1966 benedictionem,

390 1980 546 2037 sicut
567 1977 619 2036 ei
639 1977 998 2050 placet.Cum
1019 1991 1155 2035 vero
1177 1979 1421 2050 ingressi
1436 1983 1704 2039 essentia
1723 1983 2037 2046 civitatem,

401 2064 512 2126 ivit
541 2063 614 2125 ad
648 2063 1097 2144 episcopum,ut
1125 2063 1181 2125 ei
1207 2063 1598 2141 valediceret,
1620 2073 1680 2128 et
1712 2067 2037 2145 navigaret.

391 2153 503 2218 Ille
526 2159 725 2215 autem
749 2151 805 2214 ei
832 2152 1126 2233 processit
1147 2153 1474 2230 obviam,et
1495 2174 1632 2217 eum
1663 2164 1755 2218 est
1777 2157 2044 2237 comple-

394 2247 577 2305 χοε.Ιὶ
599 2260 734 2304 vero
757 2260 890 2304 cum
916 2247 1542 2314 assedissent,sanctus
1559 2249 1704 2306 dixit
1727 2251 2004 2321 episcopo
2027 2268 2038 2306 :

391 2332 703 2396 Annuntio
727 2331 904 2409 tibi,o
922 2332 1356 2415 domine,quod
1386 2341 1519 2414 post
1547 2353 1666 2396 non
1693 2335 1912 2396 multos
1934 2335 2044 2401 bos

397 2420 528 2485 dies
557 2420 815 2485 excedes
849 2439 883 2484 e
915 2429 1258 2503 corpore,et
1280 2422 1569 2503 migrabis
1590 2423 1662 2485 ad
1696 2423 2042 2485 Dominum.

397 2510 554 2574 Ecce
582 2513 741 2575 enim
764 2511 1040 2574 Christus
1060 2521 1117 2575 te
1133 2515 1542 2594 accersiit,qui
1571 2522 1662 2575 est
1688 2532 1864 2577 verus
1887 2514 2046 2576 Deus

395 2608 624 2676 noster,
658 2608 717 2663 et
751 2601 975 2663 bonum
1007 2619 1423 2664 successorem
1458 2603 1865 2684 relinques,ut
1896 2603 2042 2664 mihi

390 2691 676 2755 revelavit
704 2691 1013 2764 Dominus,
1050 2692 1362 2754 dominum
1412 2691 1836 2773 Hypatianum,
1874 2701 2042 2754 tuum

395 2781 1082 2844 archidiaconum.Dixit
1104 2781 1447 2863 episcopus:
1476 2783 1607 2845 Fiat
1625 2783 1902 2844 voluntas
1925 2782 2044 2843 Do-

401 2870 571 2932 mini.
614 2870 679 2932 Et
709 2889 844 2934 cum
869 2888 934 2932 se
965 2870 1220 2932 invicem
1253 2872 1506 2933 osculali
1531 2882 1730 2933 essent
1750 2871 1811 2932 in
1835 2871 2044 2934 osculo

399 2959 933 3036 sancto,Heraclea
959 2967 1200 3021 sanctus
1237 2961 1530 3037 navigavit
1564 2960 1950 3036 Parthenius,
1985 2973 2046 3024 et

399 3049 564 3111 venit
593 3048 654 3110 in
684 3067 850 3110 suam
885 3049 1181 3111 civitatem
1215 3048 1640 3130 Lampsacum.

479 3137 636 3229 XlV.
665 3138 900 3202 Accidit
928 3147 1126 3229 autem
1161 3159 1281 3202 non
1312 3141 1519 3202 multis
1553 3148 1684 3219 post
1715 3137 1954 3207 diebus,
1982 3147 2106 3229 υιο

401 3228 613 3290 morbo
647 3238 959 3310 correptus
1000 3227 1304 3292 Heracleae
1335 3230 1686 3310 episcopus,
1721 3231 1780 3290 in
1812 3229 2046 3292 Christo

401 3317 957 3399 requiesceret.Pro
973 3319 1104 3400 ipso
1126 3338 1263 3382 vero
1281 3320 1472 3383 factus
1495 3329 1585 3382 est
1605 3319 1924 3400 episcOpus
1947 3320 2048 3380 do-

401 3409 603 3470 minus
632 3409 999 3490 Hypatianus
1019 3410 1504 3484 archidiaconus,
1525 3412 1961 3472 convenienter
1991 3409 2047 3471 ei

403 3497 565 3580 quod
589 3497 822 3560 dixerat
844 3517 1050 3561 servus
1063 3501 1169 3564 Dei
1185 3498 1724 3562 Parthenius.Cum
1753 3507 1908 3560 esset
1936 3517 2044 3559 au-

401 3593 520 3649 tem
539 3596 1020 3668 testas,egressus
1041 3590 1361 3671 episcopus
1375 3589 1741 3671 liypatianus
1762 3588 1822 3649 in
1840 3605 2046 3667 agrum

400 3695 580 3740 suum
610 3677 683 3739 ad
719 3678 1089 3759 colligendos
1121 3681 1350 3743 fructus
1384 3687 1581 3752 terrai,
1609 3687 1668 3740 et
1701 3677 2046 3739 metendum

391 3769 458 3827 id
479 3769 636 3842 quod
662 3781 788 3828 erat
811 3782 1008 3829 natum
1034 3789 1100 3829 ex
1124 3773 1407 3830 exsiccata
1425 3783 1482 3828 et
1505 3770 1766 3843 squalida
1793 3769 2048 3840 regione,

387 3855 617 3917 invenit
647 3855 811 3920 mille
843 3858 1074 3920 modios
1101 3860 1311 3938 plenos
1335 3853 2046 3931 frumento,convenien-

391 3955 482 4007 ter
507 3951 680 4008 verbo
703 3952 853 4008 servi
872 3952 972 4009 Dei
997 3952 1317 4011 Parthenii.
1345 3950 1620 4010 Similiter
1644 3963 1780 4006 vero
1805 3949 1862 4004 in
1899 3956 2048 4004 tem-

393 4051 542 4113 pore
569 4054 810 4118 quoque
833 4036 1209 4100 vindemiaru
1223 4055 1379 4111 m,ex
1405 4033 1775 4118 plantatione
1795 4032 2049 4095 exsicca-

393 4135 588 4186 tarum
613 4130 913 4188 vinearum
941 4129 1094 4187 Deus
1117 4129 1274 4187 dedit
1297 4142 1569 4199 magnam
1607 4125 1726 4181 vini
1758 4123 2049 4193 quantita-

396 4211 663 4286 tem.Qui
680 4231 817 4276 cum
839 4213 1209 4294 experientia
1233 4215 1568 4295 accepisset
1586 4217 1870 4272 eventum
1892 4207 2050 4286 ejus,

2119 1888 2307 1954 ἱκανὴν
2361 1886 2602 1964 εὐλογίαν
2646 1888 2784 1945 κατά
2826 1889 2886 1946 τὸ
2929 1889 3074 1959 αὑτῷ
3125 1887 3368 1962 ἀρεστόν,
3436 1885 3540 1944 Καὶ
3592 1882 3779 1940 dce).-

2120 1978 2318 2035 θόντων
2379 1979 2452 2040 είς
2511 1978 2612 2045 τὴν
2669 1977 2856 2050 πόλιν,
2903 1976 3100 2043 ἀνῆλθε
3155 1977 3286 2054 πρὸς
3331 1977 3421 2032 τὸν
3472 1975 3782 2031 ἒπίσκοπον

2124 2065 2472 2133 συντάξασθαι
2527 2071 2672 2140 αὒτῷ
2715 2067 2805 2123 καὶ
2859 2065 3217 2122 ἀποπλεῦσαι.
3273 2055 3333 2122 Ὀ
3361 2063 3417 2120 δὲ
3459 2065 3782 2133 ὑπήντησεν

2124 2160 2292 2231 αὖτῷ,
2350 2158 2438 2213 καὶ
2528 2155 2934 2231 περιεπτύξατο.
3019 2155 3357 2214 Καθισὼδτων
3425 2152 3481 2210 δὲ
3570 2155 3771 2232 αὖτῶν,

2126 2247 2283 2302 εἶπεν
2342 2248 2369 2302 6
2425 2245 2570 2309 ὅσιος
2644 2251 2720 2319 τῷ
2793 2242 3067 2319 ἐπισκόπῳ
3103 2261 3116 2276 ·
3168 2241 3596 2322 Εὖαγγελίζομαί
3662 2264 3775 2320 σοι,

2126 2337 2240 2414 κύρι
2299 2338 2326 2392 ὁ
2385 2335 2579 2416 μέγας,
2623 2336 2704 2392 ὅτι
2765 2339 2826 2394 οὒ
2873 2335 3010 2412 μετά
3066 2333 3274 2400 πολλὰς
3325 2333 3520 2395 ταύτας
3564 2331 3779 2410 ἡμέρας

2128 2423 2387 2500 ἂκδημεῖς
2433 2426 2493 2482 ἐκ
2555 2436 2648 2485 τοῦ
2699 2425 2974 2500 σώματος,
3047 2425 3136 2480 καὶ
3197 2421 3454 2496 ὶνδήμεῐς
3496 2423 3631 2493 πρὸς
3686 2424 3776 2478 τὸν

2130 2505 2342 2590 Κύριον.
2404 2513 2539 2572 ’ἰδοῦ
2593 2516 2693 2593 γὰρ
2741 2512 3139 2586 προσκέκληται
3199 2534 3260 2568 σε
3310 2514 3398 2568 καὶ
3427 2509 3592 2567 καλὸν
3651 2508 3773 2565 διὰ-

2127 2601 2293 2683 δοχον
2352 2602 2706 2680 καταλείπῃς,
2754 2605 2825 2667 ὼς
2872 2603 3213 2676 ἀπεκάλυψεν
3265 2623 3359 2677 μοι
3391 2603 3439 2683 6~
3476 2602 3640 2674 Θεὸς,
3687 2602 3774 2655 τὸν

2128 2681 2274 2770 κύριν
2320 2683 2640 2750 Τπατιανὸν
2699 2694 2792 2750 τὸν
2837 2689 3214 2772 ἀρχιδιάκονόν
3258 2713 3374 2747 σου.
3425 2681 3481 2747 (Ο
3546 2688 3604 2745 δὲ
3658 2689 3775 2744 ἐπί-

2129 2804 2329 2845 σκοπος
2375 2781 2479 2862 ’ἐφη
2518 2799 2532 2814 ⁸
2582 2784 2654 2841 Τὸ
2712 2781 2922 2856 θέλημα
2965 2790 3054 2839 τοῦ
3101 2781 3289 2857 Κυρίου
3345 2778 3577 2857 γενέσθω
3612 2797 3631 2812 °
3696 2780 3776 2833 καὶ

2128 2872 2504 2946 ἀσπασάμενοι
2591 2871 2859 2943 ἀλλήλους
2934 2871 2988 2927 ἐν
3059 2869 3324 2948 φιλήματι
3402 2870 3541 2946 ἆγίῳ
3611 2867 3775 2929 οὕτως

2127 2959 2459 3016 ἀπέπλευσεν
2491 2963 2518 3017 6
2567 2960 2712 3024 ὅσιος
2750 2961 2856 3017 ἀπὸ
2904 2958 3223 3038 Ἠρακλείας
3257 2959 3344 3015 καὶ
3373 2955 3646 3014 κατέλαϐε
3680 2958 3772 3024 τὴν

2126 3048 2256 3104 ἰδίαν
2287 3049 2446 3106 πόλιν
2478 3050 2816 3124 Λαμψάκων,

2213 3138 2326 3196 Μ’.
2391 3139 2638 3217 Ἐγένετο
2696 3137 2752 3195 δὲ
2812 3137 2924 3194 λετ⁹
2980 3139 3041 3193 οῦ
3097 3133 3302 3199 πολλὰς
3360 3135 3592 3214 ἡμέρας,
3643 3136 3776 3206 νόσῳ

2129 3229 2348 3308 ληῳθεὶς
2381 3231 2721 3287 ὁέπίσκοπος
2773 3227 3090 3306 Ἡρακλείας
3145 3227 3479 3283 ἀνεπαόσατο
3525 3225 3584 3281 ἰν
3643 3233 3772 3301 Χρι-

2131 3326 2264 3392 στῷ,
2322 3321 2416 3375 καί
2473 3319 2688 3397 ἐγένετο
2743 3317 2859 3375 ἀντ’
2917 3318 3076 3378 αὐτοῦ
3161 3317 3450 3378 ἐπίσκοπος
3527 3319 3556 3371 6
3627 3317 3771 3390 γῦρις

2133 3399 2452 3472 ἰ’πατιανὸς
2485 3411 2512 3464 6
2559 3406 2936 3488 ἀρχιδιάκονος
2992 3407 3129 3464 κατά
3176 3408 3269 3462 τὸν
3297 3405 3458 3483 λόγον
3485 3411 3582 3462 τοῦ
3613 3405 3770 3480 θερά-

2128 3517 2323 3562 ποντος
2381 3507 2472 3557 τοῦ
2525 3505 2658 3554 Θεοῦ
2718 3496 3023 3576 Παρθενίου.
3097 3495 3471 3570 Ἀκμὰσαντος
3531 3502 3627 3552 τοῦ
3683 3494 3772 3550 θέ-

2131 3609 2274 3663 ρους,
2322 3586 2544 3652 ἐξελθὼν
2593 3589 2619 3644 ὁ
2679 3586 2968 3648 ἐπίσκοπος
3032 3577 3352 3649 Ὑπατιανὸς
3385 3586 3456 3650 εἰς
3488 3586 3582 3641 τὸν
3616 3584 3771 3663 ἀγρὸν

2131 3676 2291 3733 αξιτοῦ
2331 3675 2417 3732 ἐπὶ
2485 3677 2546 3732 τὸ
2605 3675 2816 3742 συναξαι
2894 3677 3013 3740 τοὺς
3059 3676 3296 3754 καρποὺς
3352 3674 3448 3742 τῆς
3507 3678 3616 3749 γῆς
3690 3676 3770 3729 καὶ

2132 3764 2360 3831 ἀλοῆσαι
2402 3766 2462 3821 τὸ
2525 3765 2767 3842 γέννημα
2836 3767 2934 3832 τῆς
2997 3765 3182 3844 χώρας
3227 3770 3326 3832 τῆς
3372 3762 3768 3838 ἐξηραμμένης,

2133 3857 2274 3932 εὗρεν
2333 3855 2454 3919 τοὺς
2511 3855 2720 3934 χιλίους
2754 3854 2975 3930 μοδίους
3020 3861 3114 3911 τοῦ
3167 3855 3310 3910 σίτου
3354 3852 3583 3930 πλήρεις
3645 3852 3771 3907 κατᾶ

2129 3944 2189 3998 τὸ
2233 3949 2381 4019 ρῆμα
2439 3951 2530 4002 τοῦ
2573 3942 2762 4001 δούλου
2822 3947 2914 4000 τοῦ
2963 3951 3093 4001 Θεοῦ
3153 3945 3458 4020 Παρθενίου.
3500 3933 3768 4001 εΩιταύτως

2129 4028 2182 4086 δὲ
2221 4034 2310 4089 καὶ
2341 4032 2395 4088 ἐν
2427 4040 2505 4108 τῷ
2537 4036 2707 4106 καιρῷ
2739 4039 2839 4100 τῆς
2871 4033 3068 4111 τρύγης
3129 4031 3191 4089 ἑκ
3245 4031 3339 4098 τῆς
3399 4031 3621 4108 φυτείας
3676 4031 3769 4084 τῶν

2130 4119 2500 4200 ξηρανθέντωδ
2559 4121 2818 4198 ἀμπέλων
2877 4121 3012 4179 πολὺ
3084 4120 3287 4189 πλῆθος
3352 4120 3504 4188 οἴνου
3549 4123 3578 4176 6
3653 4119 3769 4177 Θεὸς

2141 4210 2448 4289 ἐδωρήσατο
2480 4231 2490 4242 ⁸
2538 4214 2595 4276 ὃς
2641 4219 2708 4288 τῇ
2741 4214 2897 4290 πείρᾳ
2927 4210 3274 4291 παρειληφὼς
3307 4215 3404 4276 τῆς
3435 4207 3766 4287 προῤῥήσεωι

396 4301 562 4380 quod
586 4310 828 4365 sanctus
850 4302 1532 4385 prtedixerat,decimam
1553 4301 1861 4363 fructuum
1885 4306 2005 4361 utrc

2147 4309 2232 4358 τοῦ
2278 4302 2422 4358 ὁσίου
2482 4304 2577 4372 τὴν
2623 4300 2864 4381 ἔκϐασιν,
2916 4303 3231 4380 ἀμφοτέρων
3284 4303 3391 4356 τῶν
3421 4300 3644 4375 καρπῶν
3685 4296 3766 4354 τὰς

390 4407 897 4474 rumque,nempe
924 4401 1042 4455 tam
1085 4393 1393 4455 aridorum
1429 4410 1609 4474 quam
1634 4386 2054 4465 humidorum,

391 4481 522 4542 navi
546 4480 884 4560 impositam
911 4483 1088 4544 duxit
1110 4483 1614 4562 Lampsacum,ut
1636 4493 1842 4546 sancto
1866 4477 2054 4540 Offer-

387 4577 505 4644 ret,
543 4569 836 4632 maximas
867 4577 921 4633 ei
954 4591 1137 4651 agens
1200 4572 1446 4650 gratias.
1481 4570 1590 4632 Ille
1622 4581 1820 4635 autem
1862 4571 2053 4635 noluit

393 4658 916 4739 accipere,dicens
939 4661 1184 4723 domino
1222 4661 1554 4741 Hypatiano
1593 4661 2049 4742 episcopozDeo

401 4767 589 4829 agens
613 4751 834 4828 gratias
856 4751 917 4814 in
942 4750 1358 4826 omnibus,eas
1377 4749 1673 4814 distribue
1697 4754 1919 4816 nostris
1940 4754 2053 4815 fra-

394 4838 688 4917 tribus,et
710 4859 844 4904 cum
870 4860 934 4904 se
957 4841 1215 4904 invicem
1237 4840 1619 4916 salutassent,
1643 4859 1934 4904 reversus
1965 4851 2053 4904 est

381 4944 618 4992 sanctus
641 4937 952 5008 cpiscopus
974 4935 1352 5001 Heracleam,
1377 4944 1433 4992 et
1456 4934 1752 4992 distribuit
1785 4936 2051 4994 frumen-

387 5025 510 5082 tum
535 5027 596 5085 et
627 5022 825 5085 vinum
859 5024 980 5084 suis
1004 5021 1683 5101 fratribus,utjusserat
1715 5023 1893 5083 homo
1917 5022 2048 5085 Dei.

376 5108 712 5192 Episcopus
744 5131 887 5192 ergo
915 5111 1136 5193 Hypati
1156 5130 1308 5173 anus
1343 5130 1461 5172 non
1491 5110 1742 5173 cessavit
1763 5130 1952 5193 usque
1973 5113 2046 5174 ad

379 5199 498 5262 line
527 5220 580 5262 m
606 5202 1023 5275 vitae,narrare
1047 5203 1325 5264 omnibus
1347 5199 1451 5262 Dei
1481 5201 1780 5280 magnalia
1807 5221 1940 5282 quae
1961 5203 2050 5266 fe-

397 5289 483 5352 cit
522 5311 656 5354 cum
688 5293 819 5372 ipso
853 5312 961 5373 per
993 5310 1228 5354 servum
1263 5310 1434 5353 suum
1466 5289 1880 5356 Parthenium.

423 5378 703 5446 XV.Cum
729 5401 872 5462 ergo
897 5383 957 5445 in
982 5383 1093 5445 hac
1119 5383 1216 5463 pia
1237 5390 1295 5445 et
1314 5381 1584 5459 angelica
1606 5385 1722 5442 vita
1745 5381 2031 5443 refulsis-

2142 4389 2367 4456 δεκάτας
2399 4398 2497 4460 τῆς
2529 4414 2586 4449 τε
2619 4391 2779 4471 ξηρᾶς
2810 4393 2899 4448 καὶ
2956 4393 3116 4468 ὑγρᾶς
3175 4388 3423 4463 ἐμϐαλὼν
3487 4387 3540 4443 ἒν
3588 4385 3762 4455 πλοέῳ,

2143 4481 2425 4557 ἀπήγαγεν
2469 4482 2522 4537 ἐν
2594 4482 2880 4557 Λαμψάκῳ
2939 4486 3244 4560 προσφορᾶς
3290 4479 3450 4558 χάριν
3494 4479 3571 4550 τῷ
3631 4475 3759 4545 ὁσίῳ.

2139 4568 2198 4629 Ὀ
2246 4569 2299 4626 δέ
2331 4571 2425 4628 οῦκ
2455 4571 2622 4639 ἥλατο
2671 4570 2914 4636 δέξασθαι
2965 4570 3130 4627 εἰπὼν
3170 4573 3246 4643 τῷ
3287 4572 3430 4644 κυρῷ
3475 4565 3760 4633 ’Υπατιανῷ

2134 4667 2210 4734 αῴ
2271 4661 2549 4735 ἐπισκόπῳ
2585 4681 2599 4694 ⁸
2676 4662 3029 4739 Ἐὺχαριστὼν
3113 4666 3190 4732 τῷ
3252 4659 3426 4736 Κυρίῳ
3483 4655 3538 4711 ἑν
3597 4660 3752 4727 πᾶσιν,

2135 4747 2312 4812 διάδος
2367 4751 2502 4809 αὒτά
2542 4763 2661 4814 τοῖς
2706 4747 2960 4826 ἀδελφοῖς
2995 4764 3008 4778 ⁶
3059 4750 3148 4804 καί
3193 4747 3565 4821 ἀσπασάμενοι
3608 4741 3752 4806 ἀλλή-

2136 4839 2285 4911 λους,
2320 4839 2649 4918 ὑπέστρεψεν
2689 4841 2715 4896 6
2771 4839 3062 4903 ἐπίσκοπος
3104 4837 3159 4894 ἒν
3216 4834 3506 4914 Ἡρακλείᾳ
3549 4839 3616 4909 τῇ
3667 4829 3752 4886 πό-

2137 4927 2245 5002 λει,
2307 4930 2394 4987 καὶ
2439 4927 2656 4986 διέδωκε
2697 4930 2789 4984 τὸν
2836 4941 2988 4986 σῖτον
3034 4929 3120 4984 καὶ
3162 4930 3252 4984 τὸν
3294 4927 3446 4983 οἶνον
3477 4937 3592 4986 τοῖς
3620 4918 3751 4976 ἀδελ-

2138 5033 2262 5099 φοῖς
2325 5022 2460 5078 κατὰ
2508 5019 2606 5087 τὴν
2656 5017 2896 5075 κέλευσιν
2959 5025 3052 5074 τοῦ
3089 5016 3365 5096 ἀνθρώπου
3409 5022 3500 5071 τοῦ
3530 5019 3673 5071 Θεοῦ.
3701 5010 3748 5064 Ὀ

2138 5109 2224 5165 οὖν
2297 5109 2585 5172 ἐπίσκοπος
2663 5109 2985 5170 ’Υπατιανὸς
3046 5109 3141 5162 οὒκ
3213 5106 3438 5162 επαύετο
3495 5103 3623 5182 ἄχρι
3670 5102 3748 5161 τῆς

2137 5203 2286 5270 ζωῆς
2317 5202 2473 5257 αὐτοῦ
2503 5205 2634 5255 πᾶσι
2664 5196 3018 5275 διηγούμενος
3047 5197 3112 5254 τὰ
3170 5195 3441 5273 μεγαλεῖα
3486 5200 3576 5250 τοῦ
3618 5196 3744 5263 Θεοῦ,

2134 5288 2165 5346 ἅ
2204 5290 2456 5358 ἐποίησεν
2486 5288 2610 5366 μετ’
2638 5288 2798 5348 αότοῦ
2831 5289 3131 5368 Παρθενίου.

2213 5371 2324 5440 1Ε’.
2375 5378 2468 5436 Ἐν
2513 5381 2681 5454 ταύτῃ
2739 5384 2807 5454 τῇ
2867 5375 3131 5456 ἀγγελικῇ
3185 5373 3430 5446 πολιτείᾳ
3476 5370 3746 5444 διαλάμψας

385 5485 473 5532 set
498 5477 557 5534 in
580 5485 735 5534 terra
756 5455 856 5535 Dei
881 5493 1085 5536 servus
1109 5455 1256 5536 etvir
1275 5455 1647 5535 venerandus
1667 5476 2005 5534 Parthenius

2151 5472 2206 5551 φὶ
2267 5476 2371 5549 γῆς
2402 5471 2489 5526 καὶ
2519 5469 2753 5531 πολλοὺς
2787 5467 3117 5545 ἐπιστρέψας
3168 5465 3226 5522 ἐκ
3258 5471 3366 5521 τῶν
3419 5460 3638 5520 εἰδώλων
3666 5455 3746 5551 Ἐπὶ

383 5565 442 5619 et
465 5560 682 5621 multos
695 5562 1133 5624 convertisseta
1149 5561 1490 5624 simulacris
1506 5561 1577 5622 ad
1596 5563 1788 5624 Deum
1806 5561 2027 5636 virum,

372 5647 626 5730 perinde
646 5665 718 5709 ac
742 5650 952 5713 morbo
975 5659 1319 5732 arreptus,a
1342 5649 1465 5713 Deo
1492 5650 2017 5728 vocatus,requie~

2141 5544 2235 5617 τὸν
2294 5559 2547 5625 ἀληθινὸν
2608 5561 2745 5616 Θεὸν
2802 5560 2892 5614 τὸν
2938 5559 3111 5628 ζῶντα
3155 5561 3244 5612 καί
3287 5555 3470 5632 ὥσπερ
3515 5553 3641 5620 νόσῳ
3665 5544 3747 5607 λη·

2121 5654 2291 5731 φθεὶς,
2338 5651 2564 5721 κληθεὶς
2613 5651 2714 5707 ὑπὸ
2777 5658 2868 5710 τοῦ
2920 5647 3052 5706 Θεοῦ
3104 5646 3443 5704 ἀνεπαύσατο
3473 5643 3527 5700 ὲν
3574 5639 3743 5718 εἰρήνῃ-
