3932 6140
192 295 232 359 1
255 294 385 362 365
1509 302 1687 371 VITA
1735 310 1745 368 ε

2033 305 2301 369 ιΡΗΟΡιῐ.
3435 303 3586 369 1366

189 421 286 490 ’0
343 433 432 489 οὗν
489 433 774 497 ἐπίσκοπος
819 437 847 494 ὁ
905 436 1224 517 προῤῥηθεΐς
1273 430 1587 503 ’Υπκτιανὸς
1633 443 1742 500 ἆκοπ

2023 486 2026 501 .
2055 441 2115 502 in
2150 461 2320 523 pace.
2375 441 2703 504 Praerlictus
2755 456 2896 520 ergo
2929 439 3302 522 Hypatianns
3336 442 3576 524 episco-

191 528 320 579 τοῦ
363 522 604 598 ἀοιδίμου
635 526 689 583 ἐν
739 532 950 604 Χριστῷ
1006 529 1104 597 τὴν
1156 531 1509 608 μετάστκσιν,
1552 532 1740 589 καταλι

2030 550 2056 592 s
2088 522 2221 592 cum
2251 531 2574 594 audivisset
2607 531 2903 611 inclytum
2939 540 2997 593 et
3026 522 3433 594 venerandum
3468 534 3579 595 Pa-

190 613 288 669 τὰ
339 612 394 667 ἐν
438 617 646 695 χερσὶν,
694 616 900 694 ἀπάρας
963 617 1022 674 ἐκ
1084 625 1183 687 τῆς
1255 621 1464 686 πόλεως
1522 613 1743 700 Ἠρακλε

2030 639 2096 680 ειη
2122 630 2393 682 nostrum
2421 621 2806 682 Parthenium
2833 620 2906 682 ad
2938 620 3236 683 Christum
3272 622 3583 700 migrasse,

189 703 382 780 οὗρίῳ
438 705 724 780 πνεύματι,
780 713 872 763 τοῦ
945 715 1076 764 Θεοῦ
1157 709 1531 784 κελεύσαντος,
1595 715 1659 788 τῇ
1728 735 1742 768 c

2026 709 2174 772 lictis
2207 709 2488 772 omnibus
2535 729 2666 790 qua;
2723 709 2982 773 habebat
3030 711 3090 771 in
3124 711 3420 786 manibus,
3453 713 3579 774 sol-

188 795 370 848 νυκτὶ
415 793 813 870 καταλαμϐάνει
856 797 956 863 τὴν
986 799 1308 875 Λάμψακον.
1346 793 1620 865 Ὠσκύτως
1680 825 1741 858 κα

2025 817 2092 859 ns
2145 819 2214 860 ex
2275 801 2508 860 civitate
2566 800 2869 875 Heraclea,
2924 799 3190 862 secundo
3233 809 3412 862 vento
3445 820 3578 864 cum

197 882 448 952 Κυζίκου
509 883 934 962 ἂρχιεπίσκοπος
979 889 1067 942 καὶ
1125 891 1151 944 ὁ
1209 890 1435 946 Μελίτου
1469 890 1676 952 πόλεως
1733 892 1750 947 ἐ

2027 908 2107 950 eus
2130 889 2438 968 jussisset,
2497 889 2706 950 eadem
2760 899 2939 952 nocte
2991 889 3264 970 pervenit
3292 892 3580 972 Lampsa-

189 971 319 1025 καὶ
358 971 642 1049 ἕγεννήθη,
691 977 783 1030 xxi
844 978 870 1032 ὁ
931 979 1123 1054 Παρίου
1157 980 1442 1043 Εὔιπτᾶοιος
1475 982 1562 1036 καὶ
1596 984 1641 1037 οἱ
1677 981 1736 1036 λο

2030 997 2104 1040 m.
2145 977 2436 1040 Similiter
2469 979 2644 1041 etiam
2707 979 2897 1060 Cyzici
2957 980 3301 1061 episcopus,
3334 989 3393 1042 et
3419 971 3583 1062 epis-

189 1066 332 1116 τῶν
397 1063 544 1138 πέριξ
607 1063 841 1145 πόλεων²
902 1067 997 1122 καῖ
1070 1067 1234 1134 οὕτως
1289 1071 1425 1144 μετὰ
1489 1069 1719 1145 ψαλμῶν

2026 1086 2132 1147 pus
2171 1068 2387 1144 Meliti,
2427 1069 2486 1130 in
2518 1087 2634 1150 qua
2689 1069 2882 1131 fuerat
2910 1078 3108 1144 natus,
3143 1078 3202 1132 et
3227 1069 3386 1132 Parii
3417 1071 3579 1150 epis-

187 1148 402 1225 ὕμνίον
456 1153 738 1212 κατέθεντο
816 1157 972 1212 αὐτὸν
1030 1157 1259 1225 πλησίον
1303 1160 1398 1227 τῆς
1457 1159 1740 1226 ἓκκλησίας

2028 1176 2128 1236 pus
2162 1158 2414 1219 nomine
2471 1148 2845 1231 Eustachius,
2881 1168 2938 1221 et
2969 1158 3184 1241 reliqui
3227 1178 3298 1221 ex
3328 1148 3581 1222 civitati-

189 1248 294 1314 τῷ
344 1244 628 1320 εῦκτηρίῳ,
691 1247 718 1301 ὃ
779 1247 932 1310 αὐτὸς
1006 1247 1378 1322 ᾠκοδόμησεν,
1455 1247 1736 1306 Ἐτελειώθ

2031 1266 2056 1307 s
2087 1266 2220 1327 qua
2252 1255 2421 1308 erant
2452 1247 2869 1309 circumcirca.
2912 1250 3135 1327 Sicque
3168 1267 3304 1311 cum
3341 1249 3584 1326 psalmis

187 1331 463 1409 (lapsian
509 1341 601 1390 τοῦ
661 1342 796 1394 Θεοῦ
839 1338 1122 1414 Παρθένιος
1192 1340 1329 1396 κατὰ
1387 1337 1678 1415 Ῥωμαίους
1732 1366 1740 1416 ι

2033 1336 2269 1416 hymnis
2315 1349 2372 1397 et
2429 1337 2799 1416 spiritalibus
2861 1338 3114 1399 canticis
3172 1338 3585 1417 deposuerunt

192 1419 333 1476 Φ,ρ
398 1445 405 1458 ,
505 1425 516 1446 r
683 1423 698 1450 ι
838 1428 887 1458 _\
948 1426 994 1458 αλ
1043 1427 1058 1448 9
1265 1430 1277 1445 ‘
1544 1453 1551 1460 ι
1640 1429 1661 1448 κ

261 1444 560 1500 ιοροοκριῳ
618 1425 727 1499 ς,
762 1448 901 1482 κατα
945 1447 996 1483 Οε.
1065 1439 1322 1492 Ασιανους
1379 1449 1745 1486 πεντειαιοεκε

2032 1446 2083 1484 m
2121 1445 2311 1506 prepe
2344 1427 2658 1490 ecclesiam
2693 1427 2750 1487 in
2799 1426 3058 1489 oratorio
3089 1427 3249 1507 quod
3279 1427 3410 1507 ipse
3440 1428 3584 1490 aedi-

190 1509 521 1589 διδάγματι
566 1518 625 1573 οὗ
679 1517 843 1593 μικρᾶ
887 1516 1216 1594 κπιτκλείψας
1248 1521 1380 1593 ἡμῖν
1413 1517 1496 1575 διὰ
1529 1524 1623 1587 τῆς
1656 1518 1743 1576 τελ

2034 1515 2430 1578 avit.Dormiit
2463 1528 2659 1578 autem
2688 1525 2928 1579 sanctus
2961 1518 3181 1580 Christi
3215 1536 3419 1579 servus
3448 1517 3587 1582 Par-

191 1605 284 1663 εἰς
340 1604 429 1658 τὸν
478 1606 608 1660 Θεὸν
679 1607 766 1662 καὶ
840 1605 1082 1672 ἇκλινοῦς
1137 1608 1366 1672 πίστεως
1431 1612 1607 1680 αὐτοῦ,
1661 1611 1717 1673 ὃς

2032 1605 2188 1666 anius
2218 1605 2475 1686 septimo
2510 1606 2737 1667 mensis
2767 1607 3236 1678 Februarii,non
3272 1623 3449 1686 parva
3473 1627 3585 1670 no-

191 1693 350 1746 κετὰ
409 1691 560 1759 τέλος
618 1702 686 1772 τῇ
746 1699 875 1774 πρὸς
946 1699 1038 1752 τὸν
1093 1699 1224 1753 Θεὸν
1286 1699 1455 1770 ἱκεσίᾳ
1512 1703 1607 1757 οὐκ
1667 1699 1744 1777 ἦρε

2032 1713 2038 1752 ;
2067 1693 2279 1755 relicta
2309 1693 2580 1756 doctrina
2617 1712 2724 1775 per
2757 1697 3084 1775 perfectam
3121 1703 3180 1757 et
3212 1695 3585 1760 immobilem

188 1783 656 1861 ῢκυιιπιτουργῶν,
757 1785 1010 1861 δαίμονας
1106 1785 1419 1845 ἀπελαύνων
1515 1789 1602 1844 καὶ
1687 1796 1741 1845 πὶ

2037 1802 2075 1842 IS
2103 1782 2162 1843 in
2190 1781 2373 1844 Deum
2408 1783 2737 1858 fidem.Qui
2768 1786 2949 1847 etiam
2982 1794 3110 1866 post
3141 1786 3456 1848 decessum
3484 1803 3590 1849 sua

189 1871 373 1927 νότον
425 1872 676 1954 ἰώμενος,
732 1882 798 1952 τῇ
854 1874 1076 1950 δυνάμει
1124 1883 1214 1933 τοῦ
1262 1878 1446 1955 Κυρίου
1491 1880 1642 1951 ἡμῶν
1690 1877 1742 1936 ’11

2053 1872 2240 1934 Deum
2300 1873 2737 1953 supplicatione
2795 1895 2912 1937 non
2947 1883 3141 1938 cessat
3171 1876 3369 1937 facere
3400 1875 3586 1939 mira-

192 1966 474 2037 Χριστοῦ,
524 1966 642 2036 μεθ’
701 1965 760 2022 οὗ
815 1973 892 2039 τῷ
948 1967 1112 2043 Πατρὶ
1157 1964 1302 2041 δόξα,
1351 1969 1715 2045 προσκύνησις

2036 1963 2102 2035 la,
2137 1962 2442 2024 daemones
2476 1964 2809 2044 expellens,
2845 1966 3116 2046 leprosos
3170 1964 3494 2039 mundans,
3531 1974 3589 2028 et

187 2057 279 2124 τῷ
319 2052 568 2130 πχναγίιρ
605 2056 893 2129 Πνεύματι,
928 2065 1016 2114 νῦν
1061 2056 1148 2112 καὶ
1209 2055 1291 2113 ἀεὶ
1322 2057 1408 2113 καὶ
1454 2058 1525 2122 εἷς
1556 2057 1677 2122 τοὺς
1722 2081 1740 2113 a

2035 2069 2183 2112 lnem
2216 2050 2492 2112 morbum
2527 2061 2586 2114 et
2633 2054 3047 2133 aegritudinem
3109 2073 3325 2116 curans
3373 2055 3588 2120 virtute

192 2162 305 2205 νας
345 2147 450 2198 τῶν
485 2141 711 2202 αἰώνων.
747 2143 948 2220 Ἀμήν.

2030 2141 2212 2218 gratia
2245 2141 2485 2203 Domini
2533 2150 2592 2204 et
2626 2142 2730 2206 Dei
2761 2151 2820 2205 et
2851 2143 3186 2208 Servatoris
3218 2144 3406 2206 nostri
3435 2148 3583 2208 Jesu

1941 2227 2162 2291 Christi
2199 2229 2336 2291 :cui
2365 2229 2554 2307 gloria
2585 2239 2642 2292 et
2695 2233 2982 2311 potentia,
3036 2251 3197 2295 nunc
3245 2241 3303 2296 et
3333 2253 3579 2316 semper

1941 2326 2001 2380 et
2031 2321 2087 2378 in
2121 2319 2340 2380 saecula
2369 2319 2752 2381 saeculorum.
2787 2322 3004 2385 Amen.

614 2507 1019 2518 ———__—____

891 2614 987 2678 DE
1031 2614 1092 2679 S.
1139 2615 1571 2682 NICEPHOBO
1627 2618 1998 2683 MARTYRE
2040 2618 2471 2687 ANTIOCHIIE
2525 2622 2598 2686 IN
2645 2623 2900 2688 SYRIA.

783 2775 949 2847 (Circa
997 2793 1062 2834 an
1131 2777 1260 2844 258,
1294 2777 1562 2836 Februarii
1609 2779 1690 2835 die
1737 2781 1790 2836 9.
1825 2811 1895 2821 —
1943 2781 2085 2838 Acta
2113 2780 2211 2839 SS.
2261 2783 2518 2842 Bolland.
2566 2784 2626 2840 ad
2677 2785 2803 2842 hanc
2831 2784 3011 2853 diem.)

282 3052 348 3115 1.
388 3051 556 3114 Inter
584 3061 842 3143 atroces
875 3057 1323 3138 persecutiones
1353 3058 1560 3138 primis
1602 3059 1837 3120 saeculis
1866 3077 1900 3120 a
1950 3058 2235 3122 Romanis
2266 3061 2727 3143 imperatoribus
2756 3062 2946 3126 illatas
2975 3062 3348 3137 Christianis,
3377 3067 3581 3124 octava

189 3149 493 3232 censetur
521 3161 551 3204 a
584 3141 926 3219 Valeriano,
963 3165 1096 3207 cum
1148 3145 1270 3207 tilio
1304 3145 1574 3208 Gallieno
1605 3147 1964 3229 imperante,
1998 3167 2156 3212 anno
2189 3141 2424 3230 imperii
2457 3163 2693 3232 quarto,
2729 3153 2952 3214 Christi
2984 3152 3124 3223 257,
3161 3158 3341 3224 mota,
3373 3152 3433 3214 in
3464 3168 3582 3231 qua

187 3231 570 3320 illustriores
603 3243 888 3315 martyres
918 3233 1332 3297 occubuerunt
1361 3237 1568 3300 Romae
1599 3236 1705 3300 SS.
1738 3237 2077 3318 Stephanus
2107 3248 2166 3300 et
2213 3238 2414 3303 Sixtus
2447 3231 2785 3320 pontiﬁces,
2820 3241 3173 3303 Laurentius
3200 3239 3578 3302 archidiaco-

190 3337 312 3381 nus
340 3342 355 3394 ;
400 3318 784 3403 Carthagine,
822 3324 884 3387 S.
919 3325 1250 3406 Cyprianus
1286 3345 1302 3402 ;
1338 3325 1398 3386 in
1431 3326 1700 3400 Oriente,
1735 3328 1798 3390 S.
1832 3326 2229 3408 Nicephorus,
2268 3329 2343 3391 de
2374 3318 2494 3407 quo
2527 3331 2624 3392 hic
2653 3333 2907 3409 agimus,
2940 3329 3082 3392 alibi
3113 3329 3234 3391 alii.

274 3410 338 3471 2.
378 3409 528 3471 Acta
558 3411 734 3492 hujus
767 3415 1037 3495 martyris
1069 3416 1223 3476 nacti
1257 3433 1464 3478 sumus
1495 3415 1756 3496 duplicia
1785 3433 1859 3477 ex
1887 3415 2092 3479 Graeco
2127 3436 2237 3482 ms.
2271 3420 2486 3481 codice
2532 3420 2696 3499 regis
2731 3421 3016 3494 Franciae,
3054 3419 3404 3500 perantiqua
3435 3417 3576 3479 din-

193 3517 316 3590 qne
347 3508 495 3590 ante
530 3508 799 3582 tempora
832 3505 1246 3584 Metapbrastze
1285 3505 1621 3586 conscripta
1651 3527 1664 3564 :
1701 3505 1900 3586 priora
1928 3507 2156 3568 incerto
2197 3517 2442 3571 auctore
2470 3517 2632 3582 sunt,
2662 3529 2796 3587 quae
2842 3509 3272 3590 Metaphrastes
3303 3503 3577 3569 nonnihil

187 3588 566 3669 interpolata
616 3592 825 3673 edidit,
861 3612 1119 3671 qumque
1168 3613 1199 3655 a
1230 3593 1520 3656 Gentiano
1572 3593 1831 3656 Herveto
1882 3595 2087 3658 Latine
2116 3615 2286 3659 versa
2334 3599 2654 3677 vulgarunt
2682 3588 3042 3677 Lipomanus
3091 3607 3148 3660 et
3179 3595 3408 3660 Surius.
3457 3595 3578 3658 Nos

189 3678 414 3740 eadem
447 3679 681 3755 damus,
716 3683 819 3742 sed
855 3701 986 3764 qua)
1018 3684 1235 3746 desunt
1265 3685 1326 3746 in
1359 3703 1471 3746 ms.
1519 3684 1746 3758 Graeco,
1782 3694 1882 3748 aut
1913 3694 2193 3767 tanquam
2249 3699 2458 3767 postea
2487 3688 2789 3768 adjuncta,
2823 3688 2940 3749 alio
2973 3687 3399 3766 distinguimus
3429 3687 3576 3748 cha-

188 3776 461 3842 ractere,
497 3785 565 3829 ac
597 3768 723 3831 lere
754 3769 814 3833 in
847 3772 1252 3836 natationibus
1284 3774 1674 3855 explicemus.
1706 3772 1741 3836 Ἰ

2020 3793 2212 3836 torum
2247 3774 2450 3839 Graece
2484 3776 2580 3839 hic
2613 3786 2702 3839 est
2737 3798 2750 3839 :
2805 3779 3066 3844 νΑθλησις
3099 3785 3190 3834 τοῦ
3220 3778 3370 3854 ἁγίου
3399 3798 3573 3854 μεγα-

189 3859 536 3934 λομάρτυρος
570 3863 894 3940 Νικηφόρου,
931 3865 1017 3920 xxi
1049 3865 1185 3920 κατὰ
1216 3864 1594 3939 μνησικακίας.
1634 3883 1663 3923 ι
1684 3861 1742 3926 Ct

2029 3865 2218 3927 sancti
2252 3867 2568 3948 magnique
2603 3868 2882 3947 martyris
2912 3865 3264 3946 Nicephori,
3291 3873 3349 3928 et
3368 3872 3576 3928 contra

189 3947 558 4030 injuriarum
594 3952 966 4016 memoriam.
1003 3977 1029 4008 ιν

275 4046 337 4108 3.
374 4046 568 4111 Graaci
599 4046 906 4111 celebrant
933 4047 970 4108 9
999 4046 1287 4108 Februar.
1324 4047 1522 4109 ofﬁcio
1555 4047 1967 4111 ecclesiastico
1988 4050 2048 4112 S.
2077 4048 2480 4130 Nicephorum
2517 4055 2864 4130 martyrem,
2893 4057 2957 4111 ut
2987 4067 3195 4112 eorum
3222 4047 3571 4128 Menologia,

192 4135 550 4216 Horologia,
585 4137 961 4217 Anthologia,
996 4139 1244 4210 Menaea,
1279 4136 1567 4198 indicant.
1625 4139 1688 4198 ln
1723 4138 2060 4218 Menologio
2109 4138 2429 4200 cardinalis
2479 4138 2706 4219 Sirleti,
2740 4157 2773 4200 a
2821 4137 3057 4201 Canisio
3090 4138 3273 4214 edito,
3308 4138 3432 4200 haec
3480 4138 3572 4200 le—

195 4233 426 4304 guntur
461 4246 475 4290 :
513 4247 542 4287 ‹
577 4227 780 4291 Sancti
814 4226 1083 4306 martyris
1114 4224 1458 4307 Nicephori,
1496 4227 1596 4307 qui
1626 4225 1940 4290 Valeriano
1992 4237 2052 4289 et
2081 4228 2352 4291 Gallieno
2383 4228 2844 4308 imperatoribus
2875 4228 3219 4308 martyrium
3258 4243 3574 4308 perpessus

195 4325 308 4378 est.
341 4341 370 4373 ι
409 4315 492 4377 Ex
525 4316 797 4396 pluribus
827 4315 1144 4387 encomiis,
1179 4335 1314 4392 qua:
1342 4315 1403 4376 in
1435 4315 1676 4377 Menaeis
1707 4326 1965 4392 exstant,
2002 4336 2184 4380 unum
2220 4319 2331 4379 hoc
2364 4326 2607 4379 auctore
2634 4321 2866 4380 Joanne
2897 4318 3192 4380 monacho
3225 4335 3259 4378 e
3289 4319 3575 4396 Vesperis

200 4406 562 4486 decerptum
617 4405 827 4468 damus
862 4423 874 4468 :
918 4430 940 4460 α
980 4405 1288 4467 Manifeste
1333 4404 1613 4467 omnibus
1644 4407 1979 4483 ostendisti,
2013 4427 2046 4468 ο
2079 4407 2297 4469 invicte
2355 4407 2720 4488 Nicephore,
2756 4427 2915 4482 eum,
2949 4409 3055 4484 qui
3087 4407 3422 4486 proximum
3457 4424 3574 4467 non

199 4502 382 4568 amat,
421 4513 618 4576 neque
661 4495 1017 4556 Doominum
1051 4514 1227 4576 posse
1280 4495 1554 4575 diligere.
1589 4495 1962 4577 Quapropter
2010 4498 2151 4575 quia
2200 4497 2439 4559 sincero
2495 4515 2699 4558 amore
2753 4497 3098 4576 complexus
3128 4515 3194 4559 es
3240 4497 3572 4576 Sapricium

200 4601 559 4646 conservum
593 4593 782 4658 tuum,
820 4585 892 4646 ad
929 4584 1192 4646 divinum
1220 4583 1433 4646 alacris
1461 4595 1802 4666 assumptus
1853 4595 1946 4648 est
1973 4604 2265 4656 amorem.
2295 4586 2679 4667 animamque
2712 4595 2869 4648 tuam
2903 4585 2980 4648 ob
3031 4586 3210 4648 ﬁdem
3249 4583 3577 4647 confessio-

200 4691 469 4755 nemque
501 4672 718 4736 Christi
771 4674 1018 4739 dedisti.
1051 4673 1259 4736 Infelix
1309 4692 1444 4736 vero
1477 4674 1810 4754 Sapricius,
1847 4676 1985 4756 quia
2034 4675 2540 4739 irreconciliabile
2591 4676 2882 4742 adversus
2935 4689 2993 4736 te
3027 4674 3232 4737 odium
3284 4674 3570 4749 detinuit,

199 4763 377 4825 etiam
408 4761 707 4825 Christum
743 4762 931 4825 Deum
966 4763 1226 4842 negavit.
1266 4787 1292 4820 ι
