3932 6140
225 349 248 422 1
261 353 379 420 369

219 492 416 571 ἀφήσει
471 490 599 566 ὑμῖν
680 484 742 544 τὰ
821 484 1231 563 παραπτώματα
1305 486 1454 562 ὑμῶν
1491 501 1506 517 ’

227 582 518 638 αἰτούντων
617 580 702 634 καὶ
785 575 1261 657 παρακαλούντων,
1341 576 1398 634 οὗ
1482 575 1862 655 συνεχώρησεν

223 673 391 746 αὐτῷ.

1499 348 1686 414 VITA
1741 347 1804 410 s.
1864 311 2303 414 NICEPHORI.

1560 507 1583 543 ι
1649 483 1861 568 πάντων
1882 500 1922 550 Α
1946 501 2052 546 sus
2065 484 2326 562 fratrem
2349 481 2790 561 tuum,dz‘mitte
2808 472 3590 560 id,etvadens,reconcilia‘-

3437 301 3591 410 137i)

1946 591 2014 635 re
2025 574 2226 652 fratri
2249 584 2375 647 tuo,
2409 583 2465 637 et
2488 591 2718 636 rursus:
2750 571 2907 634 «Nisi
2934 569 3296 633 remtseritis
3319 567 3586 630 homini-

1952 662 2064 726 bus
2081 664 2298 728 delicta
2321 681 2676 739 eorum,nec
2691 664 2866 725 Pater
2880 670 3077 722 vester
3092 659 3360 722 caelestis
3380 656 3587 720 remit-

224 767 308 823 tet
336 757 502 821 vobis
525 755 744 820 delicta
771 762 999 818 vestra:
1042 779 1064 816 ιι
1102 754 1380 818 omnibus
1412 770 1549 816 eum
1579 749 1928 831 rogantibus
1959 760 2019 814 et
2051 753 2415 834 petentibus,
2443 772 2565 816 non
2597 751 2959 814 condonavit
2991 751 3068 826 (3)
3100 750 3288 826 fratri
3316 755 3371 811 et
3393 748 3590 810 amico

215 866 350 914 suo.
402 847 542 912 Non
570 848 731 910 enim
758 845 1018 911 habebat
1068 847 1134 910 in
1161 864 1228 910 se
1255 845 1626 909 charitatem
1658 849 1716 906 et
1745 844 2228 908 misericordiam
2257 866 2272 907 :
2326 842 2722 926 quamobrem
2753 844 2888 919 iure
2911 842 3035 917 luit
3064 841 3346 922 privatus
3401 855 3590 920 regno

217 939 530 1014 caelorum,

299 1030 385 1088 l".
419 1029 478 1088 Ὀ
509 1029 563 1084 δὲ
602 1025 989 1090 εὐλαϐέστατος
1047 1034 1140 1085 τοῦ
1198 1035 1332 1087 Θεοῦ
1379 1029 1467 1085 καὶ
1536 1027 1862 1090 πιστότατος

217 1119 548 1199 Νικηφόρος,
599 1120 672 1183 ὡς
719 1115 865 1174 εἶδεν
910 1115 990 1174 ὅτι
1040 1116 1439 1195 κατεφρόνησεν
1483 1121 1511 1172 ὃ
1572 1115 1860 1192 Σαπρίκιος

213 1215 320 1267 τῶν
385 1211 574 1265 κοινῶν
629 1207 820 1288 φίλων,
879 1206 1079 1272 οἵτινες
1133 1207 1261 1283 ὑπὲρ
1322 1210 1480 1266 αὐτοῦ
1537 1205 1862 1286 συγγνώμην

216 1303 484 1364 αἰτοῦντες
544 1300 638 1356 οὒκ
696 1295 910 1371 ἔλαϐον,
977 1296 1133 1360 αὒτὸς
1195 1295 1412 1374 δραμὼν
1465 1298 1539 1363 εἷς
1589 1298 1680 1352 τὸν
1709 1300 1860 1353 οἶκον

219 1391 531 1469 Σαπρικίου,
577 1388 748 1464 ῥίπτει
794 1387 984 1444 ἐαυτὸν
1045 1388 1118 1451 εἷς
1178 1387 1299 1452 τοὺς
1343 1385 1508 1451 πόδας
1563 1388 1721 1444 αὐτοῦ
1764 1385 1861 1442 λέ-

220 1503 334 1558 γων
368 1498 384 1515 ·
434 1478 806 1559 Συγχώρησόν
840 1499 955 1552 μοι⁹
1002 1478 1200 1556 Πάτερ,
1247 1475 1333 1534 διὰ
1367 1478 1458 1534 τὸν
1505 1477 1714 1556 Κύριον
1750 1479 1777 1533 6
1809 1475 1863 1532 δὲ

221 1568 335 1628 οὐδὲ
394 1568 562 1632 οὕτως
649 1567 910 1634 ἠθέλησεν
970 1565 1324 1644 διαλλαγῆναι
1382 1570 1524 1639 αὐτῷ
1581 1568 1657 1632 ὡς
1712 1565 1862 1643 φίλος

219 1657 378 1738 φίλῳ,
435 1657 531 1714 καῖ
590 1656 826 1732 μάλιστα
897 1655 1376 1736 παρακαλούμενος
1427 1657 1515 1712 καὶ
1572 1661 1863 1735 χρεωστῶν

219 1751 392 1828 χωρὶς
448 1745 846 1826 παρακλήσεως
892 1745 952 1802 ἐκ
995 1745 1213 1823 πρώτης
1273 1744 1566 1823 ἀπολογίας
1622 1742 1862 1810 δέξασθαι

216 1840 377 1896 αύτὸν
421 1839 494 1903 ὡς
548 1837 860 1914 Χριστιανὸς
900 1835 996 1892 καί
1050 1834 1401 1914 πρεσϐύτερος
1450 1837 1646 1911 καὶτῷ
1692 1836 1864 1912 Κυρίῳ

137 1990 140 1992 ν
214 1927 483 1987 δουλεύειν
526 1925 1011 2007 ἐπαγγειλάμενος,

2027 1023 2125 1088 Ill.
2159 1026 2487 1088 Piissimus
2519 1033 2727 1086 autem
2763 1030 2822 1086 et
2850 1022 3250 1102 ﬁdelissimus
3281 1016 3587 1097 Nicepho-

1945 1132 2073 1177 rus.
2106 1114 2509 1195 Nicephorus,
2549 1131 2683 1175 cum
2719 1112 2861 1173 vidit
2911 1109 3249 1191 Sapricium
3281 1108 3590 1186 despexis-

1944 1223 2010 1266 se
2039 1222 2392 1266 communes
2423 1203 2782 1284 amicos,qui
2817 1221 2924 1282 pro
2952 1219 3023 1262 eo
3050 1196 3585 1281 petentes,veniam

1945 1312 2064 1355 non
2092 1305 2477 1373 acceparunt,
2539 1291 2671 1372 ipse
2728 1307 2978 1353 currens
3010 1289 3084 1350 ad
3114 1287 3275 1350 mdes
3306 1284 3586 1368 Sapricii,

1946 1401 2009 1444 se
2043 1383 2283 1464 projicit
2315 1383 2389 1444 ad
2423 1381 2611 1464 pedes
2647 1379 3052 1462 ejus,dicens:
3094 1377 3379 1442 Condona
3410 1374 3582 1450 mihi,

1946 1471 2146 1547 Pater,
2183 1480 2422 1553 propter
2454 1469 2801 1533 Dominum.
2834 1468 2943 1531 Ille
2991 1486 3129 1529 vero
3179 1469 3233 1530 ei
3265 1466 3454 1528 noluit
3481 1482 3586 1526 re-

1946 1561 2258 1624 conciliari
2292 1569 2354 1623 ut
2384 1561 2601 1637 amico,
2637 1568 2696 1621 et
2728 1558 2989 1621 maxime
3035 1577 3171 1620 cum
3221 1564 3534 1636 rogaretur
3568 1571 3582 1617 :

1947 1658 2004 1714 et
2035 1653 2310 1714 maxime
2346 1669 2480 1714 cum
2514 1649 2788 1724 deberet,
2824 1649 3059 1712 etiamsi
3092 1666 3211 1710 non
3242 1645 3453 1708 fuisset
3481 1663 3587 1707 ro-

1945 1749 2137 1820 gatus,
2202 1759 2234 1802 a
2293 1740 2487 1821 prima
2538 1738 2924 1802 excusatione
2978 1757 3111 1800 eum
3174 1736 3475 1817 accipere,
3524 1739 3588 1797 ut

1946 1831 2320 1894 Christianus
2377 1843 2436 1891 et
2495 1827 2836 1910 presbyter,
2896 1837 2955 1892 et
2989 1829 3088 1910 qui
3125 1826 3427 1909 professus
3460 1831 3589 1890 erat

1945 1921 2180 1984 servire
2216 1919 2495 1983 Domino.

1723 2037 1970 2105 CAPUT
2001 2038 2077 2101 Il.

986 2158 1312 2238 Sapricius
1354 2173 1618 2220 renuens
1643 2156 1847 2219 odium
1874 2154 2194 2234 deponere,
2228 2155 2530 2235 martyrio
2574 2154 2820 2218 excidit.

307 2278 390 2337 Δ’.
424 2277 521 2342 Ὠς
584 2276 674 2333 οὖν
729 2282 892 2332 ταῦτα
953 2273 1118 2340 οὕτως
1174 2272 1575 2354 διεπράττοντο,
1608 2274 1927 2356 ἐξαίφνχςΒ

218 2369 420 2447 γίνεταί
464 2367 699 2446 διωγμὸς
770 2367 858 2421 καὶ
918 2363 1096 2440 θλίψις
1159 2363 1372 2443 μεγάλη
1431 2368 1486 2420 ἒν
1544 2371 1612 2441 τῇ
1675 2364 1855 2439 πόλει,

214 2459 352 2518 ὅπου
411 2457 703 2537 ἀμφότεροι
747 2457 1051 2531 κατῴκουν,
1091 2465 1382 2533 Κρατεῐται
1408 2452 1462 2510 δὲ
1496 2456 1523 2511 ό
1570 2456 1860 2534 Σαπρίκιος

215 2551 312 2605 καί
370 2544 712 2626 παραδίδοται
779 2553 854 2619 τῷ
916 2545 1171 2622 ἡγεμόνι,
1228 2544 1325 2601 καΐ
1371 2545 1444 2609 ὡς
1489 2544 1618 2612 ἔστη
1652 2543 1860 2624 ἔμπρο-

208 2643 332 2696 σθεν
391 2643 576 2712 αὐτοῦ,
610 2637 638 2693 ό
662 2638 882 2715 ἡγεμὼν
917 2635 1074 2692 εἶπεν
1112 2653 1126 2666 ·
1165 2634 1225 2692 Τί
1266 2635 1327 2690 τὸ
1357 2632 1525 2709 ὄνομά
1555 2657 1647 2692 σου
1682 2657 1698 2712 ;
1746 2643 1860 2693 Σα-

213 2728 426 2804 πρίκιος
457 2725 559 2806 ἔφη
598 2745 610 2757 ·
647 2726 937 2804 Σαπρίκιος
968 2723 1258 2799 καλοῦμαι,
1297 2721 1355 2781 Ὀ
1406 2725 1627 2810 ἡγεμῲν
1657 2723 1805 2804 λέγει
1845 2741 1858 2755 ⁸

218 2817 378 2874 Dolon
423 2814 606 2893 γένους
637 2819 690 2870 εἴ
724 2836 740 2889 ;
777 2815 1065 2894 Σαπρίκιος
1115 2813 1271 2870 εἶπεν
1304 2829 1316 2842 ·
1354 2815 1668 2892 Χριστιανός
1729 2817 1861 2884 εἰμι.

220 2907 283 2965 Ὀ
315 2906 540 2984 ἡγεμὼν
568 2904 726 2961 εἶπεν
757 2921 771 2936 °
824 2903 1093 2980 Κληρικὸς
1141 2903 1176 2971 ἢ
1207 2901 1400 2967 λα’ίκός
1435 2923 1450 2985 ;
1489 2903 1547 2961 ’0
1571 2902 1625 2959 δὲ
1657 2905 1864 2984 Σαπρί-

221 3017 338 3062 κιος
382 2995 484 3075 ἔφη
521 3009 534 3024 ·
589 2991 948 3072 Πρεσϐυτέρου
980 2991 1126 3058 τάξιν
1157 2991 1295 3072 ἔχω.
1331 2991 1388 3050 Ὀ
1419 2994 1639 3070 ἡγεμὼν
1670 2992 1812 3071 λέγει
1850 3013 1863 3026 ·

227 3088 290 3144 Οἱ
314 3085 608 3162 Αύγὸυστοι
644 3085 798 3157 ἡμῶν
830 3083 917 3138 καὶ
972 3083 1141 3160 κύριοι
1183 3083 1379 3150 ταύτης
1410 3087 1510 3150 τῆς
1541 3084 1727 3162 χώρας
1770 3083 1870 3141 καὶ

227 3180 335 3232 τῶν
369 3174 525 3252 ὁρίων
577 3171 857 3248 Ῥωμαίων
909 3173 1263 3245 Οὐαλεριανὸς
1296 3174 1384 3228 καὶ
1417 3171 1622 3237 Γάλλος
1652 3171 1870 3229 ἐκέλευ-

227 3285 350 3342 σαν,
385 3260 529 3327 ὄπως
563 3264 610 3318 οἱ
670 3263 890 3324 ἑαυτοὺς
941 3260 1188 3338 λέγοντες
1219 3263 1560 3340 Χριστιανοὺς
1588 3274 1706 3327 τοῖς
1740 3263 1871 3320 ἄθα-

233 3353 415 3416 νάτοις
447 3352 534 3409 καὶ
568 3348 761 3416 ἀϊδίοις
819 3355 965 3417 θεοῖς
1015 3351 1237 3408 Θύσωσιν
1273 3370 1288 3386 °
1327 3353 1370 3407 εἰ
1403 3349 1456 3407 δέ
1486 3374 1566 3418 τις
1597 3374 1870 3427 καταφρο-

233 3449 340 3500 νῶν
392 3440 661 3515 διαπτύει,
723 3440 1032 3519 γινωσκέτω
1090 3442 1259 3516 ἐαυτῷ
1308 3438 1574 3520 διαφόροις
1627 3441 1871 3516 βασάνων

226 3531 505 3610 τιμωρίαις
562 3535 900 3610 καμφθῆναι,
959 3533 1046 3587 καὶ
1105 3533 1273 3596 οὓτως
1338 3530 1714 3611 χαλεπωτάτῳ
1772 3535 1870 3588 θα-

2033 2271 2283 2337 [V.Cum
2313 2273 2438 2335 haec
2469 2279 2670 2335 autem
2705 2276 2789 2334 sic
2823 2271 3058 2347 ﬁerent,
3083 2279 3333 2350 repente
3360 2269 3590 2334 exsistit

1947 2365 2284 2444 persecutio
2310 2370 2371 2425 et
2395 2381 2606 2440 magna
2629 2361 2876 2426 afﬂictio
2895 2362 2952 2422 in
2968 2361 3283 2423 Antiochia
3300 2360 3591 2441 (4)civita-

1946 2459 2026 2528 te,
2053 2452 2154 2514 ubi
2180 2453 2355 2514 ambo
2379 2452 2749 2515 habitabant:
2777 2463 2834 2512 et
2866 2450 3347 2530 apprehenditur
3376 2449 3588 2530 Sapri-

1947 2543 2076 2605 cius
2107 2553 2176 2605 ut
2208 2543 2701 2615 Christianus,et
2727 2539 2984 2602 traditur
3016 2540 3259 2621 praesidi
3293 2558 3306 2600 :
3345 2549 3405 2603 et
3428 2539 3592 2602 stetit

1947 2643 2089 2694 ante
2121 2633 2343 2713 ipsum,
2379 2640 2438 2694 et
2469 2631 2614 2693 dixit
2644 2631 2698 2693 ei
2732 2649 2953 2712 praeses
2989 2647 3003 2692 :
3041 2631 3210 2705 Quod
3245 2641 3338 2693 est
3369 2647 3593 2693 nomen

1952 2721 2159 2783 tuum?
2216 2721 2321 2783 Ille
2379 2729 2576 2783 autem
2606 2720 2756 2781 dixit
2794 2741 2806 2783 :
2844 2718 3041 2782 Vocor
3071 2720 3400 2802 Sapricius.
3436 2719 3595 2783 Dicit

1954 2829 2174 2890 praeses
2203 2829 2218 2873 ι
2257 2812 2578 2890 Cujusuam
2615 2828 2678 2871 es
2719 2811 2962 2889 generis
2985 2809 3016 2868 ?
3048 2809 3203 2872 Dixit
3232 2809 3538 2891 Sapricius
3571 2826 3587 2872 :

1952 2898 2095 2963 Sum
2130 2899 2529 2963 Christianus.
2563 2900 2798 2962 Praeses
2827 2899 2976 2962 dixit
3009 2920 3022 2962 :
3053 2898 3132 2961 Es
3162 2899 3418 2961 clericus
3451 2897 3591 2979 (5)?

1953 2990 2112 3052 Dixit
2143 2989 2453 3071 Sapricius
2486 3005 2500 3050 :
2565 2987 2788 3049 Locum
2842 2995 3021 3049 teneo
3052 2987 3407 3070 presbyteri.
3443 2986 3596 3050 Dicit

1956 3097 2208 3162 praeses:
2233 3079 2481 3156 Augusti
2505 3076 2697 3139 nostri
2730 3084 2786 3138 et
2807 3077 3036 3140 domini
3059 3078 3237 3158 hujus
3254 3077 3518 3158 regionis
3538 3083 3598 3139 et

1955 3169 2141 3230 ﬁlium
2177 3167 2613 3239 Romanorum,
2649 3167 3011 3230 Valerianus
3040 3176 3101 3230 et
3130 3168 3355 3245 Gallus,
3384 3169 3592 3250 jusse-

1956 3266 2214 3335 runt,ut,
2240 3257 2338 3338 qui
2362 3276 2426 3319 se
2451 3256 2658 3318 dicunt
2679 3275 2810 3318 esse
2828 3257 3224 3333 Christianos,
3253 3257 3597 3320 sacriﬁcent

1957 3347 2073 3408 diis
2097 3345 2539 3408 immortalibus
2566 3345 2747 3426 (6).Si
2780 3347 2910 3426 quis
2940 3364 3077 3409 vero
3098 3347 3596 3428 despiciens,res-

1958 3437 2084 3518 puit
2108 3437 2220 3498 hoc
2238 3436 2496 3498 edictum
2510 3435 2682 3517 ,sciat
2703 3455 2767 3497 se
2782 3435 3034 3497 diversis
3054 3437 3368 3498 tormentis
3385 3445 3444 3499 et
3459 3453 3598 3518 sup-

1957 3524 2154 3606 pliciis
2203 3525 2614 3606 plectendum,
2649 3535 2706 3587 et
2731 3526 2818 3587 sic
2863 3525 3213 3604 gravissima
3239 3534 3431 3587 morte
3462 3545 3596 3589 esse

227 3622 372 3695 νάτῳ
429 3621 832 3697 κατακριθῆναι.
892 3620 952 3679 Ὀ
1041 3619 1096 3677 δὲ
1174 3623 1462 3699 Σαπρίκιος
1520 3623 1866 3700 παρεστηκὼς

2022 3614 3432 3696 tndemnandum.Sapriciusautemastans,dixit
3449 3635 3596 3697 pree-

229 3713 386 3770 εἶπεν
431 3713 563 3789 πρὸς
614 3712 708 3766 τὸν
747 3713 992 3788 ἡγεμονα
1025 3731 1038 3744 ·
1096 3711 1294 3785 Ἡμεῖς
1326 3713 1372 3767 οἱ
1404 3715 1703 3787 Χριστιανοὶ
1739 3720 1868 3789 Χρι-

229 3805 354 3860 στὸν
397 3809 487 3858 τὸν
529 3799 757 3876 βασιλέα
810 3800 1036 3880 ἔχομεν,
1097 3801 1176 3858 ὅτι
1221 3800 1469 3868 ἀληθινὸς
1541 3803 1670 3868 Θεός
1728 3804 1871 3859 ἔστιν

232 3894 320 3949 καὶ
367 3891 609 3958 Ποιητὴς
666 3893 888 3967 οὐρανοῦ
933 3892 1022 3947 καὶ
1052 3889 1150 3969 γῆς
1183 3892 1270 3947 καὶ
1299 3889 1572 3959 θαλάσσης
1602 3895 1688 3949 καὶ
1730 3892 1870 3948 πάν-

231 4005 342 4038 των
373 3987 479 4038 τῶν
523 3979 578 4035 ἒν
611 3981 793 4042 αὐτοῖς
830 3998 844 4014 °
880 3980 1077 4044 πάντες
1109 3979 1162 4036 δὲ
1196 3981 1242 4035 οἶ
1286 3981 1389 4036 θεοὶ
1424 3988 1531 4038 τῶν
1560 3981 1721 4038 ἒθνῶν
1751 3980 1872 4038 δαι-

229 4071 390 4148 μόνια
469 4073 625 4130 εἰσιν.
713 4068 1127 4128 Ἀπολὲοθωσαν
1185 4069 1358 4127 τοίνυν
1416 4070 1522 4127 ἀπὸ
1591 4072 1876 4150 προσώπου

227 4162 411 4228 πάσης
470 4162 567 4227 τῆς
619 4164 725 4238 γῆς
758 4161 805 4215 οἱ
837 4159 1026 4232 μηδενὶ
1077 4156 1356 4233 δυνάμενοι
1405 4161 1670 4236 βοηθῆσαι
1704 4161 1738 4230 ἧ
1763 4184 1877 4218 τινα

229 4251 437 4329 βλάψαι
470 4249 505 4317 ἢ
539 4246 861 4324 συμποδίσαι
892 4248 1020 4327 ἔργα
1051 4253 1252 4328 χειρῶν
1283 4247 1432 4314 ὄντες
1463 4250 1780 4328 ἀνθρώπων,

322 4338 406 4398 Ε’.
457 4339 589 4397 Τότε
621 4339 880 4418 ὀργισθεὶς
919 4339 946 4394 6
1002 4339 1219 4416 ἡγεμὼν
1279 4338 1552 4395 ἐκέλευσεν
1610 4339 1874 4417 βληθῆναι

237 4431 396 4488 αὑτὸν
456 4430 528 4494 εἷς
578 4427 830 4508 κοχλίαν,
888 4429 976 4484 καὶ
1030 4426 1265 4506 σφοδρῶς
1319 4429 1684 4506 βασανίζεσθαι
1716 4432 1874 4489 αὐτὸν

237 4520 408 4582 οὕτως
440 4519 668 4598 πικρῶς.
737 4518 907 4574 Εἶπεν
951 4519 979 4573 ὁ
1034 4524 1320 4596 Σαπρίκιος
1365 4526 1442 4594 τῷ
1473 4519 1693 4596 ἠγεμόιι
1731 4535 1744 4550 ⁸
1784 4522 1871 4584 Εἷς

235 4611 338 4676 τὴν
382 4608 552 4686 σάρκα
596 4631 698 4682 μου
729 4605 964 4672 ἐξουσίαν
1008 4605 1154 4686 ἔχεις
1209 4608 1457 4684 πράττειν
1488 4610 1586 4677 τὴν
1615 4609 1870 4684 ὠμότητά

237 4721 357 4771 σου,
401 4700 458 4754 ἓν
490 4696 545 4754 δὲ
606 4703 673 4773 τῇ
726 4701 882 4776 ψυχῇ
945 4718 1049 4770 μου
1083 4695 1328 4771 οὐδεμίαν
1359 4697 1613 4773 ἐξουσὶαν,
1663 4701 1706 4754 εἰ
1738 4700 1815 4775 μὴ
1843 4699 1871 4755 ὀ

239 4789 428 4866 Κύριος
489 4783 694 4853 Ἰησοῦς
752 4787 1004 4863 Χριστὸς,
1065 4787 1092 4841 ὀ
1137 4787 1319 4850 κτίσας
1350 4787 1537 4858 αὑτήν.
1578 4789 1672 4844 Καὶ
1703 4789 1879 4864 βασα-

239 4877 431 4940 νισθεὶς
491 4875 576 4932 ἐπὶ
627 4874 788 4948 πολὺ,
834 4874 1114 4950 ὑπέμεινεν
1167 4875 1259 4938 τὰς
1300 4876 1582 4952 βασάνους.
1628 4875 1774 4932 Ἰδὼν
1825 4875 1880 4932 δὲ

1955 3705 2089 3767 sidi:
2117 3707 2236 3766 Nos
2261 3703 2652 3782 Christiani,o
2682 3703 3235 3784 prmsesﬁhristum
3267 3704 3454 3768 Deum
3488 3707 3599 3768 hac

1953 3791 2165 3854 bemus
2195 3792 2733 3874 Regem,quoniam
2758 3792 2889 3873 ipse
2917 3801 3008 3857 est
3031 3795 3192 3856 solus
3219 3812 3388 3857 verus
3409 3795 3592 3872 Deus,

1958 3889 2015 3943 et
2038 3880 2283 3944 Creator
2311 3883 2450 3945 εαξη
2494 3892 2549 3944 et
2577 3891 2752 3944 terrm
2777 3895 2834 3945 et
2859 3884 3059 3956 maris.
3089 3892 3144 3946 et
3168 3884 3432 3947 omnium
3465 3903 3599 3967 quas

1960 3980 2097 4032 sunt
2123 3973 2182 4034 in
2216 3973 2562 4035 eis.0mnes
2594 3992 2733 4034 vero
2768 3973 2849 4034 dii
2885 3975 3150 4053 gentium
3188 3975 3508 4048 daemonia,
3543 3982 3602 4038 et

1963 4069 2210 4142 pereant
2243 4080 2276 4123 a
2307 4061 2459 4123 facie
2486 4063 2781 4124 universa:
2814 4070 3012 4136 terrae,
3048 4065 3149 4143 qui
3200 4083 3318 4125 non
3351 4073 3602 4145 possunt

1961 4150 2138 4211 alicui
2164 4170 2338 4231 opem
2375 4153 2559 4224 ferre,
2592 4163 2694 4213 aut
2723 4152 2984 4233 aliquem
3020 4153 3242 4215 laedere
3270 4163 3370 4216 aut
3400 4153 3598 4235 impe-

1964 4240 2117 4320 dire,
2151 4260 2284 4301 cum
2319 4246 2441 4302 sint
2470 4259 2650 4321 Opera
2685 4259 2972 4303 manuum
3002 4241 3337 4306 hominum.

2048 4331 2115 4390 V.
2156 4331 2323 4392 Tunc
2385 4331 2568 4392 iratus
2620 4349 2864 4411 praeses,
2914 4332 3090 4408 jussit
3120 4350 3257 4394 eum
3291 4333 3505 4414 projici
3536 4332 3601 4396 in

1965 4420 2294 4496 cochleam,
2325 4419 2547 4499 jubens
2604 4439 2733 4482 eam
2787 4421 3182 4482 vehementer
3229 4423 3452 4485 versari
3488 4424 3596 4504 (Ἰ).

1965 4508 2108 4571 Cum
2142 4510 2190 4569 is
2225 4527 2364 4587 ergo
2392 4509 2543 4570 adeo
2585 4510 2801 4571 acerbe
2833 4519 2890 4572 et
2921 4511 3246 4574 inhumane
3282 4522 3599 4594 torquere-

1965 4608 2082 4672 tur,
2118 4599 2263 4659 dixit
2293 4597 2598 4678 Sapricius
2631 4600 2870 4678 prasidi
2912 4621 2926 4660 :
2981 4601 3192 4662 Carnis
3239 4620 3387 4663 mea:
3418 4602 3603 4664 habes

1964 4696 2340 4768 potestatem,
2394 4688 2610 4749 animae
2658 4699 2855 4752 autem
2895 4709 3039 4752 meae
3071 4699 3426 4772 potestatem
3480 4711 3602 4755 non

1963 4779 2171 4852 habes,
2231 4778 2332 4838 sed
2403 4777 2696 4840 Dominus
2754 4782 2927 4841 Jesus
2989 4781 3278 4862 Christus,
3337 4781 3438 4861 qui
3470 4798 3602 4844 eam

1963 4868 2206 4929 creavit.
2273 4870 2475 4947 Longo
2533 4887 2676 4930 vero
2737 4879 3006 4951 tempore
3067 4879 3280 4946 tortus,
3316 4872 3604 4935 sustinuit

240 4969 269 5023 ὃ
329 4963 609 5037 δικαστὴς,
672 4962 752 5020 ὅτι
814 4965 872 5018 οὓ
931 4965 1095 5019 πείθει
1153 4963 1326 5020 ἁῦτὸν
1385 4963 1577 5020 ἔδωκεν
1608 4967 1749 5039 αὐτῷ
1781 4967 1866 5032 τὴπ

2022 4969 2290 5018 ’ῙῚΠΘΠῐᾶι
2326 4959 2470 5018 Cum
2502 4958 2750 5020 vidisset
2782 4968 2978 5022 autem
3013 4960 3325 5041 improbus
3352 4971 3412 5023 et
3463 4980 3600 5025 mu-

240 5054 510 5134 ἆπόφασιν
555 5053 718 5109 εἰπών
753 5069 767 5084 ⁸
807 5054 1096 5129 Σαπρίκιον
1148 5054 1239 5109 τὸν
1288 5051 1658 5132 πρεσϐύτερον,
1722 5056 1866 5126 βασι-

2022 5049 2209 5107 Hesus
2233 5046 2424 5124 judex
2457 5065 2591 5107 eum
2645 5068 2765 5110 non
2799 5039 3172 5129 persuaderi,
3211 5051 3342 5113 tulit
3370 5051 3429 5114 in
3466 5071 3600 5114 eum

241 5144 410 5200 λικῶν
483 5141 914 5218 προσταγμάτων
988 5141 1420 5221 καταφρονούντα
1500 5143 1586 5200 καὶ
1651 5142 1866 5212 ἀνήκοοι

2022 5135 2350 5210 mtentiam,
2388 5136 2597 5198 dicens
2627 5159 2639 5201 :
2673 5139 3005 5220 Sapricium
3041 5140 3474 5224 presbyterum,
3501 5141 3604 5224 qui

244 5231 509 5313 γεγονότα
576 5245 696 5294 τοϊς
783 5252 840 5287 τε
897 5231 1175 5294 ἀθανάτοις
1252 5235 1396 5295 θεοῖς
1450 5234 1527 5308 μὴ
1585 5230 1866 5301 θελήσαντι

2022 5226 2163 5288 licta
2191 5227 2519 5288 contemnit
2542 5229 2999 5310 imperatorum,
3025 5239 3083 5293 et
3116 5251 3236 5295 non
3264 5235 3602 5313 paruit,nec

323 5402 400 5473 (3)
433 5401 496 5457 In
524 5414 642 5473 gms.
683 5420 705 5451 ι
738 5399 861 5458 Non
905 5398 1255 5458 condonavit
1295 5401 1365 5464 ei;
1391 5421 1413 5452 ι
1452 5401 1694 5472 reliquis
1717 5399 1787 5457 ad
1819 5400 1889 5456 ﬁ-

251 5471 385 5535 nem
420 5471 673 5529 omissis.

2041 5393 2111 5464 (6)
2143 5393 2308 5450 Addit
2342 5410 2451 5452 ms.
2487 5417 2512 5449 α
2548 5407 2602 5458 et
2640 5400 2884 5458 aeternis.
2926 5419 2950 5454 ι

2041 5467 2125 5543 (7)
2155 5466 2291 5522 Haec
2330 5469 2525 5526 minus
2557 5473 2807 5542 perfecte
2855 5475 2913 5530 in
2965 5486 3072 5543 ms.
3105 5472 3381 5543 leguntur
3416 5489 3432 5532 :
3468 5493 3495 5528 ε
3529 5474 3601 5534 Ει

323 5547 412 5622 (4)-
444 5543 606 5622 Deest
637 5543 695 5622 in
726 5549 928 5622 ms._et
958 5542 1016 5599 tn
1052 5543 1296 5622 Jo_a_nnis
1341 5557 1576 5616 quoque
1619 5542 1886 5602 sardium
1969 5541 2343 5621 vehementer
2396 5541 2611 5601 versari
2666 5543 2810 5601 adeo
2859 5542 3132 5619 superbe.
3170 5541 3348 5604 ‘Dixit
3398 5545 3598 5622 Sapri-

253 5613 678 5684 archiepiscopi
720 5615 1000 5674 oratione.
1043 5613 1202 5672 urbis
1232 5613 1491 5672 nom—en;

330 5688 408 5757 (5)
440 5686 540 5745 Ms.
575 5685 835 5746 Gracum
880 5700 895 5742 :
932 5704 957 5737 «
984 5685 1063 5745 Es
1086 5685 1337 5746 clericus
1366 5701 1437 5747 an
1470 5685 1699 5748 laicus?
1733 5704 1757 5739 ι

1969 5609 2116 5665 cius.
2156 5628 2178 5660 ε
