3932 6140
405 264 566 373 f1371

1682 273 1846 341 ΜΕΝ
1850 273 1964 339 SIS
2001 275 2509 343 FEBRUARIUS.

3641 281 3792 356 1372

413 407 530 473 diis
558 408 998 474 immortalibus
1029 407 1220 474 voluit
1251 409 1618 489 sacriﬁcare,
1651 421 1716 474 ut
1744 413 1846 494 qui
1876 431 1911 475 a
1940 429 2031 494 Spt

2131 416 2303 491 θῦσαι,
2335 412 2406 477 ὡς
2438 410 2536 479 τῆς
2567 408 2778 478 ἐλπίδος
2827 409 2933 470 τῶν
2991 413 3328 488 Χριστιανῶν
3391 412 3653 472 ἐκπεσεῖν
3711 408 3781 492 μέ,

413 500 892 565 Christianorum
954 521 1092 564 mon
1153 499 1357 564 tulerit
1409 501 1715 578 excidere,
1768 501 2053 584 jubemus

413 591 569 655 tradi
602 593 902 674 supplicio
931 591 1165 673 capitis.

488 681 742 744 VLCum
768 701 910 761 ergo
935 681 1065 764 ipse
1096 688 1258 744 esset
1287 699 1588 762 egressus,
1617 690 1866 764 accepta
1898 701 2051 745 mar-

411 772 546 852 tyrii
577 771 900 844 sententia,
954 780 1013 834 et
1056 771 1375 834 festinaret
1416 773 1491 835 ad
1530 772 1836 835 caelestem
1869 791 2047 835 coro-

407 879 572 938 nam;
603 861 928 924 audivisset
956 872 1159 924 autem
1192 864 1254 925 S.
1288 860 1689 942 Nicephorus,
1713 881 1967 925 currens
1993 863 2050 924 ei

404 952 702 1032 processit
730 951 1058 1026 obviam,et
1087 969 1152 1013 se
1182 951 1421 1032 projicit
1453 952 1524 1013 ad
1553 953 1740 1034 pedes
1771 954 1928 1033 ejus,
1949 951 2048 1013 di-

406 1059 551 1104 cens
582 1058 596 1102 :
634 1041 849 1124 Martyr
874 1041 1373 1121 Christi,ignosce
1404 1041 1865 1122 mihi,quoniam
1901 1061 2047 1124 pec-

407 1131 530 1193 cavi
557 1131 618 1193 in
651 1130 844 1195 te.Ille
873 1141 1072 1196 autem
1110 1131 1258 1192 nihil
1290 1131 1345 1194 ei
1376 1132 1690 1212 respondit
1724 1153 1737 1195 :
1783 1150 2047 1195 excaeca-

409 1227 538 1283 tum
569 1223 728 1284 enim
757 1223 963 1302 fuerat
992 1238 1099 1284 cor
1126 1224 1256 1301 eius
1278 1239 1316 1283 a
1350 1222 1514 1284 malo
1543 1223 1912 1286 daemones.
1940 1223 2045 1286 Ni-

405 1311 706 1392 cephorus
734 1330 871 1374 eum
903 1330 1114 1373 rursus
1146 1312 1430 1392 pravenit
1455 1330 1561 1392 per
1590 1311 1768 1373 aliam
1803 1315 2045 1387 viam,et

403 1400 460 1462 ei
489 1404 774 1477 occurrit,
815 1401 1157 1483 priusquam
1183 1402 1316 1481 ipse
1338 1401 1731 1481 egrederetur
1766 1421 1799 1463 e
1831 1402 2040 1464 civita-

403 1498 487 1570 te,
523 1505 582 1554 et
615 1491 846 1572 rogavit
869 1510 1035 1566 eum,
1065 1491 1273 1553 dicens
1309 1509 1322 1554 :
1359 1494 1574 1572 Martyr
1607 1492 1852 1567 Christi,
1889 1512 2041 1554 con-

337 1625 340 1627 »
403 1581 560 1645 dona
591 1581 862 1658 mihiea,
904 1601 1039 1664 qua;
1069 1583 1126 1642 in
1163 1591 1219 1644 te
1252 1581 1492 1664 peccavi
1523 1593 1589 1645 ut
1639 1582 1837 1643 homo.
1883 1585 2042 1646 Ecce

405 1671 566 1735 enim
597 1673 671 1735 de
694 1682 910 1736 caetero
944 1673 1077 1734 data
1135 1683 1227 1734 est
1280 1672 1389 1734 tibi
1442 1690 1729 1734 coronaa
1781 1673 2037 1749 Christo,

2135 500 2536 582 ἀνασχόμενον,
2593 501 2869 583 πεφαλικῇ
2924 504 3152 583 τιμωρίᾳ
3200 503 3571 584 παραδοθῆναι
3611 528 3778 585 προσ-

2133 591 2333 651 τάττω.

2213 673 2314 759 ς’.
2364 683 2456 740 Ἐν
2498 691 2576 758 τῷ
2617 683 2707 740 οὗν
2738 682 2970 750 ἐξελθεῖν
3017 686 3174 744 αὐτόν
3232 685 3471 744 λαϐόντα
3507 687 3614 754 τὴν
3649 686 3772 743 ἐκεῖ.

2132 795 2288 854 φασιν
2343 777 2436 831 τοῦ
2494 775 2778 853 μαρτυρίου
2821 776 2909 831 καὶ
2952 777 3084 854 πρὸς
3129 777 3219 833 τὸν
3282 777 3536 855 οὖρᾶνιον
3579 777 3771 856 στέξα-

2132 886 2220 920 νον
2264 861 2579 939 σπεύδοντα,
2613 863 2847 928 ἀκούσας
2880 867 2907 921 6
2938 865 3090 944 ἅγιος
3127 868 3458 945 Νικηφόρος,
3497 869 3594 923 καὶ
3657 865 3771 940 δρι-

2132 953 2248 1028 μὼν
2289 954 2597 1023 ὑπήντησεν
2668 954 2835 1029 αὐτῷ,
2897 957 2986 1012 καὶ
3039 955 3213 1033 ῥίπτει
3274 957 3466 1012 ἑαυτὸν
3526 957 3604 1021 εἷς
3663 957 3769 1019 τοὺς

2131 1040 2298 1108 πόδας
2350 1043 2508 1101 αὒτοῦ
2551 1042 2724 1121 λέγων
2760 1092 2773 1107 ,
2837 1044 3042 1123 Μάρτυς
3085 1053 3177 1103 τοῦ
3232 1053 3490 1126 Χριστοῦ,
3553 1046 3770 1124 σύγ-μέ)-

2124 1133 2292 1212 ρησόν
2341 1155 2433 1209 μοι
2489 1132 2592 1207 ἔτι,
2638 1136 2882 1210 ἥμαρτον
2935 1135 3009 1199 εἰς
3042 1136 3100 1191 σέ
3136 1154 3151 1170 ·
3205 1135 3415 1201 ἐκεῖνος
3445 1136 3507 1193 δὲ
3541 1135 3645 1194 οὒκ
3674 1136 3768 1190 ir..-

2125 1223 2304 1301 εκρίθη
2361 1226 2504 1298 αὐτῷ
2561 1223 2746 1301 λόγον.
2808 1223 2870 1282 Ὀ
2915 1222 2972 1280 δὲ
3022 1225 3174 1304 ἅγιος
3239 1227 3555 1307 Νικηφόρος
3619 1223 3770 1282 πάλιν

2124 1309 2488 1391 προλαμϐάνει
2522 1313 2709 1369 ἑαυτὸν
2738 1309 2805 1368 δι’
2861 1311 3033 1381 ἄλλης
3080 1316 3201 1372 ὁδοῦ
3231 1316 3320 1371 καὶ
3352 1319 3594 1386 συναντᾷ
3641 1313 3774 1385 αὗτῷ

2127 1403 2225 1478 πρὸ
2254 1411 2348 1461 τοῦ
2376 1401 2610 1467 ἐξελθεῖν
2669 1403 2762 1469 τὴν
2807 1401 2964 1460 πόλιν
3021 1406 3110 1460 καὶ
3140 1403 3318 1461 ἐδέετο
3350 1405 3520 1461 αὒτοῦ
3548 1404 3725 1481 λέγων
3757 1420 3770 1436 ·

2129 1491 2330 1566 Δέομαί
2387 1514 2504 1571 σου,
2554 1492 2754 1571 μάρτυς
2782 1500 2875 1550 τοὸ
2908 1501 3156 1570 Χριστοῦ,
3189 1492 3275 1556 δός
3311 1517 3405 1569 μοι
3435 1493 3772 1572 συγγνώμην

2123 1582 2211 1637 καὶ
2255 1581 2636 1662 σῠγχώρησον,
2695 1582 2770 1638 ὧν
2815 1585 2888 1646 εἷς
2921 1584 2981 1638 σὲ
3039 1583 3278 1661 ἥμαρτον
3333 1587 3408 1647 ὡς
3459 1583 3770 1661 ἅνθρωπος.

2124 1669 2257 1728 Ἰδοὺ
2314 1671 2504 1729 λοιπὸν
2548 1675 2574 1728 6
2632 1674 2892 1747 στέφανός
2947 1696 3030 1729 σοι
3090 1671 3286 1730 δίδοται
3341 1675 3489 1750 παρᾶ
3553 1673 3771 1750 Κυρίου,

399 1780 578 1844 quem
607 1781 724 1825 non
779 1763 1030 1844 negasti,
1078 1765 1181 1826 sed
1215 1762 1524 1823 confessus
1555 1780 1623 1824 es
1663 1780 1879 1824 nomen
1913 1764 2031 1840 ejus

2131 1761 2181 1817 ὃν
2236 1761 2333 1818 οὒκ
2387 1762 2629 1841 ἠρνήσω,
2692 1759 2812 1817 ἀλλ’
2895 1763 3256 1840 ὡμολογήσας
3316 1765 3472 1820 αὐτὸν
3535 1761 3777 1818 ὶνώπιον

399 1860 671 1914 sanctum
699 1873 901 1916 coram
937 1853 1144 1915 multis
1175 1851 1456 1916 testibus.
1489 1850 1599 1913 Ille
1627 1859 1822 1914 autem
1849 1853 2041 1916 durus

399 1947 459 2005 et
487 1942 930 2022 implacabilis,
961 1942 1099 2004 odio
1133 1959 1238 2005 cor
1273 1941 1502 2004 habens
1535 1941 2042 2018 obcaecatumme-

399 2049 515 2112 que
547 2031 602 2093 ei
632 2031 801 2096 dedit
832 2032 1296 2113 veniam,neque
1327 2038 1380 2093 ei
1408 2031 1656 2093 verbum
1687 2031 1875 2094 voluit
1903 2051 2037 2095 res-

398 2120 688 2202 pondere,
722 2121 872 2184 adeo
923 2130 989 2184 ut
1038 2122 1154 2203 ipsi
1184 2122 1429 2184 lictores
1459 2121 1732 2183 dicerent
1759 2124 1820 2186 S.
1853 2124 2034 2186 Nice-

395 2210 584 2291 phoro
622 2233 636 2270 :
670 2212 815 2275 Tam
875 2212 1121 2274 stultum
1183 2212 1491 2276 hominem
1541 2229 1844 2293 nunquam
1880 2213 2034 2276 vidi-

393 2317 550 2364 mus.
582 2298 758 2363 Vadit
807 2300 881 2362 ad
932 2301 1291 2383 supplicium
1345 2300 1584 2381 capitis,
1635 2310 1696 2364 et
1725 2303 2035 2384 quomodo

391 2389 547 2471 petis
577 2392 807 2453 veniam
841 2391 914 2453 ab
948 2411 1043 2467 eo,
1081 2392 1180 2473 qui
1205 2393 1332 2472 jam
1369 2399 1459 2452 est
1487 2391 2037 2456 moriturus?Dicit

395 2481 484 2541 eis
507 2477 572 2543 S.
602 2481 980 2562 Nicephorus
1015 2503 1029 2541 :
1092 2481 1379 2558 Nescitis,
1414 2479 1556 2562 quid
1590 2489 1785 2562 petam
1819 2501 1854 2544 a
1885 2501 2031 2545 con-

393 2565 624 2631 fessore
655 2568 878 2635 Christi
909 2588 924 2633 :
959 2573 1121 2635 Deus
1148 2579 1344 2634 autem
1376 2572 1512 2634 scit.

473 2655 602 2722 VII.
622 2658 697 2722 Et
720 2680 855 2724 cum
889 2660 1154 2724 venisset
1183 2661 1257 2724 ad
1283 2660 1509 2732 locum,
1535 2662 1595 2722 in
1627 2681 1744 2743 quo
1775 2670 1903 2726 erat
1932 2664 2030 2724 in-

393 2747 769 2812 terimendus
789 2750 1339 2832 Sapricius,rursus
1359 2750 1414 2812 ei
1436 2749 1586 2811 dixit
1602 2752 1984 2832 Nicephorus
2013 2769 2028 2814 :

391 2835 570 2918 Rogo
591 2846 914 2922 te,ntartyr
937 2840 1454 2921 Christi,ignosce
1471 2840 1624 2904 mihi
1641 2843 1696 2905 si
1717 2843 1862 2922 quid
1885 2859 2031 2923 pec-

392 2930 556 3008 cavi,
588 2936 658 2991 ut
677 2928 872 2992 homo.
909 2928 1212 3008 Scriptum
1245 2939 1336 2992 est
1361 2930 1521 2992 enim
1551 2931 1584 2981 3
1611 2949 1626 2994 :
1668 2955 1695 2987 ι(
1728 2932 1943 3007 Petite,
1975 2940 2033 2994 et

390 3016 633 3079 dabitur
653 3017 819 3081 vobis
846 3019 996 3100 (8).»
1025 3019 1141 3083 Sed
1168 3038 1238 3081 eo
1256 3019 1384 3081 haec
1402 3019 1640 3083 dicente
1663 3029 1722 3083 et
1741 3040 1871 3103 qua:
1893 3030 2034 3083 sunt

2123 1850 2337 1908 πολλῶν
2391 1852 2694 1931 μαρτύρων,
2758 1851 3003 1916 Ἐκεῖνος
3084 1851 3140 1909 δὲ
3198 1852 3617 1930 πεπωρωμένην
3677 1852 3776 1918 τὴν

2121 1940 2338 2018 καρδίαν
2396 1942 2566 2023 ἔχων,
2611 1941 2729 2000 οὔτε
2787 1943 3116 2022 συγγνώμην
3175 1948 3320 2018 αὒτῷ
3377 1942 3614 2000 δέδωκεν
3657 1941 3778 1999 οὔτε

2121 2032 2238 2087 τινὰ
2282 2030 2444 2109 λόγον
2473 2031 2735 2100 ἠθέλησεν
2780 2036 2923 2108 αὒτῷ
2966 2033 3344 2112 ἀποκριθῆναι,
3390 2035 3462 2098 ὡς
3520 2033 3618 2088 καὶ
3676 2031 3778 2088 αὖ·

2119 2122 2242 2185 τοὺς
2315 2123 2440 2185 τοὺς
2527 2120 2750 2197 δημίους
2825 2120 3001 2200 λέγειν
3062 2127 3192 2200 πρὸς
3248 2125 3340 2179 τὸν
3400 2123 3725 2201 Νικηφόρον
3757 2138 3770 2150 ·

2119 2218 2368 2270 Τοιοῦτον
2422 2213 2602 2290 μωρὸν
2648 2210 2922 2290 ἄνθρωπον
2953 2216 3048 2272 οὐκ
3100 2211 3315 2289 εἴδομέν
3346 2233 3476 2270 ποτε
3515 2229 3532 2244 ·
3584 2213 3668 2274 εἷς
3715 2212 3774 2266 τὸ

2118 2301 2620 2383 ἀποκεφαλισθῆναι
2658 2302 2847 2380 ὑπάγει
2914 2303 3002 2358 καὶ
3060 2303 3203 2382 παρὰ
3256 2302 3537 2381 ἀνθρώπου
3593 2303 3772 2356 θανα-

2119 2393 2276 2467 σίμου
2315 2391 2668 2471 συγχώρησιν
2699 2393 2868 2457 αἰτεῖς
2907 2411 2923 2468 ;
2956 2393 3044 2449 καὶ
3076 2391 3222 2470 λέγει
3281 2394 3309 2448 6
3366 2392 3524 2470 ἅγιος
3583 2400 3767 2456 Νικη-

2115 2481 2275 2562 φόρος
2316 2498 2329 2513 '
2363 2484 2472 2540 Οὔκ
2515 2480 2719 2557 οἴδατε,
2768 2483 2818 2538 τί
2857 2483 3106 2558 αἰτοῦμαι
3165 2483 3256 2539 τὸν
3286 2479 3645 2560 ὁμολογητὴν
3676 2481 3767 2535 τοῦ

2115 2579 2341 2651 Χριστοῦ
2379 2588 2392 2601 ·
2428 2573 2456 2629 ὃ
2491 2573 2620 2635 Θεὸς
2653 2571 2926 2649 γινώσκει.

2198 2665 2274 2722 Z’.
2313 2664 2411 2721 Καὶ
2437 2661 2604 2719 ἒλθὼν
2660 2663 2747 2719 kal
2803 2663 2894 2718 τὸν
2939 2662 3104 2720 τόπον
3149 2661 3283 2720 ὅπου
3312 2660 3552 2730 ἢμελλεν
3600 2660 3760 2716 ἄναι-

2115 2757 2322 2831 ρετσθαι
2381 2754 2408 2809 ὅ
2458 2752 2770 2827 Σαπρίκιος,
2801 2751 2954 2833 ἔλεγε
2998 2752 3160 2810 πάλιν
3207 2752 3236 2808 ὀ
3267 2751 3414 2832 ἅγιος
3448 2751 3759 2830 Nan-adpo:

2117 2845 2246 2921 πρὸς
2277 2842 2459 2917 αὒτὸν,
2505 2842 2630 2900 "Ott
2677 2841 2998 2923 γέγραπται,
3052 2866 3080 2898 α
3113 2843 3350 2916 Αἰτεῖτε,
3406 2842 3493 2898 καὶ
3525 2839 3759 2912 806i“-

2118 2957 2200 2991 ται
2260 2937 2391 3001 ὑμῖν
2427 2949 2438 2962 ⁸
2489 2939 2728 3007 ζητεῖτε,
2775 2934 2864 2990 καὶ
2895 2931 3144 3012 εὺρῆσετε
3178 2952 3194 2970 ο
3226 2933 3464 3008 κρούετε,
3495 2932 3590 2988 καὶ
3619 2933 3757 2986 ἀνοι-

2115 3026 2344 3103 γήσεται
2386 3021 2540 3097 ὑμῖν,
2577 3045 2605 3077 ι
2669 3020 2837 3078 Ἀλλὰ
2893 3029 3056 3079 ταῦτα
3087 3024 3175 3078 καὶ
3207 3023 3270 3080 τὰ
3301 3030 3518 3081 τοιαῦτα
3562 3020 3755 3098 λέγον-

390 3105 484 3169 his
509 3107 879 3189 similia,uon
901 3110 1125 3173 audivit
1146 3127 1336 3171 saevus
1360 3118 1417 3172 et
1436 3110 1622 3174 durus
1639 3112 1891 3174 amicus:
1920 3130 2031 3175 nec

2131 3136 2207 3176 ιος
2243 3111 2422 3187 αὐτοῦ,
2457 3110 2552 3169 οὒκ
2581 3108 2774 3179 ἤκουεν
2805 3113 2832 3168 ὀ
2887 3110 3253 3190 σκληρότατος
3308 3109 3480 3192 φίλος,
3527 3111 3650 3167 οὔτε
3705 3109 3757 3165 δὲ

389 3196 581 3260 ﬂexus
613 3207 700 3261 est
732 3199 960 3262 sodalis
989 3201 1497 3281 asperrimus,nec
1525 3202 1930 3280 fuitmultitus
1952 3209 2037 3267 to-

388 3295 488 3350 tus
515 3289 898 3368 inﬂexibilis.
931 3291 1072 3355 Non
1102 3294 1265 3354 enim
1297 3291 1541 3354 audivit
1570 3292 1725 3355 illud
1752 3312 1766 3355 :
1805 3293 2037 3371 Diliges

395 3377 721 3443 Dominum
753 3381 941 3445 Deum
973 3399 1051 3445 ea:
1073 3390 1196 3445 toto
1229 3381 1406 3444 corde
1440 3391 1564 3458 tuo,
1591 3390 1648 3445 et
1672 3389 2029 3464 proximum

404 3474 576 3532 tuum
607 3471 759 3534 sicut
790 3477 1051 3554 teipsum
1073 3473 1126 3534 ιε
1145 3471 1248 3534 sed
1266 3472 1481 3536 clausit
1508 3490 1687 3535 aures
1716 3473 1914 3536 cordis
1933 3475 2032 3536 sui

394 3563 453 3620 et
481 3563 788 3643 corporis,
816 3570 878 3624 ut
905 3562 1068 3642 aspis
1097 3562 1280 3624 surda
1339 3569 1399 3624 et
1453 3563 1692 3638 clauda,
1749 3582 1882 3644 quae
1911 3582 2030 3626 non

2118 3203 2423 3278 ἐκάμπτετο
2481 3205 2508 3258 ὁ
2566 3201 2902 3282 τραχύτατος
2961 3203 3248 3280 ἀγαπητός
3285 3217 3299 3232 ·
3364 3199 3606 3257 ἔκλεισεν
3664 3201 3756 3278 γαρ

2117 3293 2184 3349 τὰ
2241 3295 2355 3348 ὦτα
2399 3293 2560 3350 αὐτοῦ
2602 3293 2675 3353 ὡς
2720 3292 2883 3356 ἀσπίς
2941 3292 3099 3372 κωφὴ
3161 3292 3250 3350 καὶ
3302 3287 3477 3367 βωϐἢ,
3513 3288 3633 3357 ἧτις
3667 3293 3758 3348 οὐκ

2115 3382 2480 3440 εἷσακούσεται
2542 3381 2726 3460 φωνὴν
2793 3379 3105 3454 ἔπᾴδοντος,
3200 3381 3300 3436 Διὰ
3371 3389 3527 3438 τοῦτο
3585 3383 3677 3434 καὶ
3731 3380 3755 3435 ὁ

2114 3472 2351 3549 ἀψευδὴς
2387 3471 2570 3550 Κύριος
2604 3469 2762 3528 εἶπεν
2797 3487 2810 3499 ·
2854 3491 2878 3527 ι
2917 3469 3044 3529 Ἐὰν
3075 3471 3152 3547 μὴ
3184 3470 3381 3550 ἀφῆτε,
3414 3471 3511 3527 οὒκ
3542 3469 3748 3548 @501},-

2114 3585 2263 3619 σεται
2294 3563 2446 3634 ὑμῖν.
2486 3582 2510 3618 ι

390 3649 691 3713 exaudivit
721 3671 922 3714 vocem
952 3650 1404 3714 incantantium.
1441 3651 1762 3731 Pr0pterea
1793 3659 1903 3734 qui
1925 3669 2254 3734 personam
2295 3667 2419 3711 non
2452 3650 2698 3730 respicit
2723 3651 2779 3722 5,
2809 3657 2867 3712 et
2895 3666 3069 3711 verus
3099 3655 3186 3710 est
3215 3647 3506 3712 Dominus
3537 3647 3642 3729 qui
3673 3647 3754 3709 di-

386 3735 472 3798 xit
499 3761 512 3801 :
553 3765 578 3795 α
603 3742 664 3804 Si
708 3759 826 3802 non
860 3742 1242 3804 tramiseritis
1271 3741 1616 3804 hominibus
1647 3742 1865 3805 delicta
1920 3760 2154 3821 eorum,
2186 3757 2376 3818 neque
2408 3739 2593 3801 Pater
2621 3747 2824 3802 noster
2851 3739 3110 3802 scelestis
3155 3743 3422 3800 remittet
3449 3736 3622 3800 vobis
3650 3738 3752 3800 de-

389 3825 536 3890 licta
567 3836 765 3893 vestra
791 3829 825 3879 θ
855 3851 874 3892 :
909 3838 963 3893 et
997 3832 1066 3892 in
1093 3849 1214 3910 qua
1242 3847 1529 3893 mensura
1562 3832 1832 3893 metieris
1859 3831 2052 3910 fratri
2083 3839 2206 3904 tuo,
2238 3830 2308 3892 in
2337 3847 2406 3891 ea
2436 3831 2795 3892 remetiatur
2823 3828 2960 3893 tibi.
2997 3853 3024 3884 π

450 3915 894 3982 Vlll.Dominus
916 3938 1050 3980 cum
1077 3919 1328 3982 vidisset
1350 3939 1484 3982 eum
1509 3919 1672 3982 nulla
1691 3919 1845 3999 tangi
1879 3939 2022 4000 pro-

385 4006 532 4069 ximi
559 4009 979 4072 misericordia
998 4010 1250 4090 (9),jure
1274 4026 1412 4072 eum
1437 4009 1890 4090 privavitregno
1915 4028 2023 4072 suo

383 4100 1052 4172 cmlestissimo(10),ille
1076 4117 1212 4159 vero
1235 4104 1490 4174 seipsum
1514 4101 2023 4172 alienavitagratia

385 4187 617 4249 ccelesti
650 4196 709 4250 et
730 4187 805 4251 ab
831 4189 1075 4250 aeternis
1097 4188 1206 4251 Dei
1228 4188 1425 4262 bonis,
1461 4197 1704 4269 propter
1727 4188 1962 4267 injuriae
1993 4205 2028 4249 a

383 4273 570 4338 fratre
588 4286 850 4358 accepta:
872 4278 1377 4340 recordationem:
1402 4252 1740 4339 et.ma.xime
1772 4252 1931 4357 quod
1965 4277 2024 4338 in
2049 4252 2093 4304 θ

383 4383 734 4444 germanum
768 4374 1114 4429 etveterem
1148 4367 1406 4429 amicum
1430 4366 1642 4429 fuisset
1662 4367 1863 4428 animo
1883 4384 2022 4428 cru-

385 4453 786 4528 deli,immani
809 4463 867 4517 et
888 4455 1581 4519 irrecouciliabili.Tunc
1606 4455 1815 4519 dicunt
1845 4457 2022 4518 licto-

383 4561 483 4606 res
505 4541 800 4626 Sapricio:
819 4545 1021 4608 Flecte
1045 4565 1242 4627 genua
1263 4555 1359 4608 tua
1371 4555 1455 4628 ,ut
1477 4554 1653 4625 caput
1683 4545 1787 4607 tibi
1820 4565 2027 4628 ampu-

384 4632 726 4697 tetur.Dicit
747 4643 945 4696 autem
973 4638 1058 4696 eis
1083 4635 1388 4715 Sapricius
1427 4657 1439 4698 :
1463 4634 1690 4709 Quare?
1720 4635 1938 4698 Dicunt
1967 4635 2023 4698 ei

383 4722 952 4798 lictoreszQuoniam
981 4725 1223 4787 noluisti
1247 4725 1363 4786 diis
1387 4725 1865 4801 sacriﬁcare,sed
1886 4744 2025 4787 con-

381 4813 682 4896 tempsisti
707 4812 970 4875 edictum
999 4813 1382 4893 imperatoris
1404 4821 1649 4896 propter
1689 4813 2018 4894 hominem,

382 4904 484 4986 qui
507 4904 726 4966 dicitur
747 4902 1188 4967 Christusﬂaec
1212 4923 1347 4966 cum
1379 4903 1668 4966 audiisset
1693 4903 1875 4964 miser
1907 4905 2022 4966 Sa-

383 4992 954 5076 pricius,respondit
977 4993 1481 5072 lictoribus,hanc
1509 4994 1794 5056 miseram
1815 4999 1873 5055 et
1900 4995 2020 5055 tri-

382 5093 538 5148 stem
564 5084 1026 5160 vocent,dicens:
1050 5083 1246 5148 Nolite
1267 5103 1362 5148 me
1383 5084 1596 5147 ferire.
1620 5082 1796 5147 Facio
1827 5082 2015 5164 enim,

382 5193 516 5253 quas
537 5175 852 5256 jusserunt
884 5174 1303 5257 imperatores,
1338 5182 1396 5238 et
1425 5173 1542 5237 diis
1569 5173 1867 5237 sacriﬁco.
1916 5172 2015 5236 Sic

2187 3920 2282 3981 H'.
2326 3919 2472 3976 Ἰδὼν
2506 3919 2662 3975 αὒτὸν
2695 3918 2776 3975 ὅτι
2811 3919 2906 3976 οὒκ
2936 3919 3181 3992 ἐκάμφθη
3216 3918 3334 3975 οὗτε
3366 3917 3526 3997 εἶχεν
3564 3916 3745 3996 ἔλεον,

2106 4011 2224 4067 οὔτε
2295 4008 2627 4084 συμπάθειαν
2685 4011 2815 4087 πρὸς
2889 4011 2982 4065 τὸν
3052 4009 3280 4075 πλησίον
3373 4007 3552 4082 αὐτοῦ,
3618 4007 3750 4064 ἄλλα

2107 4097 2462 4156 ἀδιάλλακτον
2522 4110 2713 4173 μῖσος,
2792 4099 3080 4177 ὶστέρησεν
3153 4099 3312 4158 αὐτὸν
3397 4102 3497 4163 τῆς
3567 4099 3751 4155 ἑαυτοῦ

2107 4193 2249 4252 θείας
2290 4189 2539 4268 χάριτος,
2589 4187 2798 4261 μᾶλλον
2841 4187 2894 4244 δὲ
2957 4188 3167 4253 ἐκεῖνος
3211 4185 3494 4264 ἀλλότριον
3569 4189 3748 4244 ἑαυτὸν

2109 4279 2359 4345 ἐποίησεν
2391 4282 2490 4344 τῆς
2536 4275 2624 4332 ἐπ’
2683 4279 2925 4356 οὐρανίου
2970 4279 3196 4357 χάριτος
3256 4274 3341 4334 διὰ
3373 4277 3476 4343 τὴν
3506 4277 3637 4352 πρὸς
3666 4279 3748 4332 τὸν

2109 4367 2333 4447 ἀδελφὸν
2395 4369 2483 4424 καὶ
2539 4365 2772 4442 μάλιστα
2855 4367 3005 4447 φίλον
3089 4369 3318 4445 γνήσιον
3376 4369 3464 4422 καὶ
3523 4368 3746 4446 ἀρχαῖον

2107 4459 2366 4534 ὠμότητα
2422 4459 2512 4513 καῖ
2574 4456 2951 4536 ἆσπλαγχνίαν
2995 4459 3085 4514 καὶ
3143 4455 3506 4514 ἀδιάλλακτον
3555 4457 3738 4535 προαί-

2105 4570 2274 4628 ρεσιν.
2310 4547 2441 4606 Τότε
2469 4546 2718 4626 λέγουσιν
2747 4551 2795 4604 οἱ
2839 4546 3025 4623 δήμιοι
3084 4549 3218 4624 πρὸς
3259 4548 3358 4603 τὸν
3404 4549 3694 4624 Σαπρίκιον
3726 4563 3736 4577 ·

2109 4639 2336 4714 Κάμψον
2395 4637 2462 4693 τὰ
2517 4636 2718 4713 γόνατά
2775 4659 2894 4713 σου,
2963 4640 3056 4694 ἵνα
3117 4635 3580 4715 ἆτοκεφαλισθῇς.
3653 4635 3737 4693 Καὶ

2105 4727 2250 4804 λέγει
2283 4730 2310 4784 6
2343 4727 2632 4805 Σαπρίκιος
2665 4742 2678 4756 ⁸
2721 4728 2820 4786 Διὰ
2849 4750 2898 4784 τι
2934 4745 2950 4807 ς
2986 4726 3245 4805 Λέγουσιν
3276 4730 3418 4801 αὒτῷ
3443 4743 3457 4757 ⁸
3497 4725 3623 4784 ’Ὁτι
3653 4728 3735 4784 οὐκ

2105 4817 2374 4884 ἠθέλησας
2437 4820 2612 4897 θῦσαι,
2676 4815 2814 4873 ἀλλὰ
2869 4817 3278 4894 προστάγματος
3339 4816 3731 4896 κατεφρόνησας

2104 4905 2171 4963 δι’
2227 4905 2503 4986 ἄνθρωπον
2559 4904 2854 4985 λεγόμενον
2894 4907 3148 4984 Χριστόν,
3207 4913 3385 4966 Ταῦτα
3443 4904 3731 4966 ἀκούσαςό

2102 4994 2281 5060 ἅθλιος
2336 4997 2650 5075 Σαπρίκιος,
2697 4996 2956 5074 ἀπεκρίθη
3011 4997 3144 5075 πρὸς
3204 4997 3326 5061 τοὺς
3370 4993 3596 5071 δημίοδς
3653 4993 3729 5050 λέ-

2102 5109 2211 5165 γων
2249 5104 2264 5121 '
2301 5087 2389 5154 Μὴ
2421 5087 2678 5156 θελήσετέ
2707 5108 2774 5163 με
2815 5093 3032 5160 κροῦσαι
3069 5105 3083 5121 ⁶
3115 5093 3255 5144 ποιῶ
3287 5086 3386 5164 γὰρ
3433 5086 3496 5144 τὰ
3523 5084 3730 5141 κελευό-

2101 5196 2238 5252 μενα
2269 5176 2413 5256 παρὰ
2441 5181 2549 5233 τῶν
2606 5175 2876 5254 βασιλέων
2918 5179 3091 5252 ὑμῶν,
3153 5179 3240 5234 καὶ
3270 5179 3376 5233 θέω
3419 5187 3542 5239 τοῖς
3574 5179 3726 5235 θεοῖς.

461 5351 493 5400 5
520 5350 720 5416 Matth.
755 5367 864 5429 vn,
901 5353 956 5418 'l.
1043 5353 1075 5402 4
1105 5351 1316 5415 Matth.
1346 5368 1491 5429 xxu,
1528 5354 1630 5418 57.
1713 5355 1747 5405 δ
1777 5351 1980 5415 Matth.
2019 5369 2103 5429 v1,
2137 5353 2236 5416 15.
2321 5352 2354 5404 ϐ
2382 5351 2581 5416 Matth.
2617 5369 2722 5431 vn,
2754 5353 2814 5414 2.

455 5524 537 5605 (8)_
565 5528 739 5605 Addit
772 5542 882 5605 tua.
917 5547 932 5584 :
968 5528 1260 5598 cQuaarite
1289 5534 1346 5589 et
1379 5530 1938 5605 tuvenietis,pulsate
1967 5539 2022 5590 et

384 5595 672 5664 aperietur
703 5597 884 5656 vobis.
927 5622 950 5654 ι

2177 5530 2252 5601 (9)
2283 5531 2457 5591 Addit
2486 5545 2596 5589 ms.
2629 5549 2656 5586 ι
2684 5530 2784 5589 sed
2819 5527 3190 5602 implacabile
3220 5527 3419 5589 odium
3447 5541 3712 5589 servare.-

2179 5603 2290 5675 (10)
2319 5604 2416 5661 Ms.
2454 5624 2477 5657 ι
2511 5603 2692 5677 gratia
2725 5602 2970 5663 rmlesti.
3008 5623 3031 5654 ο
