3932 6140
242 331 407 400 ’1373

1543 330 1732 397 VITA
1776 332 1837 395 S.
1885 332 1939 397 Ν
1946 330 2330 398 ICEPHORI.

3454 324 3607 397 1374

246 468 429 534 Οὕτως
458 465 759 547 ἐτύφλωσεν
801 464 1021 551 αύτδνιὴ
1074 466 1435 547 μνησικακὶα,
1480 468 1576 524 καί
1618 465 1875 535 ἀπέστησε

2019 488 2106 530 um
2144 467 2467 533 excaecavit
2494 468 2728 551 odium,
2760 474 2817 532 et
2847 466 2921 532 ab
2956 487 3028 533 eo
3058 466 3306 533 abduxit
3334 467 3441 534 Dei
3470 488 3608 549 gra-

245 560 346 627 τὴν
390 558 549 638 χάριν
583 554 678 614 ἀπ’
721 558 900 615 αὐτοῦ.
965 548 1023 615 Ὀ
1055 557 1155 636 γὰρ
1197 554 1280 614 διὰ
1335 556 1598 615 τοσούτων
1639 556 1885 633 βασάνων

247 649 327 723 μὴ
370 647 739 727 ἀρνησάμενος
809 648 902 704 τὸν
945 647 1131 725 Κύριον
1173 648 1330 723 ἡμῶν
1375 644 1581 714 Ἰησοῦν
1633 647 1881 725 Χριστὸν,

244 736 411 797 ἰλθὼν
444 739 517 801 εἷς
560 739 623 794 τὸ
654 735 809 801 τέλος
855 742 945 795 τοῦ
976 736 1223 815 θανάτου,
1272 736 1482 813 μέλλων
1529 738 1588 793 τὸ
1630 735 1882 814 βραϐεῖον

241 828 342 885 καί
398 830 490 885 τὸν
532 831 631 895 τῆς
690 825 848 895 δόξης
898 825 1155 907 στέφανον
1213 825 1528 909 λαμϐάνειν,
1586 826 1879 905 ἠρνήσατο,

1971 558 2261 633 tiam.Qui
2284 560 2445 622 enim
2474 578 2581 640 per
2601 560 2901 638 ejusmodi
2925 567 3220 623 tormenta
3235 579 3354 622 non
3377 560 3612 639 negavit

1967 646 2287 711 Dominum
2320 659 2591 712 nostrum
2622 648 2824 731 Iesum
2853 649 3323 725 Christum,cum
3352 650 3612 712 venisset

1967 741 2043 801 ad
2074 738 2256 800 tinem
2292 740 2521 815 mortis,
2543 748 2601 801 et
2631 747 2789 801 esset
2818 748 3177 821 accepturus
3211 739 3519 820 praemium
3554 746 3614 801 et

1968 846 2253 890 coronam
2284 829 2491 906 gloriae
2522 838 2581 892 et
2609 831 2762 912 spei,
2800 836 3032 910 negavit
3062 832 3254 894 vitam
3280 837 3603 907 aeternam,

1968 926 2028 980 et
2055 917 2167 980 fuit
2195 927 2484 1000 apostata.

1725 1076 1969 1141 CAPUT
2029 1077 2131 1142 ΙΙΙ.

1480 1186 1856 1267 Martyrium
1900 1184 1971 1253 S.
2016 1187 2373 1270 Nicephori.

327 1311 417 1372 8'.
453 1312 627 1372 Ταῦτα
672 1312 906 1376 ἀκούσας
968 1315 995 1369 ὁ
1058 1310 1213 1391 ἅγιος
1265 1311 1565 1391 Νικηφόρος
1599 1310 1875 1390 παρεκάλει

2050 1310 2147 1374 ΙΧ.
2183 1314 2322 1375 Haec
2355 1331 2493 1374 cum
2526 1314 2791 1376 audisset
2850 1312 2913 1377 S.
2947 1315 3347 1395 Nicepborus,
3380 1318 3609 1394 rogavit

238 1402 339 1459 τὸν
394 1404 685 1478 Σαπρίκιον
714 1400 889 1479 λέγων
922 1419 935 1434 ·
976 1402 1090 1477 Μὴ,
1126 1400 1340 1481 ἀδελφὲ,
1396 1402 1474 1476 μὴ
1503 1402 1744 1476 ζητήσῃς
1776 1423 1875 1457 πα-

2019 1400 2305 1481 apricium
2332 1420 2469 1465 cum
2487 1403 3244 1483 iacrymis,dicens:Noli,o
3270 1401 3610 1480 [ναίει-,ηοιί

238 1489 469 1570 ραόἧναι
533 1492 621 1548 καὶ
680 1491 1010 1571 ἀρνήσασθαι
1074 1492 1166 1547 τὸν
1224 1492 1502 1557 Δεσπότην
1546 1492 1699 1565 ἡμῶν
1756 1496 1875 1567 Χρι-

2019 1492 2303 1571 ansgredi
2354 1500 2412 1553 et
2461 1511 2683 1571 negare
2724 1492 3038 1555 Dominum
3089 1501 3358 1555 nostrum
3402 1490 3608 1555 Jesnm

239 1581 371 1638 στόν
406 1600 419 1614 ’
470 1581 547 1656 μὴ
590 1580 748 1659 θέλῃς
795 1580 958 1658 ὅλως,
996 1578 1292 1660 παρακαλῶ
1332 1602 1414 1653 σε,
1462 1580 1758 1647 ἀποστῆναι
1789 1578 1875 1635 ἀπ’

2019 1580 2298 1644 bristum.
2332 1582 2465 1645 Noli
2491 1583 2760 1657 omnino,
2789 1602 2930 1662 rogo
2960 1583 3117 1658 te,ab
3140 1601 3211 1644 eo
3238 1582 3522 1656 deficere,
3553 1585 3613 1642 et

238 1670 403 1729 αὐτοῦ
438 1687 451 1700 '
501 1672 579 1746 μὴ
630 1670 904 1747 ἀπολέσῃς
952 1671 1213 1752 στέφανον
1256 1671 1520 1750 οὐράνιον,
1573 1670 1632 1725 ’ὃν
1674 1670 1875 1739 ὲκτήσα

2019 1672 2229 1733 erdere
2257 1672 2560 1734 ccelestem
2596 1690 2903 1746 coronam,
2939 1690 3112 1754 quam
3158 1690 3266 1753 per
3294 1670 3477 1732 multa
3503 1688 3611 1732 ac-

236 1758 328 1818 διὰ
372 1759 586 1818 πολλῶν
628 1761 899 1839 βασάνων.
952 1761 1197 1823 Ἐκεῖνος
1250 1759 1304 1817 δὲ
1338 1760 1430 1817 οὒκ
1459 1758 1685 1827 ἤκουσεν
1719 1759 1875 1834 ὅλως1

2019 1759 2227 1821 uisiisti
2264 1769 2559 1824 tormenta
2584 1774 2642 1824 et
2672 1762 3169 1826 afﬂictionelele
3193 1768 3388 1823 autem
3424 1757 3615 1821 noluit

239 1848 367 1907 ἄλλ’
412 1848 737 1908 ἐσπούδασεν
796 1852 867 1916 είς
910 1849 1185 1907 ἀπώλειαν
1244 1852 1337 1906 τοῦ
1380 1850 1615 1929 ἐσχάτου
1664 1852 1875 1907 θανάτοι

2019 1868 2106 1910 um
2141 1850 2388 1912 omnino
2417 1851 2651 1925 audire,
2685 1852 2790 1913 sed
2818 1852 3131 1913 contendit
3160 1850 3330 1913 abire
3356 1849 3430 1911 ad
3460 1848 3613 1910 inte-

235 1940 523 2016 ἀπελθεῖν,
557 1941 615 2004 ὃς
646 1941 911 2007 τοσαύτην
946 1937 1099 2006 δόξαν
1150 1939 1205 1996 ἰν
1256 1940 1397 2018 ῥοπῇ
1443 1945 1569 2015 μιᾶς
1602 1939 1744 2018 ὥρας
1787 1944 1875 2007 τῆς

2019 1940 2149 1999 itum
2175 1946 2233 2001 et
2264 1941 2533 2003 tenebras
2557 1938 2785 2004 ultimas
2815 1939 3111 2015 mortis,et
3138 1941 3217 2003 ad
3247 1942 3472 2022 ignem,
3500 1939 3611 2019 qui

237 2035 417 2107 τομῆς
475 2034 572 2099 τῆς
626 2031 836 2097 σπάθης
906 2028 1214 2104 ἀπώλεσεν,
1261 2028 1429 2092 οὕτως
1475 2028 1734 2107 ικωφώθη
1789 2029 1875 2088 καί

2019 2046 2089 2090 οη
2116 2035 2305 2108 potest
2336 2031 2670 2109 exstingui.
2711 2029 2826 2103 Qui
2876 2030 3020 2090 tanti
3061 2029 3234 2112 pretii
3263 2027 3513 2108 gloriam
3545 2027 3608 2090 in

242 915 343 974 καί
386 917 604 998 γέγονεν
634 916 966 985 ἀποστάτης.

236 2118 519 2201 ἑτυφλώθη
550 2121 578 2176 ὁ
609 2118 951 2198 ταλαίπωρος
984 2120 1137 2183 οὗτος
1168 2119 1271 2175 ὑπὸ
1297 2119 1675 2195 μνησικακίας.

328 2297 399 2362 ι’.
432 2302 505 2358 Οῦ
536 2299 636 2376 γὰρ
668 2297 894 2365 ἤκουσεν
953 2305 1045 2356 τοῦ
1092 2295 1281 2372 Κυρίου
1329 2300 1483 2372 ἡμῶν
1513 2296 1567 2353 ἒν
1597 2297 1673 2370 τῷ
1706 2300 1881 2374 Εὐαγ-

235 2386 405 2468 γελίῳ
433 2388 716 2466 κράζοντος
749 2389 837 2444 καὶ
893 2386 1147 2466 λέγοντος
1186 2405 1200 2420 ⁸
1256 2409 1284 2442 α
1316 2386 1445 2445 Ἐὰν
1473 2386 1774 2465 προσφέρῃς
1819 2386 1881 2442 τὸ

234 2476 409 2557 δῶρον
444 2477 538 2534 ἐπὶ
582 2478 644 2534 τὸ
680 2478 1056 2555 θυσιαστήριον
1116 2476 1207 2534 καὶ
1254 2475 1449 2554 ὕπαγε,
1483 2481 1693 2553 πρῶτον
1722 2473 1877 2531 διαλ-

232 2567 433 2645 λάγηθι
462 2573 539 2643 τῷ
568 2564 781 2645 ἀδελφῷ
819 2589 940 2647 σου,
970 2568 1058 2624 καὶ
1109 2566 1231 2623 τότε
1292 2564 1457 2623 ἐλθὼν
1502 2584 1764 2645 προσφερε
1815 2565 1877 2621 τὸ

235 2656 407 2737 δῶρόν
449 2678 571 2717 σου.
605 2680 636 2712 ι
700 2657 799 2715 Καὶ
857 2655 1021 2713 πάλιν
1077 2654 1263 2733 Πέτρῳ
1315 2662 1393 2729 τῷ
1446 2656 1714 2734 κορυφαίῳ
1770 2659 1877 2711 τῶν

235 2744 557 2803 ἀποστόλων
617 2745 945 2823 ἔρωτήσαντι
981 2764 993 2777 ·
1051 2768 1079 2799 ι
1118 2744 1373 2819 Ποσάκις,
1404 2743 1494 2803 ἐὰν
1546 2744 1758 2822 ἁμάρτῃ
1801 2745 1876 2807 εἷς

200 2834 335 2912 “ὶμέ
397 2837 425 2892 ὃ
484 2832 711 2915 ἀδελφός
768 2856 892 2911 μου,
958 2835 1153 2911 ἀφήσω
1206 2832 1396 2908 αὒτῷς
1445 2832 1546 2897 ἕως
1601 2834 1873 2906 ἑπτάκιςς

230 2924 525 3003 Ἀπεκρίθη
582 2923 726 2997 αύτῷ
790 2925 819 2979 ὁ
876 2924 1065 3000 Κύριος
1100 2939 1116 2956 ⁸
1173 2926 1245 2981 Οῦ
1287 2921 1430 3000 λέγω
1457 2944 1543 2978 σοι
1574 2921 1675 2988 ἕως
1704 2922 1875 2979 ἑπτά-

234 3037 345 3094 κις,
404 3011 527 3070 ἀλλ’
574 3011 677 3077 ἕως
724 3010 1178 3088 ἑϐδομηκοντάκις
1212 3011 1369 3072 ἑπτά.
1406 3030 1435 3071 )
1474 3010 1718 3077 Ἐκεῖνος
1749 3009 1802 3067 δὲ
1847 3013 1875 3069 ὃ

232 3103 576 3180 ταλαιπωρος
655 3101 774 3159 οῦδὲ
849 3100 990 3167 ἅπαξ
1061 3100 1325 3171 ἠθέλησεν
1392 3105 1744 3181 συγχωρῆσαι
1801 3107 1877 3175 τῷ

238 3191 454 3273 αδελφῷ
483 3196 668 3271 αὐτου,
700 3193 789 3249 καὶ
847 3190 1083 3267 μάλιστα
1138 3190 1461 3268 συγγνώμην
1507 3192 1732 3248 αἰτοῦντι
1781 3190 1877 3248 καί

234 3281 412 3341 πολλὰ
468 3281 868 3361 παρακαλοῦντι
903 3298 919 3313 ⁵
967 3282 1056 3338 καὶ
1116 3282 1144 3337 ὁ
1188 3280 1288 3357 μὲν
1336 3281 1523 3357 Κύριος
1580 3279 1879 3338 ἐνετείλατο

233 3372 343 3430 άπὸ
392 3369 605 3450 καρδίας
666 3382 975 3451 συγχωρεῖν
1031 3370 1263 3449 ἑκάστῳ,
1301 3372 1389 3426 καὶ
1418 3369 1504 3426 ἐπὶ
1534 3370 1626 3435 τὰς
1673 3369 1875 3428 καταλ-

231 3459 403 3539 λαγὰς
446 3461 508 3516 τὸ
565 3463 713 3517 θετον
767 3459 934 3538 δῶρον
970 3457 1056 3516 ἰπὶ
1114 3461 1176 3515 τὸ
1219 3460 1592 3537 θυσιαστήριον
1649 3459 1876 3539 ἀφέντας

232 3549 616 3630 προστρέχειν.
660 3550 905 3613 Ἐκεῖνος
963 3547 1017 3605 δὲ
1070 3547 1183 3605 οῦδὲ
1229 3547 1411 3626 ἄκροις
1454 3547 1665 3628 χείλεσι
1717 3547 1877 3626 λόγον

232 3640 638 3719 συγχωρήσεως
682 3645 759 3712 τῷ
799 3644 1146 3715 μετανοοῦντι
1193 3635 1412 3711 ἔδωκεν,
1449 3636 1565 3693 οὐδὲ
1623 3660 1875 3715 παρακα-

227 3728 413 3785 λοῦντι
470 3728 740 3808 ἢνέσχετο
810 3725 987 3784 δοῦναι
1046 3725 1234 3803 ἄφεσιν
1271 3741 1287 3758 ⁸
1356 3724 1479 3782 ἀλλ’
1538 3725 1753 3783 ἔκλεισε
1810 3728 1877 3784 τὰ

228 3816 525 3898 σπλάγχνα
615 3819 721 3875 ἀπὸ
814 3825 908 3874 τοῦ
977 3815 1210 3895 ἀδελφοῦ
1276 3816 1457 3875 αὐτοῦ.
1535 3818 1633 3874 Διά
1719 3825 1874 3875 τοῦτο

230 3907 627 3975 ἆπελείσθησαν
688 3907 833 3979 αυτῷ
900 3907 951 3962 αἱ
1010 3904 1172 3963 πύλαι
1230 3905 1327 3973 τῆς
1412 3905 1685 3982 βασιλείας
1768 3910 1874 3963 τῶν

228 4001 489 4075 οὐρανῶν,
540 3998 627 4053 καὶ
654 3996 863 4062 ἀπέστη
908 3994 1002 4050 ἀπ’
1041 3994 1203 4051 αὐτοῦ
1244 4002 1341 4051 τοῦ
1381 3996 1520 4051 θείου
1578 3996 1666 4053 καὶ
1727 4002 1869 4068 ζωο-

228 4109 388 4144 ποιου
448 4086 779 4161 Πνεύματος,
841 4085 929 4140 καὶ
987 4082 1234 4140 ἀπώλεσε
1292 4092 1389 4141 τοῦ
1443 4086 1725 4161 μαρτυρίου
1781 4088 1873 4142 τὸν

227 4173 437 4240 ἔνδοξον
493 4175 776 4249 στέφανον.
836 4173 952 4251 Διὸ,
991 4170 1261 4250 ἀγαπητοὶ
1292 4169 1533 4253 ἀδελφοὶ,
1568 4175 1657 4230 καὶ
1708 4175 1873 4250 ἡμεῖς

225 4263 671 4344 ἀσφαλισώμεθα,
726 4264 816 4319 καὶ
877 4260 995 4319 λίαν
1073 4259 1423 4341 φυλαξώμεθα
1493 4264 1710 4327 ἑαυτοὺς
1767 4266 1873 4321 ἀπὸ

225 4358 328 4421 τῆς
387 4352 700 4420 διαϐολικῆς
760 4351 958 4417 ταύτης
1017 4350 1308 4429 ἐνεργείας,
1367 4353 1455 4408 καὶ
1513 4360 1643 4409 πᾶσι
1702 4352 1875 4410 πάντα

1968 2126 2277 2181 momento
2306 2120 2483 2181 unius
2516 2120 2679 2181 horae
2709 2118 2865 2181 ictus
2894 2117 3076 2198 gladii
3110 2117 3611 2200 perdidit,revera

1966 2206 2075 2268 fuit
2097 2206 2303 2279 miser,
2340 2217 2670 2270 excacatus
2700 2207 2775 2270 ab
2801 2208 2963 2269 odio.

2043 2294 2255 2357 X.Non
2281 2298 2443 2358 enim
2466 2298 2690 2360 audivit
2712 2296 3031 2361 Dominum
3054 2295 3259 2359 Iesum
3279 2297 3607 2371 Christum,

1964 2384 2266 2448 dicentem
2291 2386 2353 2448 in
2379 2396 2585 2450 sancto
2600 2386 2959 2466 Evangelio"
2985 2404 2999 2450 :
3033 2385 3130 2449 «Si
3155 2387 3369 2449 afferas
3387 2404 3602 2448 munus

1964 2483 2128 2537 tuum
2154 2476 2224 2537 ad
2246 2475 2455 2553 altare,
2483 2486 2541 2539 et
2564 2477 2905 2539 recorderis
2923 2476 3083 2558 quod
3108 2478 3290 2539 frater
3319 2484 3456 2538 tuus
3485 2476 3599 2538 ha-

1961 2563 2061 2626 bet
2082 2566 2308 2647 aliquid
2331 2566 2623 2629 adversus
2657 2577 2736 2641 te,
2762 2567 2998 2629 dimitte
3022 2586 3239 2628 munus
3263 2576 3427 2630 tuum
3462 2573 3600 2629 ante

1958 2653 2167 2719 altare:
2189 2664 2251 2718 et
2268 2655 2416 2718 vade
2442 2657 2728 2737 primum,
2758 2665 2817 2720 et
2845 2656 3238 2720 reconciliare
3268 2656 3439 2719 fratri
3470 2664 3595 2730 tuo,

1960 2754 2023 2805 et
2051 2753 2198 2806 tunc
2228 2746 2663 2819 veniens,oﬂ‘er
2681 2764 2900 2808 munus
2923 2754 3156 2810 tuum.»
3179 2749 3252 2808 Et
3271 2749 3602 2809 rursusPe-

1959 2842 2054 2892 tro
2078 2832 2339 2914 principi
2362 2834 2940 2914 apostolorum,cum
2966 2844 3233 2914 rogaJSet
3249 2834 3597 2910 Dominum,

1964 2919 2325 2995 «Quoties,si
2345 2932 2684 3004 peccaverit
2701 2923 2763 2985 in
2789 2943 2885 2986 me
2904 2924 3087 2986 frater
3105 2924 3599 3000 meus,dimittam

1959 3010 2066 3073 ei?
2095 3013 2702 3093 septies7respondit
2757 3012 3048 3075 Dominus
3077 3035 3090 3078 :
3127 3017 3263 3079 Non
3297 3015 3431 3076 dico
3467 3012 3597 3085 tibi,

1963 3100 2329 3180 septies,sed
2354 3103 2698 3183 septuagies
2721 3102 2944 3183 septies
2966 3104 3058 3166 8.»
3076 3102 3182 3165 Ille
3205 3111 3401 3166 autem
3422 3101 3605 3163 miser

1964 3206 2039 3247 ne
2064 3192 2250 3251 semel
2287 3190 2533 3269 quidem
2567 3190 2747 3252 voluit
2800 3192 3147 3254 condonare
3177 3192 3346 3255 fratri
3377 3209 3506 3261 suo,
3542 3198 3602 3252 et

1962 3277 2219 3339 maxime
2251 3280 2475 3360 petenti
2533 3280 2765 3342 veniam
2829 3288 2888 3342 et
2919 3282 3175 3361 roganti.
3212 3282 3285 3345 Et
3313 3280 3603 3343 Dominus

1960 3366 2205 3447 quidem
2234 3377 2441 3430 noster
2475 3378 2535 3430 et
2555 3371 2713 3433 Deus
2722 3370 2909 3448 jussit
2931 3388 3003 3432 ex
3032 3372 3234 3432 animo
3260 3372 3602 3433 condonare

1962 3455 2377 3539 unicuique,et
2406 3459 2660 3522 dimisso
2683 3478 2959 3537 munere,
2990 3460 3149 3541 quod
3177 3460 3300 3522 Deo
3329 3468 3420 3522 est
3448 3460 3599 3521 oﬂ‘e-

1959 3547 2497 3623 rendum,currere
2519 3550 2590 3612 ad
2615 3550 3194 3613 reconciliationem.
3215 3550 3320 3614 Ille
3352 3567 3492 3613 vero
3523 3566 3600 3611 ne

1960 3638 2211 3698 summis
2242 3638 2485 3717 quidem
2519 3638 2705 3701 labris
2729 3640 3091 3702 condonavit
3113 3647 3381 3717 ei,quem
3405 3638 3599 3719 paeni-

1959 3725 2146 3789 tebat:
2176 3745 2286 3789 nec
2311 3727 2372 3789 in
2397 3728 2663 3790 animum
2694 3728 3021 3803 induxit,ut
3053 3729 3108 3791 ei
3132 3736 3361 3809 roganti
3384 3729 3599 3791 remit-

1958 3824 2133 3897 teret;
2167 3816 2272 3878 sed
2305 3818 2519 3880 clausit
2538 3818 2770 3880 viscera
2787 3837 2893 3880 sua
2915 3838 2950 3880 a
2971 3818 3157 3882 fratre
3179 3826 3598 3901 suo,propter-

1956 3923 2027 3968 ea
2056 3906 2273 3969 clausa
2296 3916 2434 3969 sunt
2456 3907 2511 3970 ei
2536 3908 2694 3971 fores
2717 3908 2888 3987 regni
2912 3909 3233 3986 caelorum,
3261 3918 3321 3971 et
3348 3908 3600 3971 recessit

1954 3995 2030 4057 ab
2055 4015 2127 4059 eo
2150 3996 2337 4074 gratia
2363 3998 2548 4059 divini
2595 4005 2655 4059 et
2695 3997 2911 4060 viviﬁci
2930 3997 3216 4078 Spiritus,
3251 4008 3310 4060 et
3339 3996 3601 4079 perdidit

1955 4103 2274 4166 magnam,
2304 4090 2653 4169 pretiosam,
2689 4100 2748 4148 et
2771 4087 3092 4167 gloriosam
3116 4107 3399 4151 coronam
3432 4104 3595 4149 mar-

1956 4175 2592 4257 tyrii.Quamobrem,o
2624 4178 2971 4250 dilecti,nos
3002 4197 3242 4258 quoque
3271 4178 3596 4257 diligenter

1955 4283 2274 4328 caveamus
2304 4266 2377 4327 ab
2409 4267 2519 4328 hac
2566 4265 2861 4329 diabolica
2912 4267 3285 4345 operatione,
3318 4267 3467 4342 odii,
3494 4266 3596 4328 in-

1957 4364 2225 4435 quam,et
2255 4356 2494 4435 injurias
2522 4366 2792 4436 accepta:
2820 4356 3335 4433 recordatione,ut
3367 4368 3599 4419 nostro-

228 4445 699 4523 συγχωρὴσωμεν,
755 4442 851 4500 ἵνα
913 4441 1001 4496 κσὶ
1053 4442 1189 4516 ἡμῖν
1221 4438 1406 4526 ἄφεσις
1451 4441 1672 4521 γένηται
1734 4444 1872 4521 παρὰ

2019 4464 2090 4505 Im
2117 4464 2359 4526 quoque
2384 4455 2761 4525 peccatorum
2814 4447 2992 4509 detur
3049 4448 3225 4510 nobis
3255 4446 3533 4510 remissio
3567 4465 3601 4508 a

228 4515 636 4592 τοῦᾞεσπότου
660 4515 911 4613 έριστοῦ,
944 4515 1203 4609 κατὰτὸ,
1239 4515 1433 4612 (Ἄφες
1464 4515 1601 4607 ημῖν
1630 4534 1698 4590 τὰ
1733 4515 1870 4614 ὄφει·

2019 4515 2213 4596 omino
2244 4515 2401 4598 jesu'
2421 4535 2680 4612 Christo,
2707 4537 3141 4599 convenienter
3170 4539 3223 4599 ei
3250 4537 3411 4617 quod
3440 4536 3598 4598 dici-

228 4623 452 4701 λήματα
485 4626 637 4700 ἡμῶν
672 4639 687 4654 ⁸
724 4644 753 4684 )
790 4622 977 4684 πιστὸς
1012 4621 1112 4699 γὰρ
1143 4622 1171 4677 ὁ
1200 4621 1692 4701 ἐπαγγειλάμενος.

312 4893 423 4959 ΙΑ’,
474 4885 531 4953 Ὀ
576 4892 631 4950 δὲ
685 4893 946 4969 μακάριος
979 4892 1312 4972 Νικηφόρος,
1344 4893 1419 4956 ὡς
1478 4890 1619 4949 εἶδεν
1663 4893 1869 4970 Σαπρί-

230 5009 350 5043 κιον
411 4982 743 5064 παραϐάντα,
810 4982 952 5060 λέγει
1010 4985 1143 5061 πρὸς
1198 4983 1319 5045 τοὺς
1397 4980 1619 5056 δημίους
1655 5001 1669 5017 ⁸
1730 4983 1874 5060 Ἐγὼ

234 5075 549 5154 Χριστιανός
609 5075 741 5149 εἰμι,
803 5074 892 5128 καὶ
949 5074 1269 5148 πιστεύομαι
1327 5072 1400 5135 είς
1446 5072 1506 5127 τὸ
1550 5070 1718 5147 ὄνομα
1782 5080 1873 5129 τοῦ

235 5165 421 5243 Κυρίου
480 5165 635 5239 ἡμῶν
698 5161 880 5229 Ἰησοῦ
925 5169 1174 5239 Χριστοῦ,
1253 5161 1310 5216 ὃν
1368 5160 1519 5225 οὗτος
1577 5161 1867 5240 ἠρνήσατο.

230 5254 366 5330 Ἐμὲ
410 5253 500 5310 οὗν
555 5253 835 5331 κρούσατε.
892 5250 1125 5309 Ἐκεῖνοι
1177 5249 1232 5307 δὲ
1265 5255 1361 5309 ούκ
1383 5249 1687 5325 ἐτόλμησαν
1719 5258 1874 5331 κροῦ-

231 5365 319 5400 σαι
364 5343 522 5401 αὖτὸν
574 5341 694 5399 ἄνευ
752 5340 1047 5405 κελεύσεως
1092 5350 1185 5400 τοῦ
1214 5341 1508 5419 ἡγεμόνος.
1548 5340 1872 5415 Ἐθαύμαζον

232 5430 287 5488 δὲ
336 5431 486 5509 ὅμως
516 5432 737 5510 πάντες,
799 5430 885 5487 ὅτι
929 5430 1099 5495 οὕτως
1149 5428 1461 5507 παρέδωκεν
1490 5430 1674 5487 ἑαυτὸν
1708 5432 1781 5495 εἰς
1814 5433 1873 5488 τὸ

234 5505 549 5581 ἆποθανετν.
601 5505 791 5601 Ἔλεγε
843 5520 967 5599 γὰρ,
1000 5519 1083 5577 ὅτι
1136 5505 1453 5600 Χριστιανός
1507 5520 1616 5594 εἰμι
1673 5520 1767 5577 καὶ
1814 5523 1876 5578 ού

1958 4632 2052 4685 tur
2086 4641 2099 4686 :
2133 4624 2380 4687 Dimitte
2411 4623 2586 4686 nobis
2617 4624 2819 4687 debita
2851 4630 3245 4697 nostra,sicut
3275 4634 3330 4689 et
3357 4644 3467 4689 nos
3497 4627 3598 4687 di-

1954 4714 2257 4777 mittimus
2281 4714 2660 4778 debitoribus
2686 4716 2924 4778 nostris
2950 4715 3006 4778 9.
3052 4715 3282 4779 Fidelis
3311 4728 3402 4777 est
3434 4714 3594 4777 enim

1958 4803 2059 4884 qui
2096 4804 2393 4883 promisit.

1995 4891 2303 4955 XLBeatus
2320 4900 2516 4955 autem
2533 4892 2579 4954 Ν
2586 4893 2905 4975 icephorus
2924 4902 3234 4975 postquam
3254 4893 3600 4957 vidittrans-

1957 5000 2226 5060 gressum
2252 5000 2386 5045 esse
2411 4982 3018 5065 Sapricium,magna
3046 5002 3185 5047 voce
3206 4984 3351 5046 dicit
3375 4984 3598 5047 lictori-

1958 5071 2091 5134 bus:
2117 5069 2239 5150 Ego
2256 5090 2387 5133 sum
2413 5072 2809 5149 Christianus,
2847 5085 2909 5135 et
2932 5074 3114 5135 credo
3136 5074 3196 5135 in
3223 5092 3444 5137 nomen
3470 5074 3595 5138 Do-

1955 5161 2103 5222 mini
2126 5162 2314 5222 nostri
2335 5162 2480 5223 Jesu
2495 5162 2931 5240 Christi,quem
2957 5164 3073 5225 iste
3098 5164 3353 5243 negavit.
3371 5167 3463 5226 Me
3493 5183 3595 5227 er-

1954 5269 2026 5331 go
2051 5249 2177 5330 jam
2203 5269 2310 5330 pro
2334 5251 2464 5332 ipso
2490 5251 2971 5316 ferite.Lictores
2990 5270 3128 5315 vero
3160 5272 3279 5315 non
3302 5255 3434 5317 ausi
3457 5262 3597 5317 sunt

1955 5358 2091 5401 eum
2125 5339 2306 5402 ferire
2353 5339 2581 5422 absque
2625 5342 2801 5422 jussu
2858 5341 3135 5423 praesidis
3173 5358 3189 5404 :
3224 5340 3427 5404 mirati
3459 5351 3598 5404 sunt

1954 5437 2153 5491 autem
2212 5447 2448 5505 omnes,
2509 5431 2668 5512 quod
2728 5449 2796 5493 se
2825 5431 2908 5493 ita
2935 5430 3011 5493 ad
3045 5440 3299 5494 mortem
3332 5431 3597 5494 tradide-

1954 5518 2057 5583 rit.
2094 5517 2314 5582 Libere
2364 5518 2526 5583 enim
2580 5518 2863 5584 dicebat:
2925 5518 3070 5585 Sum
3100 5517 3499 5600 Christianus,
3536 5527 3597 5583 et

313 5666 343 5719 τ
374 5663 582 5731 Matth.
615 5684 672 5743 v,
703 5662 803 5729 25.
890 5664 923 5715 8
950 5663 1152 5728 Matth.
1182 5679 1351 5756 .xvm,
1384 5664 1486 5732 22.
1569 5662 1602 5715 θ
1628 5663 1845 5741 Matih.

2031 5664 2087 5729 3.
