3932 6140
389 315 566 384 1375
1671 320 1954 388 MENSIS
1995 319 2501 389 FEBRUARIUS.
3643 325 3795 394 i376

405 451 522 515 diis
553 452 768 517 vestris
798 471 919 516 non
948 453 1241 516 sacriﬁco.
1277 453 1442 517 Unus
1469 461 1666 516 autem
1698 472 1771 516 ex
1803 453 1958 518 lictoi

2251 474 2369 525 τοῖς
2401 465 2547 526 θεοῖς
2577 463 2746 538 ὑμῶν,
2802 463 2902 528 Εἷς
2932 463 2988 521 δέ
3019 483 3098 528 τις
3131 465 3240 520 τῶν
3266 461 3484 540 δημίων
3541 462 3787 542 δραμὼν,

409 543 521 634 bus
551 562 828 634 currens,
859 543 1225 634 renuntiavit
1257 543 1522 634 praesidi,
1556 543 1770 634 dicens
1798 567 1810 608 :
1847 544 1962 625 Sap

2236 549 2426 628 mm:
2477 557 2556 626 τῷ
2607 552 2830 630 ἡγεμόνι
2874 553 3047 634 λέγων
3085 573 3099 590 ο
3135 553 3266 613 ’Ὁτι
3296 557 3324 610 δ
3356 555 3459 631 μὲν
3495 557 3789 634 Eminus:

403 633 534 696 cius
562 633 809 715 quidem
845 633 1164 714 pollicetur
1189 652 1254 696 se
1283 633 1399 724 diis
1430 633 1956 696 sacrificaturum:

2237 662 2403 721 σχετο
2445 643 2584 699 θύειν
2626 656 2745 708 τοῖς
2777 633 2959 724 θεοῖς
2992 643 3158 709 ἄλλος
3207 641 3266 701 δέ
3288 647 3436 702 ἔστιν
3468 644 3596 702 ἑλεῖ
3623 633 3788 703 θέλω

409 741 550 786 vero
577 724 701 786 illic
720 723 958 805 quidam
985 724 1138 786 alius
1156 726 1254 806 qui
1288 723 1408 786 vult
1432 725 1580 786 mori
1615 733 1860 805 propter
1881 743 1954 787 eu

2234 735 2418 788 ιθανεϊν
2477 731 2546 788 δι’
2605 735 2822 790 ἒκεῐνον
2864 723 2956 790 τὸν
3009 734 3306 812 λεγόμενον
3356 736 3629 810 Χριστὸν,
3657 737 3787 814 ν.ρέ-

406 817 511 892 qui
541 813 760 876 dicitur
804 813 1107 889 Christus,
1169 815 1434 876 clamans
1467 822 1526 875 et
1554 813 1766 876 dicens
1796 814 1959 877 liberi

2291 823 2380 878 καὶ
2439 821 2615 899 λέγων
2657 823 2925 902 παῤῥησίᾴ
2959 840 2974 856 ⁸
3024 824 3340 903 Χριστιανός
3395 827 3540 901 εἰμι,
3600 813 3702 882 καὶ
3737 829 3789 885 e5

406 903 786 965 Christianus
817 923 972 979 sum,
1008 914 1067 966 et
1091 903 1208 966 diis
1238 903 1452 966 vestris
1476 923 1597 967 non
1626 905 1959 981 sacritico,r

2233 941 2236 960 ι
2277 925 2396 975 τοῖς
2425 915 2569 978 Θεοῖς
2610 915 2782 994 ὑμῶν,
2816 914 2931 971 οὒδὲ
2966 927 3082 980 τοῖς
3113 915 3499 993 προστάγμασι
3529 922 3646 974 τῶν
3694 918 3786 994 βα-

411 991 629 1055 obedio
664 993 875 1056 edictis
907 995 1363 1074 imperatoriim.

1248 1014 1363 1058 um.
2131 1000 2324 1058 σιὶὲων
2353 1003 2500 1075 ὑμῶν
2525 1004 2801 1066 ὑπακούω,

490 1081 940 1165 Xll.Postquam
959 1084 1089 1176 hinc
1114 1091 1310 1176 autem
1341 1082 1526 1144 audiit
1558 1083 1873 1176 p_raeses,in
1907 1101 2043 1147 eum

2239 1080 2320 1150 B'.
2385 1081 2476 1158 Ὠς
2519 1090 2574 1148 δὲ
2624 1100 2788 1150 ταῦτα
2841 1092 3068 1161 ἤκουσεν
3126 1095 3154 1152 δ
3184 1095 3431 1172 ἢγεμὼν,
3465 1096 3787 1176 ἀπεφήνατο

411 1173 545 1236 tulit
572 1173 1196 1255 sententiam,dicens:
1224 1174 1287 1236 Si
1311 1191 1429 1234 non
1454 1173 1752 1235 sacrificat
1783 1175 1897 1236 diis
1928 1176 1964 1236 il

2241 1181 2254 1199 ⁸
2315 1181 2475 1239 αὐτοῦ
2543 1182 2718 1261 λέγων
2754 1201 2768 1215 ·
2801 1182 2932 1239 Ἐὰν
2965 1197 3080 1250 τοῖς
3123 1188 3269 1250 θεοῖς
3303 1185 3363 1242 οὗ
3393 1186 3500 1263 θύῃ
3536 1173 3687 1243 διατα
3733 1190 3789 1244 τὲ

413 1263 787 1340 mortalibus,
823 1273 1000 1354 prout
1048 1265 1365 1344 jusserunt
1413 1263 1833 1344 imperatores,
1862 1264 1966 1344 jub

2241 1270 2523 1349 στάγματα
2580 1277 2684 1328 τῶν
2742 1271 3033 1354 βασιλέων²
3092 1271 3177 1330 διὰ
3247 1273 3426 1353 ξίφους
3489 1275 3788 1352 ἀποθάνῃ·

408 1373 546 1415 eum
581 1354 732 1416 mori
779 1353 976 1432 gladio
1007 1375 1020 1412 :
1080 1354 1435 1435 Sapricium
1469 1371 1608 1416 vero
1637 1359 1823 1417 sinite
1852 1357 1961 1416 abii

2287 1359 2606 1424 ἀπελθόντες
2653 1353 3054 1440 ἀπεκεφάλισαν
3113 1364 3203 1418 τὸν
3261 1363 3416 1442 ἅγιον
3477 1367 3793 1446 Νικηφόρον

407 1443 574 1508 Tunc
592 1444 965 1526 accipientes
987 1443 1632 1526 S.Nicephorum,eum
1655 1445 1853 1526 capite
1886 1453 1960 1506 tri

2242 1449 2272 1504 α
2309 1450 2408 1516 τὴν
2439 1448 2680 1506 κέλευσιν
2712 1457 2803 1506 τοῦ
2831 1452 3124 1528 ἡγεμόνος.
3163 1452 3268 1511 Καὶ
3321 1452 3495 1518 οὕτως
3529 1443 3795 1512 ἐτελειώ-

414 1542 722 1610 carunt,ut
754 1553 975 1615 praeses
999 1534 1285 1614 jusserat,
1315 1551 1478 1595 nono
1508 1536 1736 1596 mensis
1769 1533 1967 1596 Febru

2246 1541 2272 1594 ὁ
2325 1538 2473 1617 ἅγιος
2528 1543 2854 1620 Νικηρόρος,
2893 1544 2978 1598 οιαὶ
3035 1544 3352 1622 στεφανίτης
3413 1543 3663 1611 ἀνῆλθεν
3727 1549 3796 1610 εἰς

409 1624 496 1688 rii
524 1626 672 1705 (lt):
711 1634 770 1687 et
804 1625 888 1686 sic.
913 1636 1364 1686 consummatus
1395 1623 1504 1684 fuit
1536 1625 1603 1684 in
1640 1625 1887 1687 Christo
1919 1644 1962 1687 s:

2249 1631 2407 1705 ινοὺς,
2470 1627 2553 1685 διὰ
2599 1630 2827 1695 πίστεως
2887 1636 2984 1698 τῆς
3020 1633 3092 1696 εἷς
3126 1633 3349 1709 Χριστὸν
3413 1635 3505 1690 καὶ
3538 1637 3802 1709 ὁμονοίας

409 1720 542 1804 ctus
573 1726 795 1795 martyr
822 1712 1042 1776 Christi
1098 1713 1477 1804 Nicephorus
1503 1730 1548 1804 A:_
1585 1721 1644 1774 et
1671 1713 1940 1804 ascendit

2280 1720 2790 1797 ταπεινοφροσύνης.
2822 1720 3051 1788 Ἐπειδὴ
3105 1723 3203 1799 γὰρ
3248 1723 3380 1800 πρὸς
3413 1724 3522 1791 τὴν
3569 1724 3800 1804 ἀγάπην

411 1803 594 1867 caelos
624 1813 969 1877 coronatus,
1004 1821 1111 1882 per
1160 1803 1338 1864 fidem
1397 1803 1454 1862 in
1487 1801 1812 1892 Christum,
1849 1803 1959 1865 clla

2248 1807 2424 1874 ιλινὴς
2467 1810 2678 1888 γέγονε,
2736 1809 2824 1866 διὰ
2863 1813 3020 1868 τοῦτο
3073 1813 3164 1867 τὸν
3195 1818 3288 1868 τοῦ
3320 1801 3638 1892 μαρτυρίου*
3670 1815 3801 1872 στί-

408 1901 710 1975 tatemque
742 1902 801 1983 et
831 1892 1560 1983 humilitatemﬂuoniam
1595 1891 1753 1952 enim
1780 1909 1961 1983 prope

2249 1921 2298 1955 ον
2332 1897 2626 1967 ἀνεδήσατο
2662 1905 2749 1957 καὶ
2779 1915 2900 1966 τοῖς
2945 1902 3114 1980 ἁγίοις
3163 1891 3407 1980 μάρτυσι
3443 1891 3802 1983 σύναριθμη-

413 2001 516 2046 sus
549 1983 660 2044 fuit
687 1982 761 2044 ad
791 1981 1144 2045 cbaritatem
1206 1989 1273 2072 et
1317 1981 1741 2072 humilitatem,
1777 1982 1913 2044 ideo
1944 1982 1966 2043 f

2250 2011 2286 2044 ιι
2317 1988 2648 2070 κατηξιώθνι,
2697 1992 2770 2057 εἷς
2828 1990 3048 2048 ἔπαινον
3109 1989 3262 2058 δόξης
3296 1993 3398 2056 τῆς
3447 1981 3803 2072 μεγαλωσύ-

408 2072 728 2137 redimitus
757 2091 982 2136 corona
1013 2071 1372 2152 martyrii,et
1403 2071 1684 2150 dignatus
1718 2080 1805 2133 est
1834 2072 1961 2134 refe

2262 2079 2348 2134 καὶ
2391 2078 2616 2158 χάριτος
2671 2088 2762 2137 τοῦ
2816 2082 3004 2158 Κυρίου
3048 2081 3135 2135 καὶ
3179 2087 3311 2137 Θεοῦ
3368 2083 3466 2138 καί
3526 2089 3801 2164 Σωτῆρος

408 2164 471 2224 in
503 2181 817 2252 numerum
867 2168 1228 2252 martyrum,
1281 2161 1356 2222 ad
1403 2161 1676 2252 laudem‘
1697 2171 1752 2221 et
1798 2162 1961 2241 glori;

2246 2172 2290 2222 iv
2349 2165 2528 2233 ἰησοῦ
2589 2176 2842 2246 Χριστοῦ,
2889 2167 3004 2246 μεθ’
3037 2169 3096 2226 οὗ
3126 2176 3201 2244 τῷ
3234 2173 3398 2247 Πατρὶ
3426 2169 3581 2248 δόξα,
3656 2161 3799 2252 κρά-

403 2253 602 2334 magni
631 2251 738 2315 Dei
770 2260 828 2315 et
859 2250 1196 2314 Servatoris
1243 2252 1432 2313 nostri
1463 2253 1602 2312 Jesu
1639 2249 1858 2313 Christi
1893 2253 1945 2333 (1

2244 2306 2248 2325 ,
2281 2257 2443 2338 τιμὴ,
2467 2263 2554 2313 νῦν
2585 2261 2672 2315 καὶ
2703 2259 2783 2316 ἀεὶ
2809 2260 2900 2316 καὶ
2930 2260 3003 2323 εἷς
3035 2260 3158 2327 τοὺς
3184 2261 3378 2326 αἰῶνας
3410 2267 3520 2318 τῶν
3550 2264 3797 2328 αἰώνων,

398 2343 496 2407 cui
527 2342 715 2423 gloria
747 2350 806 2405 et
839 2341 1104 2423 potentia
1155 2340 1287 2422 (13)
1343 2360 1501 2403 nunc
1534 2349 1592 2404 et
1629 2359 1872 2422 semper
1904 2352 1964 2405 et
1991 2345 2049 2405 in
2131 2346 2330 2423 Ἀμήν.

405 2433 622 2497 saecula
654 2432 1038 2496 saeculorum.
1071 2433 1260 2494 Amen
1275 2483 1288 2495 .
3894 2424 3895 2480 l

483 2604 528 2676 (1
542 2604 600 2676 l)
621 2601 794 2676 Deest
836 2602 896 2658 in
913 2610 1179 2676 utroque
1217 2617 1325 2676 ms.
1361 2601 1486 2658 dies
1517 2600 1741 2676 obitus._
1893 2673 1904 2676 Α
2133 2603 2328 2676 gratiae
2362 2604 2594 2663 Domini
2627 2612 2680 2662 et
2711 2605 2836 2663 Dei.
2881 2626 2905 2658 ι

473 2672 592 2746 (12)
622 2674 724 2731 Ms.
780 2694 801 2724 ι
863 2672 933 2731 ad
970 2673 1201 2732 laudem
1239 2674 1454 2747 gloriae,
1505 2673 1952 2746 magniﬁcentia:
1994 2683 2048 2733 et
2138 2672 2162 2676 '
2202 2675 2320 2747 (t3)
2362 2676 2462 2733 Ms.
2501 2695 2527 2728 ε
2562 2677 2774 2751 gloria,
2815 2677 3072 2750 potentia
3101 2684 3156 2735 et
3188 2677 3402 2739 honor.

507 2985 760 3134 DE
922 2987 1060 3132 So
1207 2987 2214 3136 AUXENTIO
2362 2991 3668 3174 PRESBYTERO,

1493 3257 2118 3324 ARCHIMANDRITA
2170 3258 2246 3322 IN
2307 3259 2690 3326 BITHYNIA.

972 3436 1138 3508 (Circa
1168 3453 1363 3495 annum
1396 3436 1521 3510 470,
1552 3435 1820 3496 Februarii
1851 3439 1932 3498 die
1962 3441 2052 3497 14.
2083 3470 2154 3480 -
2181 3437 2324 3502 Acta
2353 3437 2451 3496 SS.
2483 3439 2733 3498 Bolland.
2768 3439 2831 3498 ad
2869 3440 3005 3497 hanc
3033 3439 3216 3511 diem.)

489 3721 547 3783 1.
580 3718 946 3784 Auxentium
980 3718 1304 3784 Orientalis
1335 3725 1506 3804 plaga
1537 3731 1740 3786 natum
1786 3723 2046 3804 suscepit
2081 3723 2496 3803 educavitque,
2528 3720 2661 3782 aula
2693 3719 2955 3784 Junioris
2999 3718 3324 3786 Theodosii
3355 3717 3779 3784 Constantino-

409 3810 670 3891 politana
697 3811 856 3872 inter
887 3809 1111 3874 milites
1160 3813 1348 3874 virum
1379 3816 1668 3894 suspexit,
1701 3813 1919 3874 virtute
1948 3823 2244 3886 ornatum,
2277 3821 2457 3890 atque
2505 3811 2579 3872 ad
2612 3809 2970 3873 miraculum
3005 3809 3378 3874 daemonibus
3405 3808 3774 3884 terribilem;

408 3899 670 3978 denique
716 3899 1245 3962 archimandritam
1282 3901 1489 3965 habuit
1538 3902 1810 3982 Bithynia
1842 3903 2341 3982 thaumaturgum,
2371 3919 2439 3963 ac
2485 3909 2614 3980 post
2661 3900 2864 3979 plures
2895 3901 3072 3963 variis
3121 3902 3181 3962 in
3213 3899 3363 3962 locis
3409 3899 3778 3962 exantlantos

406 3988 651 4052 labores
679 3988 832 4051 ccelo
861 3991 1214 4064 transmisit,
1248 3991 1352 4052 ubi
1383 3992 1669 4071 deinceps
1697 3992 2078 4070 experiretur
2107 4001 2448 4072 patronum.
2475 3989 2621 4063 Quae
2649 3990 2726 4051 de
2756 4009 2828 4052 eo
2847 3999 3167 4053 narrantur
3193 3987 3352 4070 apud
3383 3990 3776 4052 Soaomenum

409 4079 514 4142 lib.
549 4078 713 4141 Hist.
748 4078 895 4142 sccl.
929 4098 1061 4160 cap.
1095 4080 1196 4154 2t,
1233 4081 1504 4142 indicant
1534 4081 1882 4161 progeniem
1915 4081 2046 4160 ejus
2079 4101 2148 4145 ac
2179 4080 2476 4143 militiam.
2517 4078 2725 4142 Relata
2756 4097 3014 4161 namque
3043 4078 3394 4141 inventione
3421 4095 3491 4140 ac
3517 4078 3777 4140 transla-

405 4170 573 4232 tione
600 4169 813 4249 capitis
842 4167 905 4233 S.
937 4169 1184 4232 Joannis
1216 4169 1519 4251 Baptista),
1554 4172 1702 4232 facta
1732 4169 1842 4232 sub
1875 4170 2209 4233 Theodosio
2241 4169 2471 4248 Magno,
2498 4168 2724 4230 dicitur
2757 4194 2783 4224 ι
2819 4168 3169 4231 Vincentius
3199 4167 3514 4248 presbyter
3544 4172 3776 4229 natione

405 4257 606 4338 Persa,
642 4277 779 4320 cum
813 4267 1080 4340 tempore
1109 4261 1412 4321 Constanti
1445 4261 1830 4342 imperatoris
1877 4261 2216 4338 persecutio
2250 4262 2310 4320 in
2347 4259 2597 4322 Perside
2627 4258 3000 4321 Christianos
3027 4257 3344 4337 afﬂigeret,
3377 4256 3615 4336 fugiens
3664 4274 3778 4318 una

405 4366 540 4408 cum
572 4348 746 4410 Adda
775 4348 1136 4410 consobrino
1168 4367 1276 4412 suo
1307 4353 1381 4412 ad
1425 4349 1727 4412 Romanos
1755 4350 1990 4410 venisse
2030 4372 2042 4413 :
2094 4360 2271 4431 atque
2302 4350 2433 4430 ipse
2465 4347 2712 4428 quidem
2745 4351 2804 4410 in
2837 4348 3067 4410 clerum
3099 4355 3443 4428 assumptus
3472 4354 3586 4418 est,
3619 4353 3682 4406 et
3706 4344 3776 4407 ad

407 4435 760 4516 presbyterii
807 4437 1157 4514 dignitatem
1193 4440 1485 4518 pervenit.
1538 4439 1740 4502 Addas
1769 4447 1966 4500 autem
2000 4457 2186 4501 uxore
2216 4440 2392 4500 ducta
2425 4437 2748 4518 plurimum
2782 4437 3001 4518 profuit
3025 4437 3332 4510 Ecclesiae,
3363 4445 3423 4498 et
3453 4434 3642 4496 filium
3677 4453 3776 4498 re-

408 4524 587 4605 liquit
641 4527 1028 4600 Auxentium,
1090 4535 1284 4590 virum
1320 4547 1457 4607 erga
1491 4528 1678 4590 Deum
1713 4528 1852 4601 fide,
1881 4547 2020 4607 erga
2051 4529 2278 4592 amicos
2304 4525 2781 4607 promptitudine
2812 4525 3136 4603 insignem,
3169 4526 3289 4587 vita
3316 4524 3644 4604 integrum,
3678 4524 3773 4586 lit-

407 4624 664 4676 terarum
695 4625 1040 4688 amatorem,
1076 4627 1134 4678 et
1163 4617 1483 4696 omnigena
1516 4626 1640 4678 tum
1691 4617 2030 4696 gentilium,
2070 4627 2190 4679 tum
2225 4615 2773 4680 ecclesiasticarum
2804 4617 3160 4698 scriptorum
3192 4613 3535 4677 eruditione
3569 4612 3770 4694 pradi-

410 4713 558 4778 tum,
593 4703 860 4766 moribus
916 4706 1275 4779 commodis,
1311 4707 1448 4768 licet
1501 4707 1849 4786 imperatori
1896 4717 1954 4769 et
2001 4707 2216 4768 aulicis
2246 4705 2560 4767 familiaris
2609 4711 2791 4777 esset,
2824 4714 2883 4766 et
2925 4705 2986 4766 in
3019 4703 3254 4766 bellicis
3301 4701 3769 4782 expeditionibus

405 4793 722 4875 Splendide
752 4811 818 4855 se
859 4794 1140 4872 gessisset
1171 4817 1185 4858 :
1220 4813 1424 4857 verum
1459 4795 1618 4856 illius
1651 4797 1890 4876 quidem
1911 4797 2122 4858 crebra
2155 4795 2378 4856 mentio
2410 4803 2500 4855 est
2531 4802 2651 4854 tum
2685 4795 2842 4873 apud
2880 4791 3334 4872 probatissimos
3362 4809 3638 4872 quosque
3658 4809 3767 4852 mo-

408 4883 651 4957 nachos,
689 4893 809 4945 tum
842 4883 997 4964 apud
1050 4884 1325 4946 homines
1356 4884 1676 4957 studiosos,
1710 4889 1809 4966 qui
1862 4886 1994 4964 ejus
2025 4886 2302 4947 virtutem
2336 4884 2567 4962 experti
2604 4892 2760 4944 sunt.
2791 4907 2817 4938 »
2854 4882 2993 4945 Haec
3025 4881 3412 4954 Sozomenus,
3445 4881 3550 4962 qui
3590 4879 3769 4944 Theo-

406 4971 575 5033 dosio
603 4973 836 5033 Juniori
871 4991 1038 5034 suam
1091 4973 1402 5036 historiam
1437 4974 1762 5054 inscripsit,
1799 4994 1974 5056 quam
2027 4973 2139 5036 sub
2173 4975 2396 5035 calcem
2430 4971 2828 5033 dedicationis
2857 4972 3076 5034 asserit
3121 4989 3188 5032 se
3218 4969 3293 5032 ad
3322 4987 3442 5033 xxu
3472 4971 3605 5048 ejus
3633 4990 3767 5032 con-

405 5061 686 5136 sulatum,
721 5061 779 5123 id
813 5070 905 5124 est
951 5081 1174 5124 annum
1206 5064 1349 5137 439,
1385 5063 1735 5144 perduxisse
1767 5082 1783 5128 :
1830 5083 1899 5126 ac
1932 5063 2274 5126 necessario
2308 5071 2446 5124 ante
2501 5063 2632 5141 ejus
2663 5059 2916 5133 obitum,
2952 5063 3078 5124 sive
3107 5078 3328 5122 annum
3361 5059 3480 5121 450
3507 5058 3763 5132 absolvit,

405 5150 642 5231 quando
663 5154 785 5227 jam
839 5150 1352 5232 Constantinopoli
1383 5151 1446 5216 S.
1481 5154 1819 5215 Auxentius
1851 5162 2186 5216 secesserat
2212 5150 2576 5232 Bithyniam.
2613 5149 2701 5212 De
2729 5150 2858 5228 ejus
2889 5149 3291 5212 familiaritate
3337 5167 3473 5211 cum
3504 5147 3569 5213 S.
3626 5148 3765 5211 Mar-

405 5240 579 5302 ciano
626 5240 881 5321 aliisque
912 5241 1053 5302 viris
1095 5243 1382 5305 studiosis
1410 5243 1602 5320 agitur
1659 5242 1815 5305 infra
1846 5245 1908 5305 in
1941 5245 2120 5322 hujus
2151 5241 2285 5303 Vita
2336 5260 2500 5314 num,
2536 5239 2599 5313 2,
2633 5237 2734 5300 ubi
2770 5247 2976 5302 auctor
3021 5238 3234 5301 eodem
3267 5256 3383 5319 quo
3415 5239 3764 5300 Sozomenus

403 5329 687 5410 loquendi
715 5347 939 5408 genere
973 5349 1136 5406 usus,
1172 5331 1308 5410 ejus
1341 5332 1667 5394 familiares
1697 5334 1873 5395 etiam
1908 5335 1956 5391 ἄη

1203 5331 1308 5410 jus
1341 5332 1667 5394 familiares
1697 5334 1873 5395 etiam
1908 5333 2093 5409 iivszc
2127 5331 2440 5396 σπουδαίους
2471 5330 2756 5410 appellat.

483 5419 544 5480 2.
575 5419 721 5481 Acta
740 5421 800 5482 S.
827 5419 1107 5482 Auxentii
1132 5439 1342 5500 magno
1359 5423 1580 5501 judicis
1612 5423 1843 5504 scripta
1863 5421 1937 5486 ab
1965 5431 2214 5485 auctore
2244 5439 2466 5493 coaevo,
2491 5420 2591 5500 qui
2622 5437 2791 5480 suam
2819 5417 3045 5480 indicat
3066 5416 3485 5490 aatatem,dum
3519 5435 3552 5480 a
3575 5415 3762 5495 Sergio

406 5506 701 5586 discipulo
723 5508 878 5586 ejus,
905 5527 1082 5588 quem
1106 5509 1195 5572 illi
1221 5518 1279 5572 et
1299 5511 1360 5571 in
1381 5529 1604 5590 genere
1634 5513 1766 5575 vitae
1788 5521 1847 5575 et
1867 5514 1928 5575 in
1959 5522 2129 5576 antro
2162 5509 2534 5574 successisse
2559 5508 2843 5582 diximus,
2867 5526 3032 5569 num.
3060 5507 3136 5571 58
3163 5525 3228 5569 se
3247 5507 3450 5589 aliqua
3477 5508 3759 5588 accepisse

410 5603 682 5658 testatur.
717 5599 881 5660 Οὗτος
915 5599 1038 5677 γὰρ,
1075 5599 1290 5680 inquit,
1324 5602 1477 5664 οὗτος
1509 5604 1537 5658 ὁ
1563 5605 1680 5678 περὶ
1712 5604 1901 5662 τούτου
1928 5607 2070 5678 ἡμᾶς
2101 5601 2489 5681 στοιχειώσας,
2523 5605 2592 5677 τῇ
2621 5597 2839 5677 γλώττῃ
2870 5599 2970 5673 μὲν
2997 5595 3260 5678 βάρϐαρος
3294 5599 3561 5678 ,Σιττῆρχεν⁷
3597 5597 3655 5653 ἐκ
3679 5595 3758 5669 τῆς

409 5685 608 5750 Μυσίας
667 5682 1008 5767 ὁρμώμενος,
1040 5695 1108 5765 τῇ
1152 5687 1344 5767 γνώμῃ
1377 5687 1428 5746 δὲ
1493 5689 1822 5773 ττάνσεμνοςι
1855 5696 1926 5756 ὡς
1980 5695 2378 5776 προσκαρτερίῳ
2423 5700 2500 5769 τῷ
2545 5691 2790 5774 μακαρίῴ
2833 5691 3199 5768 Αὒξιντίφοοσο
3244 5692 3340 5750 καί
3385 5689 3522 5769 μετά
3551 5692 3647 5759 τὴν
3684 5693 3757 5746 τώ
