3932 6140
161 218 193 280 1
219 209 359 283 3Τ7
1512 212 1700 282 VITA

1512 212 1700 282 VITA
1746 214 1808 282 S.
1852 211 2256 282 AUXENTII.

3425 214 3576 286 1378

153 353 458 432 μακαρίου
482 355 738 428 κοίμησιν
772 353 863 409 σὺν
885 357 962 426 τῷ
991 354 1171 430 τρόπῷ
1206 355 1291 409 καὶ
1321 353 1421 418 τὴν
1451 351 1706 426 διαδεξάμ

2018 372 2047 416 e
2077 357 2262 430 enim,
2291 354 2392 432 qui
2428 373 2538 417 nos
2568 353 2643 418 de
2671 353 2788 417 hoc
2823 352 3129 432 instruxit,
3161 365 3294 419 erat
3327 356 3571 435 quidem

147 439 401 521 lingua
430 441 744 518 barbarus,
778 451 845 506 ut
889 442 992 519 qui
1027 450 1191 504 ortus
1224 447 1384 504 esset
1414 458 1484 502 ex
1519 441 1720 521 Mysia,
1760 451 1957 506 mente
1986 453 2185 507 autem
2233 445 2716 520 honestissimus,
2752 445 2854 526 qui
2887 449 3286 525 perseveravit
3314 448 3470 527 apud
3501 446 3574 510 B.

146 531 608 596 Auxentium.
650 581 663 596 .
706 539 767 594 et
793 539 1102 613 postquam
1133 530 1343 600 beatus
1387 528 1916 607 obdormivit,cum
1950 532 2214 596 moribus
2244 534 2305 594 in
2338 534 2471 596 loco
2504 553 2746 615 quoque
2778 535 3089 599 successit.
3127 560 3154 594 ι
3186 537 3353 598 lianc
3377 535 3574 600 Vitam

151 617 408 682 damus
436 639 508 682 ex
537 622 781 702 antiquo
812 620 1021 684 codice
1052 618 1178 683 MS.
1210 619 1590 681 bibliothecas
1640 628 1800 699 regis
1831 621 2347 699 Christianissimi,
2382 624 2653 686 collatam
2690 642 2824 685 cum
2860 625 3356 706 interpretatioe
3407 624 3573 688 Gen-

156 707 342 772 tiani
371 709 636 785 Herveti,
669 729 844 791 quam
876 709 1126 773 edidere
1155 708 1437 789 Aloysius
1491 709 1855 789 Lipomanus
1887 721 1942 772 et
1978 712 2335 774 Laurentius
2380 711 2610 787 Surius,
2649 731 2717 775 ex
2747 714 3103 777 collectione
3130 712 3574 795 Metaphrastae,

154 802 297 878 qui
328 797 517 862 Vitam
553 800 728 874 hanc,
763 808 966 879 utpote
997 805 1276 861 accurate
1305 798 1615 878 scriptam,
1651 799 1775 862 fere
1801 799 2120 862 inctactam
2153 803 2416 884 reliquit,
2452 803 2722 883 pauculis
2754 803 2894 864 hinc
2926 803 3066 868 inde
3095 814 3194 866 aut
3226 803 3445 867 additis
3474 815 3576 869 aut

159 889 547 970 immutatis,
574 888 692 951 nisi
725 890 851 951 haec
885 889 1070 952 variis
1101 887 1576 950 amanuensibus
1605 889 1726 950 sint
1755 891 2163 955 attribuenda.

274 979 340 1044 3.
375 975 646 1042 Meminit
686 979 961 1059 ejusdem
993 977 1183 1040 sancti
1234 975 1610 1058 Nicephorus
1660 977 1962 1056 Callistus,
1999 981 2104 1044 lib.
2160 998 2283 1062 xw,
2319 984 2476 1044 Hist.
2511 980 2655 1044 eccl.
2709 1000 2843 1061 cap.
2877 983 2956 1044 52
2990 1003 3003 1044 :
3057 1006 3081 1039 α
3121 981 3346 1046 Eodem
3395 983 3574 1046 etiam

167 1073 471 1148 tempore
519 1070 750 1149 inquit,
799 1068 1030 1130 virtutis
1087 1066 1482 1129 incrementis
1537 1066 1714 1146 longe
1760 1071 2051 1148 processit
2101 1071 2537 1133 celeberrimus
2589 1070 2690 1132 ille
2753 1073 3080 1134 monachus
3130 1071 3464 1134 Auxentius
3511 1073 3575 1134 in

169 1165 404 1220 monte
432 1157 720 1237 Bithyniae
751 1176 846 1234 eo,
881 1158 983 1238 qui
1015 1176 1086 1219 ex
1133 1155 1390 1218 adverso
1431 1157 1986 1238 Constantinopolis
2031 1161 2200 1236 situs,
2235 1180 2444 1223 omnes
2475 1161 2632 1222 circa
2663 1160 2848 1223 colles
2893 1161 3206 1223 altitudine
3236 1173 3504 1243 superat.
3542 1186 3566 1220 ι

164 1243 336 1308 Haec
378 1245 774 1328 Nicephorus,
806 1247 905 1328 qui
939 1265 1073 1309 cum
1127 1245 1461 1308 Sozomeno
1495 1245 1570 1307 ad
1628 1253 1898 1328 tempora
1927 1249 2254 1313 Theodosii
2307 1248 2572 1313 Junioris
2604 1270 2674 1312 ea
2716 1250 2925 1324 refert,
2961 1260 3094 1331 post
3141 1251 3316 1330 cujus
3344 1250 3572 1314 obitum

165 1335 490 1416 superfuit
537 1335 648 1398 sub
705 1335 963 1414 imperio
1013 1334 1295 1398 Marciani
1348 1343 1405 1396 et
1455 1335 1676 1398 Leonis
1719 1336 2150 1418 imperatorum
2199 1341 2271 1400 ad
2328 1359 2547 1402 annum
2595 1340 2839 1405 circiter
2886 1339 3027 1403 470.
3092 1343 3158 1404 in
3189 1341 3356 1403 Actis
3414 1339 3602 1421 apud

163 1421 632 1526 Metaphrasten
663 1426 918 1488 traditur
948 1425 1173 1488 obiisse
1203 1424 1314 1487 sub
1345 1423 1606 1505 Imperio
1637 1425 1912 1505 Zenonis,
1938 1429 2042 1491 sed
2072 1431 2202 1510 ejus
2231 1429 2361 1492 loco
2385 1429 2646 1494 Leonem
2681 1427 2903 1492 habent
2932 1431 3083 1492 Acta
3103 1427 3330 1508 Graeca,
3356 1430 3600 1512 quibus.

163 1531 289 1576 1181
318 1532 549 1577 sumus.

985 1845 1393 1975 ΒΙΟΣ
1500 1847 1804 1976 ΚΑΙ
1913 1848 2790 1980 ΠΟΛΙΤΕΙΑ

1663 2039 1775 2086 ΚΑΙ
1824 2034 2124 2087 ΔΣΚΗΣΙΣ

454 2150 680 2239 ΤΟΥ
744 2154 1384 2240 ΑΓΙΩΤΑΤΟΥ
1450 2156 1636 2240 ΚΑΙ
1708 2156 2580 2244 ΜΑΚΑΡΙΣΤΑΤΟΥ
2640 2159 3319 2248 ΑΥΞΕΝΤΙΟΥ.

1056 2561 1383 2679 VITA
1474 2565 1650 2674 ET
1738 2564 2720 2677 CONVERSATIO

1559 2777 1654 2841 ET
1696 2777 2206 2845 EXEBCITATIO

750 2954 1453 3048 SANCTISSIMI
1521 2964 1656 3048 ET
1740 2962 2368 3047 BEATISSIMI
2435 2964 3004 3050 AUXENTII.

443 3141 646 3215 (Graeca
687 3157 823 3200 nunc
854 3143 1075 3213 primum
1105 3145 1240 3217 typis
1284 3146 1590 3204 mandantur
1619 3162 1682 3204 ex
1711 3147 1827 3204 cod.
1859 3162 1958 3203 ms.
1991 3146 2126 3219 Reg.
2174 3148 2344 3206 Paris.
2379 3166 2433 3207 n.
2466 3148 2624 3206 1452.
2670 3165 2791 3206 saec.
2827 3166 2880 3207 χ.
2915 3149 3069 3208 Eorr.
3115 3150 3318 3225 Pam.)

1591 3477 1831 3544 CAPUT
1882 3476 2179 3543 PRIMUM

675 3633 810 3697 Vita
841 3633 909 3698 S.
945 3637 1245 3701 Auxentii
1289 3638 1819 3719 Constantinopoli
1850 3645 2005 3702 acta.
2055 3639 2317 3704 Virtutes
2360 3641 2520 3701 inter
2546 3656 2732 3720 opera
2765 3641 3086 3704 militaria.

278 3741 364 3814 Δί
417 3756 534 3810 Τῶν
584 3750 951 3832 ἀρχαιοτέρων
995 3753 1242 3832 Πατέρων
1285 3754 1458 3834 ἔργοις
1517 3757 1604 3814 καὶ
1644 3755 1825 3836 λόγοις

1994 3756 2189 3820 [.Cum
2220 3757 2450 3838 antiqui
2479 3756 2685 3820 Patres
2729 3765 2788 3820 et
2826 3757 3068 3821 factiset
3088 3757 3288 3822 verbis
3319 3760 3547 3824 fuerint

187 3841 605 3918 διαπρεψάντων
661 3843 750 3899 καὶ
806 3840 1083 3922 διαφόροις
1139 3845 1470 3923 σῦντάγμασι
1514 3852 1620 3902 τῶν
1665 3847 1720 3904 ἐν
1761 3856 1839 3922 τῷ

191 3937 378 4006 νοητῷ
433 3929 717 4006 ἀμπελῶνι
776 3932 887 4008 ἄμα
941 3938 1088 4011 πρωῒ
1160 3937 1248 3992 καὶ
1291 3935 1471 4014 τρίτην
1517 3936 1681 4018 ὥραν,
1740 3938 1836 3995 καῖ

189 4022 362 4088 ἕκτην
419 4020 560 4098 ὥραν
620 4022 840 4101 ὁμοίως,
885 4024 974 4078 καὶ
1026 4023 1250 4092 ἐννοίτην
1295 4025 1638 4094 κεκληκότων
1672 4028 1836 4106 ἁγίων

191 4113 286 4170 καὶ
315 4112 390 4174 εἰς
427 4107 716 4186 οἰκοδομὴν
758 4118 852 4168 τοῦ
883 4111 1131 4188 σώματος
1182 4119 1279 4183 τῆς
1330 4112 1652 4192 Ἐκκλῃσῑας
1700 4139 1835 4196 συγ..

190 4199 558 4281 γραψαμένων
587 4199 710 4266 τοὺς
755 4201 972 4272 πόνους,
1009 4205 1104 4260 οὒκ
1134 4203 1332 4262 ἄτοπον
1378 4207 1466 4262 καὶ
1514 4208 1658 4280 ἡμᾶς
1716 4209 1835 4273 τοὺς

194 4291 285 4348 διὰ
331 4289 585 4368 ῥᾳθυμίαν
642 4292 729 4347 καὶ
785 4289 1130 4350 ἀπαιδευσίαν
1187 4293 1366 4373 πόῤῥω
1432 4299 1605 4355 αὐτῶν
1660 4298 1833 4371 ὑπάρα-

194 4402 427 4462 χοντας,
480 4380 599 4448 τοὺς
658 4387 767 4438 τῶν
824 4382 944 4461 περὶ
1003 4384 1100 4452 τὴν
1158 4383 1446 4452 ἑνδεκάτην
1485 4385 1627 4465 ὥραν
1673 4387 1728 4442 ἐν
1759 4389 1836 4462 τῷ

194 4475 340 4544 αὒτῴ
398 4469 678 4546 ὰμπιλῶνι
737 4471 1156 4549 ἀγωνισαμένων
1221 4473 1439 4533 δικαίων
1499 4477 1642 4552 βίους
1698 4480 1832 4556 πρὸς

191 4559 462 4641 ὠφέλειαν
531 4567 638 4617 τῶν
721 4581 781 4616 τι
833 4563 1276 4642 ἓντυγχανόντων
1331 4566 1422 4622 καὶ
1478 4565 1833 4644 ἀκροωμένων

191 4656 396 4707 πιστῶν
451 4649 854 4728 συγγράψασθαι
912 4651 1147 4728 ἀληθῶς,
1203 4653 1342 4710 ὥστι
1391 4657 1514 4720 τοὺς
1564 4656 1830 4732 βοϋλομέ-

192 4761 312 4804 νους
385 4739 626 4817 ἡγεμόνα
699 4744 987 4808 κεκτῆσθαι
1046 4742 1144 4810 τῆς
1203 4744 1478 4822 παρούσης
1536 4751 1679 4816 ζωῆς
1741 4750 1833 4804 τὸν

193 4826 382 4897 εὗσεεῆ
425 4827 713 4907 λογισμὸν,
761 4828 993 4896 ἆκλινῶς
1037 4831 1254 4890 ἕπεσθαι
1287 4840 1354 4910 τῇ
1403 4840 1512 4891 τῶν
1575 4859 1831 4916 πατριαρ-

193 4925 312 4999 χῶν
353 4919 444 4976 καὶ
486 4925 777 4997 προφητῶν
828 4921 914 4977 καὶ
942 4921 1258 4980 ἀποστολων
1287 4926 1374 4980 καὶ
1406 4926 1686 5004 μαρτύρων
1744 4929 1832 4984 καὶ

192 5007 406 5064 δικαίων
439 5005 567 5082 ὁδῷ,
604 5006 1080 5086 ἐφαμιλλωμένευς
1117 5013 1216 5086 μὲν
1273 5026 1395 5076 ταῖς
1439 5015 1642 5071 τούτων
1702 5016 1831 5092 ἀρε-

1921 3846 2212 3925 insignes,
2237 3857 2294 3910 et
2317 3847 2567 3909 diversis
2597 3847 2879 3926 operibus
2912 3867 3120 3910 eorum
3153 3851 3252 3930 qui
3282 3851 3345 3912 in
3375 3851 3546 3914 vinea

1920 3955 2051 4018 quae
2079 3937 2410 4020 percipitur
2437 3937 2858 4019 intelligentia,
2893 3957 3067 4004 mane
3097 3939 3274 4002 simul
3305 3950 3366 4004 et
3397 3941 3543 4005 hora

1919 4029 2093 4089 tertia
2124 4037 2184 4090 et
2207 4038 2372 4091 sexta
2403 4027 2683 4090 similiter
2711 4036 2772 4090 et
2818 4047 2976 4090 nona
3006 4030 3196 4092 vocati
3226 4038 3388 4106 sunt,
3416 4050 3552 4094 san-

1919 4126 2151 4180 ctorum
2185 4119 2257 4181 ad
2288 4118 2747 4180 aediﬁcationem
2805 4118 3074 4198 corporis
3105 4118 3393 4183 Ecclesiae
3425 4139 3552 4184 ser-

1921 4226 2129 4270 mones
2159 4207 2630 4289 conscripserint
2662 4225 2675 4273 :
2747 4226 2865 4270 non
2909 4217 3001 4270 est
3056 4209 3410 4288 absurdum,
3443 4229 3550 4273 nos

1916 4316 2178 4379 quoque,
2212 4298 2318 4374 qui
2378 4306 2622 4378 propter
2676 4297 3012 4360 socordiam
3045 4307 3109 4361 et
3135 4299 3434 4362 inscitiam
3466 4299 3542 4363 ab

1917 4389 2004 4448 eis
2035 4388 2216 4468 longe
2247 4406 2456 4449 alueus
2486 4388 2728 4468 remoti,
2762 4405 2904 4450 vere
2944 4388 3333 4451 conscribere
3352 4389 3554 4468 justo-

1916 4495 2049 4539 rum
2084 4477 2347 4540 virorum
2377 4475 2715 4558 Vitam,qui
2737 4477 2898 4546 circa
2928 4480 3137 4542 horam
3170 4480 3552 4543 undecimam

1917 4567 1978 4628 in
2013 4567 2222 4629 eadem
2257 4569 2430 4629 vinea
2456 4567 2908 4644 iaborarunt,ad
2941 4569 3258 4632 utilitatem
3290 4570 3558 4634 ﬁdelium

1918 4656 2019 4737 qui
2043 4657 2246 4736 legunt
2272 4667 2336 4720 et
2362 4657 2615 4720 audiunt
2647 4677 2663 4718 τ
2697 4669 2761 4719 ut
2788 4658 2894 4738 qui
2920 4660 3124 4721 volunt
3151 4660 3376 4722 habere
3397 4661 3555 4741 piam

1917 4747 2212 4818 rationem
2245 4746 2460 4810 ducem
2519 4747 2650 4809 vitae
2705 4749 3040 4827 praesentis,
3078 4758 3424 4812 constanter
3451 4770 3556 4814 se-

1916 4845 2174 4917 quantur
2253 4838 2405 4899 viam
2464 4837 2959 4918 patriarcharum,
3018 4841 3443 4920 prophetarum
3500 4849 3562 4904 et

1917 4927 2349 5006 apostolorum,
2409 4935 2861 5008 martyrumque
2913 4937 2971 4990 et
3011 4930 3361 5008 justorum:
3421 4950 3560 4993 cum

1918 5033 2124 5077 eorum
2157 5017 2402 5096 quidem
2464 5017 2781 5080 virtutibus
2839 5017 3299 5096 contendentes,
3329 5019 3560 5082 suﬂulti

191 5109 340 5170 ταῖς,
374 5095 894 5175 ὐποστηριζομένως
940 5097 994 5154 δὲ
1053 5114 1176 5164 ταῖς
1233 5106 1403 5160 αὐτῶν
1460 5126 1741 5186 προσευχα

2004 5115 2116 5166 lem
2148 5095 2208 5166 et
2237 5105 2484 5167 stabiliti
2517 5125 2721 5168 eorum
2758 5107 3156 5170 orationibus.
3197 5132 3218 5165 ιι
3257 5095 3557 5184 Quaecun-

193 5209 220 5243 κ
260 5184 404 5244 ’Ὅσα
447 5186 547 5264 γὰρ
589 5187 926 5267 προεγράφη,
967 5210 991 5246 ι)
1055 5191 1190 5246 κατὰ
1248 5193 1338 5248 τὸν
1367 5193 1645 5251 θεσπέσιον
1667 5184 1829 5255 Παῦ-

185 5275 305 5348 λον,
373 5293 401 5334 ι
461 5277 534 5340 εἰς
592 5277 691 5344 τὴν
747 5277 1012 5356 ἡμετέραν
1058 5283 1327 5338 νουθεσίαν
1392 5285 1724 5364 προεγράφη.
1796 5311 1820 5346 υ

184 5365 508 5428 Πεποιθότις
565 5364 654 5422 οὗν
713 5372 792 5441 τῷ
851 5369 1085 5448 εἰρηκότι
1120 5389 1135 5406 ο
1176 5393 1202 5426 a
1257 5370 1528 5429 Πλάτανον
1559 5376 1620 5430 τὸ
1650 5376 1826 5452 στόμα

180 5477 298 5530 σου,
343 5455 428 5513 καὶ
459 5452 734 5531 πληρώσω
763 5458 916 5532 αὐτὸ,
957 5479 982 5516 ι
1018 5457 1105 5516 ἰπὶ
1164 5460 1264 5529 τὴν
1326 5462 1688 5541 προκειμένην
1737 5465 1823 5523 δι-

185 5546 384 5625 ήγησιν
413 5545 738 5624 τρεπόμεθα.

267 5653 288 5700 ¹
319 5653 501 5718 Rom.
537 5669 636 5727 xv,
666 5652 729 5719 4.
813 5652 846 5706 ²
875 5652 1033 5720 Psal.
1068 5673 1237 5735 LXXX,
1275 5661 1372 5724 11.

1913 5212 2029 5275 que
2057 5194 2216 5255 enim
2277 5194 2440 5272 prius
2492 5197 2713 5276 scripta
2773 5207 2938 5278 sunt,
2977 5219 3006 5258 ›
3054 5207 3119 5259 ut
3151 5197 3295 5260 dicit
3326 5198 3560 5263 divinus

1913 5283 2153 5362 Paulus,
2196 5309 2222 5342 ι
2257 5284 2480 5366 scripta
2537 5295 2676 5347 sunt
2734 5286 2809 5348 ad
2868 5295 3132 5351 nostram
3186 5289 3558 5352 admonitio-

1914 5394 2053 5440 nem
2080 5376 2129 5440 ί.
2168 5400 2196 5433 ι
2232 5377 2316 5438 Εο
2351 5394 2493 5454 ergo
2524 5375 2688 5457 freti,
2747 5377 2850 5459 qui
2902 5377 3052 5440 dixit
3109 5397 3124 5442 :
3192 5401 3215 5436 α
3253 5377 3445 5442 Dilata
3492 5399 3561 5444 os

1912 5475 2116 5541 tuum,
2150 5473 2211 5528 et
2237 5464 2502 5547 implebo
2533 5465 2682 5529 illud
2712 5466 2767 5543 9,
2805 5489 2830 5527 ι
2867 5477 3292 5532 convertamur
3319 5470 3395 5532 ad
3427 5488 3560 5552 pro-

1913 5556 2166 5638 positam
2203 5562 2630 5620 narrationem.
