3932 6140
160 265 307 337 1381

1465 258 1646 333 VITA
1690 267 1750 330 S.
1799 256 2199 333 AUXENTII.

3371 254 3524 324 i382

150 408 182 462 6
235 405 620 482 μνημονευθείς
657 423 670 438 '
737 403 824 473 Μὴ
874 396 1209 484 δυσχὲραινε,
1276 403 1460 483 φησὶν,
1521 403 1608 458 ἐπὶ
1670 416 1764 460 ταῖ

1961 423 2014 465 ιιι
2051 423 2161 466 nos
2190 401 2431 486 quidem
2465 418 2678 485 aquam
2713 393 3017 483 petiimus.
3043 395 3145 463 Sin
3174 400 3372 462 autem
3407 399 3523 462 Doo

151 503 249 552 τοῦ
309 502 440 556 Θεοῦ
509 493 755 575 δωρεαῖς.
835 492 1028 569 Ἠμεῖς
1080 492 1178 568 μὲν
1240 493 1340 572 γὰρ
1383 490 1519 570 ὕδωρ
1577 493 1793 569 ῄτήσα-

156 606 257 660 μεν
296 586 338 642 εί
371 582 424 640 δὲ
457 587 483 642 6
514 587 793 652 Δεσπότης
828 588 977 640 οἶνον
1015 581 1433 662 ἆντιπαρέσχεν,
1463 581 1797 662 εὐχαριστή-

157 695 340 749 σωμεν
370 675 460 731 καί
501 675 580 750 μὴ
611 674 1069 752 ἆγανακτήσωμεν
1106 691 1122 708 ⁶
1168 672 1254 729 καὶ
1303 673 1402 750 γὰρ
1452 671 1506 726 ἐν
1535 676 1610 744 τῷ
1641 672 1798 749 γάμῳ

153 762 443 839 λείψαντος
485 763 636 823 οἴνου
680 764 739 819 τὸ
768 761 903 837 ὕδωρ
947 761 1032 818 διὰ
1075 762 1169 830 τῆς
1207 762 1396 818 ἑαυτοῦ
1446 761 1674 840 χάριτος
1721 762 1794 824 εἷς

154 852 311 909 οἶνον
363 853 715 924 μετεποίηθη,
772 851 950 914 Οὕτως
983 851 1010 907 ὃ
1043 851 1139 926 μὶν
1175 850 1266 918 τὴν
1296 847 1589 930 ἀκρίϐειαν,
1623 872 1794 928 προσ-

156 943 323 1011 ούσης
359 942 542 1005 αὐτοῖς
587 941 922 1020 ἐγκρατείας,
955 940 1098 998 ἄκων
1148 938 1469 1014 ἐπεδείξατο,
1522 943 1549 996 6
1593 939 1647 996 δὲ
1705 942 1796 997 τὸν

151 1033 317 1112 τ·5φον
348 1037 447 1100 τῆς
475 1031 771 1097 κενοδοξίας
806 1032 942 1087 ἑκὼν
967 1031 1359 1098 κατεπάτησεν.

245 1120 334 1184 Δ’,
387 1123 614 1201 Πτωχὸν
658 1119 712 1177 δὲ
759 1119 917 1178 πάλιν
959 1119 1144 1176 ἑαυτόν
1189 1141 1267 1185 τις
1311 1118 1660 1198 ἐπαγγέλλων
1689 1119 1795 1176 τῶν

154 1209 436 1286 ἑπομένων
483 1207 777 1268 σπουδαίων
821 1208 890 1265 δι’
950 1208 1118 1288 ὄχλου
1163 1208 1365 1288 ἐγίνετο
1420 1216 1495 1278 τῷ
1527 1210 1793 1287 μακαρίτῃ

155 1298 440 1375 Αὐξεντίῳ,
500 1307 606 1357 τῶν
665 1302 896 1382 χρωτῶν
947 1300 1105 1356 αὐτοῦ
1160 1299 1584 1377 σᾶρκοκάλυμμα
1643 1298 1794 1355 εὐλο-

155 1390 278 1468 γίας
338 1391 494 1470 χάριν
552 1392 638 1447 καὶ
695 1391 879 1454 πενίας
925 1389 1166 1455 ἐξαιτῶν.
1207 1392 1308 1447 Καὶ
1367 1387 1431 1457 δὴ
1477 1391 1605 1467 πρὸς
1636 1389 1793 1448 αὐτόν

155 1503 323 1559 φησιν
355 1497 368 1510 ·
417 1480 595 1560 Εὗξαι,
653 1481 748 1536 ἵνα
806 1482 834 1536 ὃ
894 1479 1080 1557 Κύριος
1127 1479 1342 1556 πέμψῃ,
1390 1481 1477 1536 καὶ
1508 1479 1686 1556 λήψῃ·
1734 1479 1794 1537 οὐ

152 1571 260 1648 γὰρ
318 1571 383 1636 ἧν
455 1574 598 1645 αὐτῷ
667 1570 727 1627 ἐκ
783 1572 1084 1646 περιουσίας
1145 1570 1526 1648 ἆμφιάσματα,
1592 1568 1676 1629 διὰ
1732 1571 1794 1627 τὸ

151 1657 366 1717 ἅπαντα
395 1659 459 1716 τὰ
502 1659 837 1736 ἐμπίπτοντα
880 1663 1022 1734 αὐτῷ
1071 1673 1189 1726 τοῖς
1249 1661 1441 1728 πένησι
1495 1657 1791 1723 διαδοῦναι.

151 1749 216 1806 Ὀ
255 1747 308 1806 δὲ
351 1756 449 1818 τῆς
491 1750 841 1831 ὑποσχέσεως
883 1753 955 1816 ὡς
1007 1754 1347 1830 γραμματίου
1377 1746 1788 1826 ἐπιλαϐόμενος,

151 1838 544 1908 ἆκαταλῆκτως
575 1843 674 1908 τὴν
704 1842 992 1908 ἀπαίτησιν
1022 1839 1266 1898 ἐποιεῖτο
1297 1857 1312 1873 ⁸
1367 1839 1483 1897 ὅθεν
1527 1839 1612 1896 ἐπὶ
1656 1839 1794 1897 πολὺ

148 1929 649 2011 παρενοχλούμενος
679 1933 736 1985 ἓν
767 1937 864 2004 μιᾷ
900 1930 1096 2007 ἑσπέρᾳ
1126 1928 1289 1986 πάλιν
1320 1929 1447 2008 παρ’
1482 1933 1639 1990 αὐτοῦ
1666 1930 1796 1992 ὑπο-

153 2021 441 2094 μνησθεὶς,
501 2026 689 2097 Δεῦρο,
765 2021 949 2098 φησὶν,
1011 2017 1227 2098 ἀδελφὲ,
1273 2017 1327 2076 ἐν
1372 2018 1595 2097 εὐκαίρῳ
1645 2017 1796 2092 τόπῳ

151 2106 576 2184 ἀποληψόμενος
622 2109 720 2177 τὴν
750 2109 972 2177 αἴτησιν
1016 2107 1113 2165 καῖ
1155 2105 1510 2165 ἀπαλλάττων
1568 2129 1635 2182 με
1694 2113 1793 2175 τῆς

149 2198 408 2266 τοιαύτης
439 2199 829 2276 περιστάσεως,
862 2198 958 2263 Ὠς
989 2197 1044 2256 δὲ
1089 2197 1377 2277 ἅποκρύφῳ
1426 2199 1576 2271 τόπῳ
1619 2197 1791 2276 ἐγίνε-

147 2308 243 2361 το,
275 2287 402 2366 ὅπερ
432 2288 662 2367 ἠμφίετο
693 2289 976 2369 στιχάριον
1003 2285 1406 2364 ἀποδυσάμενος
1437 2285 1663 2344 δέδωκεν
1694 2289 1795 2344 αὐ-

149 2382 236 2451 τῷ
263 2379 351 2434 καὶ
395 2378 456 2435 ἐκ
498 2380 593 2437 τοῦ
634 2378 876 2458 φελονίου
927 2377 1088 2454 μόνον
1132 2376 1338 2455 διῆγεν,
1396 2379 1493 2434 Καὶ
1525 2377 1662 2452 μετὰ
1694 2377 1794 2443 τὴν

149 2466 477 2545 ὺμνολογίαν
557 2467 982 2548 ἀναχωρούντων
1056 2467 1394 2548 ἀμφοτέρων,
1451 2469 1645 2545 ᾔσθετο
1706 2476 1796 2526 τοῦ

150 2555 424 2636 δράματος
484 2558 512 2613 6
572 2557 821 2638 ἀνωτέρω
876 2556 1190 2637 προῤῥηθεὶς
1261 2556 1454 2628 εὐήθης
1505 2556 1637 2632 ἀνὴρ
1706 2555 1797 2613 καί

147 2643 301 2724 λέγει
360 2645 502 2721 αὐτῷ
536 2661 550 2677 ⁸
589 2647 740 2706 Πᾶσά
791 2669 885 2705 σου
922 2647 952 2714 ἦ
983 2646 1227 2705 πολιτεία
1255 2648 1341 2704 καὶ
1371 2648 1405 2714 ἡ
1441 2644 1623 2725 ἀγάπη
1656 2645 1793 2714 αὕτη

148 2733 289 2816 εστὶ,
335 2736 452 2815 κύρι
512 2735 781 2812 Αὐξέντιε,
842 2736 937 2792 ’ίνᾶ
979 2737 1364 2815 ὐστεροόμενος
1396 2741 1628 2816 χιτῶνος
1656 2737 1794 2811 ἡμῖν

148 2826 236 2903 μὴ
263 2824 556 2902 θαρράσης.
592 2825 687 2890 Ὠς
746 2823 966 2901 μειδιῶν
1024 2825 1079 2883 δέ
1138 2848 1268 2905 φησι
1296 2827 1428 2905 πρὸς
1455 2827 1577 2890 τοὺς
1609 2825 1790 2906 ἀμφο-

147 2915 336 2992 τέρους
369 2929 383 2945 ⁸
435 2921 536 2974 Τοῦ
580 2914 901 2980 πλειστάκις
947 2936 1013 2991 με
1057 2915 1146 2973 ἐπὶ
1186 2917 1336 2991 ὑμῶν
1393 2917 1600 2991 ἰταμῶς
1659 2919 1793 2990 μεθ-

151 3002 457 3084 οδεύοντος,
494 3002 652 3082 μόλις
678 3003 1004 3083 ἀπηλλάγην
1041 3021 1054 3035 ·
1091 3003 1226 3062 ἀλλὰ
1275 3003 1573 3084 παρακαλῶ
1618 3003 1792 3060 ἀπελ-

149 3098 270 3151 θεῖν
326 3095 470 3169 ἡμᾶς
546 3095 677 3174 πρὸς
767 3097 855 3151 τὸν
934 3095 1081 3173 κύριν
1142 3093 1397 3163 Ἰωάννην
1456 3096 1549 3152 τὸν
1607 3094 1659 3151 ἐν
1715 3102 1792 3158 τῶ

152 3180 382 3259 Κλουϐᾦ
413 3185 681 3264 μοναχὸν,
717 3181 1012 3260 ὅψομένους
1043 3184 1140 3252 τὴν
1170 3183 1321 3250 δόξαν
1354 3194 1446 3244 τοῦ
1477 3192 1630 3249 Θεοῦ.

242 3272 323 3336 Ε’,
359 3273 662 3341 Συντάξεως
706 3273 792 3332 οὖν
837 3274 1158 3354 γενομένης,
1219 3275 1355 3346 μετᾶ
1383 3276 1483 3342 τὴν
1513 3277 1637 3351 μίαν
1684 3298 1788 3334 πα-

150 3363 458 3442 ραγίνονται
518 3364 649 3442 πρὸς
695 3364 854 3420 αὐτὸν
898 3365 985 3422 καὶ
1028 3365 1190 3441 ὁρῶσι
1235 3366 1328 3422 τὸν
1391 3364 1648 3444 εἰληφότα
1704 3367 1796 3422 τὸν

148 3453 478 3532 χιτωνίσκον
536 3453 853 3531 παρεστῶτα
914 3454 1138 3533 στυγνόν
1171 3471 1185 3486 ⁸
1247 3457 1336 3510 καὶ
1381 3455 1515 3529 μετὰ
1557 3455 1655 3521 τὴν
1700 3476 1793 3510 τε-

149 3541 370 3598 λείωσιν
428 3541 525 3610 τῆς
585 3544 754 3622 εὐχῆς
815 3541 961 3622 λέγει
1019 3546 1047 3599 6
1104 3544 1365 3621 μακάριος
1422 3543 1676 3612 Ἰωάννης
1721 3545 1792 3608 ὡς

147 3631 289 3710 πρὸς
319 3632 562 3701 συνήθεις
596 3633 756 3688 αὐτοῦ
787 3633 874 3688 καὶ
925 3631 1244 3712 προσφιλεῖς
1280 3648 1292 3662 ⁸
1358 3630 1600 3710 Εὕξασθε,
1632 3632 1790 3690 ἀδελ-

149 3723 265 3801 φοὶ,
299 3723 417 3799 περὶ
465 3728 559 3778 τοῦ
617 3727 838 3801 πτωχοῦ
887 3722 1099 3796 τούτου,
1137 3721 1218 3778 ὅτι
1249 3723 1315 3779 τὰ
1343 3723 1610 3801 προσόντα
1653 3723 1796 3797 αὐτῷ

149 3811 398 3889 πενιχρὰ
457 3809 586 3890 ἄρας
643 3831 724 3876 τις
780 3807 1098 3888 ἀπέδρασεν.
1159 3812 1219 3869 Ὀ
1282 3810 1336 3868 δὲ
1379 3813 1639 3891 μακάριος
1687 3815 1792 3871 Αὐ-

150 3898 356 3966 ξέντιος
388 3901 630 3981 χαρίεντι
688 3901 961 3980 προσώπῳ
1017 3900 1212 3981 ἤρξατο
1245 3902 1492 3981 εὐλογεῖν
1522 3905 1612 3959 τὸν
1642 3912 1798 3963 τοῦτο

149 3989 418 4069 δράσαντα
455 4006 468 4020 ⁸
519 3990 610 4047 καί
639 4011 803 4070 φησιν
833 3991 966 4069 πρὸς
999 3994 1158 4051 αὐτὸν
1195 3995 1218 4049 ὃ
1262 3991 1460 4059 δίκαιος
1492 3993 1626 4072 ἀνὴρ
1655 3995 1726 4060 ὡς
1770 3996 1798 4050 6

152 4079 342 4136 Βαλὰκ
382 4081 513 4158 πρὸς
585 4083 676 4137 τὸν
735 4078 985 4157 Βαλαὰμ,
1055 4085 1390 4159 Καταρᾶσθαί
1445 4105 1504 4138 σε
1560 4083 1796 4162 προσκέ-

152 4167 393 4245 κλημαι,
437 4172 525 4227 καὶ
570 4171 632 4226 σὺ
663 4169 906 4247 εὐλογεῖς
942 4190 957 4250 ;
996 4167 1330 4252 Ἀποκριθεὶς
1375 4172 1430 4229 δὲ
1475 4175 1502 4229 6
1532 4175 1797 4252 μακάριος

1882 493 2082 556 minus
2113 493 2384 556 Christus
2415 493 2547 573 ejus
2579 493 2707 554 loco
2757 491 2960 554 vinum
2997 487 3274 570 praebuit,
3303 487 3524 568 gratias

1880 599 2148 662 agamus,
2211 591 2270 645 et
2321 600 2397 644 ne
2455 599 2611 662 aegre
2667 582 2953 644 feramus.
2990 577 3226 642 Etenim
3261 595 3396 639 cum
3433 576 3522 639 vi-

1879 691 2018 735 num
2075 671 2400 736 defecisset
2459 678 2518 732 in
2569 670 2817 753 nuptiis,
2884 687 2990 750 per
3051 687 3219 730 suam
3272 665 3523 746 gratiam

1879 779 2098 842 aquam
2132 762 2377 825 mutavit
2405 761 2467 822 in
2521 759 2719 824 vinum
2749 761 2802 823 3.
2839 756 2938 822 Sic
2967 757 3121 820 alter
3152 755 3392 838 quidem
3420 773 3523 818 os-

1880 851 2071 914 tendit
2127 852 2344 914 invitus
2388 850 2739 933 perfectam,
2796 866 2931 930 quas
2975 847 3031 910 ei
3063 846 3296 922 aderat,
3330 843 3523 907 absti-

1881 941 2189 1003 nentiam:
2248 940 2402 1003 alter
2459 958 2602 1004 vero
2653 939 2850 1002 libens
2902 933 3520 1001 conculcavitfaslum

1880 1049 2048 1092 vanae
2073 1031 2300 1110 gloriae.

1961 1119 2296 1184 lV.Rursus
2320 1129 2521 1184 autem
2554 1118 2794 1203 quidam
2825 1137 2894 1180 ex
2925 1117 3065 1180 viris
3095 1116 3271 1179 bonis
3301 1114 3405 1197 qui
3429 1133 3525 1178 se-

1877 1210 2306 1292 quebantur,se
2330 1229 2651 1292 pauperem
2679 1227 2811 1272 esse
2842 1209 3208 1287 significans,
3237 1205 3523 1268 molestus

1878 1310 2005 1362 erat
2034 1301 2208 1364 beato
2239 1300 2563 1377 Auxentio,
2601 1307 2810 1381 petens
2861 1299 2936 1360 ab
2968 1316 3038 1360 eo
3070 1295 3374 1378 indusium
3408 1295 3522 1358 be-

1879 1390 2241 1453 nedictionis
2271 1393 2458 1470 gratia
2490 1399 2549 1453 et
2583 1387 2982 1471 paupertatis.
3012 1387 3068 1449 Is
3100 1404 3237 1449 vero
3266 1386 3414 1448 dicit
3440 1387 3520 1450 ei:

1877 1477 2018 1554 Ora,
2051 1490 2116 1542 ut
2145 1479 2434 1543 Dominus
2478 1479 2696 1560 mittat,
2731 1487 2788 1540 et
2835 1497 2869 1539 a
2924 1495 3021 1538 me
3069 1476 3360 1558 accipies.
3392 1474 3524 1538 Non

1878 1569 2038 1630 enim
2073 1579 2501 1651 superaverant
2531 1569 2585 1632 ei
2618 1567 3334 1648 vestimenta,propterea
3362 1565 3524 1647 quod

1877 1677 2252 1740 quaecunque
2281 1660 2341 1720 in
2365 1678 2501 1720 eum
2535 1656 2905 1737 incidebant,
2931 1655 3103 1717 daret
3135 1653 3522 1736 pauperibus.

1877 1748 1986 1811 llle
2016 1768 2154 1812 vero
2187 1750 2648 1830 promissionem
2680 1747 2978 1829 arripiens
3024 1752 3309 1824 tanquam
3343 1745 3523 1807 sche-

1877 1836 2351 1914 dulam,assidue
2373 1835 3078 1920 exigebat.Quamobrem
3113 1854 3246 1897 cum
3270 1834 3523 1897 multum

1877 1928 1930 1991 ei
1963 1937 2124 1990 esset
2172 1929 2485 2006 molestus,
2539 1936 2599 1991 et
2651 1947 2771 1990 una
2819 1945 3070 2008 vespera
3096 1929 3313 1988 rursus
3348 1923 3420 1987 ab
3451 1942 3524 1987 eo

1878 2025 2036 2080 esset
2065 2019 2436 2097 admonitus,
2491 2016 2639 2080 dicit
2669 2019 2726 2080 ei
2761 2035 2774 2080 :
2821 2016 3025 2098 Adsis,
3054 2016 3262 2090 frater,
3297 2014 3526 2076 inloco

1878 2114 2220 2188 opportuno
2252 2115 2611 2190 accepturus
2641 2106 3018 2189 petitionem.
3055 2109 3378 2186 Postquam
3424 2121 3524 2166 au-

1880 2207 2002 2259 tem
2035 2197 2145 2259 fuit
2175 2197 2234 2260 in
2267 2197 2398 2260 loco
2431 2197 2691 2284 occulto,
2725 2197 2886 2260 exuit
2920 2214 2985 2257 se
3022 2200 3223 2257 tunica
3255 2212 3369 2275 qua
3398 2201 3529 2255 erat

1879 2287 2148 2366 indutus,
2178 2295 2236 2350 et
2267 2287 2434 2350 dedit
2455 2287 2607 2364 ei,et
2635 2288 2853 2350 mansit
2880 2287 2942 2348 in
2975 2285 3106 2348 sola
3134 2284 3528 2367 penula.Post

1879 2376 2166 2458 hymnum
2229 2395 2364 2439 vero
2418 2377 2647 2440 dictum
2708 2374 3008 2439 ambobus
3067 2371 3523 2450 recedentibus,

1879 2466 2067 2529 sensit
2088 2465 2245 2548 quod
2271 2465 2496 2529 factum
2527 2465 2860 2546 fuerat,qui
2895 2464 3065 2547 prius
3094 2464 3290 2526 dictus
3321 2471 3414 2526 est
3438 2467 3527 2524 vir

1879 2554 2032 2636 pius,
2067 2567 2130 2618 et
2163 2556 2308 2619 dicit
2339 2555 2395 2619 ei
2430 2578 2444 2617 :
2478 2553 2849 2619 Universane
2903 2555 3023 2616 vita
3067 2563 3168 2617 tua
3194 2554 3277 2615 ita
3305 2559 3521 2633 agitur,

1878 2657 1942 2706 et
1972 2645 2233 2708 charitas
2257 2655 2378 2720 tua,
2415 2654 2477 2707 ut
2509 2663 2722 2708 carens
2762 2645 2982 2719 tunica,
3016 2643 3192 2706 nobis
3222 2662 3341 2707 non
3373 2661 3524 2705 con-

1878 2733 2064 2798 fidas?
2089 2735 2490 2809 Quamobrem
2525 2744 2806 2818 tanquam
2839 2733 3190 2808 subridens,
3225 2732 3373 2795 dicit
3397 2751 3525 2795 am-

1876 2823 2069 2887 bobus
2105 2843 2118 2885 :
2153 2824 2246 2889 Ab
2281 2844 2352 2888 eo
2381 2825 2482 2906 qui
2517 2826 2662 2888 mihi
2695 2825 3030 2906 saepissime
3055 2823 3224 2887 vobis
3256 2840 3524 2903 praesen-

1877 2913 2036 2976 tibus
2092 2913 2478 2993 impudenter
2537 2912 2784 2996 parabat
2829 2913 3103 2986 insidias,
3157 2912 3248 2974 vix
3279 2912 3521 2974 tandem

1877 3021 2008 3065 sum
2042 3002 2353 3068 liberatus.
2386 3004 2505 3066 Sed
2536 3021 2680 3082 rogo
2736 3021 2862 3079 vos,
2897 3011 2960 3065 ut
2990 3019 3196 3066 eamus
3223 3001 3296 3064 ad
3330 3001 3526 3063 domi-

1877 3111 2018 3156 num
2045 3091 2339 3156 Joannem
2392 3095 2778 3171 monachum,
2841 3093 2944 3176 qui
2974 3101 3065 3157 est
3097 3092 3156 3156 in
3185 3091 3400 3174 Clubo,
3433 3092 3522 3154 vi-

1811 3170 1854 3221 C
1878 3183 2002 3246 suri
2031 3181 2137 3246 Dei
2161 3184 2439 3262 gloriam.

1958 3271 2183 3336 V.Cum
2218 3275 2416 3356 itaque
2440 3273 2597 3337 inter
2628 3290 2734 3337 eos
2764 3272 3161 3348 convenisset,
3173 3281 3307 3353 post
3335 3290 3521 3334 unum

1878 3360 2040 3424 diem
2074 3362 2147 3425 ad
2182 3383 2318 3425 eum
2347 3363 2691 3444 veniunt,et
2721 3363 2927 3425 vident
2959 3381 3094 3425 eum
3127 3361 3228 3442 qui
3260 3360 3522 3424 tunicam

1877 3453 2439 3534 acceperat,adesse
2468 3454 2723 3516 tristem.
2746 3452 2961 3516 Finitis
2989 3461 3186 3514 autem
3214 3449 3520 3532 precibus,

1878 3541 2025 3604 dicit
2055 3541 2265 3606 beatus
2295 3547 2578 3619 Joannes,
2615 3553 2906 3624 tanquam
2940 3541 3157 3604 amicis
3187 3540 3311 3602 suis
3342 3548 3401 3602 et
3430 3540 3522 3602 fa-

1882 3632 2213 3695 miliaribus
2248 3655 2261 3693 :
2291 3633 2492 3707 Orate,
2527 3635 2881 3714 fratres,pro
2912 3633 3029 3696 hoc
3062 3630 3522 3694 mendico.Nam

1880 3739 2032 3802 quos
2061 3721 2320 3786 habebat
2346 3724 2491 3786 viles
2522 3743 2777 3806 pannos,
2815 3723 3061 3785 abstulit
3092 3721 3312 3804 aliquis
3342 3727 3523 3783 etau-

1880 3811 2048 3889 fugit.
2083 3812 2150 3874 B.
2185 3831 2325 3876 vero
2356 3815 2692 3877 Auxentius
2724 3813 2862 3876 laalo
2898 3813 3056 3875 vultu
3087 3813 3267 3893 coepit
3307 3809 3386 3886 ei,
3420 3809 3526 3892 qui

1881 3901 1941 3962 id
1975 3901 2199 3964 fecerat
2231 3903 2618 3967 benedicere.
2663 3903 2818 3965 Dicit
2870 3911 3066 3966 autem
3099 3903 3152 3964 ei
3182 3901 3274 3963 vir
3294 3901 3518 3981 justus,

1881 3990 2036 4054 sicut
2066 3991 2303 4054 Balaam
2355 3994 2531 4057 Balac
2564 3994 2594 4044 4
2625 4011 2638 4055 :
2672 3992 2831 4056 Jussi
2860 4001 2918 4056 te
2966 3991 3309 4071 exsecrari;
3367 3997 3426 4052 et
3463 3997 3524 4051 tu

1881 4082 1933 4142 ei
1969 4080 2323 4146 benedicis?
2352 4083 2752 4165 Respondeas
2799 4093 3000 4146 autem
3036 4082 3249 4145 beatus
3281 4085 3526 4144 Auxen-

1882 4168 2022 4248 tius,
2076 4171 2223 4234 dicit
2275 4174 2605 4238 mendico:
2661 4171 2870 4235 Redde
2931 4181 3065 4234 vota
3112 4179 3214 4235 tua
3241 4171 3524 4244 Domino,

152 4257 434 4325 Αςύξέντιος
469 4257 615 4338 λέγει
645 4267 724 4334 τῷ
767 4255 922 4326 δῆθεν
953 4267 1168 4340 πτωχῷ
1198 4280 1212 4295 ⁸
1247 4263 1352 4326 Τὰς
1385 4261 1550 4342 εὐχάς
1583 4285 1677 4319 σου
1707 4286 1764 4320 το

1961 4269 2092 4339 iter,
2124 4269 2275 4340 quot
2306 4261 2570 4327 habebas
2601 4261 2894 4326 indusia?
2945 4262 3055 4326 ille
3093 4279 3234 4323 vero
3265 4278 3526 4341 respon-

155 4349 374 4428 Κυρίου,
421 4346 637 4430 ἀδελφὲ,
691 4349 833 4405 πόσα
864 4349 1021 4428 εἶχες
1053 4351 1308 4431 στιχάρια
1345 4371 1362 4422 ς
1394 4352 1456 4409 Ὀ
1487 4350 1541 4408 δὲ
1571 4353 1760 4432 ἆπεκρί

1961 4368 2126 4413 :cum
2173 4353 2366 4414 fletu:
2421 4355 2689 4434 Septem,
2726 4361 2786 4414 et
2833 4351 2894 4415 id
2947 4351 3106 4434 quod
3167 4349 3317 4412 mihi
3365 4366 3525 4431 pra;-

151 4459 285 4494 νατο
316 4433 436 4514 μετ’
485 4437 712 4518 ὀδυρμοῦ
747 4457 762 4474 ’
810 4438 982 4496 Ἐπτὰ
1040 4442 1145 4496 τῶν
1174 4440 1350 4498 ποδῶν
1383 4464 1479 4499 σου
1510 4445 1598 4500 καὶ
1632 4440 1659 4498 ὅ
1704 4465 1764 4520 με

1964 4439 2082 4503 isti.
2117 4441 2274 4502 Dicit
2307 4442 2363 4504 ei
2391 4433 2602 4505 beatus
2636 4433 3016 4504 Auxentius:
3053 4440 3349 4514 Quoniam
3383 4457 3526 4518 ergo

150 4527 458 4608 παρέσχες.
504 4529 661 4608 Λέγει
715 4531 858 4604 αὐτῷ
903 4530 930 4585 6
967 4529 1228 4609 μακάριος
1265 4551 1276 4565 '
1320 4529 1470 4589 Ἐπεὶ
1515 4531 1604 4589 οὖν
1663 4534 1760 4590 ἐπε

1962 4547 2016 4589 m
2051 4539 2285 4611 septem
2317 4529 2602 4607 haberes,
2662 4549 2781 4594 non
2827 4529 2990 4592 fuisti
3043 4536 3384 4602 contentus,
3419 4528 3526 4590 sed

150 4617 307 4698 ἔχων
364 4620 457 4675 οὐκ
528 4618 814 4698 ἠρκέσθης,
878 4618 1017 4677 ἀλλὰ
1086 4621 1148 4676 τὸ
1190 4621 1436 4702 ὑπάρχον
1481 4644 1572 4697 μοι
1615 4622 1671 4677 ἓν
1712 4624 1764 4680 ‘er

1961 4638 2091 4694 um,
2155 4619 2313 4702 quod
2376 4619 2696 4701 habebam,
2751 4628 2976 4682 tantam
3009 4618 3158 4681 mihi
3189 4617 3525 4679 molestiam

149 4713 410 4765 τοσοῦτον
452 4708 874 4789 παρενοχλήσας
919 4708 1177 4790 εἴληφας,
1218 4710 1410 4767 παῦσαι
1441 4709 1796 4786 λυπούμενος.

151 4803 325 4856 Τοῦτο
379 4798 480 4878 γὰρ
534 4799 761 4856 κάκεῖνα
814 4797 1086 4878 διαδρασαι
1134 4801 1552 4879 παρεσκεύασεν.
1593 4797 1796 4866 Ἠπίως

151 4886 250 4945 οὖν
293 4890 382 4944 καὶ
432 4897 616 4947 τοῦτον
658 4885 930 4967 διελέγξας
995 4891 1280 4969 παράθεσιν
1330 4892 1467 4967 μετὰ
1514 4891 1621 4948 τῶν
1674 4913 1795 4951 συν-

150 4977 327 5034 όντων
359 4978 720 5054 κομισάμενος
749 4977 942 5055 ἀπῄει.

238 5056 342 5141 ς’.
392 5073 498 5140 Μιᾷ
541 5066 597 5124 δὲ
641 5074 750 5124 τῶν
800 5071 1018 5148 ἡμερῶν
1061 5069 1116 5128 ἐν
1160 5077 1236 5144 τῷ
1279 5070 1526 5144 παλατίῳ
1566 5071 1796 5151 προϊὼν,

152 5158 256 5235 ὁρᾷ
304 5177 425 5214 τινα
482 5158 844 5236 κρατούμενον
895 5160 998 5216 ὑπὸ
1041 5167 1381 5238 στρατιωτῶν
1411 5161 1505 5218 καί
1551 5182 1800 5240 σφετερι-

152 5247 406 5324 ζόμενον,
497 5245 925 5327 Προσευξάμενος
1012 5249 1101 5305 οὐν
1192 5249 1332 5330 λέγει
1389 5253 1626 5322 συνήθως
1663 5270 1678 5286 ·
1740 5250 1799 5308 Ὀ

153 5337 416 5418 ῥυόμενος
474 5340 698 5419 πτωχὸν
785 5339 846 5394 ἐκ
932 5341 1114 5419 χειρὸς
1189 5341 1554 5419 στερεωτέρων
1615 5340 1796 5414 αὐτοῦ,

156 5427 279 5484 ἐλθὲ
310 5430 398 5484 καὶ
428 5435 514 5484 νῦν
546 5429 678 5505 πρὸς
732 5428 1008 5506 βοήθειαν.
1046 5431 1143 5487 Καὶ
1171 5435 1336 5488 ταῦτα
1367 5430 1527 5488 εἰπὼν
1561 5430 1799 5508 μεσάσας

156 5517 411 5587 ἀνεθῆναι
441 5519 802 5600 παρεσκεύασε
837 5521 927 5576 τὸν
962 5516 1148 5599 ἄνδρα,

239 5650 467 5716 3Joan.
503 5668 568 5714 ιι.
654 5651 688 5702 4
712 5649 890 5715 Num.
923 5667 1088 5728 nm,
1126 5653 1222 5714 ti.
1307 5652 1340 5704 δ
1367 5648 1522 5715 Psal.
1556 5665 1676 5731 xiv,
1711 5653 1813 5727 10.

1882 4708 2199 4786 exhibens,
2232 4711 2540 4790 accepisti,
2601 4710 2716 4771 hoc
2767 4709 2964 4771 effecit
3013 4716 3078 4770 ut
3129 4707 3233 4768 illa
3285 4725 3526 4788 quoque

1881 4797 2174 4878 fugerent.
2209 4800 2354 4864 Cum
2384 4818 2520 4862 eum
2552 4816 2695 4878 ergo
2736 4798 2972 4881 placide
3001 4796 3432 4874 redarguisset,
3467 4803 3528 4857 et

1882 4908 2016 4951 cum
2047 4889 2119 4951 iis
2151 4892 2250 4970 qui
2284 4889 2464 4952 simul
2497 4897 2665 4953 erant
2704 4889 2998 4953 ferculum
3031 4886 3389 4968 accepisset,
3419 4902 3523 4948 re-

1883 4978 2086 5043 cessit.

1965 5067 2063 5132 Vl.
2098 5068 2363 5141 Quodam
2397 5087 2540 5132 vero
2571 5069 2670 5132 die
2696 5069 2756 5132 in
2789 5069 3008 5150 palatio
3037 5065 3397 5150 procedens,
3430 5065 3524 5127 vi—

1885 5159 1986 5222 det
2015 5159 2332 5240 quemdam
2367 5159 2561 5222 teneri
2619 5168 2680 5222 et
2732 5161 2892 5222 trahi
2920 5177 2956 5221 a
2985 5157 3300 5220 militibus.
3332 5155 3527 5220 Orans

1883 5257 2079 5312 autem
2112 5249 2257 5311 dicit
2285 5247 2360 5311 de
2393 5268 2560 5312 more
2594 5266 2609 5312 :
2671 5248 2782 5322 Qui
2846 5249 3068 5312 liberas
3120 5247 3460 5310 mendicum
3491 5265 3526 5308 a

1885 5358 2063 5402 manu
2095 5340 2250 5420 ejus,
2285 5341 2382 5420 qui
2439 5349 2577 5402 sunt
2633 5341 2762 5420 ipso
2817 5339 3122 5414 fortiores,
3178 5337 3316 5401 veni
3367 5355 3526 5400 nunc

1884 5449 2124 5512 quoque
2156 5430 2226 5492 ad
2288 5429 2550 5492 dandum
2583 5429 2871 5493 auxilium
2899 5431 2951 5493 5.
2985 5427 3129 5501 Quae
3158 5445 3293 5490 cum
3328 5425 3523 5494 dixis-

1885 5528 2000 5597 set,
2034 5518 2236 5583 etl‘ecit
2260 5527 2327 5582 ut
2353 5520 2404 5582 is
2429 5520 2823 5583 relaxaretur.
