3932 6140
425 168 576 242 1383

1688 175 1851 240 ΜΕΝ
1857 175 1967 238 SIS
2008 174 2514 241 FEBRUARIUS.

3661 183 3804 249 1334
3895 221 3900 284 γ

498 307 628 372 VII.
656 307 981 373 Transiens
1032 316 1230 372 autem
1291 328 1400 391 per
1455 309 1885 392 Battopolium,
1919 309 2038 371 vidi

2229 304 2308 374 Z'.
2359 313 2457 369 Διὰ
2509 312 2870 372 Βαττοπολιοῦ
2913 313 2968 370 δὲ
3017 317 3219 394 παριὼν
3264 316 3525 376 ἐθεάσατο
3558 317 3693 379 τοὺς
3712 321 3802 394 ἱρ-

416 399 706 482 quosdam
740 399 989 482 opiﬁces
1012 399 1307 461 deflentes
1339 406 1398 461 et
1428 398 1703 461 dicentes
1731 416 1743 459 :
1777 399 1962 464 Venit
1987 398 2060 460 ad

414 509 529 554 nos
577 499 814 571 tempus
870 508 990 572 quo
1040 488 1230 551 simus
1278 488 1480 565 otiosi,
1519 498 1579 552 et
1610 489 1760 551 nihil
1791 508 2059 571 agamus,

414 581 768 645 claudamus
800 588 1036 642 nostras
1063 578 1358 643 ofﬁcinas.
1393 577 1542 643 Cum
1571 598 1716 642 vero
1747 580 2056 661 audiisset,

414 679 474 734 et
505 689 713 734 eorum
740 679 899 732 esset
932 669 1219 732 misertus
1251 668 1476 732 Christi
1507 670 1681 731 miles
1703 670 2056 742 Auxentius,

414 760 514 823 die
547 759 820 841 sequenti
844 759 1165 821 divertitin
1192 777 1370 821 unam
1396 779 1464 820 ex
1495 758 1615 821 illis
1647 759 2062 840 olﬁcinis,mu-

412 859 533 914 tato
582 850 811 924 habitu,
875 859 940 910 ut
1002 849 1194 910 fertur
1249 848 1325 911 de
1383 847 1735 930 Serapione,
1772 858 1828 912 et
1861 850 2056 913 dicit:

413 940 602 1014 Quam
637 939 982 1002 mercedem
1016 939 1163 1001 mihi
1195 938 1439 1016 dabitis,
1477 947 1537 1000 et
1565 938 1734 1001 stabo
1767 939 1828 1000 in
1861 947 2059 1002 vestra

411 1030 701 1093 ofﬁcina?
753 1029 842 1092 Illi
894 1036 1093 1091 autem
1145 1027 1483 1091 dixerunt:
1542 1028 1894 1091 Ludiﬁcaris
1927 1049 2056 1106 nos,

405 1119 670 1199 juvenis.
703 1118 1019 1192 Quomodo
1068 1117 1181 1179 tibi
1217 1116 1491 1179 dabimus
1518 1117 1886 1194 mercedem,
1921 1137 2056 1180 cum

409 1210 600 1272 simus
631 1227 925 1290 pauperes
947 1216 975 1272 ’ἰ
1003 1207 1406 1289 Respondens
1436 1208 1754 1290 vero,dixit
1789 1209 1897 1270 eis:
1936 1211 2056 1272 La-

409 1298 641 1362 borabo
671 1299 1005 1376 vobiscum,
1034 1298 1343 1378 accipiens
1369 1298 1638 1378 quotidie
1669 1308 1788 1359 tres
1819 1297 2052 1360 obolos.

407 1389 503 1452 Illi
539 1397 738 1453 autem
777 1389 891 1452 laeti
927 1406 1063 1450 eum
1098 1395 1486 1468 acceperunt.
1527 1386 1635 1460 Qui
1671 1407 1810 1451 cum
1844 1388 2058 1451 fuisset

409 1479 538 1544 illic
569 1489 690 1542 tres
721 1478 874 1554 dies,
909 1478 1083 1540 valde
1113 1478 1304 1539 crevit
1335 1487 1394 1539 et
1425 1478 1630 1539 ﬂoruit
1659 1477 1764 1540 illa
1789 1478 2049 1542 ofﬁcina.

411 1569 694 1652 Acceptis
725 1568 930 1646 itaque
959 1587 1171 1630 novem
1207 1567 1426 1646 obolis,
1462 1569 1712 1630 recessit
1740 1567 1812 1630 ab
1843 1567 2053 1630 illis.Is

2147 406 2542 483 γάστηριακοὸς
2595 405 3020 486 ἀποδυρομένους
3071 411 3156 466 καὶ
3213 409 3476 488 λέγοντας
3516 427 3530 440 ·
3605 413 3802 488 Kmpr

2146 495 2282 570 ἡμϊθ
2327 494 2550 575 ἔφθασεν
2607 495 2917 576 ἀπραγίαςο
2965 497 3263 576 κλείσωμεν
3339 500 3404 558 τὰ
3465 499 3805 580 ἐργαστήρια

2145 584 2324 659 ἡμῶν.
2381 584 2645 650 Ἀκούσας
2703 584 2758 642 δὲ
2812 587 2899 645 καὶ
2956 591 3311 664 συμπαθήσας
3385 591 3581 653 αὐτοῖς
3633 591 3664 645 ὁ
3714 588 3804 646 τοῦ

2146 680 2377 751 Χριστοῦ
2421 677 2779 751 στρατιώτης,
2809 677 3065 736 κατέλυσε
3117 703 3186 756 τῃ
3229 679 3353 748 ὲξης
3405 683 3466 736 ἐν
3514 681 3597 754 τῷ
3643 680 3799 757 ἔργα·

2143 765 2343 842 στηρίῳ
2386 763 2596 844 ἐκείνῳ,
2657 765 2886 832 ἀλλάξας
2943 771 3004 824 τὸ
3059 773 3252 849 σχῆμα
3297 770 3465 827 αὐτοῦ
3511 770 3659 827 κατᾶ
3718 773 3797 824 τὶν

2141 852 2254 927 βίον
2312 854 2660 935 Σεραπίονος,
2721 857 2810 913 καὶ
2853 855 2998 936 λέγει
3059 863 3244 924 αὐτοῖς
3279 875 3296 890 ⁶
3357 862 3420 918 Τί
3467 882 3564 935 μοι
3642 857 3799 917 δίδοτε

2141 945 2352 1018 μισθὸν,
2402 945 2488 1000 καὶ
2531 943 2756 1018 ἵσταμαι
2832 945 2887 1002 ἐν
2943 948 3021 1023 τῷ
3072 948 3409 1030 ἐργαστηρίῳ
3460 951 3683 1024 ἧμῶνς
3747 950 3800 1007 ΟΞ

2143 1029 2196 1086 δὲ
2256 1036 2412 1090 εἷπον
2449 1051 2463 1064 ⁶
2529 1036 2889 1106 Καταπαίζεις
2951 1038 3130 1114 ἡμῶν,
3196 1039 3449 1118 νεώτερε.
3514 1040 3696 1095 Πόθεν
3726 1062 3795 1095 σοι

2141 1119 2381 1195 δώσομεν
2469 1124 2678 1198 μισθὸν,
2755 1124 2944 1204 ἄποροι
3017 1124 3212 1208 ὄντες,
3297 1131 3399 1186 Καὶ
3479 1129 3793 1206 estcap-.023;

2141 1213 2294 1266 εἶπεν
2341 1214 2524 1276 αὐτοῖς
2563 1227 2577 1241 ⁸
2617 1213 2814 1287 Κάμνω
2857 1214 2950 1270 σὺν
2993 1218 3121 1291 ὑμῖν
3164 1215 3456 1293 λαμϐάνων
3495 1218 3631 1274 καθ’
3664 1217 3796 1293 ἦμέ-

2139 1322 2232 1376 ραν
2284 1298 2499 1379 φόλλεις
2546 1315 2693 1381 τρεῖς
2729 1321 2748 1338 ⁸
2796 1305 2842 1360 οἱ
2900 1301 2957 1359 δὲ
3016 1306 3275 1385 χαρέντες
3308 1307 3566 1374 ἐδέξαντο
3617 1310 3798 1382 chris,

2137 1390 2222 1445 καὶ
2307 1391 2543 1461 ποιήσας
2628 1391 2747 1449 ἐκεῖ
2822 1406 2970 1470 τρεῖς
3028 1395 3234 1475 ἡμέρας
3308 1397 3666 1475 ὑπερηύξατο
3719 1400 3802 1454 καὶ

2138 1479 2387 1536 ἆνέθαλεν
2443 1483 2504 1537 τὸ
2581 1481 2931 1562 ἐργαστήριον
3009 1485 3209 1547 ἐκεῖνο.
3278 1486 3474 1544 Λαϐὼν
3524 1489 3622 1545 οὖν
3684 1489 3804 1550 τοὺς

2136 1568 2286 1625 ἐννέα
2319 1569 2554 1650 φὸλλεις,
2619 1571 2834 1639 ἐξῆλθεν
2879 1573 2973 1631 ἀπ’
3032 1575 3228 1656 αὐτῶν,
3286 1578 3375 1633 καὶ
3412 1576 3628 1634 ἔδωκεν
3677 1579 3808 1635 αὐτὰ

408 1667 606 1724 autem
659 1677 727 1721 ea
759 1659 927 1722 dedit
974 1657 1359 1740 pauperibus.
1416 1658 1630 1721 Dolore
1675 1676 1816 1720 vero
1851 1659 2039 1721 affecti

2204 1673 2412 1739 mxo‘tc.
2451 1658 2828 1732 Ἐλυπήθησαν
2879 1665 2926 1721 οἱ
2969 1675 3061 1724 τοῦ
3119 1665 3476 1746 ἐργαστηρίου
3538 1667 3808 1733 ἐξελθόν-

407 1757 548 1813 sunt
576 1749 824 1831 opiﬁces
855 1748 1015 1810 illius
1046 1747 1576 1828 ofﬁcinae,egresso
1599 1748 2046 1810 admirabilium

407 1840 697 1903 elfectore
749 1839 1072 1902 Auxentio.
1134 1836 1284 1900 Tres
1341 1839 1503 1900 enim
1557 1839 1710 1914 dies,
1744 1857 1892 1918 quos
1923 1839 2048 1901 illic

407 1929 552 2010 egit,
571 1948 690 1992 non
722 1930 973 2008 gustavit
1004 1946 1201 2009 neque
1235 1946 1447 2009 panem
1477 1946 1672 2009 neque
1703 1930 2049 2004 vinum,nec

402 2018 626 2103 aliquid
650 2015 812 2080 aliud
851 2036 864 2082 :
904 2017 1053 2080 adeo
1085 2025 1152 2079 ut
1183 2019 1685 2095 mirarentur,qui
1708 2018 1830 2080 illic
1853 2027 2043 2094 erant,

405 2116 468 2171 et
496 2107 770 2169 dicerent
797 2107 852 2168 ei
885 2125 898 2167 :
939 2105 1057 2168 Cur
1085 2125 1207 2168 non
1238 2107 1511 2170 comedis
1545 2116 1603 2168 et
1635 2106 1792 2168 bibis
1844 2108 2051 2170 nobis-

408 2216 543 2261 cum
571 2195 676 2259 Z’Is
705 2214 844 2260 vero
877 2195 1120 2258 dicebat
1148 2196 1236 2258 eis
1271 2217 1285 2260 :
1325 2195 1489 2258 «Non
1526 2197 1587 2258 in
1621 2199 1746 2260 solo
1780 2217 1934 2278 pane
1956 2199 2047 2260 vi-

405 2288 486 2349 vit
515 2287 724 2364 bomo,
762 2285 866 2348 sed
899 2290 960 2346 in
984 2284 1148 2346 omni
1181 2284 1388 2360 verbo,
1422 2285 1581 2367 quod
1615 2289 1915 2365 egreditur
1943 2307 2049 2370 per

403 2395 471 2440 os
498 2375 604 2438 Dei
635 2374 689 2441 6.
732 2400 755 2436 ι
789 2374 882 2438 ΙΙΙὶ
921 2390 1066 2436 vero
1119 2374 1441 2450 siluerunt,
1479 2395 1596 2438 non
1633 2378 1756 2439 ausi
1791 2379 2048 2458 amplius

401 2466 457 2529 ei
488 2483 622 2530 esse
655 2465 913 2540 molesti,
950 2464 1373 2526 renuntiarunt
1411 2475 1610 2528 autem
1665 2485 1904 2528 omnem
1941 2486 2045 2530 co-

403 2557 562 2637 piam
596 2567 656 2619 et
685 2554 1168 2635 prosperitatem,
1205 2573 1337 2636 qua;
1365 2555 1514 2618 facta
1570 2565 1660 2617 est
1693 2575 1800 2636 per
1834 2576 2046 2638 preces

403 2647 539 2728 ejus
563 2645 627 2707 in
651 2645 892 2708 ofﬁcina
919 2662 1048 2725 sua,
1082 2643 1268 2706 Deum
1301 2644 1732 2724 gloriﬁcantes.

480 2733 631 2797 VIII.
661 2736 893 2800 Rursus
920 2752 1060 2796 vero
1087 2734 1313 2815 aliquot
1347 2742 1480 2815 post
1511 2733 1750 2812 diebus,
1780 2738 2046 2799 venienti

400 2826 512 2905 ipsi
545 2824 608 2888 in
640 2824 918 2906 palatium
981 2824 1241 2886 occurrit
1301 2824 1573 2902 quiedam
1637 2825 1855 2887 mulier
1887 2845 2042 2906 pra:-

399 2931 613 2994 gnans,
649 2913 840 2994 passis
869 2912 1162 2994 crinibus,
1197 2911 1462 2974 clamans
1493 2931 1505 2973 :
1543 2911 1589 2976 Ο
1647 2914 1756 2990 vis,
1793 2934 1926 2995 quae
1955 2918 2042 2977 af—

397 2993 592 3068 fertur
625 2993 700 3066 ab
751 3002 1076 3078 Auxentio,
1134 2993 1239 3084 qui
1286 3003 1548 3065 comedit
1580 2993 1896 3066 daemon—ia.
1935 2993 2101 3066 Vi-C

406 3093 556 3176 ginti
583 3112 772 3157 annos
796 3092 938 3156 latui
974 3093 1032 3154 in
1063 3093 1178 3155 hac
1216 3100 1512 3168 creatura,
1550 3101 1607 3154 et
1656 3093 1786 3173 ejus
1819 3096 2042 3157 transi-

405 3194 503 3248 tus
536 3202 632 3248 me
658 3183 907 3246 abduxit
935 3183 1008 3245 ab
1041 3182 1219 3262 hujus
1253 3181 1572 3262 unguibus.
1608 3181 1708 3246 Sic
1741 3184 1900 3245 enim
1937 3204 2044 3266 per

397 3291 498 3338 me
529 3272 767 3338 transiit
804 3281 1082 3354 tanquam
1117 3271 1304 3346 ensis,
1338 3280 1394 3334 et
1451 3291 1548 3334 me
1581 3271 1899 3354 discerpsit
1938 3294 1950 3337 :
1985 3285 2041 3338 et

401 3382 544 3428 ecce
574 3380 822 3447 separor
849 3361 922 3424 ab
953 3363 1063 3424 hac
1094 3370 1370 3424 creatura
1400 3369 1538 3442 post
1568 3361 1826 3443 spatium
1858 3365 2042 3444 vigin-

397 3455 442 3517 ti
473 3472 790 3518 annorum.
824 3451 992 3534 Equo
1026 3461 1224 3515 autem
1278 3471 1385 3513 suo
1419 3451 1678 3513 subditis
1707 3451 2042 3516 calcaribus

398 3544 615 3608 Christi
679 3562 885 3608 servus
927 3542 1277 3618 Auxentius,
1341 3560 1419 3604 ne
1447 3550 1913 3621 cognosceretur
1965 3543 2038 3606 ab

397 3633 767 3710 hominibus,
799 3632 1118 3696 festinabat
1149 3632 1428 3706 transire,
1461 3632 1666 3694 celans
1699 3651 1829 3713 quae
1859 3634 1920 3693 in
1975 3652 2040 3696 se

397 3731 548 3799 erat,
581 3724 856 3804 gratiam.
914 3722 1267 3785 lmmundus
1309 3728 1509 3782 autem
1543 3720 1788 3801 spiritus
1827 3740 2040 3804 seque-

395 3813 574 3876 batur
603 3830 767 3893 eum,
799 3811 1010 3874 dicens
1043 3828 1056 3870 :
1096 3811 1250 3885 Quid
1316 3829 1411 3872 me
1468 3812 1654 3871 trahis
1676 3809 1707 3869 ?
1737 3813 2035 3889 egredior.

395 3903 782 3982 Congregataa
840 3919 980 3963 vero
1033 3910 1172 3962 sunt
1226 3899 1386 3963 circa
1421 3918 1554 3962 eum
1593 3901 1792 3962 multae
1825 3901 2034 3978 turbae,

395 3993 547 4056 adeo
581 4000 642 4054 ut
671 3992 982 4072 suspirans
1013 3999 1071 4052 et
1117 3991 1269 4052 ﬂens
1323 3989 1531 4052 beatus
1561 3991 1835 4066 oraverit,
1871 3999 1938 4052 ut
1968 4011 2038 4055 ea

393 4089 726 4146 curaretur.
759 4079 884 4144 Hoc
909 4089 1104 4142 autem
1139 4079 1318 4157 facto,
1350 4088 1408 4141 et
1441 4099 1509 4141 ea
1543 4080 1740 4142 statim
1776 4081 2034 4142 munda-

393 4181 473 4249 ta,
526 4171 715 4234 illaesa
774 4170 920 4233 fretu
975 4175 1134 4248 (erat
1193 4169 1356 4231 enim
1389 4169 2038 4250 gravida),stupebant

2131 1771 2221 1812 τος
2267 1760 2358 1810 τοῦ
2409 1753 2828 1832 θαυματουργοῦ,
2903 1755 3008 1819 Τὰς
3081 1756 3180 1835 γὰρ
3234 1771 3383 1835 τρεῖς
3437 1757 3676 1836 ἡμέρας
3747 1756 3809 1820 ἔς

2133 1839 2383 1908 ἐποίησεν
2442 1841 2582 1922 ἐκεῖ,
2645 1843 2739 1900 οὒκ
2769 1841 3083 1925 ἐνοσφίσατο
3115 1845 3233 1904 οὔτε
3264 1846 3428 1927 ἄρτου
3463 1846 3597 1905 οὔτε
3651 1845 3808 1904 οἴνου

2135 1927 2254 1985 οὔτε
2307 1929 2474 1987 ἄλλου
2533 1933 2706 2012 τινὸς,
2753 1932 2892 1989 ὥστε
2934 1936 3217 2011 θαυμάζειν
3281 1937 3404 2001 τοὺς
3460 1936 3664 1994 ἐκεῖσε
3730 1937 3810 1993 ιταὲ

2133 2018 2312 2098 λέγειν
2373 2021 2514 2095 αὒτῷ
2549 2038 2562 2054 ⁶
2613 2023 2712 2081 Διὰ
2777 2022 2830 2078 τί
2879 2023 2974 2080 οὒκ
3034 2025 3220 2088 ἐσθίεις
3286 2028 3378 2084 σὺν
3437 2029 3592 2103 ἡμῖν
3642 2045 3660 2103 ;
3728 2027 3810 2083 καὶ

2131 2110 2289 2165 εἶπεν
2319 2110 2502 2173 αὖτοϊς
2539 2125 2551 2139 ⁸
2621 2133 2648 2166 α
2678 2111 3002 2191 Γέγραπται,
3040 2116 3146 2173 Οὐκ
3198 2115 3283 2172 ἐπ’
3316 2117 3461 2194 ἄρτῳ
3495 2117 3668 2191 μόνῳ
3701 2119 3806 2187 ζή-

2131 2221 2280 2255 σεται
2341 2195 2638 2277 ἅνθρωπος,
2696 2200 2818 2258 ἀλλ’
2880 2203 2964 2260 ἐπὶ
3018 2207 3172 2261 παντὶ
3225 2207 3428 2284 ῥήματι
3478 2206 3805 2285 ἐκπορευοο

2131 2288 2276 2366 μένῳ
2320 2285 2402 2344 διὰ
2435 2289 2702 2364 στόματος
2736 2299 2889 2352 Θεοῦ.
2928 2316 2955 2348 ιι
3006 2296 3066 2352 Οἱ
3097 2293 3152 2350 δὲ
3201 2296 3525 2364 ἐσιώπησαν
3592 2298 3804 2374 μηκέτι

2129 2378 2500 2454 τολμήσαντες
2559 2379 2798 2460 ὂχλῆσαι
2858 2383 3002 2457 αὒτῷ
3037 2401 3050 2415 ·
3099 2385 3437 2464 ἀπήγγειλαν
3499 2385 3560 2442 δὲ
3631 2394 3802 2444 πᾶσιν

2128 2470 2226 2536 τὴν
2274 2469 2523 2547 εὐπορίαν
2583 2491 2641 2526 τε
2699 2474 2787 2528 καὶ
2833 2472 3129 2530 εύσθένειαν
3191 2477 3286 2543 τὴν
3338 2475 3663 2556 γενομὲνην
3715 2474 3799 2531 διὰ

2127 2560 2233 2616 τῶν
2291 2560 2467 2638 εὐχῶν
2521 2563 2678 2619 αὐτοῦ
2739 2561 2792 2616 ἐν
2844 2562 3175 2640 ἐργαστηρίῳ
3251 2566 3396 2641 αὐτῷ
3453 2564 3794 2631 δοξάσαι-ντες

2128 2649 2220 2704 τὸν
2265 2649 2418 2710 Θεόν,

2211 2736 2304 2796 Η¹.
2355 2737 2518 2796 Πάλιν
2578 2738 2631 2796 δὲ
2681 2740 2796 2815 μεθ’
2858 2744 3060 2823 ἡμέρας
3091 2745 3244 2810 τινὰς
3274 2743 3586 2826 ἐρχομένω
3629 2750 3790 2804 uinci

2128 2827 2182 2884 ἐν
2227 2835 2305 2902 τῷ
2348 2827 2613 2905 παλάτίῳ,
2647 2830 2943 2889 ὓπαντᾶται
2996 2835 3137 2908 αὖτῷ
3184 2835 3310 2913 γυνῆ
3367 2834 3565 2912 ἔγκυος
3635 2841 3786 2915 οὖσα,

2127 2915 2462 2996 λυσίτριχος,
2523 2920 2784 2998 κράζουσα
2819 2941 2833 2958 ο
2913 2915 2977 2976 Ὠ
3042 2923 3128 2997 βία
3194 2923 3301 2980 ἀπὸ
3346 2923 3645 2990 Αὖξεντὶου
3703 2934 3788 2981 ττι-3

2126 3005 2544 3088 δαιμονιοφάγου
2581 3025 2593 3039 ⁸
2652 3009 2829 3068 εἴκοσι
2876 3010 2970 3078 ἕτη
3023 3011 3138 3092 ἔχω
3187 3014 3562 3089 κρυπτόμενος
3630 3016 3690 3071 ἐν
3726 3021 3785 3090 τῇ

2124 3095 2317 3153 πλάσει
2365 3099 2553 3175 ταύτῃ,
2615 3099 2703 3154 καὶ
2736 3101 2771 3167 ἡ
2804 3099 3030 3178 πάροδος
3067 3103 3226 3162 αὐτοῦ
3255 3103 3536 3182 ἀνήγαγεν
3567 3127 3649 3179 με
3897 3131 3899 3140 ε

2124 3193 2230 3243 τῶν
2263 3186 2482 3267 ὀνύχων
2514 3187 2680 3255 αὐτῆς
2717 3208 2732 3223 ⁸
2796 3189 2960 3256 οὕτως
3007 3191 3108 3270 γὰρ
3143 3191 3321 3261 διῆλθε
3356 3190 3426 3248 δι’
3456 3193 3618 3270 ἐμοῦ,
3671 3193 3783 3251 ὥσ-

2126 3298 2224 3356 περ
2269 3275 2413 3357 ξίφος
2471 3279 2558 3334 καὶ
2608 3275 2950 3358 διεσπὰραξέν
3027 3303 3119 3362 με,
3165 3284 3252 3338 καὶ
3297 3280 3408 3338 ἰδοὺ
3464 3285 3780 3362 χωρίζομαι

2126 3366 2232 3422 ὄιπό
2276 3366 2374 3435 τῆς
2441 3366 2690 3433 πλάσεως
2748 3371 2947 3437 ταύτης
2999 3368 3083 3426 διὰ
3112 3371 3322 3429 εἴκοσιν
3353 3371 3514 3434 ἐτῶν.
3551 3375 3781 3452 Πτερνί-

2124 3479 2222 3521 σας
2282 3455 2335 3512 δὲ
2392 3457 2484 3512 τὸν
2541 3456 2714 3515 ’ίππον
2778 3459 2936 3516 αὐτοῦ
2985 3463 3012 3516 ὁ
3076 3458 3349 3539 ἄνθρωπος
3395 3471 3490 3522 τοῦ
3543 3463 3783 3540 Χριστοῦ

2126 3548 2256 3624 πρὸς
2302 3547 2363 3602 τὸ
2415 3547 2491 3620 μὴ
2546 3551 2846 3624 γνωσθῆναι
2905 3550 3007 3606 ὑπὸ
3039 3557 3143 3606 τῶν
3199 3551 3517 3630 ἀνθρώπων,
3566 3551 3773 3608 ἔσπευ-

2125 3633 2209 3692 δεν
2270 3634 2556 3713 παρελθεῖν
2619 3637 2867 3715 κρύπτων
2911 3640 3010 3707 τὴν
3061 3640 3114 3695 ἐν
3169 3645 3313 3715 αὒτῷ
3357 3642 3520 3720 χάριν
3557 3662 3570 3675 ·
3621 3644 3687 3698 τὸ
3718 3642 3770 3697 εἰ

2122 3725 2420 3803 ἆκαθαρτον
2479 3736 2686 3801 πνεῦμα
2747 3727 2941 3807 σχεδὸν
3000 3728 3275 3796 ἠκολούθει
3349 3732 3491 3804 αὒτῷ
3536 3729 3720 3810 λέγων
3753 3751 3767 3765 ο

2124 3816 2184 3872 Τί
2212 3836 2279 3890 με
2312 3813 2485 3880 ἕλκεις
2521 3835 2535 3896 ;
2601 3815 2914 3898 ἐξέρχομαι,
2977 3821 3336 3899 Συνήχθησαν
3366 3818 3421 3875 δὲ
3455 3821 3576 3900 περὶ
3612 3825 3770 3881 αὐτὸν

2123 3902 2280 3983 ὄχλοι
2332 3903 2543 3978 πολλοὶ,
2595 3907 2667 3968 ὡς
2719 3906 3040 3973 στενάξαντα
3097 3911 3188 3965 τὸν
3251 3910 3513 3988 μακάριον
3545 3911 3637 3967 καὶ
3669 3911 3769 3968 δα·

2123 3995 2385 4070 κρύσαντα
2436 3994 2675 4058 εὔξασθαι
2737 3999 2830 4051 τοῦ
2884 3997 3091 4066 ἰαθῆναι
3164 4000 3350 4070 αὖττίν,
3425 4001 3631 4058 Τούτου
3683 4003 3775 4059 οὖν

2122 4084 2411 4160 γενομένου
2468 4086 2557 4140 καὶ
2632 4089 2970 4166 παραχρῆμα
3015 4090 3422 4168 καθαρισθείσης
3451 4091 3649 4165 αὐτῆς,
3700 4093 3777 4168 μὴ

2122 4172 2466 4240 ἀδικηθέντος
2497 4180 2589 4230 τοῦ
2633 4175 2855 4253 βρέφους
2915 4176 3193 4255 (ἐγκύμων
3249 4182 3347 4258 γὰρ
3375 4179 3470 4255 ἦν)
3501 4179 3776 4246 ἐξίσταντο

392 4281 603 4324 omnes
634 4269 696 4324 et
747 4259 1222 4335 admirabantur,
1276 4259 1465 4322 Deum
1498 4259 1904 4340 gloriﬁcantes
1935 4262 2036 4342 qui

2204 4285 2341 4343 ντες,
2389 4266 2482 4320 καὶ
2558 4264 2874 4342 ἐθαύμαζον,
2934 4265 3237 4338 δοξάζοντες
3301 4272 3396 4326 τὸν
3454 4273 3614 4345 Θεὸν,
3683 4275 3774 4327 τὸν

390 4351 573 4415 talem
609 4357 958 4431 potestatem
1002 4348 1169 4413 dedit
1219 4351 1404 4412 servis
1439 4351 1565 4413 suis
1595 4349 1884 4413 adversus
1917 4353 2032 4413 im-

394 4440 651 4504 mundos
684 4439 952 4520 spiritus.

2118 4354 2370 4420 τοιαύτην
2437 4352 2670 4418 ἐξουσίαν
2737 4356 2873 4412 κατὰ
2943 4358 3252 4436 ἀκαθάρτων
3302 4360 3624 4436 πνευμάτων
3688 4361 3768 4418 δι-

2122 4444 2281 4502 δόντα
2311 4457 2432 4509 τοτς
2465 4440 2672 4508 δούλοις
2705 4446 2886 4508 αὖτοῦ.

1892 4606 2133 4674 CAPUT
2174 4610 2251 4675 ΙΙ.

627 4723 954 4788 Habitatio
985 4724 1051 4789 S.
1087 4725 1586 4803 Aumentiijuxta
1621 4724 1848 4790 Oxiam
1879 4737 2144 4797 montem
2178 4755 2198 4796 :
2228 4750 2386 4798 σασα
2418 4733 2793 4811 illuminata,
2828 4738 3223 4816 energumem'
3250 4735 3514 4802 liberati.

468 4862 568 4927 IX.
603 4865 926 4944 Postquam
963 4870 1158 4924 autem
1185 4861 1312 4923 haec
1336 4861 1486 4923 facta
1511 4870 1802 4938 sunt,non
1828 4863 2033 4926 volens

388 4953 610 5016 Christi
635 4952 808 5014 miles
833 4955 1172 5014 Auxentius
1197 4951 1426 5012 laudari
1452 4950 1524 5012 ab
1551 4951 2031 5027 hominibus,sed

390 5043 680 5105 encomiis
706 5041 1002 5104 celebrari
1025 5042 1099 5102 ab
1124 5041 1595 5121 angelis,spiritu
1622 5043 2030 5122 praevidensiu

389 5132 767 5193 sanctissima
780 5130 1053 5192 Ecclesia
1075 5131 1435 5192 nascituram
1463 5132 1593 5192 vani
1609 5131 1900 5210 dogmatis
1917 5133 2032 5195 haz-

389 5222 570 5282 resim
584 5219 1228 5300 ,Nestorii,inquam,et
1249 5219 1774 5299 Eutychis,relicta
1791 5231 2032 5285 terrena

391 5310 597 5370 militia
623 5318 680 5371 et
701 5310 836 5370 aula
859 5309 1406 5387 imperatoris,cum
1443 5327 1656 5389 magno
1687 5311 1904 5389 gaudio
1930 5333 2029 5393 pe-

388 5397 541 5474 regit
569 5397 628 5459 id
660 5399 820 5478 quod
854 5397 997 5460 olim
1030 5397 1440 5462 desiderabat.
1469 5400 1618 5462 Nam
1646 5399 1720 5462 ab
1752 5401 2030 5465 omnibus

465 5513 497 5561 ϐ
527 5512 723 5574 Matth.
760 5530 840 5588 tv,
876 5516 935 5574 4.

2198 4869 2260 4925 Θ¹
2313 4870 2459 4926 Μετὰ
2499 4869 2555 4926 δὲ
2598 4872 2658 4926 τὸ
2701 4869 2944 4948 γενέσθαι
2994 4874 3174 4946 ταῦτο,
3228 4873 3306 4948 μὴ
3351 4873 3682 4950 βουλόμενος
3732 4877 3758 4932 ὃ

2120 4965 2209 5014 τοῦ
2268 4966 2496 5037 Χριστοῦ
2541 4963 2872 5038 στρατιώτης
2927 4961 3068 5031 παρὰ
3120 4968 3226 5017 τῶν
3276 4963 3576 5040 ἀνθρώπων
3607 4967 3755 5023 ἐπαὶ-

2116 5051 2316 5126 ρεσθαι,
2412 5047 2548 5105 ἀλλὰ
2607 5050 2748 5127 παρὰ
2820 5055 2926 5105 τῶν
3012 5049 3254 5129 ἇγγέλων
3311 5051 3750 5137 ἐγκωμιαζεσθαι,

2115 5145 2358 5212 προορῶν
2408 5159 2464 5194 τε
2499 5143 2575 5211 τῷ
2617 5138 2876 5213 πνεύματι
2917 5139 3016 5206 τὴν
3075 5140 3377 5216 μέλλουσαν
3431 5145 3657 5224 φύεσθαι
3705 5151 3754 5202 ἓν

2115 5231 2183 5302 τῇ
2243 5226 2520 5304 ἁγιωτάτῃ
2567 5226 2864 5300 Ἐκκλησία
2921 5237 3109 5287 καινοῦ
3158 5228 3430 5308 δόγματος
3490 5237 3752 5315 αἰρεσιαρ-

2115 5317 2266 5396 χίαν,
2313 5315 2458 5394 λέγω
2501 5315 2566 5384 δὴ
2634 5321 2916 5388 Νεστορίου
2961 5323 3050 5374 καὶ
3102 5322 3750 5402 Εὗτυχοῦςηκαταλιπὼν

2112 5407 2208 5476 τὴν
2259 5405 2495 5484 ἐπίγειον
2548 5409 2828 5486 στρατείαν
2877 5411 2964 5466 καὶ
2993 5410 3089 5475 τὰς
3121 5411 3407 5488 βασιλικὰς
3444 5415 3632 5495 αὒλὰς,
3669 5419 3747 5474 τὶν
