3932 6140
448 258 601 341 1387
694 287 709 296 ‘

447 503 768 580 mei,serve
788 500 896 563 Dei
918 496 1269 571 Auxenti,et
1298 512 1442 558 sana
1465 510 1633 557 meos
1662 492 1893 554 oculos.
1929 494 2082 553 Bea—

443 602 539 655 tus
561 601 762 655 autem
788 586 1183 669 praesentibus
1205 584 1281 646 iis
1302 584 1406 665 qui
1435 591 1859 649 convenerant,
1886 580 2036 643 dixit
2064 598 2079 642 :

441 680 566 761 Ego
587 681 830 761 quidem
853 694 984 739 sum
1011 676 1192 738 homo
1212 671 1794 755 peccator.etiisdem
1820 670 2083 761 aﬂ'ectio-

442 760 873 850 nibus,quibus
906 765 1433 842 vos,obnoxius.Si
1462 782 1603 825 vero
1635 763 1904 836 creditis,
1922 760 2082 840 quod

443 859 547 942 qui
578 874 715 922 eum
750 857 851 938 qui
884 863 1015 918 erat
1071 854 1146 916 ab
1204 862 1336 917 ortu
1396 871 1613 926 caecus,
1649 852 1895 926 curavit,
1930 851 2083 942 hanc

442 940 686 1030 quoque
710 954 1025 1024 rogantem
1078 962 1197 1006 non
1230 944 1510 1024 despicit,
1542 943 1783 1007 sincere
1815 959 1921 1022 pro
1953 940 2085 1021 ejus

442 1039 633 1101 salute
691 1035 1269 1116 deprecemur.Cnm
1317 1047 1517 1096 autem
1545 1051 1755 1095 omnes
1784 1039 2079 1106 orassent,

441 1138 684 1191 sanctus
707 1137 962 1204 tangens
986 1128 1119 1204 ejus
1143 1124 1374 1198 oculos,
1398 1123 1547 1186 dixit
1580 1141 1593 1182 :
1621 1122 1801 1185 Sanat
1826 1130 1886 1183 te
1909 1121 2083 1183 Jesus

442 1216 718 1281 Christus
752 1217 848 1277 lux
885 1213 1328 1296 vera.Cumque
1354 1231 1427 1275 ea
1464 1214 1657 1274 statim
1690 1212 2075 1289 respexisset,

441 1314 505 1368 et
531 1304 897 1387 pauperibus
926 1304 1029 1385 qui
1061 1307 1120 1366 in
1149 1321 1224 1367 eo
1273 1304 1408 1366 loco
1452 1302 1795 1365 assidebam
1826 1301 2083 1382 plurima

440 1403 770 1475 erogasset,
800 1412 932 1457 eam
963 1394 1190 1456 dimisit
1211 1401 1454 1455 sanctus
1475 1393 1773 1455 laetantem
1799 1400 1861 1453 et
1885 1392 2076 1453 Deum

438 1485 899 1566 gloriﬁcantem.
933 1485 1062 1547 Hoc
1116 1482 1229 1544 fuit
1261 1481 1621 1563 principium
1653 1480 2074 1543 miraculorum

440 1575 577 1655 ejus
603 1573 667 1635 in
698 1581 902 1635 monte
932 1570 1131 1635 Oxem.

522 1661 683 1728 XIII.
716 1662 935 1725 Eorum
961 1670 1163 1723 autem
1188 1660 1290 1742 qui
1318 1659 1392 1722 ab
1421 1657 1748 1721 immundis
1779 1657 2076 1721 vexaban-

1711 254 1994 329 MENSIS
2032 262 2539 330 FEBRUARIUS.

444 419 688 477 caecata.
711 408 1042 473 Procidens
1068 406 1144 469 ad
1170 406 1303 486 ejus
1334 404 1543 485 pedes,
1580 401 1727 465 dixit
1758 422 1772 462 :
1798 401 2074 465 Miserere

2242 397 2446 477 ρνιδίωσ
2476 396 2818 478 τυφλωθεῖσα
2845 415 2859 428 ·
2911 401 2999 455 καὶ
3044 406 3283 456 πεσοῦσα
3345 397 3535 476 ἔλεγεν

3676 254 3827 326 1388

3569 413 3585 427 ·
3623 395 3822 461 Ἐλέη-

2165 487 2258 544 σόν
2290 510 2380 562 με,
2442 487 2591 544 δοῦλε
2635 496 2726 544 τοῦ
2784 496 2915 545 Θεοῦ
2944 495 3036 545 τοῦ
3067 490 3312 564 ὑψίστου.
3351 489 3417 546 Ὀ
3450 486 3512 543 δὲ
3560 489 3821 561 μακάριος

2163 577 2259 633 ἐπῖ
2306 582 2411 632 τῶν
2441 577 2797 634 συνελθόντων
2841 576 2942 656 ἔφη
2979 597 2992 611 ·
3056 575 3201 635 Ἐλὼ
3252 577 3351 653 μέν
3396 580 3516 651 εἰμι
3547 575 3822 653 ἄνθρωπος

2165 665 2486 745 ἁμαρτωλὸς
2549 668 2639 723 καὶ
2697 668 3029 742 ὁμοιοπαθὴς
3086 669 3216 743 ὒμῐν
3255 687 3271 703 ’
3333 670 3377 723 εἰ
3425 666 3487 722 δὲ
3518 668 3816 744 πιστεύετε,

2166 752 2245 810 ὅτι
2303 757 2331 811 ὁ
2366 757 2457 812 τὸν
2506 756 2565 811 ἐκ
2594 760 2857 833 γεννητῆς
2901 756 3098 835 τυφλὸν
3143 758 3441 831 ἰασάμενος
3502 757 3600 812 καὶ
3630 757 3817 820 ταύτην

2167 842 2426 918 δεομένην
2483 844 2641 901 αὗτοῦ
2726 849 2787 905 οὗ
2857 849 3086 924 παρορᾷ,
3173 845 3454 921 εὖξώμεθα
3522 845 3820 921 εἰλικρινῶς

2165 935 2298 1007 ὒπὲρ
2352 941 2457 998 τῶς
2490 936 2757 1012 σωτηρίας
2819 938 3004 1003 αὒτῆς.
3042 927 3132 999 ’ος
3182 935 3238 993 δὲ
3298 937 3508 1000 πάντες
3574 934 3811 1007 ηὔξαντο,

2167 1022 2443 1097 ἁψάμενος
2499 1027 2606 1080 τῶν
2659 1023 2946 1104 ὀφθαλμῶν
3003 1029 3191 1106 αὒτῆς,
3255 1024 3358 1103 ἔφη
3399 1045 3414 1059 ’
3488 1023 3724 1081 ’ἰάσεται
3764 1046 3811 1080 σε

2167 1115 2387 1190 Χριστὸς
2416 1115 2477 1169 τὸ
2522 1118 2635 1193 φῶς
2680 1117 2740 1170 τὸ
2798 1114 3071 1178 ἀληθινόν,
3137 1117 3236 1172 Καὶ
3268 1116 3473 1178 εὐθέως
3506 1112 3810 1187 ἀναϐλέψε-

2165 1223 2264 1268 σης
2294 1204 2459 1268 αὐτῆς
2509 1207 2597 1259 καὶ
2628 1202 2862 1261 πλεῖστα
2919 1205 3251 1283 ῥογευσάσης
3302 1219 3429 1268 τοῖς
3494 1202 3812 1281 προσεδβὲ-

2164 1312 2277 1347 ουσι
2320 1293 2458 1348 κατὰ
2501 1294 2591 1348 τὸν
2626 1295 2790 1351 τόπον
2824 1308 3094 1374 πτωχοῖς,
3127 1294 3397 1350 ἀπέλυσεν
3460 1296 3641 1360 αὒτὴν
3693 1296 3817 1372 12$-

2163 1401 2350 1457 ρουσαν
2381 1382 2478 1437 καί
2511 1379 2824 1453 δοξάζουσαν
2853 1384 2944 1438 τὸν
2990 1384 3142 1446 Θεόν,
3178 1392 3348 1441 Τοῦτο
3393 1384 3635 1459 γέγονεν
3679 1384 3819 1462 ἀρχὴ

2158 1475 2266 1525 τῶν
2294 1470 2578 1546 θαυμάτων
2607 1473 2767 1528 αὖτοῦ
2796 1471 2852 1527 ὲν
2881 1478 2958 1545 τῷ
2987 1471 3093 1547 ὄρει
3120 1475 3221 1539 τῆς
3254 1470 3465 1537 Ὀξῖας.

2242 1661 2349 1724 η’.
2395 1669 2510 1721 Τῶν
2554 1660 2611 1719 δὲ
2669 1662 3062 1742 ἐνεργουμένων
3118 1666 3222 1721 ὑπὸ
3286 1665 3634 1740 πνευμάτων
3688 1664 3825 1720 ἀχα-

437 1762 538 1816 tur
564 1751 1188 1830 daemonibus,magna
1207 1748 1560 1812 adventabat
1584 1747 2074 1826 multitudo,par-

2242 1774 2361 1809 πων
2446 1752 2653 1821 πλῆθος
2738 1756 2920 1810 ἱκανὸν
2987 1755 3433 1834 προσεκαρτέρει,
3502 1762 3674 1811 τοῦτο
3736 1756 3827 1827 μὲν

437 1843 550 1906 tim
581 1841 826 1923 quidem
859 1860 929 1903 ex
963 1840 1286 1919 indigenis,
1328 1838 1541 1919 partim
1587 1846 1789 1900 autem
1821 1855 1892 1898 ex
1922 1836 2074 1899 alie-

2242 1847 2246 1897 ἱ
2302 1842 2363 1898 ἐκ
2418 1849 2524 1899 τῶν
2568 1844 2897 1922 ἐπιχωρίων,
2929 1851 3084 1901 τούτο
3128 1843 3182 1900 δὲ
3228 1846 3317 1901 καὶ
3364 1843 3418 1909 ἐξ
3454 1843 3825 1913 ἀλλοδαπῶν,

438 1933 536 1992 nis
569 1951 584 1994 :
621 1949 694 1993 ex
725 1929 945 2010 quibus
976 1930 1219 2010 plurimi
1253 1947 1359 2008 per
1386 1928 1521 2007 ejus
1549 1945 1788 2007 preces,
1822 1926 2081 1987 ﬁdeliter

438 2020 824 2093 accedentes,
858 2028 917 2080 et
973 2019 1159 2098 digne
1189 2018 1605 2099 paenitentiam
1636 2024 1906 2096 agentes,
1940 2025 2083 2078 sunt

438 2108 785 2173 curati.Non
814 2107 1121 2170 sustinens
1147 2125 1288 2170 vero
1323 2106 1549 2170 nullam
1583 2124 1785 2169 curam
1817 2105 1949 2187 geri
1980 2124 2079 2168 eo-

435 2217 571 2261 rum
602 2199 708 2278 qni
739 2197 1090 2260 assidebam
1121 2198 1182 2259 in
1217 2206 1509 2273 monte,et
1537 2214 1748 2259 eorum
1781 2197 1883 2276 qui
1914 2195 2078 2274 longi

437 2287 742 2352 intervalli
763 2286 971 2350 labore
998 2295 1170 2349 erant
1194 2286 1570 2360 afﬂicti,cum
1600 2287 1729 2366 ipse
1750 2285 1917 2346 nullo
1941 2302 2080 2363 ege-

436 2386 532 2443 ret
558 2394 770 2441 eorum
802 2394 935 2458 quas
957 2375 1164 2438 oblata
1188 2376 1632 2456 fuerant,jussit
1666 2393 1851 2457 panes
1877 2373 2077 2436 aiferri

436 2468 586 2532 hora
613 2474 804 2541 sexta,
837 2473 897 2528 et
925 2464 1057 2528 dari
1084 2465 1161 2527 iis
1191 2466 1498 2528 omnibus.

507 2558 789 2619 XlV.Cum
811 2557 1013 2617 decem
1037 2569 1232 2618 autem
1256 2573 1444 2616 annos
1470 2557 1594 2615 illic
1614 2568 1767 2615 esset
1791 2568 2073 2624 versatus,

438 2653 497 2708 et
519 2644 777 2726 plurima
792 2645 1124 2725 peregisset
1143 2644 1624 2720 certamina,non
1642 2642 1931 2705 adversus
1954 2662 2075 2704 car-

436 2752 575 2796 nem
598 2742 659 2796 et
677 2732 1059 2811 sanguinem,
1088 2733 1195 2794 sed
1219 2734 1509 2795 adversus
1539 2732 1930 2812 principatus,
1961 2734 2073 2794 ad—

435 2841 643 2886 versus
663 2830 988 2904 potestates
1015 2831 1076 2885 et
1120 2823 1426 2905 principes
1452 2823 1841 2885 tenebrarum
1869 2823 2074 2883 mundi

436 2912 713 2993 hujus,ut
747 2911 895 2974 dicit
914 2912 1241 2992 Apostolus
1260 2913 1315 2989 9,
1336 2913 1624 2974 adversus
1648 2911 1935 2991 spiritalia
1965 2932 2073 2974 ne-

450 3001 679 3082 quitiae:
702 3009 762 3063 et
784 3020 854 3064 ea
874 3002 1113 3064 vicisset
1135 3002 1253 3064 ﬁde
1276 3021 1382 3083 per
1424 3002 1798 3082 patientiam,
1830 3007 1917 3061 vir
1937 3004 2073 3081 qui-

2160 1933 2235 1993 ὡς
2291 1931 2570 1994 πλείστους
2626 1931 2678 1997 ἐξ
2736 1933 2907 1989 αὕτῶν
2967 1932 3053 1989 διά
3114 1940 3220 1990 τῶν
3281 1936 3446 1991 αύτοῦ
3497 1941 3827 2012 προσευχῶν

2161 2025 2365 2083 πιστῶς
2424 2022 2743 2098 προσιόντας
2800 2020 2920 2076 κατ’
2979 2022 3134 2088 ἀξίως
3180 2030 3606 2097 μετανοοῦντας
3669 2027 3825 2103 θεραο

2163 2109 2435 2167 πεύεσθαι.
2492 2109 2600 2167 Ούκ
2683 2111 3016 2189 ἀνεχόμενος
3065 2110 3121 2167 δὲ
3172 2114 3294 2175 τοὺς
3357 2111 3829 2189 προσεδρεύοντας

2164 2197 2218 2254 ἐν
2274 2203 2354 2270 τῷ
2409 2197 2516 2275 ὄρει
2574 2200 2662 2256 καὶ
2724 2201 2842 2262 τοὺς
2874 2200 2934 2256 ἐκ
2977 2203 3363 2277 διαστημάτων
3396 2205 3827 2278 κεκοπωμένοις

2163 2288 2529 2365 ἀπρονοήτους
2589 2292 2756 2364 εῖναι,
2805 2288 3033 2364 μηδενὸς
3090 2292 3196 2347 τῶν
3253 2291 3663 2366 ἐμπιπτόντων
3696 2296 3829 2373 χρῄι

2162 2384 2266 2447 ζων
2328 2379 2505 2457 αὑτὸς,
2566 2376 2756 2455 ἄρτους
2820 2379 3247 2458 παρεκελεύσατο
3304 2381 3362 2437 ἐν
3395 2387 3469 2457 τῇ
3516 2382 3664 2459 ἕκτῃ

2159 2466 2431 2545 φέρεσθαι,
2462 2474 2550 2523 καί
2580 2469 2784 2529 τούτοις
2818 2474 2945 2524 πᾶσι
2976 2467 3228 2529 δίδοσθαι.

2239 2570 2358 2626 ω’.
2419 2571 2545 2647 Περὶ
2600 2570 2666 2624 τὰ
2714 2568 2840 2627 δέκα
2889 2571 2979 2627 οὖν
3052 2571 3147 2639 ’έτη
3211 2571 3614 2649 διατρίψαντος
3669 2576 3821 2633 αἶ»τοῦ
3890 2574 3891 2601 ³

2156 2657 2360 2732 ἐκεῖσε,
2422 2659 2509 2714 καὶ
2566 2658 2850 2724 πλείστους
2905 2661 3140 2739 ἀγῶνας,
3218 2664 3280 2719 οὐ
3324 2666 3466 2740 πρὸς
3520 2665 3683 2738 αἷμα
3749 2669 3819 2721 (αἱ

2158 2748 2351 2825 σάρκα,
2400 2747 2538 2803 ἀλλὰ
2585 2750 2716 2828 πρὸς
2774 2754 2868 2813 τὰς
2911 2751 3083 2830 ἀρχὰς
3125 2753 3213 2808 καὶ
3257 2753 3382 2814 τοὺς
3440 2752 3707 2820 ἐξουσίας
3747 2758 3819 2811 κ.τί

2159 2840 2278 2901 τους
2334 2838 2764 2915 κοσμοκράτορας
2810 2846 2903 2894 τοῦ
2946 2838 3194 2913 σκότους,
3241 2841 3318 2905 ὥς
3372 2864 3551 2921 φησιν
3588 2846 3621 2899 ὁ
3656 2844 3815 2901 Ἀπόο

2160 2923 2372 2997 στολος,
2428 2927 2558 3003 πρὸς
2616 2929 2680 2982 τὰ
2737 2930 3066 3005 φνευματικά
3126 2935 3224 2996 τῆς
3288 2931 3567 3008 πονηρίας
3604 2933 3812 2990 ἐκτελέ-

2160 3034 2352 3077 σαντος
2396 3013 2492 3070 καί
2525 3019 2590 3089 τῇ
2649 3016 2823 3070 πίστει
2870 3008 2957 3071 δι”
2993 3017 3274 3091 ὑπομονῆς
3310 3021 3694 3095 νικήσαντος,
3728 3031 3814 3079 τῶν

438 3090 991 3187 damtidelissimus
1012 3109 1095 3187 ex
1119 3091 1190 3153 iis
1216 3093 1318 3187 qui
1340 3091 1662 3187 aliquando
1685 3091 1922 3153 fuerant
1946 3093 2074 3171 ejus

2242 3124 2288 3158 τε
2353 3102 2545 3181 ἑτέρων
2623 3107 2784 3162 αὐτοῦ
2840 3126 2923 3166 τις
2994 3090 3317 3171 πιστότατος
3376 3107 3522 3187 ἀνὴρ
3580 3090 3814 3183 συνήθως

437 3183 914 3251 familiares,cum
939 3184 1239 3243 soleretad
1255 3184 1764 3251 eumaccedere,et
1787 3199 1856 3240 ex
1870 3198 1938 3241 eo
1961 3200 2076 3242 ma-

435 3288 611 3349 gnam
631 3278 876 3351 caperet
894 3270 1397 3344 utilitatem,dicit
1411 3271 1648 3333 cuidam
1662 3270 1765 3332 alii
1780 3289 1848 3331 ex
1864 3271 2071 3332 eadem

434 3366 648 3438 quarta
669 3360 876 3422 schola
906 3380 921 3421 :
953 3361 1098 3424 Volo
1124 3360 1224 3423 die
1256 3361 1535 3441 sequenti
1565 3362 1652 3422 ire
1673 3359 1746 3421 ad
1767 3360 2073 3423 dominum

432 3450 824 3512 Auxentium.
857 3448 1008 3511 Veni
1039 3458 1099 3511 tu
1129 3458 1457 3530 quoque,et
1515 3449 1775 3530 plurima
1805 3451 2077 3511 fruamur

432 3538 828 3601 utilitate.llle
858 3547 1057 3601 autem
1084 3539 1385 3601 diabolico
1408 3540 1666 3620 quodam
1694 3542 1974 3601 instinctu
1999 3538 2073 3601 ab

434 3646 507 3689 eo
537 3629 796 3702 alienus,
833 3646 951 3688 non
998 3629 1191 3690 solum
1220 3648 1340 3690 non
1367 3629 1478 3690 fuit
1502 3638 1824 3709 persuasus
1850 3639 1911 3690 nt
1932 3630 2068 3705 iret,

435 3720 537 3778 sed
558 3722 732 3778 etiam
745 3734 879 3777 eum
895 3724 1063 3792 coepit
1078 3720 1404 3780 maledictis
1426 3724 1721 3779 incessere
1737 3733 1791 3779 et
1806 3722 2068 3786 irridere.

429 3824 569 3868 eum
591 3823 809 3867 vocans
840 3805 1080 3885 planum
1113 3815 1171 3868 et
1198 3808 1691 3886 impostorem,et
1726 3808 2070 3868 mercedem

434 3893 798 3973 praebentem
820 3893 893 3954 iis
914 3895 1015 3975 qui
1039 3913 1103 3957 se
1123 3896 1404 3957 simulant
1427 3914 1561 3958 esse
1579 3897 1977 3957 daemoniacos
2000 3915 2068 3959 ex

435 3982 629 4046 tribus
650 3993 708 4045 et
720 4001 822 4045 sex
837 3982 1127 4065 obolis,ut
1148 3984 1458 4047 videantur
1475 3985 1725 4063 arguiad
1743 3985 2068 4048 multorum

432 4072 1040 4153 deceptionem.Cum
1073 4074 1225 4135 alter
1248 4092 1389 4135 vero
1423 4074 1517 4136 his
1540 4083 1700 4136 esset
1731 4074 2068 4155 obstupefa-

430 4170 651 4244 ctus,et
671 4163 861 4243 majus
883 4162 1147 4224 studium
1182 4163 1895 4245 adhibuisset,postquam
1932 4183 2066 4225 eum

429 4253 758 4334 increpavit
778 4252 1351 4333 etjuvit,moderate
1377 4272 1509 4315 cum
1539 4273 1607 4315 eo
1630 4254 1860 4332 egit,ita
1883 4261 1947 4314 ut
1968 4255 2067 4315 in-

427 4343 739 4404 credulum
763 4360 969 4402 secum
993 4350 1420 4419 assumeret,et
1439 4361 1573 4404 cum
1595 4361 1666 4404 eo
1686 4343 2065 4405 ascenderet.

2136 3184 2318 3247 ῗάνιὼν
2371 3192 2461 3247 καὶ
2524 3190 2723 3271 σφόδρα
2781 3191 3180 3273 ὠφελούμενος,
3238 3193 3393 3270 ἄλλῳ
3433 3184 3550 3254 τινὶ
3596 3209 3715 3258 τῶν
3767 3203 3816 3258 ἐκ

2154 3285 2255 3346 τῆς
2313 3281 2476 3347 αὐτῆς
2530 3282 2789 3359 τετάρτης
2855 3281 3066 3363 σχολῆν
3123 3307 3289 3364 φησιν
3328 3305 3343 3317 ⁶
3403 3287 3705 3364 Βούλομαι
3761 3298 3816 3367 τῇ

2156 3368 2279 3435 ἑξῆς
2339 3372 2470 3448 πρὸς
2532 3373 2623 3459 τὸν
2673 3373 2818 3449 κύριν
2896 3372 3193 3448 Δῦξέντιον,
3245 3374 3515 3433 ἀπελθεῖν
3556 3396 3570 3408 ·
3648 3378 3814 3459 δεῦρο,

2157 3459 2245 3514 καὶ
2288 3459 2448 3522 αὐτὸς
2493 3458 2746 3527 πλείστης
2808 3460 3115 3519 ἀπόλαυσον
3172 3463 3462 3541 ὠφελείας.
3520 3467 3584 3525 ’0
3656 3468 3715 3525 es
3748 3458 3818 3525 ίὲι

2155 3545 2466 3615 διαϐολικῆς
2547 3550 2905 3626 προσπαθείας
2990 3551 3435 3627 ἀποδιακείμενος
3534 3559 3695 3619 αὗτῶ
3769 3562 3814 3616 εὖ

2156 3636 2318 3727 μόνον
2351 3638 2446 3691 οὑκ
2477 3636 2693 3727 ἐπείσθη
2726 3646 2821 3694 τοῦ
2864 3639 3141 3720 ἀπελθεῖν,
3201 3641 3341 3699 ἀλλὰ
3384 3646 3486 3700 καί
3522 3628 3813 3727 λοιδορίαις

2154 3723 2349 3803 ἤρξατο
2433 3726 2700 3783 σκώπτειν
2787 3730 2965 3803 αὑτὸν,
3027 3729 3231 3788 πλάνον
3291 3734 3453 3788 αδτὸν
3514 3723 3809 3795 ἀπογαλὼι

2153 3817 2244 3870 καὶ
2303 3814 2578 3895 ἐπιθέτην,
2645 3817 2863 3890 μισθοὺς
2925 3820 3221 3898 παρέχοντι
3278 3834 3401 3886 τοῖς
3432 3821 3524 3879 ἐπὶ
3557 3829 3811 3905 σχήματι

2153 3900 2498 3977 δαιμονιῶσιν
2558 3904 2664 3959 ἀπὸ
2708 3906 2869 3977 τριῶν
2925 3908 3013 3963 καὶ
3070 3906 3124 3972 ἓξ
3171 3907 3421 3985 φόλΑεων
3456 3900 3709 3989 πρὸς-το
3748 3918 3810 3978 si;

2152 3991 2364 4059 ἀπατην
2408 3993 2514 4049 τῶν
2561 3991 2777 4049 πολλῶν
2836 3991 3013 4051 δοκεῖν
3044 3995 3387 4077 ἐλέγχεσθαι,
3427 4009 3534 4057 Τοῦ
3580 4001 3645 4060 δὲ
3708 4006 3808 4062 ἑτέ·

2152 4103 2241 4159 ρου
2286 4081 2371 4137 ἐπὶ
2428 4082 2630 4138 τούτων
2675 4082 3113 4162 καταπλαγέντος
3170 4089 3259 4143 καὶ
3307 4088 3555 4158 σπουδήν
3600 4094 3807 4168 μᾶλλον
3890 4122 3891 4127 η

2150 4171 2370 4244 θεμένου
2427 4171 2567 4245 μετὰ.
2618 4172 2679 4227 τὸ
2741 4172 3062 4248 ἐπιτιμῆσαι
3124 4182 3213 4232 καί
3270 4177 3556 4257 ὠφελῆσᾶι
3604 4166 3803 4257 αὑτὸν,
3890 4166 3891 4225 έ

2151 4258 2557 4338 ἐπιεικεστέρως
2616 4259 2904 4340 ἐκέχρητο,
3001 4263 3141 4320 ὥστε
3200 4266 3664 4345 συμπαραλαϐεῖν
3726 4277 3801 4329 τὸν
3890 4264 3891 4323 i

2150 4347 2395 4423 ἄπιστον,
2457 4349 2516 4403 ὃν
2582 4351 2670 4405 καὶ
2727 4352 3006 4410 πεισθέντα
3068 4354 3441 4434 συνανέφερεν,
3514 4358 3678 4417 Ἀλλ’
3738 4366 3802 4426 ὡς

426 4430 615 4504 Quem
640 4431 815 4491 etiam
839 4448 1191 4510 persuasum
1218 4432 1311 4493 vix
1338 4432 1574 4493 tandem
1598 4451 1803 4495 secum
1827 4451 2065 4494 sursum

2242 4460 2380 4493 ιασαν
2428 4435 2550 4516 παρ’
2607 4441 2751 4512 αὑτῷ
2780 4440 2917 4496 κατά
2948 4442 3007 4498 τὸ
3052 4442 3167 4507 ἔθος
3199 4450 3267 4520 τῇ
3301 4447 3455 4524 τρίτῃ
3486 4448 3627 4526 ὥρᾳ,
3682 4453 3796 4515 tua;

428 4519 749 4619 duxit.Sed
775 4538 909 4619 cum
937 4520 1010 4580 ad
1036 4539 1174 4619 eum
1197 4523 1522 4619 venissent,
1548 4531 1617 4619 ut.
1641 4521 1891 4596 solebat,
1921 4523 2068 4619 hora

2242 4546 2663 4619 >ατυγχανοντας
2719 4525 2951 4593 ἐδέξατο.
3000 4530 3131 4589 Οὸδὲ
3202 4519 3305 4611 γάρ
3338 4519 3439 4603 ’ἦν
3491 4519 3794 4619 Ruri-969m;

428 4608 602 4670 tertia
634 4609 871 4688 excepit
901 4627 1005 4670 eos
1029 4610 1129 4690 qui
1158 4610 1541 4672 accedebant.
1568 4609 1775 4691 Neque
1798 4612 1957 4672 enim
1990 4611 2066 4672 li-

425 4697 597 4760 cebat
617 4697 1144 4759 indiscriminatim
1172 4700 1226 4759 ei
1245 4697 1534 4760 exhibere
1559 4699 1917 4774 molestiam,
1949 4702 2066 4762 nisi

422 4786 485 4848 in
511 4797 781 4868 tempore
801 4786 976 4849 solito
1004 4804 1018 4850 :
1048 4787 1110 4847 in
1134 4806 1253 4867 quo
1275 4805 1377 4848 eos
1399 4788 1497 4867 qui
1525 4787 1778 4849 aderant
1802 4790 2063 4869 primum

422 4875 854 4939 adhortabatur
871 4876 946 4937 ad
974 4875 1498 4955 gloriﬁcationem;
1526 4876 1745 4938 deinde
1766 4878 1853 4939 sic
1878 4880 2059 4942 verbo

421 4966 625 5044 gratias
644 4965 969 5027 adhortans
994 4975 1052 5027 et
1071 4965 1963 5047 benedicens,unumquemque
1977 4970 2064 5031 di-

422 5054 721 5118 mittebat.
757 5056 940 5133 Cujus
987 5054 1229 5136 quidem
1265 5054 1716 5132 gloriﬁcationis
1747 5075 2061 5138 expressas

424 5152 669 5223 quoque
699 5143 773 5204 ab
806 5161 877 5206 eo
912 5144 1119 5206 laudes
1147 5144 1420 5205 dicemus
1450 5158 1680 5225 postea.
1714 5148 1881 5209 Laato
1917 5168 2058 5229 ergo

419 5230 587 5292 vultu
612 5235 667 5293 ei
686 5232 788 5312 qui
809 5233 880 5295 ad
907 5251 1041 5294 eum
1067 5232 1395 5295 accedebat
1414 5252 1551 5296 cum
1574 5234 1714 5311 ﬁde,
1752 5236 1898 5298 dixit
1926 5258 2061 5320 quae

418 5329 591 5383 erant
609 5320 1181 5385 conducibiliazcum
1206 5323 1519 5404 altero,qui
1541 5325 2056 5407 eratincredulus,

495 5472 774 5616 9'133pbes.
806 5540 887 5606 VI,
922 5525 1021 5589 12.

2149 4615 2452 4708 ὀχλεῖσθαι,
2478 4618 2660 4692 αὸτὸν,
2719 4619 2885 4708 eum
2943 4621 2998 4676 ἐν
3054 4628 3130 4696 τῷ
3161 4622 3375 4690 συνήθει
3410 4634 3613 4708 καιαῴ,
3639 4615 3710 4686 *ἓν*
3754 4631 3791 4703 ᾧ
3889 4662 3891 4679 ι

2147 4707 2268 4769 τοὺς
2314 4706 2581 4782 παρόντας
2636 4709 2711 4770 εἰς
2778 4705 3083 4787 δοξολογίαν
3143 4713 3510 4790 προετρέπετο
3558 4705 3789 4795 πρῶτον,

2147 4796 2233 4852 εἶθ
2278 4794 2445 4858 οὕτως
2491 4802 2566 4868 τῷ
2621 4793 2767 4875 λόγῳ
2825 4803 2924 4865 τῆς
2984 4821 3212 4879 χαριτος
3256 4806 3537 4879 παραινῶν
3570 4793 3785 4864 ἕκαστον

2144 4884 2243 4941 καὶ
2295 4882 2632 4962 κατεδλογῶν
2698 4884 2981 4962 ἀπελυσεν,
3071 4889 3245 4969 ἧσπερ
3318 4890 3637 4971 δοξολογίας
3714 4898 3785 4953 καὶ

2143 4974 2263 5036 τοὺς
2330 4973 2457 5051 παρ’
2514 4973 2656 5048 αδτῷ
2712 4995 2767 5031 τε
2823 4977 3166 5053 τυπωμένους
3226 4980 3416 5046 αἵνους
3472 4985 3548 5050 εἰς
3578 4984 3783 5065 ὕστερον

2142 5061 2386 5138 λέξομεν.
2450 5064 2693 5140 Χαρίεντι
2753 5063 2843 5121 οὖν
2901 5080 3171 5143 προσώπῳ
3229 5077 3307 5145 τῷ
3368 5075 3510 5148 μετά
3560 5061 3781 5137 πίστεως

2141 5152 2423 5242 ἐρχομένῳ
2470 5154 2603 5231 πρὸς
2653 5154 2812 5242 αυτὸν
2842 5156 3119 5235 πρόσφορα
3150 5157 3449 5242 διηλέχθη,
3485 5163 3616 5240 μηδ’
3650 5164 3777 5225 ὅλως

2141 5249 2217 5315 τῷ
2265 5241 2428 5319 ἑτέρῳ
2484 5244 2571 5297 καὶ
2656 5241 2866 5317 ἀπίστῳ
2920 5246 3015 5302 κᾶν
3075 5247 3255 5329 βραχὺ
3316 5241 3734 5329 προσομιλήσας
3762 5275 3773 5290 ⁸

2141 5330 2324 5407 διόπερ
2386 5332 2522 5407 μετά
2565 5332 2626 5387 τὸ
2681 5331 3014 5402 ἀπολυθῆναι
3070 5335 3239 5394 πλείω
3309 5340 3476 5402 παλιν
3536 5343 3773 5422 ἐλοιδόρει
