  <div class='ocr_page' id='page_1' title='image "/cluster/home/n/w/nwhite01/storage/ocr_20150623/114/mdp.39015028574344/724.png"; bbox 0 0 3932 6140; ppageno 0'>
   <div class='ocr_carea' id='block_1_1' title="bbox 198 240 3566 343">
    <p class='ocr_par' dir='ltr' id='par_1_1' title="bbox 198 240 3566 343">
     <span class='ocr_line' id='line_1_1' title="bbox 198 240 3566 343; baseline -0.001 -8"><span class='ocrx_word' id='word_1_1' title='bbox 198 264 361 343; x_wconf 78' lang='grc'><strong>1389</strong></span> <span class='ocrx_word' id='word_1_2' title='bbox 1510 258 1698 336; x_wconf 84' lang='lat' dir='ltr'><strong>VITA</strong></span> <span class='ocrx_word' id='word_1_3' title='bbox 1741 269 1802 333; x_wconf 91' lang='lat' dir='ltr'><strong>s.</strong></span> <span class='ocrx_word' id='word_1_4' title='bbox 1851 264 2256 333; x_wconf 84' lang='lat' dir='ltr'><strong>AUXENTII.</strong></span> <span class='ocrx_word' id='word_1_5' title='bbox 3411 240 3566 342; x_wconf 67' lang='lat'><strong>1390</strong></span> 
     </span>
    </p>
   </div>
   <div class='ocr_carea' id='block_1_2' title="bbox 191 405 1868 496">
    <p class='ocr_par' dir='ltr' id='par_1_2' title="bbox 191 406 1868 491">
     <span class='ocr_line' id='line_1_2' title="bbox 191 406 1868 491; baseline -0.007 -19"><span class='ocrx_word' id='word_1_6' title='bbox 191 416 294 472; x_wconf 77' lang='grc' dir='ltr'>τὸν</span> <span class='ocrx_word' id='word_1_7' title='bbox 343 413 604 491; x_wconf 76' lang='grc' dir='ltr'>μακάριον</span> <span class='ocrx_word' id='word_1_8' title='bbox 649 414 695 467; x_wconf 80' lang='grc' dir='ltr'><em>ὦ</em></span> <span class='ocrx_word' id='word_1_9' title='bbox 724 409 974 490; x_wconf 76' lang='grc' dir='ltr'>ἅπιστός,</span> <span class='ocrx_word' id='word_1_10' title='bbox 1006 413 1079 475; x_wconf 81' lang='grc' dir='ltr'>ὣς</span> <span class='ocrx_word' id='word_1_11' title='bbox 1112 408 1264 477; x_wconf 78' lang='grc' dir='ltr'>δόξης</span> <span class='ocrx_word' id='word_1_12' title='bbox 1294 409 1448 466; x_wconf 73' lang='grc' dir='ltr'>ἕνεκα</span> <span class='ocrx_word' id='word_1_13' title='bbox 1477 410 1565 466; x_wconf 86' lang='grc' dir='ltr'><strong>καὶ</strong></span> <span class='ocrx_word' id='word_1_14' title='bbox 1595 412 1688 466; x_wconf 73' lang='grc' dir='ltr'>οὐκ</span> <span class='ocrx_word' id='word_1_15' title='bbox 1717 406 1868 484; x_wconf 78' lang='grc' dir='ltr'>ἀρεο.</span> 
     </span>
    </p>
   </div>
   <div class='ocr_carea' id='block_1_3' title="bbox 1957 405 3560 496">
    <p class='ocr_par' dir='ltr' id='par_1_3' title="bbox 1957 405 3560 496">
     <span class='ocr_line' id='line_1_3' title="bbox 1957 405 3560 496; baseline 0.008 -31"><span class='ocrx_word' id='word_1_16' title='bbox 1957 425 2004 467; x_wconf 87' lang='grc' dir='ltr'><strong>ιε</strong></span> <span class='ocrx_word' id='word_1_17' title='bbox 2026 406 2271 468; x_wconf 84' lang='lat' dir='ltr'><strong>verbum</strong></span> <span class='ocrx_word' id='word_1_18' title='bbox 2288 405 2528 486; x_wconf 87' lang='lat' dir='ltr'><strong>quidem</strong></span> <span class='ocrx_word' id='word_1_19' title='bbox 2550 407 3218 496; x_wconf 87' lang='lat' dir='ltr'><strong>locutus.Quamobrem</strong></span> <span class='ocrx_word' id='word_1_20' title='bbox 3246 423 3560 496; x_wconf 82' lang='lat' dir='ltr'><strong>postquam</strong></span> 
     </span>
    </p>
   </div>
   <div class='ocr_carea' id='block_1_4' title="bbox 194 495 1868 582">
    <p class='ocr_par' dir='ltr' id='par_1_4' title="bbox 194 500 891 582">
     <span class='ocr_line' id='line_1_4' title="bbox 194 500 891 582; baseline -0.009 -21"><span class='ocrx_word' id='word_1_21' title='bbox 194 508 303 572; x_wconf 76' lang='grc' dir='ltr'>τῆς</span> <span class='ocrx_word' id='word_1_22' title='bbox 334 525 384 561; x_wconf 89' lang='grc' dir='ltr'><strong>τι</strong></span> <span class='ocrx_word' id='word_1_23' title='bbox 415 500 891 582; x_wconf 81' lang='grc' dir='ltr'>διαπραττόμενον,</span> 
     </span>
    </p>
   </div>
   <div class='ocr_carea' id='block_1_5' title="bbox 1957 495 3562 582">
    <p class='ocr_par' dir='ltr' id='par_1_5' title="bbox 1957 495 3562 576">
     <span class='ocr_line' id='line_1_5' title="bbox 1957 495 3562 576; baseline 0.007 -20"><span class='ocrx_word' id='word_1_24' title='bbox 1957 497 2034 556; x_wconf 88' lang='lat' dir='ltr'><strong>uit</strong></span> <span class='ocrx_word' id='word_1_25' title='bbox 2063 497 2368 569; x_wconf 84' lang='lat' dir='ltr'><strong>dimissus,</strong></span> <span class='ocrx_word' id='word_1_26' title='bbox 2408 495 2680 576; x_wconf 85' lang='lat' dir='ltr'><strong>pluribus</strong></span> <span class='ocrx_word' id='word_1_27' title='bbox 2710 516 2924 560; x_wconf 85' lang='lat' dir='ltr'><strong>rursus</strong></span> <span class='ocrx_word' id='word_1_28' title='bbox 2955 500 3288 564; x_wconf 78' lang='lat' dir='ltr'><strong>maledictis</strong></span> <span class='ocrx_word' id='word_1_29' title='bbox 3320 495 3562 568; x_wconf 83' lang='lat' dir='ltr'><strong>beatum</strong></span> 
     </span>
    </p>
   </div>
   <div class='ocr_carea' id='block_1_6' title="bbox 1923 586 3566 674">
    <p class='ocr_par' dir='ltr' id='par_1_6' title="bbox 1923 586 3566 674">
     <span class='ocr_line' id='line_1_6' title="bbox 1923 586 3566 674; baseline 0.005 -26"><span class='ocrx_word' id='word_1_30' title='bbox 1923 587 2289 648; x_wconf 76' lang='lat' dir='ltr'><strong>Auxentium</strong></span> <span class='ocrx_word' id='word_1_31' title='bbox 2313 586 2636 647; x_wconf 78' lang='lat' dir='ltr'><strong>insectatus</strong></span> <span class='ocrx_word' id='word_1_32' title='bbox 2657 595 2748 648; x_wconf 86' lang='lat' dir='ltr'><strong>est</strong></span> <span class='ocrx_word' id='word_1_33' title='bbox 2765 587 3210 671; x_wconf 83' lang='lat' dir='ltr'><strong>incredulus,ut</strong></span> <span class='ocrx_word' id='word_1_34' title='bbox 3234 592 3337 674; x_wconf 91' lang='lat' dir='ltr'><strong>qui</strong></span> <span class='ocrx_word' id='word_1_35' title='bbox 3359 595 3566 674; x_wconf 62' lang='lat' dir='ltr'><strong>glorias</strong></span> 
     </span>
    </p>
   </div>
   <div class='ocr_carea' id='block_1_7' title="bbox 1925 675 3262 756">
    <p class='ocr_par' dir='ltr' id='par_1_7' title="bbox 1925 675 3262 756">
     <span class='ocr_line' id='line_1_7' title="bbox 1925 675 3262 756; baseline 0.005 -19"><span class='ocrx_word' id='word_1_36' title='bbox 1925 694 2122 750; x_wconf 89' lang='lat' dir='ltr'><strong>causa,</strong></span> <span class='ocrx_word' id='word_1_37' title='bbox 2159 684 2216 736; x_wconf 88' lang='lat' dir='ltr'><strong>et</strong></span> <span class='ocrx_word' id='word_1_38' title='bbox 2248 694 2365 736; x_wconf 89' lang='lat' dir='ltr'><strong>non</strong></span> <span class='ocrx_word' id='word_1_39' title='bbox 2394 675 2626 737; x_wconf 88' lang='lat' dir='ltr'><strong>virtutis</strong></span> <span class='ocrx_word' id='word_1_40' title='bbox 2657 676 2982 756; x_wconf 87' lang='lat' dir='ltr'><strong>quidquam</strong></span> <span class='ocrx_word' id='word_1_41' title='bbox 3012 679 3262 745; x_wconf 78' lang='lat' dir='ltr'><strong>faceret.</strong></span> 
     </span>
    </p>
   </div>
   <div class='ocr_carea' id='block_1_8' title="bbox 285 763 1868 850">
    <p class='ocr_par' dir='ltr' id='par_1_8' title="bbox 285 766 1844 850">
     <span class='ocr_line' id='line_1_8' title="bbox 285 766 1844 850; baseline -0.006 -21"><span class='ocrx_word' id='word_1_42' title='bbox 285 770 397 831; x_wconf 82' lang='lat' dir='ltr'><strong>IE&#39;.</strong></span> <span class='ocrx_word' id='word_1_43' title='bbox 445 769 862 850; x_wconf 79' lang='grc' dir='ltr'>Κοτερχομένων</span> <span class='ocrx_word' id='word_1_44' title='bbox 911 771 1000 824; x_wconf 73' lang='grc' dir='ltr'>οὖν</span> <span class='ocrx_word' id='word_1_45' title='bbox 1050 767 1222 824; x_wconf 72' lang='grc' dir='ltr'>αὒτῶν</span> <span class='ocrx_word' id='word_1_46' title='bbox 1259 767 1344 823; x_wconf 69' lang='grc' dir='ltr'><strong>ἐπὶ</strong></span> <span class='ocrx_word' id='word_1_47' title='bbox 1373 774 1450 841; x_wconf 84' lang='grc' dir='ltr'>τῷ</span> <span class='ocrx_word' id='word_1_48' title='bbox 1496 767 1713 844; x_wconf 82' lang='grc' dir='ltr'>Ἠμέρῳ</span> <span class='ocrx_word' id='word_1_49' title='bbox 1758 766 1844 821; x_wconf 78' lang='grc' dir='ltr'>ἐπὶ</span> 
     </span>
    </p>
   </div>
   <div class='ocr_carea' id='block_1_9' title="bbox 1957 763 3562 850">
    <p class='ocr_par' dir='ltr' id='par_1_9' title="bbox 2004 763 3562 844">
     <span class='ocr_line' id='line_1_9' title="bbox 2004 763 3562 844; baseline 0.008 -18"><span class='ocrx_word' id='word_1_50' title='bbox 2004 764 2128 828; x_wconf 87' lang='lat' dir='ltr'><strong>XV.</strong></span> <span class='ocrx_word' id='word_1_51' title='bbox 2164 763 2308 826; x_wconf 85' lang='lat' dir='ltr'><strong>Cum</strong></span> <span class='ocrx_word' id='word_1_52' title='bbox 2341 764 2454 844; x_wconf 86' lang='lat' dir='ltr'><strong>ipsi</strong></span> <span class='ocrx_word' id='word_1_53' title='bbox 2507 774 2703 827; x_wconf 92' lang='lat' dir='ltr'><strong>autem</strong></span> <span class='ocrx_word' id='word_1_54' title='bbox 2753 765 2826 826; x_wconf 90' lang='lat' dir='ltr'><strong>ad</strong></span> <span class='ocrx_word' id='word_1_55' title='bbox 2857 765 3184 830; x_wconf 80' lang='lat' dir='ltr'><strong>Homerum</strong></span> <span class='ocrx_word' id='word_1_56' title='bbox 3219 771 3562 838; x_wconf 84' lang='lat' dir='ltr'><strong>descende-</strong></span> 
     </span>
    </p>
   </div>
   <div class='ocr_carea' id='block_1_10' title="bbox 196 853 1868 944">
    <p class='ocr_par' dir='ltr' id='par_1_10' title="bbox 196 855 1844 940">
     <span class='ocr_line' id='line_1_10' title="bbox 196 855 1844 940; baseline -0.003 -23"><span class='ocrx_word' id='word_1_57' title='bbox 196 863 267 918; x_wconf 86' lang='grc' dir='ltr'>τὸ</span> <span class='ocrx_word' id='word_1_58' title='bbox 314 859 537 916; x_wconf 85' lang='grc' dir='ltr'>πλεῦσαι</span> <span class='ocrx_word' id='word_1_59' title='bbox 575 859 856 940; x_wconf 78' lang='grc' dir='ltr'><strong>(ἐμπόριον</strong></span> <span class='ocrx_word' id='word_1_60' title='bbox 903 857 954 914; x_wconf 77' lang='grc' dir='ltr'>δὲ</span> <span class='ocrx_word' id='word_1_61' title='bbox 1011 859 1169 915; x_wconf 83' lang='grc' dir='ltr'>τοῦτό</span> <span class='ocrx_word' id='word_1_62' title='bbox 1225 857 1366 913; x_wconf 75' lang='grc' dir='ltr'>ἐστιν</span> <span class='ocrx_word' id='word_1_63' title='bbox 1412 857 1505 923; x_wconf 70' lang='grc' dir='ltr'><strong>τῆς</strong></span> <span class='ocrx_word' id='word_1_64' title='bbox 1547 855 1844 936; x_wconf 79' lang='grc' dir='ltr'>Καλχηδό-</span> 
     </span>
    </p>
   </div>
   <div class='ocr_carea' id='block_1_11' title="bbox 1957 853 3565 944">
    <p class='ocr_par' dir='ltr' id='par_1_11' title="bbox 1957 853 3565 944">
     <span class='ocr_line' id='line_1_11' title="bbox 1957 853 3565 944; baseline 0.01 -31"><span class='ocrx_word' id='word_1_65' title='bbox 1957 863 2063 944; x_wconf 83' lang='lat' dir='ltr'><strong>ent</strong></span> <span class='ocrx_word' id='word_1_66' title='bbox 2092 853 2179 944; x_wconf 14' lang='lat' dir='ltr'><strong>ad,</strong></span> <span class='ocrx_word' id='word_1_67' title='bbox 2220 853 2611 944; x_wconf 83' lang='lat' dir='ltr'><strong>navigandum</strong></span> <span class='ocrx_word' id='word_1_68' title='bbox 2667 853 2825 944; x_wconf 14' lang='lat' dir='ltr'><strong>(hoc,</strong></span> <span class='ocrx_word' id='word_1_69' title='bbox 2862 863 2952 915; x_wconf 93' lang='lat' dir='ltr'><strong>est</strong></span> <span class='ocrx_word' id='word_1_70' title='bbox 2998 866 3192 920; x_wconf 86' lang='lat' dir='ltr'><strong>autem</strong></span> <span class='ocrx_word' id='word_1_71' title='bbox 3225 865 3565 944; x_wconf 83' lang='lat' dir='ltr'><strong>emporium</strong></span> 
     </span>
    </p>
   </div>
   <div class='ocr_carea' id='block_1_12' title="bbox 197 941 1868 1029">
    <p class='ocr_par' dir='ltr' id='par_1_12' title="bbox 197 945 1845 1029">
     <span class='ocr_line' id='line_1_12' title="bbox 197 945 1845 1029; baseline -0.002 -24"><span class='ocrx_word' id='word_1_72' title='bbox 197 949 320 1029; x_wconf 77' lang='grc' dir='ltr'>νός)</span> <span class='ocrx_word' id='word_1_73' title='bbox 381 959 474 1008; x_wconf 90' lang='grc' dir='ltr'><strong>τοῦ</strong></span> <span class='ocrx_word' id='word_1_74' title='bbox 532 950 754 1007; x_wconf 80' lang='grc' dir='ltr'>ἀπίστου</span> <span class='ocrx_word' id='word_1_75' title='bbox 831 961 963 1010; x_wconf 78' lang='grc' dir='ltr'>παῖς</span> <span class='ocrx_word' id='word_1_76' title='bbox 1045 945 1342 1029; x_wconf 75' lang='grc' dir='ltr'>διεῤῥωγὼς</span> <span class='ocrx_word' id='word_1_77' title='bbox 1415 947 1534 1010; x_wconf 84' lang='grc' dir='ltr'>τοὺς</span> <span class='ocrx_word' id='word_1_78' title='bbox 1607 952 1845 1026; x_wconf 81' lang='grc' dir='ltr'>χιτῶνας</span> 
     </span>
    </p>
   </div>
   <div class='ocr_carea' id='block_1_13' title="bbox 1957 941 3564 1029">
    <p class='ocr_par' dir='ltr' id='par_1_13' title="bbox 1957 941 3564 1022">
     <span class='ocr_line' id='line_1_13' title="bbox 1957 941 3564 1022; baseline 0.009 -19"><span class='ocrx_word' id='word_1_79' title='bbox 1957 941 2345 1022; x_wconf 72' lang='lat' dir='ltr'><strong>lhalcedonis)</strong></span> <span class='ocrx_word' id='word_1_80' title='bbox 2380 960 2527 1021; x_wconf 90' lang='lat' dir='ltr'><strong>puer</strong></span> <span class='ocrx_word' id='word_1_81' title='bbox 2560 943 2854 1004; x_wconf 88' lang='lat' dir='ltr'><strong>increduli</strong></span> <span class='ocrx_word' id='word_1_82' title='bbox 2888 945 2953 1007; x_wconf 84' lang='lat' dir='ltr'><strong>(it</strong></span> <span class='ocrx_word' id='word_1_83' title='bbox 2983 947 3214 1010; x_wconf 79' lang='lat' dir='ltr'><strong>obviam</strong></span> <span class='ocrx_word' id='word_1_84' title='bbox 3249 941 3437 1016; x_wconf 85' lang='lat' dir='ltr'><strong>scissa</strong></span> <span class='ocrx_word' id='word_1_85' title='bbox 3464 963 3564 1018; x_wconf 89' lang='lat' dir='ltr'><strong>tu-</strong></span> 
     </span>
    </p>
   </div>
   <div class='ocr_carea' id='block_1_14' title="bbox 198 1028 1868 1118">
    <p class='ocr_par' dir='ltr' id='par_1_14' title="bbox 198 1028 1848 1118">
     <span class='ocr_line' id='line_1_14' title="bbox 198 1028 1848 1118; baseline -0.004 -24"><span class='ocrx_word' id='word_1_86' title='bbox 198 1028 500 1118; x_wconf 75' lang='grc' dir='ltr'>ὑπηντᾶτο,</span> <span class='ocrx_word' id='word_1_87' title='bbox 566 1037 832 1108; x_wconf 80' lang='grc' dir='ltr'>ὀλολύζων</span> <span class='ocrx_word' id='word_1_88' title='bbox 875 1038 964 1094; x_wconf 82' lang='grc' dir='ltr'><strong>καὶ</strong></span> <span class='ocrx_word' id='word_1_89' title='bbox 1019 1039 1250 1108; x_wconf 78' lang='grc' dir='ltr'>θρηνῶν,</span> <span class='ocrx_word' id='word_1_90' title='bbox 1320 1028 1410 1100; x_wconf 78' lang='grc' dir='ltr'>Ὠς</span> <span class='ocrx_word' id='word_1_91' title='bbox 1460 1033 1647 1103; x_wconf 77' lang='grc' dir='ltr'>δὲτὴν</span> <span class='ocrx_word' id='word_1_92' title='bbox 1683 1037 1848 1091; x_wconf 88' lang='grc' dir='ltr'>αἰτίαν</span> 
     </span>
    </p>
   </div>
   <div class='ocr_carea' id='block_1_15' title="bbox 1957 1028 3566 1118">
    <p class='ocr_par' dir='ltr' id='par_1_15' title="bbox 1957 1031 3566 1111">
     <span class='ocr_line' id='line_1_15' title="bbox 1957 1031 3566 1111; baseline 0.01 -19"><span class='ocrx_word' id='word_1_93' title='bbox 1957 1032 2084 1105; x_wconf 73' lang='lat' dir='ltr'><strong>lica,</strong></span> <span class='ocrx_word' id='word_1_94' title='bbox 2135 1032 2369 1111; x_wconf 87' lang='lat' dir='ltr'><strong>ejulans</strong></span> <span class='ocrx_word' id='word_1_95' title='bbox 2419 1041 2476 1092; x_wconf 85' lang='lat' dir='ltr'><strong>et</strong></span> <span class='ocrx_word' id='word_1_96' title='bbox 2534 1031 2890 1094; x_wconf 84' lang='lat' dir='ltr'><strong>lamentans.</strong></span> <span class='ocrx_word' id='word_1_97' title='bbox 2955 1036 3102 1098; x_wconf 90' lang='lat' dir='ltr'><strong>Cum</strong></span> <span class='ocrx_word' id='word_1_98' title='bbox 3152 1057 3291 1101; x_wconf 92' lang='lat' dir='ltr'><strong>vero</strong></span> <span class='ocrx_word' id='word_1_99' title='bbox 3325 1061 3566 1107; x_wconf 81' lang='lat' dir='ltr'><strong>causam</strong></span> 
     </span>
    </p>
   </div>
   <div class='ocr_carea' id='block_1_16' title="bbox 204 1120 1868 1206">
    <p class='ocr_par' dir='ltr' id='par_1_16' title="bbox 204 1124 1846 1204">
     <span class='ocr_line' id='line_1_16' title="bbox 204 1124 1846 1204; baseline -0.005 -18"><span class='ocrx_word' id='word_1_100' title='bbox 204 1129 506 1204; x_wconf 83' lang='grc' dir='ltr'>πυθόμενος</span> <span class='ocrx_word' id='word_1_101' title='bbox 549 1129 577 1183; x_wconf 99' lang='lat'><strong>6</strong></span> <span class='ocrx_word' id='word_1_102' title='bbox 635 1127 821 1185; x_wconf 86' lang='grc' dir='ltr'>τούτου</span> <span class='ocrx_word' id='word_1_103' title='bbox 895 1124 1185 1198; x_wconf 82' lang='grc' dir='ltr'><strong>δεσπότης,</strong></span> <span class='ocrx_word' id='word_1_104' title='bbox 1232 1125 1292 1180; x_wconf 74' lang='grc' dir='ltr'>οὗ</span> <span class='ocrx_word' id='word_1_105' title='bbox 1335 1126 1503 1204; x_wconf 85' lang='grc' dir='ltr'>τάχος</span> <span class='ocrx_word' id='word_1_106' title='bbox 1559 1126 1846 1200; x_wconf 77' lang='grc' dir='ltr'>ἐμάνθανεν</span> 
     </span>
    </p>
   </div>
   <div class='ocr_carea' id='block_1_17' title="bbox 1957 1120 3568 1206">
    <p class='ocr_par' dir='ltr' id='par_1_17' title="bbox 1957 1120 3568 1206">
     <span class='ocr_line' id='line_1_17' title="bbox 1957 1120 3568 1206; baseline 0.009 -24"><span class='ocrx_word' id='word_1_107' title='bbox 1957 1123 2262 1183; x_wconf 86' lang='lat' dir='ltr'><strong>ciscitatus</strong></span> <span class='ocrx_word' id='word_1_108' title='bbox 2295 1123 2423 1199; x_wconf 85' lang='lat' dir='ltr'><strong>ejus</strong></span> <span class='ocrx_word' id='word_1_109' title='bbox 2475 1120 2782 1201; x_wconf 86' lang='lat' dir='ltr'><strong>dominus,</strong></span> <span class='ocrx_word' id='word_1_110' title='bbox 2816 1141 2934 1185; x_wconf 89' lang='lat' dir='ltr'><strong>non</strong></span> <span class='ocrx_word' id='word_1_111' title='bbox 2964 1144 3138 1204; x_wconf 91' lang='lat' dir='ltr'><strong>quam</strong></span> <span class='ocrx_word' id='word_1_112' title='bbox 3173 1130 3433 1206; x_wconf 81' lang='lat' dir='ltr'><strong>primum</strong></span> <span class='ocrx_word' id='word_1_113' title='bbox 3467 1136 3568 1197; x_wconf 84' lang='lat' dir='ltr'><strong>in-</strong></span> 
     </span>
    </p>
   </div>
   <div class='ocr_carea' id='block_1_18' title="bbox 203 1213 1849 1291">
    <p class='ocr_par' dir='ltr' id='par_1_18' title="bbox 203 1213 1849 1291">
     <span class='ocr_line' id='line_1_18' title="bbox 203 1213 1849 1291; baseline -0.003 -16"><span class='ocrx_word' id='word_1_114' title='bbox 203 1219 307 1275; x_wconf 77' lang='grc' dir='ltr'>τοῦ</span> <span class='ocrx_word' id='word_1_115' title='bbox 362 1217 552 1282; x_wconf 84' lang='grc' dir='ltr'>παιδὸς</span> <span class='ocrx_word' id='word_1_116' title='bbox 611 1219 714 1274; x_wconf 76' lang='grc' dir='ltr'><strong>ὑπὸ</strong></span> <span class='ocrx_word' id='word_1_117' title='bbox 771 1215 916 1280; x_wconf 85' lang='grc' dir='ltr'>δέους</span> <span class='ocrx_word' id='word_1_118' title='bbox 975 1218 1062 1272; x_wconf 85' lang='grc' dir='ltr'><strong>καὶ</strong></span> <span class='ocrx_word' id='word_1_119' title='bbox 1118 1215 1292 1282; x_wconf 82' lang='grc' dir='ltr'>λύπης</span> <span class='ocrx_word' id='word_1_120' title='bbox 1335 1216 1396 1270; x_wconf 81' lang='grc' dir='ltr'>τὸ</span> <span class='ocrx_word' id='word_1_121' title='bbox 1437 1213 1640 1290; x_wconf 78' lang='grc' dir='ltr'>συμϐὰν</span> <span class='ocrx_word' id='word_1_122' title='bbox 1690 1213 1849 1291; x_wconf 80' lang='grc' dir='ltr'>ἐξαγ-</span> 
     </span>
    </p>
   </div>
   <div class='ocr_carea' id='block_1_19' title="bbox 208 1304 1847 1385">
    <p class='ocr_par' dir='ltr' id='par_1_19' title="bbox 208 1304 1847 1385">
     <span class='ocr_line' id='line_1_19' title="bbox 208 1304 1847 1385; baseline -0.003 -21"><span class='ocrx_word' id='word_1_123' title='bbox 208 1307 424 1385; x_wconf 80' lang='grc' dir='ltr'>γέλλειν</span> <span class='ocrx_word' id='word_1_124' title='bbox 480 1305 936 1384; x_wconf 75' lang='grc' dir='ltr'>ἀναϐαλλομένου,</span> <span class='ocrx_word' id='word_1_125' title='bbox 999 1315 1154 1364; x_wconf 89' lang='grc' dir='ltr'>τοῦτο</span> <span class='ocrx_word' id='word_1_126' title='bbox 1212 1304 1266 1360; x_wconf 79' lang='grc' dir='ltr'>δὲ</span> <span class='ocrx_word' id='word_1_127' title='bbox 1341 1305 1504 1379; x_wconf 89' lang='grc' dir='ltr'>μόνον</span> <span class='ocrx_word' id='word_1_128' title='bbox 1574 1304 1847 1383; x_wconf 83' lang='grc' dir='ltr'>λέγοντος,</span> 
     </span>
    </p>
   </div>
   <div class='ocr_carea' id='block_1_20' title="bbox 210 1391 1850 1474">
    <p class='ocr_par' dir='ltr' id='par_1_20' title="bbox 210 1391 1850 1474">
     <span class='ocr_line' id='line_1_20' title="bbox 210 1391 1850 1474; baseline -0.004 -20"><span class='ocrx_word' id='word_1_129' title='bbox 210 1397 296 1454; x_wconf 80' lang='grc' dir='ltr'><strong>ὅτι</strong></span> <span class='ocrx_word' id='word_1_130' title='bbox 359 1399 534 1456; x_wconf 79' lang='grc' dir='ltr'>Κακὸν</span> <span class='ocrx_word' id='word_1_131' title='bbox 591 1399 727 1472; x_wconf 75' lang='grc' dir='ltr'>ἡμῖν</span> <span class='ocrx_word' id='word_1_132' title='bbox 784 1403 1025 1474; x_wconf 85' lang='grc' dir='ltr'>πρᾶγμα,</span> <span class='ocrx_word' id='word_1_133' title='bbox 1089 1393 1341 1473; x_wconf 84' lang='grc' dir='ltr'>δέσποτα,</span> <span class='ocrx_word' id='word_1_134' title='bbox 1404 1391 1620 1460; x_wconf 75' lang='grc' dir='ltr'>συνέϐη.</span> <span class='ocrx_word' id='word_1_135' title='bbox 1691 1391 1850 1450; x_wconf 82' lang='grc' dir='ltr'>Ἐπι-</span> 
     </span>
    </p>
   </div>
   <div class='ocr_carea' id='block_1_21' title="bbox 213 1482 1849 1565">
    <p class='ocr_par' dir='ltr' id='par_1_21' title="bbox 213 1482 1849 1565">
     <span class='ocr_line' id='line_1_21' title="bbox 213 1482 1849 1565; baseline -0.005 -21"><span class='ocrx_word' id='word_1_136' title='bbox 213 1485 655 1565; x_wconf 82' lang='grc' dir='ltr'>πληκτικώτερον</span> <span class='ocrx_word' id='word_1_137' title='bbox 700 1485 1002 1561; x_wconf 77' lang='grc' dir='ltr'><strong>ἀποκριθεὶς</strong></span> <span class='ocrx_word' id='word_1_138' title='bbox 1049 1485 1076 1539; x_wconf 90' lang='lat'><strong>6</strong></span> <span class='ocrx_word' id='word_1_139' title='bbox 1127 1482 1387 1550; x_wconf 79' lang='grc' dir='ltr'><strong>δεσπότης</strong></span> <span class='ocrx_word' id='word_1_140' title='bbox 1438 1485 1595 1540; x_wconf 74' lang='grc' dir='ltr'>αὐτοῦ</span> <span class='ocrx_word' id='word_1_141' title='bbox 1638 1505 1800 1562; x_wconf 86' lang='grc' dir='ltr'>φησιν</span> <span class='ocrx_word' id='word_1_142' title='bbox 1833 1502 1849 1518; x_wconf 78' lang='grc' dir='ltr'><strong><em>ο</em></strong></span> 
     </span>
    </p>
   </div>
   <div class='ocr_carea' id='block_1_22' title="bbox 216 1571 1851 1652">
    <p class='ocr_par' dir='ltr' id='par_1_22' title="bbox 216 1571 1851 1652">
     <span class='ocr_line' id='line_1_22' title="bbox 216 1571 1851 1652; baseline -0.004 -19"><span class='ocrx_word' id='word_1_143' title='bbox 216 1575 344 1633; x_wconf 77' lang='grc' dir='ltr'><strong>Εἰπὲ</strong></span> <span class='ocrx_word' id='word_1_144' title='bbox 403 1577 452 1632; x_wconf 91' lang='grc' dir='ltr'><strong>τί</strong></span> <span class='ocrx_word' id='word_1_145' title='bbox 495 1576 639 1633; x_wconf 77' lang='grc' dir='ltr'>ἐστιν</span> <span class='ocrx_word' id='word_1_146' title='bbox 671 1597 688 1613; x_wconf 74' lang='grc' dir='ltr'><strong><em>ο</em></strong></span> <span class='ocrx_word' id='word_1_147' title='bbox 733 1574 1004 1639; x_wconf 79' lang='grc' dir='ltr'>ἐσυλώθην</span> <span class='ocrx_word' id='word_1_148' title='bbox 1040 1591 1057 1649; x_wconf 84' lang='grc'>;</span> <span class='ocrx_word' id='word_1_149' title='bbox 1115 1571 1446 1651; x_wconf 69' lang='grc' dir='ltr'>ἒνεπράσθην</span> <span class='ocrx_word' id='word_1_150' title='bbox 1480 1592 1497 1652; x_wconf 64' lang='grc' dir='ltr'><strong><em>ς</em></strong></span> <span class='ocrx_word' id='word_1_151' title='bbox 1531 1573 1589 1631; x_wconf 88' lang='grc' dir='ltr'>Ὀ</span> <span class='ocrx_word' id='word_1_152' title='bbox 1621 1571 1675 1628; x_wconf 75' lang='grc' dir='ltr'>δὲ</span> <span class='ocrx_word' id='word_1_153' title='bbox 1719 1585 1851 1636; x_wconf 80' lang='grc' dir='ltr'>παῖς</span> 
     </span>
    </p>
   </div>
   <div class='ocr_carea' id='block_1_23' title="bbox 214 1661 1851 1742">
    <p class='ocr_par' dir='ltr' id='par_1_23' title="bbox 214 1661 1851 1742">
     <span class='ocr_line' id='line_1_23' title="bbox 214 1661 1851 1742; baseline 0.001 -22"><span class='ocrx_word' id='word_1_154' title='bbox 214 1663 362 1742; x_wconf 86' lang='grc' dir='ltr'>λέγει</span> <span class='ocrx_word' id='word_1_155' title='bbox 397 1681 410 1694; x_wconf 87' lang='grc'>⁶</span> <span class='ocrx_word' id='word_1_156' title='bbox 474 1663 608 1722; x_wconf 77' lang='grc' dir='ltr'>ἰδοὺ</span> <span class='ocrx_word' id='word_1_157' title='bbox 672 1667 707 1732; x_wconf 77' lang='grc' dir='ltr'><strong>ἡ</strong></span> <span class='ocrx_word' id='word_1_158' title='bbox 765 1663 1002 1742; x_wconf 82' lang='grc' dir='ltr'><strong>θυγάτηρ</strong></span> <span class='ocrx_word' id='word_1_159' title='bbox 1047 1685 1141 1720; x_wconf 91' lang='grc' dir='ltr'><strong>σου</strong></span> <span class='ocrx_word' id='word_1_160' title='bbox 1184 1661 1238 1718; x_wconf 75' lang='grc' dir='ltr'>ἐν</span> <span class='ocrx_word' id='word_1_161' title='bbox 1280 1670 1358 1735; x_wconf 84' lang='grc' dir='ltr'>τῷ</span> <span class='ocrx_word' id='word_1_162' title='bbox 1399 1662 1538 1736; x_wconf 71' lang='grc' dir='ltr'>οἴκῳ</span> <span class='ocrx_word' id='word_1_163' title='bbox 1595 1661 1851 1742; x_wconf 82' lang='grc' dir='ltr'>χαλεπῶς</span> 
     </span>
    </p>
   </div>
   <div class='ocr_carea' id='block_1_24' title="bbox 215 1751 756 1833">
    <p class='ocr_par' dir='ltr' id='par_1_24' title="bbox 215 1751 756 1833">
     <span class='ocr_line' id='line_1_24' title="bbox 215 1751 756 1833; baseline 0.002 -24"><span class='ocrx_word' id='word_1_164' title='bbox 215 1751 602 1833; x_wconf 66' lang='grc' dir='ltr'>δαιμονίζεται,</span> <span class='ocrx_word' id='word_1_165' title='bbox 685 1756 756 1814; x_wconf 81' lang='grc' dir='ltr'>ὡς</span> 
     </span>
    </p>
   </div>
   <div class='ocr_carea' id='block_1_25' title="bbox 213 1839 1856 1919">
    <p class='ocr_par' dir='ltr' id='par_1_25' title="bbox 213 1839 1856 1919">
     <span class='ocr_line' id='line_1_25' title="bbox 213 1839 1856 1919; baseline -0.003 -20"><span class='ocrx_word' id='word_1_166' title='bbox 213 1846 387 1918; x_wconf 72' lang='grc' dir='ltr'>ἡμᾶς,</span> <span class='ocrx_word' id='word_1_167' title='bbox 451 1846 582 1902; x_wconf 86' lang='grc' dir='ltr'>Τότε</span> <span class='ocrx_word' id='word_1_168' title='bbox 645 1841 711 1910; x_wconf 76' lang='grc' dir='ltr'>δὴ</span> <span class='ocrx_word' id='word_1_169' title='bbox 783 1844 857 1905; x_wconf 84' lang='grc' dir='ltr'><strong>είς</strong></span> <span class='ocrx_word' id='word_1_170' title='bbox 919 1843 1260 1908; x_wconf 83' lang='grc' dir='ltr'>συναίσθησιν</span> <span class='ocrx_word' id='word_1_171' title='bbox 1303 1840 1599 1918; x_wconf 75' lang='grc' dir='ltr'>ἐληλυθὼς,</span> <span class='ocrx_word' id='word_1_172' title='bbox 1667 1839 1856 1919; x_wconf 68' lang='grc' dir='ltr'>ἤρξατο</span> 
     </span>
    </p>
   </div>
   <div class='ocr_carea' id='block_1_26' title="bbox 215 1928 1857 2010">
    <p class='ocr_par' dir='ltr' id='par_1_26' title="bbox 215 1928 1857 2010">
     <span class='ocr_line' id='line_1_26' title="bbox 215 1928 1857 2010; baseline -0.002 -22"><span class='ocrx_word' id='word_1_173' title='bbox 215 1934 434 1990; x_wconf 82' lang='grc' dir='ltr'>τύπτειν</span> <span class='ocrx_word' id='word_1_174' title='bbox 491 1935 552 1988; x_wconf 83' lang='grc' dir='ltr'>τὸ</span> <span class='ocrx_word' id='word_1_175' title='bbox 625 1933 910 2010; x_wconf 89' lang='grc' dir='ltr'>πρόσωπον</span> <span class='ocrx_word' id='word_1_176' title='bbox 978 1935 1136 1989; x_wconf 76' lang='grc' dir='ltr'>αὐτοῦ</span> <span class='ocrx_word' id='word_1_177' title='bbox 1205 1929 1300 1986; x_wconf 79' lang='grc' dir='ltr'>καί</span> <span class='ocrx_word' id='word_1_178' title='bbox 1359 1928 1695 1986; x_wconf 88' lang='grc' dir='ltr'>κατατίλλειν</span> <span class='ocrx_word' id='word_1_179' title='bbox 1762 1929 1857 1993; x_wconf 76' lang='grc' dir='ltr'><strong>τὰς</strong></span> 
     </span>
    </p>
   </div>
   <div class='ocr_carea' id='block_1_27' title="bbox 218 2017 1858 2102">
    <p class='ocr_par' dir='ltr' id='par_1_27' title="bbox 218 2017 1858 2102">
     <span class='ocr_line' id='line_1_27' title="bbox 218 2017 1858 2102; baseline -0.003 -24"><span class='ocrx_word' id='word_1_180' title='bbox 218 2023 414 2102; x_wconf 80' lang='grc' dir='ltr'>τρίχας</span> <span class='ocrx_word' id='word_1_181' title='bbox 476 2023 636 2078; x_wconf 76' lang='grc' dir='ltr'>αὐτοῦ</span> <span class='ocrx_word' id='word_1_182' title='bbox 678 2021 772 2078; x_wconf 79' lang='grc' dir='ltr'><strong>καί</strong></span> <span class='ocrx_word' id='word_1_183' title='bbox 831 2021 961 2096; x_wconf 81' lang='grc' dir='ltr'>βοᾷν</span> <span class='ocrx_word' id='word_1_184' title='bbox 1009 2021 1221 2098; x_wconf 66' lang='grc' dir='ltr'>μεγάλῃ</span> <span class='ocrx_word' id='word_1_185' title='bbox 1265 2024 1333 2094; x_wconf 72' lang='grc' dir='ltr'><strong>τῇ</strong></span> <span class='ocrx_word' id='word_1_186' title='bbox 1387 2023 1541 2096; x_wconf 84' lang='grc' dir='ltr'>φωνῇ</span> <span class='ocrx_word' id='word_1_187' title='bbox 1571 2037 1584 2051; x_wconf 80' lang='grc'><strong>⁸</strong></span> <span class='ocrx_word' id='word_1_188' title='bbox 1634 2017 1762 2076; x_wconf 70' lang='grc' dir='ltr'>Ούαὶ</span> <span class='ocrx_word' id='word_1_189' title='bbox 1791 2022 1858 2092; x_wconf 78' lang='grc' dir='ltr'><strong>τῇ</strong></span> 
     </span>
    </p>
   </div>
   <div class='ocr_carea' id='block_1_28' title="bbox 221 2107 1858 2188">
    <p class='ocr_par' dir='ltr' id='par_1_28' title="bbox 221 2107 1858 2188">
     <span class='ocr_line' id='line_1_28' title="bbox 221 2107 1858 2188; baseline -0.004 -20"><span class='ocrx_word' id='word_1_190' title='bbox 221 2111 332 2188; x_wconf 67' lang='grc' dir='ltr'>ἐμῇ</span> <span class='ocrx_word' id='word_1_191' title='bbox 373 2112 591 2180; x_wconf 77' lang='grc' dir='ltr'>ἀπιστίᾳ</span> <span class='ocrx_word' id='word_1_192' title='bbox 627 2129 644 2148; x_wconf 77' lang='grc'>⁸</span> <span class='ocrx_word' id='word_1_193' title='bbox 677 2108 803 2166; x_wconf 83' lang='grc' dir='ltr'>ἀλλ’</span> <span class='ocrx_word' id='word_1_194' title='bbox 848 2111 942 2166; x_wconf 71' lang='grc' dir='ltr'><strong>ἐπὶ</strong></span> <span class='ocrx_word' id='word_1_195' title='bbox 991 2107 1124 2166; x_wconf 87' lang='grc' dir='ltr'>πολὺ</span> <span class='ocrx_word' id='word_1_196' title='bbox 1185 2107 1614 2170; x_wconf 66' lang='grc' dir='ltr'>κατακόπτοντπ</span> <span class='ocrx_word' id='word_1_197' title='bbox 1671 2107 1858 2163; x_wconf 81' lang='grc' dir='ltr'>ἑαυτὸν</span> 
     </span>
    </p>
   </div>
   <div class='ocr_carea' id='block_1_29' title="bbox 219 2196 1857 2281">
    <p class='ocr_par' dir='ltr' id='par_1_29' title="bbox 219 2196 1857 2281">
     <span class='ocr_line' id='line_1_29' title="bbox 219 2196 1857 2281; baseline -0.003 -24"><span class='ocrx_word' id='word_1_198' title='bbox 219 2202 309 2257; x_wconf 83' lang='grc' dir='ltr'><strong>καὶ</strong></span> <span class='ocrx_word' id='word_1_199' title='bbox 365 2201 648 2281; x_wconf 75' lang='grc' dir='ltr'>ἀφορήτως</span> <span class='ocrx_word' id='word_1_200' title='bbox 699 2203 1040 2276; x_wconf 81' lang='grc' dir='ltr'>θρηνοῦντος,</span> <span class='ocrx_word' id='word_1_201' title='bbox 1087 2199 1114 2254; x_wconf 90' lang='lat'><strong>6</strong></span> <span class='ocrx_word' id='word_1_202' title='bbox 1168 2198 1260 2253; x_wconf 86' lang='grc' dir='ltr'>σὺν</span> <span class='ocrx_word' id='word_1_203' title='bbox 1291 2196 1434 2271; x_wconf 77' lang='grc' dir='ltr'>αὒτῷ</span> <span class='ocrx_word' id='word_1_204' title='bbox 1476 2198 1663 2260; x_wconf 81' lang='grc' dir='ltr'>πιστὸς</span> <span class='ocrx_word' id='word_1_205' title='bbox 1700 2197 1857 2252; x_wconf 76' lang='grc' dir='ltr'>ἑταῖ-</span> 
     </span>
    </p>
   </div>
   <div class='ocr_carea' id='block_1_30' title="bbox 223 2287 1856 2368">
    <p class='ocr_par' dir='ltr' id='par_1_30' title="bbox 223 2287 1856 2368">
     <span class='ocr_line' id='line_1_30' title="bbox 223 2287 1856 2368; baseline -0.003 -22"><span class='ocrx_word' id='word_1_206' title='bbox 223 2310 312 2368; x_wconf 88' lang='grc' dir='ltr'><strong>ρος</strong></span> <span class='ocrx_word' id='word_1_207' title='bbox 373 2290 530 2346; x_wconf 77' lang='grc' dir='ltr'>εἶπεν</span> <span class='ocrx_word' id='word_1_208' title='bbox 586 2291 718 2367; x_wconf 78' lang='grc' dir='ltr'>πρὸς</span> <span class='ocrx_word' id='word_1_209' title='bbox 778 2291 960 2360; x_wconf 74' lang='grc' dir='ltr'>αὐτὸν,</span> <span class='ocrx_word' id='word_1_210' title='bbox 1021 2288 1194 2350; x_wconf 85' lang='grc' dir='ltr'>καθὼς</span> <span class='ocrx_word' id='word_1_211' title='bbox 1258 2288 1286 2342; x_wconf 92' lang='lat'><strong>6</strong></span> <span class='ocrx_word' id='word_1_212' title='bbox 1345 2287 1535 2362; x_wconf 77' lang='grc' dir='ltr'>Σωτὴρ</span> <span class='ocrx_word' id='word_1_213' title='bbox 1579 2287 1710 2363; x_wconf 79' lang='grc' dir='ltr'>πρὸς</span> <span class='ocrx_word' id='word_1_214' title='bbox 1766 2287 1856 2342; x_wconf 77' lang='grc' dir='ltr'>τὸν</span> 
     </span>
    </p>
   </div>
   <div class='ocr_carea' id='block_1_31' title="bbox 220 2375 1857 2457">
    <p class='ocr_par' dir='ltr' id='par_1_31' title="bbox 220 2375 1857 2457">
     <span class='ocr_line' id='line_1_31' title="bbox 220 2375 1857 2457; baseline -0.003 -22"><span class='ocrx_word' id='word_1_215' title='bbox 220 2378 423 2456; x_wconf 78' lang='grc' dir='ltr'>ἰάϊρον</span> <span class='ocrx_word' id='word_1_216' title='bbox 454 2397 468 2412; x_wconf 81' lang='grc'><strong><em>⁸</em></strong></span> <span class='ocrx_word' id='word_1_217' title='bbox 521 2379 608 2444; x_wconf 72' lang='grc' dir='ltr'><strong>Μὴ</strong></span> <span class='ocrx_word' id='word_1_218' title='bbox 667 2375 852 2457; x_wconf 76' lang='grc' dir='ltr'>φοϐοῦ,</span> <span class='ocrx_word' id='word_1_219' title='bbox 900 2377 1063 2451; x_wconf 73' lang='grc' dir='ltr'>μόνον</span> <span class='ocrx_word' id='word_1_220' title='bbox 1116 2377 1354 2450; x_wconf 81' lang='grc' dir='ltr'>πίστευε,</span> <span class='ocrx_word' id='word_1_221' title='bbox 1415 2376 1504 2432; x_wconf 86' lang='grc' dir='ltr'><strong>καὶ</strong></span> <span class='ocrx_word' id='word_1_222' title='bbox 1559 2376 1857 2444; x_wconf 80' lang='grc' dir='ltr'>σωθήσεται</span> 
     </span>
    </p>
   </div>
   <div class='ocr_carea' id='block_1_32' title="bbox 218 2462 1860 2537">
    <p class='ocr_par' dir='ltr' id='par_1_32' title="bbox 218 2462 1860 2537">
     <span class='ocr_line' id='line_1_32' title="bbox 218 2462 1860 2537; baseline -0.002 -13"><span class='ocrx_word' id='word_1_223' title='bbox 218 2470 254 2536; x_wconf 81' lang='grc' dir='ltr'><strong>ἡ</strong></span> <span class='ocrx_word' id='word_1_224' title='bbox 285 2480 443 2532; x_wconf 75' lang='grc' dir='ltr'>παῖς,</span> <span class='ocrx_word' id='word_1_225' title='bbox 503 2465 740 2524; x_wconf 84' lang='grc' dir='ltr'>Ἐκείνου</span> <span class='ocrx_word' id='word_1_226' title='bbox 802 2465 857 2521; x_wconf 77' lang='grc' dir='ltr'>δὲ</span> <span class='ocrx_word' id='word_1_227' title='bbox 901 2467 999 2534; x_wconf 81' lang='grc' dir='ltr'><strong>τὴν</strong></span> <span class='ocrx_word' id='word_1_228' title='bbox 1047 2465 1295 2522; x_wconf 83' lang='grc' dir='ltr'>ἀπιστίὰν</span> <span class='ocrx_word' id='word_1_229' title='bbox 1327 2465 1506 2537; x_wconf 77' lang='grc' dir='ltr'>τελείᾳ</span> <span class='ocrx_word' id='word_1_230' title='bbox 1548 2463 1717 2521; x_wconf 81' lang='grc' dir='ltr'>πίστέι</span> <span class='ocrx_word' id='word_1_231' title='bbox 1775 2462 1860 2520; x_wconf 78' lang='grc' dir='ltr'>διὰ</span> 
     </span>
    </p>
   </div>
   <div class='ocr_carea' id='block_1_33' title="bbox 220 2553 1857 2636">
    <p class='ocr_par' dir='ltr' id='par_1_33' title="bbox 220 2553 1857 2636">
     <span class='ocr_line' id='line_1_33' title="bbox 220 2553 1857 2636; baseline -0.002 -22"><span class='ocrx_word' id='word_1_232' title='bbox 220 2561 320 2624; x_wconf 78' lang='grc' dir='ltr'>τῆς</span> <span class='ocrx_word' id='word_1_233' title='bbox 363 2557 678 2636; x_wconf 77' lang='grc' dir='ltr'>προφάσεως</span> <span class='ocrx_word' id='word_1_234' title='bbox 737 2557 937 2622; x_wconf 87' lang='grc' dir='ltr'>ταύτης</span> <span class='ocrx_word' id='word_1_235' title='bbox 995 2553 1434 2632; x_wconf 78' lang='grc' dir='ltr'>διωρθωσαμένου</span> <span class='ocrx_word' id='word_1_236' title='bbox 1481 2556 1570 2611; x_wconf 86' lang='grc' dir='ltr'><strong>καὶ</strong></span> <span class='ocrx_word' id='word_1_237' title='bbox 1633 2554 1857 2628; x_wconf 80' lang='grc' dir='ltr'>κράζον-</span> 
     </span>
    </p>
   </div>
   <div class='ocr_carea' id='block_1_34' title="bbox 224 2642 1860 2720">
    <p class='ocr_par' dir='ltr' id='par_1_34' title="bbox 224 2642 1860 2720">
     <span class='ocr_line' id='line_1_34' title="bbox 224 2642 1860 2720; baseline -0.001 -17"><span class='ocrx_word' id='word_1_238' title='bbox 224 2667 313 2703; x_wconf 62' lang='lat' dir='ltr'><strong>voc</strong></span> <span class='ocrx_word' id='word_1_239' title='bbox 350 2660 365 2675; x_wconf 84' lang='lat'><strong><em>°</em></strong></span> <span class='ocrx_word' id='word_1_240' title='bbox 441 2645 704 2718; x_wconf 76' lang='grc' dir='ltr'>Πιστεύω,</span> <span class='ocrx_word' id='word_1_241' title='bbox 756 2643 938 2720; x_wconf 64' lang='grc' dir='ltr'>βοήθει</span> <span class='ocrx_word' id='word_1_242' title='bbox 1017 2665 1116 2718; x_wconf 60' lang='grc' dir='ltr'>μοι)</span> <span class='ocrx_word' id='word_1_243' title='bbox 1175 2649 1243 2719; x_wconf 81' lang='grc' dir='ltr'><strong>τῇ</strong></span> <span class='ocrx_word' id='word_1_244' title='bbox 1300 2645 1541 2717; x_wconf 80' lang='grc' dir='ltr'>ἀπιστίᾳ,</span> <span class='ocrx_word' id='word_1_245' title='bbox 1602 2642 1860 2718; x_wconf 83' lang='grc' dir='ltr'>διαπερά-</span> 
     </span>
    </p>
   </div>
   <div class='ocr_carea' id='block_1_35' title="bbox 223 2731 1861 2810">
    <p class='ocr_par' dir='ltr' id='par_1_35' title="bbox 223 2731 1861 2810">
     <span class='ocr_line' id='line_1_35' title="bbox 223 2731 1861 2810; baseline -0.002 -19"><span class='ocrx_word' id='word_1_246' title='bbox 223 2755 414 2800; x_wconf 87' lang='grc' dir='ltr'>σαντες</span> <span class='ocrx_word' id='word_1_247' title='bbox 455 2735 568 2810; x_wconf 74' lang='grc' dir='ltr'>ἅμα</span> <span class='ocrx_word' id='word_1_248' title='bbox 625 2733 787 2802; x_wconf 75' lang='grc' dir='ltr'>ἦλθον</span> <span class='ocrx_word' id='word_1_249' title='bbox 841 2732 935 2790; x_wconf 64' lang='grc' dir='ltr'><strong>ἐπὶ</strong></span> <span class='ocrx_word' id='word_1_250' title='bbox 995 2735 1094 2800; x_wconf 78' lang='grc' dir='ltr'><strong>την</strong></span> <span class='ocrx_word' id='word_1_251' title='bbox 1152 2734 1320 2789; x_wconf 78' lang='grc' dir='ltr'>οἰκίαν</span> <span class='ocrx_word' id='word_1_252' title='bbox 1353 2749 1366 2764; x_wconf 85' lang='grc'><em>’</em></span> <span class='ocrx_word' id='word_1_253' title='bbox 1427 2735 1516 2789; x_wconf 82' lang='grc' dir='ltr'><strong>καὶ</strong></span> <span class='ocrx_word' id='word_1_254' title='bbox 1545 2731 1610 2800; x_wconf 79' lang='grc' dir='ltr'>δὴ</span> <span class='ocrx_word' id='word_1_255' title='bbox 1665 2733 1861 2788; x_wconf 77' lang='grc' dir='ltr'>θεασά-</span> 
     </span>
    </p>
   </div>
   <div class='ocr_carea' id='block_1_36' title="bbox 223 2819 1863 2901">
    <p class='ocr_par' dir='ltr' id='par_1_36' title="bbox 223 2819 1863 2901">
     <span class='ocr_line' id='line_1_36' title="bbox 223 2819 1863 2901; baseline -0.004 -20"><span class='ocrx_word' id='word_1_256' title='bbox 223 2845 377 2900; x_wconf 73' lang='grc' dir='ltr'>μενοι</span> <span class='ocrx_word' id='word_1_257' title='bbox 408 2823 506 2890; x_wconf 76' lang='grc' dir='ltr'>τὴν</span> <span class='ocrx_word' id='word_1_258' title='bbox 553 2822 825 2901; x_wconf 81' lang='grc' dir='ltr'>συμφορὰν</span> <span class='ocrx_word' id='word_1_259' title='bbox 882 2823 971 2876; x_wconf 86' lang='grc' dir='ltr'><strong>καὶ</strong></span> <span class='ocrx_word' id='word_1_260' title='bbox 1020 2821 1301 2901; x_wconf 79' lang='grc' dir='ltr'>ἀφορήτως</span> <span class='ocrx_word' id='word_1_261' title='bbox 1353 2819 1723 2901; x_wconf 61' lang='grc' dir='ltr'>ἐλεγχομένην</span> <span class='ocrx_word' id='word_1_262' title='bbox 1768 2822 1863 2889; x_wconf 82' lang='grc' dir='ltr'><strong>τὴν</strong></span> 
     </span>
    </p>
   </div>
   <div class='ocr_carea' id='block_1_37' title="bbox 225 2908 1860 2990">
    <p class='ocr_par' dir='ltr' id='par_1_37' title="bbox 225 2908 1860 2990">
     <span class='ocr_line' id='line_1_37' title="bbox 225 2908 1860 2990; baseline -0.004 -21"><span class='ocrx_word' id='word_1_263' title='bbox 225 2915 392 2990; x_wconf 87' lang='grc' dir='ltr'>κόρην</span> <span class='ocrx_word' id='word_1_264' title='bbox 451 2912 539 2967; x_wconf 82' lang='grc' dir='ltr'><strong>καὶ</strong></span> <span class='ocrx_word' id='word_1_265' title='bbox 596 2912 687 2966; x_wconf 81' lang='grc' dir='ltr'>τὸν</span> <span class='ocrx_word' id='word_1_266' title='bbox 759 2913 1020 2987; x_wconf 58' lang='grc' dir='ltr'>μακάριοί</span> <span class='ocrx_word' id='word_1_267' title='bbox 1086 2908 1360 2975; x_wconf 76' lang='grc' dir='ltr'>Αὗξέντιον</span> <span class='ocrx_word' id='word_1_268' title='bbox 1409 2909 1860 2984; x_wconf 76' lang='grc' dir='ltr'>ἐπικαλουμένην,</span> 
     </span>
    </p>
   </div>
   <div class='ocr_carea' id='block_1_38' title="bbox 224 2997 1863 3079">
    <p class='ocr_par' dir='ltr' id='par_1_38' title="bbox 224 2997 1863 3079">
     <span class='ocr_line' id='line_1_38' title="bbox 224 2997 1863 3079; baseline -0.002 -22"><span class='ocrx_word' id='word_1_269' title='bbox 224 3003 491 3079; x_wconf 75' lang='grc' dir='ltr'>οἰμωγαῖς</span> <span class='ocrx_word' id='word_1_270' title='bbox 563 3002 651 3056; x_wconf 86' lang='grc' dir='ltr'><strong>καὶ</strong></span> <span class='ocrx_word' id='word_1_271' title='bbox 723 2998 972 3077; x_wconf 73' lang='grc' dir='ltr'>ὀδυρμοῖς</span> <span class='ocrx_word' id='word_1_272' title='bbox 1030 3000 1377 3078; x_wconf 71' lang='grc' dir='ltr'>ἒκραύγαζον.</span> <span class='ocrx_word' id='word_1_273' title='bbox 1431 2999 1568 3055; x_wconf 68' lang='lat' dir='ltr'><strong>stu</strong></span> <span class='ocrx_word' id='word_1_274' title='bbox 1625 2997 1771 3076; x_wconf 85' lang='grc' dir='ltr'>λέγει</span> <span class='ocrx_word' id='word_1_275' title='bbox 1837 3001 1863 3053; x_wconf 83' lang='grc' dir='ltr'><strong>ὁ</strong></span> 
     </span>
    </p>
   </div>
   <div class='ocr_carea' id='block_1_39' title="bbox 1934 1211 3568 1305">
    <p class='ocr_par' dir='ltr' id='par_1_39' title="bbox 1934 1211 3568 1305">
     <span class='ocr_line' id='line_1_39' title="bbox 1934 1211 3568 1305; baseline 0.01 -33"><span class='ocrx_word' id='word_1_276' title='bbox 1934 1212 2181 1305; x_wconf 70' lang='lat' dir='ltr'><strong>tellexit,</strong></span> <span class='ocrx_word' id='word_1_277' title='bbox 2238 1229 2422 1291; x_wconf 90' lang='lat' dir='ltr'><strong>puero</strong></span> <span class='ocrx_word' id='word_1_278' title='bbox 2469 1229 2592 1305; x_wconf 67' lang='lat' dir='ltr'><strong>prae</strong></span> <span class='ocrx_word' id='word_1_279' title='bbox 2612 1211 2864 1305; x_wconf 40' lang='lat' dir='ltr'><strong>“timore</strong></span> <span class='ocrx_word' id='word_1_280' title='bbox 2905 1222 2978 1305; x_wconf 84' lang='lat' dir='ltr'><strong>et</strong></span> <span class='ocrx_word' id='word_1_281' title='bbox 3026 1233 3283 1282; x_wconf 74' lang='lat' dir='ltr'><strong>mmrore</strong></span> <span class='ocrx_word' id='word_1_282' title='bbox 3313 1222 3373 1283; x_wconf 89' lang='lat' dir='ltr'><strong>id</strong></span> <span class='ocrx_word' id='word_1_283' title='bbox 3406 1225 3568 1305; x_wconf 91' lang='lat' dir='ltr'><strong>quod</strong></span> 
     </span>
    </p>
   </div>
   <div class='ocr_carea' id='block_1_40' title="bbox 1932 1299 3569 1380">
    <p class='ocr_par' dir='ltr' id='par_1_40' title="bbox 1932 1299 3569 1380">
     <span class='ocr_line' id='line_1_40' title="bbox 1932 1299 3569 1380; baseline 0.01 -18"><span class='ocrx_word' id='word_1_284' title='bbox 1932 1300 2231 1362; x_wconf 88' lang='lat' dir='ltr'><strong>acciderat</strong></span> <span class='ocrx_word' id='word_1_285' title='bbox 2263 1317 2506 1360; x_wconf 85' lang='lat' dir='ltr'><strong>narrare</strong></span> <span class='ocrx_word' id='word_1_286' title='bbox 2538 1299 2878 1380; x_wconf 69' lang='lat' dir='ltr'><strong>diﬂ‘erente,</strong></span> <span class='ocrx_word' id='word_1_287' title='bbox 2902 1301 3015 1364; x_wconf 89' lang='lat' dir='ltr'><strong>hoc</strong></span> <span class='ocrx_word' id='word_1_288' title='bbox 3045 1314 3240 1369; x_wconf 89' lang='lat' dir='ltr'><strong>autem</strong></span> <span class='ocrx_word' id='word_1_289' title='bbox 3269 1299 3464 1375; x_wconf 77' lang='lat' dir='ltr'><strong>solum</strong></span> <span class='ocrx_word' id='word_1_290' title='bbox 3483 1315 3569 1378; x_wconf 89' lang='lat' dir='ltr'><strong>di-</strong></span> 
     </span>
    </p>
   </div>
   <div class='ocr_carea' id='block_1_41' title="bbox 1937 1387 3588 1475">
    <p class='ocr_par' dir='ltr' id='par_1_41' title="bbox 1937 1387 3588 1475">
     <span class='ocr_line' id='line_1_41' title="bbox 1937 1387 3588 1475; baseline 0.011 -25"><span class='ocrx_word' id='word_1_291' title='bbox 1937 1400 2137 1468; x_wconf 89' lang='lat' dir='ltr'><strong>cente,</strong></span> <span class='ocrx_word' id='word_1_292' title='bbox 2171 1389 2286 1451; x_wconf 84' lang='lat' dir='ltr'><strong>Res</strong></span> <span class='ocrx_word' id='word_1_293' title='bbox 2322 1390 2476 1450; x_wconf 87' lang='lat' dir='ltr'><strong>mala</strong></span> <span class='ocrx_word' id='word_1_294' title='bbox 2503 1388 2676 1449; x_wconf 86' lang='lat' dir='ltr'><strong>nobis</strong></span> <span class='ocrx_word' id='word_1_295' title='bbox 2707 1387 2949 1460; x_wconf 87' lang='lat' dir='ltr'><strong>accidit.</strong></span> <span class='ocrx_word' id='word_1_296' title='bbox 2984 1411 3018 1453; x_wconf 93' lang='grc' dir='ltr'><strong>ο</strong></span> <span class='ocrx_word' id='word_1_297' title='bbox 3070 1394 3337 1475; x_wconf 88' lang='lat' dir='ltr'><strong>domine,</strong></span> <span class='ocrx_word' id='word_1_298' title='bbox 3369 1405 3588 1468; x_wconf 84' lang='lat' dir='ltr'><strong>acrius</strong></span> 
     </span>
    </p>
   </div>
   <div class='ocr_carea' id='block_1_42' title="bbox 1938 1477 3564 1565">
    <p class='ocr_par' dir='ltr' id='par_1_42' title="bbox 1938 1477 3564 1565">
     <span class='ocr_line' id='line_1_42' title="bbox 1938 1477 3564 1565; baseline 0.005 -25"><span class='ocrx_word' id='word_1_299' title='bbox 1938 1489 1995 1540; x_wconf 92' lang='lat' dir='ltr'><strong>et</strong></span> <span class='ocrx_word' id='word_1_300' title='bbox 2028 1478 2441 1540; x_wconf 74' lang='lat' dir='ltr'><strong>vehementius</strong></span> <span class='ocrx_word' id='word_1_301' title='bbox 2468 1477 2845 1558; x_wconf 90' lang='lat' dir='ltr'><strong>respondens</strong></span> <span class='ocrx_word' id='word_1_302' title='bbox 2872 1481 3003 1559; x_wconf 89' lang='lat' dir='ltr'><strong>ejus</strong></span> <span class='ocrx_word' id='word_1_303' title='bbox 3032 1481 3333 1565; x_wconf 89' lang='lat' dir='ltr'><strong>dominus,</strong></span> <span class='ocrx_word' id='word_1_304' title='bbox 3367 1492 3516 1556; x_wconf 81' lang='lat' dir='ltr'><strong>dixit</strong></span> <span class='ocrx_word' id='word_1_305' title='bbox 3547 1514 3564 1556; x_wconf 75' lang='grc' dir='ltr'><strong>ε</strong></span> 
     </span>
    </p>
   </div>
   <div class='ocr_carea' id='block_1_43' title="bbox 1936 1567 3572 1656">
    <p class='ocr_par' dir='ltr' id='par_1_43' title="bbox 1936 1567 3572 1656">
     <span class='ocr_line' id='line_1_43' title="bbox 1936 1567 3572 1656; baseline 0.012 -28"><span class='ocrx_word' id='word_1_306' title='bbox 1936 1568 2064 1640; x_wconf 87' lang='lat' dir='ltr'><strong>Dic,</strong></span> <span class='ocrx_word' id='word_1_307' title='bbox 2101 1568 2244 1648; x_wconf 85' lang='lat' dir='ltr'><strong>quid</strong></span> <span class='ocrx_word' id='word_1_308' title='bbox 2275 1567 2351 1628; x_wconf 92' lang='lat' dir='ltr'><strong>sit</strong></span> <span class='ocrx_word' id='word_1_309' title='bbox 2383 1589 2396 1629; x_wconf 90' lang='lat'>:</span> <span class='ocrx_word' id='word_1_310' title='bbox 2433 1567 2736 1628; x_wconf 84' lang='lat' dir='ltr'><strong>furtumne</strong></span> <span class='ocrx_word' id='word_1_311' title='bbox 2768 1567 2827 1628; x_wconf 90' lang='lat' dir='ltr'><strong>in</strong></span> <span class='ocrx_word' id='word_1_312' title='bbox 2866 1587 2961 1631; x_wconf 91' lang='lat' dir='ltr'><strong>me</strong></span> <span class='ocrx_word' id='word_1_313' title='bbox 2993 1581 3083 1633; x_wconf 89' lang='lat' dir='ltr'><strong>est</strong></span> <span class='ocrx_word' id='word_1_314' title='bbox 3109 1574 3462 1656; x_wconf 88' lang='lat' dir='ltr'><strong>admissum,</strong></span> <span class='ocrx_word' id='word_1_315' title='bbox 3493 1601 3572 1646; x_wconf 90' lang='lat' dir='ltr'><strong>an</strong></span> 
     </span>
    </p>
   </div>
   <div class='ocr_carea' id='block_1_44' title="bbox 1938 1656 3566 1751">
    <p class='ocr_par' dir='ltr' id='par_1_44' title="bbox 1938 1656 3566 1751">
     <span class='ocr_line' id='line_1_44' title="bbox 1938 1656 3566 1751; baseline 0.004 -32"><span class='ocrx_word' id='word_1_316' title='bbox 1938 1677 2304 1751; x_wconf 30' lang='lat' dir='ltr'><strong>passus-sum</strong></span> <span class='ocrx_word' id='word_1_317' title='bbox 2335 1656 2728 1751; x_wconf 76' lang='lat' dir='ltr'><strong>incendium?</strong></span> <span class='ocrx_word' id='word_1_318' title='bbox 2756 1659 2911 1720; x_wconf 88' lang='lat' dir='ltr'><strong>Puer</strong></span> <span class='ocrx_word' id='word_1_319' title='bbox 2939 1659 3124 1726; x_wconf 87' lang='lat' dir='ltr'><strong>dicit:</strong></span> <span class='ocrx_word' id='word_1_320' title='bbox 3156 1663 3566 1751; x_wconf 73' lang='lat' dir='ltr'><strong>Nequaquam:</strong></span> 
     </span>
    </p>
   </div>
   <div class='ocr_carea' id='block_1_45' title="bbox 817 1746 1868 1832">
    <p class='ocr_par' dir='ltr' id='par_1_45' title="bbox 817 1751 1852 1830">
     <span class='ocr_line' id='line_1_45' title="bbox 817 1751 1852 1830; baseline -0.003 -21"><span class='ocrx_word' id='word_1_321' title='bbox 817 1751 893 1827; x_wconf 71' lang='grc' dir='ltr'><strong>μη</strong></span> <span class='ocrx_word' id='word_1_322' title='bbox 975 1751 1338 1828; x_wconf 70' lang='grc' dir='ltr'>περιγενέσθαι</span> <span class='ocrx_word' id='word_1_323' title='bbox 1414 1755 1578 1818; x_wconf 77' lang='grc' dir='ltr'>αὐτῆς</span> <span class='ocrx_word' id='word_1_324' title='bbox 1648 1752 1852 1830; x_wconf 75' lang='grc' dir='ltr'>ἰσχύειν</span> 
     </span>
    </p>
   </div>
   <div class='ocr_carea' id='block_1_46' title="bbox 1957 1746 3571 1832">
    <p class='ocr_par' dir='ltr' id='par_1_46' title="bbox 1957 1746 3571 1832">
     <span class='ocr_line' id='line_1_46' title="bbox 1957 1746 3571 1832; baseline 0.012 -25"><span class='ocrx_word' id='word_1_325' title='bbox 1957 1749 2043 1809; x_wconf 70' lang='lat' dir='ltr'><strong>sed</strong></span> <span class='ocrx_word' id='word_1_326' title='bbox 2080 1747 2201 1808; x_wconf 83' lang='lat' dir='ltr'><strong>ﬁlia</strong></span> <span class='ocrx_word' id='word_1_327' title='bbox 2225 1757 2324 1808; x_wconf 88' lang='lat' dir='ltr'><strong>tua</strong></span> <span class='ocrx_word' id='word_1_328' title='bbox 2345 1746 2504 1808; x_wconf 91' lang='lat' dir='ltr'><strong>domi</strong></span> <span class='ocrx_word' id='word_1_329' title='bbox 2527 1747 2788 1825; x_wconf 77' lang='lat' dir='ltr'><strong>graviter</strong></span> <span class='ocrx_word' id='word_1_330' title='bbox 2808 1757 3051 1812; x_wconf 78' lang='lat' dir='ltr'><strong>vexatur</strong></span> <span class='ocrx_word' id='word_1_331' title='bbox 3066 1769 3102 1812; x_wconf 88' lang='lat' dir='ltr'><strong>a</strong></span> <span class='ocrx_word' id='word_1_332' title='bbox 3118 1746 3571 1832; x_wconf 43' lang='lat' dir='ltr'><strong>dmmbneﬁdeo</strong></span> 
     </span>
    </p>
   </div>
   <div class='ocr_carea' id='block_1_47' title="bbox 1941 1834 3572 1924">
    <p class='ocr_par' dir='ltr' id='par_1_47' title="bbox 1941 1834 3572 1924">
     <span class='ocr_line' id='line_1_47' title="bbox 1941 1834 3572 1924; baseline 0.01 -27"><span class='ocrx_word' id='word_1_333' title='bbox 1941 1844 2003 1898; x_wconf 93' lang='lat' dir='ltr'><strong>ut</strong></span> <span class='ocrx_word' id='word_1_334' title='bbox 2035 1855 2142 1896; x_wconf 91' lang='lat' dir='ltr'><strong>nos</strong></span> <span class='ocrx_word' id='word_1_335' title='bbox 2172 1853 2302 1897; x_wconf 87' lang='lat' dir='ltr'><strong>eam</strong></span> <span class='ocrx_word' id='word_1_336' title='bbox 2339 1853 2456 1896; x_wconf 91' lang='lat' dir='ltr'><strong>non</strong></span> <span class='ocrx_word' id='word_1_337' title='bbox 2491 1834 2788 1914; x_wconf 81' lang='lat' dir='ltr'><strong>possimus</strong></span> <span class='ocrx_word' id='word_1_338' title='bbox 2817 1841 3301 1916; x_wconf 88' lang='lat' dir='ltr'><strong>superare.Tuuc</strong></span> <span class='ocrx_word' id='word_1_339' title='bbox 3330 1847 3572 1924; x_wconf 88' lang='lat' dir='ltr'><strong>ille,sti-</strong></span> 
     </span>
    </p>
   </div>
   <div class='ocr_carea' id='block_1_48' title="bbox 1941 1923 3568 2016">
    <p class='ocr_par' dir='ltr' id='par_1_48' title="bbox 1941 1923 3568 2016">
     <span class='ocr_line' id='line_1_48' title="bbox 1941 1923 3568 2016; baseline 0.01 -30"><span class='ocrx_word' id='word_1_340' title='bbox 1941 1924 2115 2016; x_wconf 77' lang='lat' dir='ltr'><strong>mulo</strong></span> <span class='ocrx_word' id='word_1_341' title='bbox 2126 1933 2328 2016; x_wconf 83' lang='lat' dir='ltr'><strong>motus</strong></span> <span class='ocrx_word' id='word_1_342' title='bbox 2358 1923 2957 2016; x_wconf 50' lang='lat' dir='ltr'><strong>conscientiacmpit</strong></span> <span class='ocrx_word' id='word_1_343' title='bbox 2983 1927 3194 1992; x_wconf 83' lang='lat' dir='ltr'><strong>faciem</strong></span> <span class='ocrx_word' id='word_1_344' title='bbox 3231 1923 3568 2016; x_wconf 85' lang='lat' dir='ltr'><strong>percutere,</strong></span> 
     </span>
    </p>
   </div>
   <div class='ocr_carea' id='block_1_49' title="bbox 1941 2012 3574 2092">
    <p class='ocr_par' dir='ltr' id='par_1_49' title="bbox 1941 2012 3574 2092">
     <span class='ocr_line' id='line_1_49' title="bbox 1941 2012 3574 2092; baseline 0.01 -16"><span class='ocrx_word' id='word_1_345' title='bbox 1941 2022 2000 2076; x_wconf 86' lang='lat' dir='ltr'><strong>ot</strong></span> <span class='ocrx_word' id='word_1_346' title='bbox 2029 2013 2252 2075; x_wconf 88' lang='lat' dir='ltr'><strong>vellere</strong></span> <span class='ocrx_word' id='word_1_347' title='bbox 2283 2012 2552 2092; x_wconf 87' lang='lat' dir='ltr'><strong>capillos,</strong></span> <span class='ocrx_word' id='word_1_348' title='bbox 2603 2023 2665 2073; x_wconf 86' lang='lat' dir='ltr'><strong>et</strong></span> <span class='ocrx_word' id='word_1_349' title='bbox 2707 2031 2921 2092; x_wconf 75' lang='lat' dir='ltr'><strong>magna</strong></span> <span class='ocrx_word' id='word_1_350' title='bbox 2951 2033 3098 2080; x_wconf 87' lang='lat' dir='ltr'><strong>voce</strong></span> <span class='ocrx_word' id='word_1_351' title='bbox 3123 2012 3386 2088; x_wconf 83' lang='lat' dir='ltr'><strong>clamare</strong></span> <span class='ocrx_word' id='word_1_352' title='bbox 3419 2045 3438 2086; x_wconf 89' lang='lat'><strong>:</strong></span> <span class='ocrx_word' id='word_1_353' title='bbox 3470 2012 3574 2092; x_wconf 72' lang='lat' dir='ltr'><strong>Vae</strong></span> 
     </span>
    </p>
   </div>
   <div class='ocr_carea' id='block_1_50' title="bbox 1942 2102 3576 2185">
    <p class='ocr_par' dir='ltr' id='par_1_50' title="bbox 1942 2102 3576 2185">
     <span class='ocr_line' id='line_1_50' title="bbox 1942 2102 3576 2185; baseline 0.01 -19"><span class='ocrx_word' id='word_1_354' title='bbox 1942 2123 2091 2166; x_wconf 68' lang='lat' dir='ltr'><strong>meae</strong></span> <span class='ocrx_word' id='word_1_355' title='bbox 2116 2104 2546 2168; x_wconf 89' lang='lat' dir='ltr'><strong>incredulitati.</strong></span> <span class='ocrx_word' id='word_1_356' title='bbox 2592 2102 2674 2164; x_wconf 90' lang='lat' dir='ltr'><strong>Eo</strong></span> <span class='ocrx_word' id='word_1_357' title='bbox 2723 2113 2924 2168; x_wconf 91' lang='lat' dir='ltr'><strong>autem</strong></span> <span class='ocrx_word' id='word_1_358' title='bbox 2958 2126 3026 2170; x_wconf 90' lang='lat' dir='ltr'><strong>se</strong></span> <span class='ocrx_word' id='word_1_359' title='bbox 3053 2109 3156 2173; x_wconf 91' lang='lat' dir='ltr'><strong>diu</strong></span> <span class='ocrx_word' id='word_1_360' title='bbox 3185 2112 3485 2182; x_wconf 85' lang='lat' dir='ltr'><strong>lacerante</strong></span> <span class='ocrx_word' id='word_1_361' title='bbox 3513 2130 3576 2185; x_wconf 85' lang='lat' dir='ltr'><strong>et</strong></span> 
     </span>
    </p>
   </div>
   <div class='ocr_carea' id='block_1_51' title="bbox 1939 2192 3575 2289">
    <p class='ocr_par' dir='ltr' id='par_1_51' title="bbox 1939 2192 3575 2289">
     <span class='ocr_line' id='line_1_51' title="bbox 1939 2192 3575 2289; baseline 0.01 -35"><span class='ocrx_word' id='word_1_362' title='bbox 1939 2193 2305 2289; x_wconf 75' lang='lat' dir='ltr'><strong>lamentante</strong></span> <span class='ocrx_word' id='word_1_363' title='bbox 2362 2192 2861 2289; x_wconf 44' lang='lat' dir='ltr'><strong>intolerabiliter,</strong></span> <span class='ocrx_word' id='word_1_364' title='bbox 2899 2195 3069 2273; x_wconf 89' lang='lat' dir='ltr'><strong>alter,</strong></span> <span class='ocrx_word' id='word_1_365' title='bbox 3121 2201 3225 2280; x_wconf 90' lang='lat' dir='ltr'><strong>qui</strong></span> <span class='ocrx_word' id='word_1_366' title='bbox 3280 2225 3413 2268; x_wconf 91' lang='lat' dir='ltr'><strong>cum</strong></span> <span class='ocrx_word' id='word_1_367' title='bbox 3443 2221 3575 2289; x_wconf 76' lang='lat' dir='ltr'><strong>ipso</strong></span> 
     </span>
    </p>
   </div>
   <div class='ocr_carea' id='block_1_52' title="bbox 1938 2282 3575 2361">
    <p class='ocr_par' dir='ltr' id='par_1_52' title="bbox 1938 2282 3575 2361">
     <span class='ocr_line' id='line_1_52' title="bbox 1938 2282 3575 2361; baseline 0.006 -15"><span class='ocrx_word' id='word_1_368' title='bbox 1938 2291 2064 2346; x_wconf 87' lang='lat' dir='ltr'><strong>erat</strong></span> <span class='ocrx_word' id='word_1_369' title='bbox 2093 2283 2312 2358; x_wconf 83' lang='lat' dir='ltr'><strong>ﬁdelis,</strong></span> <span class='ocrx_word' id='word_1_370' title='bbox 2350 2283 2498 2344; x_wconf 91' lang='lat' dir='ltr'><strong>dixit</strong></span> <span class='ocrx_word' id='word_1_371' title='bbox 2525 2282 2582 2343; x_wconf 91' lang='lat' dir='ltr'><strong>ei</strong></span> <span class='ocrx_word' id='word_1_372' title='bbox 2623 2282 2776 2344; x_wconf 90' lang='lat' dir='ltr'><strong>sicut</strong></span> <span class='ocrx_word' id='word_1_373' title='bbox 2823 2282 3102 2350; x_wconf 86' lang='lat' dir='ltr'><strong>Servator</strong></span> <span class='ocrx_word' id='word_1_374' title='bbox 3127 2289 3289 2354; x_wconf 84' lang='lat' dir='ltr'><strong>Jairo</strong></span> <span class='ocrx_word' id='word_1_375' title='bbox 3323 2296 3420 2356; x_wconf 78' lang='lat' dir='ltr'><strong>l0:</strong></span> <span class='ocrx_word' id='word_1_376' title='bbox 3458 2282 3575 2361; x_wconf 82' lang='lat' dir='ltr'><strong>So-</strong></span> 
     </span>
    </p>
   </div>
   <div class='ocr_carea' id='block_1_53' title="bbox 1943 2371 3576 2453">
    <p class='ocr_par' dir='ltr' id='par_1_53' title="bbox 1943 2371 3576 2453">
     <span class='ocr_line' id='line_1_53' title="bbox 1943 2371 3576 2453; baseline 0.011 -19"><span class='ocrx_word' id='word_1_377' title='bbox 1943 2375 2062 2436; x_wconf 90' lang='lat' dir='ltr'><strong>lum</strong></span> <span class='ocrx_word' id='word_1_378' title='bbox 2095 2372 2298 2448; x_wconf 90' lang='lat' dir='ltr'><strong>crede,</strong></span> <span class='ocrx_word' id='word_1_379' title='bbox 2333 2380 2394 2434; x_wconf 89' lang='lat' dir='ltr'><strong>et</strong></span> <span class='ocrx_word' id='word_1_380' title='bbox 2418 2373 2582 2434; x_wconf 89' lang='lat' dir='ltr'><strong>salva</strong></span> <span class='ocrx_word' id='word_1_381' title='bbox 2620 2371 2736 2434; x_wconf 90' lang='lat' dir='ltr'><strong>erit</strong></span> <span class='ocrx_word' id='word_1_382' title='bbox 2761 2374 3137 2453; x_wconf 85' lang='lat' dir='ltr'><strong>puella.Cum</strong></span> <span class='ocrx_word' id='word_1_383' title='bbox 3171 2381 3275 2445; x_wconf 92' lang='lat' dir='ltr'><strong>ille</strong></span> <span class='ocrx_word' id='word_1_384' title='bbox 3305 2403 3446 2450; x_wconf 83' lang='lat' dir='ltr'><strong>vero</strong></span> <span class='ocrx_word' id='word_1_385' title='bbox 3473 2388 3576 2450; x_wconf 90' lang='lat' dir='ltr'><strong>in-</strong></span> 
     </span>
    </p>
   </div>
   <div class='ocr_carea' id='block_1_54' title="bbox 1942 2461 3580 2558">
    <p class='ocr_par' dir='ltr' id='par_1_54' title="bbox 1942 2461 3580 2558">
     <span class='ocr_line' id='line_1_54' title="bbox 1942 2461 3580 2558; baseline 0.01 -34"><span class='ocrx_word' id='word_1_386' title='bbox 1942 2462 2356 2558; x_wconf 79' lang='lat' dir='ltr'><strong>credulitatem</strong></span> <span class='ocrx_word' id='word_1_387' title='bbox 2429 2461 2863 2558; x_wconf 78' lang='lat' dir='ltr'><strong>perfecta_fide</strong></span> <span class='ocrx_word' id='word_1_388' title='bbox 2919 2467 3276 2533; x_wconf 82' lang='lat' dir='ltr'><strong>correxisset</strong></span> <span class='ocrx_word' id='word_1_389' title='bbox 3336 2486 3580 2558; x_wconf 84' lang='lat' dir='ltr'><strong>propter</strong></span> 
     </span>
    </p>
   </div>
   <div class='ocr_carea' id='block_1_55' title="bbox 1943 2552 3576 2645">
    <p class='ocr_par' dir='ltr' id='par_1_55' title="bbox 1943 2552 3576 2645">
     <span class='ocr_line' id='line_1_55' title="bbox 1943 2552 3576 2645; baseline 0.01 -31"><span class='ocrx_word' id='word_1_390' title='bbox 1943 2554 2096 2614; x_wconf 89' lang='lat' dir='ltr'><strong>hanc</strong></span> <span class='ocrx_word' id='word_1_391' title='bbox 2127 2553 2524 2645; x_wconf 83' lang='lat' dir='ltr'><strong>occasionem,</strong></span> <span class='ocrx_word' id='word_1_392' title='bbox 2561 2562 2618 2615; x_wconf 91' lang='lat' dir='ltr'><strong>et</strong></span> <span class='ocrx_word' id='word_1_393' title='bbox 2660 2552 3000 2645; x_wconf 79' lang='lat' dir='ltr'><strong>clamaret:</strong></span> <span class='ocrx_word' id='word_1_394' title='bbox 3049 2558 3265 2635; x_wconf 87' lang='lat' dir='ltr'><strong>Credo,</strong></span> <span class='ocrx_word' id='word_1_395' title='bbox 3300 2552 3576 2645; x_wconf 79' lang='lat' dir='ltr'><strong>Domine,</strong></span> 
     </span>
    </p>
   </div>
   <div class='ocr_carea' id='block_1_56' title="bbox 1944 2639 3582 2725">
    <p class='ocr_par' dir='ltr' id='par_1_56' title="bbox 1944 2639 3582 2725">
     <span class='ocr_line' id='line_1_56' title="bbox 1944 2639 3582 2725; baseline 0.009 -22"><span class='ocrx_word' id='word_1_396' title='bbox 1944 2643 2033 2703; x_wconf 84' lang='lat' dir='ltr'><strong>fer</strong></span> <span class='ocrx_word' id='word_1_397' title='bbox 2063 2659 2235 2721; x_wconf 87' lang='lat' dir='ltr'><strong>opem</strong></span> <span class='ocrx_word' id='word_1_398' title='bbox 2273 2659 2422 2702; x_wconf 62' lang='lat' dir='ltr'><strong>mea)</strong></span> <span class='ocrx_word' id='word_1_399' title='bbox 2466 2639 2909 2702; x_wconf 88' lang='lat' dir='ltr'><strong>incredulitati:</strong></span> <span class='ocrx_word' id='word_1_400' title='bbox 2981 2646 3350 2725; x_wconf 88' lang='lat' dir='ltr'><strong>trajicientes</strong></span> <span class='ocrx_word' id='word_1_401' title='bbox 3398 2639 3582 2717; x_wconf 83' lang='lat' dir='ltr'><strong>simul</strong></span> 
     </span>
    </p>
   </div>
   <div class='ocr_carea' id='block_1_57' title="bbox 1945 2728 3578 2820">
    <p class='ocr_par' dir='ltr' id='par_1_57' title="bbox 1945 2728 3578 2820">
     <span class='ocr_line' id='line_1_57' title="bbox 1945 2728 3578 2820; baseline 0.01 -30"><span class='ocrx_word' id='word_1_402' title='bbox 1945 2739 2238 2793; x_wconf 88' lang='lat' dir='ltr'><strong>venerunt</strong></span> <span class='ocrx_word' id='word_1_403' title='bbox 2265 2728 2658 2820; x_wconf 81' lang='lat' dir='ltr'><strong>domum.Qui_</strong></span> <span class='ocrx_word' id='word_1_404' title='bbox 2678 2747 2814 2789; x_wconf 88' lang='lat' dir='ltr'><strong>cum</strong></span> <span class='ocrx_word' id='word_1_405' title='bbox 2841 2730 3125 2795; x_wconf 85' lang='lat' dir='ltr'><strong>vidissent</strong></span> <span class='ocrx_word' id='word_1_406' title='bbox 3149 2739 3578 2820; x_wconf 85' lang='lat' dir='ltr'><strong>calamitatem,</strong></span> 
     </span>
    </p>
   </div>
   <div class='ocr_carea' id='block_1_58' title="bbox 1945 2817 3583 2904">
    <p class='ocr_par' dir='ltr' id='par_1_58' title="bbox 1945 2817 3583 2904">
     <span class='ocr_line' id='line_1_58' title="bbox 1945 2817 3583 2904; baseline 0.007 -21"><span class='ocrx_word' id='word_1_407' title='bbox 1945 2829 2006 2883; x_wconf 90' lang='lat' dir='ltr'><strong>et</strong></span> <span class='ocrx_word' id='word_1_408' title='bbox 2040 2820 2296 2898; x_wconf 87' lang='lat' dir='ltr'><strong>puellam</strong></span> <span class='ocrx_word' id='word_1_409' title='bbox 2331 2837 2468 2895; x_wconf 64' lang='lat' dir='ltr'><strong>quae</strong></span> <span class='ocrx_word' id='word_1_410' title='bbox 2498 2817 2818 2879; x_wconf 82' lang='lat' dir='ltr'><strong>vexabatur</strong></span> <span class='ocrx_word' id='word_1_411' title='bbox 2845 2819 3392 2904; x_wconf 90' lang='lat' dir='ltr'><strong>intolerabiliter,et</strong></span> <span class='ocrx_word' id='word_1_412' title='bbox 3419 2817 3583 2894; x_wconf 79' lang='lat' dir='ltr'><strong>invo-</strong></span> 
     </span>
    </p>
   </div>
   <div class='ocr_carea' id='block_1_59' title="bbox 1947 2905 3584 2983">
    <p class='ocr_par' dir='ltr' id='par_1_59' title="bbox 1947 2905 3584 2983">
     <span class='ocr_line' id='line_1_59' title="bbox 1947 2905 3584 2983; baseline 0.009 -13"><span class='ocrx_word' id='word_1_413' title='bbox 1947 2918 2179 2970; x_wconf 75' lang='lat' dir='ltr'><strong>cantem</strong></span> <span class='ocrx_word' id='word_1_414' title='bbox 2205 2907 2446 2970; x_wconf 88' lang='lat' dir='ltr'><strong>beatum</strong></span> <span class='ocrx_word' id='word_1_415' title='bbox 2468 2905 3198 2981; x_wconf 84' lang='lat' dir='ltr'><strong>Auxentium,clamabant</strong></span> <span class='ocrx_word' id='word_1_416' title='bbox 3216 2935 3425 2980; x_wconf 92' lang='lat' dir='ltr'><strong>omnes</strong></span> <span class='ocrx_word' id='word_1_417' title='bbox 3446 2939 3584 2983; x_wconf 92' lang='lat' dir='ltr'><strong>cum</strong></span> 
     </span>
    </p>
   </div>
   <div class='ocr_carea' id='block_1_60' title="bbox 1946 2994 3587 3088">
    <p class='ocr_par' dir='ltr' id='par_1_60' title="bbox 1946 2994 3587 3088">
     <span class='ocr_line' id='line_1_60' title="bbox 1946 2994 3587 3088; baseline 0.006 -27"><span class='ocrx_word' id='word_1_418' title='bbox 1946 2998 2183 3061; x_wconf 82' lang='lat' dir='ltr'><strong>ﬂetibus</strong></span> <span class='ocrx_word' id='word_1_419' title='bbox 2227 3005 2282 3088; x_wconf 88' lang='lat' dir='ltr'><strong>et</strong></span> <span class='ocrx_word' id='word_1_420' title='bbox 2309 2994 2656 3088; x_wconf 82' lang='lat' dir='ltr'><strong>ejulatibus.</strong></span> <span class='ocrx_word' id='word_1_421' title='bbox 2710 2996 2940 3088; x_wconf 89' lang='lat' dir='ltr'><strong>Deinde</strong></span> <span class='ocrx_word' id='word_1_422' title='bbox 2987 2999 3132 3063; x_wconf 91' lang='lat' dir='ltr'><strong>dicit</strong></span> <span class='ocrx_word' id='word_1_423' title='bbox 3170 3006 3402 3070; x_wconf 90' lang='lat' dir='ltr'><strong>amicus</strong></span> <span class='ocrx_word' id='word_1_424' title='bbox 3437 3009 3587 3088; x_wconf 88' lang='lat' dir='ltr'><strong>patri</strong></span> 
     </span>
    </p>
   </div>
   <div class='ocr_carea' id='block_1_61' title="bbox 225 3085 3584 3177">
    <p class='ocr_par' dir='ltr' id='par_1_61' title="bbox 225 3085 3584 3177">
     <span class='ocr_line' id='line_1_61' title="bbox 225 3085 3584 3177; baseline 0.005 -31"><span class='ocrx_word' id='word_1_425' title='bbox 225 3091 406 3167; x_wconf 76' lang='grc' dir='ltr'>ἕτερος</span> <span class='ocrx_word' id='word_1_426' title='bbox 461 3093 538 3162; x_wconf 83' lang='grc' dir='ltr'><strong>τῷ</strong></span> <span class='ocrx_word' id='word_1_427' title='bbox 594 3091 753 3177; x_wconf 65' lang='grc' dir='ltr'>πατρί</span> <span class='ocrx_word' id='word_1_428' title='bbox 795 3089 909 3177; x_wconf 11' lang='grc' dir='ltr'><strong>,τῆς</strong></span> <span class='ocrx_word' id='word_1_429' title='bbox 967 3087 1132 3167; x_wconf 88' lang='grc' dir='ltr'>κόρης</span> <span class='ocrx_word' id='word_1_430' title='bbox 1166 3107 1182 3123; x_wconf 82' lang='lat'><strong><em>°</em></strong></span> <span class='ocrx_word' id='word_1_431' title='bbox 1255 3088 1417 3164; x_wconf 83' lang='grc' dir='ltr'>Δεῦρο</span> <span class='ocrx_word' id='word_1_432' title='bbox 1463 3087 1528 3155; x_wconf 72' lang='grc' dir='ltr'>δὴ</span> <span class='ocrx_word' id='word_1_433' title='bbox 1574 3089 1718 3152; x_wconf 71' lang='grc' dir='ltr'>εὐθὺς</span> <span class='ocrx_word' id='word_1_434' title='bbox 1778 3090 1924 3164; x_wconf 72' lang='grc' dir='ltr'>καὶρ</span> <span class='ocrx_word' id='word_1_435' title='bbox 1952 3085 3207 3177; x_wconf 65' lang='lat' dir='ltr'><strong>puellm:Age,oamice,quomcdocunque</strong></span> <span class='ocrx_word' id='word_1_436' title='bbox 3229 3085 3584 3177; x_wconf 84' lang='lat' dir='ltr'><strong>poterimus,</strong></span> 
     </span>
    </p>
   </div>
   <div class='ocr_carea' id='block_1_62' title="bbox 225 3176 1862 3258">
    <p class='ocr_par' dir='ltr' id='par_1_62' title="bbox 225 3176 1862 3258">
     <span class='ocr_line' id='line_1_62' title="bbox 225 3176 1862 3258; baseline -0.004 -22"><span class='ocrx_word' id='word_1_437' title='bbox 225 3183 566 3258; x_wconf 80' lang='grc' dir='ltr'>παραχρῆμα</span> <span class='ocrx_word' id='word_1_438' title='bbox 642 3176 936 3250; x_wconf 67' lang='grc' dir='ltr'>οἷῳδάποτε</span> <span class='ocrx_word' id='word_1_439' title='bbox 1020 3180 1203 3256; x_wconf 87' lang='grc' dir='ltr'>τρόπῳ</span> <span class='ocrx_word' id='word_1_440' title='bbox 1279 3177 1606 3247; x_wconf 77' lang='grc' dir='ltr'>πεδήσαντες</span> <span class='ocrx_word' id='word_1_441' title='bbox 1674 3177 1862 3252; x_wconf 73' lang='grc' dir='ltr'>αὐτὴν,</span> 
     </span>
    </p>
   </div>
   <div class='ocr_carea' id='block_1_63' title="bbox 228 3265 1865 3346">
    <p class='ocr_par' dir='ltr' id='par_1_63' title="bbox 228 3265 1865 3346">
     <span class='ocr_line' id='line_1_63' title="bbox 228 3265 1865 3346; baseline -0.002 -21"><span class='ocrx_word' id='word_1_442' title='bbox 228 3271 362 3346; x_wconf 84' lang='grc' dir='ltr'>πρὸς</span> <span class='ocrx_word' id='word_1_443' title='bbox 407 3269 500 3324; x_wconf 81' lang='grc' dir='ltr'><strong>τὸν</strong></span> <span class='ocrx_word' id='word_1_444' title='bbox 532 3267 679 3324; x_wconf 78' lang='grc' dir='ltr'>ὅσιον</span> <span class='ocrx_word' id='word_1_445' title='bbox 710 3267 1078 3346; x_wconf 81' lang='grc' dir='ltr'>ἀπαγάγωμεν</span> <span class='ocrx_word' id='word_1_446' title='bbox 1111 3265 1290 3346; x_wconf 67' lang='grc' dir='ltr'>ἄνδρα,</span> <span class='ocrx_word' id='word_1_447' title='bbox 1323 3268 1504 3324; x_wconf 73' lang='grc' dir='ltr'>ἱκανοῦ</span> <span class='ocrx_word' id='word_1_448' title='bbox 1537 3269 1690 3324; x_wconf 72' lang='grc' dir='ltr'>αὐτοῦ</span> <span class='ocrx_word' id='word_1_449' title='bbox 1715 3267 1865 3328; x_wconf 78' lang='grc' dir='ltr'>ὄντος</span> 
     </span>
    </p>
   </div>
   <div class='ocr_carea' id='block_1_64' title="bbox 226 3356 1546 3434">
    <p class='ocr_par' dir='ltr' id='par_1_64' title="bbox 226 3356 1546 3434">
     <span class='ocr_line' id='line_1_64' title="bbox 226 3356 1546 3434; baseline -0.003 -20"><span class='ocrx_word' id='word_1_450' title='bbox 226 3358 543 3426; x_wconf 78' lang='grc' dir='ltr'>δυσωπῆσαι</span> <span class='ocrx_word' id='word_1_451' title='bbox 573 3358 664 3413; x_wconf 79' lang='grc' dir='ltr'><strong>τὸν</strong></span> <span class='ocrx_word' id='word_1_452' title='bbox 697 3359 825 3413; x_wconf 86' lang='grc' dir='ltr'>Θεὸν</span> <span class='ocrx_word' id='word_1_453' title='bbox 856 3359 973 3434; x_wconf 86' lang='grc' dir='ltr'>περὶ</span> <span class='ocrx_word' id='word_1_454' title='bbox 1001 3357 1100 3425; x_wconf 71' lang='grc' dir='ltr'><strong>τῆς</strong></span> <span class='ocrx_word' id='word_1_455' title='bbox 1128 3357 1321 3418; x_wconf 73' lang='grc' dir='ltr'>ἰάσεως</span> <span class='ocrx_word' id='word_1_456' title='bbox 1354 3356 1546 3422; x_wconf 68' lang='grc' dir='ltr'>ανῦτῆς,</span> 
     </span>
    </p>
   </div>
   <div class='ocr_carea' id='block_1_65' title="bbox 310 3438 1868 3524">
    <p class='ocr_par' dir='ltr' id='par_1_65' title="bbox 310 3438 1868 3524">
     <span class='ocr_line' id='line_1_65' title="bbox 310 3438 1868 3524; baseline 0.004 -26"><span class='ocrx_word' id='word_1_457' title='bbox 310 3446 444 3521; x_wconf 62' lang='lat' dir='ltr'><strong>lg”,</strong></span> <span class='ocrx_word' id='word_1_458' title='bbox 505 3438 598 3510; x_wconf 68' lang='grc' dir='ltr'>Ὠς</span> <span class='ocrx_word' id='word_1_459' title='bbox 648 3444 703 3501; x_wconf 62' lang='grc' dir='ltr'>δὲ</span> <span class='ocrx_word' id='word_1_460' title='bbox 747 3451 904 3503; x_wconf 88' lang='grc' dir='ltr'>τοῦτο</span> <span class='ocrx_word' id='word_1_461' title='bbox 961 3445 1292 3520; x_wconf 85' lang='grc' dir='ltr'>τελέσαντες,</span> <span class='ocrx_word' id='word_1_462' title='bbox 1343 3452 1420 3518; x_wconf 83' lang='grc' dir='ltr'>τῷ</span> <span class='ocrx_word' id='word_1_463' title='bbox 1451 3443 1592 3524; x_wconf 77' lang='grc' dir='ltr'>ἀνδρὶ</span> <span class='ocrx_word' id='word_1_464' title='bbox 1621 3447 1868 3523; x_wconf 76' lang='grc' dir='ltr'>προσήγ-</span> 
     </span>
    </p>
   </div>
   <div class='ocr_carea' id='block_1_66' title="bbox 230 3535 1869 3616">
    <p class='ocr_par' dir='ltr' id='par_1_66' title="bbox 230 3535 1869 3616">
     <span class='ocr_line' id='line_1_66' title="bbox 230 3535 1869 3616; baseline -0.003 -23"><span class='ocrx_word' id='word_1_465' title='bbox 230 3544 404 3616; x_wconf 82' lang='grc' dir='ltr'>γιζον,</span> <span class='ocrx_word' id='word_1_466' title='bbox 480 3535 674 3614; x_wconf 69' lang='grc' dir='ltr'>ἤρξατο</span> <span class='ocrx_word' id='word_1_467' title='bbox 733 3537 1091 3613; x_wconf 78' lang='grc' dir='ltr'>ἀγριαίνεσθαι</span> <span class='ocrx_word' id='word_1_468' title='bbox 1164 3541 1429 3614; x_wconf 81' lang='grc' dir='ltr'>περισσῶς</span> <span class='ocrx_word' id='word_1_469' title='bbox 1474 3538 1562 3592; x_wconf 71' lang='grc' dir='ltr'>ναὶ</span> <span class='ocrx_word' id='word_1_470' title='bbox 1617 3535 1869 3592; x_wconf 78' lang='grc' dir='ltr'>ὑλακτεῖν</span> 
     </span>
    </p>
   </div>
   <div class='ocr_carea' id='block_1_67' title="bbox 230 3623 1864 3703">
    <p class='ocr_par' dir='ltr' id='par_1_67' title="bbox 230 3623 1864 3703">
     <span class='ocr_line' id='line_1_67' title="bbox 230 3623 1864 3703; baseline -0.002 -20"><span class='ocrx_word' id='word_1_471' title='bbox 230 3629 320 3683; x_wconf 83' lang='grc' dir='ltr'><strong>καὶ</strong></span> <span class='ocrx_word' id='word_1_472' title='bbox 377 3629 451 3690; x_wconf 79' lang='grc' dir='ltr'>ὡς</span> <span class='ocrx_word' id='word_1_473' title='bbox 509 3625 775 3700; x_wconf 79' lang='grc' dir='ltr'>ἑλκομένη</span> <span class='ocrx_word' id='word_1_474' title='bbox 834 3627 971 3700; x_wconf 82' lang='grc' dir='ltr'>μετὰ</span> <span class='ocrx_word' id='word_1_475' title='bbox 1025 3624 1222 3703; x_wconf 86' lang='grc' dir='ltr'>δρόμου</span> <span class='ocrx_word' id='word_1_476' title='bbox 1295 3624 1540 3689; x_wconf 90' lang='grc' dir='ltr'>πλείονος</span> <span class='ocrx_word' id='word_1_477' title='bbox 1615 3623 1815 3681; x_wconf 64' lang='grc' dir='ltr'>ἀνιέναι</span> <span class='ocrx_word' id='word_1_478' title='bbox 1850 3639 1864 3654; x_wconf 89' lang='grc'>⁶</span> 
     </span>
    </p>
   </div>
   <div class='ocr_carea' id='block_1_68' title="bbox 231 3711 1874 3796">
    <p class='ocr_par' dir='ltr' id='par_1_68' title="bbox 231 3711 1874 3796">
     <span class='ocr_line' id='line_1_68' title="bbox 231 3711 1874 3796; baseline 0 -26"><span class='ocrx_word' id='word_1_479' title='bbox 231 3715 478 3796; x_wconf 79' lang='grc' dir='ltr'>φθάσασα</span> <span class='ocrx_word' id='word_1_480' title='bbox 521 3717 608 3771; x_wconf 85' lang='grc' dir='ltr'>οὖν</span> <span class='ocrx_word' id='word_1_481' title='bbox 653 3713 898 3793; x_wconf 77' lang='grc' dir='ltr'>ἄντικρυς</span> <span class='ocrx_word' id='word_1_482' title='bbox 943 3721 1036 3772; x_wconf 85' lang='grc' dir='ltr'><strong>τοῦ</strong></span> <span class='ocrx_word' id='word_1_483' title='bbox 1077 3713 1298 3790; x_wconf 84' lang='grc' dir='ltr'>θυριδίου</span> <span class='ocrx_word' id='word_1_484' title='bbox 1373 3719 1469 3781; x_wconf 81' lang='grc' dir='ltr'><strong>τῆς</strong></span> <span class='ocrx_word' id='word_1_485' title='bbox 1527 3711 1726 3780; x_wconf 69' lang='grc' dir='ltr'>κόλλης</span> <span class='ocrx_word' id='word_1_486' title='bbox 1780 3720 1874 3770; x_wconf 78' lang='grc' dir='ltr'><strong>τοῦ</strong></span> 
     </span>
    </p>
   </div>
   <div class='ocr_carea' id='block_1_69' title="bbox 1950 3176 3586 3251">
    <p class='ocr_par' dir='ltr' id='par_1_69' title="bbox 1950 3176 3586 3251">
     <span class='ocr_line' id='line_1_69' title="bbox 1950 3176 3586 3251; baseline 0.008 -12"><span class='ocrx_word' id='word_1_487' title='bbox 1950 3197 2078 3239; x_wconf 87' lang='lat' dir='ltr'><strong>eam</strong></span> <span class='ocrx_word' id='word_1_488' title='bbox 2113 3177 2465 3249; x_wconf 86' lang='lat' dir='ltr'><strong>vinciamus,</strong></span> <span class='ocrx_word' id='word_1_489' title='bbox 2502 3185 2560 3236; x_wconf 88' lang='lat' dir='ltr'><strong>et</strong></span> <span class='ocrx_word' id='word_1_490' title='bbox 2617 3176 3094 3242; x_wconf 89' lang='lat' dir='ltr'><strong>transmittentes</strong></span> <span class='ocrx_word' id='word_1_491' title='bbox 3145 3183 3482 3250; x_wconf 83' lang='lat' dir='ltr'><strong>deferamus</strong></span> <span class='ocrx_word' id='word_1_492' title='bbox 3510 3176 3586 3251; x_wconf 89' lang='lat' dir='ltr'><strong>ad</strong></span> 
     </span>
    </p>
   </div>
   <div class='ocr_carea' id='block_1_70' title="bbox 1949 3264 3588 3357">
    <p class='ocr_par' dir='ltr' id='par_1_70' title="bbox 1949 3264 3588 3357">
     <span class='ocr_line' id='line_1_70' title="bbox 1949 3264 3588 3357; baseline 0.009 -30"><span class='ocrx_word' id='word_1_493' title='bbox 1949 3274 2224 3357; x_wconf 79' lang='lat' dir='ltr'><strong>sanctum</strong></span> <span class='ocrx_word' id='word_1_494' title='bbox 2259 3265 2474 3357; x_wconf 77' lang='lat' dir='ltr'><strong>virum,</strong></span> <span class='ocrx_word' id='word_1_495' title='bbox 2503 3280 2636 3324; x_wconf 92' lang='lat' dir='ltr'><strong>cum</strong></span> <span class='ocrx_word' id='word_1_496' title='bbox 2670 3264 2802 3343; x_wconf 87' lang='lat' dir='ltr'><strong>ipse</strong></span> <span class='ocrx_word' id='word_1_497' title='bbox 2831 3282 2865 3325; x_wconf 91' lang='lat' dir='ltr'><strong>a</strong></span> <span class='ocrx_word' id='word_1_498' title='bbox 2887 3265 3011 3328; x_wconf 90' lang='lat' dir='ltr'><strong>Deo</strong></span> <span class='ocrx_word' id='word_1_499' title='bbox 3045 3271 3234 3348; x_wconf 81' lang='lat' dir='ltr'><strong>possit</strong></span> <span class='ocrx_word' id='word_1_500' title='bbox 3262 3273 3588 3357; x_wconf 88' lang='lat' dir='ltr'><strong>impetrare</strong></span> 
     </span>
    </p>
   </div>
   <div class='ocr_carea' id='block_1_71' title="bbox 1951 3353 2502 3435">
    <p class='ocr_par' dir='ltr' id='par_1_71' title="bbox 1951 3353 2502 3435">
     <span class='ocr_line' id='line_1_71' title="bbox 1951 3353 2502 3435; baseline -0.004 -19"><span class='ocrx_word' id='word_1_501' title='bbox 1951 3356 2078 3435; x_wconf 88' lang='lat' dir='ltr'><strong>ejus</strong></span> <span class='ocrx_word' id='word_1_502' title='bbox 2107 3353 2502 3414; x_wconf 84' lang='lat' dir='ltr'><strong>curationem.</strong></span> 
     </span>
    </p>
   </div>
   <div class='ocr_carea' id='block_1_72' title="bbox 2029 3441 3587 3526">
    <p class='ocr_par' dir='ltr' id='par_1_72' title="bbox 2029 3441 3587 3526">
     <span class='ocr_line' id='line_1_72' title="bbox 2029 3441 3587 3526; baseline 0.01 -22"><span class='ocrx_word' id='word_1_503' title='bbox 2029 3441 2175 3504; x_wconf 84' lang='lat' dir='ltr'><strong>XVI.</strong></span> <span class='ocrx_word' id='word_1_504' title='bbox 2211 3444 2352 3504; x_wconf 90' lang='lat' dir='ltr'><strong>Cum</strong></span> <span class='ocrx_word' id='word_1_505' title='bbox 2414 3441 2525 3502; x_wconf 91' lang='lat' dir='ltr'><strong>hoc</strong></span> <span class='ocrx_word' id='word_1_506' title='bbox 2573 3448 2772 3502; x_wconf 87' lang='lat' dir='ltr'><strong>autem</strong></span> <span class='ocrx_word' id='word_1_507' title='bbox 2820 3441 3198 3526; x_wconf 82' lang='lat' dir='ltr'><strong>fecissent,et</strong></span> <span class='ocrx_word' id='word_1_508' title='bbox 3227 3451 3348 3513; x_wconf 89' lang='lat' dir='ltr'><strong>viro</strong></span> <span class='ocrx_word' id='word_1_509' title='bbox 3379 3465 3587 3521; x_wconf 85' lang='lat' dir='ltr'><strong>sancto</strong></span> 
     </span>
    </p>
   </div>
   <div class='ocr_carea' id='block_1_73' title="bbox 1950 3530 3589 3614">
    <p class='ocr_par' dir='ltr' id='par_1_73' title="bbox 1950 3530 3589 3614">
     <span class='ocr_line' id='line_1_73' title="bbox 1950 3530 3589 3614; baseline -0.001 -20"><span class='ocrx_word' id='word_1_510' title='bbox 1950 3530 2526 3612; x_wconf 83' lang='lat' dir='ltr'><strong>appmpinquarent,</strong></span> <span class='ocrx_word' id='word_1_511' title='bbox 2564 3530 2763 3609; x_wconf 89' lang='lat' dir='ltr'><strong>puella</strong></span> <span class='ocrx_word' id='word_1_512' title='bbox 2784 3532 3243 3614; x_wconf 69' lang='lat' dir='ltr'><strong>cmpiteﬂerari,</strong></span> <span class='ocrx_word' id='word_1_513' title='bbox 3277 3543 3589 3608; x_wconf 89' lang='lat' dir='ltr'><strong>etmiran-</strong></span> 
     </span>
    </p>
   </div>
   <div class='ocr_carea' id='block_1_74' title="bbox 1953 3618 3592 3715">
    <p class='ocr_par' dir='ltr' id='par_1_74' title="bbox 1953 3618 3592 3715">
     <span class='ocr_line' id='line_1_74' title="bbox 1953 3618 3592 3715; baseline 0.009 -31"><span class='ocrx_word' id='word_1_514' title='bbox 1953 3623 2093 3715; x_wconf 84' lang='lat' dir='ltr'><strong>dum</strong></span> <span class='ocrx_word' id='word_1_515' title='bbox 2118 3621 2179 3680; x_wconf 92' lang='lat' dir='ltr'><strong>in</strong></span> <span class='ocrx_word' id='word_1_516' title='bbox 2213 3618 2455 3715; x_wconf 80' lang='lat' dir='ltr'><strong>modum</strong></span> <span class='ocrx_word' id='word_1_517' title='bbox 2490 3618 2716 3715; x_wconf 56' lang='lat' dir='ltr'><strong>furere,</strong></span> <span class='ocrx_word' id='word_1_518' title='bbox 2749 3619 3072 3715; x_wconf 74' lang='lat' dir='ltr'><strong>et_lat_r_are</strong></span> <span class='ocrx_word' id='word_1_519' title='bbox 3104 3635 3167 3686; x_wconf 94' lang='lat' dir='ltr'><strong>ut</strong></span> <span class='ocrx_word' id='word_1_520' title='bbox 3195 3630 3452 3707; x_wconf 86' lang='lat' dir='ltr'><strong>canis,et</strong></span> <span class='ocrx_word' id='word_1_521' title='bbox 3480 3653 3592 3715; x_wconf 82' lang='lat' dir='ltr'><strong>pe-</strong></span> 
     </span>
    </p>
   </div>
   <div class='ocr_carea' id='block_1_75' title="bbox 1952 3707 3594 3796">
    <p class='ocr_par' dir='ltr' id='par_1_75' title="bbox 1952 3707 3594 3796">
     <span class='ocr_line' id='line_1_75' title="bbox 1952 3707 3594 3796; baseline 0.009 -23"><span class='ocrx_word' id='word_1_522' title='bbox 1952 3710 2126 3774; x_wconf 90' lang='lat' dir='ltr'><strong>rinde</strong></span> <span class='ocrx_word' id='word_1_523' title='bbox 2179 3727 2248 3770; x_wconf 90' lang='lat' dir='ltr'><strong>ac</strong></span> <span class='ocrx_word' id='word_1_524' title='bbox 2305 3708 2356 3769; x_wconf 88' lang='lat' dir='ltr'><strong>si</strong></span> <span class='ocrx_word' id='word_1_525' title='bbox 2409 3707 2747 3769; x_wconf 87' lang='lat' dir='ltr'><strong>traheretur</strong></span> <span class='ocrx_word' id='word_1_526' title='bbox 2791 3709 2865 3768; x_wconf 92' lang='lat' dir='ltr'><strong>ab</strong></span> <span class='ocrx_word' id='word_1_527' title='bbox 2895 3711 3118 3790; x_wconf 90' lang='lat' dir='ltr'><strong>aliquo,</strong></span> <span class='ocrx_word' id='word_1_528' title='bbox 3171 3721 3381 3796; x_wconf 89' lang='lat' dir='ltr'><strong>majori</strong></span> <span class='ocrx_word' id='word_1_529' title='bbox 3414 3707 3594 3786; x_wconf 69' lang='lat' dir='ltr'><strong>cursu</strong></span> 
     </span>
    </p>
   </div>
   <div class='ocr_carea' id='block_1_76' title="bbox 233 3797 1868 3883">
    <p class='ocr_par' dir='ltr' id='par_1_76' title="bbox 233 3801 1868 3883">
     <span class='ocr_line' id='line_1_76' title="bbox 233 3801 1868 3883; baseline -0.002 -21"><span class='ocrx_word' id='word_1_530' title='bbox 233 3805 496 3883; x_wconf 84' lang='grc' dir='ltr'>μακαρίου</span> <span class='ocrx_word' id='word_1_531' title='bbox 549 3805 788 3883; x_wconf 87' lang='grc' dir='ltr'>παρέστη</span> <span class='ocrx_word' id='word_1_532' title='bbox 861 3803 1253 3880; x_wconf 82' lang='grc' dir='ltr'>βασανιζομένη</span> <span class='ocrx_word' id='word_1_533' title='bbox 1314 3802 1500 3869; x_wconf 79' lang='grc' dir='ltr'>δεινῶς</span> <span class='ocrx_word' id='word_1_534' title='bbox 1534 3820 1550 3836; x_wconf 90' lang='grc'>⁶</span> <span class='ocrx_word' id='word_1_535' title='bbox 1612 3801 1868 3881; x_wconf 79' lang='grc' dir='ltr'>ὀδυρομέ-</span> 
     </span>
    </p>
   </div>
   <div class='ocr_carea' id='block_1_77' title="bbox 1957 3797 3595 3883">
    <p class='ocr_par' dir='ltr' id='par_1_77' title="bbox 1957 3797 3595 3876">
     <span class='ocr_line' id='line_1_77' title="bbox 1957 3797 3595 3876; baseline 0.009 -14"><span class='ocrx_word' id='word_1_536' title='bbox 1957 3816 2226 3862; x_wconf 90' lang='lat' dir='ltr'><strong>currere.</strong></span> <span class='ocrx_word' id='word_1_537' title='bbox 2253 3797 2400 3860; x_wconf 91' lang='lat' dir='ltr'><strong>Cum</strong></span> <span class='ocrx_word' id='word_1_538' title='bbox 2433 3814 2571 3858; x_wconf 90' lang='lat' dir='ltr'><strong>vero</strong></span> <span class='ocrx_word' id='word_1_539' title='bbox 2604 3798 2979 3876; x_wconf 82' lang='lat' dir='ltr'><strong>pervenisset</strong></span> <span class='ocrx_word' id='word_1_540' title='bbox 3008 3819 3080 3862; x_wconf 82' lang='lat' dir='ltr'><strong>ex</strong></span> <span class='ocrx_word' id='word_1_541' title='bbox 3109 3804 3365 3870; x_wconf 88' lang='lat' dir='ltr'><strong>adveaso</strong></span> <span class='ocrx_word' id='word_1_542' title='bbox 3386 3810 3595 3875; x_wconf 78' lang='lat' dir='ltr'><strong>fenes-</strong></span> 
     </span>
    </p>
   </div>
   <div class='ocr_carea' id='block_1_78' title="bbox 233 3885 1868 3982">
    <p class='ocr_par' dir='ltr' id='par_1_78' title="bbox 233 3891 1868 3972">
     <span class='ocr_line' id='line_1_78' title="bbox 233 3891 1868 3972; baseline -0.002 -22"><span class='ocrx_word' id='word_1_543' title='bbox 233 3916 340 3951; x_wconf 70' lang='grc' dir='ltr'><strong>νων</strong></span> <span class='ocrx_word' id='word_1_544' title='bbox 395 3900 503 3950; x_wconf 85' lang='grc' dir='ltr'><strong>τῶν</strong></span> <span class='ocrx_word' id='word_1_545' title='bbox 561 3893 836 3966; x_wconf 72' lang='grc' dir='ltr'>ἆπομένων</span> <span class='ocrx_word' id='word_1_546' title='bbox 895 3893 996 3960; x_wconf 78' lang='grc' dir='ltr'>τὴν</span> <span class='ocrx_word' id='word_1_547' title='bbox 1055 3893 1351 3972; x_wconf 83' lang='grc' dir='ltr'>συμφοράν.</span> <span class='ocrx_word' id='word_1_548' title='bbox 1413 3893 1535 3951; x_wconf 84' lang='grc' dir='ltr'>Ἐπὶ</span> <span class='ocrx_word' id='word_1_549' title='bbox 1605 3891 1742 3949; x_wconf 85' lang='grc' dir='ltr'>πολὺ</span> <span class='ocrx_word' id='word_1_550' title='bbox 1785 3892 1868 3948; x_wconf 66' lang='grc' dir='ltr'>οἶν</span> 
     </span>
    </p>
   </div>
   <div class='ocr_carea' id='block_1_79' title="bbox 1957 3885 3592 3982">
    <p class='ocr_par' dir='ltr' id='par_1_79' title="bbox 1957 3885 3592 3982">
     <span class='ocr_line' id='line_1_79' title="bbox 1957 3885 3592 3982; baseline 0.009 -30"><span class='ocrx_word' id='word_1_551' title='bbox 1957 3901 2062 3952; x_wconf 77' lang='lat' dir='ltr'><strong>trae</strong></span> <span class='ocrx_word' id='word_1_552' title='bbox 2081 3885 2770 3982; x_wconf 64' lang='lat' dir='ltr'><strong>cellaz_beati,c_onstitit,</strong></span> <span class='ocrx_word' id='word_1_553' title='bbox 2801 3896 2862 3948; x_wconf 89' lang='lat' dir='ltr'><strong>et</strong></span> <span class='ocrx_word' id='word_1_554' title='bbox 2880 3887 2966 3950; x_wconf 92' lang='lat' dir='ltr'><strong>ibi</strong></span> <span class='ocrx_word' id='word_1_555' title='bbox 2983 3893 3246 3982; x_wconf 70' lang='lat' dir='ltr'><strong>graviter</strong></span> <span class='ocrx_word' id='word_1_556' title='bbox 3270 3903 3592 3982; x_wconf 89' lang='lat' dir='ltr'><strong>torqueba-</strong></span> 
     </span>
    </p>
   </div>
   <div class='ocr_carea' id='block_1_80' title="bbox 235 3976 1868 4062">
    <p class='ocr_par' dir='ltr' id='par_1_80' title="bbox 235 3979 1868 4062">
     <span class='ocr_line' id='line_1_80' title="bbox 235 3979 1868 4062; baseline -0.001 -23"><span class='ocrx_word' id='word_1_557' title='bbox 235 3982 607 4062; x_wconf 75' lang='grc' dir='ltr'>Ξλεγχομένης</span> <span class='ocrx_word' id='word_1_558' title='bbox 655 3983 845 4058; x_wconf 80' lang='grc' dir='ltr'>αὐτῆς,</span> <span class='ocrx_word' id='word_1_559' title='bbox 893 3981 1101 4048; x_wconf 81' lang='grc' dir='ltr'>ἀνοίξας</span> <span class='ocrx_word' id='word_1_560' title='bbox 1161 3983 1260 4053; x_wconf 71' lang='grc' dir='ltr'><strong>τὴν</strong></span> <span class='ocrx_word' id='word_1_561' title='bbox 1305 3979 1482 4058; x_wconf 87' lang='grc' dir='ltr'>θυρίδα</span> <span class='ocrx_word' id='word_1_562' title='bbox 1524 3984 1552 4038; x_wconf 87' lang='lat'><strong>6</strong></span> <span class='ocrx_word' id='word_1_563' title='bbox 1604 3980 1659 4036; x_wconf 69' lang='grc' dir='ltr'>ἐν</span> <span class='ocrx_word' id='word_1_564' title='bbox 1703 3981 1868 4061; x_wconf 82' lang='grc' dir='ltr'>ἁγίοις</span> 
     </span>
    </p>
   </div>
   <div class='ocr_carea' id='block_1_81' title="bbox 1957 3976 3603 4062">
    <p class='ocr_par' dir='ltr' id='par_1_81' title="bbox 1957 3976 3603 4057">
     <span class='ocr_line' id='line_1_81' title="bbox 1957 3976 3603 4057; baseline 0.008 -16"><span class='ocrx_word' id='word_1_565' title='bbox 1957 3977 2151 4041; x_wconf 89' lang='lat' dir='ltr'><strong>tur.Et</strong></span> <span class='ocrx_word' id='word_1_566' title='bbox 2180 3976 2281 4057; x_wconf 90' lang='lat' dir='ltr'><strong>qui</strong></span> <span class='ocrx_word' id='word_1_567' title='bbox 2313 3976 2884 4056; x_wconf 85' lang='lat' dir='ltr'><strong>sequebantur,cum</strong></span> <span class='ocrx_word' id='word_1_568' title='bbox 2919 3979 3089 4042; x_wconf 81' lang='lat' dir='ltr'><strong>valde</strong></span> <span class='ocrx_word' id='word_1_569' title='bbox 3115 3976 3416 4052; x_wconf 69' lang='lat' dir='ltr'><strong>deﬂerent</strong></span> <span class='ocrx_word' id='word_1_570' title='bbox 3445 3991 3603 4054; x_wconf 90' lang='lat' dir='ltr'><strong>cala-</strong></span> 
     </span>
    </p>
   </div>
   <div class='ocr_carea' id='block_1_82' title="bbox 234 4065 1868 4153">
    <p class='ocr_par' dir='ltr' id='par_1_82' title="bbox 234 4069 1868 4150">
     <span class='ocr_line' id='line_1_82' title="bbox 234 4069 1868 4150; baseline -0.001 -22"><span class='ocrx_word' id='word_1_571' title='bbox 234 4074 420 4149; x_wconf 80' lang='grc' dir='ltr'>Πατὴρ</span> <span class='ocrx_word' id='word_1_572' title='bbox 467 4071 640 4146; x_wconf 64' lang='grc' dir='ltr'>ἡμῶν,</span> <span class='ocrx_word' id='word_1_573' title='bbox 689 4071 962 4147; x_wconf 77' lang='grc' dir='ltr'>ἐμϐλέψας</span> <span class='ocrx_word' id='word_1_574' title='bbox 1006 4077 1076 4148; x_wconf 78' lang='grc' dir='ltr'><strong>τῇ</strong></span> <span class='ocrx_word' id='word_1_575' title='bbox 1130 4071 1264 4150; x_wconf 76' lang='grc' dir='ltr'>κόρῃ</span> <span class='ocrx_word' id='word_1_576' title='bbox 1325 4069 1586 4148; x_wconf 75' lang='grc' dir='ltr'>ἐμϐριθως</span> <span class='ocrx_word' id='word_1_577' title='bbox 1637 4069 1819 4148; x_wconf 77' lang='grc' dir='ltr'>ἔλεγεν</span> <span class='ocrx_word' id='word_1_578' title='bbox 1854 4088 1868 4104; x_wconf 89' lang='grc'><strong>·</strong></span> 
     </span>
    </p>
   </div>
   <div class='ocr_carea' id='block_1_83' title="bbox 1957 4065 3602 4153">
    <p class='ocr_par' dir='ltr' id='par_1_83' title="bbox 1963 4065 3602 4153">
     <span class='ocr_line' id='line_1_83' title="bbox 1963 4065 3602 4153; baseline -0.002 -22"><span class='ocrx_word' id='word_1_579' title='bbox 1963 4070 2324 4142; x_wconf 88' lang='lat' dir='ltr'><strong>mitatem,et</strong></span> <span class='ocrx_word' id='word_1_580' title='bbox 2349 4065 2481 4146; x_wconf 89' lang='lat' dir='ltr'><strong>ipsa</strong></span> <span class='ocrx_word' id='word_1_581' title='bbox 2510 4065 2679 4127; x_wconf 87' lang='lat' dir='ltr'><strong>valde</strong></span> <span class='ocrx_word' id='word_1_582' title='bbox 2708 4076 3046 4142; x_wconf 85' lang='lat' dir='ltr'><strong>vexaretur,</strong></span> <span class='ocrx_word' id='word_1_583' title='bbox 3081 4075 3366 4153; x_wconf 87' lang='lat' dir='ltr'><strong>aperiens</strong></span> <span class='ocrx_word' id='word_1_584' title='bbox 3395 4078 3602 4143; x_wconf 84' lang='lat' dir='ltr'><strong>fenes-</strong></span> 
     </span>
    </p>
   </div>
   <div class='ocr_carea' id='block_1_84' title="bbox 241 4153 1868 4248">
    <p class='ocr_par' dir='ltr' id='par_1_84' title="bbox 241 4157 1868 4242">
     <span class='ocr_line' id='line_1_84' title="bbox 241 4157 1868 4242; baseline -0.003 -22"><span class='ocrx_word' id='word_1_585' title='bbox 241 4167 413 4240; x_wconf 80' lang='grc' dir='ltr'>Τριῶν</span> <span class='ocrx_word' id='word_1_586' title='bbox 457 4162 698 4242; x_wconf 85' lang='grc' dir='ltr'>φόλλεων</span> <span class='ocrx_word' id='word_1_587' title='bbox 729 4161 766 4229; x_wconf 72' lang='grc' dir='ltr'><strong>ἢ</strong></span> <span class='ocrx_word' id='word_1_588' title='bbox 793 4160 848 4227; x_wconf 77' lang='grc' dir='ltr'>ἓξ</span> <span class='ocrx_word' id='word_1_589' title='bbox 880 4161 1119 4241; x_wconf 71' lang='grc' dir='ltr'>φόλλεων</span> <span class='ocrx_word' id='word_1_590' title='bbox 1156 4180 1174 4240; x_wconf 71' lang='grc' dir='ltr'><strong>ς</strong></span> <span class='ocrx_word' id='word_1_591' title='bbox 1208 4163 1268 4218; x_wconf 78' lang='grc' dir='ltr'><strong>Οἱ</strong></span> <span class='ocrx_word' id='word_1_592' title='bbox 1293 4158 1347 4216; x_wconf 78' lang='grc' dir='ltr'>δὲ</span> <span class='ocrx_word' id='word_1_593' title='bbox 1377 4161 1628 4230; x_wconf 88' lang='grc' dir='ltr'>πορόντες</span> <span class='ocrx_word' id='word_1_594' title='bbox 1669 4160 1732 4216; x_wconf 80' lang='grc' dir='ltr'>ὲκ</span> <span class='ocrx_word' id='word_1_595' title='bbox 1756 4157 1868 4215; x_wconf 89' lang='grc' dir='ltr'>δευ-</span> 
     </span>
    </p>
   </div>
   <div class='ocr_carea' id='block_1_85' title="bbox 1957 4153 3604 4248">
    <p class='ocr_par' dir='ltr' id='par_1_85' title="bbox 1961 4153 3604 4248">
     <span class='ocr_line' id='line_1_85' title="bbox 1961 4153 3604 4248; baseline 0.008 -29"><span class='ocrx_word' id='word_1_596' title='bbox 1961 4166 2110 4219; x_wconf 89' lang='lat' dir='ltr'><strong>tram</strong></span> <span class='ocrx_word' id='word_1_597' title='bbox 2145 4166 2392 4248; x_wconf 76' lang='lat' dir='ltr'><strong>sanctus</strong></span> <span class='ocrx_word' id='word_1_598' title='bbox 2423 4153 2596 4248; x_wconf 77' lang='lat' dir='ltr'><strong>Pater</strong></span> <span class='ocrx_word' id='word_1_599' title='bbox 2625 4163 2833 4248; x_wconf 65' lang='lat' dir='ltr'><strong>noster</strong></span> <span class='ocrx_word' id='word_1_600' title='bbox 2853 4155 3275 4248; x_wconf 75' lang='lat' dir='ltr'><strong>Auxentius,et</strong></span> <span class='ocrx_word' id='word_1_601' title='bbox 3304 4184 3435 4229; x_wconf 89' lang='lat' dir='ltr'><strong>eam</strong></span> <span class='ocrx_word' id='word_1_602' title='bbox 3465 4187 3604 4248; x_wconf 79' lang='lat' dir='ltr'><strong>gra-</strong></span> 
     </span>
    </p>
   </div>
   <div class='ocr_carea' id='block_1_86' title="bbox 240 4241 1868 4331">
    <p class='ocr_par' dir='ltr' id='par_1_86' title="bbox 240 4241 1868 4331">
     <span class='ocr_line' id='line_1_86' title="bbox 240 4241 1868 4331; baseline -0.002 -24"><span class='ocrx_word' id='word_1_603' title='bbox 240 4251 394 4330; x_wconf 85' lang='grc' dir='ltr'>τέρου</span> <span class='ocrx_word' id='word_1_604' title='bbox 438 4241 537 4318; x_wconf 76' lang='grc' dir='ltr'><strong>τὴν</strong></span> <span class='ocrx_word' id='word_1_605' title='bbox 581 4254 764 4331; x_wconf 68' lang='grc' dir='ltr'>φωνὴν</span> <span class='ocrx_word' id='word_1_606' title='bbox 807 4253 1006 4319; x_wconf 87' lang='grc' dir='ltr'>ταύτην</span> <span class='ocrx_word' id='word_1_607' title='bbox 1063 4251 1170 4306; x_wconf 82' lang='grc' dir='ltr'><strong>ἀπὸ</strong></span> <span class='ocrx_word' id='word_1_608' title='bbox 1237 4257 1332 4307; x_wconf 78' lang='grc' dir='ltr'><strong>τοῦ</strong></span> <span class='ocrx_word' id='word_1_609' title='bbox 1381 4251 1525 4307; x_wconf 83' lang='grc' dir='ltr'>ὁσίου</span> <span class='ocrx_word' id='word_1_610' title='bbox 1583 4249 1868 4329; x_wconf 75' lang='grc' dir='ltr'>λεχθεῖσα.</span> 
     </span>
    </p>
   </div>
   <div class='ocr_carea' id='block_1_87' title="bbox 1957 4241 3599 4331">
    <p class='ocr_par' dir='ltr' id='par_1_87' title="bbox 1961 4241 3599 4324">
     <span class='ocr_line' id='line_1_87' title="bbox 1961 4241 3599 4324; baseline 0.008 -17"><span class='ocrx_word' id='word_1_611' title='bbox 1961 4248 2112 4307; x_wconf 89' lang='lat' dir='ltr'><strong>viter</strong></span> <span class='ocrx_word' id='word_1_612' title='bbox 2142 4241 2875 4324; x_wconf 86' lang='lat' dir='ltr'><strong>aspiciens,dixit,Tribus</strong></span> <span class='ocrx_word' id='word_1_613' title='bbox 2907 4244 3101 4309; x_wconf 87' lang='lat' dir='ltr'><strong>ubolis</strong></span> <span class='ocrx_word' id='word_1_614' title='bbox 3124 4258 3227 4312; x_wconf 92' lang='lat' dir='ltr'><strong>aut</strong></span> <span class='ocrx_word' id='word_1_615' title='bbox 3255 4271 3358 4316; x_wconf 80' lang='lat' dir='ltr'><strong>sex</strong></span> <span class='ocrx_word' id='word_1_616' title='bbox 3382 4241 3599 4320; x_wconf 73' lang='lat' dir='ltr'><strong>obolis.</strong></span> 
     </span>
    </p>
   </div>
   <div class='ocr_carea' id='block_1_88' title="bbox 241 4332 1868 4419">
    <p class='ocr_par' dir='ltr' id='par_1_88' title="bbox 241 4339 1868 4419">
     <span class='ocr_line' id='line_1_88' title="bbox 241 4339 1868 4419; baseline 0.001 -22"><span class='ocrx_word' id='word_1_617' title='bbox 241 4341 564 4416; x_wconf 75' lang='grc' dir='ltr'>ἀκηκοότες,</span> <span class='ocrx_word' id='word_1_618' title='bbox 627 4339 845 4419; x_wconf 79' lang='grc' dir='ltr'>ἓρῤιψαν</span> <span class='ocrx_word' id='word_1_619' title='bbox 891 4341 1108 4403; x_wconf 61' lang='grc' dir='ltr'>ἑαυτοὺς</span> <span class='ocrx_word' id='word_1_620' title='bbox 1158 4341 1251 4396; x_wconf 76' lang='grc' dir='ltr'><strong>σὺν</strong></span> <span class='ocrx_word' id='word_1_621' title='bbox 1293 4346 1370 4414; x_wconf 84' lang='grc' dir='ltr'>τῷ</span> <span class='ocrx_word' id='word_1_622' title='bbox 1399 4343 1557 4418; x_wconf 87' lang='grc' dir='ltr'>πατρὶ</span> <span class='ocrx_word' id='word_1_623' title='bbox 1588 4339 1682 4407; x_wconf 74' lang='grc' dir='ltr'>τῆς</span> <span class='ocrx_word' id='word_1_624' title='bbox 1714 4341 1868 4418; x_wconf 72' lang='grc' dir='ltr'>κόρης</span> 
     </span>
    </p>
   </div>
   <div class='ocr_carea' id='block_1_89' title="bbox 1957 4332 3608 4419">
    <p class='ocr_par' dir='ltr' id='par_1_89' title="bbox 1963 4332 3608 4408">
     <span class='ocr_line' id='line_1_89' title="bbox 1963 4332 3608 4408; baseline 0.008 -13"><span class='ocrx_word' id='word_1_625' title='bbox 1963 4336 2071 4408; x_wconf 90' lang='lat' dir='ltr'><strong>Qui</strong></span> <span class='ocrx_word' id='word_1_626' title='bbox 2103 4343 2298 4395; x_wconf 89' lang='lat' dir='ltr'><strong>autem</strong></span> <span class='ocrx_word' id='word_1_627' title='bbox 2350 4332 2620 4407; x_wconf 81' lang='lat' dir='ltr'><strong>aderant,</strong></span> <span class='ocrx_word' id='word_1_628' title='bbox 2657 4350 2793 4393; x_wconf 92' lang='lat' dir='ltr'><strong>cum</strong></span> <span class='ocrx_word' id='word_1_629' title='bbox 2851 4333 3070 4397; x_wconf 89' lang='lat' dir='ltr'><strong>iterum</strong></span> <span class='ocrx_word' id='word_1_630' title='bbox 3131 4339 3284 4404; x_wconf 87' lang='lat' dir='ltr'><strong>hanc</strong></span> <span class='ocrx_word' id='word_1_631' title='bbox 3316 4362 3520 4407; x_wconf 87' lang='lat' dir='ltr'><strong>vocem</strong></span> <span class='ocrx_word' id='word_1_632' title='bbox 3571 4363 3608 4408; x_wconf 87' lang='lat' dir='ltr'><strong>a</strong></span> 
     </span>
    </p>
   </div>
   <div class='ocr_carea' id='block_1_90' title="bbox 245 4421 1868 4517">
    <p class='ocr_par' dir='ltr' id='par_1_90' title="bbox 245 4427 1868 4508">
     <span class='ocr_line' id='line_1_90' title="bbox 245 4427 1868 4508; baseline -0.002 -22"><span class='ocrx_word' id='word_1_633' title='bbox 245 4431 322 4493; x_wconf 79' lang='grc' dir='ltr'>εἷς</span> <span class='ocrx_word' id='word_1_634' title='bbox 365 4432 426 4486; x_wconf 86' lang='grc' dir='ltr'>τὸ</span> <span class='ocrx_word' id='word_1_635' title='bbox 469 4427 659 4508; x_wconf 77' lang='grc' dir='ltr'>ἔδαφος</span> <span class='ocrx_word' id='word_1_636' title='bbox 689 4431 919 4506; x_wconf 81' lang='grc' dir='ltr'>βοῶντες</span> <span class='ocrx_word' id='word_1_637' title='bbox 957 4446 970 4461; x_wconf 87' lang='grc'><strong><em>⁸</em></strong></span> <span class='ocrx_word' id='word_1_638' title='bbox 1007 4428 1292 4508; x_wconf 84' lang='grc' dir='ltr'>Ἐλέησον,</span> <span class='ocrx_word' id='word_1_639' title='bbox 1326 4428 1474 4486; x_wconf 79' lang='grc' dir='ltr'>δοῦλε</span> <span class='ocrx_word' id='word_1_640' title='bbox 1503 4436 1594 4486; x_wconf 86' lang='grc' dir='ltr'><strong>τοῦ</strong></span> <span class='ocrx_word' id='word_1_641' title='bbox 1625 4436 1758 4486; x_wconf 88' lang='grc' dir='ltr'>Θεοῦ</span> <span class='ocrx_word' id='word_1_642' title='bbox 1790 4435 1868 4484; x_wconf 71' lang='grc' dir='ltr'><strong>τοί</strong></span> 
     </span>
    </p>
   </div>
   <div class='ocr_carea' id='block_1_91' title="bbox 1957 4421 3608 4517">
    <p class='ocr_par' dir='ltr' id='par_1_91' title="bbox 1965 4421 3608 4517">
     <span class='ocr_line' id='line_1_91' title="bbox 1965 4421 3608 4517; baseline 0.007 -31"><span class='ocrx_word' id='word_1_643' title='bbox 1965 4433 2170 4517; x_wconf 83' lang='lat' dir='ltr'><strong>sancto</strong></span> <span class='ocrx_word' id='word_1_644' title='bbox 2196 4423 2425 4517; x_wconf 76' lang='lat' dir='ltr'><strong>dictam</strong></span> <span class='ocrx_word' id='word_1_645' title='bbox 2457 4421 2890 4517; x_wconf 83' lang='lat' dir='ltr'><strong>audiissent,se</strong></span> <span class='ocrx_word' id='word_1_646' title='bbox 2912 4443 3044 4486; x_wconf 91' lang='lat' dir='ltr'><strong>cum</strong></span> <span class='ocrx_word' id='word_1_647' title='bbox 3071 4437 3236 4506; x_wconf 80' lang='lat' dir='ltr'><strong>patre</strong></span> <span class='ocrx_word' id='word_1_648' title='bbox 3260 4433 3473 4512; x_wconf 75' lang='lat' dir='ltr'><strong>puellm</strong></span> <span class='ocrx_word' id='word_1_649' title='bbox 3487 4435 3608 4497; x_wconf 85' lang='lat' dir='ltr'><strong>hu-</strong></span> 
     </span>
    </p>
   </div>
   <div class='ocr_carea' id='block_1_92' title="bbox 245 4511 1868 4599">
    <p class='ocr_par' dir='ltr' id='par_1_92' title="bbox 245 4518 1868 4599">
     <span class='ocr_line' id='line_1_92' title="bbox 245 4518 1868 4599; baseline 0.002 -25"><span class='ocrx_word' id='word_1_650' title='bbox 245 4520 493 4594; x_wconf 77' lang='grc' dir='ltr'>ὒψίστου,</span> <span class='ocrx_word' id='word_1_651' title='bbox 537 4520 634 4575; x_wconf 81' lang='grc' dir='ltr'>καί</span> <span class='ocrx_word' id='word_1_652' title='bbox 659 4519 1013 4599; x_wconf 81' lang='grc' dir='ltr'>συγχώρητον</span> <span class='ocrx_word' id='word_1_653' title='bbox 1051 4537 1064 4548; x_wconf 87' lang='lat'>&#39;</span> <span class='ocrx_word' id='word_1_654' title='bbox 1124 4521 1151 4574; x_wconf 91' lang='lat'><strong>6</strong></span> <span class='ocrx_word' id='word_1_655' title='bbox 1196 4520 1410 4576; x_wconf 85' lang='grc' dir='ltr'>πάντων</span> <span class='ocrx_word' id='word_1_656' title='bbox 1453 4521 1553 4598; x_wconf 82' lang='grc' dir='ltr'>γὰρ</span> <span class='ocrx_word' id='word_1_657' title='bbox 1602 4518 1868 4584; x_wconf 70' lang='grc' dir='ltr'>Δεσπότης</span> 
     </span>
    </p>
   </div>
   <div class='ocr_carea' id='block_1_93' title="bbox 1957 4511 3611 4599">
    <p class='ocr_par' dir='ltr' id='par_1_93' title="bbox 1969 4511 3611 4599">
     <span class='ocr_line' id='line_1_93' title="bbox 1969 4511 3611 4599; baseline 0.007 -23"><span class='ocrx_word' id='word_1_658' title='bbox 1969 4515 2048 4576; x_wconf 92' lang='lat' dir='ltr'><strong>mi</strong></span> <span class='ocrx_word' id='word_1_659' title='bbox 2084 4511 2830 4599; x_wconf 80' lang='lat' dir='ltr'><strong>projicerunt,clamantes:</strong></span> <span class='ocrx_word' id='word_1_660' title='bbox 2856 4514 3164 4594; x_wconf 88' lang='lat' dir='ltr'><strong>Miserere,</strong></span> <span class='ocrx_word' id='word_1_661' title='bbox 3197 4511 3367 4583; x_wconf 79' lang='lat' dir='ltr'><strong>serve</strong></span> <span class='ocrx_word' id='word_1_662' title='bbox 3387 4526 3498 4587; x_wconf 90' lang='lat' dir='ltr'><strong>Dei</strong></span> <span class='ocrx_word' id='word_1_663' title='bbox 3519 4523 3611 4586; x_wconf 82' lang='lat' dir='ltr'><strong>al-</strong></span> 
     </span>
    </p>
   </div>
   <div class='ocr_carea' id='block_1_94' title="bbox 247 4597 1868 4688">
    <p class='ocr_par' dir='ltr' id='par_1_94' title="bbox 247 4597 1868 4688">
     <span class='ocr_line' id='line_1_94' title="bbox 247 4597 1868 4688; baseline -0.002 -22"><span class='ocrx_word' id='word_1_664' title='bbox 247 4610 336 4666; x_wconf 84' lang='grc' dir='ltr'><strong>καὶ</strong></span> <span class='ocrx_word' id='word_1_665' title='bbox 390 4609 580 4685; x_wconf 79' lang='grc' dir='ltr'>Σωτὴρ</span> <span class='ocrx_word' id='word_1_666' title='bbox 627 4597 846 4688; x_wconf 79' lang='grc' dir='ltr'>Χριστὸς</span> <span class='ocrx_word' id='word_1_667' title='bbox 890 4615 1088 4687; x_wconf 84' lang='grc' dir='ltr'>προορᾷ</span> <span class='ocrx_word' id='word_1_668' title='bbox 1145 4608 1228 4665; x_wconf 80' lang='grc' dir='ltr'>διὰ</span> <span class='ocrx_word' id='word_1_669' title='bbox 1274 4616 1367 4665; x_wconf 90' lang='grc' dir='ltr'><strong>σοῦ</strong></span> <span class='ocrx_word' id='word_1_670' title='bbox 1422 4611 1510 4664; x_wconf 86' lang='grc' dir='ltr'>καὶ</span> <span class='ocrx_word' id='word_1_671' title='bbox 1567 4609 1633 4664; x_wconf 74' lang='grc' dir='ltr'><strong>τὰ</strong></span> <span class='ocrx_word' id='word_1_672' title='bbox 1677 4609 1868 4685; x_wconf 65' lang='grc' dir='ltr'><strong>μακρόι¹</strong></span> 
     </span>
    </p>
   </div>
   <div class='ocr_carea' id='block_1_95' title="bbox 1957 4597 3632 4688">
    <p class='ocr_par' dir='ltr' id='par_1_95' title="bbox 1971 4597 3632 4679">
     <span class='ocr_line' id='line_1_95' title="bbox 1971 4597 3632 4679; baseline 0.006 -13"><span class='ocrx_word' id='word_1_673' title='bbox 1971 4606 2280 4676; x_wconf 83' lang='lat' dir='ltr'><strong>tissimi,et</strong></span> <span class='ocrx_word' id='word_1_674' title='bbox 2301 4597 2854 4679; x_wconf 83' lang='lat' dir='ltr'><strong>ignosce.0mnium</strong></span> <span class='ocrx_word' id='word_1_675' title='bbox 2889 4603 3049 4664; x_wconf 89' lang='lat' dir='ltr'><strong>enim</strong></span> <span class='ocrx_word' id='word_1_676' title='bbox 3077 4605 3366 4673; x_wconf 89' lang='lat' dir='ltr'><strong>Dominus</strong></span> <span class='ocrx_word' id='word_1_677' title='bbox 3389 4622 3446 4674; x_wconf 92' lang='lat' dir='ltr'><strong>et</strong></span> <span class='ocrx_word' id='word_1_678' title='bbox 3467 4616 3632 4676; x_wconf 83' lang='lat' dir='ltr'><strong>Ser-.</strong></span> 
     </span>
    </p>
   </div>
   <div class='ocr_carea' id='block_1_96' title="bbox 250 4691 1868 4780">
    <p class='ocr_par' dir='ltr' id='par_1_96' title="bbox 250 4697 1868 4777">
     <span class='ocr_line' id='line_1_96' title="bbox 250 4697 1868 4777; baseline -0.002 -23"><span class='ocrx_word' id='word_1_679' title='bbox 250 4698 519 4776; x_wconf 83' lang='grc' dir='ltr'>λεγόμενα</span> <span class='ocrx_word' id='word_1_680' title='bbox 577 4700 664 4754; x_wconf 85' lang='grc' dir='ltr'><strong>καὶ</strong></span> <span class='ocrx_word' id='word_1_681' title='bbox 707 4699 1069 4777; x_wconf 85' lang='grc' dir='ltr'>πραττόμενα,</span> <span class='ocrx_word' id='word_1_682' title='bbox 1123 4700 1199 4761; x_wconf 86' lang='grc' dir='ltr'>ὡς</span> <span class='ocrx_word' id='word_1_683' title='bbox 1230 4700 1388 4754; x_wconf 83' lang='grc' dir='ltr'>οίκὼν</span> <span class='ocrx_word' id='word_1_684' title='bbox 1418 4697 1472 4752; x_wconf 81' lang='grc' dir='ltr'>ἐν</span> <span class='ocrx_word' id='word_1_685' title='bbox 1502 4697 1591 4752; x_wconf 76' lang='grc' dir='ltr'>σοί</span> <span class='ocrx_word' id='word_1_686' title='bbox 1622 4704 1698 4771; x_wconf 83' lang='grc' dir='ltr'>τῷ</span> <span class='ocrx_word' id='word_1_687' title='bbox 1726 4698 1868 4775; x_wconf 72' lang='grc' dir='ltr'>θερά-</span> 
     </span>
    </p>
   </div>
   <div class='ocr_carea' id='block_1_97' title="bbox 1957 4691 3614 4780">
    <p class='ocr_par' dir='ltr' id='par_1_97' title="bbox 1971 4691 3614 4780">
     <span class='ocr_line' id='line_1_97' title="bbox 1971 4691 3614 4780; baseline 0.005 -24"><span class='ocrx_word' id='word_1_688' title='bbox 1971 4701 2141 4756; x_wconf 81' lang='lat' dir='ltr'><strong>vator</strong></span> <span class='ocrx_word' id='word_1_689' title='bbox 2175 4691 2440 4754; x_wconf 87' lang='lat' dir='ltr'><strong>Christus</strong></span> <span class='ocrx_word' id='word_1_690' title='bbox 2493 4707 2602 4769; x_wconf 90' lang='lat' dir='ltr'><strong>per</strong></span> <span class='ocrx_word' id='word_1_691' title='bbox 2642 4698 2703 4750; x_wconf 91' lang='lat' dir='ltr'><strong>te</strong></span> <span class='ocrx_word' id='word_1_692' title='bbox 2728 4693 3027 4780; x_wconf 69' lang='lat' dir='ltr'><strong>praevidet</strong></span> <span class='ocrx_word' id='word_1_693' title='bbox 3050 4713 3120 4757; x_wconf 89' lang='lat' dir='ltr'><strong>ea</strong></span> <span class='ocrx_word' id='word_1_694' title='bbox 3137 4716 3269 4778; x_wconf 70' lang='lat' dir='ltr'><strong>quae</strong></span> <span class='ocrx_word' id='word_1_695' title='bbox 3289 4719 3399 4780; x_wconf 89' lang='lat' dir='ltr'><strong>per</strong></span> <span class='ocrx_word' id='word_1_696' title='bbox 3430 4712 3485 4764; x_wconf 88' lang='lat' dir='ltr'><strong>te</strong></span> <span class='ocrx_word' id='word_1_697' title='bbox 3516 4702 3614 4764; x_wconf 87' lang='lat' dir='ltr'><strong>di-</strong></span> 
     </span>
    </p>
   </div>
   <div class='ocr_carea' id='block_1_98' title="bbox 250 4779 1868 4873">
    <p class='ocr_par' dir='ltr' id='par_1_98' title="bbox 250 4786 1868 4867">
     <span class='ocr_line' id='line_1_98' title="bbox 250 4786 1868 4867; baseline -0.002 -23"><span class='ocrx_word' id='word_1_698' title='bbox 250 4808 407 4844; x_wconf 87' lang='grc' dir='ltr'>ποντι</span> <span class='ocrx_word' id='word_1_699' title='bbox 443 4788 621 4851; x_wconf 71' lang='grc' dir='ltr'>αὐτοῦ.</span> <span class='ocrx_word' id='word_1_700' title='bbox 684 4789 794 4855; x_wconf 72' lang='grc' dir='ltr'><strong>Τὴν</strong></span> <span class='ocrx_word' id='word_1_701' title='bbox 845 4791 931 4844; x_wconf 73' lang='grc' dir='ltr'>οὖν</span> <span class='ocrx_word' id='word_1_702' title='bbox 980 4786 1277 4867; x_wconf 77' lang='grc' dir='ltr'>Ιεμϐρίθειαν</span> <span class='ocrx_word' id='word_1_703' title='bbox 1306 4786 1568 4867; x_wconf 85' lang='grc' dir='ltr'>πραότητι</span> <span class='ocrx_word' id='word_1_704' title='bbox 1599 4787 1868 4844; x_wconf 69' lang='grc' dir='ltr'><strong>κατιιστεί¹</strong></span> 
     </span>
    </p>
   </div>
   <div class='ocr_carea' id='block_1_99' title="bbox 1957 4779 3617 4873">
    <p class='ocr_par' dir='ltr' id='par_1_99' title="bbox 1974 4779 3617 4873">
     <span class='ocr_line' id='line_1_99' title="bbox 1974 4779 3617 4873; baseline 0.006 -28"><span class='ocrx_word' id='word_1_705' title='bbox 1974 4796 2193 4846; x_wconf 90' lang='lat' dir='ltr'><strong>cuntur</strong></span> <span class='ocrx_word' id='word_1_706' title='bbox 2221 4782 2485 4873; x_wconf 71' lang='lat' dir='ltr'><strong>etﬁunt,</strong></span> <span class='ocrx_word' id='word_1_707' title='bbox 2515 4787 2585 4873; x_wconf 80' lang='lat' dir='ltr'><strong>ut</strong></span> <span class='ocrx_word' id='word_1_708' title='bbox 2640 4779 2741 4858; x_wconf 93' lang='lat' dir='ltr'><strong>qui</strong></span> <span class='ocrx_word' id='word_1_709' title='bbox 2775 4779 2836 4840; x_wconf 89' lang='lat' dir='ltr'><strong>in</strong></span> <span class='ocrx_word' id='word_1_710' title='bbox 2871 4791 2925 4842; x_wconf 91' lang='lat' dir='ltr'><strong>te</strong></span> <span class='ocrx_word' id='word_1_711' title='bbox 2979 4783 3228 4862; x_wconf 89' lang='lat' dir='ltr'><strong>habitet,</strong></span> <span class='ocrx_word' id='word_1_712' title='bbox 3264 4779 3365 4870; x_wconf 87' lang='lat' dir='ltr'><strong>qui</strong></span> <span class='ocrx_word' id='word_1_713' title='bbox 3395 4809 3460 4854; x_wconf 90' lang='lat' dir='ltr'><strong>es</strong></span> <span class='ocrx_word' id='word_1_714' title='bbox 3483 4793 3617 4873; x_wconf 84' lang='lat' dir='ltr'><strong>ejus</strong></span> 
     </span>
    </p>
   </div>
   <div class='ocr_carea' id='block_1_100' title="bbox 251 4868 1868 4961">
    <p class='ocr_par' dir='ltr' id='par_1_100' title="bbox 251 4874 1868 4956">
     <span class='ocr_line' id='line_1_100' title="bbox 251 4874 1868 4956; baseline -0.001 -24"><span class='ocrx_word' id='word_1_715' title='bbox 251 4875 348 4940; x_wconf 72' lang='grc' dir='ltr'>ὶας</span> <span class='ocrx_word' id='word_1_716' title='bbox 409 4877 436 4932; x_wconf 86' lang='lat'><strong>6</strong></span> <span class='ocrx_word' id='word_1_717' title='bbox 468 4878 752 4956; x_wconf 79' lang='grc' dir='ltr'>μακάριος,</span> <span class='ocrx_word' id='word_1_718' title='bbox 800 4874 1303 4954; x_wconf 80' lang='grc' dir='ltr'>προσκαλεσάμενος</span> <span class='ocrx_word' id='word_1_719' title='bbox 1352 4877 1474 4939; x_wconf 87' lang='grc' dir='ltr'>τοὺς</span> <span class='ocrx_word' id='word_1_720' title='bbox 1507 4876 1707 4939; x_wconf 75' lang='grc' dir='ltr'>πάντας</span> <span class='ocrx_word' id='word_1_721' title='bbox 1739 4876 1868 4942; x_wconf 91' lang='grc' dir='ltr'>πλη-</span> 
     </span>
    </p>
   </div>
   <div class='ocr_carea' id='block_1_101' title="bbox 1957 4868 3620 4961">
    <p class='ocr_par' dir='ltr' id='par_1_101' title="bbox 1976 4868 3620 4961">
     <span class='ocr_line' id='line_1_101' title="bbox 1976 4868 3620 4961; baseline 0.005 -25"><span class='ocrx_word' id='word_1_722' title='bbox 1976 4871 2480 4936; x_wconf 83' lang='lat' dir='ltr'><strong>famulus.Beatus</strong></span> <span class='ocrx_word' id='word_1_723' title='bbox 2511 4868 2735 4961; x_wconf 77' lang='lat' dir='ltr'><strong>itaque,</strong></span> <span class='ocrx_word' id='word_1_724' title='bbox 2772 4875 3234 4939; x_wconf 89' lang='lat' dir='ltr'><strong>mansuetudine</strong></span> <span class='ocrx_word' id='word_1_725' title='bbox 3280 4868 3620 4961; x_wconf 73' lang='lat' dir='ltr'><strong>reprimens</strong></span> 
     </span>
    </p>
   </div>
   <div class='ocr_carea' id='block_1_102' title="bbox 251 4957 1868 5052">
    <p class='ocr_par' dir='ltr' id='par_1_102' title="bbox 251 4964 1861 5046">
     <span class='ocr_line' id='line_1_102' title="bbox 251 4964 1861 5046; baseline -0.001 -24"><span class='ocrx_word' id='word_1_726' title='bbox 251 4968 388 5040; x_wconf 90' lang='grc' dir='ltr'>σίον,</span> <span class='ocrx_word' id='word_1_727' title='bbox 447 4965 598 5045; x_wconf 78' lang='grc' dir='ltr'>ἔλεγε</span> <span class='ocrx_word' id='word_1_728' title='bbox 657 4974 734 5041; x_wconf 85' lang='grc' dir='ltr'>τῷ</span> <span class='ocrx_word' id='word_1_729' title='bbox 779 4965 946 5046; x_wconf 84' lang='grc' dir='ltr'>πατρί</span> <span class='ocrx_word' id='word_1_730' title='bbox 1000 4971 1162 5035; x_wconf 77' lang='grc' dir='ltr'>αὒτης</span> <span class='ocrx_word' id='word_1_731' title='bbox 1199 4986 1212 5001; x_wconf 78' lang='grc' dir='ltr'><strong>ο</strong></span> <span class='ocrx_word' id='word_1_732' title='bbox 1278 4967 1336 5023; x_wconf 72' lang='lat' dir='ltr'><strong>El</strong></span> <span class='ocrx_word' id='word_1_733' title='bbox 1384 4970 1472 5021; x_wconf 82' lang='grc' dir='ltr'>καὶ</span> <span class='ocrx_word' id='word_1_734' title='bbox 1505 4970 1626 5030; x_wconf 87' lang='grc' dir='ltr'>τοὺς</span> <span class='ocrx_word' id='word_1_735' title='bbox 1672 4964 1861 5021; x_wconf 74' lang='grc' dir='ltr'>λοιποῦ</span> 
     </span>
    </p>
   </div>
   <div class='ocr_carea' id='block_1_103' title="bbox 1957 4957 3623 5052">
    <p class='ocr_par' dir='ltr' id='par_1_103' title="bbox 1978 4957 3623 5052">
     <span class='ocr_line' id='line_1_103' title="bbox 1978 4957 3623 5052; baseline 0.007 -31"><span class='ocrx_word' id='word_1_736' title='bbox 1978 4961 2380 5052; x_wconf 73' lang='lat' dir='ltr'><strong>severitatem,</strong></span> <span class='ocrx_word' id='word_1_737' title='bbox 2407 4957 2686 5052; x_wconf 79' lang='lat' dir='ltr'><strong>omnibus</strong></span> <span class='ocrx_word' id='word_1_738' title='bbox 2720 4975 2906 5052; x_wconf 79' lang='lat' dir='ltr'><strong>prope</strong></span> <span class='ocrx_word' id='word_1_739' title='bbox 2937 4965 3266 5043; x_wconf 88' lang='lat' dir='ltr'><strong>accersitis,</strong></span> <span class='ocrx_word' id='word_1_740' title='bbox 3291 4957 3438 5031; x_wconf 67' lang='lat' dir='ltr'><strong>dixit</strong></span> <span class='ocrx_word' id='word_1_741' title='bbox 3469 4970 3623 5052; x_wconf 88' lang='lat' dir='ltr'><strong>patri</strong></span> 
     </span>
    </p>
   </div>
   <div class='ocr_carea' id='block_1_104' title="bbox 254 5046 1868 5136">
    <p class='ocr_par' dir='ltr' id='par_1_104' title="bbox 254 5053 1868 5136">
     <span class='ocr_line' id='line_1_104' title="bbox 254 5053 1868 5136; baseline -0.002 -24"><span class='ocrx_word' id='word_1_742' title='bbox 254 5057 473 5133; x_wconf 81' lang='grc' dir='ltr'>μισθοὺς</span> <span class='ocrx_word' id='word_1_743' title='bbox 505 5056 758 5136; x_wconf 80' lang='grc' dir='ltr'>παρέχω,</span> <span class='ocrx_word' id='word_1_744' title='bbox 791 5058 864 5114; x_wconf 83' lang='grc' dir='ltr'>ὡς</span> <span class='ocrx_word' id='word_1_745' title='bbox 908 5056 1066 5135; x_wconf 79' lang='grc' dir='ltr'>ἔφης,</span> <span class='ocrx_word' id='word_1_746' title='bbox 1099 5058 1204 5113; x_wconf 77' lang='grc' dir='ltr'><strong>ἀπὸ</strong></span> <span class='ocrx_word' id='word_1_747' title='bbox 1235 5062 1394 5135; x_wconf 84' lang='grc' dir='ltr'>τριῶν</span> <span class='ocrx_word' id='word_1_748' title='bbox 1427 5057 1514 5111; x_wconf 84' lang='grc' dir='ltr'><strong>καὶ</strong></span> <span class='ocrx_word' id='word_1_749' title='bbox 1543 5054 1597 5120; x_wconf 81' lang='grc' dir='ltr'>ἓξ</span> <span class='ocrx_word' id='word_1_750' title='bbox 1627 5053 1868 5135; x_wconf 87' lang='grc' dir='ltr'>φόλλεων</span> 
     </span>
    </p>
   </div>
   <div class='ocr_carea' id='block_1_105' title="bbox 1957 5046 3624 5136">
    <p class='ocr_par' dir='ltr' id='par_1_105' title="bbox 1983 5046 3624 5136">
     <span class='ocr_line' id='line_1_105' title="bbox 1983 5046 3624 5136; baseline 0.005 -21"><span class='ocrx_word' id='word_1_751' title='bbox 1983 5053 2196 5136; x_wconf 72' lang='lat' dir='ltr'><strong>puellaa</strong></span> <span class='ocrx_word' id='word_1_752' title='bbox 2221 5070 2234 5110; x_wconf 91' lang='lat'><strong>:</strong></span> <span class='ocrx_word' id='word_1_753' title='bbox 2264 5048 2327 5110; x_wconf 87' lang='lat' dir='ltr'><strong>Si</strong></span> <span class='ocrx_word' id='word_1_754' title='bbox 2359 5047 2536 5108; x_wconf 84' lang='lat' dir='ltr'><strong>etiam</strong></span> <span class='ocrx_word' id='word_1_755' title='bbox 2571 5046 2918 5127; x_wconf 89' lang='lat' dir='ltr'><strong>reliquis,ut</strong></span> <span class='ocrx_word' id='word_1_756' title='bbox 2951 5059 3010 5112; x_wconf 93' lang='lat' dir='ltr'><strong>tu</strong></span> <span class='ocrx_word' id='word_1_757' title='bbox 3042 5046 3624 5132; x_wconf 74' lang='lat' dir='ltr'><strong>dixisti,mercedem</strong></span> 
     </span>
    </p>
   </div>
   <div class='ocr_carea' id='block_1_106' title="bbox 254 5136 1868 5230">
    <p class='ocr_par' dir='ltr' id='par_1_106' title="bbox 254 5143 1868 5226">
     <span class='ocr_line' id='line_1_106' title="bbox 254 5143 1868 5226; baseline -0.001 -25"><span class='ocrx_word' id='word_1_758' title='bbox 254 5145 324 5212; x_wconf 81' lang='grc' dir='ltr'>τῆ</span> <span class='ocrx_word' id='word_1_759' title='bbox 353 5149 574 5226; x_wconf 84' lang='grc' dir='ltr'>θυγατρί</span> <span class='ocrx_word' id='word_1_760' title='bbox 617 5168 712 5203; x_wconf 88' lang='grc' dir='ltr'><strong>σου</strong></span> <span class='ocrx_word' id='word_1_761' title='bbox 742 5145 905 5203; x_wconf 82' lang='grc' dir='ltr'>πόδον</span> <span class='ocrx_word' id='word_1_762' title='bbox 963 5144 1212 5220; x_wconf 66' lang='grc' dir='ltr'>δέδωκας</span> <span class='ocrx_word' id='word_1_763' title='bbox 1261 5143 1323 5203; x_wconf 88' lang='grc' dir='ltr'>Ὀ</span> <span class='ocrx_word' id='word_1_764' title='bbox 1383 5145 1436 5201; x_wconf 77' lang='grc' dir='ltr'>δὲ</span> <span class='ocrx_word' id='word_1_765' title='bbox 1479 5144 1642 5201; x_wconf 79' lang='grc' dir='ltr'>πάλιν</span> <span class='ocrx_word' id='word_1_766' title='bbox 1703 5143 1868 5203; x_wconf 82' lang='grc' dir='ltr'>κλαίω</span> 
     </span>
    </p>
   </div>
   <div class='ocr_carea' id='block_1_107' title="bbox 1957 5136 3624 5230">
    <p class='ocr_par' dir='ltr' id='par_1_107' title="bbox 1984 5136 3624 5230">
     <span class='ocr_line' id='line_1_107' title="bbox 1984 5136 3624 5230; baseline 0.007 -28"><span class='ocrx_word' id='word_1_767' title='bbox 1984 5142 2320 5230; x_wconf 71' lang='grc' dir='ltr'>ριιωὶιεοεχ</span> <span class='ocrx_word' id='word_1_768' title='bbox 2352 5136 2541 5196; x_wconf 89' lang='lat' dir='ltr'><strong>tribus</strong></span> <span class='ocrx_word' id='word_1_769' title='bbox 2571 5143 2630 5196; x_wconf 90' lang='lat' dir='ltr'><strong>et</strong></span> <span class='ocrx_word' id='word_1_770' title='bbox 2660 5154 2761 5197; x_wconf 83' lang='lat' dir='ltr'><strong>sex</strong></span> <span class='ocrx_word' id='word_1_771' title='bbox 2789 5138 3004 5230; x_wconf 83' lang='lat' dir='ltr'><strong>obolis,</strong></span> <span class='ocrx_word' id='word_1_772' title='bbox 3033 5142 3169 5205; x_wconf 73' lang='lat' dir='ltr'><strong>tilia)</strong></span> <span class='ocrx_word' id='word_1_773' title='bbox 3196 5154 3311 5208; x_wconf 79' lang='lat' dir='ltr'><strong>tuae</strong></span> <span class='ocrx_word' id='word_1_774' title='bbox 3333 5161 3624 5230; x_wconf 84' lang='lat' dir='ltr'><strong>quautum</strong></span> 
     </span>
    </p>
   </div>
   <div class='ocr_carea' id='block_1_108' title="bbox 257 5227 1868 5322">
    <p class='ocr_par' dir='ltr' id='par_1_108' title="bbox 257 5232 1607 5316">
     <span class='ocr_line' id='line_1_108' title="bbox 257 5232 1607 5316; baseline 0.001 -25"><span class='ocrx_word' id='word_1_775' title='bbox 257 5232 526 5316; x_wconf 81' lang='grc' dir='ltr'>σφοδρῶς,</span> <span class='ocrx_word' id='word_1_776' title='bbox 559 5235 712 5313; x_wconf 80' lang='grc' dir='ltr'>ῥίψας</span> <span class='ocrx_word' id='word_1_777' title='bbox 739 5235 926 5292; x_wconf 74' lang='grc' dir='ltr'>ἑαυτὸν</span> <span class='ocrx_word' id='word_1_778' title='bbox 961 5236 1308 5316; x_wconf 85' lang='grc' dir='ltr'>συγχώρησιν</span> <span class='ocrx_word' id='word_1_779' title='bbox 1338 5234 1607 5313; x_wconf 71' lang='grc' dir='ltr'>ἐξῃτεῖτο.</span> 
     </span>
    </p>
   </div>
   <div class='ocr_carea' id='block_1_109' title="bbox 1957 5227 3628 5322">
    <p class='ocr_par' dir='ltr' id='par_1_109' title="bbox 1983 5227 3628 5322">
     <span class='ocr_line' id='line_1_109' title="bbox 1983 5227 3628 5322; baseline 0.004 -25"><span class='ocrx_word' id='word_1_780' title='bbox 1983 5229 2177 5296; x_wconf 83' lang='lat' dir='ltr'><strong>dedi?</strong></span> <span class='ocrx_word' id='word_1_781' title='bbox 2207 5227 2312 5290; x_wconf 90' lang='lat' dir='ltr'><strong>Ille</strong></span> <span class='ocrx_word' id='word_1_782' title='bbox 2343 5234 2540 5287; x_wconf 88' lang='lat' dir='ltr'><strong>autem</strong></span> <span class='ocrx_word' id='word_1_783' title='bbox 2575 5243 2783 5322; x_wconf 85' lang='lat' dir='ltr'><strong>rursus</strong></span> <span class='ocrx_word' id='word_1_784' title='bbox 2812 5227 2965 5289; x_wconf 87' lang='lat' dir='ltr'><strong>ﬂens</strong></span> <span class='ocrx_word' id='word_1_785' title='bbox 2986 5227 3472 5315; x_wconf 58' lang='lat' dir='ltr'><strong>vehementer,”</strong></span> <span class='ocrx_word' id='word_1_786' title='bbox 3492 5257 3628 5322; x_wconf 88' lang='lat' dir='ltr'><strong>pro-</strong></span> 
     </span>
    </p>
   </div>
   <div class='ocr_carea' id='block_1_110' title="bbox 1980 5319 3124 5412">
    <p class='ocr_par' dir='ltr' id='par_1_110' title="bbox 1980 5319 3124 5412">
     <span class='ocr_line' id='line_1_110' title="bbox 1980 5319 3124 5412; baseline -0.003 -21"><span class='ocrx_word' id='word_1_787' title='bbox 1980 5329 2200 5412; x_wconf 87' lang='lat' dir='ltr'><strong>jiciens</strong></span> <span class='ocrx_word' id='word_1_788' title='bbox 2231 5324 2293 5384; x_wconf 92' lang='lat' dir='ltr'><strong>in</strong></span> <span class='ocrx_word' id='word_1_789' title='bbox 2325 5331 2572 5395; x_wconf 91' lang='lat' dir='ltr'><strong>terram,</strong></span> <span class='ocrx_word' id='word_1_790' title='bbox 2600 5319 2841 5399; x_wconf 87' lang='lat' dir='ltr'><strong>petebat</strong></span> <span class='ocrx_word' id='word_1_791' title='bbox 2871 5325 3124 5387; x_wconf 89' lang='lat' dir='ltr'><strong>veniam.</strong></span> 
     </span>
    </p>
   </div>
   <div class='ocr_carea' id='block_1_111' title="bbox 342 5412 1868 5496">
    <p class='ocr_par' dir='ltr' id='par_1_111' title="bbox 342 5412 1868 5494">
     <span class='ocr_line' id='line_1_111' title="bbox 342 5412 1868 5494; baseline -0.002 -22"><span class='ocrx_word' id='word_1_792' title='bbox 342 5412 452 5477; x_wconf 87' lang='lat' dir='ltr'><strong>lZ’.</strong></span> <span class='ocrx_word' id='word_1_793' title='bbox 514 5412 905 5492; x_wconf 79' lang='grc' dir='ltr'>Ἐπευξάμενος</span> <span class='ocrx_word' id='word_1_794' title='bbox 960 5414 1136 5475; x_wconf 86' lang='grc' dir='ltr'>τοίνυν</span> <span class='ocrx_word' id='word_1_795' title='bbox 1197 5417 1223 5472; x_wconf 80' lang='lat'>5</span> <span class='ocrx_word' id='word_1_796' title='bbox 1276 5415 1536 5494; x_wconf 81' lang='grc' dir='ltr'>μακάριος</span> <span class='ocrx_word' id='word_1_797' title='bbox 1579 5416 1668 5473; x_wconf 80' lang='grc' dir='ltr'>καὶ</span> <span class='ocrx_word' id='word_1_798' title='bbox 1711 5419 1804 5476; x_wconf 81' lang='grc' dir='ltr'>τὸν</span> <span class='ocrx_word' id='word_1_799' title='bbox 1847 5413 1868 5469; x_wconf 76' lang='grc' dir='ltr'>ἐ</span> 
     </span>
    </p>
   </div>
   <div class='ocr_carea' id='block_1_112' title="bbox 1957 5412 3628 5496">
    <p class='ocr_par' dir='ltr' id='par_1_112' title="bbox 2056 5416 3628 5496">
     <span class='ocr_line' id='line_1_112' title="bbox 2056 5416 3628 5496; baseline 0.006 -19"><span class='ocrx_word' id='word_1_800' title='bbox 2056 5417 2363 5477; x_wconf 84' lang='lat' dir='ltr'><strong>XVll.Cum</strong></span> <span class='ocrx_word' id='word_1_801' title='bbox 2385 5416 2577 5486; x_wconf 89' lang='lat' dir='ltr'><strong>itaque</strong></span> <span class='ocrx_word' id='word_1_802' title='bbox 2598 5421 2750 5472; x_wconf 78' lang='lat' dir='ltr'><strong>esset</strong></span> <span class='ocrx_word' id='word_1_803' title='bbox 2774 5423 3045 5486; x_wconf 85' lang='lat' dir='ltr'><strong>precatus</strong></span> <span class='ocrx_word' id='word_1_804' title='bbox 3067 5419 3270 5480; x_wconf 78' lang='lat' dir='ltr'><strong>beatus</strong></span> <span class='ocrx_word' id='word_1_805' title='bbox 3284 5424 3628 5496; x_wconf 82' lang='lat' dir='ltr'><strong>Auxentius,</strong></span> 
     </span>
    </p>
   </div>
   <div class='ocr_carea' id='block_1_113' title="bbox 340 5583 831 5658">
    <p class='ocr_par' dir='ltr' id='par_1_113' title="bbox 340 5583 831 5658">
     <span class='ocr_line' id='line_1_113' title="bbox 340 5583 831 5658; baseline -0.006 -11"><span class='ocrx_word' id='word_1_806' title='bbox 340 5583 399 5636; x_wconf 70' lang='lat'><strong>‘0</strong></span> <span class='ocrx_word' id='word_1_807' title='bbox 425 5583 611 5647; x_wconf 82' lang='lat' dir='ltr'><strong>Marc.</strong></span> <span class='ocrx_word' id='word_1_808' title='bbox 645 5601 698 5658; x_wconf 89' lang='lat' dir='ltr'><strong>v,</strong></span> <span class='ocrx_word' id='word_1_809' title='bbox 732 5583 831 5646; x_wconf 89' lang='lat'><strong>36.</strong></span> 
     </span>
    </p>
   </div>
  </div>
