3932 6140
381 260 530 344 139i

1641 263 1924 341 MENSIS
1963 263 2472 341 FEBRUARIUS.

3612 265 3755 338 1392

379 422 440 479 et
454 429 698 477 crucem
718 429 852 493 qua;
865 428 1048 493 super
1059 409 1338 472 baculum
1361 411 1557 472 eratin
1571 411 1704 491 ejus
1721 409 2019 484 manibus,
2043 418 2080 467 Α
2105 432 2170 488 χε

2157 413 2291 490 ερσὶν
2333 414 2493 469 αὐτοῦ
2537 414 2624 469 ἱεπῖ
2675 412 2967 488 βακτηρίας
3015 411 3243 490 σταυρὸν
3308 408 3639 472 ἀποστείλας
3695 408 3758 465 δι’

377 503 644 567 misisset
674 521 783 584 per
805 521 988 564 unum
1013 517 1088 563 ex
1109 499 1184 562 iis
1206 500 1309 581 qui
1333 501 1490 580 apud
1511 518 1645 562 eum
1671 519 2014 581 persevera-

375 594 541 671 bant,
573 593 717 656 fecit
757 609 1002 655 cessare
1051 589 1269 671 puellae
1293 589 1691 663 vexationem,
1728 602 1787 653 et
1812 591 2015 652 docuit

373 703 586 746 omnes
617 682 720 764 qui
748 687 1303 754 convenerant,non
1337 689 1616 760 oportere
1638 699 1756 742 non
1789 679 2014 741 habere

375 774 556 837 ﬁdem
579 771 688 836 Dei
705 769 1331 850 admirabilibus,quae
1349 768 1425 831 ab
1449 769 1581 850 ipso
1605 771 1754 832 ﬁunt
1774 769 1834 831 in
1859 787 2012 830 una-

371 880 608 944 quaque
635 859 1028 941 generatione
1059 876 1166 939 per
1197 877 1302 920 eos
1335 877 1441 939 per
1472 877 1622 940 quos
1653 863 1707 922 ei
1751 861 2009 922 videtur.

371 951 731 1016 Patriarchae
764 948 926 1012 enim
961 956 1020 1008 et
1045 965 1256 1010 omnes
1286 949 1614 1030 prophetae,
1650 957 1709 1010 et
1735 949 2018 1011 similiter

371 1042 555 1104 etiam
582 1039 1038 1122 apostoli,erant
1069 1038 1374 1112 homines,
1405 1046 1463 1100 et
1490 1057 1524 1100 a
1555 1039 1758 1099 divina
1787 1038 2010 1100 incitati

369 1131 578 1212 gratia.
613 1128 1048 1193 convenienter
1076 1128 1281 1190 divino
1311 1127 1604 1209 Apostolo
1635 1129 2011 1206 “,exstinxe-

367 1229 514 1286 runt
543 1223 665 1282 vim
697 1218 1316 1301 ignis,ohstruxerunt
1348 1218 1813 1294 oraleonum,et
1844 1218 2010 1281 fece-

365 1319 507 1376 runt
523 1318 724 1374 omnia
743 1315 880 1392 qua
901 1309 1192 1390 deinceps
1213 1307 1432 1389 scripta
1453 1316 1613 1372 sunt.
1648 1311 1836 1372 Porro
1869 1326 2011 1370 vero

362 1401 493 1484 ipsa
525 1419 763 1483 quoque
807 1419 918 1461 vox
967 1398 1230 1473 Domini,
1267 1416 1400 1479 quae
1433 1417 1542 1459 nos
1571 1399 1920 1460 adhortatur
1952 1406 2015 1459 ut

363 1489 801 1564 credamus,sic
819 1489 968 1551 dicit
991 1507 1005 1549 :
1040 1486 1290 1551 cOmnia
1307 1506 1678 1569 quaecunque
1700 1497 2012 1568 precantes

2093 502 2211 565 ἑνὸς
2269 504 2375 558 τῶν
2433 503 2975 581 προσκαρτερούντων
3047 503 3215 575 αὐτῷ,
3307 501 3616 556 κατέπαυσε
3666 501 3758 565 τὴν

2093 592 2259 667 κόρην
2315 598 2408 648 τοῦ
2463 592 2717 671 ἐλεγμοῦ,
2755 592 2851 648 καῖ
2906 592 3145 654 ἅπαντας
3179 591 3304 652 τοὺς
3335 588 3756 656 συνεληλυθότας

2095 679 2384 753 ἐδίδασκεν,
2433 679 2514 736 ὅτι
2568 681 2627 738 οὗ
2695 679 2781 736 δεῖ
2839 681 3090 738 ἀπιστεῖν
3133 694 3254 744 τοῖς
3299 682 3619 754 θαυμασίοις
3671 688 3756 736 τοῦ

2097 773 2229 826 Θεοῦ
2284 769 2583 846 γινομένοις
2616 769 2705 826 ὑπ’
2751 771 2913 828 αὐτοῦ
2954 769 3071 826 καθ’
3135 769 3376 835 ἑκάστην
3442 771 3660 846 γενεὰν,
3691 767 3751 824 δι’

2094 860 2166 914 ὧν
2226 856 2486 914 εὐδοκεῖ·
2544 861 2632 915 καὶ
2693 861 2796 937 γὰρ
2849 862 2896 915 οἱ
2959 861 3298 938 πατριάρχαι
3342 860 3432 914 καὶ
3467 859 3668 920 πάντες
3711 852 3753 913 οἶ

2095 948 2361 1028 προφῆται
2417 951 2614 1024 ὁμοίως
2657 948 2752 1004 καῖ
2815 951 2863 1007 οἱ
2935 949 3234 1006 ἀπόστολοι
3294 949 3562 1026 ἄνθρωποι
3625 949 3751 1015 ἦσαν

2093 1039 2196 1094 ὑπὸ
2239 1039 2339 1104 τῆς
2382 1039 2523 1101 θείας
2563 1039 2933 1118 ὶνεργούμενοι
3006 1040 3238 1119 χάριτος
3290 1040 3428 1094 κατὰ
3486 1041 3581 1094 τὸν
3609 1041 3748 1095 θεῖον

2097 1125 2451 1203 Ἀπόστολον,
2515 1126 2735 1185 ἔσϐεσαν
2799 1126 3021 1202 δύναμιν
3081 1130 3269 1206 πυρὸς,
3331 1127 3562 1206 ἔφραξαν
3621 1132 3743 1184 στέ-

2097 1239 2239 1294 ματα
2282 1218 2510 1275 λεόντων
2557 1220 2644 1275 καὶ
2694 1218 2866 1275 πάντα
2917 1220 2982 1274 τὰ
3014 1217 3134 1284 ἑξῆς
3165 1218 3520 1295 γεγραμμένα
3562 1219 3746 1273 ετὲλε-

2098 1329 2219 1382 σαν,
2256 1310 2344 1364 καὶ
2373 1309 2508 1375 αὒτή
2553 1307 2607 1364 δὲ
2652 1310 2684 1376 ἦ
2747 1331 2841 1366 του
2902 1309 3092 1386 Κυρίου
3148 1310 3302 1386 φωνὴ
3334 1309 3748 1385 προτρεπομένη

2097 1399 2242 1472 ἡμᾶς
2269 1399 2533 1454 πιστεύειν
2567 1397 2736 1461 οὕτως
2771 1397 2916 1475 λέγει
2948 1417 2962 1431 ·
3009 1419 3031 1452 ι
3074 1401 3252 1453 Πάντα
3310 1395 3410 1455 ὅσα
3441 1399 3546 1472 μὲν
3579 1399 3748 1476 εὐχό-

2098 1509 2249 1561 μενοι
2296 1490 2553 1562 αἷτεϊσθε,
2602 1489 2901 1560 πιστεύετε,
2933 1488 3013 1543 ὅτι
3075 1485 3402 1566 λαμϐάνετε,
3459 1491 3554 1544 καὶ
3603 1487 3751 1545 ἔσται

367 1577 839 1659 petitis,credite
872 1577 1033 1658 quod
1065 1577 1469 1658 accipietis,et
1500 1586 1677 1639 erunt
1708 1577 1872 1638 vobis
1895 1578 2006 1640 ιε.»
2094 1579 2166 1652 ὑμ

2157 1589 2244 1635 .‘t‘v.
2288 1600 2311 1635 ε
2351 1587 2453 1636 Τοῦ
2485 1585 2617 1634 Θεοῦ
2647 1578 2735 1633 οὖν
2790 1576 3124 1656 παρέχοντος
3157 1577 3244 1632 ὅτε
3277 1579 3529 1652 βούλεται
3563 1577 3660 1634 καὶ
3690 1575 3753 1632 δι’

361 1675 632 1745 Benigno
654 1686 794 1744 ergo
817 1672 937 1728 Deo
955 1671 1252 1742 praebente
1272 1671 1506 1742 quando
1522 1671 1648 1729 vult
1673 1680 1726 1728 et
1744 1685 1845 1742 per
1865 1685 2011 1742 quos
2093 1667 2167 1723 ὧν

2157 1690 2167 1721 ν
2225 1666 2496 1743 βούλεται,
2543 1669 2603 1724 οὔ
2646 1667 2756 1747 χρὴ
2819 1669 2966 1742 ἡμᾶς
3015 1667 3287 1726 ἀπιστεῖν.
3325 1667 3447 1724 Ἐπὶ
3481 1666 3756 1743 ἑϐδομάδα

361 1758 636 1835 vult,non
667 1763 904 1835 oportet
937 1774 1046 1817 nos
1080 1773 1214 1816 esse
1242 1754 1610 1818 incredulos.
1643 1754 1786 1818 Cum
1813 1757 2010 1836 itaque
2033 1784 2072 1835 Β
2093 1758 2170 1814 τοί

2159 1758 2261 1814 ίνυν
2293 1756 2545 1822 κελεύσας
2576 1759 2714 1831 μετὰ
2747 1761 2854 1812 τῶν
2889 1757 3086 1834 γονέων
3145 1770 3478 1834 παραμεῖναι
3517 1759 3620 1825 τὴν
3655 1758 3755 1814 Mi-

360 1866 540 1910 unam
567 1845 1006 1908 hebdomadam
1025 1845 1310 1923 jussisset
1335 1845 1593 1924 puellam
1609 1863 1853 1906 manere
1866 1864 2002 1906 cum
2091 1869 2170 1918 pn'

2163 1871 2212 1922 ν,
2247 1847 2385 1925 εὐχῇ
2440 1848 2528 1902 καὶ
2579 1847 2799 1918 νηστείᾳ
2856 1845 3357 1921 καθωπλισμένους,
3403 1848 3534 1924 ὑγιῆ
3583 1848 3757 1913 αὐτὴν

360 1935 1092 2018 parentibus,precatione
1123 1934 1366 1996 armatis
1389 1942 1448 1995 et
1463 1934 1788 2014 jejunio,et
1816 1939 1999 2014 ipsam
2087 1937 2170 1993 ἆπι

2157 1938 2536 2006 τοκαταστήσας
2617 1935 2672 1992 ἐν
2751 1938 2936 2015 εἰρήνῃ
3003 1935 3298 2016 ἀπέλυσεν,
3360 1939 3756 2015 παρεγγυήσας

361 2043 567 2089 sanam
603 2023 989 2099 restituisset,
1030 2022 1257 2084 dimisit
1287 2042 1390 2086 eos
1418 2024 1480 2085 in
1513 2024 1907 2104 pace,jubens
1937 2031 2002 2084 ut
2087 2049 2170 2107 συ)

2157 2029 2369 2107 χνάζειν
2400 2026 2588 2088 αὐτοὺς
2623 2031 2690 2102 τῇ
2720 2026 2996 2105 ἁγιωτάτῃ
3024 2025 3308 2099 ἐκκλησίᾳ.

355 2116 513 2181 irent
541 2117 892 2196 frequenter
921 2115 997 2178 ad
1029 2114 1470 2177 sanctissimam
1501 2111 1853 2178 Ecclesiam.

1845 2239 2087 2306 CAPUT
2129 2239 2232 2305 III.

1241 2375 1572 2458 Leprosus,
1600 2376 2011 2459 ραι-αἰνῆσαι,
2043 2392 2460 2458 energumenw
2505 2382 2846 2452 sanantur,

424 2511 617 2570 XVIII.
645 2511 884 2584 Aliquot
906 2519 1099 2570 autem
1122 2517 1252 2581 post
1275 2509 1485 2569 diebus
1509 2511 1902 2569 ascenderunt
1932 2511 2001 2568 ad

355 2616 493 2663 eum
519 2599 639 2661 duo
670 2597 913 2679 quidam
947 2595 1055 2658 viri
1089 2595 1435 2659 laborantes
1469 2595 1944 2678 elephantia,qui
1971 2616 2001 2656 ξι

353 2695 480 2756 Deo
515 2709 621 2773 per
643 2691 839 2772 ipsum
866 2688 1152 2771 petebant
1173 2689 1837 2752 sanationem.Sanctus
1861 2709 1998 2752 vero

356 2782 504 2844 dicit
534 2781 621 2843 eis
656 2798 670 2844 :
718 2779 1030 2852 Quodnam
1059 2785 1149 2841 est
1169 2789 1431 2848 vestrum
1467 2788 1802 2860 peccatum,
1839 2781 1996 2856 quod

355 2871 482 2932 haec
505 2871 752 2952 plagain
777 2887 877 2930 vos
897 2868 1112 2930 incidit
1135 2875 1163 2932 ’ἰ
1193 2869 1286 2932 Illi
1315 2880 1535 2941 autem,
1565 2870 1689 2930 haec
1733 2870 1996 2930 audien-

354 2959 872 3040 tes,procidcrunt
902 2957 972 3018 ad
1009 2958 1136 3037 ejus
1159 2957 1645 3037 pedes,dicentes
1675 2979 1687 3020 :
1715 2959 2000 3021 Miserere

353 3049 570 3124 nostri,
597 3065 767 3110 serve
795 3046 1042 3128 Christi,
1081 3055 1139 3107 et
1169 3065 1274 3108 ora
1298 3053 1363 3107 ut
1393 3065 1502 3108 nos
1534 3065 1836 3110 curemur.
1875 3049 1998 3110 lie-

2168 2510 2280 2574 IE'.
2343 2508 2470 2568 Μεθ’
2533 2510 2743 2589 ἡμέρας
2797 2509 2852 2567 δέ
2916 2532 3063 2575 τινας
3123 2510 3351 2579 ἀνῆλθον
3397 2513 3532 2590 πρὸς
3580 2514 3746 2570 αὐτὸν

2083 2599 2172 2660 δύο
2232 2600 2411 2680 ἄνδρες
2493 2598 2939 2681 ἓλεφαντιῶντες,
3004 2601 3148 2658 ἴασιν
3238 2601 3615 2677 ἐξαιτούμενοι
3678 2602 3745 2659 δι’

2083 2692 2242 2748 αὐτοῦ
2285 2692 2429 2769 παρὰ
2471 2700 2564 2748 τοῦ
2625 2698 2776 2750 Θεοῦ.
2817 2682 2872 2748 (Ο
2926 2690 2980 2747 δὲ
3038 2689 3182 2768 λέγει
3236 2693 3422 2756 αὺτοῖς
3459 2712 3471 2724 ·
3530 2694 3594 2749 Τί
3626 2692 3740 2750 ἐστι

2083 2783 2142 2838 τὸ
2187 2782 2480 2856 ἁμάρτημα
2523 2780 2698 2855 ὑμῶν,
2760 2779 2839 2837 ὅτι
2902 2779 3156 2836 ἐπέπεσεν
3221 2782 3348 2854 ὅμτν
3405 2784 3439 2847 in
3513 2785 3740 2848 τοιαύτη

2082 2869 2316 2950 πληγής
2383 2871 2443 2928 Οἱ
2504 2867 2558 2924 δὲ
2625 2867 2948 2932 ἀκούσαντες
2993 2877 3160 2927 ταῦτα
3205 2869 3542 2949 προσέπεσον
3590 2875 3734 2947 αὐτῷ

2081 2959 2326 3037 λέγοντες
2362 2975 2375 2990 '
2445 2959 2703 3025 Ἐλέησον
2784 2961 2952 3035 ἡμᾶς,
3035 2961 3283 3039 θεράπων
3333 2969 3424 3016 τοῦ
3473 2965 3728 3041 Χριστοῦ,

2083 3050 2168 3105 καὶ
2198 3049 2338 3116 εὖξαι
2395 3059 2489 3108 τοῦ
2545 3050 2759 3117 ἰαθῆναι
2803 3051 2970 3126 ἡμᾶς.
3037 3047 3373 3127 Ἀποκριθεὶς
3430 3053 3521 3106 οὖν
3552 3054 3579 3107 ὁ
3615 3075 3722 3126 μα-

351 3138 654 3220 spondens
674 3155 810 3199 vero
833 3135 1226 3213 beatus,dicit
1256 3136 1345 3198 eis
1367 3158 1380 3195 :
1402 3139 1526 3199 Hoc
1557 3136 1722 3199 vobis
1753 3137 1992 3214 accidit,
2014 3160 2058 3214 ο
2082 3138 2170 3214 κάρ

2157 3159 2260 3214 ριος
2290 3138 2434 3217 λέγει
2467 3137 2651 3202 αὐτοῖς
2675 3157 2690 3173 ⁶
2727 3141 2892 3196 Τοῦτο
2924 3135 3260 3205 συμϐέϐηκεν
3292 3140 3442 3213 ὑμῖν,
3479 3139 3720 3220 ἀδελφοὶ,

353 3247 388 3291 ο
405 3228 971 3308 fratres,propterea
993 3227 1148 3307 quod
1175 3226 1526 3308 frequenter
1541 3227 1850 3306 juraretis.
1877 3226 1994 3290 Sed

354 3318 430 3381 de
455 3327 669 3380 caetero
688 3325 1043 3396 oportetvos
1073 3316 1369 3378 desistere
1404 3317 1474 3378 ad
1502 3317 1648 3378 iram
1677 3336 1996 3398 provocare

351 3407 671 3469 Dominum
727 3406 915 3468 Deum
951 3411 1235 3467 vestrum.
1273 3405 1413 3478 Quae
1443 3424 1576 3466 cum
1633 3407 1904 3481 dixisset,
1939 3414 1998 3468 et

353 3515 564 3558 omnes
590 3505 752 3558 esset
775 3496 846 3557 ad
875 3495 1242 3575 precandum
1283 3494 1665 3570 adhortatus,
1690 3495 1818 3576 ipse
1840 3515 1996 3577 quo-

351 3605 468 3667 que
490 3586 658 3648 ﬂexis
683 3586 809 3647 suis
830 3585 1052 3646 sanctis
1074 3583 1332 3662 genibus
1356 3583 1430 3645 ad
1454 3585 1682 3666 aliquot
1703 3585 1902 3660 horas,
1939 3594 1998 3648 et

350 3676 556 3738 eﬂ‘usis
580 3676 778 3738 multis
820 3673 961 3736 rivis
1014 3673 1437 3755 lacrymarum,
1473 3692 1726 3753 surgens
1759 3676 1997 3756 accepit

349 3766 548 3827 oleum
579 3772 946 3840 sanctorum,
982 3771 1038 3824 et
1059 3781 1163 3824 eos
1191 3760 1356 3824 unxit
1390 3782 1423 3824 a
1451 3765 1673 3825 vertice
1707 3783 1896 3844 usque
1919 3765 1994 3826 ad

349 3854 797 3934 pedes,dicens:
821 3851 1002 3914 Sanat
1025 3871 1127 3912 vos
1148 3853 1318 3914 Jesus
1344 3851 1612 3916 Christus
1653 3875 1665 3912 :
1699 3871 1806 3932 ego
1831 3855 1994 3916 enim

348 3961 479 4004 sum
505 3944 682 4004 homo
719 3950 1014 4024 peccator.
1041 3939 1249 4003 Statim
1284 3951 1483 4004 autem
1517 3951 1655 4004 sunt
1683 3944 1898 4020 sanati,
1935 3952 1994 4007 et

347 4033 594 4094 domum
620 4031 928 4094 redierunt
953 4049 1086 4092 cum
1109 4031 1346 4108 gaudio,
1383 4029 1569 4092 Deum
1593 4032 1994 4110 laudantes,et

347 4121 406 4183 ei
440 4123 776 4184 tribuentes
803 4120 1074 4200 gloriam,
1110 4128 1172 4180 et
1220 4119 1498 4182 omnibus
1521 4123 1939 4186 renuntiantes
1969 4141 1984 4186 :

345 4207 619 4273 Vidimus
650 4211 983 4284 hominem,
1019 4209 1213 4289 qualis
1245 4228 1354 4271 nec
1385 4209 1495 4271 fuit
1525 4210 1584 4271 in
1605 4211 1870 4292 antiquis
1888 4232 1987 4292 ge-

342 4300 773 4362 nerationibus.
830 4299 988 4363 Dixit
1047 4301 1208 4361 enim
1263 4299 1439 4361 nobis
1485 4301 1686 4362 omnia
1743 4312 1986 4382 peccata

340 4398 547 4450 nostra
585 4410 598 4450 :
633 4396 693 4450 et
721 4407 858 4450 cum
894 4406 1001 4468 pro
1034 4387 1208 4449 nobis
1261 4388 1514 4450 multum
1549 4391 1621 4452 ad
1652 4389 1836 4453 Deum
1869 4393 1982 4454 de~

342 4478 623 4550 ﬂevisset,
660 4495 770 4538 nos
802 4476 1031 4538 curavit
1057 4495 1287 4556 ungens
1315 4488 1518 4539 sancto
1553 4480 1708 4542 oleo.

401 4565 790 4630 XlX.Rursus
810 4574 1005 4627 autem
1032 4565 1164 4627 duae
1185 4567 1467 4628 mulieres
1490 4568 1564 4629 ad
1591 4569 1781 4649 ipsum
1810 4589 1983 4635 vene-

341 4664 484 4718 runt
506 4675 538 4717 e
563 4654 814 4735 Phrygia
849 4674 862 4716 :
909 4672 1162 4734 quarum
1190 4674 1303 4715 una
1320 4656 1564 4734 quidem
1589 4658 1844 4722 habebat
1873 4681 1980 4723 co-

335 4764 468 4808 xam
496 4762 835 4826 percussam
859 4742 933 4806 ab
959 4744 1270 4804 immundo
1295 4744 1508 4824 spiritu
1536 4766 1551 4822 ;
1577 4747 1765 4810 altera
1782 4759 1980 4812 autem

335 4835 597 4897 habebat
629 4834 928 4913 legionem
962 4832 1328 4914 daemonum,
1364 4852 1496 4914 quae
1525 4836 1705 4897 etiam
1739 4840 1915 4900 tertio
1945 4859 1980 4901 ει

336 4933 540 4987 monte
573 4924 770 5005 lapide
793 4923 974 5004 cmpit
999 4921 1259 4984 clamare
1284 4931 1345 4985 et
1377 4923 1604 4987 dicere:
1641 4924 1790 4996 Quid
1832 4929 1978 4990 mihi

337 5023 535 5078 tecum
567 5015 655 5076 rei
689 5021 802 5094 est,
837 5032 870 5073 o
904 5011 1188 5087 Anxenti,
1228 5010 1388 5093 quod
1414 5032 1508 5075 me
1532 5015 1825 5094 castigans
1854 5026 1977 5080 tra-

332 5105 471 5165 xisti
495 5123 530 5165 a
551 5104 834 5185 Phrygia?
855 5101 1067 5167 Nescis
1089 5119 1184 5164 me
1207 5120 1340 5164 esse
1359 5100 1696 5182 legionem?
1716 5107 1833 5168 Sed
1860 5115 1979 5171 scis

330 5211 538 5256 rursus
571 5193 871 5272 legionem
896 5191 1242 5273 angelorum
1277 5201 1333 5254 te
1365 5191 1741 5256 circumdare
1770 5206 1977 5260 noctes

330 5291 390 5345 et
422 5282 553 5346 dies
587 5301 602 5343 :
637 5282 742 5364 qui
774 5281 1015 5362 quidem
1073 5280 1382 5362 accipiunt
1413 5289 1540 5344 tuas
1572 5301 1805 5362 preces,
1841 5305 1974 5366 quae

329 5390 439 5433 nos
465 5381 739 5447 nrunt,et
760 5389 860 5432 eas
889 5371 1607 5452 oﬂ'eruntAltissimo,per
1623 5391 1770 5454 quas
1794 5377 1971 5438 etiam

330 5461 800 5541 punimur.Ecce
825 5462 1004 5524 etiam
1031 5468 1162 5541 post
1185 5460 1421 5541 triginta
1440 5479 1635 5524 annos
1669 5481 1765 5526 me
1788 5483 1967 5548 sepa-

406 5591 459 5635 “
493 5590 682 5656 Hebr.
716 5609 801 5667 ιι,
837 5597 938 5659 34.
1029 5595 1083 5646 1⁸
1109 5597 1292 5658 Marc.
1328 5611 1408 5675 ιι,
1442 5595 1542 5658 24.

2002 4516 2050 4569 D

2953 3227 3091 3285 ἀλλὰ
3136 3230 3402 3286 παύσασθε
3450 3239 3547 3289 τοῦ
3577 3253 3720 3306 παρ-

2080 3229 2164 3283 διὰ
2193 3233 2292 3296 τῆς
2337 3227 2652 3304 πολυορκίας
2689 3230 2839 3304 ὑμων
2875 3246 2888 3260 '

2456 3309 2548 3376 ἶιον
2592 3320 2682 3374 τὸν
2729 3321 2859 3376 Θεὸν
2903 3323 3050 3395 ὖμῶν
3087 3333 3099 3346 ⁸
3162 3321 3250 3375 καὶ
3307 3325 3469 3375 ταῦτα
3529 3322 3716 3395 εἰπὼν,

2081 3318 2303 3396 οργίζειν
2364 3320 2548 3396 Κύριον
2592 3320 2682 3374 τὸν
2729 3321 2859 3376 Θεὸν
2903 3323 3050 3395 ὖμῶν
3087 3333 3099 3346 °

2079 3407 2280 3470 πάντας
2322 3409 2395 3473 εἰς
2440 3410 2748 3486 προσευχὴν
2802 3409 3262 3487 προτρεψάμενος,
3319 3407 3503 3472 κλίνας
3562 3413 3716 3474 αὐτὸς

2078 3498 2145 3552 τὰ
2176 3495 2374 3574 γόνατα
2407 3497 2492 3553 ἐπὶ
2538 3498 2679 3574 ὥρας
2730 3499 2941 3571 ἱκανὰς,
2974 3499 3222 3578 ὅχειεοὺς³
3254 3497 3448 3577 ἐκχέας
3484 3496 3718 3576 δακρύων

2078 3587 2315 3660 ἱκανοὺς,
2376 3587 2604 3651 ἀναστὰς
2663 3585 2849 3644 ἕλαϐεο
2900 3587 3078 3644 ἔλαιον
3111 3593 3216 3644 τῶν
3250 3586 3410 3664 ὂιγίωθ
3439 3589 3535 3644 καί
3565 3587 3722 3654 ἤλει-

2079 3680 2178 3751 ψεν
2226 3676 2411 3740 αὖτοὺς
2457 3677 2564 3734 ἀπὸ
2613 3677 2849 3756 κορυφῆς
2905 3677 3006 3742 ἕως
3049 3673 3249 3750 ’ποδῶν⁹
3309 3674 3468 3732 tinuit
3501 3691 3516 3706 '
3553 3675 3720 3734 Ἱᾶται

2076 3768 2214 3841 tua;
2245 3765 2457 3834 Ἰησοῦς
2489 3767 2716 3845 Χριστός
2751 3783 2764 3798 ⁶
2822 3767 2930 3846 ἐγὼ
2981 3770 3082 3848 γὰρ
3127 3767 3399 3844 ἅνθρωπος
3458 3767 3722 3847 ἂμαρτωυ

2077 3853 2171 3920 λός
2229 3857 2336 3932 εἶμι
2371 3871 2385 3888 ⁶
2434 3854 2624 3922 εὐθέως
2655 3855 3080 3936 ἐθεραπεύθησαν
3139 3859 3226 3912 καὶ
3282 3855 3528 3923 ἀπῆλθον
3583 3860 3721 3932 μετὰ

2077 3951 2250 4025 χαρᾶς
2310 3945 2381 4010 εἷς
2435 3947 2555 4011 τοὺς
2606 3944 2787 4013 οἴκους
2849 3946 3048 4020 αὐτῶν,
3095 3946 3362 4011 αἰνοῦντες
3405 3947 3498 4004 καὶ
3557 3945 3716 4014 δοξά-

2073 4040 2254 4104 ζοντες
2314 4035 2404 4092 τὸν
2451 4037 2582 4092 Θεὸν
2641 4038 2731 4092 καὶ
2773 4035 3203 4116 ἀπαγγέλλοντες
3232 4043 3416 4111 πᾶσιν,
3452 4037 3536 4092 ὃτι
3570 4035 3717 4094 ἰδο-

2076 4145 2173 4198 μεν
2205 4121 2386 4202 ἄνδρα,
2420 4124 2543 4181 οἷον
2590 4123 2708 4181 οὒδὲ
2757 4125 2812 4182 ἐν
2841 4140 2965 4191 ταῖς
2999 4127 3249 4205 ἀρχαίαις
3280 4138 3497 4204 γενεαῖς
3535 4141 3550 4156 ⁸
3584 4127 3713 4184 εἶπε

2070 4212 2171 4291 γὰρ
2215 4213 2351 4287 ἡμῖν
2409 4216 2584 4270 πάντα
2635 4216 2700 4271 τὰ
2768 4215 3125 4294 ἡμαρτημένα
3184 4217 3345 4290 ἡμῖν,
3419 4219 3510 4273 καὶ
3583 4219 3711 4295 ὑπὲρ

2067 4304 2224 4376 ἡμῶν
2257 4301 2630 4380 προσκλαύσας
2662 4303 2838 4363 πολλὰ
2883 4312 2961 4381 τῷ
3011 4309 3128 4378 Θεῷ
3164 4303 3508 4384 ἐθεράπευσεν
3569 4307 3708 4382 ἡμᾶς

2066 4389 2287 4468 ἀλείψας
2318 4391 2476 4468 ἐλαίῳ
2507 4394 2662 4473 ἁγίῳ,

2146 4567 2230 4628 ΙΘ’
2273 4571 2439 4628 Πάλιν
2497 4570 2551 4628 δὲ
2607 4587 2857 4654 γυναῖκες
2916 4571 3004 4632 δύο
3084 4574 3190 4631 ἀπὸ
3254 4573 3485 4653 Φρυγίας
3546 4574 3702 4643 ἦλθον

2063 4661 2194 4739 πρὸς
2253 4662 2434 4738 αὐτὸν,
2494 4663 2529 4731 ἡ
2562 4664 2659 4738 μὲν
2692 4665 2787 4740 μία
2837 4666 2935 4732 τὴν
2979 4663 3138 4730 κόξαν
3183 4664 3550 4741 πεπληγμένη
3606 4667 3701 4721 {me

2063 4750 2357 4828 ἀκαθάρτου
2413 4754 2740 4829 πνεύματος,
2799 4757 2834 4824 ἠ
2896 4753 2950 4811 δὲ
2997 4755 3150 4832 ἑτέρα
3208 4754 3413 4834 ἔχουσα
3464 4753 3704 4834 λεγεῶνα

2063 4837 2323 4914 δαιμόνων
2357 4858 2370 4872 °
2433 4841 2466 4910 ἢ
2513 4843 2600 4899 καὶ
2645 4845 2716 4909 ὡς
2760 4843 2867 4902 ἀπὸ
2914 4844 3152 4918 σημείων
3195 4842 3357 4922 τριῶν
3407 4850 3502 4900 τοῦ
3555 4843 3704 4920 ὅρους

2059 4927 2254 5009 ἤρξατο
2287 4929 2494 5008 κράζειν
2525 4935 2613 4988 καὶ
2643 4931 2820 5010 λέγειν
2857 4951 2870 4964 ⁸
2905 4937 2966 4992 Τί
3024 4933 3144 5008 ἐμοὶ
3201 4935 3290 4990 καὶ
3351 4935 3459 5008 σοὶ,
3509 4933 3704 5000 5555'.»-

2058 5039 2160 5090 τιε,
2214 5016 2293 5076 ὅτι
2351 5019 2457 5076 ἀπὸ
2516 5022 2746 5100 Φρυγίας
2809 5020 3049 5093 κολάζων
3111 5043 3179 5098 με
3239 5019 3552 5098 εἴλκυσας;
3617 5027 3706 5082 οὐκ

2062 5107 2242 5189 οῖδας³
2277 5109 2356 5164 ὅτι
2389 5107 2592 5188 λεγεών
2621 5113 2728 5188 εἰμι
2768 5131 2784 5192 ς
2815 5110 2967 5170 Ἀλλ’
3001 5109 3128 5168 οἶδα
3155 5111 3238 5168 ὅτι
3267 5110 3469 5189 λεγεών
3505 5133 3567 5168 σε
3603 5113 3704 5190 ἆγο

2061 5197 2235 5275 γέλων
2295 5199 2698 5278 περικυκλουσιν
2757 5201 2810 5258 ἐν
2869 5203 3014 5258 νυκτὶ
3041 5203 3130 5259 καὶ
3161 5200 3214 5256 ἐν
3251 5202 3452 5279 ἡμέρα,
3502 5203 3700 5266 οἵτινες

2057 5285 2309 5368 δέχονται
2368 5311 2460 5345 σου
2513 5292 2606 5356 τὰς
2665 5289 2875 5361 δεήσεις
2918 5291 3014 5354 τὰς
3067 5289 3509 5371 καταφλεγούσας
3559 5295 3699 5368 ἡμᾶς

2056 5379 2145 5434 καὶ
2197 5378 2550 5459 προσφέρουσι
2593 5387 2671 5456 τῷ
2711 5379 2974 5458 ’Υψίστῳ,
3007 5377 3074 5438 δι’
3109 5383 3184 5438 ὦν
3216 5381 3304 5437 καὶ
3335 5379 3691 5458 κολαζόμεθα.

2054 5465 2188 5524 Ἰδοὺ
2219 5465 2304 5524 διὰ
2331 5470 2617 5548 τριάκοντα
2673 5471 2808 5531 ἑτῶν
2865 5471 3095 5551 μερίζεις
3157 5492 3225 5547 με
3282 5476 3382 5540 τῆς
3441 5469 3694 5537 πλάσεως
