  <div class='ocr_page' id='page_1' title='image "/cluster/home/n/w/nwhite01/storage/ocr_20150623/114/mdp.39015028574344/727.png"; bbox 0 0 3932 6140; ppageno 0'>
   <div class='ocr_carea' id='block_1_1' title="bbox 361 287 3742 369">
    <p class='ocr_par' dir='ltr' id='par_1_1' title="bbox 361 287 3742 369">
     <span class='ocr_line' id='line_1_1' title="bbox 361 287 3742 369; baseline -0.002 -7"><span class='ocrx_word' id='word_1_1' title='bbox 361 292 514 363; x_wconf 89' lang='grc'><strong>1395</strong></span> <span class='ocrx_word' id='word_1_2' title='bbox 1654 303 1937 368; x_wconf 89' lang='lat' dir='ltr'><strong>MENSIS</strong></span> <span class='ocrx_word' id='word_1_3' title='bbox 1973 302 2431 369; x_wconf 83' lang='lat' dir='ltr'><strong>JANUARIUS.</strong></span> <span class='ocrx_word' id='word_1_4' title='bbox 2676 368 2681 369; x_wconf 19' lang='grc' dir='ltr'><strong>ί</strong></span> <span class='ocrx_word' id='word_1_5' title='bbox 3582 287 3742 356; x_wconf 77' lang='grc'><strong>1396</strong></span> 
     </span>
    </p>
   </div>
   <div class='ocr_carea' id='block_1_2' title="bbox 358 426 2017 518">
    <p class='ocr_par' dir='ltr' id='par_1_2' title="bbox 358 434 1997 518">
     <span class='ocr_line' id='line_1_2' title="bbox 358 434 1997 518; baseline 0.002 -21"><span class='ocrx_word' id='word_1_6' title='bbox 358 434 813 509; x_wconf 89' lang='lat' dir='ltr'><strong>comburunt,et</strong></span> <span class='ocrx_word' id='word_1_7' title='bbox 835 453 1049 518; x_wconf 84' lang='lat' dir='ltr'><strong>preces</strong></span> <span class='ocrx_word' id='word_1_8' title='bbox 1078 444 1191 497; x_wconf 66' lang='lat' dir='ltr'><strong>tum</strong></span> <span class='ocrx_word' id='word_1_9' title='bbox 1216 441 1494 516; x_wconf 89' lang='lat' dir='ltr'><strong>tanquam</strong></span> <span class='ocrx_word' id='word_1_10' title='bbox 1522 437 1642 499; x_wconf 86' lang='lat' dir='ltr'><strong>tela</strong></span> <span class='ocrx_word' id='word_1_11' title='bbox 1666 438 1997 514; x_wconf 90' lang='lat' dir='ltr'><strong>arcus,dis-</strong></span> 
     </span>
    </p>
   </div>
   <div class='ocr_carea' id='block_1_3' title="bbox 2131 426 3739 518">
    <p class='ocr_par' dir='ltr' id='par_1_3' title="bbox 2132 426 3739 513">
     <span class='ocr_line' id='line_1_3' title="bbox 2132 426 3739 513; baseline -0.006 -17"><span class='ocrx_word' id='word_1_12' title='bbox 2132 461 2155 501; x_wconf 89' lang='grc' dir='ltr'><strong>ς</strong></span> <span class='ocrx_word' id='word_1_13' title='bbox 2202 437 2350 504; x_wconf 79' lang='grc' dir='ltr'>τόξον</span> <span class='ocrx_word' id='word_1_14' title='bbox 2406 433 2597 513; x_wconf 86' lang='grc' dir='ltr'>βολίδι,</span> <span class='ocrx_word' id='word_1_15' title='bbox 2645 432 2907 513; x_wconf 79' lang='grc' dir='ltr'>ἐσπάραξε</span> <span class='ocrx_word' id='word_1_16' title='bbox 2953 435 3019 490; x_wconf 80' lang='grc' dir='ltr'>τὰ</span> <span class='ocrx_word' id='word_1_17' title='bbox 3075 432 3279 511; x_wconf 78' lang='grc' dir='ltr'>ἔγκατά</span> <span class='ocrx_word' id='word_1_18' title='bbox 3322 452 3426 504; x_wconf 86' lang='grc' dir='ltr'><strong>μου</strong></span> <span class='ocrx_word' id='word_1_19' title='bbox 3460 447 3478 466; x_wconf 78' lang='grc'><strong><em>⁸</em></strong></span> <span class='ocrx_word' id='word_1_20' title='bbox 3529 427 3595 486; x_wconf 67' lang='grc' dir='ltr'>οὗ</span> <span class='ocrx_word' id='word_1_21' title='bbox 3637 426 3739 487; x_wconf 71' lang='grc' dir='ltr'><strong>δη)-</strong></span> 
     </span>
    </p>
   </div>
   <div class='ocr_carea' id='block_1_4' title="bbox 367 518 2017 609">
    <p class='ocr_par' dir='ltr' id='par_1_4' title="bbox 367 525 2010 609">
     <span class='ocr_line' id='line_1_4' title="bbox 367 525 2010 609; baseline 0.001 -22"><span class='ocrx_word' id='word_1_22' title='bbox 367 534 734 606; x_wconf 86' lang='lat' dir='ltr'><strong>cerpserunt</strong></span> <span class='ocrx_word' id='word_1_23' title='bbox 757 544 889 588; x_wconf 90' lang='lat' dir='ltr'><strong>mea</strong></span> <span class='ocrx_word' id='word_1_24' title='bbox 921 525 1363 589; x_wconf 81' lang='lat' dir='ltr'><strong>intestina.Non</strong></span> <span class='ocrx_word' id='word_1_25' title='bbox 1396 537 1571 609; x_wconf 73' lang='lat' dir='ltr'><strong>potes</strong></span> <span class='ocrx_word' id='word_1_26' title='bbox 1601 546 1699 589; x_wconf 89' lang='lat' dir='ltr'><strong>me</strong></span> <span class='ocrx_word' id='word_1_27' title='bbox 1730 546 2010 609; x_wconf 84' lang='lat' dir='ltr'><strong>separare</strong></span> 
     </span>
    </p>
   </div>
   <div class='ocr_carea' id='block_1_5' title="bbox 2131 518 3747 609">
    <p class='ocr_par' dir='ltr' id='par_1_5' title="bbox 2131 518 3747 606">
     <span class='ocr_line' id='line_1_5' title="bbox 2131 518 3747 606; baseline -0.006 -19"><span class='ocrx_word' id='word_1_28' title='bbox 2131 527 2229 606; x_wconf 69' lang='grc' dir='ltr'><strong>ἤσῃ</strong></span> <span class='ocrx_word' id='word_1_29' title='bbox 2284 549 2351 603; x_wconf 85' lang='grc' dir='ltr'><strong>με</strong></span> <span class='ocrx_word' id='word_1_30' title='bbox 2406 528 2725 603; x_wconf 78' lang='grc' dir='ltr'><strong>ἀπομερίσαι</strong></span> <span class='ocrx_word' id='word_1_31' title='bbox 2781 529 2880 592; x_wconf 77' lang='grc' dir='ltr'>τῆς</span> <span class='ocrx_word' id='word_1_32' title='bbox 2934 523 3183 585; x_wconf 76' lang='grc' dir='ltr'><strong>πλάσεως</strong></span> <span class='ocrx_word' id='word_1_33' title='bbox 3227 520 3454 593; x_wconf 83' lang='grc' dir='ltr'>ταύτης,</span> <span class='ocrx_word' id='word_1_34' title='bbox 3486 518 3575 575; x_wconf 78' lang='grc' dir='ltr'><strong>ὅτι</strong></span> <span class='ocrx_word' id='word_1_35' title='bbox 3602 520 3747 577; x_wconf 67' lang='grc' dir='ltr'>πάν)</span> 
     </span>
    </p>
   </div>
   <div class='ocr_carea' id='block_1_6' title="bbox 358 610 2017 697">
    <p class='ocr_par' dir='ltr' id='par_1_6' title="bbox 358 614 2010 697">
     <span class='ocr_line' id='line_1_6' title="bbox 358 614 2010 697; baseline 0.001 -20"><span class='ocrx_word' id='word_1_36' title='bbox 358 615 433 677; x_wconf 87' lang='lat' dir='ltr'><strong>ab</strong></span> <span class='ocrx_word' id='word_1_37' title='bbox 456 615 568 678; x_wconf 90' lang='lat' dir='ltr'><strong>bac</strong></span> <span class='ocrx_word' id='word_1_38' title='bbox 594 614 1031 678; x_wconf 90' lang='lat' dir='ltr'><strong>creatura.Non</strong></span> <span class='ocrx_word' id='word_1_39' title='bbox 1060 614 1231 677; x_wconf 85' lang='lat' dir='ltr'><strong>valde</strong></span> <span class='ocrx_word' id='word_1_40' title='bbox 1252 635 1388 678; x_wconf 85' lang='lat' dir='ltr'><strong>amo</strong></span> <span class='ocrx_word' id='word_1_41' title='bbox 1413 617 1544 697; x_wconf 84' lang='lat' dir='ltr'>ejus</span> <span class='ocrx_word' id='word_1_42' title='bbox 1570 620 1860 692; x_wconf 87' lang='lat' dir='ltr'><strong>crines,et</strong></span> <span class='ocrx_word' id='word_1_43' title='bbox 1880 620 2010 697; x_wconf 84' lang='lat' dir='ltr'><strong>ejus</strong></span> 
     </span>
    </p>
   </div>
   <div class='ocr_carea' id='block_1_7' title="bbox 2131 610 3745 697">
    <p class='ocr_par' dir='ltr' id='par_1_7' title="bbox 2132 610 3745 697">
     <span class='ocr_line' id='line_1_7' title="bbox 2132 610 3745 697; baseline -0.006 -23"><span class='ocrx_word' id='word_1_44' title='bbox 2132 618 2330 695; x_wconf 75' lang='grc' dir='ltr'>ράσθῆν</span> <span class='ocrx_word' id='word_1_45' title='bbox 2387 617 2517 697; x_wconf 65' lang='grc' dir='ltr'><strong>’τῶν⁸</strong></span> <span class='ocrx_word' id='word_1_46' title='bbox 2553 615 2850 688; x_wconf 73' lang='grc' dir='ltr'><strong>πλοκάμων</strong></span> <span class='ocrx_word' id='word_1_47' title='bbox 2898 616 2989 671; x_wconf 82' lang='grc' dir='ltr'><strong>καὶ</strong></span> <span class='ocrx_word' id='word_1_48' title='bbox 3034 618 3133 679; x_wconf 76' lang='grc' dir='ltr'>τῆς</span> <span class='ocrx_word' id='word_1_49' title='bbox 3177 610 3392 679; x_wconf 74' lang='grc' dir='ltr'>ἡλικίας</span> <span class='ocrx_word' id='word_1_50' title='bbox 3426 611 3620 683; x_wconf 64' lang='grc' dir='ltr'>αὐτῆς,</span> <span class='ocrx_word' id='word_1_51' title='bbox 3651 610 3745 664; x_wconf 74' lang='grc' dir='ltr'><strong>καὶ</strong></span> 
     </span>
    </p>
   </div>
   <div class='ocr_carea' id='block_1_8' title="bbox 357 694 2017 788">
    <p class='ocr_par' dir='ltr' id='par_1_8' title="bbox 357 694 2008 788">
     <span class='ocr_line' id='line_1_8' title="bbox 357 694 2008 788; baseline 0 -20"><span class='ocrx_word' id='word_1_52' title='bbox 357 713 686 779; x_wconf 72' lang='lat' dir='ltr'><strong>tetatem,et</strong></span> <span class='ocrx_word' id='word_1_53' title='bbox 708 705 783 767; x_wconf 91' lang='lat' dir='ltr'><strong>de</strong></span> <span class='ocrx_word' id='word_1_54' title='bbox 800 714 1018 767; x_wconf 89' lang='lat' dir='ltr'><strong>caetero</strong></span> <span class='ocrx_word' id='word_1_55' title='bbox 1044 723 1112 767; x_wconf 79' lang='lat' dir='ltr'><strong>ex</strong></span> <span class='ocrx_word' id='word_1_56' title='bbox 1137 724 1207 767; x_wconf 93' lang='lat' dir='ltr'><strong>ea</strong></span> <span class='ocrx_word' id='word_1_57' title='bbox 1234 723 1352 767; x_wconf 92' lang='lat' dir='ltr'><strong>non</strong></span> <span class='ocrx_word' id='word_1_58' title='bbox 1378 694 2008 788; x_wconf 39' lang='lat' dir='ltr'><strong>eg&#39;redior.Compres-</strong></span> 
     </span>
    </p>
   </div>
   <div class='ocr_carea' id='block_1_9' title="bbox 2131 694 3745 788">
    <p class='ocr_par' dir='ltr' id='par_1_9' title="bbox 2131 694 3745 788">
     <span class='ocr_line' id='line_1_9' title="bbox 2131 694 3745 788; baseline -0.006 -26"><span class='ocrx_word' id='word_1_59' title='bbox 2131 694 2190 764; x_wconf 61' lang='grc' dir='ltr'>ὗκ</span> <span class='ocrx_word' id='word_1_60' title='bbox 2268 694 2563 786; x_wconf 79' lang='grc' dir='ltr'>ἐξὲρχομάι</span> <span class='ocrx_word' id='word_1_61' title='bbox 2649 702 2743 761; x_wconf 83' lang='grc' dir='ltr'><strong>ἀπ’</strong></span> <span class='ocrx_word' id='word_1_62' title='bbox 2817 702 3001 769; x_wconf 74' lang='grc' dir='ltr'><strong>αὐτῆς.</strong></span> <span class='ocrx_word' id='word_1_63' title='bbox 3066 700 3372 781; x_wconf 79' lang='grc' dir='ltr'>Συνεσχὲθη</span> <span class='ocrx_word' id='word_1_64' title='bbox 3460 697 3519 754; x_wconf 79' lang='grc' dir='ltr'><strong>δὲ</strong></span> <span class='ocrx_word' id='word_1_65' title='bbox 3594 697 3745 788; x_wconf 73' lang='grc' dir='ltr'>αὖθις</span> 
     </span>
    </p>
   </div>
   <div class='ocr_carea' id='block_1_10' title="bbox 358 786 2017 878">
    <p class='ocr_par' dir='ltr' id='par_1_10' title="bbox 358 786 2002 878">
     <span class='ocr_line' id='line_1_10' title="bbox 358 786 2002 878; baseline -0.001 -20"><span class='ocrx_word' id='word_1_66' title='bbox 358 813 461 858; x_wconf 84' lang='lat' dir='ltr'><strong>sus</strong></span> <span class='ocrx_word' id='word_1_67' title='bbox 483 802 682 857; x_wconf 88' lang='lat' dir='ltr'><strong>autem</strong></span> <span class='ocrx_word' id='word_1_68' title='bbox 708 794 904 857; x_wconf 81' lang='lat' dir='ltr'><strong>statim</strong></span> <span class='ocrx_word' id='word_1_69' title='bbox 927 793 1037 856; x_wconf 82' lang='lat' dir='ltr'><strong>fuit</strong></span> <span class='ocrx_word' id='word_1_70' title='bbox 1056 795 1665 878; x_wconf 86' lang='lat' dir='ltr'><strong>aer,exstiteruntque</strong></span> <span class='ocrx_word' id='word_1_71' title='bbox 1690 786 1922 877; x_wconf 80' lang='lat' dir='ltr'><strong>fulgura</strong></span> <span class='ocrx_word' id='word_1_72' title='bbox 1944 804 2002 858; x_wconf 90' lang='lat' dir='ltr'><strong>et</strong></span> 
     </span>
    </p>
   </div>
   <div class='ocr_carea' id='block_1_11' title="bbox 2131 786 3745 878">
    <p class='ocr_par' dir='ltr' id='par_1_11' title="bbox 2169 786 3745 874">
     <span class='ocr_line' id='line_1_11' title="bbox 2169 786 3745 874; baseline -0.008 -22"><span class='ocrx_word' id='word_1_73' title='bbox 2169 795 2271 874; x_wconf 73' lang='grc' dir='ltr'>ἆὴρ</span> <span class='ocrx_word' id='word_1_74' title='bbox 2327 797 2414 852; x_wconf 78' lang='grc' dir='ltr'>καὶ</span> <span class='ocrx_word' id='word_1_75' title='bbox 2483 794 2734 873; x_wconf 83' lang='grc' dir='ltr'>γεγόνασι</span> <span class='ocrx_word' id='word_1_76' title='bbox 2804 794 3037 870; x_wconf 77' lang='grc' dir='ltr'>βρονταὶ,</span> <span class='ocrx_word' id='word_1_77' title='bbox 3096 792 3187 848; x_wconf 81' lang='grc' dir='ltr'><strong>καὶ</strong></span> <span class='ocrx_word' id='word_1_78' title='bbox 3266 790 3571 867; x_wconf 77' lang='grc' dir='ltr'>ἀστραπαὶ,</span> <span class='ocrx_word' id='word_1_79' title='bbox 3642 786 3745 841; x_wconf 72' lang='grc' dir='ltr'>γαί</span> 
     </span>
    </p>
   </div>
   <div class='ocr_carea' id='block_1_12' title="bbox 360 884 2000 965">
    <p class='ocr_par' dir='ltr' id='par_1_12' title="bbox 360 884 2000 965">
     <span class='ocr_line' id='line_1_12' title="bbox 360 884 2000 965; baseline 0.001 -18"><span class='ocrx_word' id='word_1_80' title='bbox 360 885 642 959; x_wconf 76' lang='lat' dir='ltr'><strong>tonitrua,</strong></span> <span class='ocrx_word' id='word_1_81' title='bbox 675 893 735 949; x_wconf 92' lang='lat' dir='ltr'><strong>et</strong></span> <span class='ocrx_word' id='word_1_82' title='bbox 761 884 932 948; x_wconf 80' lang='lat' dir='ltr'><strong>valde</strong></span> <span class='ocrx_word' id='word_1_83' title='bbox 963 903 1210 965; x_wconf 78' lang='lat' dir='ltr'><strong>magnus</strong></span> <span class='ocrx_word' id='word_1_84' title='bbox 1242 885 1458 948; x_wconf 84' lang='lat' dir='ltr'><strong>imber.</strong></span> <span class='ocrx_word' id='word_1_85' title='bbox 1493 887 1807 950; x_wconf 83' lang='lat' dir='ltr'><strong>Mulierem</strong></span> <span class='ocrx_word' id='word_1_86' title='bbox 1859 905 2000 950; x_wconf 89' lang='lat' dir='ltr'><strong>vero</strong></span> 
     </span>
    </p>
   </div>
   <div class='ocr_carea' id='block_1_13' title="bbox 356 973 2006 1057">
    <p class='ocr_par' dir='ltr' id='par_1_13' title="bbox 356 973 2006 1057">
     <span class='ocr_line' id='line_1_13' title="bbox 356 973 2006 1057; baseline -0.001 -20"><span class='ocrx_word' id='word_1_87' title='bbox 356 973 716 1054; x_wconf 87' lang='lat' dir='ltr'><strong>discerpens</strong></span> <span class='ocrx_word' id='word_1_88' title='bbox 743 974 1014 1050; x_wconf 88' lang='lat' dir='ltr'><strong>draco,et</strong></span> <span class='ocrx_word' id='word_1_89' title='bbox 1050 975 1106 1037; x_wconf 90' lang='lat' dir='ltr'><strong>ei</strong></span> <span class='ocrx_word' id='word_1_90' title='bbox 1131 994 1198 1037; x_wconf 89' lang='lat' dir='ltr'><strong>os</strong></span> <span class='ocrx_word' id='word_1_91' title='bbox 1230 975 1713 1051; x_wconf 87' lang='lat' dir='ltr'><strong>obstruens,eam</strong></span> <span class='ocrx_word' id='word_1_92' title='bbox 1753 977 2006 1057; x_wconf 86' lang='lat' dir='ltr'><strong>projecit</strong></span> 
     </span>
    </p>
   </div>
   <div class='ocr_carea' id='block_1_14' title="bbox 359 1062 2001 1148">
    <p class='ocr_par' dir='ltr' id='par_1_14' title="bbox 359 1062 2001 1148">
     <span class='ocr_line' id='line_1_14' title="bbox 359 1062 2001 1148; baseline 0.002 -22"><span class='ocrx_word' id='word_1_93' title='bbox 359 1062 551 1146; x_wconf 81' lang='lat' dir='ltr'><strong>humi,</strong></span> <span class='ocrx_word' id='word_1_94' title='bbox 582 1062 656 1126; x_wconf 92' lang='lat' dir='ltr'><strong>ab</strong></span> <span class='ocrx_word' id='word_1_95' title='bbox 689 1082 759 1126; x_wconf 91' lang='lat' dir='ltr'><strong>ea</strong></span> <span class='ocrx_word' id='word_1_96' title='bbox 790 1063 1251 1145; x_wconf 76' lang='lat' dir='ltr'><strong>egressus.Cum</strong></span> <span class='ocrx_word' id='word_1_97' title='bbox 1286 1064 1608 1128; x_wconf 81' lang='lat' dir='ltr'><strong>fenestram</strong></span> <span class='ocrx_word' id='word_1_98' title='bbox 1639 1074 1838 1128; x_wconf 88' lang='lat' dir='ltr'><strong>autem</strong></span> <span class='ocrx_word' id='word_1_99' title='bbox 1866 1085 2001 1148; x_wconf 91' lang='lat' dir='ltr'><strong>ape-</strong></span> 
     </span>
    </p>
   </div>
   <div class='ocr_carea' id='block_1_15' title="bbox 356 1151 2003 1237">
    <p class='ocr_par' dir='ltr' id='par_1_15' title="bbox 356 1151 2003 1237">
     <span class='ocr_line' id='line_1_15' title="bbox 356 1151 2003 1237; baseline 0.002 -23"><span class='ocrx_word' id='word_1_100' title='bbox 356 1151 579 1216; x_wconf 83' lang='lat' dir='ltr'><strong>ruisset</strong></span> <span class='ocrx_word' id='word_1_101' title='bbox 605 1152 822 1216; x_wconf 88' lang='lat' dir='ltr'><strong>heatus</strong></span> <span class='ocrx_word' id='word_1_102' title='bbox 856 1163 989 1234; x_wconf 90' lang='lat' dir='ltr'><strong>post</strong></span> <span class='ocrx_word' id='word_1_103' title='bbox 1018 1163 1141 1217; x_wconf 90' lang='lat' dir='ltr'><strong>tres</strong></span> <span class='ocrx_word' id='word_1_104' title='bbox 1183 1153 1339 1234; x_wconf 85' lang='lat' dir='ltr'><strong>dies,</strong></span> <span class='ocrx_word' id='word_1_105' title='bbox 1371 1155 1516 1217; x_wconf 86' lang='lat' dir='ltr'><strong>vidit</strong></span> <span class='ocrx_word' id='word_1_106' title='bbox 1547 1174 1676 1218; x_wconf 89' lang='lat' dir='ltr'><strong>eam</strong></span> <span class='ocrx_word' id='word_1_107' title='bbox 1701 1156 2003 1237; x_wconf 91' lang='lat' dir='ltr'><strong>jacentem</strong></span> 
     </span>
    </p>
   </div>
   <div class='ocr_carea' id='block_1_16' title="bbox 362 1245 2004 1326">
    <p class='ocr_par' dir='ltr' id='par_1_16' title="bbox 362 1245 2004 1326">
     <span class='ocr_line' id='line_1_16' title="bbox 362 1245 2004 1326; baseline 0.002 -23"><span class='ocrx_word' id='word_1_108' title='bbox 362 1250 642 1324; x_wconf 88' lang='lat' dir='ltr'><strong>tanquam</strong></span> <span class='ocrx_word' id='word_1_109' title='bbox 674 1252 972 1306; x_wconf 90' lang='lat' dir='ltr'><strong>mortuam</strong></span> <span class='ocrx_word' id='word_1_110' title='bbox 1009 1261 1023 1305; x_wconf 89' lang='lat'>:</span> <span class='ocrx_word' id='word_1_111' title='bbox 1065 1258 1120 1305; x_wconf 84' lang='lat' dir='ltr'><strong>et</strong></span> <span class='ocrx_word' id='word_1_112' title='bbox 1149 1245 1585 1325; x_wconf 89' lang='lat' dir='ltr'><strong>cumjussisset</strong></span> <span class='ocrx_word' id='word_1_113' title='bbox 1605 1245 1680 1307; x_wconf 91' lang='lat' dir='ltr'><strong>iis</strong></span> <span class='ocrx_word' id='word_1_114' title='bbox 1717 1246 1817 1326; x_wconf 86' lang='lat' dir='ltr'><strong>qui</strong></span> <span class='ocrx_word' id='word_1_115' title='bbox 1845 1254 2004 1308; x_wconf 85' lang='lat' dir='ltr'><strong>asta-</strong></span> 
     </span>
    </p>
   </div>
   <div class='ocr_carea' id='block_1_17' title="bbox 363 1331 2009 1416">
    <p class='ocr_par' dir='ltr' id='par_1_17' title="bbox 363 1331 2009 1416">
     <span class='ocr_line' id='line_1_17' title="bbox 363 1331 2009 1416; baseline 0.002 -23"><span class='ocrx_word' id='word_1_116' title='bbox 363 1331 524 1409; x_wconf 83' lang='lat' dir='ltr'><strong>bant,</strong></span> <span class='ocrx_word' id='word_1_117' title='bbox 560 1351 691 1397; x_wconf 88' lang='lat' dir='ltr'><strong>eam</strong></span> <span class='ocrx_word' id='word_1_118' title='bbox 718 1334 975 1416; x_wconf 80' lang='lat' dir='ltr'><strong>erigere,</strong></span> <span class='ocrx_word' id='word_1_119' title='bbox 999 1342 1058 1396; x_wconf 91' lang='lat' dir='ltr'><strong>et</strong></span> <span class='ocrx_word' id='word_1_120' title='bbox 1086 1334 1279 1396; x_wconf 82' lang='lat' dir='ltr'><strong>solam</strong></span> <span class='ocrx_word' id='word_1_121' title='bbox 1310 1335 1630 1410; x_wconf 84' lang='lat' dir='ltr'><strong>reclinare,</strong></span> <span class='ocrx_word' id='word_1_122' title='bbox 1659 1335 2009 1397; x_wconf 83' lang='lat' dir='ltr'><strong>adhortatus</strong></span> 
     </span>
    </p>
   </div>
   <div class='ocr_carea' id='block_1_18' title="bbox 361 1421 2010 1499">
    <p class='ocr_par' dir='ltr' id='par_1_18' title="bbox 361 1421 2010 1499">
     <span class='ocr_line' id='line_1_18' title="bbox 361 1421 2010 1499; baseline 0.002 -16"><span class='ocrx_word' id='word_1_123' title='bbox 361 1439 575 1485; x_wconf 89' lang='lat' dir='ltr'><strong>omnes</strong></span> <span class='ocrx_word' id='word_1_124' title='bbox 593 1421 668 1483; x_wconf 87' lang='lat' dir='ltr'><strong>ad</strong></span> <span class='ocrx_word' id='word_1_125' title='bbox 692 1424 1195 1499; x_wconf 87' lang='lat' dir='ltr'><strong>orationem,cum</strong></span> <span class='ocrx_word' id='word_1_126' title='bbox 1221 1431 1458 1485; x_wconf 90' lang='lat' dir='ltr'><strong>sanctas</strong></span> <span class='ocrx_word' id='word_1_127' title='bbox 1470 1442 1609 1486; x_wconf 88' lang='lat' dir='ltr'><strong>suas</strong></span> <span class='ocrx_word' id='word_1_128' title='bbox 1632 1443 1840 1486; x_wconf 90' lang='lat' dir='ltr'><strong>manus</strong></span> <span class='ocrx_word' id='word_1_129' title='bbox 1859 1425 2010 1487; x_wconf 90' lang='lat' dir='ltr'><strong>mul-</strong></span> 
     </span>
    </p>
   </div>
   <div class='ocr_carea' id='block_1_19' title="bbox 364 1511 2012 1588">
    <p class='ocr_par' dir='ltr' id='par_1_19' title="bbox 364 1511 2012 1588">
     <span class='ocr_line' id='line_1_19' title="bbox 364 1511 2012 1588; baseline 0.002 -16"><span class='ocrx_word' id='word_1_130' title='bbox 364 1517 453 1572; x_wconf 87' lang='lat' dir='ltr'><strong>tas</strong></span> <span class='ocrx_word' id='word_1_131' title='bbox 473 1511 654 1574; x_wconf 88' lang='lat' dir='ltr'><strong>horas</strong></span> <span class='ocrx_word' id='word_1_132' title='bbox 676 1512 1346 1588; x_wconf 87' lang='lat' dir='ltr'><strong>sustulisset,clamabat</strong></span> <span class='ocrx_word' id='word_1_133' title='bbox 1373 1532 1504 1575; x_wconf 91' lang='lat' dir='ltr'><strong>cum</strong></span> <span class='ocrx_word' id='word_1_134' title='bbox 1533 1513 1835 1576; x_wconf 88' lang='lat' dir='ltr'><strong>omnibus:</strong></span> <span class='ocrx_word' id='word_1_135' title='bbox 1867 1513 2012 1576; x_wconf 91' lang='lat' dir='ltr'><strong>Glo-</strong></span> 
     </span>
    </p>
   </div>
   <div class='ocr_carea' id='block_1_20' title="bbox 360 1599 2010 1685">
    <p class='ocr_par' dir='ltr' id='par_1_20' title="bbox 360 1599 2010 1685">
     <span class='ocr_line' id='line_1_20' title="bbox 360 1599 2010 1685; baseline 0.002 -24"><span class='ocrx_word' id='word_1_136' title='bbox 360 1599 454 1662; x_wconf 85' lang='lat' dir='ltr'><strong>ria</strong></span> <span class='ocrx_word' id='word_1_137' title='bbox 483 1599 615 1676; x_wconf 87' lang='lat' dir='ltr'><strong>tibi,</strong></span> <span class='ocrx_word' id='word_1_138' title='bbox 647 1601 925 1678; x_wconf 90' lang='lat' dir='ltr'><strong>Domine,</strong></span> <span class='ocrx_word' id='word_1_139' title='bbox 963 1603 1152 1683; x_wconf 86' lang='lat' dir='ltr'><strong>gloria</strong></span> <span class='ocrx_word' id='word_1_140' title='bbox 1181 1602 1314 1677; x_wconf 90' lang='lat' dir='ltr'><strong>tibi,</strong></span> <span class='ocrx_word' id='word_1_141' title='bbox 1348 1602 1625 1679; x_wconf 88' lang='lat' dir='ltr'><strong>Domine,</strong></span> <span class='ocrx_word' id='word_1_142' title='bbox 1659 1604 1845 1681; x_wconf 80' lang='lat' dir='ltr'><strong>gloria</strong></span> <span class='ocrx_word' id='word_1_143' title='bbox 1880 1603 2010 1685; x_wconf 87' lang='lat' dir='ltr'><strong>tibi,</strong></span> 
     </span>
    </p>
   </div>
   <div class='ocr_carea' id='block_1_21' title="bbox 364 1690 2013 1773">
    <p class='ocr_par' dir='ltr' id='par_1_21' title="bbox 364 1690 2013 1773">
     <span class='ocr_line' id='line_1_21' title="bbox 364 1690 2013 1773; baseline 0.001 -19"><span class='ocrx_word' id='word_1_144' title='bbox 364 1690 862 1756; x_wconf 81' lang='lat' dir='ltr'><strong>Domine.MuIier</strong></span> <span class='ocrx_word' id='word_1_145' title='bbox 883 1693 1334 1773; x_wconf 88' lang='lat' dir='ltr'><strong>autemjacebat</strong></span> <span class='ocrx_word' id='word_1_146' title='bbox 1357 1704 1539 1768; x_wconf 89' lang='lat' dir='ltr'><strong>muta,</strong></span> <span class='ocrx_word' id='word_1_147' title='bbox 1570 1714 1689 1756; x_wconf 92' lang='lat' dir='ltr'><strong>non</strong></span> <span class='ocrx_word' id='word_1_148' title='bbox 1717 1695 1867 1756; x_wconf 89' lang='lat' dir='ltr'><strong>dans</strong></span> <span class='ocrx_word' id='word_1_149' title='bbox 1898 1694 2013 1755; x_wconf 91' lang='lat' dir='ltr'><strong>ho-</strong></span> 
     </span>
    </p>
   </div>
   <div class='ocr_carea' id='block_1_22' title="bbox 2084 877 3750 966">
    <p class='ocr_par' dir='ltr' id='par_1_22' title="bbox 2084 877 3750 966">
     <span class='ocr_line' id='line_1_22' title="bbox 2084 877 3750 966; baseline -0.008 -21"><span class='ocrx_word' id='word_1_150' title='bbox 2084 886 2264 966; x_wconf 76' lang='grc' dir='ltr'>βροχὴ</span> <span class='ocrx_word' id='word_1_151' title='bbox 2327 884 2545 963; x_wconf 82' lang='grc' dir='ltr'><strong>μεγάλη</strong></span> <span class='ocrx_word' id='word_1_152' title='bbox 2595 882 2734 943; x_wconf 75' lang='grc' dir='ltr'>λίαν,</span> <span class='ocrx_word' id='word_1_153' title='bbox 2796 879 3075 961; x_wconf 78' lang='grc' dir='ltr'>Σπαράξας</span> <span class='ocrx_word' id='word_1_154' title='bbox 3135 879 3190 936; x_wconf 80' lang='grc' dir='ltr'>δὲ</span> <span class='ocrx_word' id='word_1_155' title='bbox 3257 879 3356 946; x_wconf 67' lang='grc' dir='ltr'>τὴν</span> <span class='ocrx_word' id='word_1_156' title='bbox 3416 889 3663 966; x_wconf 52' lang='grc' dir='ltr'>γυναςῑκα</span> <span class='ocrx_word' id='word_1_157' title='bbox 3720 877 3750 931; x_wconf 68' lang='grc' dir='ltr'><strong>ὃ</strong></span> 
     </span>
    </p>
   </div>
   <div class='ocr_carea' id='block_1_23' title="bbox 2086 964 3743 1053">
    <p class='ocr_par' dir='ltr' id='par_1_23' title="bbox 2086 964 3743 1053">
     <span class='ocr_line' id='line_1_23' title="bbox 2086 964 3743 1053; baseline -0.006 -21"><span class='ocrx_word' id='word_1_158' title='bbox 2086 964 2318 1053; x_wconf 80' lang='grc' dir='ltr'>δράκων,</span> <span class='ocrx_word' id='word_1_159' title='bbox 2359 976 2448 1032; x_wconf 82' lang='grc' dir='ltr'><strong>καὶ</strong></span> <span class='ocrx_word' id='word_1_160' title='bbox 2491 972 2737 1053; x_wconf 81' lang='grc' dir='ltr'>φιμώσας</span> <span class='ocrx_word' id='word_1_161' title='bbox 2781 972 2946 1040; x_wconf 75' lang='grc' dir='ltr'>αὒτὴν</span> <span class='ocrx_word' id='word_1_162' title='bbox 2994 970 3204 1050; x_wconf 71' lang='grc' dir='ltr'>ἔρῥιψεν</span> <span class='ocrx_word' id='word_1_163' title='bbox 3266 969 3352 1026; x_wconf 82' lang='grc' dir='ltr'><strong>ἐπὶ</strong></span> <span class='ocrx_word' id='word_1_164' title='bbox 3409 970 3473 1024; x_wconf 77' lang='grc' dir='ltr'>τὸ</span> <span class='ocrx_word' id='word_1_165' title='bbox 3519 964 3743 1044; x_wconf 69' lang='grc' dir='ltr'>ἕδαιρος,</span> 
     </span>
    </p>
   </div>
   <div class='ocr_carea' id='block_1_24' title="bbox 2087 1056 3747 1136">
    <p class='ocr_par' dir='ltr' id='par_1_24' title="bbox 2087 1056 3747 1136">
     <span class='ocr_line' id='line_1_24' title="bbox 2087 1056 3747 1136; baseline -0.007 -14"><span class='ocrx_word' id='word_1_166' title='bbox 2087 1064 2312 1131; x_wconf 77' lang='grc' dir='ltr'>ἐξελθὼν</span> <span class='ocrx_word' id='word_1_167' title='bbox 2370 1061 2466 1121; x_wconf 78' lang='grc' dir='ltr'><strong>ἄπ’</strong></span> <span class='ocrx_word' id='word_1_168' title='bbox 2523 1063 2712 1131; x_wconf 75' lang='grc' dir='ltr'>αὒτῆς.</span> <span class='ocrx_word' id='word_1_169' title='bbox 2768 1060 3006 1128; x_wconf 83' lang='grc' dir='ltr'>Ἀνοίξας</span> <span class='ocrx_word' id='word_1_170' title='bbox 3066 1060 3227 1117; x_wconf 80' lang='grc' dir='ltr'>δὲτὸ</span> <span class='ocrx_word' id='word_1_171' title='bbox 3300 1056 3534 1136; x_wconf 76' lang='grc' dir='ltr'><strong>θυρίδων</strong></span> <span class='ocrx_word' id='word_1_172' title='bbox 3611 1057 3747 1132; x_wconf 61' lang='lat' dir='ltr'><strong>jac-c5:</strong></span> 
     </span>
    </p>
   </div>
   <div class='ocr_carea' id='block_1_25' title="bbox 2089 1147 3747 1232">
    <p class='ocr_par' dir='ltr' id='par_1_25' title="bbox 2089 1147 3747 1232">
     <span class='ocr_line' id='line_1_25' title="bbox 2089 1147 3747 1232; baseline -0.008 -20"><span class='ocrx_word' id='word_1_173' title='bbox 2089 1168 2237 1232; x_wconf 76' lang='grc' dir='ltr'>τρεῖς</span> <span class='ocrx_word' id='word_1_174' title='bbox 2271 1154 2470 1232; x_wconf 72' lang='grc' dir='ltr'>ἡμέρας</span> <span class='ocrx_word' id='word_1_175' title='bbox 2514 1155 2541 1209; x_wconf 85' lang='grc' dir='ltr'>ὁ</span> <span class='ocrx_word' id='word_1_176' title='bbox 2589 1154 2874 1231; x_wconf 81' lang='grc' dir='ltr'>μακάριος,</span> <span class='ocrx_word' id='word_1_177' title='bbox 2936 1148 3053 1208; x_wconf 72' lang='grc' dir='ltr'>ἴδεν</span> <span class='ocrx_word' id='word_1_178' title='bbox 3082 1151 3247 1209; x_wconf 74' lang='grc' dir='ltr'>αὐτὴν</span> <span class='ocrx_word' id='word_1_179' title='bbox 3278 1147 3618 1227; x_wconf 74' lang='grc' dir='ltr'>ἒῤῥιμμένην</span> <span class='ocrx_word' id='word_1_180' title='bbox 3671 1148 3747 1208; x_wconf 75' lang='grc' dir='ltr'>ὣς</span> 
     </span>
    </p>
   </div>
   <div class='ocr_carea' id='block_1_26' title="bbox 2090 1234 3746 1324">
    <p class='ocr_par' dir='ltr' id='par_1_26' title="bbox 2090 1234 3746 1324">
     <span class='ocr_line' id='line_1_26' title="bbox 2090 1234 3746 1324; baseline -0.007 -23"><span class='ocrx_word' id='word_1_181' title='bbox 2090 1245 2302 1324; x_wconf 76' lang='grc' dir='ltr'>νεκρὰν,</span> <span class='ocrx_word' id='word_1_182' title='bbox 2361 1245 2459 1300; x_wconf 87' lang='grc' dir='ltr'><strong>καί</strong></span> <span class='ocrx_word' id='word_1_183' title='bbox 2516 1240 2720 1299; x_wconf 81' lang='grc' dir='ltr'><strong>κελεύει</strong></span> <span class='ocrx_word' id='word_1_184' title='bbox 2774 1254 2894 1306; x_wconf 76' lang='grc' dir='ltr'>τοῖς</span> <span class='ocrx_word' id='word_1_185' title='bbox 2935 1245 3272 1315; x_wconf 81' lang='grc' dir='ltr'>παρεστῶσιν</span> <span class='ocrx_word' id='word_1_186' title='bbox 3317 1238 3516 1317; x_wconf 81' lang='grc' dir='ltr'>ἐπᾶραι</span> <span class='ocrx_word' id='word_1_187' title='bbox 3579 1234 3746 1302; x_wconf 46' lang='lat' dir='ltr'><strong>sese&quot;</strong></span> 
     </span>
    </p>
   </div>
   <div class='ocr_carea' id='block_1_27' title="bbox 2090 1326 3748 1409">
    <p class='ocr_par' dir='ltr' id='par_1_27' title="bbox 2090 1326 3748 1409">
     <span class='ocr_line' id='line_1_27' title="bbox 2090 1326 3748 1409; baseline -0.007 -17"><span class='ocrx_word' id='word_1_188' title='bbox 2090 1333 2186 1393; x_wconf 78' lang='grc' dir='ltr'><strong>καΐ</strong></span> <span class='ocrx_word' id='word_1_189' title='bbox 2248 1333 2392 1409; x_wconf 76' lang='grc' dir='ltr'>παρὰ</span> <span class='ocrx_word' id='word_1_190' title='bbox 2472 1334 2597 1406; x_wconf 81' lang='grc' dir='ltr'>μίαν</span> <span class='ocrx_word' id='word_1_191' title='bbox 2684 1332 2960 1388; x_wconf 76' lang='grc' dir='ltr'>ἁνακλίναι</span> <span class='ocrx_word' id='word_1_192' title='bbox 3030 1329 3473 1409; x_wconf 74' lang='grc' dir='ltr'>προτρεψάμενος</span> <span class='ocrx_word' id='word_1_193' title='bbox 3542 1326 3748 1388; x_wconf 78' lang='grc' dir='ltr'>πάντας</span> 
     </span>
    </p>
   </div>
   <div class='ocr_carea' id='block_1_28' title="bbox 2093 1415 3749 1503">
    <p class='ocr_par' dir='ltr' id='par_1_28' title="bbox 2093 1415 3749 1503">
     <span class='ocr_line' id='line_1_28' title="bbox 2093 1415 3749 1503; baseline -0.006 -23"><span class='ocrx_word' id='word_1_194' title='bbox 2093 1426 2167 1487; x_wconf 87' lang='grc' dir='ltr'>εἷς</span> <span class='ocrx_word' id='word_1_195' title='bbox 2228 1427 2401 1503; x_wconf 76' lang='grc' dir='ltr'>εὒχην</span> <span class='ocrx_word' id='word_1_196' title='bbox 2460 1423 2545 1478; x_wconf 75' lang='grc' dir='ltr'>καὶ</span> <span class='ocrx_word' id='word_1_197' title='bbox 2607 1421 2806 1500; x_wconf 79' lang='grc' dir='ltr'>ἐπάρας</span> <span class='ocrx_word' id='word_1_198' title='bbox 2848 1419 2946 1484; x_wconf 71' lang='grc' dir='ltr'><strong>τάς</strong></span> <span class='ocrx_word' id='word_1_199' title='bbox 3006 1419 3150 1484; x_wconf 74' lang='grc' dir='ltr'>ὁσίας</span> <span class='ocrx_word' id='word_1_200' title='bbox 3210 1422 3367 1477; x_wconf 72' lang='grc' dir='ltr'>αὐτοῦ</span> <span class='ocrx_word' id='word_1_201' title='bbox 3421 1429 3631 1496; x_wconf 75' lang='grc' dir='ltr'>χεῖρας</span> <span class='ocrx_word' id='word_1_202' title='bbox 3660 1415 3749 1471; x_wconf 76' lang='grc' dir='ltr'><strong>ἐπὶ</strong></span> 
     </span>
    </p>
   </div>
   <div class='ocr_carea' id='block_1_29' title="bbox 2092 1505 3746 1590">
    <p class='ocr_par' dir='ltr' id='par_1_29' title="bbox 2092 1505 3746 1590">
     <span class='ocr_line' id='line_1_29' title="bbox 2092 1505 3746 1590; baseline -0.007 -19"><span class='ocrx_word' id='word_1_203' title='bbox 2092 1513 2232 1590; x_wconf 75' lang='grc' dir='ltr'>ὥρας</span> <span class='ocrx_word' id='word_1_204' title='bbox 2292 1510 2500 1576; x_wconf 79' lang='grc' dir='ltr'>πολλὰς</span> <span class='ocrx_word' id='word_1_205' title='bbox 2560 1516 2698 1586; x_wconf 81' lang='grc' dir='ltr'>μετὴ</span> <span class='ocrx_word' id='word_1_206' title='bbox 2742 1510 2958 1567; x_wconf 81' lang='grc' dir='ltr'>πάντων</span> <span class='ocrx_word' id='word_1_207' title='bbox 2990 1505 3115 1565; x_wconf 86' lang='grc' dir='ltr'>ἐϐόα</span> <span class='ocrx_word' id='word_1_208' title='bbox 3152 1528 3167 1542; x_wconf 76' lang='grc'><strong><em>⁸</em></strong></span> <span class='ocrx_word' id='word_1_209' title='bbox 3220 1506 3354 1571; x_wconf 73' lang='grc' dir='ltr'>Δόξα</span> <span class='ocrx_word' id='word_1_210' title='bbox 3396 1529 3510 1586; x_wconf 89' lang='grc' dir='ltr'>σοι,</span> <span class='ocrx_word' id='word_1_211' title='bbox 3550 1506 3746 1582; x_wconf 76' lang='grc' dir='ltr'>Κύριε,</span> 
     </span>
    </p>
   </div>
   <div class='ocr_carea' id='block_1_30' title="bbox 2093 1594 3753 1681">
    <p class='ocr_par' dir='ltr' id='par_1_30' title="bbox 2093 1594 3753 1681">
     <span class='ocr_line' id='line_1_30' title="bbox 2093 1594 3753 1681; baseline -0.007 -21"><span class='ocrx_word' id='word_1_212' title='bbox 2093 1601 2215 1668; x_wconf 78' lang='grc' dir='ltr'>δόξα</span> <span class='ocrx_word' id='word_1_213' title='bbox 2271 1623 2380 1680; x_wconf 84' lang='grc' dir='ltr'>σοι,</span> <span class='ocrx_word' id='word_1_214' title='bbox 2445 1600 2624 1681; x_wconf 80' lang='grc' dir='ltr'>Κύριε,</span> <span class='ocrx_word' id='word_1_215' title='bbox 2686 1595 2809 1666; x_wconf 77' lang='grc' dir='ltr'>δόξα</span> <span class='ocrx_word' id='word_1_216' title='bbox 2856 1621 2967 1677; x_wconf 89' lang='grc' dir='ltr'>σοι,</span> <span class='ocrx_word' id='word_1_217' title='bbox 3026 1599 3204 1676; x_wconf 79' lang='grc' dir='ltr'>Κύριε,</span> <span class='ocrx_word' id='word_1_218' title='bbox 3251 1601 3317 1653; x_wconf 85' lang='grc' dir='ltr'><strong>Ἦ</strong></span> <span class='ocrx_word' id='word_1_219' title='bbox 3358 1594 3413 1651; x_wconf 72' lang='grc' dir='ltr'><strong>ὃέ</strong></span> <span class='ocrx_word' id='word_1_220' title='bbox 3444 1595 3588 1672; x_wconf 75' lang='grc' dir='ltr'>γυνὴ</span> <span class='ocrx_word' id='word_1_221' title='bbox 3620 1616 3753 1650; x_wconf 77' lang='grc' dir='ltr'>κατ-</span> 
     </span>
    </p>
   </div>
   <div class='ocr_carea' id='block_1_31' title="bbox 2095 1684 3751 1769">
    <p class='ocr_par' dir='ltr' id='par_1_31' title="bbox 2095 1684 3751 1769">
     <span class='ocr_line' id='line_1_31' title="bbox 2095 1684 3751 1769; baseline -0.009 -17"><span class='ocrx_word' id='word_1_222' title='bbox 2095 1693 2271 1752; x_wconf 83' lang='grc' dir='ltr'>έκειτο</span> <span class='ocrx_word' id='word_1_223' title='bbox 2329 1690 2562 1769; x_wconf 79' lang='grc' dir='ltr'>ἅιοωνος,</span> <span class='ocrx_word' id='word_1_224' title='bbox 2638 1690 2716 1764; x_wconf 78' lang='grc' dir='ltr'>μὴ</span> <span class='ocrx_word' id='word_1_225' title='bbox 2811 1686 3023 1744; x_wconf 74' lang='grc' dir='ltr'>διδοῦσα</span> <span class='ocrx_word' id='word_1_226' title='bbox 3103 1684 3366 1765; x_wconf 79' lang='grc' dir='ltr'>ἀνθρώπῳ</span> <span class='ocrx_word' id='word_1_227' title='bbox 3424 1686 3751 1762; x_wconf 75' lang='grc' dir='ltr'>ἀπόκρισιν,</span> 
     </span>
    </p>
   </div>
   <div class='ocr_carea' id='block_1_32' title="bbox 365 1775 2017 1868">
    <p class='ocr_par' dir='ltr' id='par_1_32' title="bbox 365 1781 2012 1865">
     <span class='ocr_line' id='line_1_32' title="bbox 365 1781 2012 1865; baseline 0.002 -23"><span class='ocrx_word' id='word_1_228' title='bbox 365 1781 514 1842; x_wconf 82' lang='grc' dir='ltr'>ιηἱοί</span> <span class='ocrx_word' id='word_1_229' title='bbox 535 1798 917 1862; x_wconf 79' lang='lat' dir='ltr'><strong>reSponsnm.</strong></span> <span class='ocrx_word' id='word_1_230' title='bbox 952 1786 1091 1847; x_wconf 86' lang='lat' dir='ltr'><strong>Post</strong></span> <span class='ocrx_word' id='word_1_231' title='bbox 1143 1802 1353 1865; x_wconf 88' lang='lat' dir='ltr'><strong>preces</strong></span> <span class='ocrx_word' id='word_1_232' title='bbox 1373 1801 1513 1846; x_wconf 87' lang='lat' dir='ltr'><strong>vero</strong></span> <span class='ocrx_word' id='word_1_233' title='bbox 1533 1785 1713 1865; x_wconf 89' lang='lat' dir='ltr'><strong>jussit</strong></span> <span class='ocrx_word' id='word_1_234' title='bbox 1740 1803 1870 1846; x_wconf 87' lang='lat' dir='ltr'><strong>eam</strong></span> <span class='ocrx_word' id='word_1_235' title='bbox 1906 1804 2012 1845; x_wconf 91' lang='lat' dir='ltr'><strong>co-</strong></span> 
     </span>
    </p>
   </div>
   <div class='ocr_carea' id='block_1_33' title="bbox 2131 1775 3759 1868">
    <p class='ocr_par' dir='ltr' id='par_1_33' title="bbox 2131 1775 3759 1859">
     <span class='ocr_line' id='line_1_33' title="bbox 2131 1775 3759 1859; baseline -0.007 -21"><span class='ocrx_word' id='word_1_236' title='bbox 2131 1784 2243 1838; x_wconf 77' lang='grc' dir='ltr'>Ιετὰ</span> <span class='ocrx_word' id='word_1_237' title='bbox 2273 1779 2327 1836; x_wconf 71' lang='grc' dir='ltr'><strong>δὲ</strong></span> <span class='ocrx_word' id='word_1_238' title='bbox 2370 1780 2469 1836; x_wconf 58' lang='grc' dir='ltr'><strong>τὴν</strong></span> <span class='ocrx_word' id='word_1_239' title='bbox 2520 1779 2695 1859; x_wconf 72' lang='grc' dir='ltr'>εὐχὴν</span> <span class='ocrx_word' id='word_1_240' title='bbox 2745 1777 3021 1834; x_wconf 68' lang='grc' dir='ltr'>ἐκέλευσεν</span> <span class='ocrx_word' id='word_1_241' title='bbox 3063 1777 3227 1845; x_wconf 66' lang='grc' dir='ltr'>αὖτήν</span> <span class='ocrx_word' id='word_1_242' title='bbox 3272 1775 3567 1855; x_wconf 69' lang='grc' dir='ltr'>ἐνεχθῆναι</span> <span class='ocrx_word' id='word_1_243' title='bbox 3604 1790 3621 1805; x_wconf 89' lang='grc'><strong>·</strong></span> <span class='ocrx_word' id='word_1_244' title='bbox 3667 1777 3759 1828; x_wconf 78' lang='grc' dir='ltr'>καὶ</span> 
     </span>
    </p>
   </div>
   <div class='ocr_carea' id='block_1_34' title="bbox 362 1866 2017 1953">
    <p class='ocr_par' dir='ltr' id='par_1_34' title="bbox 362 1871 2012 1953">
     <span class='ocr_line' id='line_1_34' title="bbox 362 1871 2012 1953; baseline 0.001 -21"><span class='ocrx_word' id='word_1_245' title='bbox 362 1888 492 1933; x_wconf 92' lang='lat' dir='ltr'><strong>ram</strong></span> <span class='ocrx_word' id='word_1_246' title='bbox 514 1889 582 1933; x_wconf 89' lang='lat' dir='ltr'><strong>se</strong></span> <span class='ocrx_word' id='word_1_247' title='bbox 601 1871 802 1934; x_wconf 80' lang='lat' dir='ltr'><strong>afferri</strong></span> <span class='ocrx_word' id='word_1_248' title='bbox 840 1894 855 1936; x_wconf 89' lang='lat'>:</span> <span class='ocrx_word' id='word_1_249' title='bbox 910 1881 1106 1935; x_wconf 87' lang='lat' dir='ltr'><strong>etcum</strong></span> <span class='ocrx_word' id='word_1_250' title='bbox 1151 1872 1418 1935; x_wconf 88' lang='lat' dir='ltr'><strong>dedisset</strong></span> <span class='ocrx_word' id='word_1_251' title='bbox 1462 1875 1517 1934; x_wconf 91' lang='lat' dir='ltr'><strong>ei</strong></span> <span class='ocrx_word' id='word_1_252' title='bbox 1544 1883 1745 1953; x_wconf 92' lang='lat' dir='ltr'><strong>potum</strong></span> <span class='ocrx_word' id='word_1_253' title='bbox 1775 1891 1847 1936; x_wconf 86' lang='lat' dir='ltr'><strong>ex</strong></span> <span class='ocrx_word' id='word_1_254' title='bbox 1881 1874 2012 1935; x_wconf 92' lang='lat' dir='ltr'><strong>oleo</strong></span> 
     </span>
    </p>
   </div>
   <div class='ocr_carea' id='block_1_35' title="bbox 2131 1866 3761 1953">
    <p class='ocr_par' dir='ltr' id='par_1_35' title="bbox 2131 1866 3761 1945">
     <span class='ocr_line' id='line_1_35' title="bbox 2131 1866 3761 1945; baseline -0.006 -17"><span class='ocrx_word' id='word_1_255' title='bbox 2131 1870 2340 1934; x_wconf 83' lang='grc' dir='ltr'>εδωκὼς</span> <span class='ocrx_word' id='word_1_256' title='bbox 2370 1872 2503 1945; x_wconf 73' lang='grc' dir='ltr'>αὐτῇ</span> <span class='ocrx_word' id='word_1_257' title='bbox 2544 1872 2606 1925; x_wconf 75' lang='grc' dir='ltr'><strong>ἐκ</strong></span> <span class='ocrx_word' id='word_1_258' title='bbox 2651 1875 2742 1924; x_wconf 82' lang='grc' dir='ltr'>τοῦ</span> <span class='ocrx_word' id='word_1_259' title='bbox 2773 1867 2953 1925; x_wconf 82' lang='grc' dir='ltr'>ἐλαίου</span> <span class='ocrx_word' id='word_1_260' title='bbox 3010 1873 3114 1922; x_wconf 81' lang='grc' dir='ltr'>τῶν</span> <span class='ocrx_word' id='word_1_261' title='bbox 3155 1866 3319 1942; x_wconf 76' lang='grc' dir='ltr'>ἁγίων</span> <span class='ocrx_word' id='word_1_262' title='bbox 3350 1877 3528 1935; x_wconf 77' lang='grc' dir='ltr'>πιεῖν,</span> <span class='ocrx_word' id='word_1_263' title='bbox 3567 1886 3761 1939; x_wconf 68' lang='grc' dir='ltr'>παραυ</span> 
     </span>
    </p>
   </div>
   <div class='ocr_carea' id='block_1_36' title="bbox 366 1952 2017 2043">
    <p class='ocr_par' dir='ltr' id='par_1_36' title="bbox 366 1952 2014 2040">
     <span class='ocr_line' id='line_1_36' title="bbox 366 1952 2014 2040; baseline -0.001 -18"><span class='ocrx_word' id='word_1_264' title='bbox 366 1967 738 2040; x_wconf 84' lang='lat' dir='ltr'><strong>sanctorum,</strong></span> <span class='ocrx_word' id='word_1_265' title='bbox 774 1962 973 2023; x_wconf 88' lang='lat' dir='ltr'><strong>statim</strong></span> <span class='ocrx_word' id='word_1_266' title='bbox 999 1962 1196 2024; x_wconf 89' lang='lat' dir='ltr'><strong>locuta</strong></span> <span class='ocrx_word' id='word_1_267' title='bbox 1220 1971 1309 2024; x_wconf 93' lang='lat' dir='ltr'><strong>est</strong></span> <span class='ocrx_word' id='word_1_268' title='bbox 1337 1983 1351 2022; x_wconf 88' lang='lat'><strong>:</strong></span> <span class='ocrx_word' id='word_1_269' title='bbox 1381 1971 1438 2023; x_wconf 89' lang='lat' dir='ltr'><strong>et</strong></span> <span class='ocrx_word' id='word_1_270' title='bbox 1461 1952 1595 2025; x_wconf 86' lang='lat' dir='ltr'><strong>cum</strong></span> <span class='ocrx_word' id='word_1_271' title='bbox 1629 1964 2014 2038; x_wconf 76' lang='lat' dir='ltr'><strong>surrexisset,</strong></span> 
     </span>
    </p>
   </div>
   <div class='ocr_carea' id='block_1_37' title="bbox 2131 1952 3762 2043">
    <p class='ocr_par' dir='ltr' id='par_1_37' title="bbox 2131 1952 3762 2043">
     <span class='ocr_line' id='line_1_37' title="bbox 2131 1952 3762 2043; baseline -0.007 -26"><span class='ocrx_word' id='word_1_272' title='bbox 2131 1967 2293 2043; x_wconf 47' lang='grc' dir='ltr'>;ρῆμα</span> <span class='ocrx_word' id='word_1_273' title='bbox 2338 1958 2624 2034; x_wconf 85' lang='grc' dir='ltr'>ἐλάλησεν,</span> <span class='ocrx_word' id='word_1_274' title='bbox 2670 1959 2758 2013; x_wconf 82' lang='grc' dir='ltr'><strong>καὶ</strong></span> <span class='ocrx_word' id='word_1_275' title='bbox 2809 1957 3081 2014; x_wconf 80' lang='grc' dir='ltr'>ἀναστᾶσα</span> <span class='ocrx_word' id='word_1_276' title='bbox 3112 1955 3451 2031; x_wconf 76' lang='grc' dir='ltr'>περιεπάτει,</span> <span class='ocrx_word' id='word_1_277' title='bbox 3483 1952 3597 2017; x_wconf 81' lang='grc' dir='ltr'>ἓως</span> <span class='ocrx_word' id='word_1_278' title='bbox 3644 1954 3762 2029; x_wconf 69' lang='grc' dir='ltr'><strong>γή-</strong></span> 
     </span>
    </p>
   </div>
   <div class='ocr_carea' id='block_1_38' title="bbox 364 2041 2017 2132">
    <p class='ocr_par' dir='ltr' id='par_1_38' title="bbox 364 2049 2015 2132">
     <span class='ocr_line' id='line_1_38' title="bbox 364 2049 2015 2132; baseline 0.001 -20"><span class='ocrx_word' id='word_1_279' title='bbox 364 2049 916 2132; x_wconf 86' lang='lat' dir='ltr'><strong>ambnlavit,usque</strong></span> <span class='ocrx_word' id='word_1_280' title='bbox 935 2051 1010 2113; x_wconf 91' lang='lat' dir='ltr'><strong>ad</strong></span> <span class='ocrx_word' id='word_1_281' title='bbox 1032 2070 1198 2113; x_wconf 82' lang='lat' dir='ltr'><strong>suam</strong></span> <span class='ocrx_word' id='word_1_282' title='bbox 1227 2061 1597 2114; x_wconf 85' lang='lat' dir='ltr'><strong>senectutem</strong></span> <span class='ocrx_word' id='word_1_283' title='bbox 1622 2071 1657 2114; x_wconf 92' lang='lat' dir='ltr'><strong>a</strong></span> <span class='ocrx_word' id='word_1_284' title='bbox 1673 2063 1877 2114; x_wconf 89' lang='lat' dir='ltr'><strong>monte</strong></span> <span class='ocrx_word' id='word_1_285' title='bbox 1896 2072 2015 2114; x_wconf 90' lang='lat' dir='ltr'><strong>non</strong></span> 
     </span>
    </p>
   </div>
   <div class='ocr_carea' id='block_1_39' title="bbox 2131 2041 3764 2132">
    <p class='ocr_par' dir='ltr' id='par_1_39' title="bbox 2131 2041 3764 2132">
     <span class='ocr_line' id='line_1_39' title="bbox 2131 2041 3764 2132; baseline -0.007 -24"><span class='ocrx_word' id='word_1_286' title='bbox 2131 2041 2218 2115; x_wconf 74' lang='grc' dir='ltr'><strong>ους</strong></span> <span class='ocrx_word' id='word_1_287' title='bbox 2280 2052 2442 2116; x_wconf 71' lang='grc' dir='ltr'>αὐτῆς</span> <span class='ocrx_word' id='word_1_288' title='bbox 2499 2050 2577 2124; x_wconf 75' lang='grc' dir='ltr'>μὴ</span> <span class='ocrx_word' id='word_1_289' title='bbox 2635 2052 2972 2128; x_wconf 75' lang='grc' dir='ltr'>χωρισθεῖσα</span> <span class='ocrx_word' id='word_1_290' title='bbox 3032 2053 3123 2103; x_wconf 78' lang='grc' dir='ltr'>τοῦ</span> <span class='ocrx_word' id='word_1_291' title='bbox 3169 2043 3348 2124; x_wconf 77' lang='grc' dir='ltr'>ὄρους,</span> <span class='ocrx_word' id='word_1_292' title='bbox 3410 2041 3764 2132; x_wconf 12' lang='grc' dir='ltr'>ἀλλοίῗπροσο</span> 
     </span>
    </p>
   </div>
   <div class='ocr_carea' id='block_1_40' title="bbox 367 2131 2017 2222">
    <p class='ocr_par' dir='ltr' id='par_1_40' title="bbox 367 2131 2011 2222">
     <span class='ocr_line' id='line_1_40' title="bbox 367 2131 2011 2222; baseline 0.001 -21"><span class='ocrx_word' id='word_1_293' title='bbox 367 2140 778 2221; x_wconf 86' lang='lat' dir='ltr'><strong>separata,sed</strong></span> <span class='ocrx_word' id='word_1_294' title='bbox 797 2131 1081 2222; x_wconf 81' lang='lat' dir='ltr'><strong>precibus</strong></span> <span class='ocrx_word' id='word_1_295' title='bbox 1104 2150 1161 2201; x_wconf 77' lang='lat' dir='ltr'><strong>et</strong></span> <span class='ocrx_word' id='word_1_296' title='bbox 1181 2149 1387 2203; x_wconf 90' lang='lat' dir='ltr'><strong>sancto</strong></span> <span class='ocrx_word' id='word_1_297' title='bbox 1410 2151 1697 2222; x_wconf 89' lang='lat' dir='ltr'><strong>perpetuo</strong></span> <span class='ocrx_word' id='word_1_298' title='bbox 1717 2143 2011 2218; x_wconf 82' lang='lat' dir='ltr'><strong>assidens,</strong></span> 
     </span>
    </p>
   </div>
   <div class='ocr_carea' id='block_1_41' title="bbox 2131 2131 3763 2222">
    <p class='ocr_par' dir='ltr' id='par_1_41' title="bbox 2131 2131 3763 2219">
     <span class='ocr_line' id='line_1_41' title="bbox 2131 2131 3763 2219; baseline -0.006 -22"><span class='ocrx_word' id='word_1_299' title='bbox 2131 2140 2381 2219; x_wconf 81' lang='grc' dir='ltr'>δρεύουσα</span> <span class='ocrx_word' id='word_1_300' title='bbox 2429 2152 2552 2201; x_wconf 74' lang='grc' dir='ltr'>ταῖς</span> <span class='ocrx_word' id='word_1_301' title='bbox 2617 2140 2813 2218; x_wconf 68' lang='grc' dir='ltr'>εὐχαῖς</span> <span class='ocrx_word' id='word_1_302' title='bbox 2855 2137 2944 2194; x_wconf 83' lang='grc' dir='ltr'><strong>καὶ</strong></span> <span class='ocrx_word' id='word_1_303' title='bbox 2972 2143 3049 2210; x_wconf 84' lang='grc' dir='ltr'>τῷ</span> <span class='ocrx_word' id='word_1_304' title='bbox 3079 2134 3350 2215; x_wconf 77' lang='grc' dir='ltr'><strong>μακαρίῳ,</strong></span> <span class='ocrx_word' id='word_1_305' title='bbox 3382 2136 3483 2189; x_wconf 65' lang='grc' dir='ltr'>καὶ</span> <span class='ocrx_word' id='word_1_306' title='bbox 3517 2131 3763 2212; x_wconf 70' lang='grc' dir='ltr'>εὔχαρι-</span> 
     </span>
    </p>
   </div>
   <div class='ocr_carea' id='block_1_42' title="bbox 369 2225 2017 2312">
    <p class='ocr_par' dir='ltr' id='par_1_42' title="bbox 369 2227 1661 2312">
     <span class='ocr_line' id='line_1_42' title="bbox 369 2227 1661 2312; baseline 0.001 -18"><span class='ocrx_word' id='word_1_307' title='bbox 369 2237 429 2294; x_wconf 87' lang='lat' dir='ltr'><strong>et</strong></span> <span class='ocrx_word' id='word_1_308' title='bbox 461 2227 586 2292; x_wconf 90' lang='lat' dir='ltr'><strong>Deo</strong></span> <span class='ocrx_word' id='word_1_309' title='bbox 615 2248 796 2311; x_wconf 76' lang='lat' dir='ltr'><strong>agens</strong></span> <span class='ocrx_word' id='word_1_310' title='bbox 827 2231 1073 2311; x_wconf 74' lang='lat' dir='ltr'><strong>gratias,</strong></span> <span class='ocrx_word' id='word_1_311' title='bbox 1109 2230 1215 2312; x_wconf 90' lang='lat' dir='ltr'><strong>qui</strong></span> <span class='ocrx_word' id='word_1_312' title='bbox 1244 2249 1374 2293; x_wconf 91' lang='lat' dir='ltr'><strong>eam</strong></span> <span class='ocrx_word' id='word_1_313' title='bbox 1411 2231 1661 2295; x_wconf 79' lang='lat' dir='ltr'><strong>sanavit.</strong></span> 
     </span>
    </p>
   </div>
   <div class='ocr_carea' id='block_1_43' title="bbox 2131 2225 3065 2312">
    <p class='ocr_par' dir='ltr' id='par_1_43' title="bbox 2131 2225 3065 2305">
     <span class='ocr_line' id='line_1_43' title="bbox 2131 2225 3065 2305; baseline -0.004 -17"><span class='ocrx_word' id='word_1_314' title='bbox 2131 2252 2298 2288; x_wconf 83' lang='grc' dir='ltr'>τουσα</span> <span class='ocrx_word' id='word_1_315' title='bbox 2325 2232 2404 2304; x_wconf 80' lang='grc' dir='ltr'>τῷ</span> <span class='ocrx_word' id='word_1_316' title='bbox 2431 2228 2701 2305; x_wconf 79' lang='grc' dir='ltr'>ίασαμὲνῳ</span> <span class='ocrx_word' id='word_1_317' title='bbox 2730 2226 2895 2294; x_wconf 71' lang='grc' dir='ltr'>αὐτὴν</span> <span class='ocrx_word' id='word_1_318' title='bbox 2927 2225 3065 2301; x_wconf 86' lang='grc' dir='ltr'><strong>Θεῷ.</strong></span> 
     </span>
    </p>
   </div>
   <div class='ocr_carea' id='block_1_44' title="bbox 1853 2361 2244 2429">
    <p class='ocr_par' dir='ltr' id='par_1_44' title="bbox 1853 2361 2244 2429">
     <span class='ocr_line' id='line_1_44' title="bbox 1853 2361 2244 2429; baseline -0.005 0"><span class='ocrx_word' id='word_1_319' title='bbox 1853 2361 2099 2429; x_wconf 88' lang='lat' dir='ltr'><strong>CAPUT</strong></span> <span class='ocrx_word' id='word_1_320' title='bbox 2142 2363 2244 2427; x_wconf 90' lang='lat' dir='ltr'><strong>IV.</strong></span> 
     </span>
    </p>
   </div>
   <div class='ocr_carea' id='block_1_45' title="bbox 854 2504 3252 2575">
    <p class='ocr_par' dir='ltr' id='par_1_45' title="bbox 854 2504 3252 2575">
     <span class='ocr_line' id='line_1_45' title="bbox 854 2504 3252 2575; baseline -0.004 -5"><span class='ocrx_word' id='word_1_321' title='bbox 854 2508 1151 2574; x_wconf 81' lang='lat' dir='ltr'><strong>Evocatur</strong></span> <span class='ocrx_word' id='word_1_322' title='bbox 1176 2509 1250 2573; x_wconf 88' lang='lat' dir='ltr'><strong>S.</strong></span> <span class='ocrx_word' id='word_1_323' title='bbox 1284 2511 1642 2575; x_wconf 69' lang='lat' dir='ltr'><strong>Auxentius</strong></span> <span class='ocrx_word' id='word_1_324' title='bbox 1671 2511 1753 2574; x_wconf 85' lang='lat' dir='ltr'><strong>ad</strong></span> <span class='ocrx_word' id='word_1_325' title='bbox 1784 2511 2126 2573; x_wconf 76' lang='lat' dir='ltr'><strong>conc-ilium</strong></span> <span class='ocrx_word' id='word_1_326' title='bbox 2156 2505 2660 2570; x_wconf 82' lang='lat' dir='ltr'><strong>Chalcedonense.</strong></span> <span class='ocrx_word' id='word_1_327' title='bbox 2694 2504 3004 2570; x_wconf 73' lang='lat' dir='ltr'><strong>Miracula</strong></span> <span class='ocrx_word' id='word_1_328' title='bbox 3033 2504 3101 2565; x_wconf 79' lang='lat' dir='ltr'><strong>in</strong></span> <span class='ocrx_word' id='word_1_329' title='bbox 3126 2504 3252 2566; x_wconf 78' lang='lat' dir='ltr'><strong>via.</strong></span> 
     </span>
    </p>
   </div>
   <div class='ocr_carea' id='block_1_46' title="bbox 454 2640 2017 2726">
    <p class='ocr_par' dir='ltr' id='par_1_46' title="bbox 454 2640 2017 2726">
     <span class='ocr_line' id='line_1_46' title="bbox 454 2640 2017 2726; baseline 0.001 -22"><span class='ocrx_word' id='word_1_330' title='bbox 454 2640 639 2706; x_wconf 83' lang='lat' dir='ltr'><strong>XXII.</strong></span> <span class='ocrx_word' id='word_1_331' title='bbox 667 2644 809 2706; x_wconf 81' lang='lat' dir='ltr'><strong>Post.</strong></span> <span class='ocrx_word' id='word_1_332' title='bbox 837 2643 1048 2707; x_wconf 85' lang='lat' dir='ltr'><strong>decem</strong></span> <span class='ocrx_word' id='word_1_333' title='bbox 1083 2653 1185 2710; x_wconf 86' lang='lat' dir='ltr'><strong>aut</strong></span> <span class='ocrx_word' id='word_1_334' title='bbox 1213 2645 1458 2709; x_wconf 90' lang='lat' dir='ltr'><strong>circiter</strong></span> <span class='ocrx_word' id='word_1_335' title='bbox 1487 2663 1699 2720; x_wconf 90' lang='lat' dir='ltr'><strong>annos,</strong></span> <span class='ocrx_word' id='word_1_336' title='bbox 1734 2664 1868 2709; x_wconf 93' lang='lat' dir='ltr'><strong>cum</strong></span> <span class='ocrx_word' id='word_1_337' title='bbox 1895 2646 2017 2726; x_wconf 91' lang='lat' dir='ltr'><strong>jam</strong></span> 
     </span>
    </p>
   </div>
   <div class='ocr_carea' id='block_1_47' title="bbox 2186 2636 3758 2714">
    <p class='ocr_par' dir='ltr' id='par_1_47' title="bbox 2186 2636 3758 2714">
     <span class='ocr_line' id='line_1_47' title="bbox 2186 2636 3758 2714; baseline -0.007 -12"><span class='ocrx_word' id='word_1_338' title='bbox 2186 2642 2316 2706; x_wconf 72' lang='lat' dir='ltr'><strong>KB&#39;.</strong></span> <span class='ocrx_word' id='word_1_339' title='bbox 2364 2641 2527 2701; x_wconf 73' lang='grc' dir='ltr'>Τοῦτε</span> <span class='ocrx_word' id='word_1_340' title='bbox 2586 2642 2652 2711; x_wconf 79' lang='grc' dir='ltr'>δὴ</span> <span class='ocrx_word' id='word_1_341' title='bbox 2710 2642 2843 2713; x_wconf 77' lang='grc' dir='ltr'>πρὸς</span> <span class='ocrx_word' id='word_1_342' title='bbox 2901 2652 3022 2703; x_wconf 78' lang='grc' dir='ltr'>τοῖς</span> <span class='ocrx_word' id='word_1_343' title='bbox 3072 2638 3200 2696; x_wconf 78' lang='grc' dir='ltr'>δέκα</span> <span class='ocrx_word' id='word_1_344' title='bbox 3259 2636 3396 2714; x_wconf 81' lang='grc' dir='ltr'>μετᾶ</span> <span class='ocrx_word' id='word_1_345' title='bbox 3456 2638 3552 2693; x_wconf 76' lang='grc' dir='ltr'><strong>καὶ</strong></span> <span class='ocrx_word' id='word_1_346' title='bbox 3598 2636 3758 2713; x_wconf 74' lang='grc' dir='ltr'>ἕτερα</span> 
     </span>
    </p>
   </div>
   <div class='ocr_carea' id='block_1_48' title="bbox 376 2728 3757 2816">
    <p class='ocr_par' dir='ltr' id='par_1_48' title="bbox 376 2728 3757 2816">
     <span class='ocr_line' id='line_1_48' title="bbox 376 2728 3757 2816; baseline -0.001 -22"><span class='ocrx_word' id='word_1_347' title='bbox 376 2731 741 2795; x_wconf 87' lang='lat' dir='ltr'><strong>decessisset</strong></span> <span class='ocrx_word' id='word_1_348' title='bbox 770 2732 1160 2796; x_wconf 85' lang='lat' dir='ltr'><strong>ﬁdelissimus</strong></span> <span class='ocrx_word' id='word_1_349' title='bbox 1189 2743 1249 2798; x_wconf 87' lang='lat' dir='ltr'><strong>et</strong></span> <span class='ocrx_word' id='word_1_350' title='bbox 1275 2734 1644 2798; x_wconf 81' lang='lat' dir='ltr'><strong>orthodoxus</strong></span> <span class='ocrx_word' id='word_1_351' title='bbox 1693 2736 2023 2816; x_wconf 84' lang='lat' dir='ltr'><strong>imperator</strong></span> <span class='ocrx_word' id='word_1_352' title='bbox 2104 2733 2199 2801; x_wconf 77' lang='grc' dir='ltr'>ἔτη</span> <span class='ocrx_word' id='word_1_353' title='bbox 2258 2738 2351 2791; x_wconf 72' lang='grc' dir='ltr'>τού</span> <span class='ocrx_word' id='word_1_354' title='bbox 2403 2731 2733 2789; x_wconf 79' lang='grc' dir='ltr'><strong>πιστοτάτου</strong></span> <span class='ocrx_word' id='word_1_355' title='bbox 2809 2728 3072 2807; x_wconf 77' lang='grc' dir='ltr'>βασιλέως</span> <span class='ocrx_word' id='word_1_356' title='bbox 3129 2728 3607 2806; x_wconf 74' lang='grc' dir='ltr'>τετελευτηκότος,</span> <span class='ocrx_word' id='word_1_357' title='bbox 3668 2728 3757 2816; x_wconf 59' lang='grc' dir='ltr'>καὶ</span> 
     </span>
    </p>
   </div>
   <div class='ocr_carea' id='block_1_49' title="bbox 2104 2726 3758 2807">
    <p class='ocr_par' dir='ltr' id='par_1_49' title="bbox 2104 2726 3758 2807">
     <span class='ocr_line' id='line_1_49' title="bbox 2104 2726 3758 2807; baseline -0.006 -17"><span class='ocrx_word' id='word_1_358' title='bbox 2104 2733 2199 2801; x_wconf 76' lang='grc' dir='ltr'>ἔτη</span> <span class='ocrx_word' id='word_1_359' title='bbox 2258 2738 2351 2791; x_wconf 75' lang='grc' dir='ltr'><strong>του</strong></span> <span class='ocrx_word' id='word_1_360' title='bbox 2403 2731 2733 2789; x_wconf 80' lang='grc' dir='ltr'><strong>πιστοτάτου</strong></span> <span class='ocrx_word' id='word_1_361' title='bbox 2809 2728 3072 2807; x_wconf 76' lang='grc' dir='ltr'>βασιλέως</span> <span class='ocrx_word' id='word_1_362' title='bbox 3129 2726 3607 2806; x_wconf 75' lang='grc' dir='ltr'>τετελευτηκότος,</span> <span class='ocrx_word' id='word_1_363' title='bbox 3668 2728 3758 2781; x_wconf 75' lang='grc' dir='ltr'>καὶ</span> 
     </span>
    </p>
   </div>
   <div class='ocr_carea' id='block_1_50' title="bbox 376 2820 2022 2906">
    <p class='ocr_par' dir='ltr' id='par_1_50' title="bbox 376 2820 2022 2906">
     <span class='ocr_line' id='line_1_50' title="bbox 376 2820 2022 2906; baseline 0.001 -22"><span class='ocrx_word' id='word_1_364' title='bbox 376 2820 754 2884; x_wconf 87' lang='lat' dir='ltr'><strong>Theodosius</strong></span> <span class='ocrx_word' id='word_1_365' title='bbox 785 2823 1003 2897; x_wconf 91' lang='lat' dir='ltr'><strong>minor,</strong></span> <span class='ocrx_word' id='word_1_366' title='bbox 1037 2825 1511 2906; x_wconf 81' lang='lat' dir='ltr'><strong>imperassetque</strong></span> <span class='ocrx_word' id='word_1_367' title='bbox 1557 2826 1933 2888; x_wconf 82' lang='lat' dir='ltr'><strong>venerandus</strong></span> <span class='ocrx_word' id='word_1_368' title='bbox 1964 2833 2022 2886; x_wconf 90' lang='lat' dir='ltr'><strong>et</strong></span> 
     </span>
    </p>
   </div>
   <div class='ocr_carea' id='block_1_51' title="bbox 379 2910 2023 2993">
    <p class='ocr_par' dir='ltr' id='par_1_51' title="bbox 379 2910 2023 2993">
     <span class='ocr_line' id='line_1_51' title="bbox 379 2910 2023 2993; baseline -0.001 -18"><span class='ocrx_word' id='word_1_369' title='bbox 379 2910 597 2975; x_wconf 86' lang='lat' dir='ltr'><strong>Christi</strong></span> <span class='ocrx_word' id='word_1_370' title='bbox 630 2929 840 2973; x_wconf 83' lang='lat' dir='ltr'><strong>amans</strong></span> <span class='ocrx_word' id='word_1_371' title='bbox 869 2911 1231 2993; x_wconf 67' lang='lat' dir='ltr'><strong>Marcianus,</strong></span> <span class='ocrx_word' id='word_1_372' title='bbox 1263 2914 1373 2976; x_wconf 83' lang='lat' dir='ltr'><strong>fuit</strong></span> <span class='ocrx_word' id='word_1_373' title='bbox 1419 2933 1633 2992; x_wconf 78' lang='lat' dir='ltr'><strong>magna</strong></span> <span class='ocrx_word' id='word_1_374' title='bbox 1662 2914 1936 2977; x_wconf 84' lang='lat' dir='ltr'><strong>confusio</strong></span> <span class='ocrx_word' id='word_1_375' title='bbox 1966 2921 2023 2977; x_wconf 93' lang='lat' dir='ltr'><strong>et</strong></span> 
     </span>
    </p>
   </div>
   <div class='ocr_carea' id='block_1_52' title="bbox 384 2997 2023 3082">
    <p class='ocr_par' dir='ltr' id='par_1_52' title="bbox 384 2997 2023 3082">
     <span class='ocr_line' id='line_1_52' title="bbox 384 2997 2023 3082; baseline 0.002 -23"><span class='ocrx_word' id='word_1_376' title='bbox 384 2997 752 3080; x_wconf 83' lang='lat' dir='ltr'><strong>perturbatio</strong></span> <span class='ocrx_word' id='word_1_377' title='bbox 783 3002 943 3063; x_wconf 88' lang='lat' dir='ltr'><strong>circa</strong></span> <span class='ocrx_word' id='word_1_378' title='bbox 972 3001 1189 3082; x_wconf 78' lang='lat' dir='ltr'><strong>dogma</strong></span> <span class='ocrx_word' id='word_1_379' title='bbox 1216 3021 1372 3065; x_wconf 61' lang='lat' dir='ltr'><strong>vera:</strong></span> <span class='ocrx_word' id='word_1_380' title='bbox 1422 3012 1640 3066; x_wconf 76' lang='lat' dir='ltr'><strong>nostrae</strong></span> <span class='ocrx_word' id='word_1_381' title='bbox 1668 3005 1835 3079; x_wconf 77' lang='lat' dir='ltr'><strong>fidei,</strong></span> <span class='ocrx_word' id='word_1_382' title='bbox 1867 3004 2023 3065; x_wconf 91' lang='lat' dir='ltr'><strong>sicut</strong></span> 
     </span>
    </p>
   </div>
   <div class='ocr_carea' id='block_1_53' title="bbox 385 3088 2025 3173">
    <p class='ocr_par' dir='ltr' id='par_1_53' title="bbox 385 3088 2025 3173">
     <span class='ocr_line' id='line_1_53' title="bbox 385 3088 2025 3173; baseline 0.001 -23"><span class='ocrx_word' id='word_1_383' title='bbox 385 3088 562 3150; x_wconf 85' lang='lat' dir='ltr'><strong>etiam</strong></span> <span class='ocrx_word' id='word_1_384' title='bbox 590 3090 882 3169; x_wconf 62' lang='lat' dir='ltr'><strong>capimus</strong></span> <span class='ocrx_word' id='word_1_385' title='bbox 901 3090 1106 3154; x_wconf 89' lang='lat' dir='ltr'><strong>dicere</strong></span> <span class='ocrx_word' id='word_1_386' title='bbox 1136 3093 1437 3173; x_wconf 89' lang='lat' dir='ltr'><strong>superius,</strong></span> <span class='ocrx_word' id='word_1_387' title='bbox 1461 3112 1596 3155; x_wconf 92' lang='lat' dir='ltr'><strong>cum</strong></span> <span class='ocrx_word' id='word_1_388' title='bbox 1630 3103 1789 3157; x_wconf 91' lang='lat' dir='ltr'><strong>esset</strong></span> <span class='ocrx_word' id='word_1_389' title='bbox 1816 3093 2025 3156; x_wconf 88' lang='lat' dir='ltr'><strong>beatus</strong></span> 
     </span>
    </p>
   </div>
   <div class='ocr_carea' id='block_1_54' title="bbox 2104 2815 3755 2902">
    <p class='ocr_par' dir='ltr' id='par_1_54' title="bbox 2104 2815 3755 2902">
     <span class='ocr_line' id='line_1_54' title="bbox 2104 2815 3755 2902; baseline -0.005 -21"><span class='ocrx_word' id='word_1_390' title='bbox 2104 2830 2198 2881; x_wconf 78' lang='grc' dir='ltr'>τοῦ</span> <span class='ocrx_word' id='word_1_391' title='bbox 2256 2821 2610 2902; x_wconf 76' lang='grc' dir='ltr'>φιλοχριστοῦ</span> <span class='ocrx_word' id='word_1_392' title='bbox 2679 2826 2982 2898; x_wconf 78' lang='grc' dir='ltr'>Μαρκιανοῦ</span> <span class='ocrx_word' id='word_1_393' title='bbox 3066 2816 3538 2896; x_wconf 78' lang='grc' dir='ltr'>βεϐασιλευκότος,</span> <span class='ocrx_word' id='word_1_394' title='bbox 3612 2815 3755 2873; x_wconf 60' lang='lat' dir='ltr'><strong>uel-</strong></span> 
     </span>
    </p>
   </div>
   <div class='ocr_carea' id='block_1_55' title="bbox 2102 2906 3755 2991">
    <p class='ocr_par' dir='ltr' id='par_1_55' title="bbox 2102 2906 3755 2991">
     <span class='ocr_line' id='line_1_55' title="bbox 2102 2906 3755 2991; baseline -0.005 -22"><span class='ocrx_word' id='word_1_395' title='bbox 2102 2912 2174 2981; x_wconf 76' lang='grc' dir='ltr'>λὴ</span> <span class='ocrx_word' id='word_1_396' title='bbox 2231 2913 2448 2991; x_wconf 78' lang='grc' dir='ltr'>ταραχὴ</span> <span class='ocrx_word' id='word_1_397' title='bbox 2506 2911 2624 2989; x_wconf 82' lang='grc' dir='ltr'>περὶ</span> <span class='ocrx_word' id='word_1_398' title='bbox 2694 2910 2756 2966; x_wconf 80' lang='grc' dir='ltr'><strong>τό</strong></span> <span class='ocrx_word' id='word_1_399' title='bbox 2842 2909 3014 2988; x_wconf 81' lang='grc' dir='ltr'>δόγμα</span> <span class='ocrx_word' id='word_1_400' title='bbox 3068 2913 3170 2976; x_wconf 80' lang='grc' dir='ltr'>τῆς</span> <span class='ocrx_word' id='word_1_401' title='bbox 3232 2906 3459 2974; x_wconf 76' lang='grc' dir='ltr'>ἀληθοῦς</span> <span class='ocrx_word' id='word_1_402' title='bbox 3516 2907 3755 2969; x_wconf 75' lang='grc' dir='ltr'>πίστεως</span> 
     </span>
    </p>
   </div>
   <div class='ocr_carea' id='block_1_56' title="bbox 2107 2995 3758 3081">
    <p class='ocr_par' dir='ltr' id='par_1_56' title="bbox 2107 2995 3758 3081">
     <span class='ocr_line' id='line_1_56' title="bbox 2107 2995 3758 3081; baseline -0.005 -23"><span class='ocrx_word' id='word_1_403' title='bbox 2107 3002 2341 3081; x_wconf 74' lang='grc' dir='ltr'>ἐγένετο,</span> <span class='ocrx_word' id='word_1_404' title='bbox 2385 3000 2460 3063; x_wconf 85' lang='grc' dir='ltr'>ὠς</span> <span class='ocrx_word' id='word_1_405' title='bbox 2490 3003 2578 3057; x_wconf 81' lang='grc' dir='ltr'><strong>καὶ</strong></span> <span class='ocrx_word' id='word_1_406' title='bbox 2619 3000 2868 3077; x_wconf 73' lang='grc' dir='ltr'>ἀνωτέρω</span> <span class='ocrx_word' id='word_1_407' title='bbox 2923 2998 3270 3075; x_wconf 69' lang='grc' dir='ltr'>ἀνηράήμεθα</span> <span class='ocrx_word' id='word_1_408' title='bbox 3324 2995 3503 3074; x_wconf 74' lang='grc' dir='ltr'>λέγειν</span> <span class='ocrx_word' id='word_1_409' title='bbox 3565 2995 3625 3052; x_wconf 79' lang='grc' dir='ltr'>ἑν</span> <span class='ocrx_word' id='word_1_410' title='bbox 3683 2999 3758 3067; x_wconf 67' lang='grc' dir='ltr'>τῷ</span> 
     </span>
    </p>
   </div>
   <div class='ocr_carea' id='block_1_57' title="bbox 2108 3087 3755 3168">
    <p class='ocr_par' dir='ltr' id='par_1_57' title="bbox 2108 3087 3755 3168">
     <span class='ocr_line' id='line_1_57' title="bbox 2108 3087 3755 3168; baseline -0.004 -21"><span class='ocrx_word' id='word_1_411' title='bbox 2108 3089 2325 3166; x_wconf 81' lang='grc' dir='ltr'>μέλλειν</span> <span class='ocrx_word' id='word_1_412' title='bbox 2374 3090 2466 3145; x_wconf 77' lang='grc' dir='ltr'><strong>τὸν</strong></span> <span class='ocrx_word' id='word_1_413' title='bbox 2525 3091 2785 3168; x_wconf 71' lang='grc' dir='ltr'>μακάριον</span> <span class='ocrx_word' id='word_1_414' title='bbox 2849 3088 3124 3153; x_wconf 79' lang='grc' dir='ltr'>Αὒξέντιον</span> <span class='ocrx_word' id='word_1_415' title='bbox 3200 3088 3590 3166; x_wconf 72' lang='grc' dir='ltr'>ὑπαναχωρεῐν</span> <span class='ocrx_word' id='word_1_416' title='bbox 3650 3087 3755 3141; x_wconf 65' lang='grc' dir='ltr'>τῶν</span> 
     </span>
    </p>
   </div>
   <div class='ocr_carea' id='block_1_58' title="bbox 383 3172 2017 3267">
    <p class='ocr_par' dir='ltr' id='par_1_58' title="bbox 383 3172 2017 3261">
     <span class='ocr_line' id='line_1_58' title="bbox 383 3172 2017 3261; baseline -0.001 -18"><span class='ocrx_word' id='word_1_417' title='bbox 383 3179 726 3243; x_wconf 82' lang='lat' dir='ltr'><strong>Auxentius</strong></span> <span class='ocrx_word' id='word_1_418' title='bbox 746 3197 1103 3243; x_wconf 86' lang='lat' dir='ltr'><strong>recessurus</strong></span> <span class='ocrx_word' id='word_1_419' title='bbox 1125 3172 1360 3245; x_wconf 87' lang='lat' dir='ltr'><strong>arebus</strong></span> <span class='ocrx_word' id='word_1_420' title='bbox 1387 3184 1561 3261; x_wconf 82' lang='lat' dir='ltr'><strong>hujus</strong></span> <span class='ocrx_word' id='word_1_421' title='bbox 1584 3183 1737 3247; x_wconf 72' lang='lat' dir='ltr'><strong>vitm.</strong></span> <span class='ocrx_word' id='word_1_422' title='bbox 1772 3183 2017 3257; x_wconf 83' lang='lat' dir='ltr'><strong>Quidam</strong></span> 
     </span>
    </p>
   </div>
   <div class='ocr_carea' id='block_1_59' title="bbox 2131 3172 3755 3267">
    <p class='ocr_par' dir='ltr' id='par_1_59' title="bbox 2131 3172 3755 3267">
     <span class='ocr_line' id='line_1_59' title="bbox 2131 3172 3755 3267; baseline 0.001 -31"><span class='ocrx_word' id='word_1_423' title='bbox 2131 3182 2382 3237; x_wconf 70' lang='grc' dir='ltr'>Ξιωτικῶν</span> <span class='ocrx_word' id='word_1_424' title='bbox 2436 3178 2791 3256; x_wconf 79' lang='grc' dir='ltr'>πραγμάτων.</span> <span class='ocrx_word' id='word_1_425' title='bbox 2845 3179 3088 3258; x_wconf 78' lang='grc' dir='ltr'>Εὒτυχης</span> <span class='ocrx_word' id='word_1_426' title='bbox 3143 3177 3249 3255; x_wconf 72' lang='grc' dir='ltr'>γήρ</span> <span class='ocrx_word' id='word_1_427' title='bbox 3280 3197 3360 3267; x_wconf 50' lang='grc' dir='ltr'><strong>τες</strong></span> <span class='ocrx_word' id='word_1_428' title='bbox 3391 3172 3755 3267; x_wconf 55' lang='grc' dir='ltr'>πρεσϐύτερος</span> 
     </span>
    </p>
   </div>
   <div class='ocr_carea' id='block_1_60' title="bbox 384 3268 2034 3352">
    <p class='ocr_par' dir='ltr' id='par_1_60' title="bbox 384 3268 2034 3352">
     <span class='ocr_line' id='line_1_60' title="bbox 384 3268 2034 3352; baseline 0.001 -20"><span class='ocrx_word' id='word_1_429' title='bbox 384 3268 546 3332; x_wconf 88' lang='lat' dir='ltr'><strong>enim</strong></span> <span class='ocrx_word' id='word_1_430' title='bbox 588 3269 887 3351; x_wconf 77' lang='lat' dir='ltr'><strong>Eutycbes</strong></span> <span class='ocrx_word' id='word_1_431' title='bbox 925 3270 1231 3352; x_wconf 79' lang='lat' dir='ltr'><strong>presbyter</strong></span> <span class='ocrx_word' id='word_1_432' title='bbox 1269 3280 1328 3334; x_wconf 91' lang='lat' dir='ltr'><strong>et</strong></span> <span class='ocrx_word' id='word_1_433' title='bbox 1366 3272 1833 3336; x_wconf 81' lang='lat' dir='ltr'><strong>archimandrita</strong></span> <span class='ocrx_word' id='word_1_434' title='bbox 1856 3272 2034 3334; x_wconf 89' lang='lat' dir='ltr'><strong>unius</strong></span> 
     </span>
    </p>
   </div>
   <div class='ocr_carea' id='block_1_61' title="bbox 386 3359 2034 3440">
    <p class='ocr_par' dir='ltr' id='par_1_61' title="bbox 386 3359 2034 3440">
     <span class='ocr_line' id='line_1_61' title="bbox 386 3359 2034 3440; baseline 0.002 -20"><span class='ocrx_word' id='word_1_435' title='bbox 386 3376 456 3420; x_wconf 84' lang='lat' dir='ltr'><strong>ex</strong></span> <span class='ocrx_word' id='word_1_436' title='bbox 483 3360 869 3421; x_wconf 77' lang='lat' dir='ltr'><strong>monasteriis</strong></span> <span class='ocrx_word' id='word_1_437' title='bbox 890 3359 1053 3421; x_wconf 89' lang='lat' dir='ltr'><strong>urbis</strong></span> <span class='ocrx_word' id='word_1_438' title='bbox 1070 3359 1610 3440; x_wconf 73' lang='lat' dir='ltr'><strong>regiae,conabatur</strong></span> <span class='ocrx_word' id='word_1_439' title='bbox 1623 3380 1911 3425; x_wconf 84' lang='lat' dir='ltr'><strong>renovare</strong></span> <span class='ocrx_word' id='word_1_440' title='bbox 1935 3363 2034 3424; x_wconf 93' lang='lat' dir='ltr'><strong>de-</strong></span> 
     </span>
    </p>
   </div>
   <div class='ocr_carea' id='block_1_62' title="bbox 390 3450 2027 3523">
    <p class='ocr_par' dir='ltr' id='par_1_62' title="bbox 390 3450 2027 3523">
     <span class='ocr_line' id='line_1_62' title="bbox 390 3450 2027 3523; baseline 0.002 -16"><span class='ocrx_word' id='word_1_441' title='bbox 390 3450 698 3509; x_wconf 85' lang='lat' dir='ltr'><strong>liramenta</strong></span> <span class='ocrx_word' id='word_1_442' title='bbox 723 3461 781 3509; x_wconf 90' lang='lat' dir='ltr'><strong>et</strong></span> <span class='ocrx_word' id='word_1_443' title='bbox 799 3453 966 3510; x_wconf 86' lang='lat' dir='ltr'><strong>verba</strong></span> <span class='ocrx_word' id='word_1_444' title='bbox 994 3468 1125 3523; x_wconf 63' lang='lat' dir='ltr'><strong>quae</strong></span> <span class='ocrx_word' id='word_1_445' title='bbox 1145 3455 1373 3511; x_wconf 77' lang='lat' dir='ltr'><strong>fuerant</strong></span> <span class='ocrx_word' id='word_1_446' title='bbox 1396 3456 1635 3512; x_wconf 73' lang='lat' dir='ltr'><strong>reiutata</strong></span> <span class='ocrx_word' id='word_1_447' title='bbox 1658 3465 1715 3512; x_wconf 90' lang='lat' dir='ltr'><strong>et</strong></span> <span class='ocrx_word' id='word_1_448' title='bbox 1754 3456 1962 3514; x_wconf 83' lang='lat' dir='ltr'><strong>abolita</strong></span> <span class='ocrx_word' id='word_1_449' title='bbox 2001 3472 2027 3511; x_wconf 74' lang='grc' dir='ltr'><strong>ο</strong></span> 
     </span>
    </p>
   </div>
   <div class='ocr_carea' id='block_1_63' title="bbox 387 3533 2030 3618">
    <p class='ocr_par' dir='ltr' id='par_1_63' title="bbox 387 3533 2030 3618">
     <span class='ocr_line' id='line_1_63' title="bbox 387 3533 2030 3618; baseline 0.002 -20"><span class='ocrx_word' id='word_1_450' title='bbox 387 3542 608 3598; x_wconf 65' lang='lat' dir='ltr'><strong>sancta</strong></span> <span class='ocrx_word' id='word_1_451' title='bbox 629 3541 690 3596; x_wconf 90' lang='lat' dir='ltr'><strong>et</strong></span> <span class='ocrx_word' id='word_1_452' title='bbox 712 3533 903 3599; x_wconf 73' lang='lat' dir='ltr'><strong>beataa</strong></span> <span class='ocrx_word' id='word_1_453' title='bbox 929 3543 1235 3598; x_wconf 69' lang='lat' dir='ltr'><strong>memoriae</strong></span> <span class='ocrx_word' id='word_1_454' title='bbox 1258 3538 1578 3618; x_wconf 83' lang='lat' dir='ltr'><strong>episcopis,</strong></span> <span class='ocrx_word' id='word_1_455' title='bbox 1605 3557 1639 3599; x_wconf 90' lang='lat' dir='ltr'><strong>a</strong></span> <span class='ocrx_word' id='word_1_456' title='bbox 1656 3538 1894 3613; x_wconf 84' lang='lat' dir='ltr'><strong>Basilio,</strong></span> <span class='ocrx_word' id='word_1_457' title='bbox 1933 3539 2030 3601; x_wconf 89' lang='lat' dir='ltr'><strong>in-</strong></span> 
     </span>
    </p>
   </div>
   <div class='ocr_carea' id='block_1_64' title="bbox 390 3623 2030 3704">
    <p class='ocr_par' dir='ltr' id='par_1_64' title="bbox 390 3623 2030 3704">
     <span class='ocr_line' id='line_1_64' title="bbox 390 3623 2030 3704; baseline 0.004 -20"><span class='ocrx_word' id='word_1_458' title='bbox 390 3640 818 3703; x_wconf 80' lang='lat' dir='ltr'><strong>quam,megno</strong></span> <span class='ocrx_word' id='word_1_459' title='bbox 839 3623 1139 3704; x_wconf 83' lang='lat' dir='ltr'><strong>beatoque</strong></span> <span class='ocrx_word' id='word_1_460' title='bbox 1159 3635 1219 3687; x_wconf 88' lang='lat' dir='ltr'><strong>et</strong></span> <span class='ocrx_word' id='word_1_461' title='bbox 1244 3625 1527 3689; x_wconf 91' lang='lat' dir='ltr'><strong>luminari</strong></span> <span class='ocrx_word' id='word_1_462' title='bbox 1550 3627 1714 3689; x_wconf 90' lang='lat' dir='ltr'><strong>orbis</strong></span> <span class='ocrx_word' id='word_1_463' title='bbox 1739 3635 1937 3698; x_wconf 82' lang='lat' dir='ltr'><strong>teme,</strong></span> <span class='ocrx_word' id='word_1_464' title='bbox 1973 3636 2030 3690; x_wconf 83' lang='lat' dir='ltr'><strong>et</strong></span> 
     </span>
    </p>
   </div>
   <div class='ocr_carea' id='block_1_65' title="bbox 392 3711 2027 3798">
    <p class='ocr_par' dir='ltr' id='par_1_65' title="bbox 392 3711 2027 3798">
     <span class='ocr_line' id='line_1_65' title="bbox 392 3711 2027 3798; baseline 0.002 -23"><span class='ocrx_word' id='word_1_465' title='bbox 392 3711 675 3792; x_wconf 73' lang='lat' dir='ltr'><strong>Gregorio</strong></span> <span class='ocrx_word' id='word_1_466' title='bbox 697 3712 917 3793; x_wconf 80' lang='lat' dir='ltr'><strong>inclyto</strong></span> <span class='ocrx_word' id='word_1_467' title='bbox 941 3714 1315 3792; x_wconf 78' lang='lat' dir='ltr'><strong>theologo,et</strong></span> <span class='ocrx_word' id='word_1_468' title='bbox 1330 3713 1562 3778; x_wconf 88' lang='lat' dir='ltr'><strong>Joanne</strong></span> <span class='ocrx_word' id='word_1_469' title='bbox 1583 3715 2027 3798; x_wconf 83' lang='lat' dir='ltr'><strong>Chrysostomo,</strong></span> 
     </span>
    </p>
   </div>
   <div class='ocr_carea' id='block_1_66' title="bbox 393 3800 2030 3884">
    <p class='ocr_par' dir='ltr' id='par_1_66' title="bbox 393 3800 2030 3884">
     <span class='ocr_line' id='line_1_66' title="bbox 393 3800 2030 3884; baseline 0.002 -22"><span class='ocrx_word' id='word_1_470' title='bbox 393 3808 454 3862; x_wconf 84' lang='lat' dir='ltr'><strong>et</strong></span> <span class='ocrx_word' id='word_1_471' title='bbox 475 3800 549 3862; x_wconf 90' lang='lat' dir='ltr'><strong>iis</strong></span> <span class='ocrx_word' id='word_1_472' title='bbox 580 3801 904 3866; x_wconf 88' lang='lat' dir='ltr'><strong>similibus.</strong></span> <span class='ocrx_word' id='word_1_473' title='bbox 932 3800 1077 3865; x_wconf 83' lang='lat' dir='ltr'><strong>Cum</strong></span> <span class='ocrx_word' id='word_1_474' title='bbox 1102 3820 1242 3880; x_wconf 83' lang='lat' dir='ltr'><strong>ergo</strong></span> <span class='ocrx_word' id='word_1_475' title='bbox 1266 3802 1369 3867; x_wconf 87' lang='lat' dir='ltr'><strong>alii</strong></span> <span class='ocrx_word' id='word_1_476' title='bbox 1392 3804 1633 3883; x_wconf 87' lang='lat' dir='ltr'><strong>quidem</strong></span> <span class='ocrx_word' id='word_1_477' title='bbox 1661 3805 1795 3884; x_wconf 88' lang='lat' dir='ltr'><strong>ejus</strong></span> <span class='ocrx_word' id='word_1_478' title='bbox 1816 3804 2030 3883; x_wconf 88' lang='lat' dir='ltr'><strong>dogma</strong></span> 
     </span>
    </p>
   </div>
   <div class='ocr_carea' id='block_1_67' title="bbox 393 3891 2029 3972">
    <p class='ocr_par' dir='ltr' id='par_1_67' title="bbox 393 3891 2029 3972">
     <span class='ocr_line' id='line_1_67' title="bbox 393 3891 2029 3972; baseline 0.002 -19"><span class='ocrx_word' id='word_1_479' title='bbox 393 3898 823 3969; x_wconf 88' lang='lat' dir='ltr'><strong>sequerentur,</strong></span> <span class='ocrx_word' id='word_1_480' title='bbox 843 3891 940 3953; x_wconf 90' lang='lat' dir='ltr'><strong>alii</strong></span> <span class='ocrx_word' id='word_1_481' title='bbox 972 3909 1112 3952; x_wconf 91' lang='lat' dir='ltr'><strong>vero</strong></span> <span class='ocrx_word' id='word_1_482' title='bbox 1145 3892 1351 3953; x_wconf 89' lang='lat' dir='ltr'><strong>eadem</strong></span> <span class='ocrx_word' id='word_1_483' title='bbox 1386 3893 1683 3955; x_wconf 89' lang='lat' dir='ltr'><strong>sentirent</strong></span> <span class='ocrx_word' id='word_1_484' title='bbox 1713 3912 1844 3972; x_wconf 66' lang='lat' dir='ltr'><strong>quae</strong></span> <span class='ocrx_word' id='word_1_485' title='bbox 1872 3894 2029 3956; x_wconf 88' lang='lat' dir='ltr'><strong>Nes-</strong></span> 
     </span>
    </p>
   </div>
   <div class='ocr_carea' id='block_1_68' title="bbox 396 3978 2031 4061">
    <p class='ocr_par' dir='ltr' id='par_1_68' title="bbox 396 3978 2031 4061">
     <span class='ocr_line' id='line_1_68' title="bbox 396 3978 2031 4061; baseline 0 -18"><span class='ocrx_word' id='word_1_486' title='bbox 396 3978 843 4050; x_wconf 85' lang='lat' dir='ltr'><strong>torius.adeout</strong></span> <span class='ocrx_word' id='word_1_487' title='bbox 864 3980 1139 4042; x_wconf 84' lang='lat' dir='ltr'><strong>venirent</strong></span> <span class='ocrx_word' id='word_1_488' title='bbox 1160 3980 1220 4041; x_wconf 93' lang='lat' dir='ltr'><strong>in</strong></span> <span class='ocrx_word' id='word_1_489' title='bbox 1244 3981 1571 4061; x_wconf 87' lang='lat' dir='ltr'><strong>periculum</strong></span> <span class='ocrx_word' id='word_1_490' title='bbox 1597 3983 1871 4061; x_wconf 81' lang='lat' dir='ltr'><strong>dogmata</strong></span> <span class='ocrx_word' id='word_1_491' title='bbox 1897 3984 2031 4045; x_wconf 82' lang='lat' dir='ltr'><strong>ﬁdei</strong></span> 
     </span>
    </p>
   </div>
   <div class='ocr_carea' id='block_1_69' title="bbox 394 4070 2034 4153">
    <p class='ocr_par' dir='ltr' id='par_1_69' title="bbox 394 4070 2034 4153">
     <span class='ocr_line' id='line_1_69' title="bbox 394 4070 2034 4153; baseline 0.001 -20"><span class='ocrx_word' id='word_1_492' title='bbox 394 4070 732 4144; x_wconf 75' lang='lat' dir='ltr'><strong>catholicae,</strong></span> <span class='ocrx_word' id='word_1_493' title='bbox 760 4070 968 4133; x_wconf 91' lang='lat' dir='ltr'><strong>videns</strong></span> <span class='ocrx_word' id='word_1_494' title='bbox 1000 4088 1250 4150; x_wconf 81' lang='lat' dir='ltr'><strong>magnus</strong></span> <span class='ocrx_word' id='word_1_495' title='bbox 1278 4078 1336 4131; x_wconf 90' lang='lat' dir='ltr'><strong>et</strong></span> <span class='ocrx_word' id='word_1_496' title='bbox 1368 4072 1745 4133; x_wconf 82' lang='lat' dir='ltr'><strong>orthodoxus</strong></span> <span class='ocrx_word' id='word_1_497' title='bbox 1780 4075 2034 4153; x_wconf 88' lang='lat' dir='ltr'><strong>impera-</strong></span> 
     </span>
    </p>
   </div>
   <div class='ocr_carea' id='block_1_70' title="bbox 395 4159 2036 4240">
    <p class='ocr_par' dir='ltr' id='par_1_70' title="bbox 395 4159 2036 4240">
     <span class='ocr_line' id='line_1_70' title="bbox 395 4159 2036 4240; baseline 0 -16"><span class='ocrx_word' id='word_1_498' title='bbox 395 4169 490 4224; x_wconf 89' lang='lat' dir='ltr'><strong>tor</strong></span> <span class='ocrx_word' id='word_1_499' title='bbox 518 4159 850 4225; x_wconf 78' lang='lat' dir='ltr'><strong>Marcianus</strong></span> <span class='ocrx_word' id='word_1_500' title='bbox 882 4159 1216 4223; x_wconf 81' lang='lat' dir='ltr'><strong>Ecclesiam</strong></span> <span class='ocrx_word' id='word_1_501' title='bbox 1250 4161 1312 4221; x_wconf 92' lang='lat' dir='ltr'><strong>in</strong></span> <span class='ocrx_word' id='word_1_502' title='bbox 1347 4178 1559 4240; x_wconf 83' lang='lat' dir='ltr'><strong>magna</strong></span> <span class='ocrx_word' id='word_1_503' title='bbox 1590 4162 1941 4224; x_wconf 83' lang='lat' dir='ltr'><strong>confusione</strong></span> <span class='ocrx_word' id='word_1_504' title='bbox 1974 4171 2036 4224; x_wconf 85' lang='lat' dir='ltr'><strong>et</strong></span> 
     </span>
    </p>
   </div>
   <div class='ocr_carea' id='block_1_71' title="bbox 2116 3264 3757 3349">
    <p class='ocr_par' dir='ltr' id='par_1_71' title="bbox 2116 3264 3757 3349">
     <span class='ocr_line' id='line_1_71' title="bbox 2116 3264 3757 3349; baseline -0.004 -23"><span class='ocrx_word' id='word_1_505' title='bbox 2116 3271 2201 3326; x_wconf 80' lang='grc' dir='ltr'><strong>καὶ</strong></span> <span class='ocrx_word' id='word_1_506' title='bbox 2240 3267 2663 3349; x_wconf 81' lang='grc' dir='ltr'>ἀρχιμανδρίτης</span> <span class='ocrx_word' id='word_1_507' title='bbox 2707 3269 2826 3333; x_wconf 76' lang='grc' dir='ltr'>ἐνὸς</span> <span class='ocrx_word' id='word_1_508' title='bbox 2867 3270 2975 3325; x_wconf 79' lang='grc' dir='ltr'>τῶν</span> <span class='ocrx_word' id='word_1_509' title='bbox 3019 3266 3391 3341; x_wconf 79' lang='grc' dir='ltr'>μοναστηρίων</span> <span class='ocrx_word' id='word_1_510' title='bbox 3436 3264 3536 3332; x_wconf 75' lang='grc' dir='ltr'><strong>τῆς</strong></span> <span class='ocrx_word' id='word_1_511' title='bbox 3595 3266 3757 3341; x_wconf 77' lang='grc' dir='ltr'>βασι·</span> 
     </span>
    </p>
   </div>
   <div class='ocr_carea' id='block_1_72' title="bbox 2114 3355 3760 3436">
    <p class='ocr_par' dir='ltr' id='par_1_72' title="bbox 2114 3355 3760 3436">
     <span class='ocr_line' id='line_1_72' title="bbox 2114 3355 3760 3436; baseline -0.005 -21"><span class='ocrx_word' id='word_1_512' title='bbox 2114 3358 2372 3426; x_wconf 71' lang='grc' dir='ltr'>λευοέσης</span> <span class='ocrx_word' id='word_1_513' title='bbox 2403 3359 2469 3415; x_wconf 75' lang='grc' dir='ltr'>τὰ</span> <span class='ocrx_word' id='word_1_514' title='bbox 2517 3357 2885 3436; x_wconf 82' lang='grc' dir='ltr'>Ἀπολιναρίου</span> <span class='ocrx_word' id='word_1_515' title='bbox 2936 3358 3397 3436; x_wconf 78' lang='grc' dir='ltr'>παραφρονήματα</span> <span class='ocrx_word' id='word_1_516' title='bbox 3454 3355 3524 3411; x_wconf 75' lang='grc' dir='ltr'>τὰ</span> <span class='ocrx_word' id='word_1_517' title='bbox 3589 3355 3760 3411; x_wconf 77' lang='grc' dir='ltr'>πάλαι</span> 
     </span>
    </p>
   </div>
   <div class='ocr_carea' id='block_1_73' title="bbox 2115 3443 3761 3527">
    <p class='ocr_par' dir='ltr' id='par_1_73' title="bbox 2115 3443 3761 3527">
     <span class='ocr_line' id='line_1_73' title="bbox 2115 3443 3761 3527; baseline -0.003 -23"><span class='ocrx_word' id='word_1_518' title='bbox 2115 3449 2500 3527; x_wconf 82' lang='grc' dir='ltr'>κατηργημὲνα</span> <span class='ocrx_word' id='word_1_519' title='bbox 2554 3449 2655 3505; x_wconf 79' lang='grc' dir='ltr'><strong>ὑπὸ</strong></span> <span class='ocrx_word' id='word_1_520' title='bbox 2705 3453 2813 3504; x_wconf 84' lang='grc' dir='ltr'>τῶν</span> <span class='ocrx_word' id='word_1_521' title='bbox 2870 3448 2971 3514; x_wconf 71' lang='grc' dir='ltr'><strong>τὴν</strong></span> <span class='ocrx_word' id='word_1_522' title='bbox 3026 3449 3175 3504; x_wconf 72' lang='grc' dir='ltr'>ὁσίαν</span> <span class='ocrx_word' id='word_1_523' title='bbox 3231 3446 3451 3521; x_wconf 80' lang='grc' dir='ltr'>μνήμην</span> <span class='ocrx_word' id='word_1_524' title='bbox 3510 3443 3761 3523; x_wconf 59' lang='lat'><strong>05091.1:-</strong></span> 
     </span>
    </p>
   </div>
   <div class='ocr_carea' id='block_1_74' title="bbox 2114 3535 3760 3613">
    <p class='ocr_par' dir='ltr' id='par_1_74' title="bbox 2114 3535 3760 3613">
     <span class='ocr_line' id='line_1_74' title="bbox 2114 3535 3760 3613; baseline -0.004 -19"><span class='ocrx_word' id='word_1_525' title='bbox 2114 3538 2321 3595; x_wconf 85' lang='grc' dir='ltr'>στοίτων</span> <span class='ocrx_word' id='word_1_526' title='bbox 2371 3537 2703 3613; x_wconf 84' lang='grc' dir='ltr'>ἐπισκόπων,</span> <span class='ocrx_word' id='word_1_527' title='bbox 2761 3535 3039 3594; x_wconf 82' lang='grc' dir='ltr'>Βασιλείου</span> <span class='ocrx_word' id='word_1_528' title='bbox 3088 3558 3146 3593; x_wconf 90' lang='grc' dir='ltr'><strong>τε</strong></span> <span class='ocrx_word' id='word_1_529' title='bbox 3189 3537 3278 3592; x_wconf 81' lang='grc' dir='ltr'><strong>καὶ</strong></span> <span class='ocrx_word' id='word_1_530' title='bbox 3310 3536 3640 3612; x_wconf 79' lang='grc' dir='ltr'>Γγηγορὶου,</span> <span class='ocrx_word' id='word_1_531' title='bbox 3670 3535 3760 3589; x_wconf 77' lang='grc' dir='ltr'>καὶ</span> 
     </span>
    </p>
   </div>
   <div class='ocr_carea' id='block_1_75' title="bbox 2114 3623 3757 3704">
    <p class='ocr_par' dir='ltr' id='par_1_75' title="bbox 2114 3623 3757 3704">
     <span class='ocr_line' id='line_1_75' title="bbox 2114 3623 3757 3704; baseline -0.004 -20"><span class='ocrx_word' id='word_1_532' title='bbox 2114 3635 2219 3685; x_wconf 83' lang='grc' dir='ltr'><strong>τῶν</strong></span> <span class='ocrx_word' id='word_1_533' title='bbox 2276 3626 2393 3683; x_wconf 80' lang='grc' dir='ltr'>κατ’</span> <span class='ocrx_word' id='word_1_534' title='bbox 2452 3627 2637 3691; x_wconf 77' lang='grc' dir='ltr'>αὐτοὺς</span> <span class='ocrx_word' id='word_1_535' title='bbox 2712 3626 3062 3697; x_wconf 76' lang='grc' dir='ltr'>ἀνακαινίζειν</span> <span class='ocrx_word' id='word_1_536' title='bbox 3122 3625 3415 3704; x_wconf 71' lang='grc' dir='ltr'>ἐπιχειρεῖ.</span> <span class='ocrx_word' id='word_1_537' title='bbox 3477 3625 3599 3682; x_wconf 72' lang='grc' dir='ltr'><strong>Τῶν</strong></span> <span class='ocrx_word' id='word_1_538' title='bbox 3657 3623 3757 3698; x_wconf 69' lang='grc' dir='ltr'><strong>μὶν</strong></span> 
     </span>
    </p>
   </div>
   <div class='ocr_carea' id='block_1_76' title="bbox 2114 3713 3755 3792">
    <p class='ocr_par' dir='ltr' id='par_1_76' title="bbox 2114 3713 3755 3792">
     <span class='ocr_line' id='line_1_76' title="bbox 2114 3713 3755 3792; baseline -0.004 -18"><span class='ocrx_word' id='word_1_539' title='bbox 2114 3718 2203 3774; x_wconf 72' lang='grc' dir='ltr'><strong>οὖν</strong></span> <span class='ocrx_word' id='word_1_540' title='bbox 2241 3717 2308 3773; x_wconf 81' lang='grc' dir='ltr'>τὰ</span> <span class='ocrx_word' id='word_1_541' title='bbox 2363 3717 2550 3773; x_wconf 73' lang='grc' dir='ltr'>τούτου</span> <span class='ocrx_word' id='word_1_542' title='bbox 2593 3715 2893 3790; x_wconf 78' lang='grc' dir='ltr'>ἑπομένων,</span> <span class='ocrx_word' id='word_1_543' title='bbox 2924 3722 3031 3773; x_wconf 83' lang='grc' dir='ltr'>τῶν</span> <span class='ocrx_word' id='word_1_544' title='bbox 3060 3713 3117 3771; x_wconf 77' lang='grc' dir='ltr'><strong>δὲ</strong></span> <span class='ocrx_word' id='word_1_545' title='bbox 3150 3714 3219 3780; x_wconf 81' lang='grc' dir='ltr'>τὴ</span> <span class='ocrx_word' id='word_1_546' title='bbox 3271 3713 3558 3790; x_wconf 78' lang='grc' dir='ltr'>Νεστορίου</span> <span class='ocrx_word' id='word_1_547' title='bbox 3619 3734 3755 3792; x_wconf 67' lang='grc' dir='ltr'>φρο-</span> 
     </span>
    </p>
   </div>
   <div class='ocr_carea' id='block_1_77' title="bbox 2112 3803 3753 3881">
    <p class='ocr_par' dir='ltr' id='par_1_77' title="bbox 2112 3803 3753 3881">
     <span class='ocr_line' id='line_1_77' title="bbox 2112 3803 3753 3881; baseline -0.003 -19"><span class='ocrx_word' id='word_1_548' title='bbox 2112 3809 2367 3881; x_wconf 82' lang='grc' dir='ltr'>νούντων,</span> <span class='ocrx_word' id='word_1_549' title='bbox 2424 3808 2497 3872; x_wconf 85' lang='grc' dir='ltr'>ὡς</span> <span class='ocrx_word' id='word_1_550' title='bbox 2544 3806 2861 3864; x_wconf 69' lang='grc' dir='ltr'>κινδυνεύειν</span> <span class='ocrx_word' id='word_1_551' title='bbox 2903 3805 2990 3862; x_wconf 81' lang='grc' dir='ltr'><strong>ἐπὶ</strong></span> <span class='ocrx_word' id='word_1_552' title='bbox 3044 3806 3112 3861; x_wconf 79' lang='grc' dir='ltr'>τὰ</span> <span class='ocrx_word' id='word_1_553' title='bbox 3167 3809 3269 3871; x_wconf 75' lang='grc' dir='ltr'>τῆς</span> <span class='ocrx_word' id='word_1_554' title='bbox 3328 3803 3629 3868; x_wconf 71' lang='grc' dir='ltr'>καθολικῖκ</span> <span class='ocrx_word' id='word_1_555' title='bbox 3673 3805 3753 3857; x_wconf 67' lang='grc' dir='ltr'><strong>πίε</strong></span> 
     </span>
    </p>
   </div>
   <div class='ocr_carea' id='block_1_78' title="bbox 2113 3891 3757 3975">
    <p class='ocr_par' dir='ltr' id='par_1_78' title="bbox 2113 3891 3757 3975">
     <span class='ocr_line' id='line_1_78' title="bbox 2113 3891 3757 3975; baseline -0.004 -21"><span class='ocrx_word' id='word_1_556' title='bbox 2113 3918 2280 3960; x_wconf 88' lang='grc' dir='ltr'>στεως</span> <span class='ocrx_word' id='word_1_557' title='bbox 2337 3894 2701 3973; x_wconf 21' lang='grc' dir='ltr'>δόγματαηκαὶ</span> <span class='ocrx_word' id='word_1_558' title='bbox 2747 3895 2801 3951; x_wconf 87' lang='grc' dir='ltr'><strong>ἐν</strong></span> <span class='ocrx_word' id='word_1_559' title='bbox 2831 3897 3087 3975; x_wconf 75' lang='grc' dir='ltr'>σῦγχύσει</span> <span class='ocrx_word' id='word_1_560' title='bbox 3120 3892 3297 3967; x_wconf 79' lang='grc' dir='ltr'>πολλῇ</span> <span class='ocrx_word' id='word_1_561' title='bbox 3352 3894 3455 3956; x_wconf 71' lang='grc' dir='ltr'><strong>τὴν</strong></span> <span class='ocrx_word' id='word_1_562' title='bbox 3514 3891 3757 3958; x_wconf 75' lang='grc' dir='ltr'>Ἐκκλη-</span> 
     </span>
    </p>
   </div>
   <div class='ocr_carea' id='block_1_79' title="bbox 2115 3982 3754 4065">
    <p class='ocr_par' dir='ltr' id='par_1_79' title="bbox 2115 3982 3754 4065">
     <span class='ocr_line' id='line_1_79' title="bbox 2115 3982 3754 4065; baseline -0.003 -23"><span class='ocrx_word' id='word_1_563' title='bbox 2115 3988 2230 4042; x_wconf 85' lang='grc' dir='ltr'>σίαν</span> <span class='ocrx_word' id='word_1_564' title='bbox 2274 3987 2424 4065; x_wconf 76' lang='grc' dir='ltr'>ὃρᾷν,</span> <span class='ocrx_word' id='word_1_565' title='bbox 2476 3990 2503 4041; x_wconf 85' lang='grc' dir='ltr'>ὁ</span> <span class='ocrx_word' id='word_1_566' title='bbox 2542 3984 2596 4041; x_wconf 75' lang='grc' dir='ltr'><strong>δὲ</strong></span> <span class='ocrx_word' id='word_1_567' title='bbox 2638 3983 2885 4062; x_wconf 83' lang='grc' dir='ltr'>βασιλεὺς</span> <span class='ocrx_word' id='word_1_568' title='bbox 2931 3986 3163 4055; x_wconf 76' lang='grc' dir='ltr'>θεσπίζει</span> <span class='ocrx_word' id='word_1_569' title='bbox 3207 3986 3327 4048; x_wconf 81' lang='grc' dir='ltr'>τοὺς</span> <span class='ocrx_word' id='word_1_570' title='bbox 3362 3983 3463 4049; x_wconf 77' lang='grc' dir='ltr'>τῆς</span> <span class='ocrx_word' id='word_1_571' title='bbox 3502 3982 3754 4055; x_wconf 75' lang='grc' dir='ltr'>οἰκουμέ-</span> 
     </span>
    </p>
   </div>
   <div class='ocr_carea' id='block_1_80' title="bbox 2115 4072 3752 4155">
    <p class='ocr_par' dir='ltr' id='par_1_80' title="bbox 2115 4072 3752 4155">
     <span class='ocr_line' id='line_1_80' title="bbox 2115 4072 3752 4155; baseline -0.003 -23"><span class='ocrx_word' id='word_1_572' title='bbox 2115 4098 2212 4143; x_wconf 91' lang='grc' dir='ltr'><strong>νης</strong></span> <span class='ocrx_word' id='word_1_573' title='bbox 2293 4073 2489 4155; x_wconf 77' lang='grc' dir='ltr'>σχεδὸν</span> <span class='ocrx_word' id='word_1_574' title='bbox 2573 4075 2787 4140; x_wconf 78' lang='grc' dir='ltr'>ἀπάσης</span> <span class='ocrx_word' id='word_1_575' title='bbox 2880 4073 3318 4152; x_wconf 78' lang='grc' dir='ltr'>θεοφιλεστάτους</span> <span class='ocrx_word' id='word_1_576' title='bbox 3425 4072 3752 4134; x_wconf 75' lang='grc' dir='ltr'>ἐπισκόπους</span> 
     </span>
    </p>
   </div>
   <div class='ocr_carea' id='block_1_81' title="bbox 2116 4162 3561 4243">
    <p class='ocr_par' dir='ltr' id='par_1_81' title="bbox 2116 4162 3561 4243">
     <span class='ocr_line' id='line_1_81' title="bbox 2116 4162 3561 4243; baseline -0.002 -21"><span class='ocrx_word' id='word_1_577' title='bbox 2116 4166 2420 4233; x_wconf 72' lang='grc' dir='ltr'>ἀπαντῆσαι</span> <span class='ocrx_word' id='word_1_578' title='bbox 2452 4164 2505 4221; x_wconf 83' lang='grc' dir='ltr'><strong>ἐν</strong></span> <span class='ocrx_word' id='word_1_579' title='bbox 2539 4164 2866 4243; x_wconf 79' lang='grc' dir='ltr'>Καλχηδόνι,</span> <span class='ocrx_word' id='word_1_580' title='bbox 2899 4162 3137 4242; x_wconf 75' lang='grc' dir='ltr'>πολίχνῃ</span> <span class='ocrx_word' id='word_1_581' title='bbox 3164 4169 3263 4230; x_wconf 79' lang='grc' dir='ltr'>τῆς</span> <span class='ocrx_word' id='word_1_582' title='bbox 3291 4162 3561 4224; x_wconf 75' lang='grc' dir='ltr'>Βιθυνίας.</span> 
     </span>
    </p>
   </div>
   <div class='ocr_carea' id='block_1_82' title="bbox 398 4257 3757 4341">
    <p class='ocr_par' dir='ltr' id='par_1_82' title="bbox 398 4257 3757 4341">
     <span class='ocr_line' id='line_1_82' title="bbox 398 4257 3757 4341; baseline -0.001 -20"><span class='ocrx_word' id='word_1_583' title='bbox 398 4259 875 4341; x_wconf 85' lang='lat' dir='ltr'><strong>perturbatione,</strong></span> <span class='ocrx_word' id='word_1_584' title='bbox 910 4258 1181 4321; x_wconf 89' lang='lat' dir='ltr'><strong>decernit</strong></span> <span class='ocrx_word' id='word_1_585' title='bbox 1229 4268 1294 4319; x_wconf 89' lang='lat' dir='ltr'><strong>ut</strong></span> <span class='ocrx_word' id='word_1_586' title='bbox 1324 4259 1589 4341; x_wconf 90' lang='lat' dir='ltr'><strong>episcopi</strong></span> <span class='ocrx_word' id='word_1_587' title='bbox 1644 4263 1822 4322; x_wconf 80' lang='lat' dir='ltr'><strong>totius</strong></span> <span class='ocrx_word' id='word_1_588' title='bbox 1855 4261 1983 4322; x_wconf 84' lang='lat' dir='ltr'><strong>fere</strong></span> <span class='ocrx_word' id='word_1_589' title='bbox 2034 4260 2203 4325; x_wconf 87' lang='lat' dir='ltr'><strong>orbis</strong></span> <span class='ocrx_word' id='word_1_590' title='bbox 2243 4271 2417 4326; x_wconf 68' lang='lat' dir='ltr'><strong>terra:</strong></span> <span class='ocrx_word' id='word_1_591' title='bbox 2495 4263 2771 4325; x_wconf 89' lang='lat' dir='ltr'><strong>venirent</strong></span> <span class='ocrx_word' id='word_1_592' title='bbox 2821 4261 3285 4333; x_wconf 85' lang='lat' dir='ltr'><strong>Cbalcedonem,</strong></span> <span class='ocrx_word' id='word_1_593' title='bbox 3327 4260 3627 4322; x_wconf 83' lang='lat' dir='ltr'><strong>civitatem</strong></span> <span class='ocrx_word' id='word_1_594' title='bbox 3661 4257 3757 4321; x_wconf 84' lang='lat' dir='ltr'><strong>Bi-</strong></span> 
     </span>
    </p>
   </div>
   <div class='ocr_carea' id='block_1_83' title="bbox 404 4349 651 4429">
    <p class='ocr_par' dir='ltr' id='par_1_83' title="bbox 404 4349 651 4429">
     <span class='ocr_line' id='line_1_83' title="bbox 404 4349 651 4429; baseline -0.008 -17"><span class='ocrx_word' id='word_1_595' title='bbox 404 4349 651 4429; x_wconf 66' lang='lat' dir='ltr'><strong>thynim.</strong></span> 
     </span>
    </p>
   </div>
   <div class='ocr_carea' id='block_1_84' title="bbox 477 4424 2017 4521">
    <p class='ocr_par' dir='ltr' id='par_1_84' title="bbox 477 4424 2008 4521">
     <span class='ocr_line' id='line_1_84' title="bbox 477 4424 2008 4521; baseline 0.001 -21"><span class='ocrx_word' id='word_1_596' title='bbox 477 4424 685 4500; x_wconf 64' lang='lat' dir='ltr'><strong>XXIII.</strong></span> <span class='ocrx_word' id='word_1_597' title='bbox 705 4437 850 4500; x_wconf 88' lang='lat' dir='ltr'><strong>Cum</strong></span> <span class='ocrx_word' id='word_1_598' title='bbox 881 4456 1093 4501; x_wconf 90' lang='lat' dir='ltr'><strong>omnes</strong></span> <span class='ocrx_word' id='word_1_599' title='bbox 1115 4455 1257 4517; x_wconf 82' lang='lat' dir='ltr'><strong>ergo</strong></span> <span class='ocrx_word' id='word_1_600' title='bbox 1290 4440 1714 4502; x_wconf 83' lang='lat' dir='ltr'><strong>convenissent</strong></span> <span class='ocrx_word' id='word_1_601' title='bbox 1742 4440 2008 4521; x_wconf 87' lang='lat' dir='ltr'><strong>episcopi</strong></span> 
     </span>
    </p>
   </div>
   <div class='ocr_carea' id='block_1_85' title="bbox 2131 4424 3751 4521">
    <p class='ocr_par' dir='ltr' id='par_1_85' title="bbox 2205 4440 3751 4516">
     <span class='ocr_line' id='line_1_85' title="bbox 2205 4440 3751 4516; baseline -0.003 -14"><span class='ocrx_word' id='word_1_602' title='bbox 2205 4442 2331 4502; x_wconf 77' lang='lat' dir='ltr'><strong>Kl&quot;.</strong></span> <span class='ocrx_word' id='word_1_603' title='bbox 2366 4443 2584 4500; x_wconf 77' lang='grc' dir='ltr'>Πάντων</span> <span class='ocrx_word' id='word_1_604' title='bbox 2629 4444 2801 4500; x_wconf 88' lang='grc' dir='ltr'>τοίνυν</span> <span class='ocrx_word' id='word_1_605' title='bbox 2834 4440 3289 4515; x_wconf 83' lang='grc' dir='ltr'>συνεληλυθότων,</span> <span class='ocrx_word' id='word_1_606' title='bbox 3338 4441 3428 4498; x_wconf 83' lang='grc' dir='ltr'><strong>καὶ</strong></span> <span class='ocrx_word' id='word_1_607' title='bbox 3456 4441 3554 4496; x_wconf 81' lang='grc' dir='ltr'>τὸν</span> <span class='ocrx_word' id='word_1_608' title='bbox 3582 4442 3751 4516; x_wconf 69' lang='grc' dir='ltr'>μακά-</span> 
     </span>
    </p>
   </div>
   <div class='ocr_carea' id='block_1_86' title="bbox 399 4524 2034 4609">
    <p class='ocr_par' dir='ltr' id='par_1_86' title="bbox 399 4524 2034 4609">
     <span class='ocr_line' id='line_1_86' title="bbox 399 4524 2034 4609; baseline 0.002 -21"><span class='ocrx_word' id='word_1_609' title='bbox 399 4524 550 4588; x_wconf 82' lang='lat' dir='ltr'><strong>adeo</strong></span> <span class='ocrx_word' id='word_1_610' title='bbox 571 4535 638 4589; x_wconf 86' lang='lat' dir='ltr'><strong>ut</strong></span> <span class='ocrx_word' id='word_1_611' title='bbox 660 4535 862 4588; x_wconf 90' lang='lat' dir='ltr'><strong>essent</strong></span> <span class='ocrx_word' id='word_1_612' title='bbox 882 4545 1136 4589; x_wconf 91' lang='lat' dir='ltr'><strong>numero</strong></span> <span class='ocrx_word' id='word_1_613' title='bbox 1160 4529 1428 4592; x_wconf 81' lang='lat' dir='ltr'><strong>sexcenti</strong></span> <span class='ocrx_word' id='word_1_614' title='bbox 1464 4529 2034 4609; x_wconf 79' lang='lat' dir='ltr'><strong>triginta,jusserunt</strong></span> 
     </span>
    </p>
   </div>
   <div class='ocr_carea' id='block_1_87' title="bbox 402 4615 2042 4701">
    <p class='ocr_par' dir='ltr' id='par_1_87' title="bbox 402 4615 2042 4701">
     <span class='ocr_line' id='line_1_87' title="bbox 402 4615 2042 4701; baseline 0.002 -23"><span class='ocrx_word' id='word_1_615' title='bbox 402 4615 580 4679; x_wconf 83' lang='lat' dir='ltr'><strong>etiam</strong></span> <span class='ocrx_word' id='word_1_616' title='bbox 610 4616 935 4678; x_wconf 86' lang='lat' dir='ltr'><strong>convenire</strong></span> <span class='ocrx_word' id='word_1_617' title='bbox 966 4616 1206 4681; x_wconf 85' lang='lat' dir='ltr'><strong>beatum</strong></span> <span class='ocrx_word' id='word_1_618' title='bbox 1240 4618 1599 4680; x_wconf 84' lang='lat' dir='ltr'><strong>Auxentium</strong></span> <span class='ocrx_word' id='word_1_619' title='bbox 1630 4618 1961 4701; x_wconf 90' lang='lat' dir='ltr'><strong>imperator</strong></span> <span class='ocrx_word' id='word_1_620' title='bbox 1985 4628 2042 4682; x_wconf 88' lang='lat' dir='ltr'><strong>et</strong></span> 
     </span>
    </p>
   </div>
   <div class='ocr_carea' id='block_1_88' title="bbox 403 4704 2040 4788">
    <p class='ocr_par' dir='ltr' id='par_1_88' title="bbox 403 4704 2040 4788">
     <span class='ocr_line' id='line_1_88' title="bbox 403 4704 2040 4788; baseline 0.002 -20"><span class='ocrx_word' id='word_1_621' title='bbox 403 4705 694 4788; x_wconf 85' lang='lat' dir='ltr'><strong>episcopi.</strong></span> <span class='ocrx_word' id='word_1_622' title='bbox 719 4704 863 4769; x_wconf 86' lang='lat' dir='ltr'><strong>Cum</strong></span> <span class='ocrx_word' id='word_1_623' title='bbox 887 4713 1086 4767; x_wconf 89' lang='lat' dir='ltr'><strong>autem</strong></span> <span class='ocrx_word' id='word_1_624' title='bbox 1112 4725 1361 4788; x_wconf 71' lang='lat' dir='ltr'><strong>magnus</strong></span> <span class='ocrx_word' id='word_1_625' title='bbox 1383 4716 1442 4770; x_wconf 88' lang='lat' dir='ltr'><strong>et</strong></span> <span class='ocrx_word' id='word_1_626' title='bbox 1463 4708 1701 4769; x_wconf 89' lang='lat' dir='ltr'><strong>divinus</strong></span> <span class='ocrx_word' id='word_1_627' title='bbox 1727 4707 1898 4770; x_wconf 82' lang='lat' dir='ltr'><strong>Pater</strong></span> <span class='ocrx_word' id='word_1_628' title='bbox 1928 4728 2040 4771; x_wconf 88' lang='lat' dir='ltr'><strong>no-</strong></span> 
     </span>
    </p>
   </div>
   <div class='ocr_carea' id='block_1_89' title="bbox 403 4795 2040 4880">
    <p class='ocr_par' dir='ltr' id='par_1_89' title="bbox 403 4795 2040 4880">
     <span class='ocr_line' id='line_1_89' title="bbox 403 4795 2040 4880; baseline 0.002 -24"><span class='ocrx_word' id='word_1_629' title='bbox 403 4803 528 4858; x_wconf 87' lang='lat' dir='ltr'><strong>ster</strong></span> <span class='ocrx_word' id='word_1_630' title='bbox 543 4795 887 4858; x_wconf 81' lang='lat' dir='ltr'><strong>Auxentins</strong></span> <span class='ocrx_word' id='word_1_631' title='bbox 906 4795 1308 4873; x_wconf 89' lang='lat' dir='ltr'><strong>resisteret,et</strong></span> <span class='ocrx_word' id='word_1_632' title='bbox 1332 4796 1520 4858; x_wconf 90' lang='lat' dir='ltr'><strong>nollet</strong></span> <span class='ocrx_word' id='word_1_633' title='bbox 1541 4797 2040 4880; x_wconf 84' lang='lat' dir='ltr'><strong>descendere,di-</strong></span> 
     </span>
    </p>
   </div>
   <div class='ocr_carea' id='block_1_90' title="bbox 404 4884 2039 4969">
    <p class='ocr_par' dir='ltr' id='par_1_90' title="bbox 404 4884 2039 4969">
     <span class='ocr_line' id='line_1_90' title="bbox 404 4884 2039 4969; baseline 0.001 -20"><span class='ocrx_word' id='word_1_634' title='bbox 404 4904 550 4949; x_wconf 83' lang='lat' dir='ltr'><strong>cens</strong></span> <span class='ocrx_word' id='word_1_635' title='bbox 570 4902 690 4948; x_wconf 90' lang='lat' dir='ltr'><strong>non</strong></span> <span class='ocrx_word' id='word_1_636' title='bbox 708 4904 842 4949; x_wconf 87' lang='lat' dir='ltr'><strong>esse</strong></span> <span class='ocrx_word' id='word_1_637' title='bbox 868 4888 1299 4951; x_wconf 84' lang='lat' dir='ltr'><strong>monachorum</strong></span> <span class='ocrx_word' id='word_1_638' title='bbox 1319 4884 1675 4955; x_wconf 86' lang='lat' dir='ltr'><strong>docere.sed</strong></span> <span class='ocrx_word' id='word_1_639' title='bbox 1701 4888 1896 4969; x_wconf 85' lang='lat' dir='ltr'><strong>potius</strong></span> <span class='ocrx_word' id='word_1_640' title='bbox 1926 4890 2039 4951; x_wconf 86' lang='lat' dir='ltr'><strong>do-</strong></span> 
     </span>
    </p>
   </div>
   <div class='ocr_carea' id='block_1_91' title="bbox 407 4976 2043 5058">
    <p class='ocr_par' dir='ltr' id='par_1_91' title="bbox 407 4976 2043 5058">
     <span class='ocr_line' id='line_1_91' title="bbox 407 4976 2043 5058; baseline 0 -19"><span class='ocrx_word' id='word_1_641' title='bbox 407 4976 676 5050; x_wconf 87' lang='lat' dir='ltr'><strong>ceri,hoc</strong></span> <span class='ocrx_word' id='word_1_642' title='bbox 694 4992 838 5039; x_wconf 87' lang='lat' dir='ltr'><strong>vero</strong></span> <span class='ocrx_word' id='word_1_643' title='bbox 868 4976 940 5038; x_wconf 90' lang='lat' dir='ltr'><strong>iis</strong></span> <span class='ocrx_word' id='word_1_644' title='bbox 957 4976 1104 5040; x_wconf 89' lang='lat' dir='ltr'><strong>solis</strong></span> <span class='ocrx_word' id='word_1_645' title='bbox 1126 4976 1576 5058; x_wconf 87' lang='lat' dir='ltr'><strong>convenire,qui</strong></span> <span class='ocrx_word' id='word_1_646' title='bbox 1600 4985 1739 5040; x_wconf 90' lang='lat' dir='ltr'><strong>sunt</strong></span> <span class='ocrx_word' id='word_1_647' title='bbox 1767 4978 2043 5040; x_wconf 80' lang='lat' dir='ltr'><strong>honorati</strong></span> 
     </span>
    </p>
   </div>
   <div class='ocr_carea' id='block_1_92' title="bbox 406 5064 2040 5149">
    <p class='ocr_par' dir='ltr' id='par_1_92' title="bbox 406 5064 2040 5149">
     <span class='ocr_line' id='line_1_92' title="bbox 406 5064 2040 5149; baseline 0 -21"><span class='ocrx_word' id='word_1_648' title='bbox 406 5065 753 5147; x_wconf 80' lang='lat' dir='ltr'><strong>pontiﬁcatu</strong></span> <span class='ocrx_word' id='word_1_649' title='bbox 782 5086 796 5128; x_wconf 93' lang='lat'>:</span> <span class='ocrx_word' id='word_1_650' title='bbox 830 5065 994 5128; x_wconf 90' lang='lat' dir='ltr'><strong>misit</strong></span> <span class='ocrx_word' id='word_1_651' title='bbox 1024 5066 1354 5148; x_wconf 92' lang='lat' dir='ltr'><strong>imperator</strong></span> <span class='ocrx_word' id='word_1_652' title='bbox 1379 5064 1718 5130; x_wconf 77' lang='lat' dir='ltr'><strong>Marcianus</strong></span> <span class='ocrx_word' id='word_1_653' title='bbox 1749 5068 2040 5149; x_wconf 86' lang='lat' dir='ltr'><strong>quosdam</strong></span> 
     </span>
    </p>
   </div>
   <div class='ocr_carea' id='block_1_93' title="bbox 407 5154 2045 5238">
    <p class='ocr_par' dir='ltr' id='par_1_93' title="bbox 407 5154 2045 5238">
     <span class='ocr_line' id='line_1_93' title="bbox 407 5154 2045 5238; baseline -0.001 -20"><span class='ocrx_word' id='word_1_654' title='bbox 407 5172 477 5218; x_wconf 81' lang='lat' dir='ltr'><strong>ex</strong></span> <span class='ocrx_word' id='word_1_655' title='bbox 509 5154 820 5218; x_wconf 85' lang='lat' dir='ltr'><strong>monachis</strong></span> <span class='ocrx_word' id='word_1_656' title='bbox 850 5164 909 5217; x_wconf 89' lang='lat' dir='ltr'><strong>et</strong></span> <span class='ocrx_word' id='word_1_657' title='bbox 928 5155 1303 5238; x_wconf 83' lang='lat' dir='ltr'><strong>clericis,qui</strong></span> <span class='ocrx_word' id='word_1_658' title='bbox 1339 5165 1509 5217; x_wconf 87' lang='lat' dir='ltr'><strong>erant</strong></span> <span class='ocrx_word' id='word_1_659' title='bbox 1538 5156 2045 5231; x_wconf 86' lang='lat' dir='ltr'><strong>circumcirca,si-</strong></span> 
     </span>
    </p>
   </div>
   <div class='ocr_carea' id='block_1_94' title="bbox 407 5243 2041 5327">
    <p class='ocr_par' dir='ltr' id='par_1_94' title="bbox 407 5243 2041 5327">
     <span class='ocr_line' id='line_1_94' title="bbox 407 5243 2041 5327; baseline 0 -20"><span class='ocrx_word' id='word_1_660' title='bbox 407 5243 532 5307; x_wconf 90' lang='lat' dir='ltr'><strong>mul</strong></span> <span class='ocrx_word' id='word_1_661' title='bbox 554 5262 690 5306; x_wconf 90' lang='lat' dir='ltr'><strong>cum</strong></span> <span class='ocrx_word' id='word_1_662' title='bbox 713 5244 1126 5319; x_wconf 86' lang='lat' dir='ltr'><strong>militibus,res</strong></span> <span class='ocrx_word' id='word_1_663' title='bbox 1144 5248 1275 5327; x_wconf 88' lang='lat' dir='ltr'><strong>ejus</strong></span> <span class='ocrx_word' id='word_1_664' title='bbox 1296 5254 1818 5325; x_wconf 75' lang='lat' dir='ltr'><strong>cognoscenteszet</strong></span> <span class='ocrx_word' id='word_1_665' title='bbox 1837 5246 2041 5326; x_wconf 85' lang='lat' dir='ltr'><strong>jussit,</strong></span> 
     </span>
    </p>
   </div>
   <div class='ocr_carea' id='block_1_95' title="bbox 407 5333 2042 5416">
    <p class='ocr_par' dir='ltr' id='par_1_95' title="bbox 407 5333 2042 5416">
     <span class='ocr_line' id='line_1_95' title="bbox 407 5333 2042 5416; baseline 0 -20"><span class='ocrx_word' id='word_1_666' title='bbox 407 5341 473 5396; x_wconf 91' lang='lat' dir='ltr'><strong>ut</strong></span> <span class='ocrx_word' id='word_1_667' title='bbox 501 5333 618 5394; x_wconf 88' lang='lat' dir='ltr'><strong>nisi</strong></span> <span class='ocrx_word' id='word_1_668' title='bbox 646 5333 826 5396; x_wconf 92' lang='lat' dir='ltr'><strong>vellet</strong></span> <span class='ocrx_word' id='word_1_669' title='bbox 852 5351 958 5396; x_wconf 90' lang='lat' dir='ltr'><strong>sua</strong></span> <span class='ocrx_word' id='word_1_670' title='bbox 989 5344 1201 5416; x_wconf 88' lang='lat' dir='ltr'><strong>sponte</strong></span> <span class='ocrx_word' id='word_1_671' title='bbox 1234 5333 1438 5396; x_wconf 88' lang='lat' dir='ltr'><strong>venire</strong></span> <span class='ocrx_word' id='word_1_672' title='bbox 1473 5354 1606 5396; x_wconf 90' lang='lat' dir='ltr'><strong>cum</strong></span> <span class='ocrx_word' id='word_1_673' title='bbox 1656 5337 1766 5409; x_wconf 90' lang='lat' dir='ltr'><strong>eis,</strong></span> <span class='ocrx_word' id='word_1_674' title='bbox 1796 5335 2042 5397; x_wconf 90' lang='lat' dir='ltr'><strong>invitum</strong></span> 
     </span>
    </p>
   </div>
   <div class='ocr_carea' id='block_1_96' title="bbox 409 5422 2046 5501">
    <p class='ocr_par' dir='ltr' id='par_1_96' title="bbox 409 5422 2046 5501">
     <span class='ocr_line' id='line_1_96' title="bbox 409 5422 2046 5501; baseline 0.002 -17"><span class='ocrx_word' id='word_1_675' title='bbox 409 5422 802 5487; x_wconf 91' lang='lat' dir='ltr'><strong>adducerent.</strong></span> <span class='ocrx_word' id='word_1_676' title='bbox 864 5424 956 5484; x_wconf 92' lang='lat' dir='ltr'><strong>Illi</strong></span> <span class='ocrx_word' id='word_1_677' title='bbox 1014 5433 1211 5487; x_wconf 88' lang='lat' dir='ltr'><strong>autem</strong></span> <span class='ocrx_word' id='word_1_678' title='bbox 1265 5443 1401 5485; x_wconf 92' lang='lat' dir='ltr'><strong>cum</strong></span> <span class='ocrx_word' id='word_1_679' title='bbox 1435 5426 1859 5501; x_wconf 88' lang='lat' dir='ltr'><strong>accessissent,</strong></span> <span class='ocrx_word' id='word_1_680' title='bbox 1912 5445 2046 5487; x_wconf 93' lang='lat' dir='ltr'><strong>eum</strong></span> 
     </span>
    </p>
   </div>
   <div class='ocr_carea' id='block_1_97' title="bbox 411 5511 2017 5597">
    <p class='ocr_par' dir='ltr' id='par_1_97' title="bbox 411 5511 2017 5595">
     <span class='ocr_line' id='line_1_97' title="bbox 411 5511 2017 5595; baseline 0.003 -26"><span class='ocrx_word' id='word_1_681' title='bbox 411 5511 670 5571; x_wconf 81' lang='lat' dir='ltr'><strong>maxime</strong></span> <span class='ocrx_word' id='word_1_682' title='bbox 699 5521 1010 5590; x_wconf 77' lang='lat' dir='ltr'><strong>urgentes,</strong></span> <span class='ocrx_word' id='word_1_683' title='bbox 1045 5531 1421 5592; x_wconf 89' lang='lat' dir='ltr'><strong>nequaquam</strong></span> <span class='ocrx_word' id='word_1_684' title='bbox 1486 5531 1864 5595; x_wconf 84' lang='lat' dir='ltr'><strong>persuasere,</strong></span> <span class='ocrx_word' id='word_1_685' title='bbox 1900 5516 2017 5575; x_wconf 15' lang='lat' dir='ltr'><strong>adet</strong></span> 
     </span>
    </p>
   </div>
   <div class='ocr_carea' id='block_1_98' title="bbox 2131 5511 3591 5597">
    <p class='ocr_par' dir='ltr' id='par_1_98' title="bbox 2133 5512 3591 5597">
     <span class='ocr_line' id='line_1_98' title="bbox 2133 5512 3591 5597; baseline -0.001 -24"><span class='ocrx_word' id='word_1_686' title='bbox 2133 5539 2246 5596; x_wconf 86' lang='grc' dir='ltr'>γειν</span> <span class='ocrx_word' id='word_1_687' title='bbox 2306 5518 2385 5590; x_wconf 82' lang='grc' dir='ltr'>μὴ</span> <span class='ocrx_word' id='word_1_688' title='bbox 2443 5530 2659 5597; x_wconf 69' lang='grc' dir='ltr'>φρονεῖν</span> <span class='ocrx_word' id='word_1_689' title='bbox 2708 5519 2863 5576; x_wconf 75' lang='grc' dir='ltr'>αὐτὸν</span> <span class='ocrx_word' id='word_1_690' title='bbox 2902 5518 3068 5596; x_wconf 79' lang='grc' dir='ltr'>ὀρθῶς</span> <span class='ocrx_word' id='word_1_691' title='bbox 3113 5512 3540 5573; x_wconf 78' lang='grc' dir='ltr'>διαϐεϐαιοῦσθαι</span> <span class='ocrx_word' id='word_1_692' title='bbox 3577 5534 3591 5551; x_wconf 78' lang='grc'><strong><em>⁸</em></strong></span> 
     </span>
    </p>
   </div>
   <div class='ocr_carea' id='block_1_99' title="bbox 410 5602 2045 5688">
    <p class='ocr_par' dir='ltr' id='par_1_99' title="bbox 410 5602 2045 5688">
     <span class='ocr_line' id='line_1_99' title="bbox 410 5602 2045 5688; baseline 0.004 -29"><span class='ocrx_word' id='word_1_693' title='bbox 410 5605 476 5659; x_wconf 87' lang='lat' dir='ltr'><strong>ut</strong></span> <span class='ocrx_word' id='word_1_694' title='bbox 504 5602 776 5663; x_wconf 82' lang='lat' dir='ltr'><strong>conversi</strong></span> <span class='ocrx_word' id='word_1_695' title='bbox 808 5602 931 5667; x_wconf 90' lang='lat' dir='ltr'><strong>sint</strong></span> <span class='ocrx_word' id='word_1_696' title='bbox 965 5602 1036 5664; x_wconf 89' lang='lat' dir='ltr'><strong>ad</strong></span> <span class='ocrx_word' id='word_1_697' title='bbox 1071 5619 1206 5664; x_wconf 90' lang='lat' dir='ltr'><strong>eum</strong></span> <span class='ocrx_word' id='word_1_698' title='bbox 1233 5602 1655 5664; x_wconf 88' lang='lat' dir='ltr'><strong>incessendum</strong></span> <span class='ocrx_word' id='word_1_699' title='bbox 1690 5604 2045 5688; x_wconf 70' lang='lat' dir='ltr'><strong>maledictis,</strong></span> 
     </span>
    </p>
   </div>
   <div class='ocr_carea' id='block_1_100' title="bbox 2123 4529 3749 4612">
    <p class='ocr_par' dir='ltr' id='par_1_100' title="bbox 2123 4529 3749 4612">
     <span class='ocr_line' id='line_1_100' title="bbox 2123 4529 3749 4612; baseline -0.002 -22"><span class='ocrx_word' id='word_1_700' title='bbox 2123 4555 2236 4612; x_wconf 91' lang='grc' dir='ltr'>ριον</span> <span class='ocrx_word' id='word_1_701' title='bbox 2268 4533 2542 4600; x_wconf 78' lang='grc' dir='ltr'>Αὒξέντιον</span> <span class='ocrx_word' id='word_1_702' title='bbox 2591 4532 3009 4612; x_wconf 83' lang='grc' dir='ltr'>παρεκελεύοντο</span> <span class='ocrx_word' id='word_1_703' title='bbox 3065 4532 3437 4611; x_wconf 62' lang='grc' dir='ltr'>συνέρχεσθαι,</span> <span class='ocrx_word' id='word_1_704' title='bbox 3474 4529 3505 4586; x_wconf 76' lang='grc' dir='ltr'>ὅ</span> <span class='ocrx_word' id='word_1_705' title='bbox 3544 4552 3606 4587; x_wconf 84' lang='grc' dir='ltr'><strong>τε</strong></span> <span class='ocrx_word' id='word_1_706' title='bbox 3659 4534 3749 4608; x_wconf 73' lang='grc' dir='ltr'><strong>βιο</strong></span> 
     </span>
    </p>
   </div>
   <div class='ocr_carea' id='block_1_101' title="bbox 2124 4612 3749 4703">
    <p class='ocr_par' dir='ltr' id='par_1_101' title="bbox 2124 4612 3749 4703">
     <span class='ocr_line' id='line_1_101' title="bbox 2124 4612 3749 4703; baseline -0.001 -25"><span class='ocrx_word' id='word_1_707' title='bbox 2124 4622 2297 4688; x_wconf 78' lang='grc' dir='ltr'>σιλεὺς</span> <span class='ocrx_word' id='word_1_708' title='bbox 2354 4623 2453 4680; x_wconf 64' lang='grc' dir='ltr'><strong>καί</strong></span> <span class='ocrx_word' id='word_1_709' title='bbox 2520 4626 2568 4680; x_wconf 80' lang='grc' dir='ltr'>οἱ</span> <span class='ocrx_word' id='word_1_710' title='bbox 2628 4623 2911 4703; x_wconf 81' lang='grc' dir='ltr'>ἐπιχώριοι</span> <span class='ocrx_word' id='word_1_711' title='bbox 2995 4627 3103 4679; x_wconf 81' lang='grc' dir='ltr'>τῶν</span> <span class='ocrx_word' id='word_1_712' title='bbox 3162 4621 3500 4684; x_wconf 83' lang='grc' dir='ltr'>ἐπισκόπων,</span> <span class='ocrx_word' id='word_1_713' title='bbox 3566 4612 3658 4685; x_wconf 65' lang='grc' dir='ltr'>Ὠς</span> <span class='ocrx_word' id='word_1_714' title='bbox 3703 4620 3749 4676; x_wconf 77' lang='grc' dir='ltr'><strong>δὲ</strong></span> 
     </span>
    </p>
   </div>
   <div class='ocr_carea' id='block_1_102' title="bbox 2122 4710 3748 4793">
    <p class='ocr_par' dir='ltr' id='par_1_102' title="bbox 2122 4710 3748 4793">
     <span class='ocr_line' id='line_1_102' title="bbox 2122 4710 3748 4793; baseline 0 -24"><span class='ocrx_word' id='word_1_715' title='bbox 2122 4713 2377 4793; x_wconf 76' lang='grc' dir='ltr'>ἀντεῖχεν</span> <span class='ocrx_word' id='word_1_716' title='bbox 2420 4713 2508 4768; x_wconf 77' lang='grc' dir='ltr'><strong>καὶ</strong></span> <span class='ocrx_word' id='word_1_717' title='bbox 2533 4715 2627 4770; x_wconf 75' lang='grc' dir='ltr'>οὒκ</span> <span class='ocrx_word' id='word_1_718' title='bbox 2663 4711 2917 4781; x_wconf 71' lang='grc' dir='ltr'>ἠϐούλετο</span> <span class='ocrx_word' id='word_1_719' title='bbox 2947 4710 3208 4789; x_wconf 70' lang='grc' dir='ltr'>Αατίεναι,</span> <span class='ocrx_word' id='word_1_720' title='bbox 3241 4711 3463 4788; x_wconf 65' lang='grc' dir='ltr'>φάσκων</span> <span class='ocrx_word' id='word_1_721' title='bbox 3496 4713 3577 4785; x_wconf 79' lang='grc' dir='ltr'>μὴ</span> <span class='ocrx_word' id='word_1_722' title='bbox 3620 4712 3748 4769; x_wconf 74' lang='grc' dir='ltr'>εἶναι</span> 
     </span>
    </p>
   </div>
   <div class='ocr_carea' id='block_1_103' title="bbox 2125 4798 3746 4882">
    <p class='ocr_par' dir='ltr' id='par_1_103' title="bbox 2125 4798 3746 4882">
     <span class='ocr_line' id='line_1_103' title="bbox 2125 4798 3746 4882; baseline -0.002 -25"><span class='ocrx_word' id='word_1_723' title='bbox 2125 4808 2384 4882; x_wconf 82' lang='grc' dir='ltr'>μοναχῶν</span> <span class='ocrx_word' id='word_1_724' title='bbox 2414 4803 2477 4859; x_wconf 83' lang='grc' dir='ltr'>τὸ</span> <span class='ocrx_word' id='word_1_725' title='bbox 2519 4800 2807 4877; x_wconf 78' lang='grc' dir='ltr'>διδάσκειν,</span> <span class='ocrx_word' id='word_1_726' title='bbox 2861 4801 2999 4861; x_wconf 77' lang='grc' dir='ltr'>ἀλλὰ</span> <span class='ocrx_word' id='word_1_727' title='bbox 3051 4799 3257 4876; x_wconf 79' lang='grc' dir='ltr'>μᾶλλον</span> <span class='ocrx_word' id='word_1_728' title='bbox 3303 4800 3363 4855; x_wconf 76' lang='grc' dir='ltr'>τὸ</span> <span class='ocrx_word' id='word_1_729' title='bbox 3397 4798 3746 4872; x_wconf 73' lang='grc' dir='ltr'>διδάσκεσθαι,</span> 
     </span>
    </p>
   </div>
   <div class='ocr_carea' id='block_1_104' title="bbox 2125 4888 3746 4971">
    <p class='ocr_par' dir='ltr' id='par_1_104' title="bbox 2125 4888 3746 4971">
     <span class='ocr_line' id='line_1_104' title="bbox 2125 4888 3746 4971; baseline -0.002 -21"><span class='ocrx_word' id='word_1_730' title='bbox 2125 4895 2309 4969; x_wconf 90' lang='grc' dir='ltr'>μόνοις</span> <span class='ocrx_word' id='word_1_731' title='bbox 2341 4892 2395 4947; x_wconf 75' lang='grc' dir='ltr'>δὲ</span> <span class='ocrx_word' id='word_1_732' title='bbox 2439 4905 2558 4956; x_wconf 72' lang='grc' dir='ltr'>τοῖς</span> <span class='ocrx_word' id='word_1_733' title='bbox 2603 4892 2950 4971; x_wconf 79' lang='grc' dir='ltr'>ἀρχιερατείᾳ</span> <span class='ocrx_word' id='word_1_734' title='bbox 2998 4888 3385 4965; x_wconf 74' lang='grc' dir='ltr'>τετιμημένοις</span> <span class='ocrx_word' id='word_1_735' title='bbox 3427 4892 3585 4946; x_wconf 75' lang='grc' dir='ltr'>τοῦτο</span> <span class='ocrx_word' id='word_1_736' title='bbox 3643 4892 3746 4966; x_wconf 73' lang='grc' dir='ltr'>πρέ·</span> 
     </span>
    </p>
   </div>
   <div class='ocr_carea' id='block_1_105' title="bbox 2126 4978 3748 5058">
    <p class='ocr_par' dir='ltr' id='par_1_105' title="bbox 2126 4978 3748 5058">
     <span class='ocr_line' id='line_1_105' title="bbox 2126 4978 3748 5058; baseline -0.002 -20"><span class='ocrx_word' id='word_1_737' title='bbox 2126 5000 2266 5049; x_wconf 82' lang='grc' dir='ltr'>πειν,</span> <span class='ocrx_word' id='word_1_738' title='bbox 2326 4979 2646 5044; x_wconf 80' lang='grc' dir='ltr'>ἀποστείλας</span> <span class='ocrx_word' id='word_1_739' title='bbox 2701 4983 2729 5037; x_wconf 86' lang='grc' dir='ltr'>ὁ</span> <span class='ocrx_word' id='word_1_740' title='bbox 2799 4978 3047 5058; x_wconf 82' lang='grc' dir='ltr'>βασιλεὺς</span> <span class='ocrx_word' id='word_1_741' title='bbox 3104 4978 3408 5058; x_wconf 80' lang='grc' dir='ltr'>Μαρκιανός</span> <span class='ocrx_word' id='word_1_742' title='bbox 3451 4999 3605 5041; x_wconf 78' lang='grc' dir='ltr'>τινας</span> <span class='ocrx_word' id='word_1_743' title='bbox 3659 4986 3748 5034; x_wconf 70' lang='grc' dir='ltr'><strong>τῶν</strong></span> 
     </span>
    </p>
   </div>
   <div class='ocr_carea' id='block_1_106' title="bbox 2126 5069 3750 5150">
    <p class='ocr_par' dir='ltr' id='par_1_106' title="bbox 2126 5069 3750 5150">
     <span class='ocr_line' id='line_1_106' title="bbox 2126 5069 3750 5150; baseline -0.002 -23"><span class='ocrx_word' id='word_1_744' title='bbox 2126 5070 2274 5149; x_wconf 84' lang='grc' dir='ltr'>πέριξ</span> <span class='ocrx_word' id='word_1_745' title='bbox 2319 5077 2580 5150; x_wconf 76' lang='grc' dir='ltr'>μοναχῶν</span> <span class='ocrx_word' id='word_1_746' title='bbox 2639 5092 2697 5127; x_wconf 88' lang='grc' dir='ltr'><strong>τε</strong></span> <span class='ocrx_word' id='word_1_747' title='bbox 2756 5071 2846 5127; x_wconf 73' lang='grc' dir='ltr'><strong>καὶ</strong></span> <span class='ocrx_word' id='word_1_748' title='bbox 2902 5069 3176 5145; x_wconf 86' lang='grc' dir='ltr'>κληρικῶν</span> <span class='ocrx_word' id='word_1_749' title='bbox 3213 5069 3350 5144; x_wconf 85' lang='grc' dir='ltr'>μετᾶ</span> <span class='ocrx_word' id='word_1_750' title='bbox 3382 5069 3468 5125; x_wconf 71' lang='grc' dir='ltr'><strong>καὶ</strong></span> <span class='ocrx_word' id='word_1_751' title='bbox 3499 5089 3750 5145; x_wconf 73' lang='grc' dir='ltr'>στρατιωο</span> 
     </span>
    </p>
   </div>
   <div class='ocr_carea' id='block_1_107' title="bbox 2126 5157 3749 5238">
    <p class='ocr_par' dir='ltr' id='par_1_107' title="bbox 2126 5157 3749 5238">
     <span class='ocr_line' id='line_1_107' title="bbox 2126 5157 3749 5238; baseline -0.003 -21"><span class='ocrx_word' id='word_1_752' title='bbox 2126 5167 2232 5217; x_wconf 81' lang='grc' dir='ltr'><strong>τῶν</strong></span> <span class='ocrx_word' id='word_1_753' title='bbox 2265 5159 2538 5219; x_wconf 78' lang='grc' dir='ltr'>ἐκέλευσεν</span> <span class='ocrx_word' id='word_1_754' title='bbox 2571 5162 2797 5238; x_wconf 85' lang='grc' dir='ltr'>γνόντας</span> <span class='ocrx_word' id='word_1_755' title='bbox 2849 5160 2916 5216; x_wconf 78' lang='grc' dir='ltr'>τὰ</span> <span class='ocrx_word' id='word_1_756' title='bbox 2969 5158 3087 5217; x_wconf 85' lang='grc' dir='ltr'>κατ’</span> <span class='ocrx_word' id='word_1_757' title='bbox 3118 5160 3300 5231; x_wconf 78' lang='grc' dir='ltr'>αὐτὸν,</span> <span class='ocrx_word' id='word_1_758' title='bbox 3332 5159 3377 5214; x_wconf 77' lang='grc' dir='ltr'>εἰ</span> <span class='ocrx_word' id='word_1_759' title='bbox 3411 5157 3490 5232; x_wconf 75' lang='grc' dir='ltr'>μὴ</span> <span class='ocrx_word' id='word_1_760' title='bbox 3520 5157 3749 5235; x_wconf 81' lang='grc' dir='ltr'>βούλοιτο</span> 
     </span>
    </p>
   </div>
   <div class='ocr_carea' id='block_1_108' title="bbox 2129 5247 3747 5324">
    <p class='ocr_par' dir='ltr' id='par_1_108' title="bbox 2129 5247 3747 5324">
     <span class='ocr_line' id='line_1_108' title="bbox 2129 5247 3747 5324; baseline -0.001 -18"><span class='ocrx_word' id='word_1_761' title='bbox 2129 5249 2383 5314; x_wconf 77' lang='grc' dir='ltr'>ἑκουσίως</span> <span class='ocrx_word' id='word_1_762' title='bbox 2428 5248 2701 5307; x_wconf 74' lang='grc' dir='ltr'>συνελθεῖν</span> <span class='ocrx_word' id='word_1_763' title='bbox 2772 5248 2984 5318; x_wconf 72' lang='grc' dir='ltr'>αὐτοῖς,</span> <span class='ocrx_word' id='word_1_764' title='bbox 3038 5248 3241 5305; x_wconf 70' lang='grc' dir='ltr'>ἄκοντα</span> <span class='ocrx_word' id='word_1_765' title='bbox 3285 5251 3647 5324; x_wconf 72' lang='grc' dir='ltr'>παραστῆναι,</span> <span class='ocrx_word' id='word_1_766' title='bbox 3701 5247 3747 5304; x_wconf 79' lang='lat' dir='ltr'><strong>0i</strong></span> 
     </span>
    </p>
   </div>
   <div class='ocr_carea' id='block_1_109' title="bbox 2129 5336 3747 5416">
    <p class='ocr_par' dir='ltr' id='par_1_109' title="bbox 2129 5336 3747 5416">
     <span class='ocr_line' id='line_1_109' title="bbox 2129 5336 3747 5416; baseline -0.003 -21"><span class='ocrx_word' id='word_1_767' title='bbox 2129 5337 2185 5395; x_wconf 77' lang='grc' dir='ltr'>δὲ</span> <span class='ocrx_word' id='word_1_768' title='bbox 2244 5338 2502 5416; x_wconf 87' lang='grc' dir='ltr'>παρόντες</span> <span class='ocrx_word' id='word_1_769' title='bbox 2586 5336 2818 5395; x_wconf 76' lang='grc' dir='ltr'>πλεῖστα</span> <span class='ocrx_word' id='word_1_770' title='bbox 2889 5342 3394 5416; x_wconf 65' lang='grc' dir='ltr'>καταναγκάσαντες</span> <span class='ocrx_word' id='word_1_771' title='bbox 3446 5339 3607 5394; x_wconf 67' lang='grc' dir='ltr'>αὐτοι</span> <span class='ocrx_word' id='word_1_772' title='bbox 3671 5338 3747 5392; x_wconf 57' lang='lat' dir='ltr'><strong>ob:</strong></span> 
     </span>
    </p>
   </div>
   <div class='ocr_carea' id='block_1_110' title="bbox 2132 5424 3746 5508">
    <p class='ocr_par' dir='ltr' id='par_1_110' title="bbox 2132 5424 3746 5508">
     <span class='ocr_line' id='line_1_110' title="bbox 2132 5424 3746 5508; baseline -0.003 -23"><span class='ocrx_word' id='word_1_773' title='bbox 2132 5427 2363 5507; x_wconf 71' lang='grc' dir='ltr'>ἔπειθον,</span> <span class='ocrx_word' id='word_1_774' title='bbox 2397 5430 2469 5491; x_wconf 81' lang='grc' dir='ltr'>ὡς</span> <span class='ocrx_word' id='word_1_775' title='bbox 2505 5429 2591 5485; x_wconf 82' lang='grc' dir='ltr'><strong>καὶ</strong></span> <span class='ocrx_word' id='word_1_776' title='bbox 2641 5426 2927 5508; x_wconf 70' lang='grc' dir='ltr'>λοιδορίαις</span> <span class='ocrx_word' id='word_1_777' title='bbox 2986 5428 3171 5493; x_wconf 69' lang='grc' dir='ltr'>αὐτοὺς</span> <span class='ocrx_word' id='word_1_778' title='bbox 3225 5432 3495 5502; x_wconf 77' lang='grc' dir='ltr'>τραπῆναι</span> <span class='ocrx_word' id='word_1_779' title='bbox 3539 5430 3624 5483; x_wconf 79' lang='grc' dir='ltr'><strong>καὶ</strong></span> <span class='ocrx_word' id='word_1_780' title='bbox 3676 5424 3746 5482; x_wconf 81' lang='grc' dir='ltr'><strong>λέ-</strong></span> 
     </span>
    </p>
   </div>
   <div class='ocr_carea' id='block_1_111' title="bbox 3651 5514 3744 5570">
    <p class='ocr_par' dir='ltr' id='par_1_111' title="bbox 3651 5514 3744 5570">
     <span class='ocr_line' id='line_1_111' title="bbox 3651 5514 3744 5570; baseline -0.054 0"><span class='ocrx_word' id='word_1_781' title='bbox 3651 5514 3744 5570; x_wconf 73' lang='grc' dir='ltr'>ὅθεν</span> 
     </span>
    </p>
   </div>
   <div class='ocr_carea' id='block_1_112' title="bbox 2133 5602 3745 5690">
    <p class='ocr_par' dir='ltr' id='par_1_112' title="bbox 2133 5602 3745 5690">
     <span class='ocr_line' id='line_1_112' title="bbox 2133 5602 3745 5690; baseline -0.004 -24"><span class='ocrx_word' id='word_1_782' title='bbox 2133 5607 2445 5690; x_wconf 73' lang='grc' dir='ltr'>ἐπεχείρουν</span> <span class='ocrx_word' id='word_1_783' title='bbox 2481 5604 2577 5666; x_wconf 75' lang='grc' dir='ltr'>καί</span> <span class='ocrx_word' id='word_1_784' title='bbox 2627 5607 2759 5663; x_wconf 82' lang='grc' dir='ltr'>κετα</span> <span class='ocrx_word' id='word_1_785' title='bbox 2811 5607 2928 5685; x_wconf 86' lang='grc' dir='ltr'>βίας</span> <span class='ocrx_word' id='word_1_786' title='bbox 2965 5606 3121 5664; x_wconf 71' lang='grc' dir='ltr'>αὐτὸν</span> <span class='ocrx_word' id='word_1_787' title='bbox 3150 5603 3397 5672; x_wconf 78' lang='grc' dir='ltr'>ἐξωθοῦν,</span> <span class='ocrx_word' id='word_1_788' title='bbox 3429 5608 3491 5663; x_wconf 78' lang='grc' dir='ltr'><strong>Ὀ</strong></span> <span class='ocrx_word' id='word_1_789' title='bbox 3534 5604 3585 5661; x_wconf 78' lang='grc' dir='ltr'><strong>δὲ</strong></span> <span class='ocrx_word' id='word_1_790' title='bbox 3615 5602 3745 5662; x_wconf 65' lang='grc' dir='ltr'>ἐκεί·</span> 
     </span>
    </p>
   </div>
  </div>
