3932 6140
182 261 212 326 1
232 261 366 328 397

1475 268 1659 333 VITA
1715 268 1777 331 S.
1824 269 2230 334 AUXENTII.

3416 269 3439 335 1
3451 267 3568 335 398

176 399 294 460 δου
351 403 451 479 μὲν
497 407 706 473 αὐτοῖς,
741 403 862 461 ἀλλ’
918 402 1066 462 ούπω
1108 403 1285 478 τελείᾳ
1331 408 1524 484 γνώμῃ
1568 406 1689 463 ἄνευ
1748 409 1816 472 τῆ

2013 405 2382 467 afﬁrmarent
2407 422 2545 467 eum
2568 423 2687 468 non
2719 401 3347 486 sapere.Conabantur
3371 403 3575 484 itaque

179 491 405 549 ἄνωθεν
462 494 655 570 ῥοπῆς,
742 493 1066 572 Ἀγαγόντες
1134 493 1234 570 γάρ
1290 497 1544 576 τεχνίτας
1604 498 1737 573 πρὸς
1788 495 1848 550 τὸ

179 581 361 638 λύσαι
395 584 487 639 τὸν
517 582 764 656 κλουὸὸν,
798 583 852 639 ἐν
882 584 927 658 ᾧ
969 584 1060 655 ἦν,
1099 583 1233 648 ὃλην
1263 584 1361 652 τὴν
1406 587 1610 662 ἡμεραν
1666 607 1845 659 παρα-

181 673 503 746 μείναντες,
553 671 700 728 οὗδὲν
747 674 1006 752 ἴσχυσαν,
1040 675 1131 729 καὶ
1164 679 1226 749 τῇ
1255 672 1416 729 ἕωθεν
1445 674 1590 750 λέγει
1636 674 1843 737 αὒτοῖςο

190 762 416 818 Εἴπατέ
461 785 578 837 μοι,
626 762 680 818 ἐν
719 764 820 818 τίνι
880 768 1059 826 κακῶς
1116 764 1377 836 πιστεύω,
1413 765 1509 820 καί
1540 765 1646 822 εἶθ’
1679 762 1847 825 οὕτως

184 853 429 928 προνο’ᾳ
499 859 630 909 Θεοῦ
684 854 771 909 καὶ
829 854 856 908 6
912 851 1133 917 κλουέῗδς
1207 852 1619 933 ἀνοιχθήσεται.
1677 855 1735 911 Οἱ
1794 850 1849 907 δὲ

554 940 683 1000 ’Ὅτε
770 940 864 999 τοῦ
948 940 1328 1001 εὐσεϐεστάτου
1407 942 1668 1019 βασιλέως
1726 943 1847 1007 τοὺς

189 1031 583 1110 ἁπανταχόθεν
667 1030 935 1110 θεοφιλεῖς
1020 1033 1340 1097 ἐπισκόπους
1419 1032 1514 1088 ἒπῖ
1572 1030 1847 1107 διασκέψει

184 1121 310 1177 τῶν
357 1123 455 1186 τῆς
516 1121 823 1198 ἁγιωτάτης
881 1119 1211 1186 Ἐκγλησίας
1275 1118 1559 1198 δογμάτων
1616 1143 1842 1198 συναγα-

187 1232 419 1287 γοντος,
470 1212 623 1272 αὖτὲις
684 1212 743 1267 οὗ
794 1210 973 1286 βούλει
1018 1209 1288 1269 συνελθεῖν
1326 1225 1339 1239 ⁸
1377 1209 1538 1266 οἶσθα
1588 1209 1687 1289 γάρ
1747 1211 1846 1277 τὴν

185 1306 497 1375 κρατοῦσαν
541 1299 857 1378 σύγχυσιν,
911 1299 1018 1355 τῶν
1081 1299 1178 1373 μὲν
1243 1309 1335 1359 τοῦ
1377 1302 1664 1377 Νεστορίου
1721 1321 1845 1378 φρο-

189 940 418 1019 ἒφησαν
454 961 465 976 ·

186 1389 432 1443 νουντων
496 1390 583 1444 καὶ
662 1389 871 1468 σχίσμα
933 1389 1283 1445 ἐπινοούντων
1336 1387 1421 1444 διὰ
1483 1390 1546 1445 τὸ
1604 1389 1844 1468 ἀναιρεῖν

187 1475 304 1543 τήν
365 1475 621 1541 Θεοτόκος
681 1476 866 1556 φωνὴν
927 1475 1031 1532 ἀπὸ
1098 1481 1197 1546 τῆς
1258 1478 1425 1555 ἁγνῆς
1484 1479 1571 1533 καὶ
1644 1482 1845 1549 σεμνῆς

192 1565 473 1643 Παρθένου
515 1567 602 1621 καὶ
664 1567 878 1642 Μητρὸς
912 1573 1004 1624 τοῦ
1035 1569 1223 1645 Κυρίου
1257 1587 1272 1601 ⁸
1306 1568 1413 1624 τῶν
1463 1565 1516 1622 δὲ
1547 1567 1612 1623 τὰ
1677 1570 1845 1624 Εὔτυ-

189 1665 365 1734 χοῦς,
413 1653 618 1728 μᾶλλον
651 1653 802 1711 δὲτὰ
846 1653 1226 1735 Ἀπολιναρίου
1285 1656 1716 1734 δογματιζόντων
1757 1658 1847 1714 καὶ

1934 512 2069 555 eum
2091 494 2146 555 vi
2177 494 2516 556 exturbare.
2553 497 2809 558 Sanctus
2838 502 3039 557 autem
3066 493 3155 556 eis
3183 493 3576 569 cedebat,sed

1931 584 2197 645 nondum
2215 583 2479 663 perfecta
2502 583 2949 665 mente,absque
2963 602 3226 664 superna
3246 584 3574 648 voluntate.

1928 674 2070 733 Nam
2096 691 2228 731 cum
2257 676 2565 733 duxissent
2586 677 2838 734 artiﬁces
2865 676 2935 733 ad
2956 691 3146 735 seram
3185 675 3347 733 cella
3371 677 3429 733 in
3461 690 3573 747 qua

1932 770 2055 822 erat
2088 761 2525 835 solvendam,et
2551 771 2736 823 totum
2762 762 2921 823 diem
2947 761 3447 843 permansissent,
3476 761 3576 823 ni-

1931 850 2013 911 hil
2045 860 2371 929 potuerunt
2398 849 2624 914 facere.
2662 853 2831 913 Mane
2861 869 3003 913 vero
3036 851 3185 912 dicit
3214 850 3303 912 eis
3333 871 3347 911 :
3382 849 3575 913 Dicite

1933 938 2103 1014 mihi,
2138 940 2353 1002 fratres
2386 949 2444 1002 et
2474 942 2767 1020 patres.in
2797 959 3056 1017 quanam
3081 957 3149 1002 re
3172 939 3328 1001 male
3350 940 3567 1002 credo:

1932 1036 1992 1089 et
2012 1028 2230 1091 deinde
2250 1033 2338 1094 sic
2355 1031 2729 1112 providentia
2745 1030 2850 1093 Dei
2865 1048 3003 1093 sera
3025 1027 3456 1109 aperietur.Illi
3473 1048 3574 1092 au-

1931 1126 2048 1179 tem
2064 1118 2553 1194 dixerunt;Quod
2581 1139 2713 1182 cum
2743 1121 2875 1201 pius
2896 1119 3575 1200 imperatorMarcianus

1929 1208 2191 1289 pios,qui
2224 1208 2445 1291 ubique
2476 1218 2636 1281 sunt,
2674 1211 2990 1290 episc0pos
3020 1208 3470 1286 congregaverit
3499 1208 3572 1269 ad

1929 1298 2135 1360 utilem
2168 1299 2714 1361 considerationem
2771 1300 3117 1376 dogmatum
3178 1298 3576 1361 sanctissimae

1927 1386 2302 1462 Ecclesiae,tu
2340 1406 2461 1450 non
2490 1389 2574 1449 vis
2604 1394 2832 1450 venire.
2886 1385 3015 1450 Scis
3062 1385 3222 1448 enim
3250 1403 3408 1461 eam,
3443 1404 3575 1467 qua;

1929 1494 2090 1538 nunc
2115 1485 2225 1551 est,
2258 1478 2672 1539 confusionem
2707 1496 2721 1540 :
2749 1495 2883 1539 cum
2910 1476 3010 1538 alii
3037 1475 3283 1556 quidem
3313 1474 3576 1537 sentiant

1929 1585 2065 1628 eum
2083 1566 2358 1630 Nestorio
2375 1577 2431 1630 et
2447 1567 2713 1630 schisma
2733 1566 3399 1646 moliantur,propterea
3410 1565 3573 1642 quod

1931 1675 2137 1717 vocem
2165 1658 2274 1720 Dei
2288 1658 2583 1720 Parentis
2605 1657 2882 1720 auferant
2902 1674 2937 1717 a
2959 1663 3121 1717 casta
3149 1666 3209 1715 et
3230 1654 3573 1717 veneranda

192 1749 284 1818 μὴ
345 1743 558 1809 τελείως
606 1746 972 1819 σεσαρκῶσθαι
1038 1749 1129 1803 τὸν
1189 1748 1379 1824 Κύριον
1439 1745 1814 1824 ὁμολογούντω

2004 1745 2175 1823 rgine
2234 1756 2293 1805 et
2350 1745 2533 1809 Matre
2563 1746 2842 1809 Domini:
2876 1745 2978 1806 alii
3009 1762 3150 1805 vero
3196 1741 3478 1823 Eutycbis
3508 1755 3571 1805 et

189 1834 263 1889 ἐκ
317 1833 619 1911 σπέρματος
670 1833 856 1915 Δαϐἱδ,
901 1834 1040 1894 ἀλλὰ
1107 1834 1323 1907 δοκήσει
1370 1839 1528 1896 αὒτὸν
1574 1836 1842 1916 ἐνηνθρω-

192 1924 417 1981 πικέναι
449 1923 906 2003 τερατευομένων.

288 2190 421 2251 KA’.
470 2199 645 2251 Ταῦτα
711 2194 940 2259 ἀκούσας
990 2196 1018 2249 ὁ
1063 2194 1327 2271 μακάριος
1361 2193 1464 2276 ἔφη
1501 2211 1515 2225 ⁸
1564 2195 1709 2273 Ἐγὼ
1750 2217 1842 2253 τε-

193 2281 358 2344 λείως
417 2282 755 2360 σαρκωθέντα
814 2287 874 2339 ἐκ
929 2282 1025 2349 τῆς
1088 2283 1463 2361 ἀπειρογάμου
1529 2287 1621 2342 τὸν
1672 2287 1844 2364 Λόγον

193 2370 455 2448 ὁμολογῶ
515 2374 599 2428 καὶ
647 2374 763 2429 Υίὸν
825 2373 1088 2449 μονογενῆ
1149 2383 1334 2432 τοῦτον
1384 2374 1511 2430 ὄντα
1540 2380 1842 2451 προσκυνῶ,

195 2462 295 2515 σὺν
325 2461 548 2540 ἀνάρχιρ
607 2462 705 2536 μὲν
758 2463 1072 2541 ὑπάρχοντι
1131 2465 1208 2535 τῷ
1239 2463 1396 2539 [Ιατρὶ
1430 2464 1563 2519 κατὰ
1592 2464 1689 2530 τὴν
1718 2465 1845 2520 θεό-

197 2572 363 2622 τητα,
429 2549 511 2606 ἐπ’
569 2550 819 2630 ἐσχάτων
875 2550 929 2607 δὲ
984 2551 1207 2629 ὀφθέντα
1266 2551 1319 2617 ἐξ
1378 2552 1540 2615 αὖτῖις
1572 2554 1709 2610 κατὰ
1746 2555 1844 2621 τὴν

195 2639 589 2716 ἆνθρωπότητα
624 2656 641 2675 ⁸
703 2640 862 2716 ψιλόν
914 2641 1015 2718 γὰρ
1048 2640 1346 2718 ἄνθρωπον,
1380 2641 1454 2706 ὥς
1486 2663 1628 2707 τινες
1660 2642 1841 2721 ληρῳ-

191 2726 343 2784 δοῦσι
376 2730 466 2783 τὸν
498 2729 616 2783 ι’ἱὸν
648 2735 740 2784 τοῦ
772 2736 905 2786 Θεοῦ
933 2728 1249 2806 ὁμολογεῖν,
1285 2730 1472 2796 ἀσεϐές
1508 2747 1521 2761 ·
1567 2732 1732 2788 ταῦτά
1786 2754 1842 2788 τε

196 2817 434 2896 εἰρηκὼς
480 2819 565 2873 καὶ
595 2817 695 2884 τὴν
746 2817 991 2875 ἔνστασιν
1035 2820 1206 2875 αὗτῶν
1243 2818 1521 2899 ἐωρακὼς,
1565 2821 1659 2884 τὰς
1704 2835 1842 2901 χεῖ-

197 2929 299 2986 ρας
360 2909 431 2973 εἰς
487 2908 579 2963 τὸν
613 2908 830 2982 οὐρανὸν
871 2909 1143 2971 ἀνατείνας
1190 2910 1280 2965 καὶ
1323 2910 1490 2988 εὕχήν
1520 2909 1709 2979 ἐκτενῆ
1742 2933 1840 2990 γε-

199 2998 377 3054 νέσθαι
434 2997 844 3074 παρασκευάσας
895 2995 1133 3057 ἐπεδίδου
1176 2998 1361 3055 ἐαυτόν
1396 3015 1410 3030 ⁸
1462 3006 1568 3055 τῶν
1600 2999 1655 3055 δὲ
1710 3004 1839 3079 θρα-

1926 1833 2291 1913 Apollinaris
2316 1836 2517 1913 potius
2548 1845 2791 1898 tuentur
2822 1834 3193 1914 dogmata,et
3213 1833 3573 1894 conﬁtentur

1927 1923 2247 1986 Dominum
2285 1923 2491 1987 Jesum
2524 1924 2828 1988 Christum
2864 1943 2985 1985 non
3018 1923 3289 2003 perfecte
3324 1939 3568 1984 carnem

1927 2013 2267 2093 suscepisse
2311 2032 2379 2075 ex
2434 2015 2666 2076 semine
2732 2013 2943 2089 David,
3004 2012 3111 2074 sed
3162 2012 3390 2073 visione
3432 2029 3569 2074 eum

1928 2100 2112 2162 fuisse
2144 2103 2474 2178 hominem,
2510 2103 2849 2183 prodigiose
2879 2109 3178 2165 asserunt.

2005 2190 2359 2255 XXIV.Ha3c
2384 2212 2517 2253 cum
2551 2191 2761 2254 beatus
2791 2192 3081 2255 audiisset
3102 2190 3570 2266 Auxentius,di-

1925 2281 2034 2341 xit:
2060 2279 2182 2357 Ego
2209 2282 2500 2343 confiteor
2520 2280 2781 2343 Verbum
2810 2282 3071 2361 perfecte
3094 2299 3334 2344 carnem
3357 2298 3569 2343 susce-

1929 2370 2088 2450 pisse
2113 2389 2182 2431 ex
2206 2369 2605 2450 Virgine,non
2630 2384 2875 2451 experta
2899 2390 3049 2449 opus
3072 2370 3421 2452 nuptiarum
3461 2391 3475 2430 :
3510 2378 3569 2432 et

1929 2460 2124 2538 ipsum
2149 2460 2433 2539 adoro,ut
2456 2461 2555 2541 qui
2586 2461 2662 2521 sit
2686 2461 2873 2522 Filius
2896 2462 3264 2539 unigenitus,
3298 2460 3399 2541 qui
3430 2476 3565 2522 cum

1925 2550 2101 2611 Patre
2123 2548 2366 2628 quidem
2395 2558 2485 2610 est
2508 2568 2725 2627 expers
2751 2550 3223 2631 principii,quod
3246 2550 3460 2612 attinet
3490 2549 3563 2612 ad

1927 2637 2293 2699 divinitatem
2332 2660 2348 2709 ;
2406 2638 2465 2699 in
2486 2639 2712 2700 ultimis
2733 2647 2930 2701 autem
2955 2639 3169 2702 diebus
3200 2658 3269 2701 ex
3301 2656 3371 2701 ea
3403 2639 3566 2701 visus

1925 2727 2202 2806 est,quod
2225 2736 2453 2806 spectat
2473 2728 2544 2788 ad
2563 2728 3242 2791 humanitatem.Solum
3267 2729 3425 2789 enim
3449 2729 3561 2790 bo-

1924 2813 2247 2895 minem,ut
2270 2816 2548 2876 nonnulli
2573 2816 3116 2894 nugantur,Filium
3133 2816 3241 2878 Dei
3260 2814 3557 2889 conﬁteri,

1924 2912 2013 2964 est
2042 2904 2471 2983 impium.Haac
2502 2922 2637 2965 cum
2667 2904 2942 2975 dixisset,
2974 2914 3032 2966 et
3054 2924 3158 2967 eos
3186 2904 3435 2966 vidisset
3459 2904 3559 2965 in-

1920 3000 2167 3066 stare,et
2192 2993 2466 3055 manibus
2491 3000 2547 3053 in
2569 2994 2788 3055 cmlum
2808 2992 3060 3057 sublatis
3073 2994 3351 3072 jussisset
3370 2994 3564 3055 inten-

208 3086 512 3161 συνομένων
576 3088 664 3143 καὶ
722 3087 881 3143 πάλιν
934 3089 1024 3143 τὸν
1054 3084 1280 3144 κλοδϐὸν
1312 3089 1592 3146 καταλύειν
1624 3089 1812 3170 ἐπιχει

2002 3100 2049 3142 m
2076 3082 2207 3175 ﬁeri
2233 3082 2665 3175 precationem,
2704 3100 2831 3175 non
2851 3082 3098 3175 tradidit
3121 3083 3409 3175 seipsum.
3434 3080 3563 3145 Illis

203 3177 434 3255 ρούντων
504 3177 599 3233 καῖ
677 3173 814 3250 μηδὲ
873 3175 1012 3241 ὅλως
1087 3178 1408 3257 ἰσχυόντων,
1474 3181 1502 3235 6
1570 3181 1839 3258 μακάριος

198 3266 491 3345 σφραγίσας
548 3266 640 3321 τὸν
718 3263 941 3322 κλουϐόν
1014 3268 1103 3322 καὶ
1158 3268 1332 3338 τρίτον
1387 3269 1474 3341 τὸ,
1538 3268 1841 3345 Εὐλογητὸς

200 3357 412 3435 Κύριος,
449 3355 614 3411 εἰπὼν
646 3356 836 3433 πραείᾳ
865 3361 933 3432 τῇ
983 3355 1133 3435 φωνῇ
1162 3369 1279 3420 τοῖς
1311 3358 1588 3436 τεχνίταις
1621 3357 1840 3415 ἐπέτατ-

196 3467 309 3522 τεν,
348 3447 437 3502 καὶ
476 3443 644 3509 οὕτως
700 3445 837 3500 κατᾶ
896 3445 1121 3522 γνώμην
1173 3448 1330 3503 αὐτοῦ
1369 3448 1462 3509 τὰς
1494 3447 1612 3524 περὶ
1642 3449 1704 3503 τὸ
1747 3451 1839 3505 θυ-

196 3535 357 3613 ρίδιον
391 3535 551 3594 αὒτοῦ
578 3533 967 3614 ἆιρηλώσανσες
1002 3532 1242 3615 σανίδας,
1277 3534 1503 3601 ἐξέωσαν
1536 3536 1716 3598 αὓτόν,

285 3712 413 3775 ΚΕ’.
489 3714 674 3782 κτήνη
733 3710 787 3768 δὲ
864 3712 1208 3785 παρέστησαν
1268 3714 1356 3771 καὶ
1412 3712 1620 3787 ἅμαξαν
1676 3713 1722 3771 δ’
1775 3715 1839 3772 ἂν

194 3802 456 3882 βούληται
498 3800 765 3859 ἐπιϐάντα
821 3802 1083 3858 κατιέναι·
1119 3804 1208 3859 καὶ
1238 3800 1304 3869 δὴ
1336 3801 1420 3859 ἐπὶ
1452 3809 1647 3870 κτῆνος
1692 3827 1835 3882 παρ-

200 3893 557 3966 αιτησαμένου
618 3889 669 3947 ἐν
723 3890 790 3966 τῇ
868 3891 1044 3967 ἁμάξῄ
1104 3893 1502 3968 σταυρώσαντες
1560 3892 1839 3951 άνέκλιναν

198 3984 293 4039 τὸν
354 3979 640 4059 μακάριον,
700 3976 797 4036 Ἦν
830 3982 931 4057 γὰρ
992 3980 1179 4044 ἄτονος
1218 3980 1343 4046 ὅλος
1386 3986 1462 4056 τῷ
1508 3984 1717 4059 σώματι
1752 3986 1839 4040 καὶ

194 4070 655 4144 τετάπεινωμένος
712 4072 773 4127 ἐκ
826 4075 925 4137 τῆς
980 4069 1260 4140 ἀσκήσεως
1296 4089 1314 4106 ο
1371 4074 1458 4128 καὶ
1487 4073 1721 4148 μάλιστα
1776 4073 1837 4131 ἐκ

190 4168 300 4218 τῶν
354 4161 555 4230 πόνων,
616 4162 690 4224 ὡς
750 4161 840 4216 καί
905 4161 1116 4239 ἰχῶρας
1169 4158 1360 4225 ἐξιέναι
1416 4163 1508 4218 σὺν
1538 4162 1831 4229 σκώληξινο

194 4252 251 4306 ἐν
306 4253 392 4314 οἷς
459 4249 717 4329 Θεόφιλος
801 4271 883 4311 τις
946 4251 1195 4324 ὀνόματι,
1261 4251 1547 4325 θερμότητι
1604 4252 1833 4319 πίστεως

194 4338 568 4417 προσδραμὼν,
626 4341 699 4402 ὡς
747 4338 896 4395 εἶδεν
944 4337 1195 4414 ἐκρυέντα
1234 4341 1325 4395 τὸν
1356 4340 1516 4399 αύτοῦ
1547 4340 1715 4420 ὄνυχα
1744 4354 1836 4402 τοῦ

204 4428 439 4505 μεγάλου
495 4426 752 4485 δακτύλου
808 4436 902 4485 τοῦ
953 4426 1123 4494 δεξιοῦ
1155 4427 1316 4491 ποδὸς
1365 4430 1523 4486 αὗτοῦ
1552 4430 1873 4510 Expellam;

197 4514 259 4574 Ὀ
289 4516 341 4572 δὲ
400 4516 551 4594 ἅγιος
610 4516 855 4595 ἀλγήσας
909 4517 1013 4597 ἔφη
1058 4518 1202 4592 αύτῷ
1233 4535 1247 4549 ⁸
1300 4519 1459 4596 Κάγὼ
1500 4523 1831 4594 ὁμοιοπαθὴς

201 4607 472 4685 ἅνθρωπός
534 4608 666 4680 εἶμι,
715 4608 802 4662 καὶ
850 4609 926 4681 μή
988 4629 1078 4680 μοι
1111 4608 1307 4672 κόπους
1366 4612 1675 4689 παρείχετε.
1741 4604 1833 4677 Ὠς

197 4696 254 4753 δὲ
286 4697 420 4770 μετὰ
479 4696 724 4758 πλείονος
756 4695 975 4772 θορύϐου
1033 4710 1149 4759 τοῖς
1199 4698 1378 4773 βουσὶν
1408 4698 1694 4758 ἐπέταττον
1743 4710 1835 4760 τοῦ

198 4787 520 4852 ἀποκινῆσαι
585 4787 683 4850 τήν
770 4784 1004 4865 ἅμαξαν,
1101 4789 1149 4842 οἱ
1233 4788 1627 4863 ἀπεσταλμένοι
1687 4790 1834 4848 οὐδὲν

200 4873 355 4942 ἤνυον
393 4890 407 4933 '.
452 4875 724 4945 ἀκινήτων
779 4876 867 4933 ἐπὶ
925 4876 1063 4933 πολὺ
1127 4878 1395 4951 μενόντων
1450 4884 1558 4934 τῶν
1599 4886 1832 4954 κτηνῶν,

201 4964 432 5028 ἀπεινῶς
476 4965 696 5021 τύπτειν
755 4965 1071 5045 ἐπεχείρουν
1130 4969 1380 5029 καὶτοῖς
1442 4968 1681 5044 κέντροις
1738 4971 1837 5038 τὴν

201 5051 354 5130 δορὰν
407 5053 580 5109 αὐτῶν
622 5055 960 5132 τιτρώσκειν,
1030 5054 1287 5120 Ἀνιαθεὶς
1348 5059 1522 5113 τοίνυν
1567 5062 1594 5114 ὁ
1651 5062 1832 5133 μακά-

202 5164 312 5220 ριος
356 5143 443 5198 καὶ
514 5143 833 5201 παύσασθαι
874 5146 1284 5226 παρεγγυήσας,
1348 5154 1424 5221 τῷ
1479 5156 1689 5223 σταυρῷ
1760 5158 1836 5225 τῷ

202 5232 438 5301 συνήθως
481 5231 535 5287 ἐν
579 5234 763 5312 χερσὶν
828 5234 987 5289 αὐτοῦ
1045 5236 1111 5291 τὰ
1166 5237 1339 5304 κτήνη
1399 5238 1694 5317 σφραγίσας
1748 5241 1836 5296 καὶ

204 5320 372 5400 ἡρέμα
407 5324 594 5386 αὐτοῖς
626 5321 899 5398 ἐπιτάξας,
930 5324 1030 5391 τὴν
1065 5325 1282 5403 πορείαν
1309 5324 1576 5388 ἐποιεῖτο.

287 5488 432 5573 κς·’.
484 5501 631 5557 Κατὰ
673 5499 729 5556 δὲ
779 5503 877 5568 τὴν
937 5499 1057 5558 ὁδὸν
1085 5505 1382 5561 ὑπαντᾶται
1414 5521 1679 5585 γεωργοτς
1711 5505 1835 5564 ὀδυ-

206 5589 443 5673 ρομένοις
499 5590 586 5647 καὶ
645 5590 921 5648 κλαίουσιν
995 5591 1081 5649 διὰ
1142 5595 1209 5652 τὰ
1267 5593 1437 5674 ἄλογα
1499 5599 1694 5675 αύτῶν,
1754 5596 1837 5655 ὅτι

1924 3178 2122 3232 autem
2150 3171 2599 3242 insultantibus,
2636 3184 2695 3233 et
2719 3172 2933 3233 cellam
2980 3171 3311 3232 dissolvere
3352 3189 3562 3233 rursus

1922 3260 2499 3338 aggredientibus,et
2518 3261 2573 3321 ni
2586 3261 2661 3321 hil
2680 3260 2927 3321 omnino
2944 3259 3273 3322 valentibus
3295 3260 3558 3335 etiicere,

1923 3348 2134 3409 beatus
2158 3368 2292 3409 cum
2321 3349 2617 3427 signasset
2638 3360 2925 3423 seram,et
2953 3360 3043 3411 ter
3063 3349 3335 3424 dixisset,
3362 3350 3562 3411 Bene-

1922 3438 2123 3500 dictus
2148 3438 2458 3513 Dominus,
2487 3438 2614 3501 miti
2640 3457 2783 3500 voce
2806 3439 3122 3519 imperavit
3139 3437 3566 3511 artiﬁcibus,et

1922 3527 2012 3589 sic
2033 3526 2163 3606 ejus
2185 3527 2486 3588 voluntate
2515 3527 2769 3590 sublatis
2810 3528 3052 3599 tabulis,
3080 3547 3215 3609 quae
3236 3536 3406 3589 erant
3434 3529 3560 3591 cla-

1922 3622 2010 3678 vis
2039 3617 2228 3680 afﬁxas
2259 3619 2391 3697 ejus
2430 3617 2729 3689 fenestrae,
2767 3636 2903 3682 eum
2937 3620 3269 3697 ejecerunt.

1999 3706 2174 3769 XXV.
2207 3708 2538 3768 Astiterunt
2560 3724 2699 3768 vero
2716 3709 2988 3786 jumenta
3010 3716 3072 3769 et
3095 3717 3401 3781 currus,ut
3423 3725 3560 3769 eum

1921 3796 2420 3870 collocarent,ubi
2442 3797 2621 3859 vellet
2640 3796 3152 3861 ascendere.Cum
3169 3805 3365 3861 autem
3388 3815 3563 3859 recu-

1920 3896 2115 3947 sasset
2144 3887 2331 3947 locari
2363 3903 2543 3965 super
2558 3886 2923 3965 jumentum,
2958 3895 3141 3948 strato
3185 3905 3389 3960 curru,
3415 3905 3560 3948 san-

1919 3976 2162 4055 ctumjin
2190 3992 2260 4036 eo
2282 3975 2654 4036 reclinarunt
2672 3982 2820 4048 (erat
2843 3983 2999 4037 enim
3024 3976 3364 4038 imbecillus
3385 3985 3444 4038 et
3463 3976 3563 4038 de-

1912 4064 2114 4144 jectus
2136 4072 2257 4125 toto
2279 4082 2637 4145 corpore,ex
2663 4065 2846 4128 nimia
2879 4066 3394 4136 exercitatione,et
3426 4084 3558 4126 ma-

1917 4154 2076 4214 xime
2102 4172 2171 4215 ex
2197 4153 2524 4233 laboribus,
2558 4155 2708 4215 adeo
2736 4164 2794 4215 ut
2822 4161 3009 4216 exiret
3037 4155 3237 4215 sanies
3261 4172 3397 4215 cum
3423 4171 3557 4215 ver-

1918 4242 3561 4324 inibus).lnterquosquidam,nomineTheophilus,acri

1918 4332 2036 4393 (ide
2063 4349 2413 4403 accurrens,
2448 4351 2583 4394 cum
2631 4333 2883 4394 vidisset
2937 4333 3238 4395 efﬂuxisse
3297 4332 3556 4411 ungtiem

1921 4421 2117 4500 magni
2148 4421 2319 4500 digiti
2351 4421 2580 4483 dexteri
2614 4423 2745 4501 ejus
2778 4422 3114 4501 pedis,eum
3142 4421 3560 4485 abstulit.San-

1919 4520 2050 4572 ctus
2072 4529 2212 4571 vero
2230 4510 2444 4571 dolens
2467 4512 2631 4573 dixit:
2659 4511 3007 4590 Frater,ego
3032 4530 3273 4592 quoque
3297 4530 3427 4572 sum
3454 4512 3560 4572 ho-

1920 4619 2039 4673 mo,
2074 4600 2367 4662 obnoxius
2389 4599 2601 4662 iisdem
2631 4602 2849 4681 quibus
2875 4620 2974 4662 vos
3008 4601 3450 4683 affectionibus,
3485 4620 3560 4662 ne

1918 4689 2067 4751 mihi
2098 4690 2435 4751 exhibeatis
2468 4690 2825 4752 molestiam.
2847 4689 2992 4753 Cum
3026 4700 3223 4752 autem
3255 4709 3391 4752 cum
3426 4709 3557 4751 ma-

1916 4797 2034 4857 gno
2065 4779 2319 4840 tumultu
2350 4778 2722 4855 imperarent
2770 4779 2964 4841 bobus
3016 4780 3058 4840 ii
3087 4781 3189 4860 qui
3227 4779 3392 4840 missi
3424 4778 3559 4841 fue-

1920 4875 2157 4944 rant,ut
2190 4877 2539 4929 emoverent
2567 4877 2902 4943 currum,et
2931 4869 3078 4929 nihil
3114 4868 3559 4942 etiicerent,diu

1920 4956 2283 5018 animalibus
2342 4957 2722 5019 manentibus
2778 4956 3212 5030 immobilibus,
3239 4966 3562 5039 coeperunt

1922 5064 2026 5107 eos
2048 5045 2372 5107 crudeliter
2386 5047 2793 5121 verberare,et
2815 5047 3074 5109 stimulis
3099 5048 3321 5127 pellem
3349 5065 3557 5109 eorum

1920 5134 2215 5196 sauciare.
2248 5134 2429 5205 Egre
2459 5136 2662 5197 ferens
2684 5154 2826 5215 ergo
2857 5136 3090 5212 beatus,
3118 5156 3252 5198 cum
3278 5137 3564 5218 jussisset

1919 5242 2023 5287 eos
2054 5242 2314 5297 cessare,
2350 5233 2408 5286 et
2436 5243 2639 5300 cruce,
2674 5244 2877 5306 quam,
2908 5235 2973 5287 ut
3000 5225 3254 5301 solebat,
3302 5226 3564 5288 habebat

1923 5315 1985 5376 in
2019 5313 2320 5389 manibus,
2352 5315 2650 5394 signasset
2677 5316 2986 5390 animalia,
3021 5326 3080 5379 et
3110 5318 3198 5377 eis
3218 5319 3417 5378 statim
3451 5316 3562 5378 im-

1921 5412 2212 5486 perasset,
2249 5422 2320 5465 ea
2343 5404 2485 5466 fecit
2516 5404 2629 5466 iter
2658 5405 2923 5484 ingredi.

2003 5491 2212 5559 XXVI.
2245 5496 2308 5556 ln
2338 5494 2430 5555 via
2449 5503 2647 5556 autem
2672 5496 2936 5557 occurrit
2964 5493 3248 5574 agricolis
3276 5494 3561 5558 deﬂenti-

1924 5586 2036 5649 bus
2065 5591 2124 5646 et
2148 5583 2612 5652 lamentantibus
2645 5593 2888 5670 propter
2940 5602 3080 5649 suas
3127 5585 3366 5664 bestias,
3403 5585 3562 5669 quod
