3932 6140
389 196 542 287 1399
1648 199 1931 265 MENSIS
1973 156 2484 265 FEBRUARlUS.
3623 191 3776 258 uno

383 335 618 400 scilicet
647 343 990 419 paterentur
1018 337 1172 400 sicut
1200 337 1502 414 homines,
1541 345 1765 402 vexatae
1787 337 1860 400 ab
1908 338 2019 400 im-

2150 357 2380 417 τασχον,
2424 336 2662 415 καθάπερ
2706 334 2996 416 ἅνθρωποι,
3052 335 3156 392 ὑπὸ
3212 338 3540 408 πνευματῶν
3570 329 3773 412 ὀχλοῦ-

386 427 629 490 mundis
656 427 992 510 spiritibus.
1056 427 1332 490 Misertus
1380 428 1584 509 itaque
1617 429 1852 509 beatus,
1891 445 2025 490 cum

2150 447 2249 481 ,ενα
2313 427 2650 505 ἀκαθάρτων.
2687 427 3122 507 Σπλαγχνισθεὶς
3180 424 3275 481 οὖν
3307 425 3337 480 ὃ
3390 421 3656 500 μακάριος
3689 423 3776 479 καὶ

389 535 604 580 omnes
629 519 916 599 jussisset
945 517 1209 580 intentos
1242 536 1376 580 esse
1406 518 1685 594 orationi,
1719 527 1778 580 et
1809 536 1879 580 ex
1906 523 2028 579 imo

2158 517 2245 582 οὺς
2311 516 2514 581 πάντας
2588 522 2779 584 στῆναι
2838 520 2910 578 εἱς
2965 515 3286 595 προσευχὴν
3332 511 3657 586 ἐπιτρέψας,
3712 510 3771 567 ἐι

388 607 578 670 corde
609 606 998 691 suspirasset,
1032 615 1091 670 et
1113 606 1237 670 Deo
1270 608 1690 690 supplicasset,
1726 626 1824 670 eas
1852 625 2030 670 cura-

388 697 498 760 vit.

470 784 995 860 XXVII.Quaadam
1021 795 1223 850 autem
1250 787 1472 853 mulier
1501 788 1691 868 passis
1720 786 1952 868 capillis
1982 787 2038 850 ei

391 894 528 939 mox
559 876 824 940 occurrit
856 877 918 943 in
943 877 1060 953 via,
1097 895 1229 958 qum
1248 877 1426 940 etiam
1450 876 1523 940 ad
1548 896 1685 940 eum
1715 876 1913 940 attulit
1941 878 2038 939 in-

388 965 609 1031 fantem
634 965 878 1029 circiter
901 966 1084 1029 trium
1108 968 1542 1048 annorum,qui
1566 966 1984 1046 possidebatur
2006 986 2041 1030 a

388 1053 901 1117 daamoneJustns
921 1071 1063 1117 vero
1085 1073 1217 1117 cum
1247 1074 1382 1116 eum
1405 1055 1675 1131 vidisset,
1711 1061 1887 1137 coepit
1916 1074 2039 1119 ma-

387 1162 501 1208 nus
525 1144 943 1219 extendere,et
966 1144 1262 1224 lacrymas
1288 1146 1624 1220 eﬂ‘undere,
1644 1153 1701 1208 et
1731 1145 1933 1209 dicere
1962 1145 2038 1209 iis

385 1238 489 1316 qui
514 1233 789 1297 aderant:
813 1231 901 1295 Ne
928 1233 1311 1309 existimetis,
1346 1254 1377 1295 ο
1404 1234 1653 1317 viri,qui
1681 1234 1862 1297 corde
1895 1235 2040 1299 estis

387 1322 889 1399 submersi,hunc
915 1341 1164 1404 puerum
1191 1332 1564 1402 peccasse,et
1584 1324 1783 1387 vexari
1814 1324 1887 1386 ab
1919 1325 2033 1385 im-

386 1412 613 1476 mundo
646 1413 862 1493 spiritu
894 1434 907 1475 :
942 1412 1046 1474 sed
1079 1413 1196 1475 hoc
1229 1423 1477 1495 propter
1535 1433 1645 1476 nos
1693 1415 1949 1493 contigit
1978 1422 2036 1476 et

389 1508 637 1583 propter
665 1513 929 1565 nostram
963 1504 1420 1565 conversionem
1454 1524 1469 1579 ;
1502 1512 1629 1566 erat
1660 1504 1816 1565 enim
1841 1505 2037 1567 vultus

387 1591 635 1656 infantis
660 1611 814 1673 pene
837 1611 1184 1657 conversus.
1208 1592 1355 1656 Cum
1392 1612 1535 1674 ergo
1570 1602 1845 1675 precatus
1875 1605 2037 1657 esset

2114 608 2305 684 βάθους
2347 608 2446 674 τῆς
2508 604 2723 685 καρδίας
2782 604 2942 665 αὐτοῦ
3004 603 3288 680 στενάξας,
3350 602 3444 661 καὶ
3509 603 3604 658 τὸν
3648 602 3767 658 Θεὸν

2115 699 2420 770 ἱκετεύσας,
2455 695 2804 776 ἐθεράπευσεν
2836 694 2992 753 αὐτά.

2203 785 2333 846 ΚΖ¹.
2382 786 2520 853 Γυνὴ
2577 785 2631 842 δέ
2668 808 2749 850 τις
2805 784 3093 860 λυσίκομος
3139 783 3263 860 μετ’
3320 782 3515 859 ὀλίγον
3574 782 3767 854 δπαντξ

2120 880 2264 949 αὒτῷ
2296 875 2351 932 ἐν
2380 880 2447 950 τῇ
2476 873 2605 954 ὁδῷ,
2638 873 2673 943 ἢ
2726 875 2821 931 καί
2865 873 3204 952 προσήγαγεν
3260 876 3408 946 αὒτῷ
3441 868 3663 927 παιδίον
3700 873 3765 934 ὣς

2122 965 2377 1022 ἐνιαυτῶν
2435 968 2596 1042 τριῶν
2638 963 3017 1039 κατακυρισθὲν
3074 963 3179 1019 ὑπὸ
3249 959 3535 1037 δαίμονος.
3600 963 3666 1017 Ὅ
3722 958 3768 1016 5's

2118 1054 2322 1119 δίκαιος
2383 1053 2712 1129 θεασάμενος
2766 1055 2921 1133 αὐτὸ,
2959 1051 3154 1129 ἤρξατο
3211 1052 3306 1115 τὰς
3357 1065 3569 1132 χεῖρας
3603 1050 3769 1105 huic

2119 1165 2227 1202 νειν
2258 1143 2441 1202 καὶτὰ
2471 1141 2668 1221 δάκρυα
2699 1142 2982 1222 προφέρειν
3039 1143 3128 1200 καὶ
3187 1144 3321 1220 πρὸς
3381 1154 3513 1203 τοὺς
3570 1141 3773 1217 παρόν-

2118 1256 2215 1298 τας
2258 1232 2436 1312 λέγειν
2469 1251 2486 1270 ο
2523 1235 2612 1299 Mr,
2668 1232 2943 1311 νομίσατε,
2993 1233 3035 1287 ὧ
3090 1230 3339 1310 ἄφρονες,
3395 1227 3776 1307 βεόυθισμένοι

2119 1336 2244 1388 ταῖς
2276 1320 2534 1402 καρδίαις,
2563 1321 2644 1378 ὅτι
2678 1323 2740 1377 τὸ
2769 1320 2961 1401 βρέφος
2992 1326 3147 1376 τοῦτο
3177 1319 3415 1399 ἥμαρτεν
3448 1320 3547 1376 καὶ
3580 1317 3775 1398 ὀχλεῖ-

2116 1435 2204 1469 ται
2246 1414 2348 1469 ὑπὸ
2406 1412 2710 1485 πνεύματος
2754 1410 3075 1489 ἀκαθάρτου,
3130 1409 3275 1466 ἀλλὰ
3318 1417 3483 1466 τοῦτο
3527 1407 3600 1464 δι’
3639 1411 3778 1483 ἡμᾶς

2118 1501 2335 1581 συνέβη,
2391 1501 2485 1558 καί
2530 1499 2615 1559 διὰ
2658 1502 2756 1568 τὴν
2800 1500 3067 1575 ἡμετέραν
3116 1498 3447 1579 ἐπιστροφήν
3486 1517 3502 1533 ·
3556 1498 3638 1565 ἦν
3682 1498 3783 1574 γΞιρ

2116 1593 2205 1649 καὶ
2247 1594 2308 1648 τὸ
2340 1593 2626 1669 πρόσωπον
2689 1598 2781 1648 τοῦ
2840 1588 3057 1648 παιδίου
3090 1602 3163 1654 είς
3193 1591 3261 1645 τὰ
3290 1590 3468 1646 ὀπίσω
3512 1588 3781 1666 στραφὲν,

386 1682 599 1744 beatus
620 1682 984 1758 Auxentius,
1021 1691 1080 1745 et
1108 1682 1481 1764 increpasset
1511 1684 1885 1746 immundum
1919 1684 2035 1765 spi-

2150 1681 2416 1756 εὐξάμενος
2473 1683 2563 1738 οὗν
2608 1685 2633 1739 ὁ
2679 1682 2969 1758 μακάριος,
3008 1682 3094 1737 καὶ
3125 1680 3453 1754 ἐπιτιμήσας
3487 1679 3571 1752 τῷ
3640 1679 3781 1732 ἀκα-

385 1771 594 1847 ritum,
628 1772 931 1855 inspirans
962 1777 1023 1834 in
1063 1773 1275 1835 faciem
1306 1772 1578 1847 infantis,
1616 1792 1750 1835 eum
1782 1777 2033 1836 curavit.

386 1859 642 1941 Egresso
691 1862 852 1925 enim
910 1862 1171 1943 maligno
1223 1872 1283 1925 et
1333 1863 1702 1926 exsecrando
1734 1863 2031 1939 daemone,

387 1952 500 2014 fuit
530 1953 661 2033 ejus
720 1952 915 2015 vultus
963 1953 1120 2016 sicut
1180 1953 1348 2035 prius
1400 1953 1733 2017 restitutus.
1764 1951 2038 2035 Cumque

391 2058 528 2103 eum
559 2059 769 2103 sanum
789 2041 1122 2122 recepisset
1152 2043 1392 2120 mulier,
1422 2042 1666 2105 domum
1697 2043 1880 2105 rediit
1901 2044 2035 2106 laeta

392 2138 456 2195 et
484 2133 608 2194 Deo
633 2149 819 2210 agens
846 2132 1090 2211 gratias.

468 2218 964 2285 XXVIII.Rursus
990 2229 1188 2283 autem
1216 2222 1277 2283 in
1302 2222 1393 2284 via
1411 2223 1608 2302 puella
1631 2222 2036 2304 quaedamme-

393 2311 514 2392 ptis
543 2310 831 2374 Dorothei
881 2310 1145 2386 comitis,
1196 2331 1264 2375 ex
1294 2312 1780 2392 peregrinatione
1813 2313 1873 2374 in
1906 2312 2035 2375 lec-

387 2400 508 2465 tica
529 2400 690 2464 venit
723 2408 924 2463 vexata
950 2418 986 2462 a
1035 2419 1190 2464 saevo
1240 2407 1537 2464 dmmone.
1572 2402 1761 2474 Quam
1795 2402 1972 2464 etiam
2002 2420 2037 2464 a

391 2491 627 2554 modico
683 2491 874 2572 spatio
935 2490 1118 2554 allisit
1172 2491 1342 2554 humi
1394 2490 1741 2555 immundus
1789 2491 2036 2571 spiritus

389 2599 463 2644 ex
494 2579 734 2644 lectica.
769 2578 916 2644 Cum
952 2590 1152 2644 autem
1216 2581 1603 2653 surrexisset,
1652 2581 1841 2644 scissa
1871 2591 2034 2644 veste

390 2670 703 2734 concurrit
731 2670 806 2733 ad
835 2689 1105 2747 currum,
1140 2670 1203 2733 in
1235 2690 1355 2749 quo
1387 2682 1517 2734 erat
1550 2670 1784 2747 beatus,
1814 2671 2037 2735 latrans

391 2768 452 2823 et
478 2760 746 2823 clamans
784 2778 798 2823 :
835 2760 987 2834 Quid
1016 2760 1123 2822 tibi
1162 2761 1253 2824 rei
1286 2779 1521 2823 mecum
1558 2770 1672 2833 est,
1720 2761 1983 2824 Auxenti
2008 2761 2039 2822 ε)

390 2850 538 2931 quid
597 2866 695 2912 me
749 2848 926 2912 uris?
981 2850 1124 2931 quid
1188 2867 1281 2911 me
1346 2848 2038 2931 persequeris?Ulinam

2116 1770 2289 1850 θάρτῷ
2345 1772 2607 1848 πνεύματι
2677 1770 2990 1851 ἐμφυσήσας
3055 1772 3130 1834 εἰς
3198 1770 3260 1824 τὸ
3322 1769 3633 1845 πρόσωπον
3696 1768 3791 1822 τοῦ

2117 1859 2350 1940 παιδίου,
2382 1861 2571 1918 ἰάσατο
2621 1862 2772 1922 αὒτὸ.
2810 1859 3226 1927 Ἐξεληλυθὸτος
3272 1860 3372 1938 γὰρ
3419 1866 3517 1913 τοῦ
3581 1863 3790 1933 μιαροῦ

2117 1948 2392 2027 δαίμονος,
2438 1952 2529 2008 καὶ
2576 1952 2638 2007 τὸ
2696 1951 2987 2029 πρόσωπον
3034 1949 3194 2006 αὐτοῦ
3253 1948 3646 2026 ἀπεκατέστη,
3704 1946 3791 2001 xx":

2116 2042 2242 2120 ὑγιῆ
2276 2041 2404 2097 αὐτὸ
2435 2038 2780 2098 ἀπολαϐοῦσα
2811 2042 2846 2109 ἡ
2902 2041 3110 2118 μήτηρ,
3173 2039 3335 2116 ἀπῄει
3368 2040 3792 2118 εὗχαριστοόσα

2116 2138 2194 2205 τῷ
2224 2136 2365 2204 Θεῷ.

2201 2220 2345 2283 KH'.
2412 2220 2577 2278 Πάλιν
2632 2217 2687 2275 δὲ
2746 2221 2883 2277 κάτᾶ
2952 2220 3050 2289 τὴν
3101 2217 3221 2276 ἑδὸν
3263 2220 3399 2299 κόρη
3426 2241 3513 2285 τις
3549 2217 3790 2296 ἔκγονος

2123 2310 2393 2390 Δωροθέου
2449 2317 2543 2368 τοῦ
2611 2310 2857 2385 κόμητος
2935 2311 3042 2367 ὰπὸ
3115 2307 3371 2384 ἐκδημίας
3443 2307 3675 2389 ἤρχετο
3734 2307 3789 2362 ἐι

2116 2398 2410 2478 βαστερνίῳ
2473 2399 2828 2479 ἐνεργουμένη
2900 2401 3003 2458 ὑπὸ
3063 2396 3338 2474 δαίμονος,
3398 2401 3466 2466 ἣν
3526 2400 3630 2454 καὶ
3692 2395 3787 2453 ἀπ’

2118 2488 2301 2568 ὀλίγου
2360 2488 2726 2564 διαστήματος
2801 2487 2985 2568 ἕῤῥηξε
3065 2510 3128 2544 το
3186 2488 3483 2565 ἀκάθαρτον
3560 2495 3786 2561 πνεῦμα

2118 2579 2224 2636 ἀπὸ
2279 2579 2589 2658 βαστερνίου
2646 2580 2717 2644 εἷς
2765 2579 2863 2646 τὴν
2908 2582 3033 2656 γῆν,
3085 2568 3179 2640 Ὦς
3208 2576 3263 2633 δὲ
3308 2578 3584 2655 παρέστη,
3618 2599 3781 2653 περι-

2122 2667 2429 2750 σχισαμένη
2481 2670 2579 2737 τὴδ
2625 2667 2846 2744 ἐσθῆτα,
2879 2668 3099 2748 ἔτρεχεν
3132 2667 3220 2724 ἐπὶ
3249 2667 3346 2729 τῆν
3378 2665 3625 2747 ἄμαξαν,
3662 2668 3782 2741 ivi;

2121 2760 2186 2829 ἢν
2245 2760 2273 2816 ὃ
2321 2760 2611 2839 μακάριος,
2664 2758 2971 2817 ὑλακτοῦσα
3016 2760 3101 2816 καὶ
3144 2758 3408 2837 κράζουσι
3444 2774 3458 2787 ·
3512 2760 3577 2816 Τί
3628 2757 3781 2838 ἔχεις

2122 2848 2246 2927 μετ’
2303 2848 2455 2929 ἐμοῦ,
2517 2847 2787 2928 Αὐξέντιε,
2839 2857 2889 2906 τί
2932 2870 2999 2925 με
3029 2849 3339 2911 κατακαίεις
3374 2866 3392 2923 ;
3424 2849 3475 2904 τί
3508 2868 3581 2924 με
3646 2846 3778 2903 διώ-

389 2938 665 3001 abortum
697 2937 945 3001 fecisset
1005 2947 1235 3013 uterus,
1296 2939 1401 3020 qui
1436 2947 1494 3001 te
1523 2941 1759 3021 peperit
1787 2939 1858 3000 ad
1894 2958 2039 3002 nos-

2150 2959 2285 3019 ,ειςς
2333 2939 2446 2995 εἴτε
2502 2939 2778 3017 ἐψόφησεν
2813 2940 2847 3006 ἡ
2894 2940 3076 3016 μήτρα
3117 2939 3153 3007 ἡ
3217 2938 3531 3016 γεννήσασά
3574 2960 3644 2994 σε
3705 2938 3776 2997 εἷς

394 3037 554 3093 trum
612 3027 896 3090 exitium.
955 3030 1114 3090 Ecce
1173 3029 1332 3090 enim
1390 3047 1526 3091 cum
1586 3029 2035 3105 quatuordecim

2155 3029 2336 3105 λεθρον
2389 3031 2568 3104 ἡμῶν.
2603 3026 2740 3085 ’ἰδοὺ
2797 3027 2898 3108 γὰρ
2944 3026 3301 3104 δεκατέσσαρα
3371 3026 3467 3094 ἔτη
3528 3049 3775 3105 κεκρυμ-

391 3135 588 3181 annos
615 3116 895 3181 latuerim
926 3116 988 3179 in
1021 3117 1134 3179 hac
1169 3129 1471 3195 creatura,
1505 3117 1711 3181 studes
1743 3137 1837 3180 me
1867 3120 1941 3181 ab
1972 3136 2039 3181 ea

2150 3117 2284 3175 ιένου
2333 3141 2435 3194 μου
2492 3119 2546 3174 ἐν
2597 3119 2665 3195 τῇ
2709 3117 2903 3174 πλάσει
2934 3118 3127 3193 ταύτῃ,
3161 3115 3405 3181 σπεύδεις
3435 3124 3534 3173 τοῦ
3592 3118 3773 3197 χωρί-

391 3226 700 3289 separare.
764 3208 914 3272 Cum
975 3214 1179 3270 autem
1241 3208 1490 3270 vidisset
1547 3207 1773 3270 Christi
1804 3226 2036 3285 servus,

2150 3232 2211 3266 ἀι
2256 3230 2323 3284 με
2355 3205 2448 3264 ἀπ’
2482 3207 2672 3276 αὐτῆς.
2700 3206 2849 3266 Ἰδὼν
2880 3206 2935 3264 δὲ
2967 3209 2994 3264 ὁ
3037 3206 3274 3275 ἂθλητὴς
3306 3216 3398 3266 τοῦ
3429 3214 3676 3283 Χριστοῦ
3706 3209 3775 3272 ὣς

388 3297 614 3362 athleta
660 3296 1003 3362 Anxentius
1034 3297 1166 3378 ejus
1219 3298 1574 3374 nuditatem,
1609 3316 1745 3360 cum
1788 3316 2036 3360 vexare-

2151 3298 2446 3378 χειμάζετο
2506 3299 2608 3355 ὑπὸ
2657 3308 2752 3358 τοῦ
2801 3297 3047 3375 δαίμονος
3103 3296 3203 3364 τὴν
3248 3297 3521 3374 γύμνωσιν
3577 3300 3772 3367 αὖτ’ῖ,ς,

392 3396 494 3452 tur
523 3406 558 3450 a
587 3387 886 3468 daemone,
923 3406 1140 3469 magna
1170 3388 1258 3450 ira
1280 3390 1567 3470 percitus,
1604 3408 1723 3450 non
1754 3389 1886 3449 sivit
1907 3407 2037 3449 eam

2150 3391 2383 3468 ’ργισθεὶς
2434 3390 2583 3463 θυμῷ
2632 3387 2852 3465 μεγάλῳ
2902 3388 3000 3445 οὒκ
3056 3386 3239 3443 εἴασεν
3282 3386 3449 3453 αὒτὴν
3503 3385 3773 3459 λαλῆσαι,

389 3476 607 3556 loqui:
644 3477 752 3540 sed
807 3496 942 3540 cum
1001 3476 1383 3558 increpasset
1440 3478 1822 3539 immundum
1856 3477 2038 3558 spiri-

2150 3475 2244 3533 ελλ’
2302 3477 2629 3547 ἐπιτιμήσας
2681 3484 2757 3550 τῷ
2802 3478 3065 3552 πνεύματι
3108 3481 3188 3548 τῷ
3234 3476 3542 3554 ἀκαθάρτῳ,
3576 3475 3774 3554 κράξας

391 3576 546 3641 tum,
577 3567 846 3629 clamans
880 3586 1094 3646 magna
1128 3586 1295 3640 voce,
1330 3567 1480 3629 dixit
1513 3585 1528 3630 :
1561 3567 1886 3647 Egredere,
1925 3572 2039 3628 im-

2150 3572 2276 3643 ›ωνῇ
2308 3567 2520 3644 μεγάλῃ
2575 3567 2734 3624 εἶπεν
2770 3583 2784 3598 ⁸
2825 3565 3072 3638 Ἔξελθε,
3118 3577 3326 3641 πνεῦμα
3382 3567 3657 3645 πονηρὸν,
3721 3565 3777 3621 ἐκ

397 3656 619 3719 munde
645 3657 920 3736 spiritus,
976 3675 1048 3718 ex
1086 3656 1196 3719 hac
1230 3667 1532 3734 creatura,
1568 3658 1629 3720 in
1663 3659 1904 3719 nomine
1938 3657 2039 3718 Do-

2150 3665 2220 3714 τοῦ
2275 3655 2592 3731 πλάσματος
2647 3656 2701 3712 ἐν
2778 3664 2854 3729 τῷ
2931 3657 3153 3731 ὀνόματι
3211 3663 3304 3713 τοῦ
3366 3660 3557 3734 Κυρίου
3615 3658 3775 3730 ἡμῶν

392 3745 542 3809 mini
573 3746 759 3808 nostri
788 3745 930 3809 Jesu
962 3747 1210 3819 Christi,
1265 3746 1370 3826 qui
1426 3746 1779 3809 incarnatus
1829 3748 1942 3809 fuit
1973 3765 2039 3809 ex

2150 3749 2305 3813 Ιησοῦ
2394 3754 2619 3823 Χριστοῦ
2690 3753 2782 3804 τοῦ
2877 3745 3243 3825 σαρκωθέντος
3326 3745 3387 3803 ἐκ
3458 3748 3772 3821 Πνεύματος

393 3836 620 3917 Spiritu
652 3844 857 3898 sancto
889 3845 947 3898 et
984 3837 1167 3902 Maria
1212 3835 1487 3913 Virgine.
1539 3837 1814 3900 Stridens
1845 3837 2039 3918 itaque

2150 3839 2278 3914 ιγίου
2321 3837 2408 3893 καὶ
2458 3837 2658 3915 Μαρίας
2718 3842 2819 3903 τῆς
2867 3837 3159 3907 Παρθένου,
3220 3836 3488 3901 Στενάξας
3534 3838 3627 3894 οὖν
3688 3840 3771 3895 καὶ

396 3935 456 3989 et
493 3926 730 4007 ejulaus
762 3925 1023 4002 daemon,
1059 3926 1199 3989 exiit
1234 3925 1508 4006 protinus
1539 3944 1609 3987 ex
1640 3928 1857 4006 puella,
1905 3946 2039 3990 cum

2150 3925 2377 3991 »λολύξας
2413 3929 2440 3983 ὃ
2470 3924 2698 4004 δαίμων,
2731 3924 2917 3993 ἐξῆλθε
2948 3932 3287 4006 παραχρῆμα
3314 3925 3377 3982 ἐκ
3413 3930 3515 3990 τῆς
3579 3928 3766 4003 κόρης,

393 4034 510 4079 nec
541 4015 596 4078 ei
628 4014 871 4096 quidem
904 4015 1117 4081 fuisset
1164 4015 1413 4079 omnino
1448 4015 1803 4096 permissum
1836 4017 2039 4095 nugari

2150 4014 2263 4083 ιηδέ
2304 4014 2442 4081 ὅλως
2488 4019 2858 4096 συγχωρηθεὶς
2916 4015 3226 4094 πλυαρῆσαι
3273 4014 3359 4072 διὰ
3380 4025 3475 4076 τοῦ
3505 4014 3767 4091 πλάσμα-

395 4124 504 4189 per
535 4113 896 4169 creaturam.

2156 4128 2235 4172 ος.

475 4194 674 4260 XXIX.
707 4193 923 4257 Milites
951 4202 1150 4258 autem
1177 4214 1311 4258 cum
1346 4193 1589 4258 clericis
1620 4203 1678 4256 et
1706 4196 2039 4277 monachis,

2206 4193 2343 4257 KO'.
2392 4198 2452 4254 Oi
2481 4193 2537 4251 δὲ
2583 4200 2908 4273 στρατιῶται
2941 4196 3032 4252 σὺν
3060 4208 3181 4258 τοῖς
3218 4194 3504 4274 κληρικοϊς
3549 4198 3640 4252 καὶ
3670 4218 3767 4271 μο-

400 4286 506 4366 qui
535 4284 1061 4366 consequebantur
1093 4304 1164 4348 ex
1194 4295 1559 4360 monte,cum
1590 4284 2039 4364 viderentsigna

2157 4298 2317 4366 αχοϊς
2372 4297 2492 4348 τοῖς
2540 4285 2921 4360 συνεπομένοις
2980 4287 3126 4358 αὒτῷ
3170 4286 3230 4342 ἐκ
3274 4296 3369 4345 τοῦ
3410 4285 3597 4363 ὄρους,
3627 4289 3762 4343 θεων

398 4393 532 4457 (ιυω
562 4391 668 4455 per
697 4374 895 4454 ipsum
936 4373 1196 4436 faciebat
1226 4371 1530 4446 Servator,
1564 4373 2038 4450 admirabantur,

401 4473 460 4526 et
488 4463 674 4541 magis
706 4462 1059 4525 dubitabant
1089 4482 1266 4544 quam
1300 4463 1922 4538 crederent,dicentes
1951 4464 2038 4526 ei:

2127 4382 2337 4453 ροῦντες
2395 4375 2463 4431 τὰ
2506 4388 2736 4449 σημεῖα,
2798 4376 2831 4430 ἃ
2882 4374 3051 4431 ἐποίει
3110 4373 3176 4431 δι’
3242 4381 3400 4434 αὖτοῦ
3455 4378 3484 4432 ὁ
3554 4375 3760 4453 Σωτὴρ,

2129 4463 2525 4533 ἐξεπλήσσοντο
2574 4464 2663 4520 καὶ
2720 4463 2926 4538 μᾶλλον
2961 4463 3228 4536 ἐδίσταζον
3258 4465 3293 4534 ἢ
3352 4464 3632 4522 ἐπίστευον
3673 4464 3760 4520 λέ-

401 4552 542 4616 Haec
590 4551 763 4627 facis,
798 4560 865 4613 ut
922 4553 1114 4614 oculis
1145 4562 1491 4634 appareant,
1528 4571 1560 4614 0
1591 4553 1804 4615 illusor
1834 4552 2039 4616 Christi

2150 4576 2315 4634 (οντες
2375 4558 2517 4628 αὗτῷ
2554 4573 2566 4586 ⁸
2627 4554 2763 4631 Πρὸς
2827 4552 3301 4634 ὀφθαλμοπλανῖαν
3373 4557 3534 4629 ἡμῶν
3610 4562 3759 4612 ταῦτα

401 4642 655 4709 Sanctus
674 4650 872 4705 autem
897 4641 1242 4718 subridens,
1276 4641 1423 4704 dicit
1451 4642 1539 4704 eis
1568 4660 1581 4705 :
1614 4641 1737 4721 Ego
1770 4662 1886 4704 non
1913 4662 2045 4705 sum

402 4733 627 4798 Christi
658 4731 1005 4807 illusor,sed
1032 4750 1238 4794 servus
1261 4732 1390 4806 Dei,
1412 4731 1671 4793 credens
1693 4732 1752 4793 in
1777 4741 2045 4794 sanctam

403 4822 803 4905 ejusdemque
849 4822 1131 4884 essentia;
1177 4829 1238 4883 et
1269 4819 1633 4882 individuam
1665 4819 2042 4898 Trinitatem,

400 4913 818 4994 conﬁtensque
852 4912 1303 4993 Deiparentem,
1339 4917 1605 4972 sanctam
1639 4919 1696 4972 et
1726 4910 2044 4994 incorrup-

402 5010 520 5065 tam
546 5001 882 5081 Virginem.

440 5090 776 5156 XXX.Cum
799 5109 936 5154 vero
961 5089 1338 5173 pervenisset
1357 5090 1428 5151 ad
1452 5088 1738 5171 praedium
1770 5093 1925 5173 quod
1948 5092 2045 5154 di—

399 5182 1079 5263 citurSycides,juvenis
1102 5179 2045 5262 quidam,nomineGregorius,ex

406 5291 555 5353 pago
582 5271 917 5353 Lyddorum
952 5272 1300 5353 (6),habens
1329 5271 1604 5352 spiritum
1640 5271 2038 5345 immundum,

406 5361 659 5423 accessit
687 5361 758 5423 ad
790 5375 1066 5424 sanctum
1091 5361 1153 5423 in
1176 5360 1447 5424 eamdem
1472 5361 1939 5441 possessionem,
1970 5364 2041 5426 ad

413 5545 426 5558 .
472 5476 553 5545 (ἢ)
590 5476 828 5535 Videtur
871 5478 1049 5548 Lydia
1100 5478 1250 5535 Asne
1300 5476 1538 5560 Minoris
1571 5477 1732 5604 regio
1768 5477 2040 5559 intelligi,

413 5553 561 5604 Inter
597 5560 769 5604 uuam
802 5556 856 5604 et
909 5548 1242 5604 Bithvnlam
1301 5550 1598 5604 interiacet
1677 5550 1903 5604 brvma.
1939 5550 2040 5604 Est

409 5548 561 5607 inter
597 5560 769 5623 quam
802 5556 856 5615 et
909 5548 1242 5625 Bithyniam
1301 5548 1598 5619 interiacet
1629 5548 1903 5622 Phrygia.
1939 5548 2043 5612 Est

2129 4658 2338 4719 ποιεῖς,
2386 4646 2840 4725 χριστεμπαίκτα.
2894 4635 2951 4702 Ὀ
3015 4642 3069 4700 δὲ
3120 4643 3399 4721 μειδιάσας
3445 4645 3597 4721 λέγει
3640 4647 3759 4721 πρὸ(

2131 4736 2318 4798 αὐτούς
2357 4749 2369 4764 ⁶
2438 4731 2582 4813 Ἐγὼ
2612 4731 3093 4813 χριστεμπαίκτης
3124 4737 3219 4791 οὒκ
3248 4735 3380 4810 εἰμὶ,
3412 4733 3559 4792 ἀλλὰ
3592 4733 3759 4795 δοῦλος

2126 4833 2220 4883 τοῦ
2277 4832 2430 4898 Θεοῦ,
2493 4823 2757 4880 πιστεύων
2823 4825 2897 4888 εἷς
2949 4823 3050 4890 τὴν
3110 4824 3264 4901 ἁγίαν
3325 4827 3415 4882 καὶ
3475 4822 3761 4902 ἀδιαίρετον

2132 4911 2323 4994 Τριάδα
2369 4916 2464 4972 καί
2499 4913 2779 4990 ὁμολογῶν
2838 4912 3098 4970 Θεοτόκον
3153 4913 3253 4981 τὴν
3296 4913 3454 4991 ἁγίαν
3509 4912 3760 4994 ἆξθαρτον

2133 5003 2416 5083 Παρθένον.

2211 5094 2298 5155 Α’.
2345 5085 2438 5160 ιΩις
2486 5091 2541 5149 δέ
2585 5091 2808 5171 ἔφθασεν
2868 5091 3059 5149 λοιπὸν
3094 5090 3149 5147 ἐν
3181 5092 3367 5171 χωρίῳ
3398 5090 3757 5170 ἐπιλεγομένῳ

2130 5181 2363 5263 Σιγίδες,
2423 5181 2681 5258 νεώτερός
2735 5203 2813 5245 τις
2854 5182 3077 5252 ὀνόματι
3111 5182 3392 5259 Γρεγόριος
3426 5181 3534 5238 ἀπὸ
3569 5182 3754 5262 χωρίου

2129 5272 2359 5349 Λύδδων,
2412 5270 2557 5351 ἔχων
2601 5280 2809 5346 πνεῦμα
2841 5270 3136 5350 ἀκάθαρτον
3166 5270 3433 5346 προσῆλθε
3463 5278 3541 5346 τῷ
3589 5294 3754 5344 μακα-

2128 5364 2221 5443 ρίῳ
2278 5364 2333 5418 ἐν
2384 5367 2481 5435 τῷν
2520 5360 2664 5435 αὒτῷ
2720 5362 2982 5435 κτήματι,
3044 5362 3394 5440 προσπίπτων
3468 5362 3616 5435 αὖτῷ
3670 5361 3750 5415 καί

2127 5481 2297 5539 etiam
2332 5477 2525 5549 Lydda
2559 5476 3053 5549 urbsAPaliaastinae
3105 5476 3482 5547 episcopalis,
3532 5476 3609 5533 de
3653 5489 3747 5549 qua

2127 5552 2197 5612 ad
2220 5547 2402 5610 Vitam
2423 5549 2479 5607 S.
2514 5547 2742 5622 Georgii
2775 5547 2845 5605 28
2879 5548 3100 5622 Aprilis
3134 5562 3401 5622 agemus,
