3932 6140
221 273 374 343 1401

208 408 389 468 λέγων

208 437 389 489 Αεγων
426 437 437 441 ⁷
507 437 744 478 ὖΛεησθν
803 437 896 489 με,
955 437 1106 466 οουΑε
1150 437 1245 466 του
1286 437 1507 485 υψιστου
1573 437 1727 482 σίου,
1775 437 1856 463 υἷι

208 500 486 581 όχλοῦμαι
544 503 645 558 ὕπο
724 498 974 574 δαίμονος
1033 500 1292 578 πονηροῦ.
1356 500 1414 557 Ὀ
1485 499 1540 556 δὲ
1600 499 1860 574 μακάριος

207 589 413 654 ἐπιθεὶς
469 592 568 658 τὴν
613 603 780 670 χεῖρα
837 589 924 646 ἐπὶ
975 590 1073 657 τήν
1105 590 1345 670 κεφαλὴν
1377 590 1538 650 αὺτοῦ
1568 591 1654 646 καὶ
1687 611 1859 666 προσ-

211 679 532 760 ευξάμενος,
575 686 652 754 τῷ
712 681 808 755 μὲν
858 681 1120 755 πνεύματι
1171 680 1486 759 φθέγξασθαι
1521 685 1579 740 οῦ
1610 678 1858 757 συνεχώσο

201 792 399 847 ρησεν,
459 769 827 838 ἐξεληλυθέναι
873 769 927 826 δὲ
1001 772 1127 827 αὐτὸ
1187 768 1271 825 διὰ
1329 775 1428 835 τῆς
1484 771 1708 850 χάριτος
1766 769 1860 824 τοῦ

202 867 348 916 Θεοῦ
406 858 777 940 ἐπρέσϐευσεν.
862 858 929 917 Ἠ
1017 861 1104 916 οῦν
1186 857 1389 933 δαίμων
1446 859 1692 931 ἐξελθὼν,
1756 857 1856 914 ὑπὸ

202 949 444 1016 ἀκάνθας
505 950 734 1017 πλησίον
778 955 878 1016 τῆς
919 947 1040 1007 ὁδοῦ
1096 950 1484 1028 ὑπεκρύπτετο,
1516 948 1657 1007 ὥστε
1687 948 1856 1004 ἐπαν-

205 1039 388 1105 ιόντος
445 1040 539 1096 τοῦ
600 1043 899 1119 νεανίσκου,
973 1040 1132 1097 πάλιν
1178 1043 1251 1102 εἷς
1297 1042 1454 1096 αὐτὸν
1496 1039 1853 1115 ὑποστρέψαι,

207 1130 366 1185 Μετὰ
422 1129 509 1186 οῦν
567 1131 627 1186 τὸ
684 1129 1068 1207 ἀπαλλαγῆναι
1121 1130 1242 1193 τοὺς
1305 1131 1436 1206 βόας
1497 1130 1582 1184 καὶ
1638 1127 1856 1202 μέλλειν

204 1219 407 1281 αὐτοὺς
479 1231 651 1277 κινεῖν
709 1220 810 1287 τὴν
857 1219 1090 1295 ἅμαξαν,
1154 1220 1311 1288 γνοῦς
1358 1223 1412 1274 ἓν
1470 1225 1547 1292 τῷ
1589 1217 1856 1289 Πνεῦματι

203 1316 293 1382 τῷ
333 1308 469 1386 ἁγίῳ
527 1311 554 1365 6
599 1307 886 1389 μακάριος,
933 1309 1033 1390 ἔφη
1078 1315 1151 1382 τῷ
1201 1309 1458 1382 νεανίσκῳ
1492 1327 1506 1342 ⁸
1543 1309 1635 1363 Σοὶ
1689 1305 1853 1384 λέγω,

207 1397 462 1474 νεώτερε,
506 1397 603 1475 ὅρα
633 1400 711 1476 μὴ
770 1398 1007 1475 ἀπέλθῃς
1050 1401 1189 1456 κατὰ
1232 1400 1330 1466 τὴν
1374 1398 1654 1476 ἀριστερὰν
1711 1397 1852 1469 ὁδὸν,

207 1485 280 1544 δι’
314 1489 378 1555 ἧς
430 1487 588 1556 ἦλθες
623 1505 638 1520 ⁸
693 1491 810 1545 εκεῖ
839 1489 938 1566 γὰρ
968 1489 1258 1567 κέκρυπται
1287 1491 1388 1544 ὑπὸ
1419 1488 1660 1543 ἀκανθῶν
1699 1507 1853 1562 περι-

202 1577 390 1653 μένων
435 1599 491 1634 σε
537 1580 566 1634 6
624 1579 859 1654 πονηρός
894 1597 910 1616 ⁸
947 1578 1085 1636 ἀλλὰ
1109 1580 1246 1636 κατὰ
1276 1579 1372 1647 τὴν
1403 1576 1574 1643 δεξιὰν
1632 1574 1850 1647 ἄπελθε,

195 1667 545 1747 εὐχαριστῶν
604 1675 680 1741 τῷ
740 1672 856 1743 Θεῴ
908 1671 998 1727 καὶ
1050 1668 1224 1746 λέγων
1259 1685 1271 1698 '
1341 1665 1476 1733 Δόξα
1535 1671 1612 1739 τῷ
1654 1663 1848 1742 Πατρΐ,

193 1755 326 1822 δόξα
357 1764 434 1831 τῷ
493 1759 621 1833 Υίῷ,
684 1754 807 1824 δόξα
860 1781 936 1831 τῳ
965 1759 1101 1838 ἁγίῳ
1129 1758 1419 1834 Πνεύματι,
1444 1778 1522 1830 τῳ
1551 1754 1850 1825 λαλήσαντι

195 1843 290 1905 διὰ
321 1850 427 1903 τῶν
453 1852 747 1926 προφητῶν
780 1849 961 1910 αὐτοῦ.

1540 274 1722 339 VITA
1769 272 1828 336 S.
1875 267 2275 337 AUXENTII.

425 425 438 441 ’
480 408 744 478 Ἐλέησόν
803 430 896 489 με,
955 407 1106 466 δοῦλε
1150 416 1245 466 τοῦ
1286 409 1507 485 ὒψίστου
1573 411 1727 482 Θεοῦ,
1775 407 1834 463 ὅτ

2007 423 2073 466 us
2105 404 2289 484 pedes
2330 400 2671 483 procidens.
2725 409 2786 464 et
2817 400 3027 464 dicens
3064 419 3076 464 :
3114 399 3397 465 Miserere
3429 400 3574 477 mei,

3429 265 3580 333 1402

1947 514 2114 556 serve
2147 494 2250 555 Dei
2282 492 2874 573 altissimi,quoniam
2908 511 3088 553 vexor
3118 511 3149 552 a
3183 491 3441 570 maligno
3466 490 3579 553 dae-

1945 603 2145 646 mone.
2201 585 2416 646 Beatus
2446 593 2639 644 autem
2697 582 3053 657 Auxentius,
3091 581 3368 661 imposita
3401 599 3579 641 manu

1943 677 2075 755 ejus
2109 675 2456 754 capiti.cum
2489 681 2646 734 esset
2677 681 2982 753 precatus,
3020 672 3299 750 spiritum
3335 670 3578 751 quidem

1941 784 2060 826 non
2091 764 2232 825 sinit
2262 763 2451 844 loqui,
2483 771 2545 823 ut
2571 763 2702 843 ipse
2732 771 2929 824 autem
2967 761 3178 835 exiret,
3217 779 3323 842 per
3355 759 3582 823 Christi

1940 854 2189 934 gratiam
2225 853 2586 932 procuravit.
2623 853 2813 914 Malus
2847 870 2982 913 vero
3008 852 3240 912 daemon
3275 869 3576 928 egressus,

1941 944 2164 1007 latebat
2219 942 2331 1004 sub
2389 941 2561 1022 spina
2620 952 2862 1022 propter
2922 943 3098 1009 viam.
3138 949 3199 1002 ut
3236 947 3580 1002 revertente

1940 1035 2350 1108 adolescente,
2409 1031 2481 1093 ad
2535 1051 2668 1094 eum
2717 1051 2924 1094 rursus
2973 1031 3220 1093 rediret.
3256 1029 3577 1110 Postquam

1940 1133 2135 1186 autem
2174 1123 2447 1203 percussi
2479 1133 2614 1184 sunt
2649 1122 2856 1202 boves,
2889 1129 2946 1183 et
2981 1121 3093 1202 ipsi
3137 1139 3376 1181 currum
3407 1126 3582 1180 erant

1943 1213 2183 1288 moturi,
2220 1231 2589 1291 cognoscens
2619 1211 2828 1273 beatus
2863 1211 2922 1272 in
2956 1219 3169 1272 sancta
3195 1208 3444 1291 Spiritu,
3482 1209 3580 1270 di-

1939 1305 2023 1366 xit
2075 1302 2496 1363 adolescenti:
2553 1301 2946 1372 Adolescens,
3004 1319 3146 1362 cave
3209 1318 3284 1360 ne
3343 1315 3443 1360 cas
3475 1316 3583 1378 per

1941 1391 2093 1453 viam
2126 1392 2453 1466 sinistram,
2508 1410 2619 1473 per
2677 1410 2858 1468 quam
2907 1389 3107 1462 ivisti;
3158 1388 3281 1450 illic
3337 1387 3497 1450 enim
3547 1406 3582 1450 a

1937 1481 2122 1562 spinis
2149 1497 2240 1541 est
2271 1481 2628 1555 absconsus,
2661 1483 2763 1562 qui
2799 1488 2853 1542 te
2886 1487 3211 1560 exspectat,
3250 1477 3576 1555 malignus:

1937 1571 2045 1632 sed
2105 1570 2252 1632 vade
2308 1571 2382 1632 ad
2442 1570 2769 1645 dexteram,
2829 1569 2951 1632 Deo
3006 1587 3189 1648 agens
3239 1567 3482 1644 gratias,
3520 1574 3581 1628 et

1937 1661 2196 1722 dicens:
2234 1659 2435 1722 Gloria
2493 1659 2676 1740 Patri,
2736 1661 2926 1738 gloria
2983 1659 3156 1733 Filio,
3213 1657 3405 1737 gloria
3434 1656 3574 1736 Spi-

1935 1750 2081 1811 ritui
2115 1759 2345 1826 sancto,
2406 1749 2510 1831 qui
2564 1750 2799 1812 locutus
2855 1758 2946 1812 est
2994 1768 3101 1831 per
3133 1767 3275 1813 suos
3306 1747 3575 1830 prophe-

1936 1848 2046 1903 tas.

1713 2000 1957 2067 CAPUT
2001 2002 2074 2062 V.

529 2167 671 2244 Quae
699 2165 770 2231 S.
803 2168 1158 2231 Auxentius
1187 2168 1378 2248 egerit
1403 2165 1736 2246 tuleritque
1764 2165 1831 2226 in
1878 2164 2270 2225 monasterii:
2297 2163 2377 2225 ad
2407 2161 2795 2242 Rufﬁnianas
2827 2167 2886 2222 et
2913 2162 2982 2222 in
3013 2159 3248 2224 Phelto.

288 2293 420 2358 AA'.
469 2294 613 2363 ’Ἤδη
665 2295 723 2352 δὲ
779 2296 1108 2355 ἑπιστάντων
1165 2297 1218 2353 ἐν
1283 2319 1358 2370 τῳ
1415 2295 1682 2374 μαρτυρίῳ
1753 2298 1846 2350 τοῦ

193 2382 358 2460 ἁγίου
409 2384 725 2460 Θαλελαίου,
806 2388 854 2443 οἱ
934 2386 1186 2462 ἑπόμενοι
1259 2388 1402 2460 αῦτῳ
1457 2387 1672 2463 πτωχοὶ
1742 2384 1846 2440 ἀπὸ

193 2474 298 2530 τοῦ
365 2473 516 2550 ὅρους
599 2481 698 2544 τῆς
784 2474 985 2555 Ὀξίας,
1078 2474 1384 2554 ὀδυρόμενοι
1439 2478 1525 2532 καὶ
1585 2480 1844 2552 θρηνοῦν-

193 2584 292 2627 τες
338 2565 743 2644 συνετάττοντο,
791 2565 1255 2640 κατασπαζόμενοι
1299 2567 1365 2622 τὰ
1396 2566 1516 2622 ὅσια
1565 2564 1702 2643 ἴχνη
1752 2563 1848 2619 αῦ-

191 2659 318 2710 τοῦ.
354 2656 575 2732 Θεωρῶν
619 2653 672 2710 δὲ
733 2657 760 2710 6
811 2655 1062 2729 μαθητὴς
1095 2663 1186 2712 τοῦ
1218 2661 1446 2731 Χριστοῦ
1477 2656 1537 2710 τὸ
1576 2653 1846 2732 ἀφόρητον

190 2741 392 2804 πένθος
472 2741 569 2810 τῆς
639 2742 856 2823 καρδίας
943 2748 1140 2824 αὐτῶν,
1230 2743 1332 2823 ἔφη
1391 2746 1522 2821 πρὸς
1606 2741 1791 2804 αὐτούς
1826 2757 1840 2773 ⁸

188 2830 511 2905 Ἀπελθετε,
571 2833 754 2908 τέκνα,
819 2833 1096 2904 καθέζεσθε
1151 2833 1285 2898 τέως
1337 2833 1392 2890 ἐν
1422 2855 1499 2908 τῳ
1529 2832 1637 2911 ὄρει
1673 2851 1688 2866 ⁸
1735 2832 1845 2909 ἐγὼ

189 2921 302 2998 γὰρ
332 2920 448 2995 μεθ’
482 2923 629 2996 ὑμῶν
662 2924 795 2998 εἰμι.
833 2925 891 2981 Ei
922 2925 1022 3003 γὰρ
1053 2925 1114 2980 τὸ
1167 2925 1324 2992 σῶμά
1374 2945 1475 2998 μου
1518 2923 1840 3001 ἀπάγουσιν,

191 3009 340 3067 ἀλλά
381 3012 442 3068 τὸ
497 3012 706 3086 πνεῦμά
777 3035 880 3088 μου
954 3016 1008 3070 ἓν
1071 3015 1200 3088 ὑμῖν
1265 3012 1485 3086 ἔξεστιν,
1535 3015 1619 3069 καὶ
1663 3016 1724 3072 οῦ
1767 3012 1844 3087 μὴ

193 3099 579 3177 ἐγκαταλείψω
617 3107 781 3175 υμᾶς.
828 3104 888 3161 Οἱ
940 3103 1036 3176 μὲν
1083 3105 1172 3158 οῦν
1229 3109 1552 3182 στρατιῶται
1588 3101 1674 3159 ἐπὶ
1716 3101 1843 3158 τού-

2011 2289 2214 2353 ΧΧΧΙ.
2253 2291 2397 2352 Cum
2431 2298 2630 2352 autem
2658 2291 2775 2368 jam
2827 2289 3226 2352 accessissent
3255 2289 3317 2350 in
3349 2295 3572 2370 marty-

1929 2380 2086 2442 rium
2122 2381 2310 2441 sancti
2334 2378 2794 2452 Thalelasi,eum
2829 2386 3153 2460 sequentes
3178 2397 3470 2459 pauperes
3501 2397 3574 2442 ex

1933 2478 2134 2531 monte
2160 2468 2542 2542 Oxeae,simul
2573 2468 2873 2530 deﬂebant
2899 2478 2955 2530 et
2985 2469 3492 2543 lamentabantur,
3515 2475 3575 2531 et

1933 2559 2454 2639 amplectebantur
2486 2569 2686 2621 sancta
2717 2562 2850 2638 ejus
2881 2557 3151 2636 vestigia.
3177 2557 3402 2621 Videns
3433 2577 3571 2620 vero

1931 2647 2151 2710 Christi
2182 2647 2508 2728 discipulus
2556 2649 2890 2711 Auxentius
2944 2647 3386 2710 intolerabilem
3437 2649 3568 2710 luc-

1931 2745 2052 2798 tum
2087 2737 2286 2798 cordis
2318 2737 2708 2813 eorum,dixit
2739 2737 2826 2799 eis
2857 2761 2870 2796 :
2909 2737 3111 2819 Abite,
3144 2737 3338 2814 lilii,et
3361 2737 3570 2800 sedete

1927 2826 1988 2887 in
2022 2836 2222 2888 monte
2253 2828 2312 2888 in
2343 2845 2529 2907 pace;
2563 2847 2670 2905 ego
2698 2827 2860 2888 enim
2893 2846 3024 2888 sum
3055 2827 3384 2890 vobiscum.
3420 2831 3568 2892 Nam

1928 2917 2040 2977 etsi
2071 2935 2290 2996 corpus
2321 2935 2520 2978 meum
2556 2917 2883 2990 abducunt,
2920 2927 2979 2979 at
3014 2936 3180 2978 meus
3210 2918 3452 2998 spiritus
3484 2925 3575 2980 est

1928 3007 2087 3068 inter
2118 3024 2242 3086 vos,
2277 3024 2388 3068 nec
2418 3023 2522 3068 vos
2555 3026 2814 3088 unquam
2847 3007 3208 3087 relinquam.
3232 3007 3426 3088 Atque
3462 3007 3572 3070 mi-

1930 3095 2064 3158 lites
2097 3095 2338 3176 quidem
2368 3096 2495 3157 baec
2527 3115 2681 3174 aegre
2715 3095 3007 3160 ferebant:
3046 3115 3341 3179 pauperes
3370 3105 3569 3158 autem

193 3212 316 3253 τοις
347 3191 683 3268 ἠγανάκτουν
719 3207 732 3221 ⁸
769 3194 816 3248 οἱ
859 3189 915 3248 δὲ
945 3192 1304 3271 ὑπέστρεψαν,
1351 3195 1424 3256 ὡς
1473 3191 1841 3271 ἀπηγγείλατο

1998 3184 2160 3246 τνοτεὶ
2219 3194 2356 3246 sunt
2413 3184 2473 3245 in
2537 3193 2829 3260 montem,
2863 3186 3019 3248 sicut
3044 3187 3133 3248 eis
3164 3186 3314 3248 dixit
3344 3185 3571 3250 Christi

200 3282 399 3360 «16:01:,
421 3287 447 3336 6
478 3283 720 3358 θεράπων
749 3303 843 3338 του
874 3289 1123 3360 Χριστοῦ.

289 3357 418 3430 ΔΒ’.
452 3357 662 3432 Φθάσας
707 3373 796 3426 οὗν
853 3357 927 3426 ἐν’
951 3395 1028 3444 τῳ
1077 3372 1250 3448 ζεύγει
1296 3371 1369 3434 εἰς
1407 3371 1468 3426 τὸ
1498 3369 1550 3425 ἒν
1581 3375 1648 3446 τῇ
1675 3369 1844 3442 Φιλίῳ

201 3461 584 3536 μοναστήριον,
646 3458 795 3537 ἄφνω
853 3459 1106 3538 νεώτερός
1169 3483 1250 3523 τις
1310 3459 1534 3534 ὀνόματι
1579 3457 1842 3537 Ἰσίδωρος

207 3546 233 3566 ν
647 3550 655 3562 ι
921 3552 928 3556 -
1028 3537 1031 3538 ⁷
1249 3537 1286 3563 τλ
1564 3557 1584 3565 ν
1725 3548 1772 3567 να

200 3547 401 3624 ηρξατο
445 3547 837 3623 δαιμονιζεσθαι
883 3551 970 3606 καὶ
1028 3551 1154 3625 βοᾷν
1189 3567 1202 3580 ⁸
1271 3560 1311 3604 Ω
1343 3550 1450 3605 ἀπὸ
1496 3571 1609 3622 σου,
1645 3550 1841 3615 Αῦςεν-

198 3657 309 3708 τιε,
342 3645 435 3694 τοῦ
466 3638 544 3712 μὴ
590 3635 885 3702 δεδωκότος
939 3661 1029 3712 μοι
1074 3638 1310 3703 ἐξουσίαν
1367 3638 1659 3712 ἀμύνασθαι
1719 3639 1839 3702 τοὺς

197 3727 646 3806 περιφρονοῦντάς
694 3749 751 3782 σε
809 3728 1116 3806 θεομάχους
1168 3730 1242 3792 εἰς
1293 3727 1650 3804 ὲξολόθρευσιν
1713 3728 1844 3802 ἐμοῦ

196 3816 289 3872 καὶ
346 3822 452 3872 τῶν
514 3815 654 3888 ἐμῶν
693 3831 706 3846 ⁸
743 3817 776 3884 ἡ
804 3818 905 3893 γὰρ
933 3815 1162 3894 πάροδός
1197 3839 1290 3872 σου
1325 3818 1388 3874 τὰ
1417 3819 1590 3873 πάντα
1620 3819 1841 3894 ἡγίασεν

199 3905 290 3961 καὶ
333 3903 653 3983 ἐφυγάδευσε
713 3905 992 3968 πλείστους
1043 3912 1144 3962 τῶν
1195 3905 1311 3964 καθ’
1349 3909 1512 3980 ἡμᾶς.
1549 3907 1608 3964 Ὀ
1641 3904 1694 3962 δὲ
1728 3930 1842 3982 μα-

194 3995 383 4071 κάριος
413 3996 544 4072 πρὸς
578 3996 734 4052 αὖτὸν
793 3994 896 4073 ἔφη
930 4012 944 4027 ⁸
1001 3997 1216 4071 Σιώπα,
1248 3997 1335 4052 καὶ
1367 3999 1674 4072 πεφίμωσο,
1709 3998 1842 4075 χαί-

196 4083 448 4163 ρεσίκακε
520 4082 747 4157 δαίμων,
809 4084 861 4139 ἒν
920 4108 994 4158 τῳ
1050 4087 1274 4160 ὀνόματι
1350 4085 1528 4151 Ἰησοῦ
1591 4093 1840 4162 Χριστοῦ.

200 4173 526 4249 Κατήγαγον
572 4172 659 4228 οῦν
719 4173 780 4228 ἐκ
814 4179 913 4239 τῆς
973 4173 1183 4248 ἀμάξης
1242 4175 1331 4229 τὸν
1375 4174 1527 4251 ἅγιον
1562 4173 1722 4250 ἄνδρα
1754 4176 1841 4231 καὶ

195 4263 486 4338 εἰσήγαγον
519 4261 573 4317 ἐν
603 4268 670 4338 τῇ
700 4262 963 4336 ἐκκλησίᾳ
995 4263 1086 4318 τοῦ
1117 4261 1278 4339 ἁγίου
1309 4262 1582 4326 Ἰωάννου,
1638 4255 1839 4327 Ἐστὼς

197 4350 291 4407 οῦν
321 4349 652 4428 προσηύξατο
712 4353 798 4408 ἐπὶ
842 4352 981 4426 ὥρας
1032 4354 1240 4430 ἱκανὰς,
1276 4349 1366 4407 διὰ
1395 4354 1455 4408 τὸ
1489 4353 1564 4426 μή
1596 4350 1839 4410 δύνασθαι

199 4439 332 4517 γόνυ
359 4439 542 4496 κλῖναι
604 4440 664 4498 ἐκ
709 4449 814 4498 τῶν
852 4442 906 4496 ἐν
954 4455 1069 4505 τοῖς
1115 4441 1280 4498 ποσίν
1325 4443 1484 4500 αὐτοῦ
1527 4441 1836 4516 μωλώπων,

201 4521 300 4590 Ὠς
357 4526 411 4584 δὲ
470 4529 752 4605 ἐπλήρωσε
807 4533 906 4596 τὴν
965 4533 1161 4610 εὔχὴν,
1222 4531 1508 4607 εἰσήγαγον
1570 4533 1724 4588 αὒτὸν
1784 4533 1839 4588 ἐν

1863 3259 1904 3309 C
1928 3293 2157 3336 εει-νος.

1984 3361 2382 3427 XXXII.Cum
2407 3363 2467 3424 in
2487 3381 2665 3426 curru
2686 3374 2882 3428 autem
2903 3366 3162 3428 venisset
3181 3365 3252 3428 ad
3275 3374 3570 3428 monaste-

1926 3451 2279 3534 rIum,quod
2304 3464 2432 3516 erat
2451 3453 2511 3514 in
2540 3453 3024 3536 Phelio,repente
3047 3457 3279 3536 juvenis
3296 3456 3562 3537 quidam,

1927 3547 2164 3602 nomine
2187 3546 2646 3618 Isidorus.caapit
2669 3549 2866 3604 vexari
2889 3564 2918 3604 a
2943 3549 3199 3606 daemone
3221 3559 3271 3605 et
3291 3548 3564 3608 clamare:

1927 3630 2028 3693 Vae
2052 3630 2628 3712 tibi,Auxenti.quid
2655 3652 2772 3693 non
2799 3633 3012 3696 dedisti
3040 3633 3187 3696 mihi
3212 3643 3565 3714 potestatem

1925 3720 2482 3800 ulciscendiimpios
2500 3723 2748 3782 deorum
2768 3722 3102 3803 hostes,qui
3127 3731 3184 3785 te
3207 3723 3561 3802 suscipiunt,

1924 3811 1994 3871 ad
2023 3829 2216 3870 meam
2239 3818 2296 3870 et
2321 3830 2586 3871 meorum
2615 3811 2972 3890 perniciem;
3000 3821 3137 3874 tuus
3167 3813 3327 3874 enim
3363 3823 3563 3875 trans-

1926 3900 2042 3961 itus
2073 3902 2273 3960 omnia
2313 3901 2723 3975 sanctiﬁcavit,
2761 3910 2820 3962 et
2862 3903 3083 3978 fugavit
3113 3921 3182 3964 ex
3219 3902 3391 3964 nobis
3424 3904 3559 3984 plu-

1927 3989 2516 4052 rimos.Dixitautem
2547 3990 2602 4051 ei
2623 3990 2830 4052 beatus
2867 4013 2880 4056 :
2916 3991 3073 4054 Tace
3107 4001 3165 4054 et
3195 3991 3560 4070 obmutesce,

1927 4082 2032 4161 qui
2057 4079 2227 4140 malis
2244 4079 2828 4156 gaudes,dzemon,in
2847 4080 3068 4144 Christi
3093 4082 3566 4145 nomine.Dedu-

1926 4178 2143 4231 xerunt
2174 4187 2314 4247 ergo
2349 4188 2381 4229 e
2414 4187 2590 4230 curru
2624 4171 2812 4231 virum
2849 4172 3102 4253 justum,
3133 4180 3192 4233 et
3217 4173 3564 4234 eumintro-

1927 4259 2227 4321 duxerunt
2251 4259 2308 4318 in
2342 4259 2659 4321 ecclesiam
2692 4260 2884 4322 sancti
2912 4259 3378 4323 Joannis.Stans
3417 4280 3563 4337 ergo

1927 4347 2117 4410 oravit
2171 4349 2348 4410 horas
2384 4349 2632 4429 aliquot,
2670 4357 2988 4430 propterea
3017 4351 3174 4432 quod
3213 4369 3330 4411 non
3368 4358 3569 4430 posset

1925 4457 2078 4516 genu
2103 4437 2344 4499 ﬂectere
2368 4438 2440 4498 ob
2470 4438 2826 4519 vibices,qui
2853 4449 3022 4501 erant
3046 4441 3106 4501 in
3131 4439 3258 4502 suis
3281 4441 3562 4520 pedibus.

1924 4521 2243 4608 Postquam
2273 4536 2467 4588 autem
2495 4529 2762 4608 implevit
2784 4549 2923 4592 suas
2947 4549 3184 4611 preces,
3219 4549 3355 4592 eum
3380 4532 3564 4592 intro-

201 4618 636 4698 χαμαιτρικλίνῳ
699 4624 1038 4699 πανταχόθεν
1098 4619 1510 4684 ἀποκλείσαντες
1549 4640 1560 4656 ⁸
1626 4624 1719 4676 τοῦ
1785 4621 1840 4678 δὲ

1998 4627 2222 4677 ixerunt
2254 4617 2312 4677 in
2345 4617 2484 4679 infer
2507 4619 2599 4678 ius
2633 4619 2984 4695 triclinium,
3039 4621 3304 4700 undique
3346 4621 3563 4684 clausis

196 4708 634 4789 προσευχομένου
678 4708 848 4789 ἔνδον,
898 4710 996 4776 ἔξω
1055 4708 1316 4788 Ἰσίδωρος
1375 4710 1498 4777 ἰάθη
1559 4712 1586 4766 6
1643 4709 1835 4788 δαιμο-

1998 4708 2136 4770 luis.
2174 4706 2256 4768 Eo
2289 4727 2431 4769 vero
2463 4709 2628 4770 intus
2661 4718 2964 4790 precante.
3001 4710 3143 4772 foris
3183 4709 3290 4771 fuit
3321 4719 3560 4772 curatus

193 4820 340 4856 νιων.

277 4884 415 4946 Al".
462 4885 628 4944 Ἀλλὰ
660 4889 792 4966 γυνή
837 4911 917 4954 τις
956 4887 1286 4963 Μαξιμιανοῦ
1325 4889 1577 4970 ἡνιόχου,
1613 4891 1833 4966 οἰομένη

194 4977 251 5032 ἒν
305 4998 382 5049 τῳ
440 4974 549 5054 ὄρει
605 4983 706 5045 τῆς
773 4977 945 5044 Ὀξίας
1004 4979 1147 5036 εἶναι
1218 4981 1310 5036 τὸν
1356 4981 1643 5061 μακάριον,
1700 4980 1830 5047 ἦλθε

191 5065 422 5146 φέρουσα
493 5067 578 5124 ἐπὶ
637 5068 794 5139 ζώοις
870 5069 1303 5147 πεφορτωμένοις
1377 5070 1576 5144 ἔλαιον,
1653 5075 1828 5151 οἶνον,

191 5156 403 5234 ἄρτους,
456 5158 634 5233 τυρὸν,
681 5157 896 5236 ὄσπρια,
947 5159 1205 5232 στούπαν,
1265 5161 1484 5234 κηρούς.
1541 5165 1636 5219 Καὶ
1691 5161 1828 5240 σφό-

193 5245 287 5324 δρα
319 5247 416 5319 μὲν
473 5245 714 5316 ἐλυπήθη
771 5248 848 5320 μὴ
900 5249 1118 5324 εῦροῦσα
1167 5248 1285 5305 ἐκεῖ
1319 5252 1406 5305 τὸν
1440 5249 1584 5307 ὅσιον
1618 5249 1776 5328 ἄνδρα
1812 5265 1826 5280 ⁸

191 5332 437 5392 διέδωκεν
498 5333 551 5391 δὲ
594 5337 657 5391 τὰ
703 5338 876 5393 πάντα
925 5351 1040 5400 τοῖς
1075 5339 1211 5396 κατὰ
1242 5341 1332 5394 τὸν
1361 5340 1527 5396 τόπον
1558 5362 1831 5418 προσκοιρ⁶

184 5431 394 5501 τεροῦσι
453 5438 734 5504 πτωχοῖς.
804 5427 1063 5504 Κοράσιον
1121 5428 1221 5504 γὰρ
1287 5431 1450 5496 αὒτῆς
1497 5427 1831 5507 ὀχλούμενον

186 5516 290 5570 ὑπὸ
329 5511 578 5588 δαίμονος
638 5514 839 5583 ἠξιώθη
903 5517 1115 5588 ἰάσεως,
1187 5537 1271 5573 και
1321 5518 1458 5574 πάνυ
1516 5517 1830 5596 προσέκειτο

1917 4797 2214 4869 Isidorus,
2249 4801 2345 4876 qui
2380 4797 2706 4859 vexabatur
2733 4819 2767 4860 a
2797 4799 3095 4862 daemone.

1999 4885 2548 4960 XXXlllQuzndam
2573 4899 2771 4950 autem
2799 4889 3036 4963 mulier,
3064 4888 3562 4952 uxorMaximiani

1915 4976 2154 5055 aurigae.
2197 4986 2408 5056 putans
2441 4977 2679 5039 beatum
2711 4978 3073 5041 Auxentium
3107 4998 3239 5041 esse
3265 4979 3324 5040 in
3357 4988 3562 5043 monte

1914 5063 2304 5146 Oxeamenit,
2335 5067 2538 5128 ferens
2562 5073 2825 5130 oneratis
2850 5069 3208 5132 animalibus
3231 5069 3558 5151 oleum,vi-

1918 5158 2938 5237 num,panem,caseum,logumina,
2975 5170 3208 5239 stupam
3240 5169 3300 5222 et
3330 5178 3556 5227 ceram.

1915 5244 1984 5306 Et
2014 5263 2223 5324 magno
2248 5246 2490 5321 quidem
2522 5248 2736 5309 dolore
2762 5258 2850 5310 est
2879 5249 3258 5329 aﬂ‘ecta,cum
3285 5261 3558 5313 sanctum

1915 5334 2104 5396 virum
2143 5335 2262 5396 illic
2295 5355 2412 5396 non
2450 5338 2802 5401 invenisset.
2838 5338 3153 5400 Distribuit
3183 5357 3322 5400 vero
3355 5341 3558 5402 omnia

1915 5425 2396 5506 pauperibusqui
2415 5445 2485 5488 eo
2510 5428 2571 5489 in
2597 5429 2729 5490 loco
2747 5428 3380 5509 perseverabanl.Ejus
3395 5430 3554 5492 enim

1915 5517 2277 5595 puella,qu3e
2303 5516 2628 5580 vexabatur
2650 5517 2722 5580 ab
2747 5518 3057 5581 immundo
3073 5518 3446 5595 daemone,ab
3470 5522 3561 5600 ip-

189 5625 266 5678 τῳ
309 5605 554 5684 μακαρίῳ
586 5620 599 5636 ⁸
649 5604 964 5679 θαυμάσασα
1029 5607 1140 5681 οὖν,
1207 5605 1287 5663 ὅτι
1349 5607 1436 5683 βίᾳ
1467 5604 1663 5688 σχεδὸν
1691 5629 1826 5666 κατ-

2001 5614 2274 5670 assecuta
2297 5605 2492 5670 fuerat
2512 5615 2911 5689 curationem,
2937 5616 2998 5674 et
3019 5606 3197 5673 beato
3231 5608 3356 5672 viro
3383 5609 3554 5676 valde
