3932 6140
438 281 592 350 1403

1696 283 1983 352 MENSIS
2024 286 2535 354 FEBRUARIUS.

3686 292 3813 360 140i

432 427 562 482 erat
582 419 813 484 dedita.
849 418 1058 485 Mirata
1084 440 1223 502 ergo
1246 420 1404 503 quod
1427 421 1483 482 vi
1507 422 1940 503 propemodum
1966 422 2065 485 de-

2173 422 2372 503 ηνέχθη
2413 426 2475 480 ἒ(
2531 431 2623 481 τοῦ
2664 423 2817 502 ὅρους
2863 423 2919 480 ἒν
2960 447 3039 500 τῳ
3091 427 3454 507 μοναστηρίῳ
3512 449 3596 502 τῳ
3653 428 3708 483 ἓν
3760 431 3812 497 τῆ

432 510 855 574 ductusfuerat
883 530 918 573 a
942 521 1167 587 monte,
1204 521 1262 573 et
1285 513 1528 591 degeret
1553 513 1822 575 inclusus
1868 514 1928 575 in
1955 532 2079 574 mo-

434 602 700 664 nasterio
731 602 893 680 quod
928 611 1020 665 est
1050 604 1109 664 in
1155 602 1387 676 Pbelio,
1422 603 1580 665 venit
1612 603 1752 665 illuc
1784 603 2080 665 meditans

435 691 735 774 eloquium
768 691 1289 773 Scripturae,quod
1321 693 1545 755 dictum
1580 703 1670 754 est
1702 694 1759 754 in
1788 693 2077 774 pulcher-

431 781 589 844 rima
633 781 941 862 Sapientia
996 781 1358 856 Salomonis,
1412 792 1470 844 et
1520 784 1831 864 impletum
1865 783 1927 845 in
1957 789 2078 844 vita

432 871 796 934 sanctissimi
816 871 1009 934 Patris
1043 873 1235 934 nostri
1265 873 1571 934 Auxentii:
1612 873 2078 935 «Examinemus

424 962 682 1043 justum,
709 964 991 1043 quoniam
1023 962 1256 1024 inutilis
1279 970 1370 1023 est
1401 962 1600 1037 nobis,
1637 972 1696 1024 et
1725 963 2077 1025 adversatur

430 1051 715 1134 operibus
745 1055 970 1115 nostris
998 1055 1079 1114 13.
1118 1078 1145 1110 ιο
1205 1051 1354 1115 Nam
1405 1072 1540 1114 cum
1568 1052 2078 1115 condemnassent

432 1160 571 1205 eum
602 1149 886 1223 tanquam
923 1142 1828 1215 maleﬁcum,incluserunt,non
1853 1161 2074 1205 conce-

429 1232 644 1295 dentes
674 1243 736 1294 ut
764 1235 1082 1316 quisquam
1116 1252 1253 1295 eum
1285 1232 1813 1295 conveniret.Cum
1858 1232 2077 1294 ﬁdelis-

430 1321 599 1384 simaa
660 1341 801 1402 ergo
857 1324 1001 1385 huic
1037 1324 1278 1385 feminae
1333 1324 1568 1384 beatum
1602 1323 1809 1383 videre
1841 1341 1960 1383 non
1992 1323 2072 1383 li-

435 1416 684 1488 cuisset,
719 1422 819 1475 aut
852 1431 988 1477 eum
1025 1413 1371 1487 convenire,
1424 1412 1575 1473 abiit:
1620 1413 1771 1474 ﬂens
1801 1411 2070 1492 domum,

431 1508 491 1562 et
522 1503 738 1564 marito
769 1522 878 1565 suo
910 1504 1113 1564 omnia
1146 1502 1522 1565 renuntians.

512 1591 1218 1657 XXXIV.Constantinus
1230 1596 1315 1671 (7;
1337 1600 1536 1654 autem
1561 1591 1677 1653 dux
1697 1592 1994 1654 exercitus
2016 1600 2075 1654 et

428 1681 718 1745 Artahius
737 1686 1075 1763 comes,qui
1097 1683 1259 1746 soliti
1282 1690 1453 1746 erant
1474 1683 1678 1743 venire
1709 1682 1781 1742 ad
1800 1690 2072 1743 sanctum

2159 512 2329 588 Φιλίῳ
2371 513 2549 591 διάγει
2581 514 3129 590 κατακεκλεισμένος,
3164 516 3333 583 ἢλθεν
3377 518 3575 574 ἐκεῖσε
3608 520 3671 575 τὸ
3698 542 3813 597 γρα-

2160 606 2315 682 φικὸν
2372 603 2654 679 μελετῶσα
2714 603 2932 683 λόγιον,
2995 609 3058 663 τὸ
3103 605 3271 685 ῥηθὲν
3314 607 3374 663 ἐν
3417 614 3497 685 τῇ
3555 612 3817 687 παναρέτφ

2162 695 2328 771 Σοφίᾳ
2384 693 2765 770 Σολομῶντος,
2833 697 2922 751 καὶ
2980 694 3264 774 πληρωθὲν
3314 700 3393 762 εἷς
3439 700 3546 755 τὸν
3591 700 3708 775 βίον
3740 708 3815 756 τοῦ

2157 787 2215 840 ἒν
2274 784 2446 861 ἁγίοις
2509 785 2716 861 Πατρὸς
2786 786 2942 859 ἡμῶν
3015 784 3292 851 Αὒξεντίου
3328 808 3342 821 ·
3410 812 3441 844 ι
3510 788 3813 864 Ἐτάσωρεν

2160 875 2249 930 τὸν
2279 871 2504 948 δίκαιον,
2559 872 2642 929 ὅτι
2700 872 3023 954 δύσχριστος
3059 873 3173 956 (sic
3205 897 3221 938 :
3255 880 3411 955 fort.
3450 879 3810 959 δύσχρηστος)

2157 965 2294 1037 ἡμῖν
2338 963 2482 1020 ἐστιν
2523 965 2612 1019 καὶ
2655 963 2986 1021 ἐναντιοῦται
3029 978 3147 1027 τοῖς
3181 966 3363 1043 ἔργοις
3408 970 3615 1042 ἡμῶν.
3660 992 3685 1022 ι
3723 961 3808 1038 Ὠς

2156 1054 2258 1131 γὰρ
2287 1054 2587 1110 κακοποιὸν
2636 1055 3051 1131 κατακρίναντες
3095 1056 3256 1112 αὐτὸν
3314 1057 3701 1115 κατέκλεισαν

2157 1143 2561 1222 συγχωροῦντές
2619 1167 2723 1199 τινι
2782 1146 3171 1225 συντυγχάνειν
3206 1146 3353 1221 αὖτῳ
3388 1167 3406 1181 ·
3461 1147 3602 1204 ὅθεν
3636 1149 3714 1221 μὴ
3738 1172 3805 1205 τι·

2159 1241 2332 1312 χοῧσα
2390 1235 2424 1301 ἡ
2482 1234 2782 1300 πιστοτάτη
2830 1232 2964 1300 αὕτη
3009 1239 3142 1312 γυνὴ
3190 1244 3289 1305 τῆς
3339 1238 3473 1301 θέας
3505 1241 3615 1294 τοῦ
3647 1261 3809 1312 pux-

2157 1323 2270 1400 ρίου
2316 1322 2351 1390 ἢ
2406 1327 2507 1388 τῆς
2548 1324 2834 1404 συντυχίας
2894 1323 3075 1396 αὐτοῦ,
3119 1325 3362 1394 ἀπῆλθεν
3436 1327 3497 1383 ἐν
3562 1350 3653 1399 τῳ
3692 1326 3811 1396 οἴτῳ

2156 1412 2324 1479 αὐτῆς
2354 1410 2635 1488 κλαίουσα,
2668 1416 2758 1470 καὶ
2789 1415 2965 1471 πάντα
2995 1436 3073 1472 τω
3102 1414 3245 1494 ἀνδρὶ
3273 1416 3745 1495 ἀπαγγέλλουσα.

2239 1581 2376 1653 ΛΔ’.
2425 1603 2830 1656 Κωνσταντϊνος
2884 1593 2939 1650 δὲ
2993 1593 3377 1673 στρατηλατῶν
3457 1596 3565 1652 καί
3629 1595 3819 1674 Ἀρτά-

2156 1677 2271 1744 ϐιος
2305 1684 2507 1756 κόμης,
2554 1684 2794 1751 συνήθως
2846 1682 3140 1762 ἐρχόμενοι
3174 1686 3308 1762 πρὸς
3342 1688 3437 1741 τὸν
3469 1686 3637 1742 ὅσιον
3674 1685 3819 1761 ἄνδρα

428 1769 946 1846 virum,venerunt
974 1774 1073 1834 ubi
1102 1782 1249 1845 erat,
1283 1783 1345 1834 ut
1375 1772 1722 1837 fruerentur
1748 1772 1924 1833 solita
1951 1770 2065 1832 uti-

2173 1770 2506 1844 εληλύθασιν,
2555 1771 2673 1828 ἔνθα
2708 1772 2798 1844 ἦν,
2859 1774 3120 1847 ὀψόμενοι
3167 1777 3346 1849 αὖτὸν,
3396 1775 3501 1831 ἐπὶ
3550 1778 3624 1831 τὸ
3687 1776 3819 1831 ἀπο-

432 1859 741 1934 litate.Qui
778 1881 911 1923 cum
947 1881 1081 1924 eum
1116 1862 1627 1936 convenissent,et
1647 1863 1720 1925 ab
1750 1881 1821 1924 eo
1853 1878 2065 1923 conse-

2173 1868 2346 1918 tzt‘isat
2377 1863 2475 1928 τῆς
2508 1861 2560 1927 ἐξ
2605 1861 2750 1923 ἔθους
2781 1863 3044 1942 ὠῳελείας
3077 1864 3258 1925 αὐτοῦ’,
3292 1867 3359 1921 Οἱ
3407 1869 3507 1921 καὶ
3556 1888 3820 1922 συντετυο

431 1951 555 2012 cuti
587 1968 793 2014 essent
824 1951 1631 2031 benedictionem,rogarunt
1663 1971 1737 2013 ne
1768 1951 1937 2012 daret
1969 1969 2065 2012 0c-

2173 1952 2395 2029 (ηκότες
2441 1955 2584 2025 αὔτῳ
2612 1953 2701 2007 καὶ
2751 1951 3132 2031 εὖλογηθέντες
3176 1955 3246 2008 ὑπ
3276 1956 3468 2034 αὺτοῦ,
3505 1954 3707 2021 ἠξίουν
3749 1959 3817 2029 μή

428 2040 731 2103 casionem
757 2041 830 2102 iis
856 2040 959 2122 qui
982 2043 1135 2102 male
1155 2040 1636 2116 sentiebant,sed
1669 2059 1774 2122 spe
1805 2048 1864 2101 in
1883 2040 2065 2102 Deum

2173 2038 2353 2096 Ξιδόναι
2400 2042 2664 2121 πρόφασιν
2707 2055 2827 2105 τοῖς
2872 2041 3203 2112 κακοδόξοις,
3253 2042 3391 2099 ἀλλὰ
3443 2050 3519 2119 τῇ
3552 2044 3663 2099 ἐπὶ
3700 2050 3817 2101 Θεξτ

427 2131 633 2193 omnia
659 2131 906 2211 quidem
940 2130 1248 2211 probaret,
1282 2133 1440 2212 quod
1472 2130 1695 2192 bonum
1726 2140 1925 2192 autem
1957 2142 2065 2206 est,

2173 2128 2330 2187 ἑλπίδι
2375 2133 2549 2187 πάντα
2608 2132 2706 2205 μὲν
2759 2130 3068 2206 δοκιμάσαι,
3132 2134 3190 2188 τὸ
3234 2131 3287 2188 δὲ
3330 2132 3510 2189 καλὸν
3543 2141 3817 2210 κρατῆσαι

427 2228 665 2283 teneret
686 2221 845 2294 “,ad
872 2222 1153 2282 unionem
1180 2234 1235 2282 et
1259 2221 1645 2282 concordiam
1681 2221 2065 2282 sanctissimi!

2173 2221 2228 2281 εἷς
2275 2219 2465 2276 ἕνωσιν
2521 2223 2609 2276 καὶ
2653 2221 2907 2294 ὁμόνοιαν
2944 2228 3042 2288 τῆς
3088 2221 3393 2299 ἁγιωτάτης
3445 2223 3817 2289 Ἐκκλησίας·

429 2318 488 2372 et
506 2311 815 2373 catholica
828 2311 936 2373 Dei
959 2311 1540 2374 Ecclesiae.Sanctus
1564 2318 1765 2372 autem
1789 2310 1938 2372 dicit
1957 2313 2065 2371 eis:

2173 2315 2185 2366 5
2216 2308 2271 2366 δὲ
2317 2311 2449 2388 πρὸς
2494 2313 2684 2375 αὐτοὺς
2715 2311 2818 2389 ἔτη
2845 2328 2858 2340 ·
2899 2313 3185 2381 Γενηθήτω
3213 2315 3274 2368 τὸ
3299 2312 3522 2387 θέλημα
3553 2316 3665 2369 τοῦ
3697 2322 3817 2371 Θεσῐ

427 2400 555 2464 Fiat
575 2401 847 2463 voluntas
868 2400 976 2463 Dei
1000 2401 1158 2463 sicut
1183 2402 1245 2463 in
1290 2401 1441 2464 coelo
1474 2410 1533 2462 et
1566 2403 1628 2461 in
1661 2408 1841 2462 terra.
1875 2399 2065 2480 Roga-

2173 2399 2231 2464 bq
2262 2400 2318 2455 έν
2347 2400 2554 2479 οὗρανῳ
2611 2403 2700 2458 καὶ
2754 2402 2841 2457 ἐπὶ
2900 2402 2995 2469 τῆς
3052 2402 3179 2479 γῆς.
3221 2394 3427 2467 Ἠξίουν
3481 2400 3542 2458 δὲ
3578 2406 3684 2459 τὸν
3715 2427 3817 2478 μα·-

426 2499 571 2552 runt
602 2509 743 2553 vero
777 2492 1115 2568 beatum,ut
1139 2510 1355 2553 aureos
1385 2490 2070 2572 aliquotacciperet,qui

426 2579 627 2641 dedita
647 2598 832 2660 opera
854 2580 927 2642 ab
948 2580 1036 2643 eis
1060 2582 1172 2643 aﬂ'e
1185 2581 1609 2644 rebantur.l|le
1634 2590 1828 2642 autem
1859 2580 1915 2641 id
1950 2599 2071 2642 non

426 2669 955 2741 sustinuit,dicens
977 2671 1090 2733 eis:
1109 2670 1479 2752 Pauperibus
1501 2671 1600 2753 qui
1622 2680 1763 2733 sunt
1784 2671 1844 2732 in
1871 2680 2073 2732 monte

427 2757 692 2840 Oxeaa,et
719 2760 1009 2821 fratribus
1040 2762 1194 2823 meis
1223 2765 1283 2822 in
1310 2762 1587 2837 Domino,
1625 2778 1727 2825 eos
1759 2762 1918 2824 date.
1954 2760 2072 2838 Ego

425 2849 589 2911 enim
622 2848 816 2911 habeo
850 2850 1077 2926 omnia,
1115 2861 1174 2912 et
1232 2850 1473 2913 abundo
1514 2870 1621 2932 per
1651 2857 1902 2928 gratiam
1938 2852 2071 2915 Dei.

425 2938 614 2999 Valde
665 2956 803 3000 vero
844 2957 1052 3018 magna
1078 2949 1213 3000 sunt
1233 2960 1301 3002 ex
1326 2940 1436 3002 hac
1459 2960 1525 3002 re
1549 2942 1744 3002 affecti
1775 2941 2068 3007 molestia.

425 3027 717 3110 quierant
740 3029 800 3090 in
827 3028 960 3090 loco
986 3031 1287 3092 monachi.
1327 3029 1445 3092 Sed
1469 3030 1554 3092 illi
1580 3030 1821 3110 quidem
1854 3030 2075 3093 Christi

2159 2491 2343 2565 κάριον
2386 2491 2615 2568 γρύσινα
2672 2493 2871 2570 φανερὰ
2912 2493 2987 2573 sit
3038 2492 3339 2570 προθέσεως
3392 2497 3815 2573 προσφερόμενα

2155 2576 2282 2658 παρ’
2325 2579 2499 2635 αὐτῶν
2527 2580 2870 2637 κοιιίσασθαι.
2908 2572 2964 2638 ιΟ
3006 2578 3061 2636 δὲ
3092 2580 3187 2638 οὒκ
3216 2580 3516 2661 ἠνέσχετο,
3554 2572 3809 2658 εἰρηκὼς,

2157 2678 2287 2734 Τολς
2346 2669 2401 2724 ἐν
2456 2690 2533 2742 τῳ
2573 2669 2682 2747 ὄρει
2728 2674 2826 2735 τῆς
2872 2667 3046 2735 Ὀξίας
3085 2686 3339 2749 πτωχοῖς
3397 2673 3495 2728 καὶ
3556 2671 3811 2752 ἀδελφοῖς

2158 2779 2259 2833 μου
2314 2758 2370 2813 ἐν
2449 2758 2620 2836 Κυρίῳ
2691 2767 2857 2817 ταῦτα
2939 2757 3164 2819 δέδοται.
3228 2760 3374 2836 Ἐγὼ
3442 2762 3553 2838 γὰρ
3621 2762 3809 2840 ἀπέχω

2157 2848 2354 2915 πάντα,
2403 2849 2491 2903 καὶ
2534 2849 2831 2924 περισσεύω
2880 2847 2965 2904 διὰ
3011 2854 3110 2916 τῆς
3141 2850 3363 2929 χάριτος
3392 2851 3494 2905 τοῦ
3528 2854 3803 2928 Χριστοῦ·

2157 2938 2295 2992 πάνυ
2351 2935 2408 2992 δὲ
2466 2937 2528 2993 ὲκ
2580 2938 2769 2993 τούτου
2828 2937 3152 3005 ἦνιάσθησαν
3208 2941 3256 2994 οὶ
3318 2940 3461 2995 κατὰ
3500 2942 3607 2996 τὸν
3655 2944 3805 2997 τόπον

2159 3026 2415 3106 μόναχοι·
2451 3025 2573 3081 ἀλλ’
2603 3027 2802 3082 ἐκεῖνοι
2831 3029 2894 3083 τὸ
2923 3026 3210 3108 διαταχθὲν
3240 3026 3605 3103 ἐπλήρωσαν.
3638 3030 3802 3085 Πλεῖ-

425 3125 697 3181 amantes
728 3118 1133 3199 impleverunt
1163 3120 1318 3200 quod
1357 3125 1443 3181 eis
1475 3125 1669 3182 fuerat
1697 3120 2063 3181 mandatum.

2173 3138 2273 3172 l‘tOt
2327 3114 2383 3170 δὲ
2426 3115 2616 3172 λοιπὸν
2646 3115 2948 3182 ἀκηκοότες
2992 3118 3054 3173 ἐκ
3097 3122 3192 3173 τοῦ
3220 3114 3372 3196 ὅρους
3402 3121 3800 3198 κατενεχθέντα

425 3206 678 3269 Plurimi
702 3216 899 3271 autem
927 3228 1065 3270 cum
1088 3209 1161 3271 de
1182 3217 1404 3271 caetero
1426 3209 2066 3282 andivissent,beatum

425 3296 500 3359 de
538 3307 742 3360 monte
772 3317 907 3362 esse
938 3298 1267 3363 deductum
1302 3300 1502 3363 etillic
1530 3300 1851 3379 degere,eo
1881 3318 2067 3362 vene-

424 3396 587 3449 runt.

504 3475 736 3541 XXXV.
767 3478 912 3542 Cum
946 3499 1081 3543 vero
1107 3481 1181 3543 ad
1212 3499 1351 3543 eum
1376 3481 1772 3543 accessissent
1795 3479 2067 3541 monachi

428 3569 801 3641 monasterii,
838 3571 1132 3649 rogabant
1160 3579 1456 3633 tentantes
1488 3589 1673 3651 quare
1711 3589 1829 3632 non
1860 3588 2066 3632 come-

425 3656 734 3721 deret.Ille
762 3668 961 3721 autem
992 3659 1142 3722 dixit
1167 3664 1278 3724 eis:
1307 3684 1330 3719 ι
1360 3660 1653 3734 Quoniam
1681 3658 2066 3741 experimen-

424 3758 548 3810 tum
581 3749 848 3829 quaaritis
876 3749 1232 3829 Christi,qui
1266 3750 1326 3811 in
1367 3769 1460 3812 me
1492 3751 1778 3830 loquitur,
1816 3748 1918 3830 qui
1949 3766 2067 3809 non

427 3847 518 3902 est
550 3839 848 3909 inﬁrmus,
888 3838 993 3901 sed
1032 3848 1241 3919 potens
1272 3842 1330 3902 in
1364 3841 1537 3902 nobis
1567 3843 1644 3915 i5,
1685 3864 1707 3897 ιι
1776 3839 2065 3919 scriptum

426 3937 518 3992 est
547 3927 607 3977 16
630 3949 642 3990 :
682 3930 846 3992 «Non
873 3929 931 3990 in
956 3930 1086 3990 solo
1114 3949 1265 4010 pane
1288 3932 1441 3991 vivet
1462 3932 1663 3999 homo,
1692 3930 1797 3990 sed
1820 3930 1881 3989 in
1906 3928 2068 3989 omni

424 4018 610 4081 verbo
641 4019 800 4095 quod
833 4019 1145 4097 egreditur
1177 4040 1282 4100 per
1301 4040 1368 4082 os
1392 4020 1556 4084 Dei.»
1583 4020 1845 4093 Quodam
1868 4019 2069 4094 itaque

428 4109 529 4171 die
559 4116 928 4191 aperuerunt
960 4110 1203 4170 domum
1229 4112 1288 4171 in
1326 4130 1436 4191 qua
1464 4118 1615 4186 erat,
1650 4119 1710 4171 et
1734 4114 2068 4190 posuerunt

424 4199 488 4262 in
520 4218 589 4261 ea
618 4207 886 4278 sportam
924 4200 1287 4271 betarum,et
1317 4209 1578 4280 spartam
1612 4200 2069 4280 dactylorum,et

424 4298 687 4370 spartam
746 4289 1117 4351 diversorum
1177 4289 1600 4363 bellariorum,
1633 4290 1837 4351 omnia
1867 4298 2065 4350 autem

428 4387 591 4440 certa
612 4386 987 4453 mensura,et
1009 4398 1145 4439 eum
1172 4380 1459 4458 rogabant
1485 4388 1548 4440 ut
1571 4398 1639 4441 ex
1665 4379 1753 4441 eis
1777 4385 2064 4439 sumeret.

2151 3205 2243 3261 τὸν
2282 3206 2543 3283 μακάριον
2579 3208 2674 3261 καὶ
2708 3204 2887 3262 ἐκεῖσε
2920 3202 3232 3286 διατρίϐειν,
3286 3206 3565 3281 ἀπῂεισαν
3628 3210 3718 3266 ἐπὶ
3751 3213 3801 3264 τὸ

2153 3295 2304 3354 αὐτό.

2233 3472 2370 3532 ΛΕ’.
2432 3473 2820 3552 Προσελθόντες
2878 3473 2934 3530 δὲ
2990 3478 3137 3548 αὗτῳ
3187 3477 3235 3531 οἱ
3301 3482 3395 3532 τοῦ
3437 3479 3801 3554 μοναστηρίσδ

2153 3564 2515 3642 πειράζοντες,
2580 3562 2715 3622 διότι
2794 3566 2889 3621 οὒκ
2965 3565 3146 3639 ἐσθίει,
3210 3564 3532 3642 ἐπηρώτων.
3629 3557 3691 3625 Ὀ
3757 3564 3801 3620 δὲ

2151 3657 2283 3729 πρὸς
2325 3654 2511 3716 αὐτούς
2547 3669 2560 3682 ·
2613 3653 2764 3710 Ἐπεὶ
2810 3653 2876 3720 δὴ
2924 3652 3154 3729 δοκιμὴν
3204 3661 3421 3725 ζητειτε
3452 3662 3553 3710 τοῦ
3586 3656 3647 3711 ἑν
3698 3657 3804 3730 ἐμοὶ

2151 3740 2441 3805 λαλοῦντος
2487 3745 2740 3821 Χριστοῦ,
2798 3744 2854 3808 ὃς
2910 3744 3005 3799 οὐκ
3047 3744 3282 3819 ἀσθενεῖ,
3327 3742 3471 3799 ἀλλᾶ
3498 3742 3728 3802 δύναται
3756 3748 3801 3800 ἓν

2150 3834 2303 3910 ὑμῖν,
2351 3831 2495 3898 πλὴν
2553 3830 2851 3909 γέγραπται
2890 3848 2905 3862 ⁵
2960 3854 2983 3889 α
3020 3835 3128 3890 Οὔκ
3157 3832 3243 3889 ἐπ’
3296 3832 3440 3910 ἄρτῳ
3488 3835 3651 3907 μόνῴ
3707 3835 3798 3905 ζόα

2151 3943 2299 3976 σεται
2344 3919 2646 3999 ἄνθρωπος,
2693 3920 2812 3993 ἄλλ’
2872 3922 2959 3978 ἐπὶ
3019 3924 3175 3978 παντὶ
3231 3923 3432 3999 ῥήματι
3495 3922 3789 4001 ἐκπορευο-

2153 4010 2296 4084 μένῳ
2338 4007 2423 4064 διὰ
2472 4009 2739 4084 στόματος
2783 4016 2935 4072 Θεοῦ,
2971 4029 2999 4069 ›
3040 4007 3131 4067 Ἐν
3187 4015 3286 4085 μιᾷ
3313 4009 3404 4067 οὖν
3431 4016 3546 4067 τῶν
3576 4013 3790 4088 ἡμερῶν

2150 4096 2450 4164 ἀνοίξαντες
2501 4098 2697 4165 ἔθηκαν
2753 4100 2807 4155 ἐν
2862 4121 2940 4173 τῳ
2991 4099 3155 4179 οἴκῳ,
3217 4100 3271 4155 ἐν
3340 4103 3387 4173 ᾧ
3440 4103 3512 4167 ἦν
3575 4098 3791 4178 σπυρίδα

2148 4190 2415 4265 βεττανων
2471 4187 2606 4265 (sic)
2675 4190 2759 4245 καὶ
2833 4186 3053 4268 σπυρίδα
3112 4189 3363 4268 φοινίκων
3421 4191 3513 4245 καὶ
3572 4188 3792 4259 σπυρίδα

2149 4278 2413 4358 διαφόρων
2474 4279 2832 4356 τρυγημάτων
2875 4279 2941 4335 τὰ
2982 4279 3158 4336 πάντα
3221 4277 3399 4351 μέτρῳ
3431 4297 3447 4311 ⁸
3507 4282 3603 4335 καὶ
3647 4277 3792 4345 δῆθεν

2151 4366 2484 4445 παρεκάλουν
2544 4370 2702 4426 αὐτὸν
2764 4365 3094 4443 μεταλαεεϊν
3126 4386 3145 4405 ο
3205 4368 3306 4434 τὴν
3360 4366 3645 4437 κανδήλαν
3710 4372 3792 4425 οὖν

427 4464 573 4528 Cum
605 4465 807 4542 itaque
842 4467 1153 4529 candelam
1186 4457 1501 4538 fecissent,
1535 4479 1592 4531 et
1625 4485 1877 4549 puerum
1911 4465 2065 4563 apud

2173 4458 2474 4527 ποιήσαντες
2531 4458 2615 4512 καὶ
2678 4457 2871 4531 παιδίῳ
2914 4470 3333 4535 προσκαρτερεῖν
3382 4459 3530 4529 αὖτῳ
3580 4458 3792 4529 ἐπιτρέ-

2436 4547 2449 4562 .
2502 4547 2516 4563 .
2583 4543 2669 4563 μοι.
2762 4545 2810 4563 ιιι
2959 4547 2972 4563 ,
3106 4548 3119 4563 .
3191 4545 3202 4563 .
3241 4545 3262 4563 ε.
3662 4550 3673 4563 .
3747 4546 3781 4563 ς.

427 4573 564 4618 eum
591 4556 1586 4638 manerejussissent,incluserunt
1607 4577 1741 4621 eum
1766 4575 1883 4618 una
1915 4554 2064 4617 heb-

427 4644 786 4706 domatla.Et
807 4645 1117 4707 candelam
1144 4647 1386 4727 quidem
1406 4649 1761 4710 invenerunt
1784 4666 1904 4708 non
1928 4665 2068 4709 con-

425 4742 724 4816 sumptam
753 4743 812 4795 et
832 4734 1171 4809 ardentem,
1183 4755 1435 4816 puerum
1454 4756 1593 4799 vero
1605 4736 2069 4816 rogaruntquid-

423 4842 561 4887 nam
576 4825 798 4888 faceret
816 4833 874 4886 et
892 4823 1196 4887 undenam
1218 4824 1555 4888 aleretur.Is
1573 4836 1771 4888 autem
1793 4824 2063 4887 dixiteis:

426 4913 570 4978 Cum
595 4932 664 4975 eo
687 4913 928 4994 quidem
950 4913 1070 4976 vidi
1093 4915 1558 4994 gloriﬁcantium
1585 4914 2057 4977 multitudinem:

2150 4552 2373 4625 ψαντες,
2432 4547 2520 4603 ἐπὶ
2578 4543 2844 4622 ἑϐδομάδα
2911 4547 3036 4622 μίαν
3100 4545 3427 4602 ἀπέκλεισαν
3463 4566 3479 4581 ·
3550 4550 3690 4623 μετᾶ
3740 4546 3787 4603 δὲ

2149 4646 2303 4696 τοῦτο
2361 4633 2685 4712 ἀνοίξαντες,
2733 4637 2832 4703 τὴν
2882 4637 2980 4710 μὲν
3028 4634 3304 4705 κανδήλαν
3332 4634 3685 4703 ἂδαπάνητον
3710 4639 3788 4692 καὶ

2148 4724 2443 4799 καιομένην
2500 4726 2649 4802 εὗρον
2684 4746 2698 4759 ·
2760 4727 2903 4793 παρᾶ
2951 4725 3008 4781 δὲ
3038 4728 3130 4781 τοῦ
3162 4723 3369 4782 παιδίου
3414 4725 3695 4799 ἐπύθοντο,
3743 4725 3787 4781 τί

2149 4817 2211 4871 ἃν
2264 4812 2637 4893 διαπράττοιτο
2694 4817 2783 4872 καὶ
2830 4815 2990 4871 πόθει
3048 4813 3382 4893 διατρέφοιτο
3417 4831 3432 4844 ’
3469 4819 3536 4872 τὸ
3580 4815 3637 4872 δὲ

2148 4905 2332 4968 αὖτοὺς
2389 4904 2609 4982 φάσκειν
2643 4921 2656 4935 ·
2724 4904 2931 4971 Πλῆθος
2970 4904 3068 4978 μὲν
3099 4906 3192 4961 σὺν
3251 4904 3397 4976 αὔτῳ
3439 4902 3779 4982 δοξολογοῦτ-

424 4991 752 5087 quinetiam
778 4991 1217 5083 ingredientem
1241 5005 1579 5067 columbam
1597 5014 1654 5067 et
1668 5022 1800 5066 eum
1819 5022 2061 5085 pascen-

2177 5018 2249 5051 ων
2283 4992 2463 5069 ἑώρων
2494 4991 2641 5067 ὕπνῳ
2689 4994 3115 5073 κατεφερόμενος
3152 5007 3166 5023 ⁶
3228 4996 3318 5050 καὶ
3361 4998 3685 5074 περιστεῷαν
3733 4992 3777 5048 δὲ

424 5080 545 5157 fern
582 5114 595 5152 :
629 5080 868 5154 vermes
896 5094 1230 5173 autem,qui
1263 5094 1557 5156 cadebant
1586 5113 1618 5156 e
1650 5095 1775 5156 suis
1810 5080 2061 5175 pedibus

2173 5084 2409 5141 ἱσιοῦσαθ
2491 5083 2584 5138 καὶ
2640 5080 3147 5158 ἔμϐρωματίζουσαν
3238 5083 3396 5140 αὐτόν
3436 5103 3451 5118 ·

3545 5087 3667 5147 τοὺς
3734 5082 3775 5138 δὲ

421 5181 920 5261 recolligens,eos
949 5172 1158 5246 rursus
1187 5183 1536 5266 imponebat
1565 5172 2060 5255 ulceribus.Quo-

2173 5175 2433 5238 ικώληκας
2491 5173 2611 5236 τοὺς
2681 5172 3037 5238 ἐκπίπτοντας
3094 5173 3155 5228 ἐκ
3211 5172 3317 5228 τῶν
3385 5173 3570 5231 ποδῶν
3643 5174 3780 5234 αὐτώ

501 5342 555 5386 43
584 5340 724 5426 Sap.
763 5362 829 5419 tt,
866 5340 965 5408 12.
1049 5341 1105 5386 ¹⁴
1134 5343 1160 5407 Ι
1188 5345 1398 5409 Thess.
1438 5363 1498 5406 v.
1584 5344 1641 5387 1⁵
1674 5343 1723 5408 II
1754 5342 1889 5407 Cor.
1924 5359 2053 5417 xm,

2232 5331 2286 5377 ω
2315 5332 2523 5409 Matth,
2557 5348 2642 5408 Iv,
2679 5332 2737 5395 4.

488 5460 575 5532 (7)
604 5481 625 5512 ι
659 5461 1040 5532 Constantino
1071 5472 1127 5520 et
1153 5464 1300 5522 Rufo
1335 5478 1521 5520 coss.»
1559 5465 1703 5520 obiit
1735 5464 2062 5520 Marcianus

416 5531 677 5607 imp.__An
716 5531 871 5589 idem
911 5533 1453 5607 C_onstantinus.qui
1488 5538 1583 5592 hic
1613 5539 1731 5594 dux
1768 5539 2062 5592 exercitus

424 5600 781 5681 appellatur,
806 5605 1067 5681 nondum
1091 5606 1265 5681 nobis
1294 5600 1546 5681 constat.
1572 5607 1734 5681 inter
1764 5610 2065 5681 appositus

426 5643 2065 5749 οὸιῖἑιὶἴό“ὁίιέὗιέ“ἆὸιῖἒέζί”ξιῗῶἷῦἑὶΐῶἓέοἲῖἀῖἴὶῖῧ

2145 5451 2381 5509 initium
2414 5450 2660 5507 actionis
2688 5451 2914 5520 prima,
2946 5459 3031 5508 est
3067 5473 3086 5501 ι
3111 5448 3775 5522 magniﬁcentissimum

2147 5522 2615 5594 gloriosissimus
2638 5525 3019 5595 exprwtectus
3042 5521 3772 5595 ptwtoriorumconstanti-

2147 5593 2284 5656 illis.
2318 5619 2340 5650 ι
2379 5595 2608 5670 Graece,
2655 5598 2680 5650 ὁ
2712 5593 3289 5673 μεγαλοπρεπέστατος
3319 5595 3411 5651 καὶ
3455 5593 3769 5662 ἐνδοξότατος

2149 5675 2257 5735 ἀπὸ
2288 5677 2549 5757 ἐπάρχων
2582 5678 2919 5755 πραιτωρίων
2954 5686 3392 5743 Κωνσταντϊνος.
