3932 6140
102 306 312 374 1405
1452 304 1640 368 VITA
1685 305 1745 366 S.
1793 327 1806 366 λ

1942 303 2186 366 ENTII.
3375 277 3526 365 1406

95 441 574 522 ἀναλεγόμενος,
621 441 784 500 πάλιν
826 441 916 498 ἒπὶ
970 441 1033 498 τὰ
1083 439 1215 509 ἕλκη
1260 439 1512 502 ἐπετίθει,
1566 436 1796 506 Ἐπειδὴ

1946 455 2038 499 am
2069 443 2264 498 autem
2301 454 2449 514 puer
2478 454 2512 498 a
2542 446 2752 499 sancto
2805 437 3015 517 jussus
3061 434 3287 498 nemini
3318 431 3525 497 dicere

100 531 170 590 δὲ
233 532 618 612 παραγγελθὲν
669 535 722 589 τὸ
768 530 996 603 παιδίον,
1063 529 1250 606 μηδενί
1296 531 1490 610 φράσαι
1546 531 1579 586 ἂ
1623 531 1796 609 ἑώρα-

1942 545 2015 588 iaa
2035 525 2264 588 viderat
2285 544 2494 589 rursus
2525 535 2766 589 coactus
2789 527 2978 590 fuerat
3008 525 3196 604 effari,
3230 523 3397 588 febre
3433 543 3523 586 ar-

100 644 253 697 κεν,
314 629 857 700 καταναγκαζόμενον
913 619 1146 694 ἐξεῖπεν,
1222 619 1366 685 αὖθις
1423 623 1633 698 πυρετῷ
1691 617 1798 684 λη-

1942 626 2112 698 eptus,
2149 635 2267 678 uno
2301 628 2436 699 post
2469 617 2566 679 die
2598 617 2879 680 decessit.

107 712 329 793 φθεΐς,
359 713 508 793 ,μετὰ
534 711 634 778 τὴν
667 712 791 786 μίαν
823 709 1198 778 ἐτελεύτησεν.

213 792 386 878 AC".
429 801 644 859 Τούτων
687 798 742 857 δὲ
786 800 1116 878 γενομένων,
1162 801 1419 880 κατήχθη
1466 801 1493 855 ὁ
1535 797 1798 875 μακάριος

1964 792 2218 860 XXXVI.
2244 795 2388 857 Cum
2422 796 2549 857 haec
2578 803 2776 858 autem
2811 795 2961 858 facta
2988 794 3524 869 essent,deductus

106 892 243 948 ὑπό
319 913 372 948 τε
431 897 538 949 τῶν
582 894 853 965 κληρικῶν
896 891 986 947 καὶ
1016 889 1222 946 λα’ἰκών
1274 892 1361 946 καί
1403 911 1561 946 τινων
1607 887 1801 964 ἑτέρων

1951 888 2046 948 ita
2068 886 2375 948 monachis
2401 895 2462 948 et
2485 886 2820 957 clericis,et
2846 887 3206 967 quibusdam
3227 884 3359 946 aliis
3385 883 3522 946 viris

110 980 416 1061 λαμπρῶν
498 979 699 1059 ἀνδρῶν
781 981 834 1037 ὲν
926 971 1319 1059 Ῥουφινιαναῖς
1395 978 1624 1061 πλησίον
1692 983 1800 1033 τῶν

1942 975 2188 1038 'teclaris
2209 977 2280 1037 ad
2297 975 2897 1056 Rufﬁnianas,prope
2912 978 3160 1039 Sanctos
3175 977 3220 1037 A
3234 973 3522 1054 postolos,

112 1057 500 1128 Ἀποστόλων
530 1057 692 1144 ἑν-τῷ
726 1057 1071 1146 μοναστηρίῴ
1099 1092 1192 1126 του
1236 1069 1498 1144 μακαρίου
1546 1057 1797 1124 ’Υπατίου

1942 1121 1943 1125 η
1976 1065 2337 1128 monasterio
2371 1065 2527 1126 beati
2559 1065 2816 1146 Hypatii,
2853 1065 2974 1127 illic
2999 1067 3204 1144 jussus
3227 1082 3403 1144 agere
3433 1062 3522 1125 si-

112 1160 462 1240 ἒπιτραπεὶς
522 1163 826 1242 ἡσυχάσαι,
889 1157 1238 1225 ’Τπεδέξαντο
1314 1157 1369 1214 δὲ
1431 1159 1589 1217 αὐτὸν
1661 1157 1798 1232 μετὰ

1942 1157 2316 1219 ntium.Cum
2339 1174 2550 1234 magno
2571 1173 2710 1216 vero
2735 1155 2950 1234 gaudio
2973 1173 3108 1221 eum
3133 1160 3520 1234 exceperunt,

117 1249 400 1317 πλείονος
450 1257 627 1331 χαρᾶς
687 1252 732 1307 οἱ
765 1248 944 1306 αὐτόθι
989 1250 1221 1328 μοναχοὶ
1254 1249 1344 1306 σὺν
1376 1249 1454 1324 τῷ
1485 1247 1799 1324 ἡγουμένῳ,

1942 1246 1985 1306 ii
2018 1246 2143 1307 illic
2177 1253 2353 1306 erant
2377 1246 2661 1306 monachi
2685 1264 2818 1306 cum
2850 1262 3062 1307 eorum
3089 1244 3524 1324 praefecto,viro

117 1338 300 1419 ἀνδρὶ
331 1337 396 1397 τᾶ
439 1342 612 1396 πάντα
645 1337 874 1416 ἐναρέτῳ
903 1340 989 1395 καὶ
1041 1339 1266 1418 χάριτος
1315 1344 1446 1394 θεοῦ
1494 1335 1800 1414 ἠξιωμένῳ,

1942 1335 2268 1417 mdiquaque
2297 1336 2524 1417 optimo
2580 1344 2638 1396 et
2671 1336 2860 1414 gratia
2890 1337 2998 1399 Dei
3033 1335 3302 1415 dignato,
3337 1343 3400 1395 ut
3425 1332 3528 1414 qui

122 1429 213 1494 ὠς
269 1427 386 1486 ὄντι
435 1433 654 1506 μαθητῇ
709 1437 802 1486 τοῦ
862 1435 1089 1506 Χριστοδ
1124 1443 1137 1458 ⁸
1217 1429 1304 1484 καὶ
1356 1428 1461 1483 ἀπὸ
1505 1427 1602 1494 τῆς
1663 1427 1802 1504 ὥρας

1942 1439 2038 1486 sset
2060 1429 2266 1485 Christi
2295 1427 2734 1498 discipulus.Ab
2759 1429 2862 1485 illo
2889 1437 3082 1486 autem
3117 1437 3376 1498 tempore
3408 1438 3523 1482 non

123 1517 366 1585 ἐκείνης
419 1523 514 1579 οὒκ
560 1517 802 1575 ἔκλεισαν
848 1518 946 1586 τὴν
988 1517 1143 1596 θύραν
1193 1517 1286 1573 106
1331 1515 1687 1592 μοναστηρίου
1721 1513 1805 1570 διὰ

1947 1523 2228 1571 auserunt
2253 1515 2402 1570 tores
2421 1514 2789 1579 monasterii,
2825 1523 3058 1584 propter
3092 1512 3526 1570 multitudinem

125 1611 202 1666 τὸ
273 1608 481 1675 πλῆθος
533 1615 639 1666 τῶν
699 1610 1034 1686 εἰσρεόντων,
1083 1614 1238 1664 τοῦτο
1297 1607 1394 1682 μὲν
1441 1614 1546 1663 τῶν
1590 1606 1804 1684 ἐπιχω-

1942 1618 2094 1661 ηὐω
2129 1599 2231 1680 qui
2259 1599 2826 1680 aﬂiuebant,partim
2865 1619 2934 1660 ex
2968 1599 3076 1661 hac
3107 1599 3525 1678 regione,par-

128 1699 309 1778 ρίων,
369 1705 526 1756 τοῦτο
595 1696 650 1754 δὲ
708 1699 797 1754 καὶ
853 1700 952 1765 τῆς
998 1695 1414 1772 πανευδαίμονος
1460 1707 1802 1754 Κωνσταντιο

1942 1713 1992 1754 m
2038 1703 2235 1756 autem
2270 1712 2340 1754 ex
2373 1694 2552 1772 longe
2584 1693 2928 1754 beatissima
2958 1691 3473 1772 Constantinopoli
3508 1711 3522 1751 :

128 1787 489 1852 νουπόλεως,
537 1787 882 1868 Φιλοφρόνως
928 1789 1015 1844 οὖν
1049 1786 1251 1851 πάντας
1289 1784 1617 1866 ὑπεδέχοντο
1661 1807 1798 1863 προ-

1942 1784 1990 1844 ed
2016 1801 2225 1844 omnes
2250 1783 2509 1862 benigne
2533 1782 2909 1863 excipiebant
2936 1793 3326 1879 promptaque
3342 1781 3531 1843 etaia-

131 1878 362 1951 θύμως,
454 1876 708 1943 πλείστας
795 1877 891 1951 μὲν
977 1877 1341 1956 καρποφορίας
1399 1874 1746 1951 κομιζόμενοι
1782 1889 1797 1902 ⁶

1942 1874 1972 1934 ’ἱ
1998 1877 2222 1945 animo,
2261 1873 2548 1954 plurimas
2581 1873 2948 1954 accipientes
2980 1872 3320 1934 oblationes
3357 1891 3370 1934 :
3407 1889 3528 1932 ma-

129 1965 367 2034 πολλὴν
410 1965 464 2023 δὲ
498 1967 586 2024 ἐπὶ
625 1973 692 2044 τῇ
725 1965 898 2040 διαίτῃ
944 1968 1042 2034 τὴν
1075 1967 1419 2042 παρασκευὴν
1465 1969 1799 2043 ποιούμενοι,

1942 1983 2064 2024 ium
2096 1981 2242 2024 vero
2276 1971 2528 2044 propter
2556 1963 2776 2024 victum
2830 1964 3116 2025 facientes
3145 1969 3524 2044 apparatum,

133 2055 297 2114 ὥστε
329 2056 570 2134 γενέσθαι
603 2058 664 2112 τὸ
697 2058 1058 2134 μοναστήριον
1104 2055 1282 2112 ἐκεῖνο
1335 2059 1409 2118 ὡς
1455 2056 1554 2121 τὴν
1599 2055 1804 2122 σκηνὴν

134 2152 249 2202 106
283 2142 530 2222 Ἀϐραάμ
563 2162 576 2176 ⁸
641 2146 880 2209 ἅπαντας
926 2147 1025 2224 γὰρ
1073 2143 1269 2224 σχεδὸν
1301 2144 1414 2201 εἴτε
1460 2143 1654 2216 ἀξίους,
1690 2142 1804 2200 εἴτε

138 2233 422 2310 ἀναξίους,
481 2238 556 2300 ὡς
599 2235 862 2313 ἀγγέλους
923 2233 1235 2300 ἐδεξιοῦντο.
1284 2237 1385 2292 Τὸν
1440 2233 1494 2290 δὲ
1543 2235 1804 2313 μακάριον

136 2324 203 2379 ἐν
252 2324 506 2400 τρικλίνῳ
564 2323 757 2400 δψηλῷ
815 2325 1272 2402 περικλείσαντες,
1338 2323 1511 2390 ἠξίουν
1567 2324 1802 2399 προσεύ-

138 2416 354 2494 χεσθαι
398 2414 529 2490 ὑπὲρ
599 2419 698 2481 τῆς
774 2423 868 2473 τοῦ
909 2414 1114 2489 κόσμου
1162 2415 1249 2470 καὶ
1292 2415 1464 2471 αὐτῶν
1509 2414 1799 2492 σωτηρίας,

136 2505 333 2560 πᾶσάν
375 2525 431 2560 τε
476 2505 620 2579 αὒτῷ
664 2502 932 2561 διακονίαν
964 2506 1053 2561 καὶ
1083 2504 1206 2568 τοῖς
1267 2504 1646 2584 συντρέχουσιν
1702 2504 1802 2560 ἀό-

137 2614 296 2655 κνως
330 2593 746 2674 προσφέροντες,
792 2591 875 2649 διὰ
927 2594 1027 2661 τὴν
1085 2593 1214 2670 ὑπὲρ
1246 2594 1424 2661 πάσης
1454 2593 1802 2672 ἆγαθοεργίας

137 2681 576 2762 ἐπηγγελμένην
609 2685 750 2761 παρὰ
780 2687 895 2757 Θεῴ
927 2681 1368 2758 μισθαποδοσίαν.

232 2760 367 2836 ΛΖ’,
416 2771 614 2830 Πολλοὶ
656 2760 756 2849 γὰρ
800 2774 1078 2847 πνεύματα
1119 2773 1389 2852 ἀκάθαρτα
1421 2770 1669 2853 ἔχοντες,
1701 2777 1799 2830 καλι

1888 2053 2038 2114 adeo
2064 2062 2126 2113 ut
2149 2052 2319 2113 fieret
2348 2052 2492 2113 illud
2521 2051 2953 2113 monasterium
2977 2062 3257 2132 tanquam
3273 2050 3528 2112 Abrahae

1891 2141 2602 2205 tabernaculum.0mnes
2623 2142 2780 2203 enim
2802 2142 3064 2216 fere,seu
3085 2143 3294 2220 dignos
3315 2159 3420 2202 seu
3441 2140 3530 2200 in-

1888 2232 2128 2311 dignos,
2157 2241 2432 2311 tanquam
2460 2233 2706 2308 angelos
2729 2231 2833 2293 Dei
2853 2231 3248 2312 accipiebant.
3278 2230 3527 2292 Beatum

1887 2330 2090 2383 autem
2117 2321 2474 2384 Auxentium
2506 2341 2640 2384 cum
2696 2323 2756 2384 in
2811 2323 2931 2384 alto
2968 2323 3228 2384 triclinio
3259 2319 3530 2384 cancello

1889 2411 2604 2491 inclusissent,rogabant
2630 2422 2692 2474 ut
2717 2420 2916 2475 oraret
2941 2431 3046 2492 pro
3070 2411 3276 2473 mundi
3297 2419 3356 2471 et
3375 2410 3531 2488 ipso-

1889 2517 2020 2559 rum
2047 2503 2434 2566 salute.omne
2460 2505 2509 2558 ei
2539 2504 2936 2562 ministerium
2961 2514 3017 2560 et
3038 2504 3108 2561 iis
3129 2506 3226 2576 qut
3249 2503 3320 2560 ad
3338 2503 3527 2572 ipsum

1888 2587 2332 2649 concurrebant
2363 2588 2618 2668 impigre
2645 2587 3530 2669 otferentes,pr0ptercujusvis

1886 2675 2030 2738 boni
2061 2678 2263 2756 aperis
2293 2695 2322 2736 a
2348 2677 2470 2738 Deo
2504 2679 2862 2754 promissam
2893 2678 3466 2740 remunerationem.

1966 2765 2256 2829 XXXVII.
2290 2767 2460 2829 Multi
2486 2769 2648 2830 enim
2699 2769 2796 2850 qui
2847 2768 3192 2830 immundos
3231 2767 3534 2830 habebant

142 2861 634 2940 σεληνιαζόμενοι,
680 2861 776 2918 καί
807 2861 1049 2928 ἀσθενεῖς
1099 2863 1185 2918 καὶ
1240 2861 1586 2941 παραλυτικυὶ
1630 2884 1801 2942 προσ-

1942 2855 2224 2928 piritus,et
2250 2857 2874 2938 lunatici,inﬁrmique
2897 2866 2953 2918 et
2977 2859 3274 2939 paralytici
3295 2858 3417 2919 illic
3441 2875 3531 2917 as-

140 2950 400 3030 ήδρευον,
453 2952 678 3010 κάκεῖσε
738 2953 837 3019 τὴν
897 2955 1039 3028 παρὰ
1085 2952 1178 3009 106
1226 2961 1358 3012 Θεοῦ
1391 2951 1539 3010 ἵασιν
1585 2951 1669 3009 διὰ
1713 2959 1805 3009 τοῦ

1942 2943 2182 3020 debant,
2222 2955 2281 3006 et
2315 2947 2438 3008 illic
2461 2949 2832 3009 curationem
2858 2957 3269 3028 petentes,per
3292 2965 3530 3009 servum

146 3040 346 3099 δούλου
406 3046 566 3102 αὐτοῦ
640 3040 916 3108 Αὖξεντίου
979 3040 1341 3118 ἐξαιτούμενοι
1396 3043 1801 3123 ἐθεραπεύοντο.

1942 3034 1998 3096 ei
2027 3035 2392 3098 Auxentium
2429 3056 2640 3100 omnes
2693 3037 3084 3100 curabantur.
3116 3036 3288 3101 Unde
3345 3037 3527 3099 etiam

145 3131 478 3206 Κομήτισσα
531 3129 586 3188 δέ
642 3153 726 3194 τις
771 3131 1042 3187 ἀκούσασα
1098 3133 1164 3188 τὰ
1215 3133 1332 3210 περὶ
1375 3140 1466 3189 τοῦ
1518 3134 1798 3210 μακαρίου,

1942 3124 2164 3186 uaedam
2199 3126 2528 3202 comitissa,
2563 3146 2696 3189 cum
2733 3128 2808 3190 de
2840 3129 2952 3190 hoc
3007 3128 3184 3189 beato
3213 3127 3534 3188 audivisset

143 3218 408 3279 ἔσπευδεν
463 3218 716 3277 ἀπελθεῖν
791 3221 877 3277 καὶ
946 3226 1312 3299 προσκυνῆσαι
1390 3223 1554 3296 αὐτῷ.
1610 3217 1803 3278 Ἦλθεν

1942 3215 2528 3286 uxentio,contendit
2559 3219 2766 3279 venire
2798 3226 2856 3280 et
2888 3237 3021 3280 eum
3055 3218 3326 3279 adorare.
3348 3215 3529 3280 Chal-

149 3309 246 3366 οὖν
295 3309 403 3364 ἀπὸ
444 3308 793 3390 Καλχηδόνος
827 3309 880 3365 ἐν
910 3311 1230 3389 βαστερνίῳ,
1267 3311 1355 3366 καὶ
1387 3309 1450 3377 δη
1493 3310 1804 3378 πλησιάσα-

1942 3304 2118 3366 edone
2149 3324 2289 3384 ergo
2323 3305 2668 3388 venit,equo
2696 3309 2971 3370 vecta.Et
2993 3327 3126 3369 cum
3159 3307 3366 3368 fuisset
3399 3324 3533 3386 pro-

151 3422 226 3455 σα
274 3410 392 3464 τοῖς
439 3389 638 3476 Ἀγίοις
672 3399 1026 3460 Ἀποστὸλοις
1084 3399 1348 3467 κατῆλθεν
1379 3401 1438 3456 ἐκ
1468 3409 1562 3456 106
1589 3402 1808 3478 βαστερ-

145 3489 287 3566 νίου,
341 3489 428 3544 καὶ
483 3487 689 3568 ἤρχετο
729 3487 783 3543 ἐν
825 3495 902 3562 τῷ
934 3489 1304 3566 μοναστηρίῳ.
1352 3479 1443 3550 Ὠς
1487 3487 1540 3544 δὲ
1572 3488 1806 3562 ἤμελλεν

144 3577 382 3656 ἀνιέναι,
417 3575 538 3633 ἔνθα
568 3581 635 3646 ἦν
693 3579 720 3632 ὁ
781 3577 1062 3654 μακάριος,
1113 3576 1432 3654 διαῤῥιίξασα
1483 3580 1582 3644 τὴν
1613 3578 1808 3646 ἐσθῆτα

150 3667 246 3722 καὶ
303 3664 646 3724 ἂπολαϐουσα
706 3667 769 3721 τὰ
833 3667 1032 3741 κόσμια
1078 3669 1266 3740 αὒτῆς,
1315 3666 1507 3744 ἤρξατο
1551 3670 1650 3745 βοᾷ
1684 3688 1699 3703 .
1748 3667 1810 3725 τί

153 3755 281 3830 ἐμοὶ
345 3757 433 3810 καὶ
491 3755 554 3810 σὺ
618 3754 760 3833 (leg.
840 3757 968 3829 σοὶ),
1031 3755 1296 3829 Αὖξέντιε,
1361 3756 1805 3833 σκωληκόπους;

149 3843 339 3907 καλῶς
413 3844 814 3922 ἐνεκρυπτὸμην
876 3847 931 3900 ἒν
991 3858 1110 3908 τοῖς
1173 3846 1416 3922 ἒγκᾶτοις
1473 3846 1659 3919 αὖτῆς,
1718 3848 1808 3903 καὶ

151 3933 290 4005 ἰδοὺ,
327 3933 598 4012 ἆνήγαγές
632 3956 697 4008 με
759 3933 827 3989 δι’
887 3935 1139 3991 ἐνιαυτῶν
1180 3935 1376 3992 εἴκοσι.
1437 3935 1807 4000 Δωδεκαετοῦς

157 4023 328 4091 αὐτῆς
391 4023 556 4090 οῧσης
611 4021 884 4100 εἰσῆλθον,
931 4025 1018 4080 καὶ
1067 4025 1315 4103 χωρίζεις
1360 4046 1426 4099 με
1474 4025 1669 4083 ἄκοντα
1713 4025 1806 4083 ἀπ’

157 4115 352 4178 αὐτῆς,
387 4111 752 4187 Ἐπιτιμήσας
786 4112 876 4167 οὖν
920 4119 996 4187 τῷ
1049 4113 1328 4190 ἀκαθάρτῳ
1385 4116 1672 4195 πνεύματι,
1719 4117 1806 4173 καὶ

153 4201 542 4279 παρεγγυήσας
601 4201 905 4280 φιμωθῆναι
959 4203 1047 4257 καὶ
1107 4202 1184 4276 μή
1215 4203 1600 4282 ἐνραγῆναιτῇ
1661 4203 1805 4260 πλα-

155 4311 268 4368 σει,
301 4289 502 4346 ἱκέτευε
547 4292 642 4346 τὸν
705 4291 859 4365 Θεὸν,
893 4296 1120 4356 ποιῆσαι
1176 4294 1236 4348 τὸ
1298 4295 1448 4357 ἕλεος
1492 4295 1649 4351 αὑτοῦ
1689 4292 1806 4370 μετ’

1891 3411 1964 3474 pe
1989 3393 2237 3456 Sanctos
2263 3396 2605 3476 Apostolos,
2633 3396 2948 3458 descendit
2971 3415 3039 3458 ex
3069 3405 3316 3476 equo,et
3349 3396 3534 3475 pedes

1889 3484 2052 3544 venit
2084 3483 2142 3544 in
2197 3487 2651 3548 monasterium.
2689 3487 2833 3550 Cum
2895 3493 3092 3547 autem
3127 3497 3282 3547 esset
3315 3503 3533 3548 ascen-

1892 3593 2030 3636 sura
2050 3574 2148 3635 ubi
2172 3585 2297 3636 erat
2321 3575 2554 3650 beatus,
2591 3587 2764 3656 rupta
2787 3586 2948 3638 veste
2975 3586 3032 3639 et
3070 3577 3321 3657 abjectis
3352 3595 3532 3637 orna-

1892 3665 2114 3726 mentis
2136 3667 2283 3740 suis,
2319 3667 2500 3746 coepit
2541 3666 2822 3728 clamare:
2869 3665 3021 3738 Quid
3053 3667 3196 3728 mihi
3219 3666 3308 3729 rei
3339 3675 3530 3728 tecum

1894 3754 2242 3827 est,Auxent
2258 3754 2276 3814 i
2294 3755 2879 3836 vermipes?pulchre
2899 3756 3314 3818 abscondebar
3330 3757 3389 3817 in
3406 3756 3535 3836 ejus

1893 3843 2220 3904 intestinis:
2249 3853 2307 3905 et
2338 3863 2482 3906 ecce
2510 3863 2603 3906 me
2631 3845 2884 3906 eduxisti
2921 3855 3052 3926 post
3084 3847 3288 3926 viginti
3320 3864 3533 3909 annos.

1892 3930 2035 3994 Eam
2060 3933 2220 3994 enim
2249 3934 2556 4012 ingressus
2580 3953 2882 4007 sum,eum
2904 3946 3064 3997 esset
3090 3936 3407 3998 duodecim
3434 3955 3536 3997 an-

1893 4041 2001 4083 nos
2036 4032 2313 4097 nata,nec
2349 4042 2444 4085 me
2466 4025 2742 4102 cognovit
2776 4025 3070 4106 quispiam
3099 4026 3168 4087 ad
3204 4027 3316 4087 hoc
3343 4044 3534 4104 usque

1893 4119 2218 4192 tempus,et
2245 4132 2340 4174 me
2373 4113 2617 4174 invitum
2655 4114 2726 4175 ah
2759 4133 2826 4175 ea
2861 4115 3401 4195 separas.Signifer
3428 4133 3532 4179 ve-

1889 4220 1956 4263 ro
1989 4211 2048 4264 et
2081 4221 2329 4281 magnus
2361 4202 2537 4264 Pater
2563 4213 2767 4265 noster
2798 4205 3152 4286 Auxentius,
3175 4225 3308 4267 cum
3333 4206 3533 4268 incre-

1892 4301 2091 4374 passet
2126 4294 2451 4373 malignum
2487 4305 2544 4356 et
2575 4296 2952 4357 immundum
2989 4297 3368 4377 spiritum,et
3393 4300 3533 4377 jus-

157 4381 350 4446 αὑτῆς.
389 4381 522 4443 Δοὺς
555 4379 642 4436 οὖν
677 4381 836 4439 αὑτοῦ
902 4390 988 4440 τοῦ
1027 4381 1204 4438 ἐλαίου
1265 4388 1371 4438 τῶν
1401 4383 1566 4461 ἆγίων
1593 4386 1687 4441 καί
1722 4384 1806 4441 ἐπὶ

1945 4391 2068 4445 586i.
2097 4403 2235 4445 eum
2268 4384 2779 4455 obmutescere,et
2817 4405 2849 4448 Θ
2883 4399 3157 4449 creatura
3192 4406 3308 4449 non
3339 4407 3538 4450 erum-

158 4468 556 4546 τεσσαράκοντα
639 4467 845 4548 ἡμέρας
930 4481 1216 4537 νηστεῦσαι
1291 4472 1613 4549 προστάξας,
1681 4477 1806 4553 ὑγιῆ

160 4555 426 4615 ἆπέλυσεν
470 4561 498 4614 ὁ
532 4562 787 4638 Χριστὸς,
839 4557 924 4615 διὰ
972 4561 1068 4628 τῆς
1107 4563 1265 4618 αὑτοῦ
1311 4567 1620 4643 προσευχῆς
1649 4565 1808 4621 ἰασά-

161 4668 324 4723 μενος
369 4649 557 4718 αὗτήν.
605 4648 786 4706 Πολλὰ
842 4649 895 4704 δὲ
946 4651 1220 4728 παρέσχεν
1265 4665 1384 4716 τοῖς
1441 4667 1691 4734 πτωχοῖς
1723 4655 1811 4712 καὶ

160 4743 240 4812 τῷ
278 4741 622 4818 μοναστηρίῳ
650 4747 744 4796 τεῦ
776 4738 928 4817 ἁγίου
974 4739 1252 4801 ’Υπατίου.

1892 4491 2055 4554 pere,
2093 4493 2126 4535 a
2155 4473 2277 4536 Deo
2312 4475 2568 4555 supplex
2619 4475 2794 4552 petiit
2846 4485 2909 4537 ut
2939 4477 3165 4538 faceret
3196 4495 3364 4539 suam
3397 4496 3532 4538 cum

1893 4581 1962 4624 ea
1987 4563 2642 4628 misericordiam.Cum
2669 4577 2872 4626 autem
2907 4566 3171 4629 dedisset
3203 4567 3258 4627 ei
3288 4565 3366 4628 de
3398 4567 3534 4628 oleo

1893 4661 2260 4724 sanctorum.
2292 4662 2350 4716 et
2380 4672 2506 4714 eam
2536 4653 3110 4734 jejunarejussisset
3139 4657 3535 4737 quadraginta

1893 4741 2048 4819 dies,
2100 4762 2305 4804 sanam
2358 4762 2492 4804 eam
2544 4743 2775 4805 dimisit
2821 4745 3117 4821 Christus,
3154 4765 3282 4807 eam
3317 4763 3536 4807 curans

1895 4848 2003 4910 per
2035 4833 2163 4912 ejus
2196 4831 2526 4895 orationem
2587 4833 2770 4896 Multa
2819 4852 2961 4896 vero
3016 4834 3270 4916 praebuit
3304 4853 3534 4916 paupe-

1894 4920 2064 4983 ribus
2095 4931 2150 4984 et
2176 4923 2540 4985 monasterio
2571 4923 2634 4986 ὃ.
2660 4922 2922 5004 Hypatii.

609 5111 992 5194 Colloquium
1021 5115 1088 5176 S.
1133 5116 1434 5180 Auxentii
1463 5135 1599 5180 cum

2181 5120 2493 5198 Pro/“assio
2533 5119 2680 5200 ﬁdei
2709 5120 3087 5185 orthodoxa.

246 5207 379 5270 ΑΠ’.
412 5211 561 5268 Μετὰ
620 5211 706 5270 οὖν
766 5217 920 5269 τουτο
975 5213 1295 5281 ἀποστείλας
1354 5219 1381 5273 ὁ
1437 5215 1810 5281 εὐσεϐέστατος

170 5297 420 5377 βασιλεὺς
453 5298 700 5380 δρόμωνα
758 5301 865 5358 ἀπὸ
921 5310 1014 5360 106
1077 5293 1335 5380 Ἐϐδόμου
1395 5304 1478 5362 διὰ
1536 5310 1598 5363 τὸ
1630 5307 1807 5364 ἐκεῖσε

171 5389 466 5465 πρόκενσον
525 5391 694 5466 εἶναι,
766 5391 1144 5466 μετεστείλατο
1203 5395 1295 5450 τὸν
1353 5397 1614 5470 μακάριον
1683 5389 1807 5474 παρ’

245 5505 300 5572 (8
303 5517 330 5577 )
348 5503 429 5561 Ita
451 5503 746 5562 Cedrenus
766 5506 835 5562 ad
855 5507 1028 5563 an.22
1043 5508 1202 5577 regni
1220 5507 1523 5567 Iustiniani
1550 5513 1811 5569 meminit

174 5576 461 5652 προκένσου
515 5583 801 5654 γενομένου
873 5579 928 5634 ἐν
990 5587 1066 5653 τῷ
1112 5576 1386 5656 Ἑϐδόμῳ.
1447 5582 1556 5644 Est
1611 5592 1808 5645 autem

173 5667 512 5728 procensus.
541 5671 849 5730 processus
888 5661 1106 5731 regius,
1142 5659 1265 5718 sive
1288 5661 1356 5719 ad
1386 5659 1658 5734 pietatem
1688 5665 1809 5722 sive

1975 5215 2283 5281 XXXVIII.
2301 5216 2438 5280 Post
2463 5219 2575 5280 hoc
2597 5228 2794 5281 autem
2818 5226 2948 5301 pius
2967 5221 3317 5302 imperator,
3354 5221 3535 5284 misso

1893 5309 2186 5373 dromone
2219 5325 2290 5369 ex
2325 5307 2656 5381 Hebdomo,
2691 5309 2850 5390 quod
2885 5310 3005 5370 illic
3057 5319 3216 5372 esset
3270 5329 3532 5391 procen—

1893 5417 1994 5459 sus
2029 5395 2220 5477 (8),ad
2243 5413 2308 5458 se
2335 5397 2611 5459 accersiit
2631 5395 2875 5459 beatum
2899 5398 3282 5460 Auxentium:
3313 5407 3374 5458 et
3397 5418 3532 5460 cum

1895 5515 2183 5644 ad‘spaleat:
2219 5525 2508 5639 pgmpam.
2543 5512 2796 5583 Legatur
2831 5513 2981 5574 Goar
3019 5515 3076 5569 in
3111 5515 3322 5584 capta
3350 5513 3530 5573 Cure-

1895 5603 1960 5644 na
1996 5603 2020 5643 ει
2105 5631 2119 5644 .
2193 5627 2204 5640 .
2289 5625 2300 5638 .

1893 5603 2119 5660 patatae,
2145 5603 2204 5641 η.
2244 5603 2300 5639 o.
