3932 6140
507 252 660 320 1407
1768 261 2053 327 MENSIS
2091 261 2604 327 FEBRUABIUS.
3710 267 3805 334 βτῢὲ

501 413 636 457 eum
659 395 913 458 vidisset
941 403 1064 460 toto
1097 416 1349 478 corpore
1405 399 1690 462 amictum
1748 417 1817 461 ex
1849 400 2082 463 exercit

2229 402 2422 474 ἑαυτῷ,
2459 399 2799 475 Θεασάμενος
2842 397 2897 456 δὲ
2943 399 3104 456 αὖτὸν
3134 399 3296 457 παντὶ
3333 403 3416 468 τῷ
3460 397 3658 472 σώματι
3690 422 3805 456 κατα-

502 493 686 556 tione,
724 507 992 564 magnam
1028 488 1086 548 in
1143 508 1280 549 eum
1335 491 1668 552 ostendens
1715 493 2082 554 reverentian

2222 489 2593 564 πεπονημένον
2640 489 2698 546 ἐκ
2756 490 2854 558 τῆς
2925 490 3228 560 ἀσκήσεως,
3289 485 3507 568 σφόδρα
3548 489 3805 556 κατευλιὲγρ

503 575 650 637 dicit
675 576 728 637 ei
768 598 780 636 :
815 575 950 639 Scio
985 586 1040 638 te
1064 597 1197 640 esse
1223 579 1329 641 Dei
1361 581 2082 656 servum,domineAuxei

2221 583 2324 643 θεὶς
2357 579 2502 658 λέγει
2546 584 2690 654 αὒτῷ
2723 595 2737 609 ⁸
2800 580 2996 638 Δοῦλον
3049 588 3142 637 τοῦ
3191 587 3333 636 Θεοῦ
3383 580 3638 658 ὑπάρχειν
3667 602 3712 634 σι
3744 585 3804 635 ιτ.

500 666 567 739 ti,
597 676 654 726 et
689 666 872 727 debes
903 669 1244 731 consentire
1271 679 1492 731 Sanctae
1543 681 1598 731 et
1631 673 2022 732 mcumenicae
2053 695 2078 731 s

2225 673 2464 744 ίσταμαι,
2539 670 2655 732 κόρι
2703 667 2969 750 Αὒξέντιε,
3018 671 3107 726 καὶ
3154 669 3402 750 ὀφείλεις
3477 669 3739 725 συναινέσαι
3767 680 3805 745 εξ

499 755 658 817 nodo
681 756 750 816 ad
787 756 921 833 hoc,
970 775 1045 818 ne
1088 766 1146 819 tu
1178 760 1284 820 ﬁas
1313 770 1524 822 auctor
1554 761 1906 822 offensionis
1935 761 2009 822 iis
2041 762 2141 842 qui

500 863 628 906 eam
679 845 883 910 volunt
937 847 1274 911 admittere.
1341 850 1594 913 Sanctus
1649 859 1844 913 autem
1880 870 2140 932 respon-

501 934 672 1009 dens,
707 937 851 998 dicit
886 939 1230 1018 imperatori
1267 962 1280 1004 :
1317 941 1461 1014 Quis
1485 961 1614 1002 sum
1646 962 1756 1022 ego
1786 941 1951 1004 canis
1976 961 2140 1004 mor--

500 1034 657 1101 tuus,
693 1029 849 1102 quod
884 1038 948 1091 ut
979 1049 1111 1090 cum
1161 1033 1388 1094 sanctis
1436 1032 1776 1112 pastoribus
1807 1051 2139 1095 connume-

497 1134 618 1195 rer,
649 1117 828 1197 jubet
861 1129 956 1180 tua
991 1122 1278 1200 potentia,
1327 1123 1429 1202 qui
1463 1143 1580 1184 non
1613 1142 1826 1186 recuso
1863 1122 2048 1202 pasci,
2083 1132 2142 1186 et

498 1205 768 1270 doctrina
793 1217 982 1288 egeo?
1009 1213 1341 1290 Imperator
1369 1231 1508 1275 vero
1534 1222 1847 1294 postquam
1884 1212 2142 1293 plurima

498 1314 631 1356 cum
661 1315 730 1358 eo
763 1310 922 1362 esset
970 1301 1227 1376 locutus,
1260 1303 1409 1364 dixit
1443 1325 1456 1365 :
1495 1302 1822 1365 Considera
1853 1303 1996 1384 quid
2032 1323 2138 1365 ex-

501 1385 722 1464 pediat,
761 1398 820 1449 et
872 1408 946 1450 ne
980 1410 1087 1452 nos
1112 1391 1340 1453 afﬁcias
1372 1393 1671 1454 mnlestia.
1709 1395 1857 1454 Nam
1893 1411 2003 1454 nec
2033 1411 2142 1453 nos

504 1475 744 1554 quidem
769 1479 1090 1561 quidquam
1127 1493 1341 1562 praeter
1369 1483 1426 1543 id
1460 1483 1616 1562 quod
1652 1491 1903 1562 oportet,
1940 1483 2044 1544 sed
2077 1493 2142 1544 ut

501 1565 695 1642 decet,
729 1571 798 1630 ad
825 1570 1222 1633 sanctissimae
1251 1571 1537 1634 Ecclesia
1571 1573 1876 1646 unionem,
1912 1581 1971 1634 et
2021 1591 2139 1634 non

497 1656 994 1736 destructionem,
1055 1662 1377 1724 concilium
1430 1664 1943 1741 congregavimus.
2001 1664 2142 1726 Haec

2225 761 2359 836 ἁγίῳ
2393 761 2478 816 καὶ
2522 761 2865 836 οἷκουμεθικῇ
2923 758 3146 840 συνόδῳ,
3203 761 3351 839 πρὸς
3388 761 3454 815 τὸ
3508 759 3585 832 μὴ
3611 762 3803 835 παρέτεινε

2222 851 2462 927 γενέσθαι
2554 848 2846 908 σκανδάλου
2929 864 3046 912 τοῖς
3120 849 3284 918 αὒτὴν
3387 847 3718 928 ἀποδέχεσθαι
3761 855 3804 923 μὲ,

2221 939 2590 1016 βουλομένοις.
2647 932 2704 998 Ὀ
2751 939 2805 996 δὲ
2850 939 3155 1016 ἀποκριθείς
3209 962 3352 1020 φησι
3393 941 3536 1016 πρὸς
3568 938 3803 996 αὖτόν¹ΐές

2223 1033 2338 1104 εἰμι
2382 1030 2490 1108 ἐγὼ
2548 1033 2576 1086 6
2621 1031 2760 1088 κύων
2809 1033 2836 1086 6
2887 1031 3184 1103 τεθνηκὼς,
3218 1029 3303 1087 ὅτι
3363 1028 3593 1103 ποιμέσι
3643 1051 3694 1103 με
3727 1052 3804 1084 σιτ-

2224 1123 2562 1198 αριθμεϊσθαι
2619 1120 2935 1195 προστάττει
2982 1119 3042 1176 τὸ
3088 1119 3283 1196 κράτος
3347 1141 3482 1194 σου,
3515 1121 3604 1174 τὸν
3647 1122 3802 1190 1:9sz-

2224 1212 2400 1266 νεσθαι
2447 1210 2524 1281 μὴ
2583 1209 3006 1285 παραιτούμενον
3067 1210 3152 1264 καὶ
3206 1206 3570 1272 διδασκαλίας
3598 1205 3802 1280 {maid-:15.

2225 1319 2312 1354 νον
2349 1317 2366 1377 ;
2402 1288 2459 1355 Ὀ
2490 1295 2545 1353 δὲ
2588 1296 2836 1374 βασιλεὺς
2883 1299 3018 1371 μετά
3062 1299 3122 1353 τὸ
3153 1296 3398 1355 πλεῖστα
3432 1299 3568 1375 πρὸς
3608 1295 3806 1351 16611):-

2225 1392 2424 1468 χθῆναι
2458 1391 2600 1462 αὖτῷ
2629 1387 2731 1466 ἔφη
2761 1403 2776 1417 ⁹
2814 1387 3017 1462 Σκέψαι
3047 1390 3106 1444 τὸ
3137 1387 3446 1466 συμφέρον,
3485 1389 3571 1442 καὶ
3603 1386 3670 1462 μὴ

2223 1500 2322 1554 σῃς
2355 1479 2496 1552 ἡμᾶς
2535 1494 2549 1508 ⁸
2595 1476 2727 1533 διότι
2762 1476 2854 1534 καί
2905 1480 3066 1550 ἡμεῖς
3113 1475 3258 1533 οὖδὲν
3292 1477 3451 1554 παρὰ
3483 1479 3544 1532 τὸ
3576 1475 3697 1553 δέον,
3723 1474 3808 1529 iiii

2221 1567 2358 1622 κατά
2410 1569 2471 1622 τὸ
2504 1589 2701 1645 πρέπον
2734 1566 2788 1622 ἐν
2821 1573 2888 1642 τῇ
2933 1567 3143 1639 ἐνώσει,
3190 1567 3276 1621 καὶ
3331 1568 3400 1622 οὗ
3434 1565 3712 1644 καθαιρέσει
3750 1569 3809 1628 τῆς

2223 1657 2526 1733 ἁγιωτάτης
2609 1656 2938 1722 Ἐκκλησίας
3029 1661 3127 1723 τὴν
3205 1655 3433 1712 σύνοδον
3514 1658 3808 1727 πεποιῆμεῆι.

495 1765 630 1808 cum
664 1751 910 1812 dixisset
941 1753 1292 1834 imperator,
1328 1762 1388 1816 et
1446 1772 1657 1834 preces
1691 1753 1763 1815 ab
1817 1772 1888 1815 eo
1925 1754 2082 1834 petii:

2223 1753 2396 1802 Ταῦτα
2429 1747 2592 1802 εἰπὼν
2650 1748 2738 1802 καὶ
2796 1747 2965 1826 εὖγ’-ὴν
2998 1747 3219 1817 αἰτήσας
3251 1746 3387 1825 παρ’
3428 1747 3587 1802 αὒτοῦ
3615 1744 3809 1801 ἀπέλυσεν

497 1847 610 1909 set,
645 1859 778 1901 eum
813 1841 1067 1905 dimisit.

572 1927 813 1994 XXXlX
845 1935 990 1995 Cum
1013 1949 1156 1994 vero
1191 1932 1453 1995 venisset
1479 1933 1686 1994 beatus
1711 1933 2051 1997 Auxentius
2074 1933 2136 1994 in

493 2022 924 2082 monasterium
951 2023 1154 2084 Sancti
1178 2021 1423 2104 Hypatii
1448 2025 1506 2084 in
1531 2023 1888 2086 Rufﬁnianis
1913 2025 2050 2104 (8'),
2077 2033 2138 2086 et

489 2109 734 2171 vidisset
756 2111 898 2174 illuc
926 2132 1196 2191 magnam
1214 2114 1521 2176 aiﬂuxisse
1545 2113 2134 2187 multitudinem,cce-

497 2199 578 2277 pit
602 2201 880 2262 omnibus
904 2203 1234 2285 praecipere
1259 2205 1755 2266 utabstinerenta
1779 2204 2047 2278 theatris,
2073 2213 2137 2266 ut

491 2307 615 2364 quae
638 2303 828 2353 essent
849 2311 1021 2354 causa
1049 2298 1447 2367 impudicitiae,
1477 2298 1898 2354 adulteriorum
1927 2308 1982 2354 et
2005 2300 2133 2356 falsi

490 2380 841 2457 testimonii,
882 2384 1248 2464 perjuriique
1277 2393 1334 2445 et
1363 2383 1842 2463 blasphemiam
1864 2385 2130 2446 omnium

489 2471 743 2545 denique
765 2489 895 2545 quae
917 2484 1054 2532 sunt
1079 2477 1372 2546 prohibita
1401 2487 1455 2533 et
1475 2477 1590 2533 Deo
1618 2477 1852 2532 minime
1876 2477 2126 2547 placent:

491 2555 830 2614 hortabatur
853 2566 1042 2616 autem
1069 2561 1292 2616 sincere
1314 2562 1550 2616 credere
1575 2561 1632 2616 in
1659 2571 1916 2616 sanciam
1934 2574 2133 2631 etquae

489 2649 580 2702 est
599 2642 866 2721 ejusdem
892 2643 1631 2719 essentiaiTrinitatem,et
1647 2646 1918 2708 conﬁteri
1935 2646 2132 2709 Domi-

487 2751 628 2794 num
654 2740 1128 2797 nostrumJesum
1149 2741 1441 2798 Christum
1469 2742 1797 2809 suscepisse
1811 2756 2043 2798 carnem
2059 2756 2131 2798 ex

488 2833 688 2880 sancto
702 2822 920 2894 Spiritu
943 2836 1000 2882 et
1026 2825 1192 2882 Maria
1217 2841 1444 2898 semper
1467 2825 1710 2896 Virgine
1738 2834 1792 2881 et
1813 2826 2132 2898 Deiparcn-

486 2914 622 2969 te,et
645 2908 903 2965 assidere
930 2911 1314 2966 sanctissimis
1329 2912 1680 2976 ecclesiis,in
1700 2910 1940 2983 psalmis
1959 2919 2014 2966 et
2033 2910 2132 2980 by-

484 2990 640 3052 mnis
661 3001 718 3053 et
739 2992 988 3054 canticis
1007 2993 1668 3073 spiritalibus.Quidam
1689 3015 1828 3058 vero
1853 3014 1928 3056 ex
1963 2998 2127 3058 mul-

2221 1836 2395 1894 αὐτόν.

2301 1915 2431 1983 ΛΘ’.
2473 1923 2673 1983 Ἐλθὼν
2719 1926 2808 1983 οὖν
2859 1929 2885 1983 6
2919 1927 3181 2005 μακάριος
3211 1929 3266 1982 ἓν
3300 1931 3381 2000 τῷ
3413 1925 3740 2002 μοναστηρίῳ
3759 1933 3809 1979 τιπῐ

2219 2015 2370 2091 ἀγίου
2429 2016 2681 2073 ’Τπατίου
2770 2017 2824 2072 ἐν
2906 2016 3322 2094 Ῥουφινιαναϊς,
3403 2017 3496 2072 καὶ
3549 2016 3809 2085 Genium:

2220 2105 2423 2171 πλῆθος
2502 2104 2639 2161 πολὺ
2717 2104 3110 2184 συνδραμόντας
3183 2107 3328 2178 αὒτῷ
3399 2105 3609 2174 ἐκεῖσε,
3673 2103 3807 2182 fugiat:

2220 2201 2348 2250 πᾶσι
2393 2201 2698 2272 παρεγγυᾷν
2743 2203 2820 2268 τῷ
2868 2195 3166 2274 ἀπέχεσθαι
3211 2203 3319 2252 τῶν
3347 2196 3589 2271 θεάτρων
3617 2195 3682 2255 ὡς
3720 2195 3806 2246 5m-

2216 2283 2402 2347 λασίας
2451 2285 2628 2340 αἰτίων
2676 2291 2942 2364 μοιχειῶν
2991 2307 3049 2340 τε
3097 2286 3185 2342 καὶ
3239 2284 3722 2362 ψευδομαρτυριῶν,
3755 2283 3807 2335 ui

2214 2375 2427 2430 πάντων
2472 2379 2576 2429 τῶν
2635 2374 3090 2452 ἀπηγορευμένων
3135 2376 3226 2430 καὶ
3297 2383 3419 2449 Θεῷ
3468 2377 3546 2450 μὴ
3607 2373 3803 2450 ἀρεσκόν-

2215 2486 2346 2541 των,
2389 2465 2653 2519 πιστεύειν
2684 2462 2737 2519 δὲ
2771 2463 3066 2538 εἰλικρινῶς
3121 2466 3195 2526 εἷς
3227 2465 3324 2532 τὴν
3359 2464 3522 2542 ἀγίαν
3553 2466 3636 2518 καὶ
3661 2463 3803 2535 6:490:3-

2215 2575 2326 2608 σιον
2381 2552 2574 2625 Τριάδα
2627 2556 2719 2608 καί
2761 2553 3058 2627 ὁμολογεῖν
3101 2555 3194 2609 τὸν
3247 2556 3440 2630 Κύριον
3474 2555 3627 2627 ἡμῶν
3653 2549 3798 2616 Ἰησώι

2216 2645 2440 2718 Χριστὸν
2487 2643 2546 2699 ὲκ
2590 2641 2893 2713 Πνεύματος
2947 2644 3095 2722 ἀγίου
3144 2647 3232 2701 καὶ
3292 2645 3499 2712 Μαρίας
3561 2647 3651 2707 τῆς
3702 2646 3801 2713 [ἰαρ-

2214 2732 2364 2789 θένου
2418 2735 2503 2790 καὶ
2577 2735 2841 2792 Θεοτόκου
2915 2733 3277 2813 σαρκωθέντα,
3339 2736 3438 2790 καί
3505 2729 3793 2810 προσεδρεὺεει

2214 2835 2338 2885 ταῖς
2404 2823 2732 2901 ἁγιωτάταις
2793 2820 3105 2889 ἐκκλησίαις
3153 2824 3208 2880 ἐν
3261 2822 3511 2898 ψαλμοῖς
3561 2823 3642 2877 καὶ
3668 2819 3793 2892 ῧμνιιξ

2216 2914 2301 2968 καὶ
2358 2911 2526 2987 ᾠδαῖς
2587 2927 3001 2981 πνευματικαῖς,
3061 2913 3210 2978 Τινὲς
3283 2912 3338 2969 δὲ
3384 2914 3448 2972 ἐκ
3488 2919 3580 2970 τοῦ
3620 2910 3788 2976 πλῆθοδί

2213 3002 2623 3080 προσελθόντες,
2685 3003 3032 3081 πυρέττοντες
3093 3003 3191 3060 καῖ
3242 3005 3548 3083 ῥιγιῶντες,
3602 2997 3790 3064 ἀξιωθέν·

485 3083 861 3167 titudine,qui
877 3089 1683 3155 accesserant.febricitantes
1708 3101 1767 3151 et
1787 3090 2082 3150 horrente:

2216 3114 2300 3155 τις
2331 3097 2431 3158 τῆς
2488 3093 2628 3169 ἀφῆς
2690 3094 2788 3158 τῆς
2848 3094 3034 3170 χειρὸς
3071 3093 3256 3172 α’ὂτοῦ,
3287 3095 3465 3172 ὑγιεῖς
3500 3090 3785 3155 κατέστησαν.

482 3175 708 3255 dignati
733 3187 1008 3240 contactu
1031 3182 1163 3261 ejus
1187 3200 1422 3255 manus,
1454 3183 1583 3244 sani
1607 3191 1745 3243 sunt
1775 3180 2021 3243 redditi.
2053 3180 2124 3244 Ei

479 3281 677 3332 autem
703 3272 1104 3352 signiﬁcatum
1156 3284 1245 3336 est
1273 3275 1483 3338 adesse
1517 3277 1774 3356 puellam
1803 3274 2124 3356 quamdam

482 3379 694 3423 recens
717 3377 960 3444 nuptam
986 3383 1117 3445 quas
1140 3365 1198 3426 in
1226 3365 1483 3428 thalamo
1503 3373 1780 3446 correpta
1799 3365 1906 3426 fuit
1929 3363 2001 3424 ab
2019 3365 2126 3424 im-

487 3452 710 3513 mundo
739 3453 1100 3534 daemone,et
1133 3474 1196 3517 se
1223 3454 1450 3517 divellit
1481 3465 1540 3517 et
1570 3454 1851 3517 comedit.
1873 3453 2126 3516 Sanctus

484 3559 621 3604 vero
654 3562 789 3604 cum
824 3562 952 3604 eam
1009 3545 1288 3623 jussisset
1343 3546 1694 3620 ascendere,
1749 3543 1895 3606 dixit
1928 3544 2124 3624 lacry-

486 3649 691 3692 mans:
749 3631 795 3694 Ο
822 3633 1036 3694 malam
1062 3643 1320 3696 vestram
1354 3636 1730 3714 phalangem,
1764 3653 1896 3715 qua;
1917 3634 2124 3712 generi

485 3721 795 3784 hominum
830 3742 1073 3799 semper
1106 3725 1446 3785 insidiatur!
1475 3723 2128 3801 Obmutesce,maligne

486 3812 751 3890 spiritus,
785 3822 844 3874 et
875 3813 1112 3892 egredei
1133 3833 1165 3874 e
1196 3833 1228 3874 e
1259 3817 1363 3876 Dei
1399 3825 1694 3894 creatura,
1727 3813 1860 3875 sine
1893 3821 2128 3893 pertur-

484 3901 725 3962 batione
759 3911 816 3964 et
846 3903 962 3963 ulla
984 3904 1228 3983 injuria.
1258 3904 1516 3965 Perinde
1534 3923 1674 3983 ergo
1698 3923 1764 3972 ac
1786 3902 1834 3963 si
1857 3903 1919 3963 in
1942 3920 2124 3979 sepo-

482 4008 610 4053 rem
643 4003 802 4053 esset
832 3995 1092 4056 resoluta
1119 3994 1342 4074 puella,
1365 3993 1438 4055 ab
1471 4013 1541 4056 ea
1570 3993 1826 4056 recessit
1858 3993 2123 4054 daemon.

482 4079 628 4145 Cum
659 4091 855 4144 autem
889 4086 1269 4156 surrexisset,
1323 4084 1469 4145 abiit
1521 4103 1727 4146 rursus
1755 4101 1898 4144 sana
1930 4082 1987 4142 in
2020 4080 2122 4142 do-

483 4189 644 4232 mum
676 4191 867 4248 suam,
903 4174 1112 4235 latans
1140 4182 1198 4234 et
1230 4176 1351 4237 Deo
1379 4175 1628 4253 gloriam
1663 4172 1961 4234 tribuens.

560 4261 829 4325 XL.Cum
859 4281 996 4324 vero
1014 4282 1223 4325 rursus
1247 4265 1494 4326 mittens
1517 4264 1842 4344 imperator
1863 4279 2000 4324 eum
2028 4277 2120 4321 ac-

2211 3180 2486 3257 Ἐμηνύθη
2551 3180 2601 3238 δὲ
2662 3183 2828 3255 αύτῷ,
2892 3181 2972 3238 ὅτι
3032 3184 3167 3260 κόρη
3225 3206 3307 3246 τις
3366 3184 3627 3261 νεόγαμος
3673 3179 3788 3246 ἐντῷ

2209 3279 2398 3346 παστῷ
2442 3270 2711 3352 ληφθεῖσα
2768 3273 2869 3327 ὑπὸ
2921 3273 3220 3348 πνεύματος
3272 3272 3571 3350 ἀκαθάρτου
3601 3269 3780 3344 πάρεστιν

2207 3361 2597 3418 κατατίλλουσα
2643 3362 2836 3426 ἑαυτὴν
2880 3363 2966 3417 καὶ
3015 3363 3384 3422 κατεσθίουσα.
3444 3353 3502 3421 Ὀ
3562 3358 3612 3416 δὲ
3649 3355 3782 3412 κελεύ-

2208 3474 2302 3514 σας
2351 3452 2515 3517 αὒτὴν
2559 3451 2824 3524 ἀνελθεῖν,
2855 3449 3137 3530 σύνδακρυς
3171 3453 3405 3530 γεγονὼς
3440 3452 3542 3533 ἔφη
3575 3465 3588 3479 ·
3633 3433 3682 3501 ’Ὠ
3721 3447 3780 3504 τῆς

2208 3548 2446 3620 πονηρᾶς
2477 3544 2625 3616 ὑμῶν
2677 3539 2950 3620 φάλαγγος
3000 3546 3100 3608 τῆς
3153 3544 3233 3598 ἀεὶ
3288 3539 3707 3601 ἐπιϐουλευούσης
3739 3535 3783 3586 τὼ

2209 3631 2349 3710 γένει
2401 3638 2507 3687 τῶν
2560 3631 2848 3708 ἀνθρώπων
2890 3627 2903 3690 Σ
2961 3634 3266 3705 Φιμώθητι,
3328 3640 3540 3706 πνεῦμα
3592 3625 3778 3699 πονηρὸν,

2207 3723 2295 3778 καὶ
2327 3720 2496 3786 ἔξελθε
2543 3721 2604 3778 ἐκ
2633 3729 2725 3778 τοῦ
2756 3718 3074 3796 πλάσματος
3107 3724 3199 3778 τοι]
3238 3729 3371 3780 Θεοῦ
3422 3720 3683 3796 ἀταράχως
3727 3711 3779 3765 κιῖ

2736 3803 2830 3874 Ὠς
2919 3811 3004 3867 ἐπὶ
3078 3811 3228 3885 ὕμνῳ
3303 3813 3394 3866 οὗν
3451 3801 3778 3867 καταλυθείσης

2209 3811 2642 3888 ἀνεπηρεάστως.

3258 3903 3532 3959 ἀναστᾶσα
3588 3895 3634 3952 δὲ
3683 3891 3774 3947 αὖθις

2209 3906 2306 3966 τῆς
2339 3901 2527 3977 κόρης,
2563 3899 2804 3968 ἀπελάθη
2853 3903 2880 3956 ὂ
2937 3901 3138 3968 ὀάίμων
3173 3918 3187 3932 ·

2207 3989 2442 4058 ἀπῆλθεν
2469 3992 2621 4068 ὑγιὴς
2653 3995 2735 4053 εἷς
2762 3993 2852 4048 τὸν
2893 3991 3046 4048 οἷκον
3079 3993 3268 4058 αὒτῆς.

2287 4266 2386 4326 Μ’.
2423 4257 2516 4332 Ὠς
2546 4265 2600 4323 δὲ
2648 4267 2810 4323 πάλιν
2840 4265 3160 4330 ἀποστείλας
3219 4269 3246 4323 6
3297 4264 3545 4343 βασιλεὺς
3569 4252 3766 4343 μετεστεί-

483 4354 1042 4434 cersiisset,rogavit
1058 4374 1130 4415 an
1152 4356 1552 4416 assentiretur
1575 4341 1794 4416 sancta;
1817 4351 2041 4433 synodo
2067 4370 2082 4412 ι

2216 4355 2338 4412 ituro
2385 4359 2567 4426 αὐτὸν,
2601 4359 2821 4414 ἐπύθετο
2865 4357 2990 4434 παρ’
3055 4357 3232 4428 αὗτοῦ,
3270 4357 3313 4413 εἰ
3353 4366 3584 4412 συναινεϊ
3607 4354 3660 4424 τῇ
3691 4346 3770 4418 ἀΤῖ

481 4460 614 4504 cum
648 4453 851 4504 sancta
882 4446 1352 4507 communicaret
1395 4444 1684 4507 Ecclesia.
1719 4443 1876 4506 Dixit
1918 4451 2082 4504 auter

2216 4444 2404 4519 τυνόδῳ
2458 4448 2554 4502 καὶ
2612 4460 2862 4504 κοινωνεῖ
2903 4453 2972 4523 τῇ
3013 4445 3336 4518 Ἐκκλησία.
3374 4445 3429 4502 Ὀ
3494 4443 3543 4500 δὲ
3583 4436 3767 4516 μακάριος

481 4530 688 4592 beatus
723 4549 735 4594 :
772 4530 1083 4606 Quomodo
1119 4553 1357 4614 possum
1393 4535 1862 4607 communicare,
1896 4534 1949 4594 si
1999 4550 2116 4594 non

480 4622 842 4684 conﬁteatur
871 4641 1003 4684 esse
1037 4625 1455 4703 Deiparentem
1489 4643 1731 4704 semper
1758 4623 2064 4702 Virginem
2091 4629 2118 4685 Τ

480 4710 638 4775 Dixit
659 4711 714 4772 ei
735 4711 1082 4792 imperator:
1113 4714 1175 4775 Si
1199 4713 1416 4774 videris
1450 4731 1584 4790 qua;
1603 4723 1740 4774 sunt
1771 4722 1934 4777 recte
1965 4731 2115 4774 con-

481 4803 713 4864 ﬁrmata
745 4810 803 4864 et
824 4800 1084 4864 stabilita
1105 4821 1140 4864 a
1159 4803 1392 4882 synodo
1411 4807 1482 4864 ad
1507 4803 1978 4865 destructionem
2013 4819 2112 4863 re-

479 4891 769 4973 liquarum
799 4893 1278 4968 haeresum,tune
1313 4911 1551 4974 quoque
1581 4895 1961 4954 assentieris?
1990 4891 2115 4954 Re-

479 4982 722 5063 spondit
774 4991 1053 5047 sanctus:
1081 4983 1142 5046 Si
1168 4984 1314 5046 nihil
1339 5002 1616 5064 aggressa
1641 4993 1731 5045 est
1755 4987 1876 5044 haec
1909 4991 2115 5044 sancta

477 5073 739 5154 synodus
761 5073 918 5153 quod
935 5075 1225 5136 tendatad
1239 5076 1632 5138 evertendum
1655 5073 1982 5135 concilium
2003 5083 2115 5135 tre-

475 5173 786 5226 centorum
811 5163 1019 5226 decem
1044 5175 1104 5226 et
1133 5175 1266 5227 octo
1283 5164 1651 5248 Pstrum,qui
1678 5173 1849 5226 erant
1872 5164 2110 5237 Nicaeae,

477 5254 581 5316 sed
617 5253 937 5334 perfectam
961 5255 1290 5317 enuntiavit
1312 5257 1507 5317 carnis
1549 5265 1840 5336 susceptze
1863 5272 2114 5316 (Econo-

479 5345 659 5406 miam
694 5345 1022 5408 Servatoris
1047 5349 1232 5407 nostri
1255 5345 1398 5408 Jesu
1439 5345 1680 5422 Christi,
1714 5353 1773 5406 et
1803 5363 1934 5425 quaa
1964 5362 2113 5405 con—

2201 4534 2302 4611 ἔφη
2339 4552 2354 4568 ·
2394 4537 2512 4600 Πῶς
2571 4535 2688 4616 ἔχω
2717 4541 3068 4609 κοινωνῆσαι,
3117 4539 3196 4611 μή
3241 4533 3652 4612 ὁμολογουμέντις
3677 4532 3764 4625 θεξ·

2199 4627 2355 4681 τόκου
2400 4628 2497 4692 τῆς
2534 4626 2612 4682 ἀεὶ
2658 4626 2920 4702 Παρθένου
2955 4647 2971 4698 ;
3009 4627 3164 4683 Καὶό
3226 4625 3473 4701 βασιλεὺς
3532 4626 3633 4679 εἷπε
3675 4629 3757 4687 πεῖοξ

2200 4715 2354 4772 αὒτον
2386 4733 2402 4749 ⁸
2439 4717 2566 4774 Ἐὰν
2620 4718 2707 4774 οὖν
2763 4717 3031 4792 ἐπισκέψῃ
3077 4717 3150 4780 εἰς
3196 4717 3262 4772 τά
3306 4714 3484 4774 καλῶς
3541 4706 3756 4788 κυρωθέντι

2197 4806 2298 4862 ὑπὸ
2330 4811 2428 4872 τῆς
2460 4805 2674 4862 συνόδου
2715 4809 2800 4862 καὶ
2833 4805 3186 4882 βεϐαιωθέντα
3246 4805 3319 4868 εἷς
3376 4803 3648 4880 καθαίρεσιν
3690 4794 3753 4882 τῷ

2198 4894 2400 4951 λοιπῶν
2457 4895 2732 4973 αἱρέσεων,
2798 4896 3091 4951 συντίθεσαι
3156 4897 3244 4950 καὶ
3300 4892 3456 4957 αὒτός
3496 4912 3513 4968 ;
3551 4881 3752 4973 Ἀπεκρίθη

2199 4989 2226 5044 6
2282 4968 2540 5063 μακάριος
2575 5005 2586 5018 ·
2639 4968 2770 5063 Εἵγε
2829 4985 2905 5058 μὴ
2940 4985 3070 5062 πρὸς
3119 4981 3424 5060 ἀνατροπῆν
3453 4988 3542 5036 τοῦ
3569 4968 3749 5063 συμῧᾷλσδ

2197 5077 2301 5133 τῶν
2363 5074 2416 5130 ἐν
2462 5075 2652 5147 Νικαίᾳ
2701 5075 3017 5152 τριακοσίων
3061 5071 3188 5128 δέκα
3241 5075 3328 5128 καὶ
3387 5072 3532 5128 ὀκτὼ
3581 5061 3748 5163 Πατέρξυν

2198 5165 2600 5243 παρενεχείρισε
2659 5163 2726 5230 τῆ
2794 5162 2919 5240 ἀγίᾳ
2963 5161 3126 5229 ανῦτῆς
3172 5159 3394 5240 συνόδῳ,
3444 5160 3572 5216 ἀλλὰ
3616 5159 3746 5243 τελείαν

2197 5259 2294 5326 τὴν
2348 5258 2650 5330 οἶκονομίαν
2708 5261 2799 5311 τοῦ
2853 5259 3106 5330 Σωτῆρος
3157 5254 3313 5328 ἡμῶν
3370 5258 3585 5333 Χριστοῦ
3618 5238 3747 5337 igni?“

2199 5367 2402 5425 ρευσεν,
2449 5347 2536 5402 καὶ
2581 5345 2679 5412 τὴν
2723 5344 2806 5400 ἐπὶ
2850 5343 2946 5412 τῆς
3006 5344 3268 5422 Παρθένου
3337 5343 3587 5400 Θεοτόκου
3626 5344 3744 5414 eum”

559 5503 663 5590 (ξ’)
700 5504 838 5590 Erat
866 5506 1035 5568 locus
1066 5506 1166 5590 ill_e
1211 5507 1296 5568 sic
1321 5507 1524 5590 dictus
1555 5527 1589 5569 ιι
1620 5505 1856 5569 Βδΐίίηο
1909 5508 2178 5584 consule,
2216 5506 2322 5590 qui
2361 5504 2682 5568 ecclesiam
2720 5503 2798 5566 ibi
2841 5503 3269 5586 Apostolorum
3304 5520 3440 5565 cum
3475 5484 3743 5566 monasterio

474 5577 807 5663 aediﬁcavit,
833 5595 896 5648 ut
927 5593 1088 5648 notat
1116 5587 1438 5650 Baronius.
