3932 6140
53 291 262 368 1409

1406 292 1596 367 VITA
1639 300 1703 364 S.
1748 287 2154 363 AUXENTII.

3320 283 3475 361 1410

53 439 180 494 οὐκ
243 435 543 518 ἀφείλατοο
607 436 750 501 αὖθις
793 440 1032 494 κοινωνῶ
1087 437 1174 492 καὶ
1237 441 1487 515 συναινῶ,
1523 438 1746 516 εὐχαρι-

1873 435 1986 490 enit
2013 431 2253 503 Virgini,
2279 430 2631 502 Βιίρανεηιιε
2656 444 2852 488 vocem
2903 445 3022 489 non
3046 445 3252 490 rursus
3274 434 3474 492 abstu-

53 533 247 582 τιτῶν
278 528 356 602 τῷ
387 528 502 601 Θεῷ
555 528 643 584 καὶ
701 535 768 600 τῇ
824 526 1052 604 ὑμετέρᾳ
1082 523 1340 597 εὐσεϐείᾳ.
1375 534 1548 584 Ταῦτα
1579 526 1746 583 ἀκού-

53 638 185 680 σας
261 619 290 673 ὁ
337 616 608 693 βασιλεὺς,
650 617 1024 687 κατησπάζετο
1068 619 1224 675 αὐτοῦ
1267 617 1363 683 τὴν
1411 615 1620 690 ἔντιμον
1650 637 1745 672 κε-

54 705 307 784 φαλὴν,
355 707 441 763 καὶ
500 705 775 762 ἐκέλευσεν
821 707 957 781 μετὰ
989 704 1233 769 πλείονος
1280 707 1442 781 τιμῆς
1504 727 1748 783 παραγε-

53 796 279 853 νέσθαι
362 796 520 853 αὐτὸν
602 797 656 852 ἐν
727 801 796 873 τῇ
851 795 1060 874 μεγάλῃ
1118 796 1393 874 ἁγιωτάτῃ
1466 794 1748 870 ἐκκλησία.

54 886 316 953 [ll-7100c
344 883 396 941 δὲ
450 885 586 942 πολὺ
636 888 727 943 τοῦ
770 885 902 945 λαοῦ
947 885 1220 943 συνείπετο
1279 889 1446 960 αύτῷ.
1496 887 1744 952 Mque”;

54 974 126 1032 δὲ
206 979 244 1032 ὁ
300 974 552 1054 βασιλεὺς
613 979 690 1051 τῷ
768 974 1182 1056 ἀρχιεπισκόπῳ
1243 976 1747 1034 Κωνσταντινουπόι·

57 1065 241 1128 λεως
303 1067 371 1122 τὰ
429 1066 690 1146 λεχθέντα
737 1066 862 1145 πειιρ²
911 1068 1091 1143 αὐτοῦ,
1145 1066 1319 1122 πάντα
1362 1067 1426 1122 τὰ
1477 1065 1748 1144 ὁρισθέντα

57 1158 193 1214 ὑπὸ
231 1163 336 1224 τῆς
371 1158 526 1237 ἁγίας
577 1155 797 1218 συνόδου
857 1156 1363 1237 παραναγνωσθῆναι
1424 1157 1567 1232 αύτῷ
1621 1156 1746 1213 ὲκέ-

57 1245 318 1310 λευσεν,

170 1325 333 1400 ΜΑ’.
371 1338 467 1396 Καὶ
510 1335 575 1405 δὴ
620 1335 997 1416 ἐντετυχηκὼς
1028 1348 1144 1400 τοῖς
1177 1335 1572 1416 πεπραγμένοις
1619 1337 1752 1412 μετὰ

61 1423 352 1504 ἀκριϐοῦς
415 1426 681 1503 σκέψεως⁹
744 1429 832 1483 καὶ
893 1429 1122 1491 πεισθεὶς
1182 1427 1263 1484 ὅτι
1321 1424 1440 1484 κατ’
1516 1425 1752 1485 εὖδοκίαν

72 1517 242 1573 Θεοῦ
277 1516 340 1572 τὰ
372 1517 524 1596 παρὰ
554 1522 652 1584 τῆς
690 1518 972 1596 Νεστορίου
1031 1516 1285 1595 φλυαρίας
1343 1517 1440 1573 καὶ
1493 1518 1555 1572 τὰ
1613 1517 1755 1593 παρὰ

67 1611 192 1672 τῆς
244 1605 516 1685 Εὖτυχοῦς
548 1605 821 1677 προδήλου
881 1606 1073 1681 μανίας
1134 1608 1205 1668 εἰς
1267 1605 1440 1682 λύμην
1475 1607 1579 1662 τῶν
1611 1605 1751 1662 πολ-

73 1695 210 1753 λῶν
310 1694 730 1774 δογματισθέντα
812 1697 846 1764 ἡ
929 1695 1051 1773 ἁγία
1141 1693 1355 1760 σύνοδος
1440 1694 1752 1753 ἐϐεϐαίωσεν

73 1784 404 1864 βλάσφημα
464 1791 631 1862 εἶναι,
691 1789 874 1843 καθότι
920 1785 1096 1854 ἐκείνη
1143 1786 1239 1862 μὲν
1289 1787 1420 1863 πρὸς
1472 1786 1592 1847 τοὺς
1651 1786 1751 1862 ἆρ-

1831 519 1920 596 lit,
1955 518 2330 579 communico
2362 526 2419 578 et
2451 516 2769 588 assentior,
2805 516 2929 578 Deo
2960 536 3142 596 agens
3172 519 3388 598 gratias
3417 529 3476 581 et

1831 621 2043 674 vestrae
2069 610 2444 692 pietatiHaec
2467 629 2602 672 cum
2627 612 2920 673 audiisset
2937 612 3015 672 im
3027 622 3476 692 perator,oscu-

1833 701 1987 764 latus
2019 711 2108 764 est
2139 701 2545 763 venerandum
2598 710 2654 762 et
2702 708 2972 763 sanctum
3001 704 3131 782 ejus
3155 713 3331 784 caput
3365 723 3380 767 :
3418 712 3477 766 et

1833 799 1918 854 sic
1941 792 2514 872 deindejussiteum
2542 810 2677 852 cum
2707 793 2960 853 maxime
3005 793 3234 854 honore
3271 795 3475 857 venire

1831 882 1891 943 in
1920 900 2188 959 magnam
2214 891 2272 942 et
2292 879 3474 954 sanctissimamDeiecclesiam.Quamo-

1832 972 2000 1034 brem
2031 990 2240 1049 magna
2266 989 2399 1032 eum
2427 971 2633 1051 populi
2676 971 3157 1052 consequebatur
3197 973 3476 1034 multitu-

1831 1063 2287 1142 do.Signiﬁcans
2303 1072 2501 1123 autem
2523 1063 2855 1143 imperator
2867 1063 3317 1145 archiepiscopo
3331 1067 3482 1127 Con-

1831 1152 2372 1234 stantinopolitano
2396 1172 2530 1233 quae
2551 1157 2624 1213 ab
2649 1172 2717 1214 eo
2744 1153 2902 1215 dicta
2925 1153 3188 1229 fuerant,
3222 1153 3396 1235 jubet
3419 1155 3476 1216 ei

1834 1243 1952 1323 legi
1977 1243 2177 1305 omnia
2213 1262 2342 1324 qum
2371 1262 2404 1305 a
2434 1253 2637 1304 sancta
2667 1236 2894 1324 synodo
2925 1243 3166 1306 fuerant
3199 1244 3472 1306 deﬁnita.

1904 1339 2043 1395 XLI.
2075 1339 2182 1406 Qui
2205 1353 2339 1394 cum
2365 1339 2672 1409 diligenter
2690 1349 2744 1394 et
2770 1347 3038 1395 accurate
3065 1349 3193 1394 ecta
3217 1337 3472 1410 legisset,

1837 1433 1895 1484 et
1934 1441 2279 1503 persuasum
2315 1422 2816 1500 habuisset,quod
2856 1422 2958 1483 Dei
2988 1423 3311 1499 voluntate,
3346 1443 3480 1507 qute

1837 1513 2124 1575 adversus
2156 1511 2414 1574 Nestorii
2456 1514 2671 1592 impias
2697 1532 2881 1592 nugas
2907 1521 2965 1574 et
2984 1512 3252 1592 Eutychii
3281 1515 3475 1575 niani-

1837 1607 2046 1664 festum
2077 1610 2330 1665 furorem
2365 1606 2594 1663 decreta
2630 1608 3081 1670 fuerant,sancta
3113 1605 3478 1666 conﬁrmavit

1836 1693 2616 1774 synoduszquandoquidem
2649 1693 2751 1754 illa
2773 1691 3014 1772 quidem
3040 1691 3258 1754 direxit
3279 1693 3473 1755 aciem

1835 1783 2124 1844 adversus
2147 1800 2249 1843 eos
2269 1783 2367 1862 qui
2393 1782 2689 1861 negabant
2707 1783 3024 1843 essentiam
3052 1783 3345 1861 unigeniti
3367 1785 3477 1849 Dei

78 1877 401 1950 νουμένους
460 1876 560 1943 τὴν
605 1877 784 1934 οτῦσίαν
841 1877 934 1932 τοῦ
982 1883 1300 1954 μονογενοῦς
1348 1877 1469 1934 Υἱοῦ
1499 1879 1592 1931 τοῦ
1620 1883 1752 1932 Θεοῦ

1873 1871 2132 1946 'ilii,haac
2155 1880 2355 1932 autem
2381 1873 2671 1934 adversus
2694 1891 2797 1933 eos
2819 1872 2919 1953 qui
2945 1871 3250 1932 inﬁrmant
3271 1881 3478 1934 etcen-

74 1966 491 2045 παρετάττετο,
571 1965 706 2032 αὕτη
783 1964 836 2022 δὲ
911 1968 1042 2043 πρὸς
1100 1968 1221 2028 τοὺς
1293 1966 1393 2032 τὴν
1450 1966 1753 2041 οἰκονομίαν

78 2055 266 2114 αὒτοῦ
329 2057 667 2136 ἂθετοῦντας,
700 2055 781 2112 ὅτι
817 2058 945 2119 Θεὸς
980 2055 1053 2113 ὢν
1108 2056 1167 2112 ἐκ
1225 2059 1358 2112 Θεοῦ
1401 2058 1429 2112 ὁ
1471 2058 1564 2113 τοῦ
1621 2064 1753 2114 Θεοῦ

81 2146 225 2208 Υἱὸς
291 2144 566 2210 συναΐδιος
645 2147 734 2203 καὶ
793 2145 1074 2221 δμοούσιος
1130 2146 1216 2202 καὶ
1288 2146 1618 2226 συνάναρχος
1676 2147 1752 2221 τῷ

81 2234 280 2312 Πατρῖ
304 2233 390 2290 ἐπ’
420 2233 668 2314 ἐσχάτων
725 2241 794 2307 τῇ
855 2235 1094 2314 ἡμετέρᾳ
1135 2241 1283 2314 φύσει
1345 2236 1551 2300 ἑνωθεις
1596 2235 1752 2315 ἐσαρ-

80 2324 284 2398 κώθη,
318 2322 622 2404 ἀτρέπτως,
684 2324 1032 2404 ἀσυγχύτως,
1082 2323 1419 2404 ὰδιαιρέτως.
1453 2330 1621 2382 Τινῶν
1652 2327 1752 2404 γὰρ

86 2411 483 2494 φρενοϐλαϐείη
544 2414 702 2472 αὖτόν
779 2419 1134 2494 παραφθεῖραι
1210 2413 1598 2490 τολμησάντων
1657 2417 1752 2483 τὴν

84 2503 162 2560 δι’
245 2505 392 2578 ἡμᾶς
452 2510 546 2560 τοῦ
607 2501 857 2582 Σωτῆρος
917 2503 1239 2579 οἱκονομίαν,
1308 2506 1597 2584 φαιτασίαν
1653 2505 1752 2572 τὴν

87 2592 515 2670 ἒνανθρώπησιν
560 2593 842 2668 οἰομένων,
905 2600 1063 2651 τινῶν
1113 2593 1164 2649 δὲ
1207 2595 1443 2670 οὐράνιον
1472 2600 1630 2669 σῶμα
1660 2596 1750 2650 τὸν

91 2684 301 2761 Κύριον
373 2682 797 2762 κατενηνοχέναι
885 2683 1309 2762 τερατευομένων
1345 2698 1359 2714 ·
1449 2685 1641 2760 ἑτέρων
1698 2682 1752 2738 δὲ

89 2778 295 2851 κρᾶσιν
365 2775 454 2829 καὶ
505 2774 768 2852 σύγχυσιν
824 2779 928 2829 τῶν
1003 2771 1090 2829 δύο
1165 2773 1374 2852 φύσεων
1430 2773 1751 2850 ὁριζομένων

88 2863 184 2916 καὶ
219 2859 404 2917 ἄλλων
448 2863 652 2939 τροπὴν
699 2865 760 2919 τὸ
813 2863 964 2919 θεῖοι
996 2863 1311 2919 πεπονθέναι
1343 2861 1749 2942 ληρωδούντων,

88 2957 206 3007 τῶν
269 2950 324 3006 δὲ
386 2950 591 3008 λοιπῶν
668 2953 928 3010 Θεοτόκον
989 2954 1086 3019 τὴν
1149 2951 1412 3029 Παρθένον
1468 2953 1751 3025 ὀνομάζειν

87 3041 542 3119 παραιτουμένων
577 3048 598 3075 ⁸
644 3044 690 3099 οἱ
736 3043 790 3098 ἐν
842 3049 910 3119 τῇ
971 3041 1184 3118 μεγάλῃ
1237 3043 1404 3119 ταύτῃ
1450 3047 1536 3097 καὶ
1567 3043 1748 3098 οἰκου-

91 3135 303 3206 μενικῇ
353 3127 554 3201 συνόδῳ
610 3129 753 3207 ἅγιοι
809 3128 1035 3207 Πατέρες
1090 3132 1182 3192 τὰς
1228 3138 1334 3188 τῶν
1399 3153 1810 3233 προγεγραμοο

94 3218 285 3294 μένων
349 3218 597 3276 ἁπάντων
657 3220 1043 3296 ἀνατρέποντες
1105 3221 1497 3300 αἰρεσιαρχίας,
1547 3223 1642 3278 οὒκ
1699 3220 1751 3286 ἐξ

93 3309 319 3364 οἰκείων
363 3307 760 3389 συλλογισμῶν,
800 3308 920 3365 ἀλλ’
954 3309 1014 3366 ἐκ
1043 3316 1149 3366 τῶν
1200 3314 1353 3366 θείων
1402 3315 1624 3390 Γραφῶν
1665 3312 1752 3366 καὶ

93 3402 208 3454 τῶν
272 3398 409 3455 κατὰ
455 3399 642 3475 γενεὰν
696 3400 990 3455 θεσπεσίων
1039 3397 1394 3474 διδασκάλων,
1456 3400 1597 3476 μέγα
1655 3399 1749 3466 τῆς

95 3485 372 3550 εὐσεϐείας
445 3489 736 3566 μυστήριον
819 3488 1364 3567 ἐπισφραγισάμενοι,
1425 3485 1751 3544 ἐϐεϐαίωσαν

96 3579 190 3633 τὸν
236 3576 332 3632 ἕνα
373 3580 461 3633 καὶ
511 3583 780 3656 μονογενῆ
824 3579 948 3634 Υἷὸν
992 3587 1083 3636 τοῦ
1128 3586 1283 3651 Θεοῦ,
1331 3579 1465 3635 κατᾶ
1510 3579 1609 3646 τὴν
1645 3578 1752 3634 τῶν

95 3668 430 3744 τριακοσίων
491 3665 616 3724 δέκα
659 3671 747 3725 καὶ
794 3669 940 3725 ὀκτὼ
996 3669 1161 3748 ἆγίων
1231 3668 1482 3746 Πατέρων
1542 3669 1743 3744 πίστιν,

98 3755 574 3836 ἀπαρεγχείρητον
619 3759 762 3815 εἶναι
807 3759 946 3815 κατὰ
1002 3759 1099 3826 τὴν
1145 3759 1341 3816 οἰκείαν
1372 3759 1548 3839 φύσιν.
1585 3765 1749 3816 Τοῦτο

97 3847 203 3923 γὰρ
257 3845 522 3920 Ἀρειανοὶ
571 3847 1055 3928 παρασαλεύουσιν,
1108 3849 1283 3912 καθὼς
1319 3851 1406 3905 καὶ
1453 3850 1488 3917 ἡ
1535 3847 1750 3914 σύνοδος

99 3934 286 4012 ἐκείνῃ
329 3935 384 3991 ἒν
442 3937 636 4010 Νικαίᾳ
697 3938 1013 4017 γεγένηται,
1085 3940 1172 3995 καὶ
1228 3940 1327 4006 τὴν
1382 3937 1602 4018 ὑστέραν
1663 3940 1750 3996 ἐπὶ

101 4030 205 4092 τῆς
267 4025 653 4102 βασιλευούσης
711 4029 848 4085 κατὰ
891 4027 998 4086 τῶν
1064 4026 1476 4087 Μακεδονιανῶν
1536 4027 1751 4085 σύνοδον

101 4121 212 4172 τῶν
275 4117 466 4173 ἑκατὸν
501 4115 864 4193 πεντήκοντα,
899 4120 973 4182 ὡς
1004 4121 1081 4193 τῷ
1109 4120 1244 4197 ἁγίῳ
1300 4119 1570 4194 Πνεύματι
1630 4116 1752 4175 δια-

103 4206 445 4286 μαχομένων
497 4221 790 4286 γραφικαϊς
869 4210 1177 4286 μαρτυρίαις
1236 4207 1754 4288 ἑπασφαλισαμένην

106 4295 402 4375 ἐκύρωσαν³
464 4295 655 4354 λοιπὸν
722 4297 860 4354 κατὰ
944 4303 1050 4356 τῶν
1121 4297 1445 4354 ἆθετούντων
1506 4298 1604 4366 τὴν
1662 4300 1755 4354 τοῦ

105 4391 362 4465 Σωτῆρος
421 4387 578 4460 ἡμῶν
631 4385 815 4453 Ἰησοῦ
872 4390 1102 4465 Χριστοῦ
1149 4388 1479 4463 οἰκονομίαν,
1541 4389 1612 4453 ὡς
1657 4385 1751 4444 δο-

106 4475 266 4544 κήσει
311 4476 397 4532 καὶ
427 4477 521 4532 οὒκ
554 4474 778 4549 ἀληθείᾳ
836 4477 1200 4556 σαρκιυθέντος
1249 4477 1406 4535 αὐτοῦ
1452 4478 1538 4533 καὶ
1591 4475 1752 4553 ψιλὸν

1835 1961 2062 2022 vellunt
2093 1960 2200 2022 Dei
2234 1962 2657 2036 oeconomiam,
2684 1959 2941 2022 dicendo
2975 1959 3135 2040 quod
3161 1979 3293 2021 cum
3320 1962 3478 2023 Deus

1835 2059 1994 2113 esset
2022 2069 2092 2112 ex
2127 2049 2249 2112 Deo
2283 2049 2390 2111 Dei
2420 2050 2980 2126 Filius,cozeternus
3003 2058 3060 2112 et
3088 2050 3363 2130 ejusdem
3389 2069 3477 2112 es-

1834 2139 2136 2221 sentize,et
2165 2141 2445 2203 similiter
2474 2149 2653 2222 atque
2683 2143 2861 2203 Pater
2903 2158 3115 2202 carens
3148 2139 3470 2219 principio,

1833 2231 1895 2292 in
1928 2229 2154 2291 ultimis
2186 2231 2405 2292 diebus
2458 2241 2678 2292 nostra;
2705 2231 2915 2293 unitus
2944 2240 3192 2304 naturae,
3230 2248 3475 2292 carnem

1836 2326 2100 2401 suscepit
2121 2320 2597 2394 immutabiliter,
2635 2318 3476 2395 inconfuse,individue.Nam

1836 2429 1972 2472 cum
1999 2411 2236 2490 quidam
2262 2411 2438 2493 plane
2463 2419 2677 2473 emotae
2702 2411 3082 2489 mentis,quaa
3105 2419 3350 2492 propter
3367 2429 3476 2474 nos

1835 2500 1987 2562 facta
2009 2508 2121 2575 est,
2156 2500 2487 2564 Servatoris
2536 2501 3049 2581 dispensationem
3093 2499 3224 2563 ausi
3275 2515 3478 2563 essent

1837 2593 2539 2671 corrumpere,human:e
2557 2600 2784 2653 natura:
2801 2591 3244 2671 susceptionem
3270 2599 3476 2673 putan-

1839 2687 1926 2740 tes
1951 2699 2084 2740 esse
2109 2681 2481 2761 phantasiam
2512 2699 2528 2758 ;
2555 2681 2800 2762 quidam
2827 2690 3024 2743 autem
3067 2681 3310 2744 cmleste
3335 2700 3474 2743 cor-

1839 2789 1948 2849 pus
1962 2767 2278 2832 Dominum
2304 2771 2594 2832 detulisse
2621 2771 2959 2850 prodigiose
2985 2780 3346 2853 assererent;
3373 2771 3477 2832 alii

1836 2879 1976 2921 vero
2003 2861 2254 2921 duarum
2280 2881 2412 2941 quae
2435 2861 2806 2922 deﬁniuntur
2831 2871 3174 2922 naturarum
3201 2863 3479 2924 commis-

1835 2951 2092 3012 stionem
2123 2959 2180 3012 et
2203 2952 2714 3025 confusionem,et
2737 2952 2838 3013 alii
2865 2952 3255 3012 mutationem
3288 2951 3473 3015 Deum

1836 3060 2074 3121 passum
2097 3061 2230 3103 esse
2261 3052 2660 3120 nugarentur;
2684 3041 2902 3122 reliqui
2933 3052 3129 3103 autem
3165 3042 3474 3122 Virginem

1836 3133 2255 3214 Deiparentem
2282 3135 2596 3196 nominare
2618 3133 3114 3214 recusarentzqui
3135 3134 3193 3194 in
3221 3134 3329 3195 hac
3358 3153 3476 3196 ma-

1833 3247 1947 3307 gna
1970 3237 2029 3290 et
2051 3227 2422 3290 mcumenica
2445 3229 2672 3308 synodo
2699 3237 2870 3289 erant
2894 3228 3086 3288 sancti
3105 3227 3476 3302 Patres,om-

1835 3321 2024 3394 nium,
2047 3340 2199 3397 quos
2233 3329 2372 3381 ante
2403 3320 2778 3393 scripsimus.
2814 3330 3153 3383 evertentes
3185 3321 3472 3396 haereses,

1837 3433 1957 3476 non
1976 3434 2046 3474 ex
2070 3414 2196 3475 suis
2216 3414 2714 3495 syllogismis,sed
2735 3433 2806 3476 ex
2825 3414 3045 3477 divinis
3062 3413 3479 3494 Scripturis,et

1836 3506 2277 3589 praeclaris,qui
2301 3517 2474 3568 antea
2492 3507 2756 3587 fuerunt,
2785 3507 3158 3581 doctoribus,
3198 3526 3474 3587 magnum

1838 3600 2072 3682 pietatis
2123 3601 2465 3682 mysterium
2515 3599 2927 3680 obsignantes,
2972 3603 3480 3664 conﬁrmaverunt

1835 3695 2082 3758 unicum
2108 3704 2167 3756 et
2193 3695 2570 3775 unigenitum
2621 3696 2726 3759 Dei
2767 3695 3015 3776 Filium,
3049 3697 3481 3758 convenienter

1833 3791 1976 3852 ﬁdei
1989 3798 2391 3853 trecentorum
2405 3789 2614 3852 decem
2630 3797 2692 3852 et
2704 3800 2837 3852 octo
2853 3800 3194 3852 sanctorum
3209 3790 3474 3868 Patrum,

1835 3885 2079 3966 propria
2096 3903 2202 3946 sua
2227 3894 2444 3947 natura
2467 3903 2601 3947 esse
2623 3885 3024 3948 inaccessum:
3055 3886 3169 3948 hoc
3193 3887 3356 3946 enim
3383 3889 3476 3947 la-

1836 3977 2139 4042 befactant
2159 3979 2390 4054 Ariani,
2423 3982 2717 4042 adversus
2742 3999 2891 4060 quos
2911 3979 3024 4040 fuit
3068 3980 3170 4042 illa
3215 3979 3480 4061 synodus

1837 4072 2106 4136 Nicaeae:
2132 4081 2347 4153 etquae
2368 4081 2572 4151 postea
2597 4072 2707 4134 fuit
2727 4073 2786 4132 in
2809 4071 2960 4134 urbe
2989 4072 3477 4153 regia,synodum

1837 4177 2070 4223 centum
2107 4175 2161 4224 et
2182 4165 2608 4238 quinquaginta
2637 4166 2876 4223 Patrum
2896 4166 3181 4223 adversus
3212 4165 3478 4224 Macedo-

1839 4252 2138 4316 nianos,ut
2160 4253 2259 4322 qui
2284 4266 2415 4308 cum
2435 4251 2654 4323 Spiritu
2676 4264 2876 4310 sancto
2901 4262 3252 4322 pugnarent,
3277 4251 3475 4320 Scrip-

1838 4342 1982 4394 tura:
2003 4336 2352 4393 testimoniis
2377 4338 2658 4394 munitam
2686 4337 3165 4406 comprobarunt:
3193 4346 3249 4393 et
3271 4337 3341 4394 de
3361 4351 3473 4392 cae-

1838 4427 1960 4478 tero
1983 4420 2262 4478 adversus
2285 4435 2384 4478 eos
2406 4423 2502 4491 qui
2521 4421 3172 4479 abolebantServatoris
3189 4423 3482 4480 nostriJe-

1836 4520 1903 4562 su
1918 4505 2124 4562 Christi
2151 4511 2630 4575 mcenomiam,ut
2651 4509 2746 4578 qui
2772 4507 3075 4569 visione.et
3103 4521 3221 4564 non
3243 4508 3480 4564 veritate

111 4561 386 4643 ἄνθρωπον
443 4566 535 4621 τὸν
578 4564 639 4621 ἐκ
681 4571 779 4633 τῆς
823 4567 977 4646 ἁγίας
1033 4568 1296 4646 Παρθένου
1353 4567 1443 4624 καὶ
1490 4568 1750 4624 Θεοτόκου

1873 4599 1988 4648 sset
2011 4592 2432 4656 incarnatus,et
2454 4561 2684 4648 nudati;
2699 4607 2829 4648 esse
2855 4593 3284 4665 hominem,qui
3309 4602 3480 4650 natus

112 4654 316 4732 Μαρίας
368 4652 628 4734 τεχθέντα
656 4654 1042 4735 ληρωδούντων
1075 4673 1090 4687 ·
1134 4655 1255 4713 κατ’
1287 4658 1462 4713 αὐτῶν
1508 4655 1749 4738 ἐσχόλα-

113 4763 210 4798 σαν
255 4742 314 4800 ἒκ
355 4765 416 4799 τε
457 4743 555 4812 τῆς
600 4746 888 4825 μαρτυρίας
950 4745 1054 4802 τῶν
1112 4748 1266 4803 θείων
1325 4749 1546 4824 Γραφῶν
1577 4748 1665 4802 καὶ
1695 4746 1756 4803 ἐκ

113 4833 221 4888 τῶν
305 4831 594 4890 συνοδικῶν
675 4841 770 4890 τοῦ
840 4835 1256 4915 μακαριωτάτου
1331 4834 1587 4912 Κυρίλλου
1656 4841 1754 4903 τῆς

114 4919 524 5001 Ἀλεξανδρέων,
573 4922 670 4980 καί
715 4923 943 4990 Λέοντος
989 4932 1083 4981 τοῦ
1148 4924 1445 4981 ὁσιωτάτου
1496 4925 1754 5004 ἆρχιεπι-

116 5019 319 5068 σκόπου
351 5003 589 5089 Ῥωμης,
623 5013 712 5069 καὶ
746 5013 961 5071 πάντων
1003 5015 1111 5072 τῶν
1155 5013 1279 5070 κατ’
1318 5013 1534 5092 αὐτοὺς,
1570 5013 1668 5069 ὅσα
1701 5034 1756 5070 τε

118 5097 183 5166 δὴ
214 5107 282 5178 τῇ
312 5101 405 5158 τοῦ
455 5101 754 5160 ἀποστόλου
813 5109 1012 5183 Πετρου
1044 5102 1302 5180 ὁμολογίᾳ
1336 5100 1754 5181 συμϐαινούσας,

117 5194 254 5248 κατὰ
281 5193 365 5267 τὸ,
406 5215 429 5247 ιι
469 5194 542 5248 Σὺ
571 5193 628 5249 εἶ
663 5195 689 5249 ὃ
747 5195 998 5271 Χριστὸς,
1059 5195 1086 5248 ὸ
1147 5194 1267 5256 Υἱὸς
1327 5200 1419 5250 τοῦ
1481 5199 1612 5249 Θεοῦ
1665 5200 1759 5250 τοῦ

118 5287 337 5356 ζῶντος,
375 5303 400 5339 ο
437 5281 652 5359 δψῆλήν
699 5305 819 5339 τινα
865 5282 1073 5351 στήλην
1103 5283 1238 5338 κατὰ
1268 5288 1375 5339 τῶν
1406 5279 1758 5346 κακοδοξούν-

121 5391 224 5426 των
253 5373 468 5436 εἰκότως
501 5372 890 5453 ανεγείραντες³
928 5373 1059 5453 πρὸς
1089 5373 1190 5440 τὴν
1220 5371 1326 5429 τῶν
1351 5369 1756 5450 ὀρθοδογμάτων

121 5457 426 5539 βεϐαίωσιν.

203 5631 256 5674 ¹¹²
283 5631 489 5695 Matth.
526 5650 643 5713 xvn,
681 5633 781 5696 16.

1836 4685 1964 4735 erat
2003 4691 2076 4733 ex
2096 4685 2292 4734 sancta
2317 4675 2556 4748 Virgine
2578 4688 2631 4734 et
2651 4677 3001 4748 Deiparente
3043 4679 3238 4743 Maria,
3276 4679 3482 4748 nugatt

1837 4765 2088 4822 luerent:
2112 4764 2392 4821 adversus
2413 4766 2801 4835 eos,inquam,
2825 4777 3065 4834 Operam
3082 4763 3390 4829 dederunt.
3425 4774 3479 4822 et

1838 4865 1910 4908 ex
1934 4850 2266 4906 divinarum
2285 4848 2721 4920 Scripturarum
2747 4850 3106 4914 testimonio,
3130 4857 3185 4905 et
3206 4863 3273 4905 ex
3301 4862 3480 4920 syno-

1839 4936 2070 4993 dalibus
2092 4933 2406 4992 beatissimi
2431 4932 3332 5006 CyrilliAlexandrini,etLeonis
3354 4948 3481 4992 san-

1840 5023 2082 5080 ctissimi
2109 5020 2535 5091 archiepiscopi
2565 5021 2834 5093 Romani,
2869 5021 3205 5077 etomnium
3229 5020 3327 5092 qui
3352 5020 3483 5078 fue-

1841 5116 1978 5165 runt
2002 5106 2085 5161 eis
2110 5103 2561 5174 similes,utquae
2578 5103 2898 5160 beatissimi
2919 5104 3072 5161 Petri
3097 5105 3488 5162 convenirent

1842 5188 2218 5253 confessioni,
2254 5198 2646 5257 congruenter
2666 5189 2716 5243 ei
2743 5188 2899 5259 quod
2927 5197 3013 5244 est
3063 5188 3180 5245 «Tu
3207 5204 3265 5244 es
3282 5188 3479 5246 Chris-

1843 5283 1934 5332 tus
1948 5272 2129 5330 Filius
2144 5272 2248 5330 Dei
2267 5273 2379 5327 vivi
2399 5271 2796 5328 ":nexcelsam
2813 5271 3124 5343 quamdam
3143 5272 3482 5330 columnam

1843 5368 2052 5423 contra
2075 5376 2176 5419 eos
2193 5357 2293 5438 qui
2311 5355 2697 5418 malaimbuti
2717 5366 2889 5418 erant
2922 5355 3233 5436 opinione,
3262 5355 3478 5418 merito

1842 5460 2192 5530 erexerunt,
2217 5451 2292 5515 ad
2314 5449 2724 5516 conﬁrmanda
2742 5461 2908 5516 recte
2928 5459 2988 5515 et
3005 5470 3145 5516 vera
3174 5451 3473 5531 dogmata.
