3932 6140
171 286 330 352 1413

1473 288 1659 353 VITA
1704 282 1763 350 Si.
1820 274 2224 350 AUXENTII.

3381 275 3533 345 1414

163 418 225 477 δὲ
284 423 543 501 ὑπαρχων
630 413 1027 501 Ῥουιρινιανῶν,
1102 418 1332 496 τοῦνομα
1388 427 1612 500 Σκῶπα,
1687 417 1797 482 τοὺς

1928 414 2010 490 is,
2044 414 2291 476 nomine
2311 411 2591 493 Scopem,
2625 404 2849 491 rogavit
2897 429 3024 491 eos,
3071 408 3172 492 qui
3203 412 3533 501 convenie—

159 510 593 589 συνερχομένοῦς
661 510 884 578 ἦξίωσεν
941 509 1154 587 ἐνέγκαι
1230 511 1412 582 αὐτὸν,
1488 511 1574 566 καὶ
1644 508 1809 569 οὕτως

161 599 308 654 κατὰ
349 600 412 654 τὸ
455 599 709 678 πρότερον
764 599 959 679 σχῆμα
1006 601 1098 655 τὸν
1140 599 1302 655 πόθον
1346 599 1503 655 αὐτοῦ
1538 597 1807 674 ἀνύοντες,

156 687 260 743 σὺν
292 700 412 752 τοϊς
457 686 519 744 ἐκ
560 694 653 745 τοῦ
685 689 1044 766 μοναστηρίου
1073 686 1127 744 ἐν
1156 688 1201 762 ᾧ
1232 687 1497 765 διέτριψεν
1529 684 1806 766 ἀδελφοῖς.

158 777 307 848 μετὰ
358 775 589 851 ψαλμῶν
651 778 740 834 καὶ
817 777 996 852 ὕμνων
1053 779 1148 834 καί
1225 774 1374 851 ᾠδῶν
1430 780 1808 850 πνευματικῶν

154 865 437 942 ἀνήγαγον
496 868 654 923 αὐτὸν
723 868 819 923 καί
866 866 1188 933 ποιήσαντες
1228 863 1454 922 κλουϐὸν
1497 867 1559 922 εκ
1613 863 1806 938 ξύλων,

156 956 238 1017 ὡς
281 952 460 1031 θ’ρνεον
491 956 738 1030 ὑψιτενὲς
770 955 1098 1027 ἑνέκλεισαν,
1153 953 1331 1034 θυρίδα
1362 955 1525 1031 μόνον
1554 956 1806 1019 ὲᾶσαντες

157 1046 298 1123 πρὸς
359 1046 458 1112 τὴν
515 1052 621 1102 τῶν
694 1045 1148 1124 παραγινομένων
1208 1045 1494 1122 συντυχίαν
1550 1044 1689 1101 κατά
1746 1044 1806 1099 τὸ

157 1136 425 1212 πρότερον
481 1140 677 1214 σχῆμα
703 1152 719 1167 °
768 1138 855 1198 οἷς
900 1134 1252 1210 ἐπευξάμενος
1282 1136 1371 1191 καὶ
1401 1130 1626 1190 ἕκαστον
1669 1154 1805 1190 κατ-

157 1225 545 1299 ασπασάμενος
627 1225 830 1290 πάντας
912 1224 1174 1281 ἀπέλυσεν
1210 1271 1226 1297 ,
1325 1221 1646 1290 καταληθεὶς
1732 1225 1806 1286 ὡς

161 1315 434 1391 στρουθίον
490 1313 722 1388 μονάζον
764 1313 850 1371 ἐπὶ
887 1313 1101 1389 δόματι,
1152 1316 1486 1393 εὐχαριστῶν
1528 1317 1606 1386 τῷ
1638 1314 1808 1392 Κυρίῳ

157 1400 251 1458 διὰ
277 1407 374 1471 τῆς
409 1405 665 1474 συνήθους
695 1405 929 1484 ἡσυχίας
961 1425 1016 1461 τε
1036 1405 1124 1461 καὶ
1152 1402 1482 1481 δοξολογίας.

246 1580 384 1643 ΜΔ’.
433 1581 749 1659 Ἀπέριττον
796 1581 850 1639 δὲ
879 1583 969 1640 καὶ
1000 1582 1206 1658 μᾶλλον
1233 1580 1501 1663 ὠφέλιμον
1535 1581 1804 1660 ἡγούμεθα

158 1673 258 1742 τὸ,
293 1670 651 1749 διηγήσασθαι
726 1678 960 1752 μερικῶς
1032 1675 1121 1730 καὶ
1189 1673 1313 1736 τοὺς
1386 1675 1609 1729 ἐνταῦθα
1679 1671 1803 1728 ἑπι-

1896 503 2261 584 bant,ipsum
2287 502 2843 584 deducere.Sicque
2867 501 2928 563 in
2962 501 3147 582 priori
3167 500 3375 564 habitu
3395 502 3532 583 ejus

1894 593 2257 657 desiderium
2290 592 2778 674 implentes,cum
2811 590 3125 655 Fratribus
3147 592 3438 672 quierant
3459 610 3532 655 ex

1894 683 2261 745 monasterio
2304 682 2366 743 in
2411 701 2528 763 quo
2575 690 2664 743 est
2692 690 2984 756 versatus,
3018 699 3154 743 cum
3191 681 3437 763 psalmis
3467 693 3531 745 et.

1892 773 2129 853 hymnis
2154 782 2212 834 et
2241 770 2491 834 canticis
2520 770 2896 849 spiritalibus
2929 789 3064 833 eum
3098 770 3477 834 deduxerunt
3509 792 3526 836 :

1890 870 1952 922 et
1979 881 2113 923 cum
2146 861 2389 941 globum
2427 879 2498 922 ex
2524 861 2707 939 lignis
2731 860 3329 941 fecissent,tanquam
3361 878 3531 924 avem

1888 954 2147 1017 sublime
2175 954 2701 1035 volantem,ipsum
2733 954 2792 1016 in
2821 973 2892 1016 eo
2926 954 3324 1030 incluserunt,
3347 973 3528 1017 unam

1888 1048 2073 1109 solam
2106 1046 2378 1108 sinentes
2408 1046 2757 1121 fenestram,
2792 1046 2864 1107 ad
2914 1047 3392 1108 conveniendum
3424 1065 3532 1111 eos

1889 1141 1987 1218 qui
2007 1136 2476 1211 accedebant,eo
2493 1138 2613 1199 ritu
2633 1155 2749 1217 quo
2776 1137 3198 1216 prius.Quibus
3218 1136 3374 1199 bene
3395 1156 3528 1217 pre-

1890 1234 2077 1302 catus,
2102 1234 2161 1288 et
2182 1244 2674 1306 unumquemque
2704 1227 3026 1301 osculatus,
3054 1244 3268 1289 omnes
3297 1226 3526 1291 dimisit

1891 1317 1950 1377 in
1983 1334 2149 1397 pace,
2184 1315 2425 1378 relictus
2481 1334 2715 1391 rursus,
2746 1326 3023 1398 tanquam
3084 1334 3288 1398 passer
3316 1318 3526 1381 solita-

1890 1407 2017 1466 rius
2055 1404 2108 1453 i9
2132 1422 2312 1484 supra
2356 1412 2603 1479 tectum,
2666 1405 2787 1467 Deo
2818 1424 3007 1485 agens
3035 1406 3255 1485 gratias
3286 1418 3529 1490 prapter

1887 1504 2228 1559 consuetam
2262 1494 2524 1576 quietem
2560 1503 2618 1557 et
2647 1495 3165 1575 gloriﬁcationem.

1956 1587 2078 1645 Non
2101 1587 2357 1645 alienum
2377 1597 2569 1644 autem
2585 1590 2995 1646 existimamus
3009 1598 3183 1659 atque
3203 1588 3346 1647 adeo
3365 1590 3529 1660 utile,

1885 1670 2224 1750 singulatim
2256 1688 2669 1751 narrare,quze
2701 1670 2796 1733 hic
2831 1672 2888 1732 ei
2920 1677 3299 1751 contigerunt
3330 1681 3529 1735 tenta-

154 1758 461 1834 συμϐάντας
541 1766 684 1837 αὐτῷ
754 1765 1082 1840 πειρασμοὺς
1155 1764 1259 1819 ὑπὸ
1315 1768 1422 1818 τῶν
1493 1761 1797 1838 ἀκαθάρτων

1928 1779 2085 1823 ,οιιθε
2132 1760 2207 1822 ab
2252 1761 2581 1824 immundis
2625 1769 2685 1823 et
2717 1761 2993 1840 malignis
3025 1761 3359 1840 spiritibus.
3402 1761 3534 1826 Una

155 1851 504 1925 πνευμάτων.
570 1857 678 1924 Μιᾷ
747 1852 849 1930 γὰρ
922 1855 1069 1909 νυκτὶ
1118 1850 1560 1931 προσευχομένου
1616 1854 1799 1930 αὗτοῠ,

156 1938 471 2001 ἐπιστάντες
534 1942 582 1996 οἱ
640 1939 887 2016 δαίμονες
933 1942 1007 2006 είς
1048 1940 1250 2008 πλῆθος
1309 1940 1549 2016 ἄπειρον,
1597 1940 1652 1998 ἐν
1695 1938 1806 1996 δια-

155 2028 342 2107 φόροις
387 2030 880 2108 σχηματιζόμένοι,
952 2031 1435 2102 κατακτυποῦντες,
1481 2029 1799 2109 βρύχοντες,

154 2118 526 2193 ἂπειλοῧντες,
576 2123 671 2179 οὐκ
733 2118 972 2200 ἴσχυσαν
1020 2121 1113 2176 τὸν
1158 2119 1276 2178 νοῦν
1321 2119 1481 2176 αὐτοῦ
1522 2125 1798 2198 πειρᾶσαι.

160 2206 412 2284 Πληγαϊς
457 2210 547 2263 οὖν
592 2211 751 2265 αὐτὸν
780 2211 1068 2284 κόψαντες,
1099 2208 1268 2283 ᾢοντο
1317 2207 1401 2267 διὰ
1459 2213 1558 2275 τῆς
1601 2207 1800 2287 θυρίδος

156 2294 383 2361 ἐξωθοῦν
427 2299 564 2371 μετὰ
621 2296 828 2365 πολλῆς
886 2299 984 2366 τῆς
1044 2300 1189 2375 βίας¹
1248 2297 1471 2375 θρύλλον
1526 2306 1800 2364 ποιοόντες

156 2387 251 2441 καὶ
303 2384 746 2461 διαταράσσοντες
803 2389 1017 2450 ἑαυτοὺς
1091 2387 1294 2460 μᾶλλον
1376 2386 1514 2465 ἤπερ
1569 2388 1800 2463 ἐκεῖνον,

160 2477 378 2554 φωναῖς
422 2476 655 2552 ἀσήμοις
686 2478 917 2553 βοῶντες
952 2495 967 2511 ⁶
1002 2479 1063 2536 Τί
1098 2500 1179 2534 σοι
1231 2479 1317 2534 καὶ
1364 2491 1490 2542 ταῖς
1533 2478 1755 2557 ἐρήμοις
1784 2499 1801 2550 ;

157 2565 437 2644 ἀναχώρει
481 2571 587 2623 τῶν
629 2567 935 2645 ⁴ἡμετέρων,
995 2565 1147 2624 Ἀλλ’
1181 2570 1208 2623 ὁ
1240 2568 1500 2644 μακάριος
1548 2569 1803 2646 γενναίως

156 2653 359 2732 φέρων,
406 2656 498 2711 τὸν
527 2656 689 2713 τύπον
738 2664 833 2713 τοῦ
878 2656 1144 2734 σωτηρίου
1188 2656 1412 2734 σταυροῦ
1455 2658 1576 2714 κατ’
1632 2660 1805 2714 αὐτῶν

156 2739 488 2822 διαχαράξας
523 2791 539 2818 ,
625 2744 983 2823 ἆτονωτέρονς
1095 2744 1455 2808 ἀπεδείκνυεν,
1548 2746 1655 2804 Καΐ
1738 2746 1803 2816 δὴ

154 2833 373 2907 πρωίας
422 2832 719 2910 γενομένης
771 2833 891 2892 κατ’
949 2836 1188 2893 εὐδοκίαν
1243 2843 1337 2893 τοῦ
1391 2842 1544 2911 Θεοῦ,
1593 2837 1653 2893 ἐκ
1708 2837 1802 2894 τοῦ

154 2922 441 2998 εἰρημένου
499 2922 763 2989 πολλάκις
822 2924 1080 3004 ἐμπορίου
1129 2917 1503 3005 Ῥουφινιανῶν
1562 2927 1649 2982 καὶ
1707 2933 1800 2983 τοῦ

152 3009 338 3067 ἐκεῖσε
420 3015 780 3092 μοναστηρίου
855 3015 1212 3092 παρεγένοντο
1269 3017 1511 3079 πλείονες
1566 3017 1802 3095 μοναχοί

1888 1849 2049 1911 enim
2084 1858 2262 1913 nocte
2293 1868 2364 1912 eo
2397 1851 3004 1931 orante,accedentes
3027 1852 3330 1914 daemones
3351 1852 3530 1915 innu-

1888 1939 2617 2015 merabiles,diversarum
2642 1941 2938 2003 visionum
2959 1940 3195 2022 species
3217 1960 3336 2022 pra;
3357 1960 3422 2005 se
3443 1942 3528 2005 fe-

1883 2030 3139 2110 rentes,strepentes,rugientes,minantes,
3165 2049 3286 2093 non
3310 2040 3526 2112 potue-

1885 2127 2030 2180 runt
2061 2129 2323 2181 mentem
2351 2120 2485 2198 ejus
2519 2129 2774 2183 terrere.
2803 2120 2951 2184 Cum
2985 2137 3121 2182 eum
3170 2137 3311 2200 ergo
3343 2120 3530 2202 plagis

1884 2206 2250 2282 affecissent,
2282 2209 2564 2290 putabant
2604 2212 2733 2272 fore
2760 2218 2821 2271 ut
2844 2229 2909 2272 se
2931 2207 3286 2272 duturbaret
3312 2228 3418 2290 per
3437 2210 3531 2274 fe-

1888 2306 2317 2371 nestram,cum
2349 2298 2405 2359 vi
2430 2317 2642 2378 magna
2665 2299 2985 2361 tumultum
3011 2299 3351 2373 edentes,et
3368 2300 3530 2382 aeip~

1887 2405 1984 2450 sos
2002 2394 2188 2467 magis
2211 2406 2388 2469 quam
2418 2388 2588 2449 illum
2614 2387 3403 2461 conturbantes,iuconditis
3427 2409 3528 2453 vo-

1888 2476 2057 2538 cibus
2075 2477 2499 2541 exclamantes:
2528 2478 2686 2550 Quid
2717 2479 2820 2540 tibi
2841 2497 2974 2540 cum
2999 2477 3224 2539 nostris
3242 2477 3532 2544 desertis?

1887 2564 2128 2629 Recede
2158 2585 2191 2629 a
2223 2567 2404 2629 rebus
2434 2568 2677 2643 nostris,
2714 2567 2867 2629 male
2912 2567 3072 2629 enim
3109 2586 3173 2629 es
3202 2572 3528 2647 periturus.

1887 2657 2004 2718 Sed
2039 2654 2248 2718 beatus
2285 2659 2621 2719 Auxentius
2652 2657 2884 2719 fortiter
2912 2657 3341 2738 ferens,crucis
3369 2658 3525 2739 ﬁgu—

1886 2764 2012 2807 ram
2046 2745 2107 2806 in
2131 2764 2234 2807 eos
2257 2747 2898 2828 exprimens,reddidit
2917 2742 3525 2812 imbecilliores.Cum

1883 2835 2098 2897 fuisset
2127 2846 2325 2897 autem
2365 2855 2560 2911 mane,
2592 2847 2657 2898 ut
2680 2835 2804 2899 Deo
2830 2836 3069 2916 placuit,
3099 2855 3168 2898 ex
3188 2854 3348 2916 saepe
3368 2837 3529 2900 dicto

1886 2925 2155 3004 emporio
2176 2924 2744 3006 Rufﬁnianarum,et
2767 2924 3031 3006 eo,quod
3054 2924 3179 2986 illic
3204 2935 3355 3006 erat,
3392 2946 3527 2989 mo-

1884 3014 2564 3087 nasterio,accesserunt
2586 3014 2791 3096 plures
2818 3013 3095 3075 monachi
3128 3021 3188 3074 et
3213 3013 3522 3092 mundani,

151 3117 217 3152 τε
276 3099 375 3155 καῖ
431 3102 681 3175 κοσμικοὶ
730 3102 817 3158 ἰπὶ
863 3104 924 3158 τὸ
982 3100 1335 3180 εὐλογηθῆναι
1367 3105 1456 3159 καὶ
1497 3103 1797 3162 ἀπολαῦσαι

1930 3101 2076 3164 tben
2087 3103 2304 3164 edictio
2315 3122 2448 3165 nem
2463 3103 2536 3165 ab
2558 3122 2628 3165 eo
2647 3112 3164 3181 consequerentur
3184 3112 3242 3164 et
3257 3103 3531 3167 frueren-

150 3185 253 3251 στῆς
292 3185 583 3254 καλλίστης
627 3188 786 3247 αὐτου
815 3191 1127 3271 συντυχίας.
1168 3181 1260 3254 Ὠς
1306 3189 1362 3247 δὲ
1408 3190 1468 3248 ἐκ
1509 3195 1608 3262 τῆς
1665 3192 1797 3271 ἄγαν

1928 3209 1983 3252 ιι·
2007 3191 2410 3271 pulcherrima
2436 3194 2570 3270 ejus
2589 3189 3157 3254 contentione.Cum
3182 3210 3324 3253 vero
3347 3211 3530 3274 prop-

149 3280 267 3330 τῶν
323 3277 631 3357 ἀκαθάρτων
692 3286 1012 3355 πνευμάτων
1050 3280 1420 3359 ταλαιπωρίας
1476 3281 1641 3356 μόλις
1698 3286 1799 3341 αὒ-

152 3376 280 3428 τοτς
337 3366 439 3431 τὴν
491 3365 669 3445 θυρίδα
710 3368 936 3443 ἀνέῳξεν
966 3372 1082 3428 ’καὶ
1142 3370 1572 3446 παρακλητικοϊς
1616 3370 1799 3449 λόγοις

152 3452 426 3534 ἐκέχρητο
461 3460 671 3537 αὐτοῖς,
729 3461 804 3522 ὡς
864 3460 962 3529 τὴν
1020 3461 1191 3516 αἰτίαν
1250 3464 1349 3527 τῆς
1380 3461 1648 3529 τοσαύτης
1678 3460 1801 3518 ἀτο-

153 3542 271 3606 νίας
316 3544 569 3603 ἑπύθοντο
600 3561 616 3576 ⁸
650 3554 741 3605 τοῦ
772 3546 827 3604 δὲ
858 3548 1128 3616 φήσαντος
1175 3549 1253 3624 μὴ
1314 3549 1460 3606 εἶναι
1502 3551 1799 3630 κακουχίαν

156 3634 504 3713 σωματικὴν²
562 3633 682 3691 ἀλλ’
742 3636 1011 3718 ἐνέργειαν
1069 3636 1410 3709 διαϐολικὴν,
1466 3639 1680 3717 γνόντες
1752 3642 1802 3696 οἱ

155 3719 415 3799 παρόντες
489 3723 769 3805 ἡσύχασαν
801 3745 815 3759 ⁸
889 3729 979 3784 καὶ
1050 3728 1340 3806 παράθεσιν
1394 3726 1801 3806 ἐξαιτησάμενοι

148 3811 473 3886 ’κατῄεισαν.
526 3814 874 3894 Συχνοτέρως
928 3814 982 3871 δὲ
1040 3815 1280 3897 ἤρχοντο
1329 3819 1460 3897 πρὸς
1521 3819 1801 3895 ἐπίσκεψιν

157 3901 340 3975 αὐτοῦ,
389 3899 623 3975 μάλιστα
665 3907 712 3960 οἱ
764 3905 824 3962 ἐκ
869 3911 963 3962 τοῦ
1015 3907 1396 3983 μοναστηρίου.
1459 3906 1657 3984 Ἠμεϊς
1713 3908 1801 3966 οὖν

154 3990 291 4067 πρὸς
347 3991 408 4044 τὸ
451 3991 530 4064 μὴ
575 3992 719 4070 παρὰ
761 3995 822 4049 τὸ
857 3994 1048 4073 μέτρον
1097 3997 1190 4051 τὸν
1235 3996 1394 4073 λόγον
1436 4001 1795 4073 μηκυνθῆναι,

152 4078 280 4136 τοὺς
341 4074 564 4144 λοιποὺς
621 4084 948 4158 πειρασμοὺς
990 4082 1044 4139 ἐν
1106 4091 1183 4158 τῷ
1249 4085 1490 4164 προτέρῳ
1543 4086 1651 4164 ὄρει
1710 4088 1797 4145 καὶ

150 4169 208 4223 ὲν
252 4167 424 4241 τούτῳ
465 4170 861 4247 γεγενημένους
892 4170 979 4228 ἐπ’
1023 4173 1168 4248 αύτῷ
1199 4171 1556 4252 διηγήσασθαι
1612 4197 1794 4254 παρῃ-

149 4256 431 4332 τησάμεθα
465 4275 484 4294 '
529 4260 619 4315 καὶ
660 4261 762 4339 γὰρ
808 4262 879 4324 εἰς
912 4260 1143 4341 ἄγγελον
1201 4266 1375 4343 φωτὸς
1436 4262 1793 4339 μεταϐληθεὶς

149 4348 179 4401 ὁ
240 4348 498 4422 πονηρὸς,
559 4346 635 4410 ὥς
692 4370 855 4429 φησιν
913 4351 941 4406 ὁ
992 4348 1343 4433 Ἀπόστολος,
1398 4352 1606 4426 ἀπατᾷν
1635 4356 1792 4412 αὐτὸν

147 4435 313 4523 ᾣετο,
375 4434 498 4493 ἀλλ’
551 4441 650 4496 οὐκ
679 4438 747 4507 ἦν
790 4436 1056 4505 εὐάλωτος
1108 4443 1135 4496 ὁ
1187 4444 1472 4523 μακάριος,
1508 4442 1706 4523 σφόδρα
1737 4443 1793 4501 δὲ

1885 3288 1977 3342 ter
2000 3280 2243 3341 nimiam
2295 3280 2742 3341 immundorum
2791 3279 3109 3361 spirituum
3140 3278 3528 3344 alﬂictionem

1883 3370 1978 3431 vix
2003 3368 2243 3431 tandem
2270 3369 2360 3431 eis
2384 3371 2723 3450 aperuisset
2742 3370 3370 3446 fenestram,etverbis
3382 3390 3529 3435 usus

1883 3473 2035 3520 esset
2056 3462 2209 3533 apud
2225 3478 2324 3521 eos
2348 3463 2778 3531 consolatoriis,
2794 3473 3078 3536 rogarunt
3097 3478 3331 3521 causam
3355 3472 3528 3523 tantae

1883 3546 2495 3611 imbecillitatis.Cum
2524 3548 2574 3610 is
2596 3557 2793 3611 autem
2820 3548 3092 3620 dixisset,
3117 3567 3237 3610 non
3270 3566 3403 3611 esse
3432 3549 3526 3611 af-

1884 3637 2211 3699 ﬂictionem
2238 3638 2531 3720 corporis,
2556 3639 2663 3699 sed
2695 3638 3053 3700 diabolicam
3084 3637 3521 3719 operationem,

1885 3726 1942 3787 id
1961 3736 2415 3807 cognoscentes,
2443 3734 2541 3808 qui
2566 3728 2837 3801 aderant,
2866 3728 3167 3789 siluerunt
3189 3735 3249 3789 et
3270 3737 3523 3791 conten-

1888 3819 2110 3879 tionem
2154 3817 2374 3879 auferri
2419 3817 2820 3898 deprecantes
2863 3817 3338 3880 descendebant.
3372 3816 3523 3882 Fre-

1884 3907 2172 3988 quentius
2192 3917 2391 3970 autem
2433 3907 2804 3970 accedebant
2842 3907 2916 3970 ad
2966 3925 3105 3973 eum
3155 3907 3522 3971 visitandum

1884 4002 2149 4060 maxime
2170 3998 2275 4080 qui
2294 4010 2468 4060 erant
2490 4017 2558 4060 ex
2588 3999 2976 4076 monasterio;
3008 4016 3119 4060 nos
3158 4015 3321 4074 vero,
3353 4014 3431 4059 ne
3459 3997 3524 4059 in

1881 4087 2242 4150 immensum
2267 4097 2568 4150 cresceret
2590 4088 2803 4163 oratio,
2838 4089 3103 4168 reliquas
3137 4086 3519 4163 tentationes,

1882 4195 2018 4258 quae
2040 4177 2102 4238 in
2127 4179 2309 4257 priori
2338 4187 2541 4240 monte
2566 4187 2623 4239 et
2663 4178 2724 4238 in
2763 4176 2878 4238 hoc
2916 4176 3086 4239 factae
3108 4185 3247 4238 sunt
3266 4176 3329 4237 in
3353 4194 3515 4253 eum,

1877 4283 2129 4328 narrare
2151 4267 2655 4330 recusavimus.ln
2677 4265 2952 4345 angelum
2981 4265 3143 4328 enim
3163 4265 3315 4328 lucis
3331 4273 3521 4328 muta-

1881 4363 1973 4416 tus
1996 4354 2383 4434 malignus,ut
2408 4355 2556 4417 dicit
2575 4354 2901 4436 Apostolus
2920 4353 3257 4435 24,putabat
3277 4372 3345 4417 se
3377 4373 3519 4417 eum

1875 4443 2294 4525 deceptorum.
2320 4442 2438 4507 Sed
2472 4464 2592 4506 non
2622 4444 2797 4506 facile
2829 4444 2963 4525 capi
2993 4452 3224 4525 poterat
3253 4442 3464 4507 beatus
3499 4465 3516 4509 :

146 4522 360 4615 μᾶλλον
416 4524 669 4606 ἔμπειρος
729 4528 789 4585 ix
844 4531 945 4596 τῆς
1003 4536 1111 4587 τῶν
1165 4532 1316 4589 θείων
1367 4538 1588 4613 Γραφῶν
1639 4522 1790 4592 διδα-

1928 4541 1937 4593 t
1985 4522 2234 4614 pulchre
2269 4533 2611 4609 resistebat,
2672 4551 2808 4595 cum
2857 4522 3021 4595 esset
3071 4533 3242 4596 valde
3291 4535 3523 4615 peritus

147 4610 402 4677 σκαλίας,

232 4702 370 4794 ΜΔΕἌ
434 4704 594 4764 εὈθεν
649 4707 741 4764 καὶ
794 4719 916 4773 τοῖς
970 4707 1350 4789 συντρέχουσιν
1398 4709 1459 4766 ἐκ
1484 4716 1586 4779 τῆς
1619 4736 1791 4794 μεγα-

147 4792 396 4869 λωνύμου
456 4797 1068 4864 Κωνσταντινουπόλεως
1127 4804 1221 4856 καὶ
1282 4812 1402 4862 τοῖς
1434 4799 1652 4867 λοιποῖς
1686 4792 1792 4862 τῶν

145 4882 457 4962 ἐπιχωρίων
499 4888 778 4963 προσηνὴς
832 4887 899 4954 ἦν
952 4890 1041 4944 καὶ
1096 4888 1528 4970 παρακλητικὸς,
1587 4894 1633 4949 εἰ
1689 4899 1789 4951 καὶ

142 4994 229 5034 τις
284 4971 473 5050 ἄλλος,
532 4979 634 5043 τῆς
678 4975 872 5055 ἀρετῆς
935 4977 1043 5034 τῶν
1097 4975 1275 5056 λόγων
1332 4980 1494 5038 αὐτοῦ
1547 4980 1788 5049 ἅπαντας

141 5061 622 5138 προσκαλουμένης
656 5067 742 5121 καὶ
783 5070 882 5133 τῆς
932 5068 1052 5146 περὶ
1095 5068 1256 5126 αὐτοῦ
1297 5069 1484 5146 φήμης
1534 5072 1623 5127 καὶ
1666 5074 1789 5137 τοὺς

139 5147 323 5229 ποῤῥω
353 5151 718 5232 ἐφελκομένης
759 5170 772 5185 ·
827 5156 966 5212 κατὰ
1023 5156 1114 5213 οὖν
1163 5157 1226 5212 τὸ
1254 5157 1434 5221 εἰωθὸς
1467 5160 1609 5234 αὑτῷ
1667 5162 1788 5226 τοὺς

138 5244 378 5319 πρωϊθεν
431 5241 756 5323 ἐρχομένους
818 5246 957 5318 μετὰ
1000 5247 1184 5324 τρίτην
1241 5244 1382 5324 ὥραν
1412 5247 1639 5308 ἀπέλυεν
1692 5253 1784 5309 καί

135 5330 262 5419 τοὺς
307 5330 492 5389 ἔπειτα
525 5336 661 5407 μέτα
700 5333 800 5400 τὴν
836 5331 1001 5401 ἕκτην
1026 5355 1045 5375 ο
1078 5335 1174 5392 οὐκ
1216 5336 1273 5392 έν
1302 5334 1461 5414 ἀγρίᾳ
1499 5335 1554 5394 δὲ
1613 5362 1787 5419 προσ-

138 5418 368 5498 εδρεύειν
436 5423 559 5486 τοὺς
611 5420 1071 5501 ἐπισυνηγμένους
1120 5424 1288 5505 ἠφίει,
1342 5424 1466 5484 ἀλλ’
1508 5427 1545 5497 ἣ
1600 5418 1665 5489 ἐν
1710 5434 1788 5509 τῷ

220 5581 281 5635 ³3
316 5582 474 5647 Psal.
506 5600 587 5650 cr.
670 5584 737 5637 34
766 5582 819 5649 lI
849 5583 986 5653 Cor.
1020 5606 1060 5651 ι.

1875 4621 2167 4685 doctrinae
2194 4622 2527 4683 divinarum
2562 4622 3038 4702 Scripturarum.
3488 4660 3495 4668 ρ

1954 4710 2305 4776 XLV.Uude
2332 4712 2510 4773 etiam
2542 4710 2619 4773 iis
2639 4710 2834 4791 quiad
2855 4712 3051 4792 ipsum
3076 4708 3522 4775 conveniebant

1873 4819 1944 4863 ex
1975 4803 2308 4864 clarissima
2338 4800 2856 4883 Constantinopoli
2877 4810 2937 4863 et
2957 4800 3213 4882 reliquis
3250 4801 3383 4882 ejus
3404 4800 3522 4864 loci

1875 4891 2244 4967 hominibus,
2279 4902 2411 4953 erat
2439 4891 2610 4953 valde
2641 4893 2804 4953 mitis
2835 4901 2895 4953 et
2926 4890 3288 4972 placidus,et
3308 4890 3382 4953 ad
3416 4909 3523 4954 eos

1871 4980 2270 5043 consolandos
2299 4979 2810 5061 accommodatus,
2830 4990 2900 5042 ut
2926 4979 2980 5041 si
3012 4980 3146 5060 quis
3174 4978 3354 5054 alius,
3381 4997 3519 5042 om-

1872 5087 1984 5132 nes
2009 5069 2335 5131 advocante
2366 5071 2497 5149 ejus
2520 5069 2839 5131 verborum
2865 5071 3176 5150 virtute,et
3204 5069 3341 5151 ejus
3360 5068 3521 5133 fama

1875 5160 2148 5221 trahente
2185 5177 2290 5220 eos
2330 5160 2504 5221 etiam
2538 5158 2642 5240 qui
2702 5159 2909 5239 procul
2944 5170 3113 5221 erant
3161 5159 3405 5223 remoti.
3439 5158 3518 5224 Ut

1872 5267 2013 5328 ergo
2070 5256 2490 5326 consueverat,
2542 5265 2645 5309 eos
2694 5247 2798 5327 qui
2829 5266 3004 5310 mane
3033 5248 3384 5326 veniebant,
3419 5248 3518 5311 di-

1873 5337 2147 5401 mittebat
2179 5345 2311 5420 post
2340 5337 2547 5398 horam
2579 5337 2815 5400 tertiam
2843 5355 2858 5401 :
2914 5351 2974 5400 et
2995 5339 3098 5419 qui
3127 5346 3352 5416 postea,
3384 5346 3519 5419 post

1871 5436 2126 5493 sextam.
2156 5429 2290 5494 Non
2320 5426 2557 5491 sinebat
2576 5434 2777 5490 autem
2809 5428 2871 5489 in
2902 5424 3025 5489 otio
3054 5425 3375 5491 considere
3408 5444 3517 5494 eos
