3932 6140
147 221 302 302 1417

1451 215 1634 292 VITA
1675 223 1736 290 S.
1784 213 2184 290 AUXENTII.

3360 215 3521 288 1418

142 370 277 446 οὔσῃ
337 369 428 428 καὶ
490 362 882 444 πεπηρωμένῃ,
935 366 1010 430 ὥς
1070 363 1208 441 μήτε
1283 363 1384 431 τὴν
1439 361 1694 420 διδασκαλ

1944 364 2115 420 »οι-κει
2145 374 2283 437 ergo
2311 355 2497 419 menti
2529 363 2765 434 nostrae,
2797 367 2932 438 Quae
2961 349 3042 420 ita
3071 365 3162 420 est
3185 366 3497 431 occaecata,

141 466 250 516 τῶν
290 460 445 516 θείων
490 458 711 537 Γραφῶν
777 456 1134 536 εἰσδέχεσθαι,
1164 454 1201 522 ἢ
1231 466 1540 528 κατανοεῖν,
1588 451 1784 532 ὁδηγὸν

140 548 455 606 ἐπισπεῖσαι
499 549 592 604 τὸν
654 544 846 613 εὐσεϐῆ
889 545 1152 624 λογισμὸν
1221 545 1310 601 καὶ
1361 542 1783 622 προηγουμένως

137 640 231 694 τὸν
285 635 447 717 φόϐον
490 643 582 694 τοό
629 643 784 711 Θεοῦ,
835 635 981 698 ὅστις
1027 637 1378 713 κατορθοῦται
1435 631 1520 689 διὰ
1577 655 1780 713 συχνο-

138 726 296 804 τέρας
354 725 588 796 δεήσεως
632 748 690 782 τε
726 725 815 782 καὶ
848 729 1158 803 προτευχῆς
1202 725 1336 802 πρὸς
1374 724 1435 779 τὸ
1479 721 1782 780 ἀπολιποῦ-

143 837 244 873 σαν
314 815 381 872 τὰ
438 813 612 891 γεώδη
671 817 760 872 καὶ
838 814 1060 893 φθαρτὰ,
1136 813 1222 870 ἐπὶ
1291 813 1358 869 τὰ
1427 813 1641 890 οὐράνια
1694 813 1786 868 καὶ

144 905 383 985 ἄφθαρτα
453 902 776 962 ἀπεϐλέπειν
830 903 1145 981 πράγματα.
1212 905 1274 960 Ὀ
1343 903 1444 980 γὰρ
1487 901 1785 979 διορατικὸς

143 996 214 1070 τῇ
283 998 439 1072 ψυχῇ
510 994 599 1049 καὶ
649 991 1078 1067 πεπαιδευμένος
1141 997 1209 1068 τῇ
1249 989 1476 1070 διανοίᾳ,
1523 995 1583 1050 οὗ
1623 991 1783 1067 μόνον

146 1095 266 1148 τοῖς
314 1095 648 1158 σωματικοῖς
679 1081 978 1160 ὀφθαλμοῖς
1021 1080 1292 1158 ἐπιτρέπει
1350 1081 1450 1149 τὴν
1495 1087 1602 1136 τῶν
1645 1084 1786 1159 ὁρω-

148 1171 326 1246 μένων
361 1171 663 1248 ἐπίσκεψιν,
725 1171 866 1228 ἀλλὰ
919 1173 1008 1228 καὶ
1067 1184 1185 1235 τοῖς
1229 1175 1329 1238 τῆς
1360 1173 1548 1251 ψυχῆς
1581 1169 1785 1238 μᾶλλον

148 1260 462 1331 ἐνατενίζειν
497 1263 572 1324 είς
616 1271 712 1327 την
754 1267 861 1318 τῶν
904 1260 1145 1339 ἀοράτων
1189 1260 1534 1326 κατανόησιν·
1574 1263 1786 1334 θεωρῶν

149 1349 247 1425 μὲν
297 1355 404 1405 τῶν
449 1348 748 1424 νοουμένων
795 1371 853 1405 τε
896 1351 984 1406 καὶ
1027 1351 1131 1406 τῶν
1175 1349 1574 1425 πιστευομένων
1618 1348 1787 1406 ἀπλα-

145 1441 256 1504 νῶς
313 1439 413 1506 τὴν
454 1437 777 1518 ὑπόστασιν,
825 1439 1035 1517 φεύγων
1099 1436 1154 1494 δὲ
1213 1439 1308 1506 τὴν
1367 1437 1788 1514 πεπλανημένην

145 1530 236 1584 καὶ
295 1529 576 1608 μοχθηρὰν
633 1535 730 1585 τοῦ
787 1529 903 1606 βίου
961 1528 1322 1604 προσπάθειαθ
1365 1529 1451 1585 καὶ
1508 1529 1786 1606 γυμνάζων

143 1615 377 1695 ἀκριϐῶς
421 1619 487 1674 τὰ
535 1619 854 1698 αἰσθητήρια
903 1619 1036 1696 πρὸς
1077 1619 1177 1684 τὴν
1219 1627 1314 1676 τοῦ
1356 1616 1522 1673 καλοῦ
1552 1620 1639 1674 καὶ
1681 1638 1786 1673 κα-

1868 457 1929 512 ut
1957 468 2158 530 neque
2192 448 2527 510 divinarum
2559 448 3009 530 Scripturarum
3039 449 3371 512 doctrinam
3405 450 3505 512 ad-

1868 539 2059 600 mittat
2085 551 2185 601 aut
2211 538 2524 617 intelligat,
2553 538 2842 601 adhibere
2876 537 3092 601 ducem
3128 540 3282 620 piam
3317 539 3505 600 ratio-

1867 637 2098 703 nem,et
2123 627 2425 708 praecipue
2461 628 2736 689 timorem
2769 626 3015 705 Dei,qui
3046 636 3212 690 recte
3244 647 3350 690 suo
3377 629 3509 690 fune

1871 719 2028 797 gitur
2057 718 2254 780 ofﬁcio
2287 735 2396 798 per
2426 717 2795 797 frequentem
2821 718 3258 793 orationem,ad
3283 719 3396 780 hoc
3420 727 3506 794 ut,

1868 808 2092 870 relictis
2121 806 2303 868 rebus
2336 806 2724 869 terrestribus
2755 817 2812 868 et
2843 808 2903 868 in
2937 826 3086 887 quas
3138 808 3296 869 cadit
3346 809 3508 869 inte-

1867 895 2042 972 ritus,
2076 897 2150 958 ad
2184 897 2448 959 cmlestia
2505 897 2812 978 suscipiat.
2850 896 2964 969 Qui
2995 899 3155 958 enim
3191 906 3277 959 est
3308 897 3508 959 animo

1869 988 2183 1068 perspicax
2217 995 2275 1049 et
2332 995 2533 1048 mente
2578 985 2873 1059 eruditus,
2910 1006 3028 1048 non
3062 987 3370 1069 corporeis
3400 1007 3504 1050 so-

1870 1075 1990 1136 lum
2028 1075 2270 1138 mandat
2301 1076 2487 1137 oculis
2511 1074 2946 1155 inspectionem
2977 1094 3184 1138 eorum
3217 1096 3347 1158 quae
3370 1095 3507 1138 cer-

1870 1167 2226 1238 nuntur,sed
2260 1165 2474 1226 animm
2504 1174 2945 1246 quoque,atque
2975 1165 3122 1226 adeo
3161 1166 3343 1229 multo
3377 1185 3508 1227 ma-

1868 1254 1980 1334 gis,
2006 1254 2195 1316 oculis
2219 1254 2534 1316 intendere
2559 1255 3110 1316 considerationem
3141 1272 3345 1317 eorum
3374 1275 3507 1337 quze

1870 1363 1990 1405 non
2023 1345 2244 1406 cadunt
2273 1343 2382 1404 sub
2414 1353 2965 1424 aspectum,eorum
2997 1364 3130 1421 quae
3162 1345 3507 1422 intelligen-

1872 1434 1950 1494 tia
1983 1433 2416 1514 percipiuntur,
2472 1433 2886 1514 contemplans
2915 1434 3047 1495 sine
3091 1453 3295 1496 errore
3326 1434 3506 1496 subs-

1872 1525 2142 1603 tantiam,
2197 1523 2432 1599 fugiens
2485 1531 2682 1584 autem
2738 1533 3040 1585 errantem
3075 1533 3134 1586 et
3173 1526 3507 1606 improbam

1870 1613 2004 1674 vita;
2033 1613 2433 1685 affectionem,
2498 1621 2558 1672 et
2605 1629 2816 1673 sensus
2876 1612 3194 1692 diligenter
3225 1631 3511 1675 exercens

142 1715 242 1764 κοῦ
292 1706 576 1786 διάκρισιν,
639 1707 994 1772 Ἀποστάντες
1079 1708 1178 1785 γὰρ
1267 1708 1314 1762 οἱ
1370 1705 1635 1786 ἅνθρωποι
1688 1730 1695 1743 ι

1972 1702 2114 1764 boni
2142 1709 2202 1763 et
2234 1700 2373 1762 mali
2405 1700 2849 1764 discretionem.
2885 1701 3169 1764 Hominas
3203 1704 3508 1784 enim,qui

145 1796 272 1874 περὶ
329 1804 420 1854 τοῦ
477 1797 644 1860 ὄντως
703 1797 901 1875 ἀγαθοῦ
955 1793 1187 1864 σπουδῆς
1252 1817 1311 1851 τε
1353 1797 1442 1852 καὶ
1479 1794 1698 1871 ἐπιμελε

1958 1809 2077 1854 :ura
2107 1799 2165 1852 et
2195 1790 2391 1852 studio
2426 1791 2578 1870 ejus,
2614 1791 2771 1866 quod
2804 1800 2892 1852 est
2923 1809 3061 1854 vere
3095 1791 3511 1868 bonum,(lefe-

146 1884 242 1942 ἒπΐ
292 1885 492 1964 ἔρωτας
535 1887 802 1962 σωμάτων
845 1887 931 1942 καὶ
963 1887 1062 1954 τὴν
1092 1885 1318 1965 ἄψυχων
1350 1885 1484 1953 ὕλην
1513 1891 1620 1941 τῶν
1648 1909 1788 1966 χρη-

150 1976 340 2051 μάτων
398 1973 484 2031 διὰ
539 1980 635 2042 τῆς
696 1975 1003 2040 πλεονεξίας
1049 1973 1478 2050 κατωλίσθησαν,
1525 1977 1612 2031 καὶ
1660 1975 1787 2053 περΐ

147 2067 241 2122 τὸν
301 2063 497 2138 λαιμὸν
551 2066 641 2120 καὶ
699 2065 797 2131 τὴν
856 2063 1085 2142 γαστέρα
1167 2065 1266 2130 τὴν
1324 2069 1500 2120 πᾶσαν
1555 2063 1788 2132 σπουδήν

150 2156 350 2227 ἔθεντο,
409 2153 527 2210 ὅθεν
578 2155 715 2229 ἡμῖν
769 2154 857 2210 καὶ
913 2154 947 2221 ἡ
1008 2153 1209 2231 ἀρχαία
1267 2152 1531 2218 ἔκπτωσις
1571 2152 1786 2220 συνέϐη.

153 2247 213 2303 Εἰ
275 2246 366 2301 οὗν
407 2244 607 2300 τούτων
649 2243 1000 2316 ἀποστάντες,
1045 2243 1145 2310 τὴν
1199 2243 1384 2322 ψυχὴν
1428 2245 1512 2299 ἐπὶ
1541 2244 1607 2299 τὰ
1644 2242 1791 2300 θειόο

150 2355 280 2411 τερα
337 2333 721 2410 πτερώσωμεν,
809 2330 1199 2407 ἀπολαύσωμεν
1282 2334 1381 2398 τῆς
1444 2332 1790 2411 μεγαλοπρε-

152 2424 305 2489 πείας
363 2422 592 2495 ἐκείνης,
654 2426 755 2488 τῆς
812 2421 1123 2498 ἐπηρμένης
1185 2421 1281 2496 μὲν
1337 2421 1466 2498 ὑπὲρ
1515 2419 1626 2479 ἅνω
1686 2428 1792 2479 τῶν

153 2514 415 2592 οὐρανῶν,
471 2508 886 2590 ἐπηγγελμένης
917 2509 971 2566 δὲ
1018 2516 1150 2567 πᾶσι
1193 2524 1312 2572 τοῖς
1363 2509 1665 2585 ἐκλεκτοῖς,
1706 2513 1795 2569 καὶ

151 2602 305 2660 οὐδὲν
346 2601 453 2657 ἀπὸ
495 2601 592 2668 τῆς
635 2607 728 2658 τοῦ
787 2600 1040 2676 σώματος
1083 2603 1443 2679 προσπαθείας
1499 2602 1793 2677 πεισόμεθα

149 2695 343 2767 κακὸν,
390 2689 511 2748 ἀλλ’
569 2688 702 2756 ἄξιοι
745 2692 1007 2767 γενόμεθα
1039 2695 1144 2745 τῶν
1175 2690 1401 2746 αίωιίων
1446 2689 1677 2767 ἀγαθῶν,
1736 2681 1793 2748 Ὀ

151 2785 254 2862 γὰρ
299 2782 430 2846 Θεὸς
478 2779 838 2846 αὒτεξουσίους
898 2781 1042 2854 ἡμᾶς
1097 2778 1347 2846 ἐποίησεν
1400 2777 1517 2836 ούδὲ
1549 2785 1646 2855 μιᾷ
1689 2786 1794 2836 τῶν

149 2873 345 2939 ἔξωθεν
374 2871 582 2948 ἀνάγκη
626 2867 1070 2944 δεδουλωμένους,
1129 2865 1268 2924 ἀλλᾶ
1315 2873 1381 2945 τῇ
1412 2870 1580 2942 οἰκείᾳ
1607 2869 1796 2946 γνώμῃ

151 2965 216 3020 τὸ
243 2961 472 3040 ἀρέσκον
499 2961 638 3031 ἡμῖν
667 2957 789 3015 κατ’
821 2958 1058 3024 ἐξουσίαν
1083 2958 1447 3036 αἱρουμένους.

1872 1889 2106 1955 cerunt,
2142 1881 2214 1943 ad
2247 1898 2512 1941 amorem
2573 1898 2915 1961 corporum,
2973 1891 3150 1962 atque
3181 1882 3505 1944 inanimam

1871 1975 2144 2053 pecunias
2177 1969 2512 2044 materiam,
2546 1987 2653 2049 per
2681 1969 2989 2032 avaritiam
3053 1972 3316 2052 prolapsi
3371 1983 3514 2033 sunt.

1874 2069 1932 2124 et
1975 2061 2137 2122 circa
2167 2061 2366 2138 gulam
2401 2077 2470 2121 ac
2521 2069 2797 2120 ventrem
2832 2078 3010 2120 omne
3040 2079 3212 2122 suum
3245 2062 3508 2122 studium

1875 2157 2228 2232 posuerunt.
2261 2147 2430 2211 Unde
2491 2145 2666 2208 nobis
2723 2167 2957 2230 quoque
3005 2151 3283 2231 antiquus
3314 2150 3512 2231 lapsus

1876 2238 2264 2318 contigit.Qui
2298 2256 2438 2317 ergo
2471 2236 2540 2299 ab
2574 2237 2667 2298 his
2700 2237 3362 2322 defecimus,erigamus
3386 2240 3513 2301 ani-

1877 2347 2040 2391 mum
2074 2329 2146 2390 ad
2179 2346 2248 2390 ea
2281 2347 2410 2408 quae
2441 2326 2915 2391 suntdiviniora.
2941 2329 3233 2390 Fruamur
3261 2329 3358 2391 illa
3382 2348 3511 2391 ma-

1877 2417 2242 2499 gnificentia,
2297 2435 2429 2495 qua:
2486 2426 2575 2478 est
2634 2435 2818 2496 supra
2843 2419 3026 2479 caelos
3059 2417 3298 2499 quidem
3334 2420 3510 2492 elata,

1879 2507 2174 2589 promissa
2200 2513 2288 2568 est
2309 2515 2500 2566 autem
2529 2505 2811 2567 omnibus
2837 2507 3076 2569 electis:
3107 2515 3164 2569 et
3194 2508 3340 2569 nihil
3376 2508 3514 2569 mali

1881 2598 2178 2678 patiamur
2208 2614 2241 2656 a
2272 2597 2440 2676 lapsu
2465 2595 2824 2672 affectionis,
2854 2597 2958 2658 sed
2986 2596 3317 2658 efficiamur
3352 2597 3518 2677 digni

1878 2687 2054 2748 bonis
2085 2685 2350 2748 aeternis.
2412 2684 2570 2746 Deus
2616 2684 2776 2747 enim
2822 2704 2930 2747 nos
2958 2686 3096 2748 fecit
3125 2685 3316 2748 libero
3345 2688 3514 2749 arbi-

1882 2777 1998 2837 trio
2033 2774 2338 2855 praeditos,
2382 2791 2581 2852 neque
2607 2774 2944 2837 servientes
2973 2775 3081 2836 ulli
3113 2784 3374 2838 externze
3404 2794 3512 2839 ne-

1880 2865 2166 2940 cessitati,
2228 2864 2334 2926 sed
2394 2863 2583 2925 libere
2644 2872 2844 2926 nostro
2903 2864 3196 2928 arbitratu
3226 2867 3516 2946 eligentes

1883 2955 2040 3038 quod
2067 2954 2243 3016 nobis
2276 2954 2491 3034 placet.

240 3049 388 3112 MG'.
421 3051 530 3117 Τὴν
559 3049 658 3128 γὰρ
709 3049 983 3127 συμφορὰν
1023 3048 1224 3114 ταύτην
1281 3049 1381 3115 τὴν
1425 3055 1512 3106 νῦν
1569 3051 1793 3127 κρατοῧ-

1970 3045 2172 3109 XLiX.
2206 3043 2370 3106 Hanc
2403 3044 2560 3105 enim
2596 3043 3141 3126 calamitatem,qua
3174 3063 3333 3108 nunc
3357 3053 3523 3108 tene-

158 3164 259 3200 σαν
315 3143 377 3197 τὸ
429 3140 755 3219 ἀνθρώπινον
820 3138 971 3216 γένος
1034 3143 1103 3214 τῇ
1146 3137 1328 3215 ἀπάτῃ
1388 3141 1800 3220 παρενεχθέντες

161 3231 602 3309 ἐπεσπασείμεθα,
649 3229 710 3283 οὗ
767 3228 909 3306 παρᾶ
972 3233 1106 3284 Θεοῦ
1170 3228 1488 3304 γενομένην,
1545 3227 1624 3284 ὅτι
1671 3232 1800 3292 Θεὸς

162 3321 393 3379 θάνατον
450 3320 544 3376 οὒκ
601 3318 876 3392 ἐποίησεν,
930 3314 1046 3375 οὐδὲ
1117 3315 1366 3394 τέρπεται
1423 3316 1510 3372 ἐπ’
1562 3316 1802 3390 ἀπωλείᾳ

163 3411 404 3484 ζώντων,
437 3407 576 3464 ἀλλὰ
622 3406 820 3486 τρόπον
877 3407 996 3463 τινὰ
1039 3408 1206 3481 ἡμεῖς
1245 3407 1449 3463 κτίσται
1492 3413 1582 3463 τοῦ
1637 3415 1804 3466 κακοῦ

161 3501 420 3581 γινόμεθα
465 3501 514 3554 οἱ
557 3495 848 3576 ἅνθρωποι.
894 3495 1105 3574 ’Ὠσπερ
1134 3496 1235 3576 γὰρ
1289 3497 1353 3552 τὸ
1401 3496 1631 3564 ἡλιακὸν
1691 3499 1802 3576 φῶς

165 3595 320 3666 κοινῇ
376 3590 690 3666 πρόσκειται
749 3587 911 3644 πᾶσιν
983 3587 1075 3648 οἷς
1141 3588 1177 3654 ἡ
1253 3583 1473 3662 δύναμις
1530 3593 1622 3642 τοῦ
1682 3588 1804 3666 ὸρᾷν

163 3680 444 3759 πρόσεστι,
491 3675 704 3733 δύναταί
751 3696 852 3749 τις,
908 3675 998 3732 ἐὰν
1056 3673 1313 3752 βουληθῇ,
1374 3675 1659 3750 καμμύσας
1713 3685 1804 3733 τὸν

163 3765 465 3847 ὀφθαλμὸν,
499 3763 832 3846 χωρισθῆναι
863 3764 962 3832 τῆς
992 3773 1086 3822 τοῦ
1117 3765 1292 3844 φωτὸς
1354 3761 1576 3844 δωρεᾶς,
1611 3763 1673 3820 οὒ
1714 3771 1806 3821 τοῦ

160 3857 319 3926 ἡλίου
373 3857 436 3912 τὸ
495 3856 686 3918 σκότος
741 3856 799 3909 ἓν
855 3852 1043 3928 ἐκείνῳ
1097 3855 1447 3928 ποιήσαντος,
1521 3853 1660 3911 ἀλλὰ
1713 3860 1808 3912 τοῦ

161 3943 602 4024 ἀποστραφέντος
689 3943 788 4012 τὴν
874 3942 1042 4009 αὖτὴν
1099 3947 1200 4011 τῆς
1267 3942 1486 4006 ἀκτῖνος
1557 3942 1806 4007 ἑκουσίως

161 4033 599 4118 ἐφελκυσαμένου
646 4035 709 4090 τὸ
736 4032 949 4109 σκότος,
986 4030 1166 4111 ὥσπερ
1198 4032 1250 4088 εἴ
1302 4055 1382 4096 τις
1427 4033 1594 4090 οίκίαν
1637 4035 1809 4107 ἑαυτῷ

163 4121 605 4198 κατασκευάζων,
656 4120 922 4200 μηδεμίαν
985 4121 1196 4197 ἐντέμοι
1253 4127 1330 4195 τῷ
1373 4123 1507 4202 φωτὶ
1566 4125 1666 4192 τὴν
1724 4123 1809 4180 ἐπὶ

163 4216 233 4274 τὰ
289 4215 398 4271 ἔσω
460 4212 716 4294 πάροδον,
776 4212 983 4289 ἀναυγῆ
1043 4210 1396 4290 ἀπεργάζεται
1457 4213 1553 4280 τὴν
1587 4211 1806 4292 ὀῖκίαν,

169 4307 342 4370 οὕτως
404 4306 490 4360 καὶ
544 4306 709 4379 ἡμεῖς
770 4301 824 4358 ἐν
885 4308 955 4379 τῇ
1015 4301 1167 4380 φύσει
1224 4303 1286 4357 τὸ
1366 4300 1530 4358 καλόν
1586 4322 1644 4358 τε
1713 4301 1808 4360 καί

1885 3145 1982 3198 tur
2013 3137 2336 3196 humanum
2389 3151 2599 3211 genus,
2652 3135 2859 3196 fraude
2891 3134 3116 3195 inducti
3147 3135 3517 3210 attraximus,

1887 3243 2006 3286 non
2039 3243 2071 3285 a
2102 3223 2224 3288 Deo
2259 3223 2492 3284 factam.
2528 3221 2685 3283 Deus
2717 3223 2875 3284 enim
2922 3233 3172 3284 mortem
3209 3243 3323 3285 non
3356 3223 3522 3301 fecit,

1887 3331 2085 3393 neque
2116 3312 2448 3373 delectatur
2473 3311 2713 3371 interitu
2737 3313 2998 3373 vivorum
3037 3332 3050 3370 :
3083 3311 3188 3372 sed
3230 3312 3524 3394 quodam-

1889 3402 2065 3463 modo
2097 3419 2207 3461 nos
2238 3399 2511 3461 homines
2543 3418 2749 3461 sumus
2778 3400 2913 3462 mali
2937 3400 3524 3474 creatores.Quomo-

1889 3491 1963 3552 do
1995 3489 2154 3552 enim
2189 3488 2288 3549 lux
2321 3488 2462 3550 solis
2493 3497 2581 3550 est
2611 3489 3009 3550 communiter
3056 3490 3360 3569 proposita
3389 3509 3525 3551 om—

1891 3579 2066 3642 nibus
2099 3579 2315 3660 quibus
2345 3578 2417 3640 ad
2443 3587 2533 3638 est
2562 3579 2649 3640 vis
2678 3578 2957 3656 videndi;
2992 3586 3185 3660 potest
3214 3593 3437 3654 autem,
3471 3580 3524 3642 si

1889 3669 2029 3732 velit
2059 3667 2378 3749 quispiam,
2415 3667 2699 3729 claudens
2730 3667 3274 3750 oculum,separari
3305 3687 3337 3730 a
3368 3668 3525 3731 dono

1889 3758 2041 3821 lucis
2077 3760 2218 3838 (non
2249 3757 2405 3836 quod
2437 3757 2522 3818 sol
2562 3757 2622 3817 in
2657 3757 2758 3818 illo
2790 3757 3059 3819 effecerit
3090 3758 3394 3832 tenebras,
3420 3758 3527 3821 sed

1892 3849 2046 3930 quod
2078 3846 2228 3909 radii
2284 3847 2670 3925 splendorem
2728 3855 3052 3922 aversatus,
3115 3847 3394 3910 tenebras
3426 3866 3534 3909 sua

1893 3945 2104 4018 sponte
2134 3936 2463 4015 attraxerit)
2504 3956 2517 3998 :
2552 3938 2852 4017 quomodo
2893 3938 2945 3998 si
2977 3937 3110 4018 quis
3139 3937 3382 3998 domum
3415 3938 3530 3999 sibi

1895 4036 2278 4097 construens,
2315 4025 2541 4085 nullum
2592 4027 2701 4087 luci
2755 4025 2978 4086 aditum
3015 4025 3278 4106 praebeat
3309 4026 3531 4086 intrin-

1892 4135 2089 4192 secus,
2123 4115 2437 4178 obscuram
2469 4115 2713 4176 domum
2749 4114 2928 4178 efficit
2962 4137 2974 4174 :
3035 4116 3117 4176 ita
3151 4134 3257 4176 nos
3289 4133 3526 4196 quoque

1891 4207 1954 4268 in
2003 4216 2213 4268 natura
2264 4206 2554 4268 habentes
2587 4205 2807 4266 bonum
2843 4214 2900 4266 et
2943 4205 3285 4280 honestum,
3322 4215 3528 4266 nostro

1893 4295 2179 4357 arbitratu
2211 4294 2586 4364 innovemus,
2624 4311 2758 4370 quae
2811 4303 2950 4354 sunt
2981 4301 3197 4372 praeter
3228 4300 3528 4366 naturam,

169 4389 372 4475 ἀγαθὸν
403 4393 626 4474 ἔχοντες
658 4390 776 4449 κατ’
823 4389 1062 4456 ἐξουσίαν
1112 4391 1178 4446 τὰ
1221 4391 1364 4469 παρὰ
1415 4391 1567 4471 φύσιν
1621 4413 1722 4449 και·

1984 4394 2096 4446 stra
2131 4393 2344 4464 sponte
2403 4384 2693 4445 malorum
2749 4382 3176 4463 experientiam
3209 4381 3270 4442 in
3305 4382 3446 4443 honi
3477 4393 3537 4444 et

169 4486 467 4560 τομοῦμεν,
527 4482 781 4545 ἑκουσίως
823 4481 922 4548 τὴν
965 4482 1134 4537 κακοῦ
1189 4495 1381 4556 πεῖραν
1436 4481 1491 4536 ἐν
1551 4487 1620 4557 τῇ
1671 4481 1814 4539 ἀπο-

172 4579 381 4654 στροφῇ
427 4579 520 4628 τοῦ
560 4571 730 4630 καλοῦ
780 4577 850 4649 τῇ
907 4568 1012 4643 ἰδίᾳ
1066 4571 1368 4650 προαιρέσει
1426 4571 1816 4650 δημιουργοῦν-

166 4684 262 4728 τες
294 4681 312 4700 ο
362 4664 529 4719 κακὸν
586 4663 685 4741 γάρ
743 4661 843 4726 ’ἐξω
905 4661 1237 4734 προσθέσεως
1270 4659 1389 4717 κατ’
1420 4659 1555 4717 ἰδίαν
1585 4660 1818 4718 ὑπόστα-

166 4775 256 4811 σιν
312 4753 676 4831 θεωρούμενον
717 4751 770 4809 ἐν
814 4757 884 4826 τῇ
933 4751 1084 4830 φύσει
1115 4756 1220 4806 τῶν
1251 4749 1437 4824 ὄντων,
1473 4749 1614 4806 ἔστιν
1645 4748 1814 4812 οὐδέν.

170 4849 285 4901 Πᾶν
347 4842 450 4921 γὰρ
492 4842 690 4916 κτίσμα
739 4847 872 4898 Θεοῦ
919 4839 1108 4910 καλὸν,
1145 4838 1244 4896 καί
1275 4839 1446 4896 πάντα
1481 4837 1576 4895 ὅσα
1623 4839 1817 4906 ἐποίη-

171 4955 267 4992 σεν
301 4934 330 4988 ὁ
362 4932 516 5007 Θεὸς,
550 4929 690 4988 καλὰ
720 4929 860 4990 λίαν.
910 4927 1073 4986 Ἀλλ’·
1096 4927 1280 4998 ἐπειδὴ
1306 4929 1445 4985 κατὰ
1473 4930 1574 4994 τὸν
1595 4927 1819 5007 ῥηθέντα

168 5023 375 5103 τρόπον
416 5020 685 5092 ἐπενοήθη
726 5025 841 5096 ζοίῇ
900 5021 1056 5094 ἡμῶν
1115 5020 1178 5076 τὸ
1226 5018 1552 5096 ἁμαρτάνειν
1610 5020 1696 5075 καὶ
1752 5020 1821 5093 τῇ

171 5111 460 5185 ἀκολουθίᾳ
520 5111 583 5166 ἐκ
629 5115 823 5188 μικρᾶς
884 5107 1128 5188 ἀφορμῆς
1201 5108 1464 5186 μεγίστης
1520 5108 1708 5172 κακίας
1767 5107 1820 5164 ἐν

171 5205 315 5278 ἡμῖν
365 5200 790 5280 καταχυθείσης,
845 5201 920 5263 ὣς
951 5199 1012 5254 τό
1039 5195 1267 5262 θεοειδές
1299 5196 1480 5255 ἐκεῖνο
1507 5203 1606 5265 τῆς
1635 5202 1821 5278 ψυχῆς

171 5289 376 5355 κάλλος
434 5291 570 5346 κατὰ
630 5289 860 5366 μίμησιν
935 5293 1028 5346 τοῦ
1097 5286 1443 5366 πρωτοτύπου
1510 5287 1819 5366 γενόμενον,

173 5380 416 5460 καθάπερ
451 5377 667 5460 σίδηρον
709 5377 1175 5456 καταμελανθῆναι
1227 5384 1304 5453 τῷ
1355 5381 1456 5444 τῆς
1515 5376 1702 5444 κακίας
1733 5378 1824 5454 ἰῷ,

229 5515 318 5611 ,26
350 5512 509 5582 Gen.
537 5529 588 5579 ι.

433 5626 692 5690 ΡΑτιιοι..
744 5624 861 5691 Gn.
907 5622 1120 5692 CXIV.

1899 4474 2134 4537 honesti
2165 4475 2500 4546 aversione,
2564 4472 2864 4536 electione
2915 4482 3122 4533 nostra
3171 4479 3232 4532 et
3263 4471 3537 4534 instituto

1898 4565 2280 4628 fabricantes.
2317 4563 2532 4625 Malum
2569 4564 2725 4624 enim
2761 4571 2923 4624 extra
2953 4562 3353 4643 propositum,
3388 4581 3536 4644 pro-

1900 4656 2031 4736 pria
2054 4652 2388 4716 substantia
2414 4652 3120 4728 consideratum,nullum
3144 4655 3309 4714 estin
3337 4671 3540 4715 rerum

1901 4753 2135 4808 natura.
2161 4742 2462 4820 Quidquid
2492 4743 2649 4804 enim
2682 4763 2715 4804 a
2747 4741 2870 4804 Deo
2901 4753 3165 4804 creatum
3195 4741 3538 4823 est,bonum

1902 4842 2013 4909 est,
2050 4842 2108 4894 et
2139 4832 2340 4893 omnia
2395 4849 2769 4910 quaecunque
2815 4831 2957 4893 fecit
2989 4834 3168 4912 Deus,
3202 4839 3340 4892 sunt
3369 4830 3544 4892 valde

1903 4923 2060 4984 bona
2088 4922 2296 4984 96.Sed
2320 4923 2601 5004 quoniam
2629 4940 2699 4982 eo
2724 4920 2902 4981 modo
2927 4918 3031 5001 qui
3061 4921 3257 4982 dictus
3289 4929 3551 5000 est,pec-

1904 5031 2044 5075 care
2066 5013 2197 5074 vitae
2227 5022 2443 5073 nostra:
2474 5011 2584 5072 fuit
2613 5011 3036 5089 excogitatum,
3075 5019 3132 5072 et
3161 5028 3542 5091 consequen-

1905 5112 1998 5165 ter
2029 5121 2102 5165 ex
2135 5120 2312 5184 parva
2341 5101 2659 5163 occasione
2689 5101 2747 5161 in
2783 5118 2891 5161 nos
2915 5102 3240 5162 maximum
3275 5111 3362 5162 est
3392 5100 3544 5162 efl'u-

1906 5211 2038 5255 sum
2071 5192 2301 5268 vitium,
2335 5190 2484 5252 adeo
2519 5199 2582 5252 ut
2613 5190 2810 5252 divina
2839 5188 2940 5251 ilia
2962 5189 3178 5251 anima:
3210 5189 3550 5271 pulchritu-

1907 5285 2007 5361 do,
2042 5301 2176 5365 quae
2207 5282 2358 5343 facta
2385 5289 2514 5343 erat
2541 5280 2614 5342 ad
2646 5279 3035 5341 imitationem
3065 5278 3382 5360 primariae,
3415 5288 3551 5341 tan-

1909 5391 2085 5459 quam
2109 5372 2332 5436 ferrum
2355 5378 2448 5435 est
2469 5369 2800 5452 nigrefacta
2819 5368 3104 5451 rubigine
3125 5370 3402 5447 vitii,non
3423 5388 3547 5434 am-

3156 5617 3232 5686 45
