3932 6140
404 259 556 326 1407

1664 268 1948 335 MENSIS
1988 269 2499 336 FEBRUAPJUS.

3603 277 3734 344 14θὸ

398 419 532 464 eum
555 401 808 465 vidisset
837 408 960 467 toto
993 423 1244 485 corpore
1301 406 1586 470 afﬂictum
1643 425 1712 469 ex
1745 407 1984 472 exerciti

2125 409 2318 482 ἐαυτῷ,
2349 407 2694 483 Θεασάμενός
2737 406 2792 465 δὲ
2837 407 2998 465 αὐτὸν
3029 409 3184 466 παντὶ
3217 413 3293 479 τῷ
3336 408 3540 485 σώματι
3581 433 3732 468 κατα-

399 498 581 563 tione,
619 513 888 570 magnam
924 495 982 555 in
1039 515 1175 556 eum
1230 497 1562 559 ostendens
1610 500 2030 576 reverentiam,

399 581 546 643 dicit
570 582 622 644 ei
663 604 676 643 :
711 582 846 645 Scio
881 593 936 645 te
960 603 1092 648 esse
1119 586 1225 648 Dei
1257 588 2035 663 servum,domineAuxen-

395 672 462 745 ti,
492 682 550 733 et
585 672 768 734 debes
799 676 1139 738 consentire
1166 687 1387 738 Sanctae
1438 688 1493 738 et
1526 681 1918 740 mcumenicae
1948 699 2036 760 sy-

394 761 552 823 nodo
575 763 646 822 ad
682 762 816 840 hoc,
865 781 941 826 ne
984 773 1041 826 tu
1073 767 1179 828 ﬁas
1208 777 1419 830 auctor
1449 769 1800 830 offensionis
1831 769 1904 830 iis
1937 769 2036 850 qui

395 870 523 912 eam
574 852 778 916 volunt
831 854 1170 919 admittere.
1235 857 1489 920 Sanctus
1544 867 1739 920 autem
1775 877 2035 940 respon-

396 940 566 1016 dens,
603 943 746 1005 dicit
781 945 1125 1024 imperatori
1162 969 1175 1010 :
1212 947 1356 1021 Quis
1380 968 1508 1010 sum
1541 969 1650 1028 ego
1681 949 1846 1011 canis
1871 969 2035 1011 mor-

395 1040 552 1107 tuus,
588 1035 744 1109 quod
779 1045 842 1098 ut
873 1056 1006 1098 cum
1057 1040 1282 1101 sanctis
1330 1039 1671 1120 pastoribus
1702 1059 2034 1102 connume-

392 1140 514 1202 rer,
544 1123 723 1203 jubet
756 1135 850 1187 tua
885 1129 1172 1207 potentia,
1221 1130 1323 1209 qui
1358 1150 1474 1192 non
1507 1149 1721 1193 recuso
1758 1129 1943 1210 pasci,
1978 1139 2037 1194 et

393 1211 662 1276 doctrina
687 1223 876 1294 egeo?
904 1220 1235 1297 lmperator
1264 1239 1403 1282 vero
1428 1229 1742 1302 postqiiam
1778 1219 2036 1300 plurima

393 1321 526 1392 cum
555 1322 625 1365 eo
657 1316 816 1368 esset
865 1308 1122 1383 locutus,
1155 1309 1302 1371 dixit
1338 1332 1350 1372 :
1389 1309 1716 1373 Considera
1747 1311 1891 1392 quid
1927 1329 2032 1372 ex—

395 1391 617 1470 pediat,
655 1404 714 1455 et
767 1415 841 1458 ne
875 1417 981 1459 nos
1007 1398 1234 1460 afﬁcias
1267 1400 1564 1462 molestia.
1602 1391 1897 1462 Nam’nec
1927 1419 2037 1460 nos

399 1481 638 1561 quidem
663 1486 984 1568 quidquam
1021 1500 1235 1568 praeter
1263 1490 1320 1550 id
1355 1490 1510 1570 quod
1547 1499 1797 1571 oportet,
1834 1491 1937 1553 sed
1971 1501 2036 1552 ut

395 1571 588 1648 decet,
623 1577 692 1636 ad
721 1577 1116 1640 sanctissimae
1145 1579 1431 1641 Ecclesiae
1465 1581 1770 1654 unionem,
1806 1588 1865 1642 et
1915 1599 2032 1642 non

391 1662 888 1743 destructionem,
949 1669 1271 1731 concilium
1324 1671 1836 1749 congregavimus.
1894 1672 2035 1734 Hrec

2118 497 2488 571 πεπονημένον
2535 497 2594 555 ἐκ
2652 499 2748 566 τῆς
2819 499 3122 569 ἀσκήσεως,
3181 497 3379 578 σφόδρα
3421 497 3733 569 κατευλαϐη-

2117 590 2220 651 θεὶς
2253 587 2397 666 λέγει
2441 592 2584 662 αὖτῷ
2617 602 2631 618 ⁸
2695 588 2891 646 Δοῦλον
2945 596 3037 645 τοῦ
3085 596 3218 645 Θεοῦ
3261 589 3519 670 ὑπάρχειν
3554 612 3607 645 σε
3646 594 3732 647 ξπ-

2434 677 2550 740 κόοι
2598 675 2864 759 Αύξέντιε,
2913 680 3001 735 καὶ
3049 677 3280 759 ὀφείλεις
3350 678 3640 735 συναινέσαι
3679 685 3736 757 τῇ

2119 769 2254 845 ἁγίῳ
2287 768 2373 824 καὶ
2417 769 2758 844 οἷκουμεδικῇ
2817 767 3040 848 συνόδῳ,
3097 769 3235 848 πρὸς
3267 770 3328 824 τὸ
3379 769 3457 842 μὴ
3487 770 3734 846 παραίτιον

2117 859 2357 936 γενέσθαι
2449 855 2740 917 σκανδάλου
2823 872 2941 921 τοῖς
3015 857 3177 926 αὐτὴν
3267 857 3616 939 ἀποδέχεσθαι
3670 859 3736 934 μὴ

2117 947 2485 1025 βουλομένοις,
2542 939 2598 1006 Ὀ
2645 946 2699 1004 δὲ
2745 947 3050 1025 ἀποκριθείς
3103 971 3237 1028 φησι
3273 951 3407 1026 πρὸς
3440 948 3592 1005 αὐτόν
3617 965 3630 979 ⁵
3661 952 3735 1010 Τίς

2117 1040 2233 1111 εἶμι
2277 1037 2385 1116 ἐγὼ
2443 1040 2470 1094 ὁ
2515 1039 2655 1096 κύων
2703 1041 2731 1094 ὁ
2782 1039 3079 1112 τεθνηκὼς,
3114 1037 3194 1095 ὅτι
3247 1038 3467 1113 ποιμέσι
3522 1061 3585 1114 με
3627 1060 3736 1094 συν-

2119 1130 2455 1206 αριθμεῖσθαι
2513 1127 2829 1203 προστάττει
2877 1128 2936 1184 τὸ
2983 1128 3177 1204 κράτος
3233 1151 3355 1204 σου,
3387 1130 3480 1184 τὸν
3528 1128 3734 1201 ποιμαί-

2119 1220 2294 1273 νεσθαι
2341 1217 2418 1290 μὴ
2477 1217 2900 1293 παραιτούμενον
2961 1218 3047 1274 καὶ
3101 1215 3442 1282 διδασκαλίας
3473 1215 3736 1291 ὲπιδεόμι-

2119 1327 2206 1363 νον
2244 1325 2260 1385 ;
2297 1295 2353 1363 Ὀ
2384 1304 2438 1361 δὲ
2482 1305 2731 1382 βασιλεὺς
2777 1307 2912 1380 μετὰ
2956 1307 3016 1362 τὸ
3047 1305 3280 1364 πλεῖστα
3309 1309 3441 1384 πρὸς
3485 1308 3545 1362 τὸ
3575 1304 3739 1361 διαλεο

2121 681 2359 753 ίσταμαι,

2121 1399 2318 1476 χθῆναι
2353 1399 2494 1470 αὒτῷ
2523 1395 2624 1474 ἔφη
2655 1411 2670 1426 ⁸
2707 1395 2912 1472 Σκέψαι
2940 1398 3000 1452 τὸ
3031 1396 3322 1475 συμφέρον,
3359 1399 3445 1453 καὶ
3479 1396 3556 1472 μὴ
3587 1395 3740 1465 λυπή-

2118 1508 2216 1562 σῃς
2249 1487 2390 1561 ἡμᾶς
2429 1502 2442 1516 ’
2489 1484 2621 1541 διότι
2656 1485 2749 1542 καὶ
2799 1488 2960 1559 ἡμεῖς
3007 1484 3154 1542 οῦδὲν
3186 1487 3328 1563 παρὰ
3358 1488 3418 1542 το
3451 1484 3589 1564 δέον,
3620 1484 3739 1541 ἀλλᾶ

2116 1575 2252 1630 κατὰ
2304 1576 2364 1631 τὸ
2398 1597 2595 1653 πρέπον
2628 1574 2682 1630 ἐν
2714 1581 2781 1650 τῇ
2828 1575 3037 1649 ἐνώσει,
3085 1577 3171 1631 καὶ
3223 1577 3282 1631 οὗ
3313 1575 3609 1654 καθαιρέσει
3655 1579 3740 1641 τῆς

2116 1665 2420 1741 ἁγιωτάτης
2502 1664 2832 1732 Ἐκκλησίας
2923 1669 3021 1732 τὴν
3100 1663 3314 1721 σύνοδον
3391 1667 3740 1739 πεποιήμεθα.

389 1772 524 1815 cum
559 1757 804 1819 dixisset
835 1759 1185 1842 imperator,
1222 1769 1281 1823 et
1340 1779 1551 1842 preces
1585 1760 1657 1822 ab
1711 1780 1781 1823 eo
1818 1761 1984 1842 petiis

2125 1761 2289 1810 Ταῦτα
2323 1755 2486 1810 εἰπὼν
2544 1757 2632 1810 καὶ
2689 1755 2858 1834 εὐχὴν
2891 1756 3112 1825 αἰτήσας
3147 1755 3272 1834 παρ’
3310 1757 3464 1812 αὐτοῦ
3496 1755 3743 1812 ἀπέλυσεν

392 1854 504 1916 set,
539 1865 673 1908 eum
708 1849 960 1912 dimisit.

466 1935 707 2001 XXXIX
739 1942 883 2002 Cum
907 1957 1049 2001 vero
1085 1939 1347 2002 venisset
1373 1940 1580 2002 beatus
1604 1940 1944 2004 Auxentius
1967 1941 2029 2002 in

387 2029 819 2089 monasterium
845 2030 1048 2091 Sancti
1072 2028 1315 2111 Hypatii
1341 2031 1399 2091 in
1424 2031 1781 2094 Rufﬁnianis
1806 2033 1944 2111 (8'),
1970 2041 2031 2094 et

383 2115 628 2178 vidisset
650 2117 792 2180 illuc
820 2139 1089 2198 magnam
1107 2121 1415 2183 efﬂuxisse
1438 2120 2028 2195 multitudinem,cte-

389 2205 471 2284 pit
495 2207 773 2269 omnibus
798 2209 1128 2291 praecipere
1151 2211 1648 2273 utabstinerenta
1674 2211 1941 2286 theatris,
1966 2219 2030 2273 ut

385 2312 508 2371 qua
531 2310 721 2359 essent
742 2317 915 2360 causa
941 2305 1340 2374 impudicitiae,
1370 2305 1791 2361 adulteriorum
1821 2315 1875 2362 et
1897 2307 2026 2364 falsi

384 2387 734 2463 testimonii,
775 2390 1142 2471 perjuriique
1170 2399 1227 2452 et
1256 2390 1735 2469 blasphemiaa,et
1757 2393 2023 2454 omnium

383 2477 636 2552 denique
658 2495 788 2552 quas
811 2491 946 2538 sunt
972 2484 1264 2552 prohibita
1293 2493 1348 2540 et
1366 2484 1484 2540 Deo
1512 2484 1745 2539 minime
1768 2485 2019 2554 placent:

384 2561 723 2620 hortabatur
746 2572 935 2623 autem
962 2567 1184 2624 sincere
1207 2569 1443 2623 credere
1467 2567 1525 2622 in
1552 2579 1809 2623 sanctam
1827 2581 2026 2639 etquae

383 2655 473 2708 est
491 2648 760 2728 ejusdem
785 2650 2024 2726 essentizeTrinitatem,etconﬁteriDomi-

380 2757 521 2800 num
547 2746 1020 2803 nostrumJesum
1041 2748 1334 2804 Christum
1361 2749 1690 2816 suscepisse
1704 2763 1936 2805 carncm
1952 2763 2023 2806 ex

381 2839 581 2886 sancto
595 2829 813 2900 Spiritu
836 2842 892 2888 et
918 2831 1084 2889 Maria
1109 2848 1336 2904 semper
1360 2832 1602 2902 Virgine
1631 2841 1684 2888 et
1705 2833 2024 2905 Deiparen-

379 2921 514 2976 te,et
537 2914 795 2971 assidere
822 2917 1206 2973 sanctissimis
1222 2919 1572 2982 ecclesiis,in
1593 2917 1833 2990 psalmis
1851 2926 1906 2974 et
1925 2917 2024 2988 hy-

376 2997 532 3058 mnis
554 3008 610 3060 et
631 2999 880 3061 canticis
899 3000 1560 3080 spiritalibus.Quidam
1582 3022 1719 3066 vero
1746 3021 1820 3064 ex
1856 3005 2019 3066 mul-

378 3089 753 3173 titudine,qui
769 3095 1576 3162 accesseranLfebricitentes
1600 3107 1660 3158 et
1678 3097 2014 3170 horrentes,
2043 3153 2076 3173 ,,

375 3181 600 3262 dignati
625 3193 899 3246 contactu
924 3187 1054 3267 ejus
1078 3206 1314 3262 manus,
1347 3190 1475 3250 sani
1499 3197 1637 3250 sunt
1667 3187 1913 3250 redditi.
1946 3187 2017 3250 Ei

371 3286 568 3338 autem
595 3278 996 3358 significatum
1048 3291 1136 3342 est
1165 3282 1375 3344 adesse
1409 3284 1666 3362 puellam
1695 3281 2016 3363 quamdam

375 3385 586 3428 recens
609 3383 851 3449 nuptam
877 3389 1009 3451 quae
1032 3371 1090 3432 in
1117 3372 1376 3434 thalamo
1395 3380 1672 3452 correpta
1691 3371 1797 3432 fuit
1821 3370 1893 3432 ab
1910 3371 2018 3432 im-

379 3458 602 3520 mundo
630 3459 992 3540 daamone,et
1024 3480 1088 3522 se
1115 3460 1342 3524 divellit
1373 3472 1432 3523 et
1462 3462 1743 3524 comedit.
1765 3459 2018 3523 Sanctus

376 3565 513 3610 vero
545 3567 681 3610 cum
716 3568 845 3610 eam
901 3551 1180 3629 jussisset
1235 3553 1586 3626 ascendere,
1641 3551 1787 3614 dixit
1820 3551 2016 3631 lacry-

378 3655 545 3698 mans
571 3656 583 3696 :
641 3636 687 3700 Ο
713 3639 927 3700 malam
953 3649 1212 3702 vestram
1245 3642 1622 3720 phalangem,
1655 3660 1788 3722 quas
1809 3641 2015 3719 generi

376 3726 686 3790 hominum
721 3747 964 3805 semper
997 3730 1338 3792 insidiatur!
1367 3729 2019 3808 Obmutesce,maligne

377 3818 642 3896 spiritus,
677 3827 736 3880 et
767 3819 1004 3897 egredei
1025 3839 1056 3881 e
1087 3839 1119 3881 e
1151 3823 1254 3884 Dei
1290 3831 1586 3900 creatura,
1619 3820 1751 3882 sine
1783 3828 2019 3899 pertur-

375 3905 616 3968 batione
650 3917 707 3969 et
737 3909 853 3969 ulla
877 3909 1118 3989 injuria.
1149 3910 1408 3972 Perinde
1426 3929 1564 3990 ergo
1590 3929 1656 3973 ac
1677 3909 1726 3970 si
1749 3911 1810 3970 in
1833 3927 2016 3986 sepo-

373 4013 501 4058 rem
534 4008 694 4060 esset
723 4000 984 4062 resoluta
1011 4001 1234 4080 puella,
1256 4000 1330 4061 ab
1362 4019 1432 4062 ea
1461 4001 1718 4062 recessit
1749 3999 2014 4061 daemon.

373 4084 519 4150 Cum
550 4097 746 4150 autem
781 4091 1160 4163 surrexisset,
1213 4090 1360 4152 abiit
1412 4110 1618 4152 rursus
1646 4108 1790 4152 sana
1821 4089 1879 4150 in
1911 4087 2014 4150 do-

373 4194 534 4237 mum
567 4196 758 4252 suam,
793 4179 1002 4240 laetans
1031 4187 1090 4240 et
1120 4183 1242 4242 Deo
1269 4181 1518 4259 gloriam
1554 4179 1853 4240 tribuens.

452 4265 720 4330 XL.Cum
751 4287 887 4330 vero
905 4287 1114 4331 rursus
1138 4271 1385 4332 mittens
1407 4271 1732 4351 imperator
1754 4287 1890 4331 eum
1919 4284 2010 4328 ac-

2114 1844 2288 1902 αὐτόν.

2195 1923 2325 1992 ΛΘ’.
2367 1932 2566 1991 Ἐλθὼν
2613 1933 2701 1991 οὖν
2751 1937 2779 1992 ὃ
2813 1935 3075 2014 μακάριος
3106 1937 3162 1991 ὲν
3195 1939 3268 2010 τῷ
3299 1935 3644 2012 μοναστηρίῳ
3667 1942 3746 1993 τοῦ

2113 2023 2263 2099 ἁγίου
2322 2024 2574 2081 ’Τπατίου
2663 2025 2716 2080 ὲν
2799 2024 3214 2103 Ῥουφινιαναϊς,
3290 2027 3377 2081 καὶ
3431 2027 3746 2099 θεασάμενος

2113 2113 2316 2180 πλῆθος
2396 2112 2532 2170 πολὺ
2610 2112 3003 2193 συνδραμόντας
3077 2115 3221 2186 αὒτῷ
3288 2114 3493 2185 ἐκεῖσε,
3565 2114 3744 2194 ἤρξατο

2114 2209 2241 2258 πᾶσι
2287 2209 2590 2280 παρεγγυᾷν
2635 2211 2712 2276 τῴ
2761 2204 3060 2283 ἀπέχεσθαι
3105 2212 3212 2260 τῶν
3241 2205 3474 2281 θεάτρων
3505 2207 3579 2268 ὡς
3623 2205 3745 2259 ἆγο-

2110 2291 2295 2355 λασίας
2343 2293 2520 2348 αἰτίων
2569 2299 2834 2372 μοιχειῶν
2883 2315 2941 2349 τε
2989 2294 3079 2350 καὶ
3133 2292 3628 2372 ψευδομαρτυριῶν,
3668 2293 3746 2349 καὶ

2107 2383 2320 2438 πάντων
2365 2387 2469 2438 τῶν
2528 2383 2983 2459 ἀπηγορευμένων
3027 2385 3120 2440 καὶ
3193 2391 3308 2458 Θεῷ
3353 2387 3430 2459 μὴ
3495 2384 3745 2463 ἀρεσκόν-

2109 2493 2239 2549 των,
2283 2473 2546 2528 πιστεύειν
2577 2470 2629 2527 δὲ
2663 2471 2959 2547 εἰλικρινῶς
3015 2475 3088 2534 εὶς
3121 2473 3218 2540 τὴν
3251 2472 3405 2550 ἁγίαν
3436 2476 3526 2530 καὶ
3557 2475 3745 2548 ὁμοού-

2107 2583 2219 2616 σιον
2273 2559 2467 2634 Τριάδα
2519 2563 2611 2616 καί
2654 2561 2951 2636 ὁμολογεῖν
2995 2563 3087 2618 τὸν
3140 2564 3328 2638 Κύριον
3360 2565 3519 2637 ἡμῶν
3549 2560 3745 2629 Ἰησοῦν

2109 2653 2332 2726 Χριστὸν
2379 2651 2439 2707 ἐκ
2482 2649 2785 2721 Πνεύματος
2839 2652 2988 2730 ἆγίου
3037 2654 3125 2709 καὶ
3186 2653 3384 2720 Μαρίας
3446 2657 3546 2719 τῆς
3609 2659 3747 2730 Παρ-

2107 2740 2256 2797 θένου
2310 2742 2395 2797 καὶ
2469 2743 2733 2799 Θεοτόκου
2807 2741 3170 2820 σαρκωθέντα,
3231 2744 3326 2798 καί
3391 2741 3746 2820 προσεδρεύειν

2107 2843 2230 2893 ταῖς
2296 2831 2624 2908 ἁγιωτάταις
2685 2829 2998 2898 ἐκκλησίαις
3046 2833 3100 2888 ἐν
3153 2830 3396 2906 ψαλμοῖς
3449 2834 3540 2888 καὶ
3570 2831 3742 2906 ὕμνοις

2108 2921 2194 2976 καὶ
2250 2918 2418 2994 ᾠδαῖς
2478 2935 2893 2988 πνευματικαῖς.
2953 2921 3103 2987 Τινὲς
3177 2920 3230 2978 δὲ
3275 2923 3336 2980 ἐκ
3376 2930 3472 2979 τοῦ
3517 2922 3741 2992 πλήθους

2104 3009 2514 3089 προσελθόντες,
2576 3011 2924 3089 πυρέττοντες
2986 3011 3084 3068 καῖ
3135 3012 3436 3093 ῥιγιῶντες,
3495 3012 3745 3078 ἀξιωθέν-

2104 3121 2192 3162 τες
2223 3104 2323 3165 τῆς
2380 3100 2520 3176 ἁφῆς
2583 3101 2679 3166 τῆς
2739 3103 2926 3179 χειρὸς
2963 3101 3148 3181 αὐτοῦ,
3180 3104 3353 3180 ὑγιεῖς
3387 3103 3745 3170 κατέστησαν.

2103 3187 2378 3264 Ἐμηνύθη
2442 3188 2493 3245 δὲ
2555 3192 2719 3263 αύτῷ,
2784 3190 2864 3246 ὅτι
2925 3193 3058 3269 κόρη
3117 3214 3200 3255 τις
3257 3193 3526 3271 νεόγαμος
3581 3193 3637 3249 ἐν
3679 3198 3749 3266 τῷ

2100 3287 2290 3353 παστῴ
2334 3278 2603 3358 ληφθεῖσα
2660 3281 2761 3336 ὑπὸ
2813 3281 3111 3356 πνεύματος
3164 3281 3462 3358 ἀκαθάρτου
3496 3284 3744 3360 πάρεστιν

2099 3368 2488 3426 κατατίλλουσα
2535 3369 2727 3434 ἑαυτὴν
2772 3371 2858 3425 καὶ
2907 3372 3274 3431 κατεσθίουσα.
3333 3363 3390 3430 Ὀ
3455 3369 3509 3428 δὲ
3557 3371 3744 3430 κελεύ-

2099 3482 2194 3521 σας
2243 3459 2407 3525 αὒτὴν
2451 3459 2715 3532 ἀνελθεῖν,
2747 3458 3029 3539 σύνδακρυς
3062 3463 3295 3538 γεγονὼς
3329 3461 3431 3542 ἔφη
3467 3478 3480 3491 ⁸
3535 3447 3602 3516 ﬁt!
3652 3465 3746 3527 τῆς

2099 3555 2338 3627 πονηρᾶς
2369 3551 2516 3623 ὑμῶν
2569 3547 2842 3628 φάλαγγος
2892 3555 2992 3617 τῆς
3045 3553 3125 3607 ἀεὶ
3179 3549 3636 3618 ἐπιϐουλευούσης
3682 3555 3750 3608 τὼ

2101 3639 2241 3717 γένει
2293 3645 2398 3695 τῶν
2451 3638 2739 3716 ἀνθρώπων
2782 3635 2794 3698 Ξ
2852 3643 3158 3714 Φιμώθητι,
3222 3649 3428 3715 πνεῦμα
3487 3643 3747 3719 πονηρὸν,

2099 3731 2186 3785 καὶ
2218 3728 2387 3794 ἔξελθε
2435 3729 2494 3785 ἐκ
2524 3737 2617 3786 τοῦ
2647 3726 2966 3804 πλάσματος
2998 3733 3090 3786 τοῦ
3130 3737 3261 3788 Θεοῦ
3310 3731 3606 3810 ἀταράχως
3665 3732 3749 3786 καὶ

2100 3819 2533 3896 ἀνεπηρεάστως.
2627 3810 2721 3881 Ὠς
2810 3819 2894 3876 ἐπὶ
2969 3819 3118 3893 ὕμνῳ
3194 3822 3283 3874 οῦν
3339 3818 3748 3885 κατεκλυθείσης

2099 3913 2197 3974 τῆς
2229 3908 2418 3984 κόρης,
2454 3907 2695 3976 ἁπελσίθη
2744 3911 2771 3964 ὁ
2828 3908 3029 3976 ὀάίμων
3064 3927 3079 3940 ⁸
3149 3911 3422 3968 ἀναστᾶσα
3487 3907 3544 3965 δὲ
3608 3909 3747 3972 αὖθις

2098 3996 2332 4065 ἀπῆλθεν
2360 3999 2512 4076 ὑγιὴς
2544 4002 2626 4061 εἷς
2653 4000 2744 4055 τὸν
2785 3998 2937 4056 οἷκον
2971 4001 3159 4065 αὒτῆς.

2178 4273 2276 4334 Μ’.
2313 4265 2405 4340 Ὠς
2436 4271 2490 4330 δὲ
2538 4275 2700 4331 πάλιν
2730 4273 3051 4338 ἀποστείλας
3109 4276 3136 4331 ὁ
3187 4272 3438 4351 βασιλεὺς
3465 4274 3741 4350 μετεστεί-

373 4359 933 4439 cersiisset,rogavit
949 4379 1021 4421 an
1043 4362 1443 4423 assentiretur
1466 4371 1685 4422 sanctae
1707 4359 1931 4439 synodo
1958 4377 1984 4419 e

2125 4385 2228 4419 ατο
2275 4365 2457 4434 αὐτὸν,
2493 4365 2711 4422 ἐπύθετο
2755 4365 2881 4441 παρ’
2944 4365 3122 4435 αῦτοῦ,
3160 4365 3204 4420 εἷ
3244 4377 3483 4420 συναινεϊ
3509 4370 3581 4440 τῇ
3625 4363 3747 4443 ἁγίᾳ

371 4466 505 4509 cum
539 4459 742 4510 sancta
773 4451 1242 4512 communicaret
1285 4451 1575 4513 Ecclesia.
1610 4450 1767 4512 Dixit
1808 4458 1984 4511 auten

2126 4452 2293 4526 υνόδῳ
2348 4455 2444 4510 καὶ
2502 4467 2752 4511 κοινωνεῖ
2794 4461 2862 4530 τῇ
2904 4453 3226 4526 Ἐκκλησία.
3265 4452 3320 4510 Ὀ
3382 4451 3436 4508 δὲ
3482 4454 3747 4532 μακάριος

371 4535 578 4598 beatus
614 4556 626 4600 :
663 4537 974 4612 Quomodo
1010 4560 1248 4620 possum
1283 4542 1752 4614 communicare,
1787 4541 1839 4601 si
1890 4558 1984 4600 non

2125 4566 2192 4617 ρη
2229 4559 2244 4576 ·
2284 4544 2402 4606 Πῶς
2461 4543 2578 4623 ’έχω
2608 4549 2958 4617 κοινωνῆσαι,
3008 4546 3085 4618 μή
3131 4542 3572 4621 ὁμολογουμένης
3607 4552 3743 4600 Θεο-

370 4628 732 4691 conﬁteatur
762 4648 893 4690 esse
927 4632 1345 4709 Deiparentem
1379 4649 1622 4711 semper
1650 4630 1954 4708 Virginem
1981 4635 2008 4692 ?

370 4715 529 4781 Dixit
550 4717 604 4779 ei
625 4719 972 4798 imperator:
1003 4721 1066 4782 Si
1090 4720 1306 4782 videris
1340 4738 1474 4796 quae
1494 4730 1630 4781 sunt
1660 4728 1824 4783 recte
1855 4736 2005 4780 con-

371 4808 604 4870 ﬁrmata
635 4817 693 4870 et
714 4807 974 4870 stabilita
995 4827 1030 4870 a
1049 4809 1282 4889 synodo
1301 4815 1372 4870 ad
1397 4810 1867 4872 destructionem
1903 4826 2002 4869 re-

370 4897 659 4978 liquarum
690 4899 1168 4973 haeresum,tune
1202 4919 1441 4980 quoque
1471 4901 1851 4961 assentieris?
1880 4898 2004 4960 Re—

369 4988 612 5068 spondit
664 4998 943 5052 sanctus:
971 4988 1032 5052 Si
1058 4990 1204 5052 nihil
1229 5009 1506 5070 aggressa
1531 4999 1621 5051 est
1644 4993 1766 5051 haec
1798 4997 2004 5051 sancta

367 5079 629 5159 synodus
651 5079 809 5160 quod
826 5081 1115 5142 tendatad
1130 5082 1521 5143 everteudum
1545 5079 1872 5141 concilium
1891 5089 2005 5141 tre—

365 5179 676 5232 centorum
701 5169 909 5232 decem
933 5181 994 5233 et
1022 5181 1155 5233 octo
1172 5170 1541 5253 Patrum,qui
1568 5179 1738 5232 erant
1761 5170 1999 5244 Nicaaze,

367 5260 471 5322 sed
506 5259 826 5341 perlectam
850 5262 1178 5323 enuntiavit
1200 5261 1397 5323 carnis
1438 5271 1728 5341 susceptae
1752 5278 2003 5323 oecono-

369 5351 548 5413 miam
583 5350 912 5414 Servatoris
936 5355 1121 5413 nostri
1143 5350 1286 5415 Jesu
1328 5350 1570 5428 Christi,
1604 5359 1663 5413 et
1692 5369 1823 5432 quae
1853 5369 2002 5412 con-

2089 4633 2244 4688 τόκου
2289 4635 2387 4698 τῆς
2423 4633 2502 4689 ἀεὶ
2548 4633 2809 4709 Παρθένου
2845 4654 2861 4705 ;
2899 4634 2995 4691 Καὶ
3027 4636 3054 4688 ὃ
3115 4632 3363 4708 βασιλεὺς
3423 4635 3548 4689 εἷπε
3609 4635 3739 4710 πρὸς

2089 4723 2244 4780 αὐτον
2275 4741 2291 4756 ⁶
2328 4724 2455 4782 Ἐὰν
2509 4725 2596 4780 οὖν
2653 4723 2920 4800 ἐπισκέψῃ
2968 4725 3040 4788 εἷς
3086 4725 3151 4780 τά
3195 4723 3373 4782 καλῶς
3433 4725 3735 4800 κυρωθέντα

2087 4813 2187 4868 ὑπό
2218 4818 2316 4879 τῆς
2349 4811 2562 4869 συνόδου
2605 4815 2689 4870 καὶ
2721 4813 3076 4888 βεϐαιωθέν-τα
3136 4813 3209 4875 εἰς
3266 4811 3571 4889 καθαίρεσιν
3634 4815 3738 4867 τῶν

2088 4901 2289 4957 λοιπῶν
2346 4901 2621 4980 αἱρέσεων,
2687 4903 2980 4958 συντίθεσαι
3045 4904 3133 4958 καὶ
3190 4900 3346 4964 αὖτός
3385 4919 3401 4975 ;
3444 4897 3734 4978 Ἀπεκρίθη

2089 4995 2115 5050 ὁ
2171 4992 2429 5070 μακάριος
2465 5011 2476 5024 ³
2529 4990 2659 5070 Εἵγε
2717 4993 2794 5065 μὴ
2829 4993 2960 5069 πρὸς
3008 4989 3314 5067 ἀνατροπὴν
3343 4997 3434 5046 τοῦ
3465 4988 3735 5064 συμϐόλου

2087 5083 2190 5140 τῶν
2253 5081 2305 5137 ἐν
2350 5082 2541 5154 Νικαίᾳ
2591 5082 2907 5158 τριακοσίων
2952 5079 3077 5136 δέκα
3131 5082 3218 5136 καὶ
3278 5080 3422 5136 ὀκτὼ
3481 5081 3732 5158 Πατέρων

2087 5173 2489 5250 παρενεχείρισε
2547 5170 2615 5238 τῇ
2683 5169 2808 5247 ἁγίᾳ
2853 5169 3016 5237 αὒτῆς
3061 5167 3284 5248 συνόδῳ,
3334 5167 3470 5224 ἀλλὰ
3527 5169 3734 5225 τελείαν

2086 5267 2183 5334 τὴν
2237 5265 2538 5338 οἶκονομίαν
2597 5268 2688 5318 τοῦ
2742 5267 2995 5337 Σωτῆρος
3047 5262 3203 5335 ἡμῶν
3261 5268 3486 5341 Χριστοῦ
3530 5262 3733 5340 ἐξηγό-

2087 5375 2290 5432 ρευσεν,
2338 5355 2424 5409 καὶ
2469 5353 2567 5419 τὴν
2611 5351 2695 5408 ἐπὶ
2739 5351 2836 5420 τῆς
2896 5351 3158 5430 Παρθένου
3228 5352 3488 5409 Θεοτόκου
3543 5353 3734 5432 φωνὴν

446 5512 552 5598 (θ’)
588 5511 726 5598 Erat
755 5513 924 5573 locus
955 5513 1055 5598 ill_e
1099 5514 1186 5576 sic
1210 5514 1413 5598 dictus
1444 5534 1478 5578 a
1509 5513 1745 5577 Rallino
1798 5515 2067 5593 consule,
2106 5515 2210 5598 qui
2250 5512 2571 5577 ecclesiam
2608 5510 2688 5574 ibi
2729 5511 3158 5594 Apostolorum
3193 5527 3328 5574 cum
3363 5510 3730 5574 monasterio

365 5589 696 5670 aediﬁcavit,
721 5602 784 5655 ut
816 5599 978 5654 notat
1005 5594 1326 5658 Baronins.
