3932 6140
90 291 278 371 11409

1421 294 1610 368 VITA
1653 302 1717 365 S.
1762 288 2167 364 AUXENTII.

3333 285 3488 361 1410

89 442 217 498 οὐκ
259 438 512 520 ἀφείλατο
541 454 556 471 ⁹
621 438 764 502 αὖθις
807 443 1047 496 κοινωνῶ
1101 439 1190 495 καὶ
1252 444 1502 516 συναινῶ,
1537 440 1760 517 εὐχαρι-

1890 436 2000 491 enit
2027 432 2267 504 Virgini,
2293 431 2644 502 Deiparenti:
2670 445 2866 488 vocem
2917 445 3036 489 non
3060 445 3266 490 rursus
3288 434 3488 492 abstu-

87 536 263 586 στῶν
293 530 371 604 τῷ
401 530 516 604 Θεῷ
569 531 658 586 καὶ
716 537 782 603 τῇ
838 529 1065 606 ὑμετέρᾳ
1097 525 1354 599 εὗσεϐείᾳ,
1390 535 1562 586 Ταῦτα
1595 528 1760 584 ἀκού-

93 641 218 683 σας
278 621 305 675 6
352 618 623 695 βασιλεὺς,
665 620 1038 689 κατησπάζετο
1082 621 1239 677 αὐτοῦ
1282 619 1378 686 τὴν
1426 617 1634 692 ἔντιμον
1665 639 1760 673 κε-

98 709 322 787 φαλὴν,
370 710 456 766 καὶ
515 708 790 765 ἐκέλευσεν
835 710 971 784 μετὰ
1003 707 1248 771 πλείονος
1295 709 1456 782 τιμῆς
1519 729 1762 784 παραγε-

97 800 295 856 νέσθαι
378 799 536 856 αὗτὸν
617 799 670 855 έν
742 804 811 876 τῇ
865 797 1074 877 μεγάλῃ
1132 797 1408 875 ἁγιωτάτῃ
1481 795 1763 871 ἐκκλησίᾳ.

97 889 331 956 Πλῆθος
359 886 412 944 δὲ
465 888 601 945 πολῦ
651 891 742 946 τοῦ
784 888 917 947 λαοῦ
961 888 1235 945 συνείπετο
1293 891 1461 962 αύτῷ.
1511 889 1758 954 Μηνύσας

100 977 172 1035 δὲ
232 981 262 1035 6
315 977 567 1056 βασιλεὺς
629 982 705 1054 τῷ
783 977 1197 1058 ἀρχιεπισκόπῳ
1258 977 1762 1036 Κωνσταντινουπόο

104 1069 259 1131 λεως
318 1070 387 1126 τὰ
443 1068 706 1148 λεχθέντα
752 1069 877 1148 παρ’
926 1070 1106 1144 αὐτοῦ,
1161 1067 1334 1124 πάντα
1377 1068 1440 1124 τὰ
1492 1066 1762 1145 ὁρισθέντα

103 1161 222 1217 ὑπὸ
252 1165 352 1227 τῆς
387 1160 541 1240 ἆγίας
592 1157 812 1220 συνόδου
872 1157 1378 1240 παραναγνωσθῆναι
1439 1159 1582 1234 αὖτῷ
1636 1157 1761 1215 ἒκέ-

103 1248 334 1312 λευσεν,

202 1327 349 1402 ΜΑ’.
385 1340 482 1397 Καὶ
525 1337 591 1407 δὴ
635 1337 1012 1418 ἐντετυχηκὼς
1043 1350 1160 1401 τοῖς
1192 1337 1586 1418 πεπραγμένοις
1633 1338 1767 1413 μετὰ

106 1425 368 1507 ἀκριϐοῦς
431 1428 696 1505 σκέψεως,
760 1431 847 1485 καὶ
908 1431 1138 1493 πεισθεὶς
1197 1429 1278 1485 ὅτι
1337 1426 1455 1485 κατ’
1531 1427 1768 1487 εὖδοκίαν

119 1520 260 1575 Θεοῦ
292 1519 356 1574 τὰ
388 1520 538 1598 παρὰ
569 1524 667 1586 τῆς
705 1520 987 1598 Νεστορίου
1046 1518 1301 1597 φλυαρίας
1359 1519 1456 1574 καὶ
1508 1519 1570 1574 τὰ
1628 1518 1770 1594 παρὰ

113 1613 219 1675 τῆς
260 1608 531 1687 Εὖτυχοῦς
563 1607 836 1678 προδήλου
896 1608 1089 1684 μανίας
1149 1610 1220 1670 εἰς
1282 1607 1456 1683 λύμην
1491 1608 1594 1664 τῶν
1627 1606 1767 1664 πολ-

117 1698 233 1754 λῶν
325 1696 746 1776 δογματισθέντα
828 1699 861 1766 ἡ
945 1697 1068 1776 ἆγία
1156 1695 1370 1762 σύνοδος
1456 1695 1767 1754 ἐϐεϐαίωσεν

116 1787 420 1866 βλάσφημα
479 1792 647 1864 εἶναι,
707 1790 890 1845 καθότι
935 1787 1112 1855 ἐκείνη
1158 1789 1255 1863 μὲν
1303 1789 1436 1865 πρὸς
1487 1789 1607 1849 τοὺς
1667 1787 1766 1864 ἀρ-

1846 520 1935 596 lit,
1969 519 2344 580 communico
2375 526 2433 579 et
2465 516 2783 588 assentior,
2819 517 2942 578 Deo
2974 536 3156 596 agens
3187 519 3403 599 gratias
3431 528 3490 581 et

1847 622 2057 676 vestra:
2084 611 2458 693 pietatLHaec
2481 630 2617 673 cum
2641 612 2934 674 audiisset
2951 612 3491 692 imperator,oscu-

1847 702 2002 765 latus
2034 713 2122 765 est
2153 701 2560 764 venerandum
2611 711 2668 763 et
2716 709 2986 764 sanctum
3015 704 3145 782 ejus
3169 713 3347 784 caput
3381 723 3394 767 :
3433 712 3492 766 et

1848 801 1933 856 sic
1955 793 2528 872 deindejussiteum
2556 810 2691 852 cum
2721 793 2975 853 maximo
3019 794 3248 854 honore
3286 795 3490 857 venire

1846 883 1906 944 in
1933 901 2203 960 magnam
2229 892 2286 944 et
2306 880 3488 954 sanctissimamDeiecclesiam.Quamo-

1847 973 2014 1034 brem
2045 991 2255 1050 magna
2281 990 2414 1033 eum
2442 971 2648 1052 populi
2691 971 3171 1052 consequebatur
3211 974 3491 1034 multitu-

1845 1064 2302 1143 do.Signiﬁcans
2318 1073 2516 1124 autem
2539 1063 3331 1144 imperatorarchiepiscopo
3345 1066 3496 1127 Con-

1846 1153 2386 1235 stantinopolitano
2411 1172 2546 1234 quae
2565 1157 2638 1214 ab
2664 1172 2732 1214 eo
2759 1153 2916 1215 dicta
2939 1153 3203 1229 fuerant,
3237 1153 3410 1235 jubet
3433 1155 3490 1216 ei

1850 1244 1967 1324 legi
1993 1244 2192 1306 omnia
2227 1263 2357 1325 qum
2387 1263 2418 1305 a
2449 1253 2652 1305 sancta
2682 1236 2910 1324 sy‘nodo
2940 1243 3180 1306 fuerant
3213 1243 3486 1305 deﬁnita.

1919 1339 2058 1396 XLI.
2089 1339 2197 1406 Qui
2221 1354 2354 1396 cum
2380 1339 2686 1409 diligenter
2705 1349 2759 1394 et
2785 1348 3053 1395 accurate
3080 1348 3208 1394 acta
3231 1337 3487 1410 legisset,

1852 1434 1910 1486 et
1949 1442 2294 1504 persuasum
2330 1423 2832 1500 habuisset,quod
2871 1422 2972 1484 Dei
3004 1423 3326 1498 voluntate,
3361 1442 3494 1506 quas

1851 1515 2140 1576 adversus
2171 1511 2429 1574 Nestorii
2471 1515 2686 1592 impias
2712 1532 2897 1592 nugas
2923 1521 2980 1574 et
3000 1512 3268 1592 Eutychii
3297 1513 3490 1575 mani-

1853 1609 2061 1665 iestum
2092 1610 2345 1666 furorem
2380 1607 2609 1663 decreta
2646 1609 3096 1670 fuerant,sancta
3128 1605 3493 1665 conﬁrmavit

1851 1693 2631 1775 synoduszquandoquidem
2664 1693 2766 1754 illa
2789 1691 3029 1773 quidem
3055 1691 3274 1753 direxit
3295 1691 3488 1754 aciem

1849 1784 2138 1846 adversus
2162 1801 2264 1844 eos
2284 1784 2382 1862 qui
2409 1783 2704 1861 negabant
2722 1782 3040 1844 essentiam
3068 1782 3360 1860 unigeniti
3382 1784 3492 1848 Dei

117 1880 418 1953 νουμένους
476 1879 576 1945 τὴν
621 1880 800 1936 οὗσίαν
857 1877 950 1934 τοῦ
997 1885 1316 1956 μονογενοῦς
1365 1879 1485 1936 Υἱοῦ
1515 1880 1608 1933 τοῦ
1636 1883 1767 1933 Θεοῦ

1890 1873 2148 1947 'ilii,hazc
2171 1881 2371 1934 autem
2397 1873 2686 1934 adversus
2709 1891 2813 1933 eos
2835 1873 2934 1953 qui
2959 1871 3266 1932 inﬁrmant
3287 1880 3494 1933 etcon-

114 1969 506 2048 παρετάττετο,
587 1967 722 2035 αῦτη
799 1967 852 2024 δὲ
927 1970 1058 2044 πρὸς
1115 1969 1236 2030 τοὺς
1309 1967 1408 2034 τὴν
1466 1967 1768 2042 οἰκονομίαν

114 2057 282 2117 αἶ)τοῦ
345 2060 683 2138 ἂθετοῦντας,
716 2057 797 2114 ὅτι
833 2059 961 2121 Θεὸς
995 2057 1068 2114 ὢν
1123 2057 1183 2115 ἐκ
1241 2060 1374 2114 Θεοῦ
1417 2059 1445 2113 6
1487 2060 1580 2114 τοῦ
1637 2065 1769 2114 Θεοῦ

117 2149 245 2212 Υἱὸς
306 2145 580 2212 συναΐδιος
660 2149 750 2204 καὶ
808 2147 1089 2222 δμοούσιος
1146 2148 1232 2204 καὶ
1303 2147 1634 2227 συνάναρχος
1691 2147 1768 2222 τῷ

114 2236 296 2315 Πατρῖ
321 2236 406 2293 ἐπ’
436 2235 685 2316 ἐσχάτων
741 2243 810 2309 τῇ
870 2237 1110 2316 ἡμετέρᾳ
1151 2242 1298 2316 φύσει
1361 2237 1566 2301 ἐνωθεις
1611 2236 1767 2315 ἐσαρ-

113 2326 300 2400 κώθη,
333 2324 638 2406 ἀτρέπτως,
701 2326 1048 2406 ἀσυγχύτως,
1097 2324 1434 2406 ἀδιαιρέτως.
1469 2331 1637 2383 Twth
1667 2327 1768 2405 γὰρ

117 2413 499 2496 φρενοϐλαϐὦς
560 2416 719 2474 αῦτὸν
796 2420 1150 2496 παραφθετραι
1226 2413 1613 2491 τολμησάντων
1672 2417 1767 2483 τὴν

114 2505 188 2563 δι’
262 2507 408 2580 ἡμᾶς
469 2511 562 2562 τοῦ
623 2503 873 2583 Σωτῆρος
932 2505 1255 2580 οἳκονομίαν,
1323 2507 1612 2586 φαντασίαν
1669 2505 1768 2572 τὴν

115 2595 531 2673 ἒνανθρώπησιν
577 2594 858 2670 οἰομένων,
921 2602 1079 2652 τινῶν
1129 2595 1180 2650 δὲ
1223 2597 1458 2672 οὐράνιον
1489 2601 1646 2670 σῶμα
1676 2597 1765 2651 τὸν

120 2687 318 2762 Κύριον
390 2683 813 2765 κατενηνοχέναι
900 2685 1325 2763 τερατευομένων
1361 2699 1375 2715 ⁶
1464 2686 1657 2761 ἐτέρων
1714 2683 1768 2740 δὲ

116 2780 311 2852 κρᾶσιν
382 2777 470 2831 καὶ
521 2776 784 2854 σύγχυσιν
841 2781 945 2830 τῶν
1019 2773 1107 2830 δύο
1181 2774 1390 2853 φύσεων
1446 2773 1766 2850 ὁριζομένων

114 2864 207 2919 καί
239 2861 421 2918 ἄλλων
465 2865 669 2940 τροπὴν
716 2865 776 2920 τὸ
829 2863 980 2920 θεῖοι
1012 2864 1327 2920 πεπονθέναι
1359 2861 1766 2943 ληρωδούντων,

114 2959 227 3009 τῶν
287 2951 342 3008 δὲ
403 2951 608 3009 λοιπῶν
683 2955 945 3012 Θεοτόκον
1005 2955 1103 3020 τὴν
1165 2953 1429 3030 Παρθένον
1484 2953 1768 3027 ὀνομάζειν

111 3043 559 3121 παραιτουμένων
594 3049 615 3076 ⁸
661 3045 706 3100 οἱ
752 3043 806 3100 ἐν
859 3050 927 3120 τῇ
987 3042 1200 3120 μεγάλῃ
1254 3044 1420 3120 ταύτῃ
1467 3049 1553 3099 καὶ
1584 3045 1765 3099 οἰκου-

116 3137 320 3207 μενιιιῇ
371 3129 570 3203 συνόδῳ
626 3131 769 3209 ἅγιοι
826 3131 1052 3208 Πατέρες
1106 3133 1199 3194 τὰς
1245 3140 1352 3190 τῶν
1416 3155 1764 3211 προγεγραμ-

1851 1961 2078 2022 vellunt
2108 1961 2216 2022 Dei
2250 1962 2673 2036 oeconomiam,
2700 1959 2956 2022 dicendo
2990 1959 3150 2041 quod
3176 1978 3309 2020 cum
3335 1961 3494 2022 Deus

1849 2059 2009 2113 esset
2037 2069 2106 2112 ex
2143 2050 2264 2112 Deo
2300 2050 2406 2111 Dei
2437 2050 2996 2127 Filius,coaeternus
3019 2059 3076 2112 et
3103 2049 3378 2130 ejusdem
3405 2068 3494 2112 es-

1849 2140 2151 2222 sentiae,et
2179 2141 2461 2204 similiter
2490 2149 2669 2222 atque
2701 2144 2877 2203 Pater
2919 2158 3130 2202 carens
3165 2139 3486 2218 principio,

1848 2231 1910 2292 in
1944 2229 2170 2291 ultimis
2202 2229 2421 2292 diebus
2474 2240 2694 2292 nostra;
2721 2231 2930 2292 unitus
2960 2239 3207 2303 naturae,
3245 2247 3491 2291 carnem

1851 2325 2115 2401 suscepit
2137 2320 2613 2393 immutabiliter,
2650 2317 3491 2394 inconfuse,individue.Nam

1852 2429 1988 2473 cum
2014 2410 2252 2491 quidam
2278 2411 2454 2493 plane
2479 2419 2693 2473 emotae
2718 2409 3098 2488 mentis,qua3
3119 2417 3365 2491 propter
3383 2429 3492 2473 nos

1851 2501 2002 2562 facta
2025 2509 2137 2575 est,
2171 2500 2503 2564 Servatoris
2552 2499 3064 2580 dispensationem
3109 2498 3239 2562 ausi
3290 2513 3493 2562 essent

1853 2593 2554 2671 corrumpere,humanm
2573 2599 2799 2652 naturae
2815 2590 3259 2670 susceptionem
3285 2599 3492 2672 putan-

1854 2689 1942 2741 tes
1967 2699 2100 2741 esse
2125 2681 2497 2762 phantasiam
2528 2699 2543 2757 ;
2571 2680 2815 2761 quidam
2843 2689 3040 2742 autem
3084 2679 3326 2742 caeleste
3351 2699 3490 2742 cor-

1855 2790 1964 2850 pus
1978 2767 2294 2832 Dominum
2320 2771 2610 2832 detulisse
2637 2770 2976 2850 prodigiose
3001 2778 3362 2852 assererent;
3389 2769 3493 2831 alii

1852 2879 1992 2922 vero
2019 2861 2270 2922 duarum
2296 2881 2428 2942 qum
2451 2861 2822 2922 deﬁniuntur
2847 2869 3192 2922 naturarum
3217 2861 3495 2922 commis-

1851 2951 2109 3013 stionem
2139 2959 2197 3014 et
2219 2952 2731 3025 confusionem,el
2753 2952 2854 3013 alii
2882 2953 3272 3012 mutationem
3305 2951 3490 3014 Deum

1853 3061 2091 3122 passum
2114 3061 2246 3104 esse
2278 3052 2677 3120 nugarentur;
2701 3041 2918 3124 reliqui
2950 3052 3146 3104 autem
3183 3041 3490 3121 Virginem

1853 3134 2272 3215 Deiparentem
2299 3136 2613 3196 nominare
2635 3143 3013 3196 recusarent:
3032 3133 3131 3214 qui
3152 3134 3210 3194 in
3238 3134 3346 3194 hac
3374 3152 3493 3194 ma-

116 3221 302 3297 μένων
367 3220 614 3278 ἁπάντων
675 3222 1060 3298 ἀνατρέποντες
1122 3222 1514 3302 αἰρεσιαρχίας,
1564 3224 1658 3278 οὒκ
1715 3221 1767 3288 ἐξ

1891 3249 1964 3290 na
1987 3238 2045 3291 et
2068 3227 2439 3290 mcumenica
2462 3228 2689 3308 synodo
2715 3236 2886 3289 erant
2911 3228 3102 3288 sancti
3123 3226 3494 3302 Patres,om—

116 3311 336 3367 οἰκείων
379 3309 777 3391 συλλογισμῶν,
817 3309 937 3367 ἀλλ’
970 3311 1030 3368 ἐκ
1060 3318 1166 3367 τῶν
1217 3315 1370 3368 θείων
1419 3316 1641 3391 Γραφῶν
1681 3313 1768 3367 καὶ

114 3404 228 3457 τῶν
289 3400 426 3456 κατὰ
472 3400 659 3477 γενεὰν
713 3401 1006 3456 θεσπεσίων
1056 3398 1411 3475 διδασκάλων,
1473 3401 1614 3476 μέγα
1671 3400 1765 3467 τῆς

115 3486 390 3552 εὐσεϐείας
463 3490 753 3567 μυστήριον
836 3489 1381 3568 ἐπισφραγισάμεκοι,
1442 3486 1767 3545 ἐϐεϐαίωσαν

115 3581 210 3636 τὸν
255 3577 350 3634 ἕνα
391 3581 478 3635 καὶ
528 3585 796 3658 μονογενῆ
841 3580 964 3636 Υἱὸν
1010 3587 1100 3637 τοῦ
1145 3587 1300 3652 Θεοῦ,
1347 3580 1482 3636 κατᾶ
1527 3579 1626 3647 την
1662 3579 1769 3635 τῶν

115 3669 448 3748 τριακοσίων
509 3667 632 3725 δέκα
677 3672 764 3726 καὶ
812 3670 958 3727 ὀκτὼ
1013 3669 1178 3749 ἂγίων
1249 3669 1499 3747 Πατέρων
1559 3669 1760 3745 πίστιν,

116 3759 592 3838 ἀπαρεγχείρητον
636 3759 780 3816 εἶναι
824 3761 963 3816 κατὰ
1019 3761 1117 3827 τὴν
1163 3761 1358 3816 οἰκείαν
1389 3761 1566 3840 φύσιν.
1602 3767 1766 3818 Τοῦτο

116 3850 222 3927 γὰρ
276 3847 539 3920 Ἀρειανοὶ
589 3848 1072 3929 παρασαλεύουσιν,
1125 3851 1300 3913 καθὼς
1336 3851 1423 3907 καὶ
1471 3851 1506 3917 ἡ
1552 3847 1768 3916 σύνοδος

115 3937 302 4014 ἐκείνῃ
347 3937 402 3993 ἐν
461 3939 654 4011 Νικαίᾳ
715 3939 1030 4019 γεγένηται,
1103 3942 1190 3997 καὶ
1245 3941 1345 4008 τὴν
1400 3938 1620 4019 ὑστέραν
1681 3941 1768 3996 ἐπὶ

119 4033 224 4095 τ’ἧς
282 4027 671 4104 βασιλευούσης
729 4031 866 4086 κατὰ
909 4030 1016 4087 τῶν
1082 4027 1494 4088 Μακεδονιανῶν
1554 4028 1768 4086 σύνοδον

117 4125 230 4176 τῶν
292 4119 484 4175 ἑκατὸν
520 4117 881 4194 πεντήκοντα,
916 4121 991 4183 ὡς
1021 4122 1099 4195 τῷ
1127 4121 1263 4199 ἁγίῳ
1318 4121 1588 4195 Πνεύματι
1649 4117 1770 4176 δια-

120 4209 463 4288 μαχομένων
515 4222 808 4288 γραφικαϊς
888 4212 1195 4288 μαρτυρίαις
1254 4208 1771 4289 έπασφαλισαμένην

121 4299 420 4377 ἐκύρωσαν,
482 4297 672 4356 λοιπὸν
739 4299 878 4356 κατὰ
962 4305 1068 4356 τῶν
1139 4298 1463 4356 ἆθετούντων
1524 4299 1622 4366 τὴν
1680 4301 1772 4355 τοῦ

120 4393 381 4467 Σωτῆρος
439 4390 596 4462 ἡμῶν
649 4388 832 4455 ’[ησοῦ
890 4391 1120 4466 Χριστοῦ
1167 4389 1497 4464 οἰκονομίαν,
1559 4390 1631 4454 ὡς
1675 4385 1769 4444 δο-

120 4479 282 4548 κήσει
329 4478 414 4535 καὶ
445 4479 538 4535 οῦκ
572 4476 796 4550 ἀληθείᾳ
854 4479 1218 4557 σαρκιυθέντος
1268 4478 1426 4536 αὐτοὺ
1472 4479 1556 4534 καὶ
1608 4477 1770 4553 ψιλὸν

1852 3323 2041 3394 nium,
2063 3340 2216 3398 quos
2250 3329 2388 3381 ante
2419 3319 2794 3392 scripsimus,
2831 3330 3169 3382 evertentes
3202 3320 3488 3395 haereses,

1853 3433 1974 3476 non
1993 3435 2062 3475 ex
2087 3414 2212 3476 suis
2232 3414 2730 3495 syllogismis,sed
2752 3433 2821 3476 ex
2842 3414 3062 3476 divinis
3079 3413 3494 3493 Scripturis,et

1853 3507 2293 3590 prieclaris,qui
2317 3517 2490 3568 antea
2509 3507 2774 3586 fuerunt,
2801 3507 3174 3581 doctoribus,
3215 3526 3490 3587 magnum

1855 3601 2089 3682 pietatis
2139 3601 2481 3681 mysterium
2532 3600 2944 3679 obsignantes,
2989 3602 3496 3663 conﬁrmaverunt

1852 3696 2098 3758 unicum
2125 3704 2184 3758 et
2209 3695 2587 3775 unigenitum
2638 3696 2743 3759 Dei
2785 3694 3032 3777 Filium,
3067 3697 3497 3758 convenienter

1850 3791 1993 3853 ﬁdei
2007 3798 2408 3853 trecentorum
2421 3789 2632 3852 decem
2647 3797 2708 3852 et
2721 3800 2854 3852 octo
2870 3800 3212 3853 sanctorum
3227 3790 3490 3867 Patrum,

1853 3885 2096 3966 propria
2113 3903 2219 3946 sua
2244 3894 2461 3946 natura
2484 3903 2618 3946 esse
2640 3885 3042 3948 inaccessum:
3073 3885 3186 3948 hoc
3211 3886 3372 3947 enim
3401 3888 3492 3946 la-

1853 3977 2156 4042 befactant
2176 3979 2407 4054 Ariani,
2439 3981 2734 4042 adversus
2759 3999 2909 4060 quos
2929 3979 3042 4040 fuit
3086 3980 3188 4042 illa
3231 3978 3496 4060 synodus

1855 4072 2123 4138 Nicaana:
2150 4080 2212 4134 et
2232 4090 2364 4152 quae
2385 4080 2589 4151 postea
2613 4072 2803 4133 fuitin
2827 4071 2978 4134 urbe
3007 4071 3493 4152 regia,synodum

1854 4178 2088 4223 centum
2124 4176 2179 4224 et
2200 4165 2625 4237 quinquaginta
2657 4166 2893 4222 Patrum
2914 4165 3198 4223 adversus
3229 4165 3494 4223 Macedo-

1857 4253 2156 4316 nianos,ut
2177 4253 2276 4322 qui
2301 4266 2433 4308 cum
2452 4251 2671 4322 Spiritu
2693 4263 2893 4309 sancto
2919 4261 3269 4321 pugnarent,
3294 4249 3492 4320 Scrip-

1856 4343 2000 4395 turae
2022 4335 2369 4393 testimoniis
2394 4338 2676 4394 munitam
2703 4337 3182 4406 comprobarunt:
3211 4345 3265 4392 et
3288 4336 3358 4392 de
3378 4351 3490 4392 cae-

1856 4427 1978 4478 tero
2002 4421 2280 4478 adversus
2302 4435 2402 4478 eos
2423 4423 2520 4492 qui
2539 4421 3189 4478 abolebantServatoris
3208 4422 3500 4479 nostriJe—

1855 4520 1922 4562 su
1936 4505 2142 4562 Christi
2169 4511 2647 4574 mconomiam,ut
2669 4509 2763 4578 qui
2791 4507 3093 4569 visione,et
3123 4521 3239 4563 non
3260 4507 3497 4564 Veritate

127 4567 402 4647 ἄνθρωπον
461 4569 553 4624 τὸν
596 4567 657 4623 ἐκ
700 4572 797 4635 τῆς
841 4569 994 4646 ἁγίας
1051 4569 1315 4647 Παρθένου
1373 4569 1461 4624 καὶ
1509 4569 1767 4624 Θεοτόκου

1890 4599 2007 4648 sset
2029 4593 2450 4656 incarnatus,et
2472 4567 2847 4648 nudum'esse
2874 4593 3301 4665 hominem,qui
3328 4603 3498 4650 natus

128 4657 334 4737 Μαρίας
386 4655 646 4737 τεχθέντα
675 4655 1060 4736 ληρωδούντων
1094 4674 1108 4689 ⁶
1153 4657 1273 4715 κατ’
1305 4659 1480 4715 αὐτῶν
1527 4656 1768 4737 ἐσχόλα-

129 4769 226 4802 σαν
271 4745 332 4803 ἕκ
373 4768 434 4802 τε
474 4745 573 4814 τῆς
618 4748 907 4827 μαρτυρίας
969 4747 1073 4803 τῶν
1131 4750 1284 4804 θείων
1345 4749 1564 4826 Γραφῶν
1595 4748 1684 4802 καὶ
1714 4747 1775 4802 ἐκ

129 4837 237 4894 τῶν
323 4833 612 4893 συνοδικῶν
694 4843 788 4893 τοῦ
858 4837 1274 4916 μακαριωτάτου
1349 4835 1605 4913 Κυρίλλου
1674 4842 1772 4903 τῆς

131 4923 543 5003 Ἀλεξανδρέων,
591 4924 688 4982 καὶ
733 4925 962 4992 Λέοντος
1007 4933 1101 4982 τοῦ
1167 4926 1464 4983 ὁσιωτάτου
1514 4925 1774 5005 ἀρχιεπι-

134 5023 338 5073 σκόπου
370 5005 608 5091 Ῥωμης,
642 5015 731 5071 καὶ
764 5015 980 5073 πάντων
1022 5016 1130 5072 τῶν
1174 5014 1298 5072 κατ’
1337 5014 1552 5093 αὐτοὺς,
1589 5013 1686 5070 ὅσα
1719 5035 1774 5070 τε

135 5103 200 5172 δὴ
230 5109 300 5180 τῇ
331 5103 424 5160 τοῦ
475 5104 774 5161 ἀποστόλου
832 5111 1032 5184 Πετρου
1063 5103 1321 5182 ὁμολογίᾳ
1354 5101 1772 5181 συμϐαινούσας,

135 5196 384 5268 κατὰτὸ,
425 5218 448 5249 α
489 5196 561 5250 Σὺ
591 5195 646 5251 εἷ
681 5197 708 5251 6
766 5196 1016 5272 Χριστὸς,
1078 5195 1106 5249 ὃ
1166 5195 1286 5257 Υἱὸς
1346 5201 1438 5252 τοῦ
1499 5200 1631 5250 Θεοῦ
1684 5200 1778 5251 τοῦ

134 5293 356 5358 ζῶντος,
395 5305 420 5341 ε
457 5283 671 5361 δψῆλήν
717 5307 837 5341 τινα
883 5283 1092 5352 στήλην
1122 5284 1257 5340 κατὰ
1287 5289 1394 5340 τῶν
1425 5280 1777 5348 κακοδοξούν-

137 5397 240 5432 των
268 5375 488 5438 εἰκότως
520 5374 908 5456 ανεγείραντες,
946 5375 1078 5454 πρὸς
1109 5374 1208 5442 την
1239 5372 1346 5431 τῶν
1370 5371 1776 5452 ὀρθοδογμάτων

136 5462 445 5546 βεϐαίωσιν,

217 5635 270 5679 ιτ
301 5633 508 5698 Matth.
545 5652 662 5715 xw,
701 5634 799 5700 16.

1855 4686 1982 4735 erat
2022 4691 2094 4733 ex
2115 4686 2310 4734 sancta
2335 4675 2575 4747 Virgine
2596 4687 2649 4734 et
2670 4677 3020 4749 Deiparente
3063 4679 3257 4743 Maria,
3295 4679 3500 4748 nugati

1857 4765 2106 4822 fuerant:
2130 4765 2411 4821 adversus
2432 4766 2820 4835 eos,inquam,
2845 4778 3084 4836 operam
3101 4764 3408 4828 dederunt,
3443 4774 3496 4821 et

1857 4865 1929 4908 ex
1953 4849 2285 4905 divinarum
2303 4848 2740 4920 Scripturarum
2767 4850 3125 4914 testimonio,
3149 4857 3204 4904 et
3225 4862 3291 4904 ex
3320 4862 3497 4919 syno-

1859 4935 2088 4992 dalibus
2111 4933 2424 4990 beatissimi
2450 4932 3350 5005 CyrilliAlexaudrini,etLeonis
3372 4947 3499 4991 san-

1859 5021 2100 5080 ctissimi
2127 5019 2553 5090 archiepiscopi
2584 5021 2853 5091 Romani,
2887 5019 3224 5075 etomnium
3247 5018 3344 5090 qui
3369 5019 3499 5075 rue-

1859 5115 1997 5165 runt
2020 5105 2103 5160 eis
2129 5101 2434 5168 similes,ut
2451 5117 2579 5173 quas
2595 5102 2917 5158 beatissimi
2939 5103 3090 5159 Petri
3115 5103 3504 5158 convenirent

1862 5187 2237 5252 confessioni,
2272 5196 2664 5255 congruenter
2684 5187 2733 5240 ei
2761 5186 2918 5256 quod
2945 5195 3032 5242 est
3081 5185 3198 5242 «Tu
3225 5201 3283 5242 es
3299 5185 3496 5242 Chris-

1863 5284 1953 5332 tus
1967 5271 2148 5329 Filius
2163 5271 2267 5329 Dei
2286 5271 2398 5326 vivi
2417 5270 2484 5324 ‘7:
2497 5269 2815 5326 oexcelsam
2831 5269 3143 5340 quamdam
3161 5269 3498 5326 columnam

1863 5368 2071 5423 contra
2094 5375 2195 5420 eos
2213 5357 2311 5437 qui
2331 5353 2715 5416 malaimbuti
2735 5364 2908 5416 erant
2941 5353 3252 5434 opinione,
3281 5353 3496 5416 merito

1861 5461 2212 5530 erexerunt,
2237 5450 2312 5514 ad
2334 5447 2742 5516 conﬁrmanda
2761 5460 2928 5514 recta
2948 5457 3006 5514 et
3024 5469 3165 5515 vera
3193 5449 3490 5529 dogmata.
