3932 6140
462 228 611 329 mi

1710 221 1992 294 MENSIS
2043 220 2553 297 FEBRUARIUS.

3669 232 3801 302 1412

537 368 709 434 XLII.
730 366 880 430 Nam
904 374 964 430 et
996 366 1285 430 adversus
1316 384 1419 430 eos
1451 366 1719 448 dirigunt
1744 366 1956 441 aciem,
1996 364 2090 446 qui

2263 357 2400 428 MB'.
2437 379 2565 433 Τοῖς
2597 391 2653 426 τε
2687 368 2786 448 γὰρ
2816 367 2890 434 εἷς
2921 367 3048 427 υίῶν
3097 362 3258 430 δυάδα
3286 373 3349 430 τὸ
3392 372 3491 442 τῆς
3522 374 3796 450 οἰκονομίας

455 459 811 522 (nconomiae
824 458 1173 539 mysterium
1198 465 1493 520 conantur
1507 458 1843 519 distrahere
1865 455 1925 518 in
1952 456 2102 517 duos

455 548 704 624 ﬂlios,et
728 566 830 610 eos
849 549 947 628 qui
968 546 1278 627 patibilem
1297 547 1590 627 unigeniti
1606 545 1858 608 FiliiDei
1879 544 2103 607 audent

386 643 390 648 ’
453 639 656 702 dicere
686 636 1406 717 divinitatem,expellunt
1435 655 1469 699 a
1501 655 1672 699 sacro
1705 644 1859 700 coetu
1888 653 1901 696 :
1939 643 1996 696 et
2026 633 2101 695 iis

2184 455 2411 531 διασπᾷν
2469 458 2803 540 ἐπιχειροῦσι
2883 462 3177 539 μυστήριον
3252 463 3672 543 παρατάττονται
3724 467 3799 522 καὶ

2184 547 2308 610 τοὺς
2362 548 2611 616 παθητὴν
2662 556 2754 606 τοῦ
2814 553 3133 628 μονογενοῦς
3186 553 3306 609 Υίοῦ
3358 559 3450 610 τοῦ
3481 560 3608 611 Θεοῦ
3635 553 3797 631 λέγειν

2184 635 2499 712 τολμῶντας
2552 639 2653 706 τὴν
2705 639 2934 706 θεύτητα
2968 647 3060 698 τοῦ
3084 641 3229 720 ἱεροῦ
3254 641 3514 719 συλλόγου
3542 643 3797 701 ἀπωθοῦν-

2184 747 2294 807 ται,
2332 726 2426 783 καῖ
2472 741 2592 791 τοῖς
2639 725 2722 785 ἐπὶ
2765 735 2873 786 τῶν
2917 727 3004 786 δύο
3047 730 3258 811 φύσεων
3287 739 3381 789 τοῦ
3413 739 3636 811 Χριστου
3682 740 3794 808 κρᾶ-

2183 837 2265 871 σιν
2326 817 2355 885 ἢ
2413 819 2672 898 σύγχυσιν
2756 818 3056 877 ἐπινοοῦσιν
3112 821 3449 879 ἀνθίστανται
3485 839 3499 853 ⁸
3567 825 3653 879 καὶ
3692 824 3795 889 τοὺς

2183 904 2422 983 οὖράνιον
2454 908 2489 976 ἢ
2521 908 2705 986 ἐτέρας
2751 911 2893 973 τινος
2939 910 3118 976 οὗσίας
3151 912 3414 991 ὑπάρχειν
3445 913 3544 980 τὴν
3573 910 3624 978 ἐξ
3663 914 3796 987 ἡμῶν

2182 994 2482 1075 ληφθεῖσαν
2527 1001 2669 1073 αὐτῷ
2724 1004 2816 1056 τοῦ
2878 998 3064 1059 δούλου
3123 1005 3360 1076 μορφὴν,
3421 1002 3796 1081 παραπαίοντας

2184 1083 2570 1168 ἐξελαύνουσιν,
2607 1089 2695 1144 καὶ
2745 1088 2868 1151 τοὺς
2924 1087 3010 1144 δύο
3056 1088 3154 1163 μὲν
3192 1091 3515 1163 μυθεύοντας
3564 1092 3663 1167 πρὸ
3717 1092 3793 1159 τῆς

2182 1172 2422 1238 ἐνώσεως
2460 1184 2551 1233 τοῦ
2585 1179 2773 1255 Κυρίου
2801 1178 2984 1256 φύσεις
3021 1196 3035 1209 ’
3101 1178 3225 1253 μίαν
3260 1176 3313 1235 δὲ
3345 1181 3481 1252 μετὰ.
3511 1181 3608 1247 τὴν
3630 1178 3795 1239 ἕνωσιν

2182 1265 2675 1341 ἀναθεματίζουσιν,
2740 1266 2830 1322 ἕνα
2901 1268 2988 1324 καὶ
3067 1270 3156 1323 τὸν
3215 1270 3371 1327 αὐτὸν
3431 1268 3796 1348 ὁμολογοῦντες

459 733 729 790 resistunt
746 733 844 802 qui
861 729 1111 789 duarum
1134 741 1474 789 naturarum
1500 733 1556 787 in
1575 732 1799 787 Christo
1820 729 2101 786 inducunt

456 817 865 879 confusionem
898 833 911 878 :
943 825 1001 877 et
1028 816 1266 896 eos,qui
1290 816 1535 878 cmleste
1558 834 1776 897 corpus
1797 824 1896 876 aut
1916 812 2102 876 alicu-

447 907 549 987 jus
576 904 824 968 alterius
855 905 1135 968 essentiaa
1162 905 1369 967 dicunt
1415 924 1549 967 esse
1594 925 1665 968 ex
1715 904 1892 966 nobis
1920 903 1995 966 ab
2026 920 2101 964 eo

454 1009 685 1070 accepta
699 1014 751 1055 m
779 1000 929 1057 servi
956 1000 1199 1056 formam
1217 1009 1488 1071 tanquam
1509 999 1820 1056 delirantes
1837 998 2097 1069 ejiciunt:

457 1093 514 1146 et
536 1104 641 1147 eos
661 1084 765 1162 qui
790 1084 937 1145 duas
958 1084 1199 1165 quidem
1219 1083 1461 1147 Domini
1485 1094 1730 1145 naturas
1753 1082 2103 1144 fabulantur

452 1183 591 1237 ante
612 1174 922 1241 unionem.
964 1183 1093 1255 post
1117 1175 1398 1236 unionem
1450 1192 1593 1236 vero
1643 1193 1846 1245 unam,
1880 1171 2103 1233 feriunt

451 1264 857 1327 anathemate:
886 1283 1071 1325 unum
1094 1273 1153 1325 et
1173 1263 1452 1325 eumdem
1477 1262 1692 1326 Filium
1721 1261 2102 1323 concorditer

451 1354 834 1431 confitentes,
870 1351 1193 1416 Dominum
1229 1362 1497 1414 nostrum
1527 1350 1732 1415 Jt—sum
1767 1351 2004 1414 Christu

2240 1355 2480 1433 ιμφώνως
2528 1357 2649 1411 ι’ίὸν
2703 1358 2794 1412 τὸν
2858 1358 3043 1436 Κύριον
3103 1359 3259 1432 ἡμῶν
3327 1356 3535 1424 Ἰησοῦν
3567 1363 3793 1437 Χριστὸν,

450 1448 768 1515 perfectum
794 1449 850 1503 in
879 1447 1265 1513 divinitate,et
1290 1447 1603 1517 perfectura
1631 1446 1687 1503 in
1714 1446 2003 1503 humanita

2244 1441 2385 1500 λειον
2424 1446 2479 1500 ἓν
2538 1446 2774 1513 θειότητι
2819 1448 2904 1501 καὶ
2936 1445 3140 1503 τέλειον
3172 1445 3226 1502 ἐν
3259 1445 3653 1524 ἂνθρωπότητι,
3685 1452 3797 1507 Θεὸν

450 1536 642 1597 Deum
678 1551 844 1608 vere,
875 1552 1060 1596 unum
1090 1542 1148 1595 et
1171 1531 1476 1594 eumdem:
1517 1541 1573 1594 et
1596 1531 1904 1593 hominem
1929 1550 1997 1592 ve

2249 1536 2393 1600 ηθῶς
2425 1536 2515 1591 τὸν
2547 1532 2637 1592 ἕνα
2670 1538 2754 1592 καὶ
2800 1538 2891 1593 τὸν
2950 1538 3106 1593 αυτὸν
3165 1537 3253 1593 καὶ
3305 1534 3579 1615 ἄνθρωπον
3607 1538 3799 1607 ἀληθῶς

449 1641 519 1685 ex
543 1623 738 1684 anima
761 1622 1283 1702 rationiscorpore
1306 1630 1582 1702 compote
1608 1622 1800 1703 et,qui
1825 1630 1915 1683 est
1935 1622 2002 1701 ej:

2294 1628 2480 1703 ψυχῆς
2512 1623 2738 1702 λογικῆς
2770 1627 2858 1683 καὶ
2903 1627 3180 1706 σώματος,
3226 1627 3511 1702 ὁμοούσιον
3541 1630 3632 1685 τὸν
3662 1631 3798 1688 αὺτὸν

446 1708 583 1772 dem
610 1709 1101 1790 essentiaa,cujus
1139 1712 1334 1784 Pater,
1363 1710 1519 1792 quod
1541 1710 1751 1772 attinet
1768 1710 1840 1771 ad
1874 1709 1988 1770 divi

2245 1713 2257 1768 ἰ
2314 1714 2475 1782 Πατρὶ
2528 1715 2662 1771 κατὰ
2718 1716 2818 1783 τὴν
2880 1716 3110 1783 θεότητα
3183 1718 3272 1772 καὶ
3330 1717 3614 1792 ὁμοούσιον
3681 1718 3798 1792 ἡμῖν

447 1800 1009 1881 tatem:etejusdem
1036 1801 1312 1862 essentiae
1330 1800 1499 1879 cujus
1516 1813 1870 1880 nos,praater
1892 1817 1997 1879 pec

2242 1803 2347 1881 υρὶς
2404 1801 2662 1883 ἁμαρτίας
2698 1821 2714 1838 ⁶
2774 1807 2865 1861 τὸν
2917 1806 3069 1863 αὑτὸν
3102 1807 3240 1862 κατὰ
3282 1805 3380 1873 τὴν
3409 1807 3795 1890 ἁνθρωπότητα,

446 1895 865 1960 tum,eumdem
886 1895 1044 1966 quod
1069 1895 1139 1952 ad
1158 1896 1735 1951 humanitatemmnte
1760 1893 1999 1963 saeculaq

2246 1893 2279 1947 πὸ
2335 1891 2539 1948 αίώνων
2600 1892 2698 1968 μὲιι
2756 1894 2817 1951 ἐκ
2874 1901 2967 1952 τοῦ
3030 1895 3235 1970 [ἰατρὸς
3297 1898 3623 1973 γεννηθέντα
3687 1901 3799 1957 κατὰ

445 1977 584 2040 dem
602 1988 803 2040 natum
820 1996 890 2039 ex
909 1977 1176 2052 Patre,in
1200 1977 1431 2041 ultimis
1453 1987 1652 2039 autem
1679 1975 1994 2058 diebus,pr

2250 2006 2276 2035 ν
2331 1984 2585 2056 θεότητα,
2644 1983 2929 2063 πασχόντα
2978 1981 3032 2039 δὲ
3085 1982 3155 2039 δι’
3184 1986 3330 2061 ἡμᾶς
3359 1986 3483 2050 τοὺς
3515 1986 3798 2065 ἀνθρώπους

444 2076 538 2128 ter
560 2086 668 2128 uos
683 2067 962 2129 homines
979 2075 1038 2129 et
1057 2075 1301 2149 propter
1322 2075 1585 2129 nostram
1609 2066 1997 2142 salutem,exl

2244 2072 2265 2126 .i
2322 2067 2407 2126 διὰ
2461 2071 2561 2139 τὴν
2611 2073 2875 2151 ἡμετέραν
2935 2074 3226 2148 σωτηρίαν,
3311 2073 3371 2129 ἐκ
3444 2077 3653 2155 Μαρίας
3718 2084 3797 2145 τῆς

442 2156 532 2218 ria
551 2155 800 2236 Virgine
820 2165 878 2219 et
907 2156 1457 2239 Deiparente,quod
1479 2157 1692 2217 attinet
1713 2156 1785 2218 ad
1811 2156 1989 2218 huma

2243 2159 2440 2237 ιρθένου
2493 2163 2578 2216 καὶ
2635 2162 2900 2219 Θεοτόκου
2931 2163 3067 2218 κατᾶ
3097 2162 3195 2230 τὴν
3242 2162 3635 2240 ἇνθρωπότητα
3670 2182 3685 2198 ⁸
3726 2166 3796 2223 ἕνα

446 2253 842 2308 tatemzunum
866 2255 921 2308 et
941 2247 1221 2308 eumdem
1245 2247 1455 2309 Filium
1484 2246 1999 2325 unigenitum,et[

2238 2250 2263 2305 Li
2319 2250 2411 2305 τὸν
2468 2250 2625 2306 αὐτὸν
2687 2252 2876 2327 Κύριον
2934 2251 3142 2318 Ἰησοῦν
3204 2254 3430 2328 Χριστὸν
3489 2252 3544 2311 ἓν
3586 2253 3674 2313 δύο
3713 2256 3791 2333 φύ-

446 2336 674 2397 minum
694 2337 898 2399 Iesum
924 2336 1224 2400 Christum
1247 2336 1307 2397 in
1340 2335 1573 2398 duabus
1593 2334 1843 2406 naturis.
1878 2337 1999 2398 incc

2242 2362 2330 2396 σιν
2388 2337 2733 2419 ἂσυγχύτως,
2793 2339 3094 2419 ἀτρέπτως,
3181 2339 3497 2421 ἆδιαιρέτως
3557 2347 3792 2424 γνωριζό-

441 2424 1439 2506 fuse,immutabiliter,individue,
1466 2426 1564 2506 qui
1589 2426 1685 2506 pie
1710 2425 1989 2505 cognosci

2239 2451 2335 2485 ινον
2386 2428 2480 2484 καί
2537 2432 2998 2507 προσκυνούμενον
3055 2431 3157 2486 ὑπὸ
3201 2431 3415 2487 πάντων
3453 2439 3564 2487 τῶν
3618 2441 3792 2491 πιστῶν

444 2523 504 2578 et
522 2515 807 2577 aduratur
824 2516 897 2578 ab
925 2515 1208 2579 omnibus
1228 2514 1526 2596 fidelibus:
1546 2514 1825 2596 quoniam
1848 2530 1992 2577 sanc

2239 2516 2430 2591 σεϐῶς,
2476 2515 2607 2575 διότι
2666 2519 2763 2595 μὲν
2802 2520 2828 2575 ὀ
2871 2518 3023 2598 ἅγιος
3070 2517 3325 2588 Ἰωάννης
3370 2520 3470 2589 τὴν
3509 2521 3686 2603 ἀρχὴν
3720 2530 3792 2581 τοῦ

444 2604 687 2684 quidem
703 2606 966 2668 Joannes
980 2604 1371 2667 conscribens
1387 2604 1742 2685 principium
1754 2602 1995 2683 Evange

2235 2605 2501 2686 ὶαγγελίου
2534 2606 2973 2687 συγγραφόμενᾶς
3003 2631 3166 2685 φησιν
3203 2626 3216 2639 ·
3258 2628 3282 2665 ε
3318 2608 3408 2666 Ἐν
3469 2602 3622 2692 ἀρχῇ
3674 2612 3732 2681 ἦν
3769 2616 3788 2669 ὁ

443 2694 611 2755 dixit:
640 2719 665 2750 α
695 2695 758 2756 ln
788 2694 1085 2775 principio
1112 2693 1549 2765 eratVerbum,
1587 2701 1645 2755 et
1672 2693 1931 2756 Verbum
1965 2713 1996 2755 e

2235 2697 2345 2776 ἲγος
2375 2697 2466 2752 καὶ
2509 2699 2535 2752 6
2582 2699 2753 2776 Λόγος
2786 2698 2852 2765 ἧν
2888 2712 3021 2776 πρὸς
3064 2700 3156 2755 τὸν
3202 2699 3354 2773 Θεὸν,
3410 2701 3499 2757 καὶ
3533 2704 3662 2766 Θεὸς
3689 2704 3788 2771 ἦνὸ

440 2783 597 2863 apud
634 2786 847 2856 Deum,
882 2792 941 2847 et
994 2783 1153 2847 Deus
1201 2795 1327 2847 erat
1356 2782 1618 2847 Verbum
1653 2784 1731 2847 48.
1772 2808 1793 2842 ο
1833 2782 1991 2846 Sanc

2234 2787 2367 2865 Ξγος.
2414 2777 2505 2844 »Ὀ
2538 2785 2589 2843 δὲ.
2621 2787 2775 2865 ἅγιος
2811 2791 3108 2853 Ματθατος·
3152 2786 3374 2852 «Βίϐλος
3406 2789 3669 2867 γενέσεως
3694 2792 3787 2860 ἰη-

439 2891 583 2934 vero
608 2874 921 2935 Matthaaus
952 2892 966 2933 ε
1003 2873 1223 2936 «Liber
1242 2873 1659 2953 generationis
1678 2872 1819 2936 Jesu
1841 2871 1992 2934 Chri:

2233 2882 2266 2932 6
2298 2883 2545 2955 Χριστοῦ,
2608 2880 2721 2936 υἱοῦ
2768 2875 2950 2956 Δαϐὶδ,
3007 2879 3117 2936 υἱοῦ
3165 2876 3435 2957 ’Δϐραὸιμ,
3478 2904 3507 2936 ι
3551 2884 3638 2939 καὶ
3676 2884 3786 2939 κατὰ

444 2961 553 3062 ﬁlii
582 2960 902 3043 David,ﬁlii
932 2962 1234 3025 Abraham
1264 2963 1321 3013 49
1348 2982 1419 3067 ελ
1460 2972 1518 3024 et
1540 2963 1613 3023 iis
1636 2961 1989 3025 convenient

2234 2973 2328 3022 ῦτο
2378 2971 2425 3023 oi
2456 2965 2579 3041 μετ’
2610 2966 2799 3029 αύτούς
2841 2966 2981 3044 ἅγιοι
3016 2968 3245 3045 Πατέρες
3296 2971 3394 3037 τὴν
3440 2969 3671 3038 θεότητα
3717 2973 3786 3028 καὶ

443 3051 547 3131 qui
569 3058 775 3130 postea
797 3052 987 3113 secuti
1012 3060 1152 3114 sunt
1174 3050 1603 3125 sanctiPatres,
1632 3052 1996 3114 divinitatem

2234 3080 2271 3124 ιν
2318 3055 2704 3134 ἆνθρωπότητα
2754 3063 2846 3113 τοῦ
2876 3058 2993 3120 ἑνὸς
3038 3059 3159 3115 Υίοῦ
3190 3065 3281 3114 τοῦ
3313 3064 3447 3115 Θεοῦ
3477 3056 3787 3122 διδάσκοντες

440 3140 874 3232 humanitatem
899 3142 1079 3232 unius
1097 3140 1234 3203 Filii
1261 3139 1993 3232 Deirdocenteeradideri

2234 3143 2506 3224 ιρέδωκαν,
2544 3146 2721 3210 καθὼς
2778 3148 2867 3203 καὶ
2924 3149 2951 3202 6
3010 3146 3288 3214 θεσπέσιος
3341 3148 3557 3213 Παῦλός
3603 3167 3787 3232 φησιν·

442 3231 761 3293 omnibus:
791 3230 1093 3311 quomodo
1119 3232 1297 3292 etiam
1325 3231 1467 3293 dicit
1492 3231 1726 3292 divinus
1746 3229 1968 3293 Paulus
1991 3235 1995 3271 θ

2240 3233 2474 3315 Παῦλος,
2522 3232 2708 3299 δοῦλος
2770 3234 2952 3302 Ἰησοῦ
2982 3243 3213 3316 Χριστοῦ
3257 3236 3461 3306 κλητὸς
3495 3229 3790 3312 ἀπόστολος,

444 3320 697 3384 «Paulus
720 3338 928 3383 servus
940 3320 1082 3383 Jesu
1101 3320 1347 3401 Christi,
1383 3330 1627 3382 vocatus
1648 3319 1997 3400 apostolus,:

2236 3325 2541 3401 νωρισμένος
2574 3326 2647 3389 εἷς
2678 3323 3005 3403 Εὖαγγέλιον
3052 3333 3206 3402 Θεοῦ,
3259 3325 3288 3382 θ
3345 3330 3789 3408 προεπηγγείλατο

436 3422 716 3493 gregatus
735 3414 807 3476 ad
836 3412 1218 3492 Evangelium
1248 3412 1545 3493 Dei,quod
1574 3417 1739 3492 prius
1760 3420 1989 3473 annunt

2232 3415 2256 3470 ‘1
2316 3420 2421 3471 τῶν
2476 3421 2769 3495 προφητῶν
2831 3417 3003 3472 αῦτῶν
3061 3415 3116 3472 ἐν
3171 3423 3412 3497 Γραφαϊς
3476 3417 3654 3497 ἁγίαις
3683 3422 3785 3496 περὶ

439 3512 564 3564 tum
591 3504 700 3564 fuit
721 3521 830 3584 per
855 3505 1184 3584 prephetas
1228 3520 1370 3563 suos
1394 3503 1454 3563 in
1499 3500 1834 3582 Scripturis
1865 3519 1992 3564 sant

2238 3510 2262 3560 υ
2323 3504 2445 3562 Υἶοῦ
2496 3508 2652 3563 αῦτοῦ
2707 3510 2799 3560 τοῦ
2857 3503 3148 3581 γενομένου
3204 3504 3264 3563 ἑκ
3307 3505 3620 3584 σπέρματος
3660 3504 3791 3564 Δαϐἰδ

437 3591 514 3655 de
534 3592 684 3655 Filio
708 3594 949 3673 δυο,ᾳυὶ
974 3594 1164 3656 factus
1187 3592 1294 3653 fuit
1318 3610 1387 3653 ex
1413 3593 1642 3654 semine
1667 3589 1852 3653 David
1874 3608 1990 3652 sect

2232 3594 2305 3649 ιτὰ
2350 3593 2521 3672 σάρκα
2576 3593 2671 3651 τοῦ
2728 3594 3025 3673 ὁρισθέντος
3095 3597 3220 3652 Υίοῦ
3296 3598 3430 3652 Θεοῦ
3484 3595 3541 3654 ἑν
3598 3595 3785 3673 δυνάμει

433 3681 576 3744 dum
604 3699 870 3743 carnem:
899 3682 1181 3743 definitus
1206 3679 1391 3742 Filius
1410 3680 1517 3742 Dei
1542 3679 1601 3739 in
1621 3678 1986 3754 virtute,secu

2230 3683 2304 3739 ιτὰ
2363 3682 2670 3756 Πνεύματος
2733 3683 3036 3762 ἁγιωσύνης
3112 3683 3165 3750 ἐξ
3224 3683 3572 3752 ἀναστάσεως
3614 3693 3783 3765 νεκρῶν

437 3771 580 3832 dum
612 3770 903 3850 Spiritum
957 3768 1477 3845 sanctiﬁcationis,
1510 3787 1581 3830 ex
1636 3767 1990 3831 resurrectic

2226 3778 2346 3840 πισοῦ
2404 3778 2630 3849 Χριστοῦ
2673 3779 2764 3829 τοῦ
2813 3774 2997 3853 Κυρίου
3039 3775 3197 3848 ἡμῶν
3232 3789 3247 3805 ⁶
3312 3798 3339 3829 iv
3392 3772 3449 3841 ὃς
3510 3778 3597 3834 καὶ
3652 3776 3779 3834 πάλιν

436 3871 811 3923 mortuorum
858 3859 1003 3924 Jesu
1053 3859 1274 3923 Christi
1314 3861 1550 3922 Domini
1577 3857 1765 3919 nostri
1787 3856 1862 3921 ³⁸.
1902 3882 1926 3915 ι
1967 3859 1989 3931 (

2229 3860 2608 3941 σωπικώτερόν
2651 3879 2855 3943 φησιν’
2912 3883 2936 3918 ε
2988 3859 3213 3929 Ἐπειδῆ
3258 3863 3359 3943 γὰρ
3420 3861 3490 3921 δι’
3533 3865 3778 3944 ἀνθρώπου

439 3950 621 4012 etiam
645 3968 852 4013 rursus
873 3950 1022 4013 dicit
1045 3951 1422 4013 reverentius
1441 3946 1491 3991 εί
1519 3970 1533 4006 :
1566 3947 1894 4021 «Quoniam
1921 3966 1992 4010 en

2250 3950 2497 4030 θάνατος,
2561 3951 2651 4007 καὶ
2703 3948 2771 4006 δι’
2824 3949 3100 4027 ἀνθρώπου
3151 3951 3442 4019 ἀνάστασις
3491 3960 3684 4034 νεκρῶν
3713 3974 3725 3988 ·
3753 3977 3773 4008 ι

436 4057 547 4121 per
568 4040 875 4103 hominem
925 4059 1109 4117 mors,
1144 4047 1205 4101 et
1235 4056 1342 4119 per
1372 4037 1680 4100 hominem
1715 4054 1989 4100 resurrec

2224 4040 2255 4096 ιί
2282 4046 2448 4096 ταῦτα
2478 4039 2784 4117 ἑρμηνεύων
2824 4040 3063 4120 ἒπιφέρει
3101 4056 3116 4071 ⁶
3158 4063 3182 4095 ιι
3220 4038 3431 4120 ’Ὥσπερ
3467 4042 3568 4123 γὰρ
3621 4045 3673 4100 ιν
3720 4048 3777 4115 τῷ

440 4139 885 4208 mortuerum;»
905 4140 962 4192 et
982 4131 1109 4192 haec
1129 4126 1885 4209 interpretans,subjungit:
1901 4129 1993 4201 (οι

2223 4125 2341 4201 ,δὰμ
2373 4127 2570 4192 πάντες
2604 4126 3050 4205 ἀποθνήσκουτιν,
3086 4130 3253 4192 οὕτως
3285 4132 3371 4187 καὶ
3406 4129 3463 4186 ἐν
3494 4139 3570 4207 τῷ
3599 4134 3776 4208 Χριστῷ

439 4218 621 4281 modo
651 4221 812 4281 enim
845 4220 908 4280 in
939 4220 1128 4282 Adam
1161 4236 1375 4281 omnes
1408 4218 1772 4296 moriuntur,
1794 4217 1874 4277 ita
1904 4217 1992 4279 ειίε

2221 4218 2363 4282 ίντες
2411 4218 2933 4290 ζωοποιηθήσονται,
2995 4242 3022 4275 ι
3087 4228 3263 4277 Ταυτα
3317 4219 3492 4277 τοίνυν
3542 4219 3774 4287 ἀποδεξό-

435 4309 497 4372 in
530 4311 668 4372 Jesu
727 4308 969 4372 Christo
1027 4326 1240 4371 omnes
1286 4305 1745 4369 vivificabuntur
1770 4304 1850 4369 εί.
1884 4330 1908 4362 ι
1944 4303 1988 4366 Η

2218 4329 2326 4373 avoc
2370 4309 2398 4364 6
2456 4308 2723 4387 μακάριος
2779 4308 2834 4364 ἰν
2887 4307 3222 4389 πληροφορίᾳ
3265 4311 3425 4389 θεϊκῇ
3483 4311 3573 4367 καὶ
3602 4309 3771 4367 συνέσει

436 4418 579 4479 ergo
612 4417 746 4461 cum
780 4399 1023 4478 legisset
1053 4408 1108 4461 et
1140 4396 1488 4460 admisisset
1517 4396 1751 4469 beatus,
1786 4395 1847 4456 in
1881 4395 1989 4457 divi

2219 4395 2503 4471 νεύματικῇ
2547 4383 2862 4472 συνθέμενος
2908 4383 3092 4476 ἀπείλει.
3139 4383 3194 4452 ἓν
3260 4383 3665 4478 Ῥουιρινιαναϊς.
3717 4399 3772 4457 05

436 4488 845 4551 satisfactione
862 4498 917 4550 et
932 4487 1194 4569 spiritali
1209 4486 1609 4565 intelligentia
1627 4484 1989 4559 assensus,al

2217 4487 2278 4563 ρὴ
2334 4486 2422 4543 οὖν
2466 4488 2607 4562 ἡμᾶς
2656 4486 2711 4553 ἒξ
2758 4487 2974 4567 ἀγνοίας
3008 4485 3275 4558 λοιδορεῖν
3304 4486 3341 4557 ἢ
3372 4485 3667 4547 διαϐάλλειν
3695 4488 3770 4554 τὴν

434 4577 824 4641 Buﬂiuianas.
850 4578 977 4641 Non
1005 4585 1244 4660 oportet
1265 4576 1396 4656 (8“)
1423 4583 1625 4665 autem
1655 4593 1764 4636 uos
1791 4574 1987 4665 exigi

2316 4599 2322 4628 ι
2381 4575 2596 4634 σύνοδον
2653 4577 2876 4652 ταύτην,
2940 4576 3079 4633 ἀλλὰ
3136 4575 3343 4652 μᾶλλον
3395 4580 3460 4635 τὸ
3509 4579 3661 4660 σαφὲς
3701 4576 3772 4633 καί
3861 4640 3869 4665 ,

433 4670 628 4731 rautia
690 4667 1025 4730 maledictis
1077 4665 1357 4729 insectari
1411 4673 1510 4725 aut
1540 4661 1897 4725 calumniari
1929 4663 1986 4724 ha

1709 4661 1897 4723 nniari
1929 4663 2084 4724 hanc
2166 4663 2362 4733 ἀληθὲς
2392 4665 2846 4745 ἒπιγινώσκοντας
2877 4664 3262 4748 ἀποδέχεσθαι.

436 4771 705 4823 sanctam
740 4756 1029 4838 synodum
1060 4778 1076 4835 ;
1109 4755 1217 4818 sed
1253 4754 1475 4835 potius,
1499 4753 1662 4834 quod
1698 4751 2080 4815 manifestum

437 4856 527 4910 est
558 4854 614 4907 et
644 4862 848 4908 verum
884 4853 1301 4925 agnoscentes.
1338 4841 1677 4903 admittere.

514 4932 716 4999 XLIII.
751 4921 955 5017 Itaque
1005 4954 1138 4997 cum
1198 4930 1391 4994 sancti
1440 4927 1683 5010 quidem
1716 4930 1924 4992 Patres
1954 4929 2067 4991 luet

2249 4921 2381 4996 MP'.
2428 4936 2545 4992 Τῶν
2589 4933 2688 5009 μὲν
2731 4931 2820 4991 οὖν
2860 4932 3045 5011 ἁγίων.
3094 4932 3346 5012 Πατέρων
3405 4935 3687 5017 συμφώνως
3722 4927 3763 4989 ἐν

435 5024 891 5090 concorditerin
917 5025 1142 5106 synodo
1166 5021 1575 5085 declarassem
1598 5027 1658 5080 et
1679 5018 1986 5081 definiisse

2204 5022 2232 5092 ἦ
2281 5021 2481 5098 συνόδῳ
2570 5030 2729 5080 ταῦτα
2802 5020 3275 5103 διασαφησάντων,
3340 5026 3428 5082 καὶ
3486 5025 3757 5097 ὃρισᾶντων,

436 5126 493 5180 et
513 5114 931 5196 unusquisque
953 5114 1025 5177 ad
1050 5132 1192 5177 suos
1212 5107 1846 5183 reverteretur,noluit
1873 5109 1984 5171 bea

2205 5114 2252 5169 αὶ
2294 5112 2520 5169 ἑκάστου
2576 5112 2664 5169 ἐπὶ
2721 5113 2787 5169 τὰ
2843 5112 3018 5169 οἰκεῖα
3065 5109 3450 5195 ἐπιδημοῦντος,
3485 5115 3587 5194 οὔχ
3614 5111 3758 5196 εἵλετο

432 5193 769 5274 Auxentius
790 5193 991 5268 redire
1009 5205 1084 5268 ad
1103 5203 1364 5286 priorem
1389 5197 1796 5273 montem,sed
1822 5200 1882 5260 in
1894 5198 1985 5261 alii

2250 5202 2512 5278 μακάριος
2556 5202 2632 5265 εἷς
2675 5202 2737 5257 τὸ
2780 5200 3037 5280 πρότερον
3084 5193 3443 5281 ὑποστρέψαιγ
3471 5193 3610 5283 ὄρος,
3663 5193 3754 5256 ἀλλ’

432 5297 800 5381 asperiorem
825 5302 884 5357 et
904 5289 1557 5375 altiorem,propiorem
1581 5295 1780 5352 autem
1794 5288 1985 5353 Ruftin

2201 5295 2237 5357 ἰς
2292 5289 2473 5368 ἕτερον
2502 5291 2830 5370 τραχύτερον
2860 5289 2952 5347 καὶ
2991 5286 3327 5372 ὑψηλότερον
3360 5310 3379 5331 ο
3428 5291 3754 5369 πλησιώτιρον

476 5457 569 5504 ’ίθ
591 5457 765 5525 Joan.
800 5478 843 5539 ι,
881 5457 939 5521 1.
1027 5451 1083 5498 ¹⁹
1112 5452 1316 5516 Matth.
1350 5468 1393 5533 ι,
1428 5451 1487 5512 1.
1570 5447 1636 5503 ³ο
1663 5450 1842 5517 Rom.
1877 5468 1919 5529 ι,
1954 5451 2029 5514 1¹

1471 5495 1487 5512 .
1570 5447 1636 5503 ³ο
1663 5450 1842 5517 Rom.
1877 5468 1919 5529 ι,
1954 5451 1984 5514 1
2016 5453 2067 5500 εί
2096 5450 2126 5518 I
2153 5452 2293 5519 Cor.
2324 5467 2424 5530 xv,
2455 5450 2557 5515 24.
2642 5447 2698 5493 ³⁸
2727 5444 2882 5515 Ibid.
2915 5447 3015 5514 22.

518 5612 649 5695 (8")
689 5636 711 5671 σ
747 5610 912 5677 Abiit
937 5612 1343 5689 Rufﬁntanas,
1375 5610 1589 5674 dicens
1622 5631 1640 5673 :
1674 5611 1807 5678 Non
1837 5623 2101 5701 Oportet,
2135 5640 2166 5676 ι
2202 5621 2320 5682 etc.
2351 5614 2568 5703 Barea.
